1916 3075
251 2710 258 2738 ι

243 105 295 137 483

280 160 325 187 XI.
345 160 382 186 Ex
399 156 637 190 incircumsr-ripto
653 158 679 181 et
697 151 915 184 circumscripto,
927 156 943 175 ο
954 147 1028 178 boni,
1045 151 1067 178 Α

246 213 300 232 non
317 206 343 231 lit
360 203 460 237 aliquid
472 202 544 237 quod
564 201 598 227 sit
615 196 801 225 tantummodo
825 192 1029 222 incircumscri-

247 257 321 286 ptnm
337 259 344 277 :
361 258 415 284 quo
430 249 509 275 modo
525 255 557 274 ex
582 245 722 272 divinitate
740 247 766 269 et
792 241 960 268 humanitate
977 244 1029 263 non

247 298 277 323 Iit
295 296 342 330 qui
357 296 393 322 sit
411 291 597 320 tantummodo
613 290 694 317 Deus.
720 288 747 315 Si
772 287 842 314 enim
868 290 971 319 natura}
986 291 1030 310 se-

247 328 367 369 cundum
381 339 548 374 hypostasim
578 337 714 367 aduuatte,
736 341 788 360 non
814 336 877 360 sunt
904 331 987 357 altera
1004 328 1031 354 in

248 386 362 413 alteram
380 389 499 414 mutatae,
529 386 606 409 certe
629 388 679 407 nec
690 377 885 414 appellationes
909 374 1032 410 proprias

249 432 470 458 commutat-unt:
488 428 533 455 sed
551 432 610 461 post
625 427 710 460 ipsam
728 425 753 451 in
769 429 883 458 persona
900 428 952 448 una
965 427 1032 447 con-

247 475 416 509 junctionem
443 476 551 499 servant
570 476 596 498 et
627 478 716 497 rerum
729 474 755 496 et
777 468 919 495 nominum
934 466 1032 493 distin-

249 521 379 549 ctionem.
397 519 480 553 Igitur
496 518 529 544 ad
545 517 617 543 hunc
630 516 740 542 modum
756 523 785 541 se
803 514 905 540 habent
919 517 945 538 et
959 512 1032 545 ipsa-

251 574 311 593 rum
325 564 511 598 proprietates,
527 569 614 596 neque
637 566 740 588 mutata
755 564 796 586 est
819 558 950 585 naturalis
965 557 1032 584 isla—

251 619 311 638 rum
328 610 458 644 qualitas,
477 615 566 642 neqne
581 606 723 633 nominum
748 604 947 631 distinctionem
963 601 1034 628 arni-

252 659 357 686 serunt,
376 654 420 681 sed
439 656 549 680 manent
564 652 589 678 in
606 651 716 678 Christo
730 650 839 676 illibatae
856 657 862 675 :
881 656 911 675 ex
936 648 1034 682 quibus

252 705 279 729 et
291 699 516 733 circumscriptus
530 703 557 724 et
575 696 831 730 incircumscriptus
854 698 895 721 est
911 701 1034 728 prorsus,

253 744 452 781 quantumlibet
479 750 538 772 vos.
557 749 573 767 0
593 740 679 775 impii,
695 738 824 766 renuatis.

287 790 346 818 XII.
366 794 380 813 ι)
394 789 435 819 Si,
449 787 596 814 utdirinus
610 783 776 819 hpiphanins
799 783 846 814 ait,
867 788 1036 816 quaecunque

834 95 863 124 S.
883 91 1079 123 TI‘IEODORI
1100 89 1273 120 STUDIT/E

1812 85 1866 115 484

1117 147 1169 171 lA'.
1200 143 1256 176 Ἐξ
1276 142 1480 177 ἀπεριγράπτον
1507 140 1554 168 καὶ
1583 140 1790 176 περιγραπτοῦ,
1815 141 1867 166 οὐκ

1081 191 1288 226 ἀπερίγραπτον
1303 189 1394 224 μόνον,
1411 184 1433 214 ὦ
1447 185 1518 214 οὗτοι
1529 195 1535 202 ·
1555 187 1592 218 ὡς
1607 187 1667 213 οὐδὲ
1685 189 1716 212 ἐκ
1737 186 1867 220 θεότητος

1082 237 1128 263 καὶ
1142 235 1350 270 ἀνορωπότητος
1369 233 1435 264 Θεὸς
1457 233 1545 267 μόνος.
1564 233 1594 258 Et
1611 232 1665 267 γὰρ
1679 232 1706 257 αἱ
1722 231 1818 265 φύσεις
1838 232 1868 257 αι

1082 282 1221 308 ὲνωθεῖοαι
1245 280 1305 306 καθ’
1331 279 1489 308 ὑπόστασιν,
1515 277 1564 312 τὴν
1585 277 1625 308 εἰς
1647 277 1763 311 ἀλ).ἠ).ας
1782 285 1868 310 μετα-

1083 327 1162 362 ϐολὴν
1175 327 1204 352 οὐ
1219 325 1390 361 προσήκαντο
1403 333 1410 340 ·
1429 323 1492 349 οὔτε
1514 323 1565 358 μὴν
1586 323 1635 353 τὰς
1652 323 1754 353 οἰκείας
1780 331 1869 357 προσ-

1082 373 1196 407 ηγορίας
1210 371 1360 406 ἠμείψαντο
1371 378 1377 384 ·
1394 369 1510 401 σώζουσι
1527 369 1555 394 δὲ
1576 368 1606 394 τὸ
1622 368 1714 394 δυῖκδν
1727 368 1774 394 καὶ
1797 369 1870 402 μετά

1083 419 1132 454 τὴν
1149 418 1246 444 ἕνωσιν
1263 419 1291 444 ὲν
1315 415 1451 451 μοναδικῷ
1475 414 1633 450 προσώπῳ,
1653 414 1700 440 καὶ
1719 415 1775 444 τοῖς
1795 413 1869 447 πρά-

1083 472 1170 499 γμασι
1193 464 1240 489 καὶ
1256 463 1311 492 τοῖς
1325 462 1452 496 ὀνόμασιν
1463 469 1470 476 ·
1486 461 1539 495 ἄρα
1565 460 1611 486 καὶ
1628 460 1656 485 αἱ
1678 459 1780 485 τούτων
1803 458 1870 484 ἰδιό-

1083 518 1164 543 τητες
1180 508 1310 538 ὡσαύτως
1324 507 1426 542 έχουσι,
1445 506 1482 540 μὴ
1499 505 1709 540 μεταϐληθεῖσαι
1723 505 1772 538 τῆς
1787 513 1870 537 φυσι-

1083 556 1134 590 κῆς
1151 555 1308 589 ποιότητος·
1335 553 1402 588 μηδὲ
1426 553 1474 587 τὴν
1496 552 1589 586 δυῖκὴν
1609 551 1756 585 ὀνομασίαν
1771 550 1872 576 ἀπολέ-

1086 609 1181 628 σασαι·
1209 601 1318 635 μένουσι
1342 599 1370 625 δὲ
1394 599 1422 624 ὲν
1447 597 1558 632 Χριστῷ
1582 596 1733 630 ἀλώῦητοι·
1759 595 1807 629 ἀφ’
1832 590 1872 621 ὧν

1085 645 1273 682 περιγραπτός
1294 653 1324 670 τε
1348 644 1396 670 καὶ
1415 643 1622 678 ὰπερίγραπτος
1635 642 1871 676 ὁμολογουμένως.

1086 693 1136 720 κᾶν
1162 692 1199 727 μὴ
1212 691 1354 726 βούλησθε,
1367 689 1531 721 ἀθεῖξοντες,

1124 781 1172 809 IB'.
1195 782 1237 814 Εἰ,
1253 781 1288 813 ὥς
1306 789 1388 816 φησιν
1405 781 1418 806 ὁ
1433 779 1505 810 θεῖος
1527 779 1696 813 Ἑπιῳάνιος,
1708 779 1758 804 ὅσα
1775 778 1805 804 ἐν
1824 777 1874 804 ἀν-

254 840 318 862 sunt
355 835 382 860 in
426 832 536 859 homine
575 831 655 856 homo
687 832 773 855 stitit:
804 834 835 853 ac
878 825 1038 859 Uuigenilus

1097 827 1189 863 Ιρώπῳ
1205 827 1252 853 καὶ
1267 827 1281 852 ὁ
1302 826 1443 862 ἄνθρωπος
1454 833 1461 840 ·
1481 825 1527 851 καὶ
1540 825 1566 851 εἴ
1579 825 1605 860 τί
1628 825 1700 851 ἐστιν
1717 823 1875 858 ἄνθρωπος.

254 880 402 907 adveniens
429 876 577 910 assumpsit
621 881 702 900 omne.
732 873 757 900 id
779 872 851 906 quod
877 872 957 899 homo
974 873 1036 897 est:

255 931 285 952 ut
311 926 338 952 in
362 923 470 951 homine
500 921 619 956 perfecto
645 919 738 946 omnia
769 920 848 952 plane
877 925 938 952 quae
966 917 1039 944 salu-

256 972 290 998 tis
302 974 375 1002 sunt,
393 968 464 995 Deus
481 975 543 994 cum
559 966 603 996 sit,
629 966 781 999 perliceret,
803 963 869 990 nihil
893 963 951 997 ejus
967 961 1039 997 quod

257 1015 338 1041 homo
357 1017 398 1040 est
413 1011 604 1045 derelinquens
618 1018 624 1036 :
645 1016 741 1035 carens
759 1015 850 1034 autem
866 1006 1039 1034 circumscri—

255 1059 358 1094 ptione,
383 1056 576 1092 dereliquisset
613 1054 726 1089 aliquid,
766 1061 816 1080 nec
853 1052 1041 1088 qualecunque

257 1111 347 1138 porro.
364 1103 411 1130 sed
428 1102 501 1137 quod
516 1100 656 1136 proprium
683 1099 802 1126 maxime
826 1103 853 1125 et.
871 1098 1038 1133 prmcipuum

256 1155 307 1182 est,
325 1149 458 1184 siquidem
475 1148 562 1182 prima
592 1145 710 1174 hominis
728 1145 879 1180 proprietas
898 1148 939 1170 est
964 1149 1043 1177 posse

257 1202 387 1229 corporea
403 1193 490 1220 forma
521 1191 710 1225 repra’senlari
724 1198 731 1216 :
748 1190 874 1224 quisquis
901 1188 1041 1215 Christum

260 1239 370 1274 [igurari
385 1243 466 1269 vetat,
485 1245 501 1264 ο
518 1237 578 1270 viri,
605 1244 705 1267 nonne,
727 1236 797 1263 sicut
833 1235 903 1261 idem
927 1234 1043 1260 Sanctus

259 1284 398 1312 tricesimo
414 1283 533 1310 secundo
554 1283 587 1309 de
603 1281 757 1308 lla-resibus
769 1280 858 1314 capite
874 1279 1043 1306 demonstra-

258 1331 307 1362 vit,
325 1337 470 1364 germanus
483 1333 523 1355 est
539 1328 597 1360 ejus
618 1327 664 1362 qui
692 1326 792 1353 Christi
824 1332 936 1352 carnem
955 1324 1041 1350 abne-

259 1375 326 1410 gat?
346 1382 426 1409 quem
446 1374 542 1400 beatus
559 1379 668 1407 quoque
696 1371 866 1405 Sophronias
884 1370 912 1396 in
925 1369 983 1396 suis
1000 1376 1044 1404 sy—

259 1421 367 1448 nodivis
386 1419 632 1446 anathematizats.

296 1466 372 1493 Xlll.
393 1465 428 1493 lis
455 1465 500 1499 qui
523 1463 694 1499 pervicacius
719 1462 919 1495 contradicunt,
942 1460 1045 1495 quique

261 1512 414 1544 Christum,
435 1518 496 1537 cum
511 1509 638 1544 pingitur,
655 1509 681 1535 in
696 1509 763 1535 duos
781 1507 851 1534 lilios
863 1507 939 1534 aiunt
949 1505 1044 1536 dividi,

262 1558 333 1585 sicut
348 1556 438 1583 divisit
456 1555 609 1587 Nestorins,
639 1554 855 1588 respondendum
868 1558 911 1579 est
935 1552 1048 1578 minime

263 1603 289 1630 id
306 1610 365 1630 esse
372 1602 507 1629 Christum
518 1601 647 1633 dividere,
662 1600 708 1627 sed
724 1599 813 1634 potius
824 1605 885 1633 (line
897 1597 1047 1624 rectissima

262 1653 327 1676 sunt
340 1654 444 1681 sapere.
461 1645 527 1672 Nam
544 1650 574 1672 ut
592 1645 618 1672 in
639 1644 785 1678 theologia,
818 1643 843 1670 id
866 1642 938 1677 quod
954 1648 1047 1676 perso-

262 1700 360 1720 narum
374 1691 512 1727 proprium
534 1695 597 1723 est,
627 1689 740 1716 minime
764 1688 861 1715 dividit
883 1687 1048 1722 singularem

262 1738 412 1766 divinitatis
426 1742 562 1768 naturam,
584 1736 630 1763 sed
645 1736 716 1770 quod
732 1739 857 1762 naturam
872 1741 1048 1761 communem

264 1785 357 1815 habet,
377 1783 527 1810 discretum
544 1785 586 1808 est
599 1781 722 1815 personis
737 1789 743 1806 :
760 1781 795 1807 ita
818 1781 846 1806 in
858 1778 1021 1807 .(economia
1036 1786 1051 1805 e

264 1827 415 1858 contrario,
433 1825 506 1860 quod
523 1829 682 1851 naturarum
697 1823 837 1857 proprium
853 1826 894 1848 est
907 1828 960 1848 non
980 1820 1050 1847 divi-

265 1868 543 1906 ditsingularemDei
559 1870 637 1898 Verhi
653 1876 809 1903 personant,
830 1868 875 1895 sed
893 1866 967 1901 quod
989 1874 1051 1900 per-

267 1927 362 1947 sonam
377 1925 551 1946 contmunem
577 1916 670 1947 habet,
696 1914 801 1941 naturis
818 1912 967 1940 discretum
999 1916 1050 1939 est.

267 1965 295 1992 Si
309 1970 399 1992 autern
419 1964 444 1990 in
456 1961 724 1995 circumscriptione,
744 1960 770 1986 id
788 1959 860 1993 quod
881 1963 984 1985 natura!
1002 1957 1051 1984 hu-

268 2017 355 2036 manae
374 2008 511 2043 proprium
538 2010 591 2037 est,
609 2005 756 2032 induceret
785 2003 948 2030 divisionem
964 2012 970 2030 :
989 2009 1053 2037 ergo

267 2060 294 2082 et
309 2054 336 2081 iu
350 2054 419 2084 istis,
437 2061 497 2087 quae
510 2056 573 2079 sunt
592 2051 748 2086 ingenitum,
769 2050 898 2084 genitum,
923 2052 949 2075 et
964 2055 1055 2082 proce-

267 2100 343 2131 dam,
359 2100 384 2126 id
398 2100 470 2133 quod
481 2098 562 2125 trium
584 2103 762 2132 personarum
780 2094 924 2130 proprium
940 2097 993 2125 est,
1004 2101 1054 2119 na-

1088 873 1173 900 ταῦτα
1187 872 1273 898 ἐλθὼν
1289 871 1417 898 ἀνέλαϐεν
1434 872 1448 897 ὁ
1468 871 1641 905 Μονογενής·
1667 870 1710 896 ἵνα
1730 870 1759 894 ἂν
1773 869 1812 903 τῷ
1830 877 1877 894 τε-

1088 919 1166 950 λείως
1180 919 1315 953 ἀνθρώπῳ
1331 918 1439 947 τελείως
1452 917 1482 943 τὸ
1496 917 1550 943 πᾶν
1563 917 1612 951 τῆς
1632 915 1770 950 σωτηρίας
1781 935 1789 946 ,
1809 914 1880 944 Θεὸς

1089 965 1136 997 ὢν,
1161 965 1362 999 ἀπεργάσηται,
1384 963 1467 997 μηδὲν
1482 961 1632 995 ἀπο).είψας
1647 960 1693 987 τοῦ
1709 959 1856 995 ἀνθρώπου
1869 967 1876 973 '

1089 1011 1119 1037 οὺ
1142 1010 1379 1044 περιγραφόμενος
1401 1008 1429 1033 δὲ
1447 1007 1572 1041 σώματι,
1599 1005 1774 1032 ἀπολείποιτο
1793 1005 1823 1031 οὑ
1846 1004 1879 1030 τὸ

1090 1056 1169 1091 τυχὸν
1185 1055 1288 1087 ἁπλῶς,
1305 1054 1362 1080 ἀλλ’
1378 1053 1443 1080 αὐτὸ
1458 1053 1488 1078 τὸ
1504 1052 1606 1087 Κύριον
1624 1052 1670 1078 καὶ
1683 1049 1878 1085 καιριώτατα-λ·

1091 1103 1170 1137 εἴπερ
1188 1101 1342 1135 πρώτιστον
1360 1099 1457 1133 ἰδίωμα
1473 1097 1617 1133 ἀνθρώπου
1629 1117 1636 1128 ,
1655 1098 1671 1132 ἠ
1692 1096 1738 1122 τοῦ
1754 1103 1882 1130 σωματι-

1092 1147 1141 1174 κοῦ
1159 1146 1332 1181 χαρακτῆρος
1347 1144 1513 1178 ὲξεικόνησις
1524 1152 1531 1159 ⁸
1556 1141 1609 1177 ἆρα
1619 1142 1667 1176 οὐχ
1678 1139 1756 1171 οὗτος
1770 1142 1882 1173 ἀπαγον

1093 1192 1166 1228 ρεύει
1179 1191 1296 1226 Χριστὸν
1312 1189 1509 1225 ἐγγράφεσθαι,
1524 1185 1545 1214 ὦ
1563 1188 1668 1223 ἄνδρες,
1681 1187 1737 1213 ἀλλ’
1750 1187 1765 1212 ο
1780 1185 1882 1211 τούτου

1092 1238 1236 1272 ὁμώνυμος
1251 1236 1300 1271 τὴν
1317 1236 1407 1270 σάρκα
1421 1234 1538 1269 Χριστοῦ
1553 1233 1672 1268 ἁπαρνού
1678 1241 1768 1267 μενος,
1786 1231 1884 1262 καθὼς

1093 1281 1174 1312 αὐτὸς
1194 1282 1207 1306 ὁ
1223 1280 1299 1313 ἆγιος
1318 1281 1346 1306 ὲν
1363 1278 1400 1313 τῷ
1420 1279 1484 1314 περὶ
1497 1280 1629 1316 αἱρέσεων
1643 1276 1798 1312 τριακοστῷ
1818 1276 1885 1302 δευ-

1093 1327 1164 1361 τέρῳ
1178 1326 1318 1360 κεφαλαίῳ
1335 1325 1502 1358 δεδήλωκεν;
1528 1324 1557 1349 ὃν
1582 1323 1629 1349 καὶ
1650 1323 1678 1348 ἐν
1700 1323 1756 1352 τοῖς
1779 1321 1884 1347 ἑαυτοῦ

1095 1372 1244 1402 συνοδικοῖς
1259 1370 1453 1404 ἁναθεματῐζει
1466 1370 1478 1395 ὁ
1495 1368 1631 1403 μακάριος
1646 1366 1809 1402 Σωφρόνιος.

1131 1462 1179 1488 ll".
1202 1461 1263 1492 Τοῖς
1278 1459 1464 1494 ἐνισταμένοις
1480 1456 1706 1492 φιλονεικότερον,
1722 1455 1769 1482 καὶ
1785 1454 1888 1488 λέγοιμ

1098 1517 1140 1533 σιν
1166 1507 1202 1538 ὼς
1224 1508 1252 1532 ὲν
1277 1505 1315 1540 τῷ
1340 1505 1522 1540 περιγράφειν
1539 1504 1584 1530 τὸν
1605 1502 1738 1536 Χριστὸν,
1755 1501 1889 1535 χωρίζειν

1097 1553 1178 1580 αὐτόν
1197 1553 1269 1578 ἐστιν
1285 1552 1324 1583 εἰς
1338 1551 1384 1577 δύο
1398 1551 1478 1582 Υἱοϋς
1493 1549 1562 1576 κατὰ
1577 1549 1735 1583 Νεστόριον,
1767 1548 1890 1581 ἀποκριο

1098 1599 1168 1631 τέον,
1183 1598 1219 1629 ὡς
1235 1598 1266 1623 οὺ
1283 1596 1410 1632 χωρίζειν
1426 1597 1513 1628 ἐστὶν,
1531 1595 1599 1621 ἀλλὰ
1621 1595 1666 1620 καὶ
1689 1594 1750 1620 λίαν
1774 1594 1891 1628 φρονεῖν

1098 1645 1240 1680 ὀρθότατα.
1261 1642 1304 1674 Ὠς
1319 1642 1373 1677 γὰρ
1390 1643 1436 1668 ἐπὶ
1449 1642 1498 1676 τῆς
1513 1640 1652 1674 θεολογίας
1670 1641 1700 1666 τὸ
1716 1640 1818 1671 ἰδιάζον
1829 1641 1892 1666 τῶν

1100 1691 1274 1717 ὑποστάσεων
1287 1689 1317 1716 οὺ
1334 1688 1474 1723 διατέμνει
1486 1688 1535 1722 τὴν
1552 1687 1616 1721 μίαν
1634 1687 1715 1720 φύσιν
1729 1687 1778 1719 τῆς
1792 1686 1893 1721 θεότη-

1099 1745 1157 1768 τος,
1190 1735 1257 1762 ἀλλὰ
1274 1734 1419 1762 κοινωνοῦν
1435 1733 1558 1769 φυσικῶς
1581 1733 1752 1767 διακέκριται
1769 1731 1895 1757 ὑποστα-

1100 1781 1183 1811 τικῶς
1195 1788 1201 1796 ·
1210 1780 1296 1811 οὕτως
1307 1780 1354 1805 ἐπὶ
1366 1780 1414 1814 τῆς
1428 1778 1582 1812 οἰκονομίας
1597 1777 1725 1812 ἔμπαλιν,
1736 1777 1766 1802 τὸ
1783 1776 1893 1807 ἰδιάζον

1100 1828 1154 1854 τῶν
1170 1827 1288 1860 φύσεων,
1304 1825 1336 1852 οὐ
1351 1825 1492 1859 διατέμνει
1506 1824 1554 1858 τὴν
1573 1823 1637 1857 μίαν
1651 1821 1698 1848 τοῦ
1717 1822 1784 1848 Θεοῦ
1800 1822 1893 1855 Λόγου

1103 1872 1252 1898 ὑπόστασιν
1263 1879 1270 1886 '
1287 1870 1355 1897 ἀλλὰ
1369 1868 1514 1896 κοινωνοῦν
1531 1866 1732 1897 ὑποστατικῶς,
1749 1866 1896 1901 διακεχρι-

1101 1926 1146 1944 ται
1163 1916 1296 1951 φυσικῶς.
1321 1917 1352 1942 El
1367 1915 1395 1942 δὲ
1420 1914 1524 1950 μερίζοι
1551 1915 1580 1940 ὲν
1601 1914 1639 1949 τῷ
1665 1913 1894 1947 περιγράφεσθαι

1103 1964 1170 1998 ὅπερ
1185 1963 1258 1989 ἐστὶν
1281 1961 1379 1994 ἰδιάζον
1392 1962 1440 1996 τῆς
1456 1959 1628 1995 ἀνθρωπίνης
1644 1959 1763 1992 φύσεως,
1783 1959 1896 1993 μερίζοι

1103 2010 1158 2044 ἄρα
1173 2009 1252 2035 κάκεῖ
1266 2008 1314 2042 τὴν
1334 2007 1397 2041 μίαν
1412 2006 1492 2040 φύσιν
1521 2006 1551 2031 τὸ
1565 2005 1742 2038 ἀγέννητον,
1760 2004 1808 2029 καὶ
1824 2012 1897 2036 γει·-

1104 2054 1208 2088 γητόν,
1236 2055 1283 2080 καὶ
1307 2052 1499 2086 ἐκπορευτὸν,
1525 2052 1593 2086 ὅπερ
1618 2051 1692 2076 ἐστὶν
1719 2049 1821 2079 ἰδιάζον
1839 2050 1896 2074 τῶν

1107 2100 1191 2136 τριῶν
1206 2099 1397 2126 ὺποστάσεων·
1414 2097 1482 2123 ἀλλὰ
1504 2097 1556 2132 μὴν
1572 2097 1602 2122 οὺ
1620 2094 1736 2130 μερίζει,
1758 2094 1812 2120 xiv
1832 2095 1896 2120 ἑτε-

269 2151 358 2173 turam
375 2145 536 2179 singularem
546 2141 777 2176 divideret_Atqui
791 2149 844 2167 non
865 2138 959 2166 dividit
973 2142 1044 2166 certe

1111 2146 1191 2181 ροίως
1208 2145 1256 2180 ἔχῃ
1272 2144 1338 2179 πρὸς
1349 2143 1460 2179 ἄλληλα.
1476 2143 1543 2169 Οὐδὲ
1557 2142 1674 2168 ἐνταῦθα
1690 2140 1744 2175 ἄρα
1760 2139 1811 2174 τὴν
1830 2140 1898 2173 μίαν

268 2191 445 2226 quantumvis
464 2190 508 2216 illa
526 2190 581 2216 sint
607 2189 676 2215 inter
699 2196 728 2215 se
742 2187 860 2218 diversa_
885 2185 955 2220 Ergo
972 2192 1040 2218 nequ

1108 2191 1256 2217 ὑπόστασιν
1278 2189 1395 2224 Χριστοῦ
1419 2189 1449 2214 τὸ
1468 2188 1673 2222 ἁπερίγραπτον
1691 2185 1742 2219 τῆς
1766 2184 1897 2218 θεότητος

271 2237 331 2263 istic
351 2242 494 2270 personam
511 2233 612 2260 Christi
632 2232 796 2267 singularem
811 2229 1058 2263 incircumscriptio

269 2281 420 2309 divinitatis
432 2286 458 2307 et
472 2279 694 2312 circumscriptio
710 2277 900 2308 humanitatis,
916 2279 1049 2310 quantum

271 2328 313 2354 vis
333 2328 402 2353 inter
417 2334 445 2353 se
460 2330 643 2360 opponantur.

308 2371 377 2398 XIV.
394 2372 422 2398 Si
437 2379 489 2397 non
508 2371 580 2400 licet.
597 2377 629 2396 ex
643 2376 676 2396 eo
689 2368 760 2403 quod
778 2367 848 2394 Deus
862 2365 981 2393 Verbum
997 2371 1057 2392 car-

272 2425 334 2444 nent
347 2417 446 2446 induit.
458 2415 603 2446 amt-mare,
622 2414 727 2441 Patrem
744 2418 770 2440 et
784 2413 914 2446 Spiritum
931 2415 1056 2438 sanctum

271 2467 431 2497 corporales
446 2461 541 2492 fuisse,
560 2461 684 2495 quamvis
716 2459 836 2486 Trinitas
867 2457 1006 2483 individua
1021 2457 1057 2483 sit

272 2508 422 2536 secundum
439 2511 573 2539 naturam,
601 2507 702 2540 pariter
721 2513 775 2532 non
797 2505 859 2531 licet
875 2511 908 2530 ex
929 2511 961 2530 eo
984 2503 1056 2537 quod

273 2552 499 2587 circumscriptus
516 2552 585 2578 idem
611 2551 661 2578 fuit
676 2551 825 2578 secundum
851 2549 1057 2580 humanitatem,

273 2598 418 2630 aﬂirmare,
433 2597 602 2624 divinitatem
630 2598 710 2624 simul
739 2595 941 2626 circumscribi,
964 2603 1060 2629 quatu-

1107 2237 1155 2263 καὶ
1180 2235 1366 2270 περιγραπτδν
1390 2234 1438 2268 τῆς
1460 2233 1678 2268 ἀνθρωπότητος,
1694 2230 1744 2256 κᾶν
1760 2229 1898 2259 ἐναντίως

1108 2283 1156 2317 ἔχῃ
1169 2281 1237 2317 πρὸς
1255 2280 1366 2315 ἄλληλα.

1146 2368 1194 2393 1Δ’.
1215 2367 1246 2393 Εἰ
1269 2366 1300 2392 οὺ
1319 2365 1363 2392 διὰ
1383 2365 1413 2391 τὸ
1427 2364 1472 2391 τὸν
1494 2363 1560 2390 Θεὸν
1582 2363 1667 2396 Λόγον
1689 2361 1897 2396 σεσαρκῶσθαι,

1110 2413 1171 2444 ἐξὸν
1185 2413 1272 2438 εἰπεῖν
1285 2410 1483 2446 σωματωθῆναι
1494 2410 1540 2436 τὸν
1549 2408 1658 2443 Πατέρα
1670 2408 1717 2434 καὶ
1726 2407 1756 2432 τὺ
1770 2407 1899 2441 Πνεῦμα,

1110 2458 1162 2484 κᾶν
1182 2458 1198 2491 ἡ
1221 2456 1306 2491 Τριὰς
1329 2456 1401 2483 κατὰ
1424 2456 1504 2490 φύσιν
1527 2454 1688 2489 ἀμέριστος·
1714 2452 1775 2477 οὐδὲ
1798 2451 1844 2478 διὰ
1869 2452 1900 2477 τὸ

1111 2502 1330 2538 περιγεγράφθω
1354 2501 1435 2528 αὑτὸν
1452 2500 1521 2527 κατὰ
1536 2501 1565 2526 τὸ
1580 2499 1761 2534 ἀνθρώπινον,
1776 2497 1839 2529 ἐξὸν
1858 2499 1898 2522 εἰ-

1115 2550 1176 2574 πεῖν
1190 2550 1238 2583 τὴν
1253 2548 1366 2582 θεότητα
1385 2544 1670 2582 συμπεριγράφεσθαι,
1686 2543 1738 2569 xiv
1752 2541 1815 2568 καθ’
1831 2542 1899 2567 ὑπό.

1114 2602 1208 2620 στασιν
1232 2593 1301 2627 αῦτη
1324 2593 1372 2627 τῆς
1397 2591 1497 2626 σαρκὸς
1522 2590 1678 2625 ἀμέριστος,
1702 2587 1751 2622 τῆς
1777 2586 1900 2621 φυσικῆς

934 2681 1050 2708 VARIng
1071 2679 1273 2708 LECTIONES.

310 2770 322 2790 ι·
339 2765 376 2792 lix
394 2764 538 2792 Ancorato.
558 2769 571 2789 οι
584 2763 660 2790 Tum.
682 2762 714 2790 Vl
728 2760 833 2789 Concil.
849 2759 946 2787 Lahbei
963 2766 1024 2794 pag.
1037 2758 1101 2786 85L
