1916 3075
221 112 275 145 463

273 168 305 194 In
319 169 403 201 spei-ie
417 172 489 195 mum
502 171 525 194 ei
545 176 627 194 unum
650 168 745 202 spiri'u

270 204 407 230 Christum
419 204 524 238 tlepingi
547 211 596 229 non
612 204 696 237 ferrus
710 204 866 237 imperator.

269 237 384 265 Materia
399 239 528 269 terrestri,
545 246 624 272 quam
642 238 789 271 Scripturw
815 241 965 271 proterunt.

253 293 321 322 XVI.
336 294 466 322 Scisciter
482 302 547 322 vero
563 296 598 322 ab
619 303 652 323 eo
666 295 843 330 perlibenter,
860 303 895 322 an
909 302 964 322 non
977 295 1005 322 in

216 343 325 366 terrena
341 340 466 370 materia,
480 347 494 366 a
507 339 656 374 Scripturis
683 339 802 374 abjecta,
815 339 900 374 ﬁgura
915 339 1006 366 cruris

217 383 350 417 impressa
363 384 422 411 sit?
435 383 581 417 Quomodo
598 384 678 419 igitur
694 385 721 412 in
737 392 769 412 ea
785 385 915 412 Dominus
927 385 1006 419 igno-

216 429 329 455 miniam
364 430 489 464 patitur?
504 438 566 458 nam
586 430 691 458 Christi
719 431 779 458 loco
795 438 862 458 crux
891 430 1004 465 figurala

215 479 267 502 est.
284 475 382 503 Secum
403 483 468 511 ergo
486 477 543 511 ipse
561 480 674 512 pugnat,
687 480 715 504 et
729 483 792 504 cum
810 476 836 503 id
848 483 926 510 aequo
938 476 1006 503 ferat

215 521 318 553 animo,
337 529 391 548 non
408 526 498 549 tamen
520 530 599 556 aequo
622 522 716 549 animo
733 521 795 549 fert.
813 521 907 549 Viden"
928 522 1005 556 quis-

214 565 278 599 quis
295 565 368 600 sapis
383 571 412 593 ut
429 567 470 594 hae
490 575 567 602 nugae
585 567 696 595 Christo
709 568 915 596 contumeliosa:
930 568 1005 596 sint?

214 610 285 643 Quid
301 619 368 646 ergo
383 611 394 638 ?
409 620 462 638 non
479 620 511 639 ex
538 613 635 640 Adami
653 621 743 640 massa
772 613 864 640 divina
887 621 962 646 caro,
976 619 1004 641 et

214 657 295 683 simul
313 662 438 684 terrenus
458 657 556 690 Adam,
573 663 601 685 et
613 665 723 686 terrena
746 659 859 686 materia
884 659 1003 686 hominis

213 708 280 729 caro
293 702 442 737 quwlihet?
454 711 506 730 non
524 708 551 730 et
567 704 670 738 aliquid
687 704 733 731 tibi
753 709 890 732 terrenum
915 705 1004 732 inest?

213 747 309 774 Atnon
323 747 484 782 simpliciter
494 748 584 776 omnis
598 749 710 776 materia
720 756 735 776 a
749 750 837 776 sacris
854 748 1002 784 Scripturis

216 792 387 826 repudiatur,
400 792 440 819 vir
456 792 697 827 desipientissime,
713 795 759 822 sed
770 802 832 829 qua).
852 795 923 822 hanc
937 803 1001 822 ceu-

821 113 852 141 S.
873 108 1073 140 THEODORI
1091 109 1266 140 STUDlT/E

1024 165 1048 193 Α
1064 164 1203 198 Ἀφωνον
1216 163 1305 198 εἶδος,
1318 166 1367 192 καὶ
1389 165 1488 199 πνοῆς
1501 166 1680 200 ἐξηρμένον,

1799 113 1853 146 464

1061 199 1192 239 Χριστὸν
1214 200 1381 239 γράφεςθιζι
1391 200 1435 235 μὴ
1449 201 1548 239 ςξέρων
1563 203 1580 228 d
1593 202 1756 239 δεσπότης,

1059 233 1137 269 ’Υλῃ
1269 233 1334 268 ταῖς
1350 233 1491 270 Γραφάῖς(
1506 235 1690 271 πατουμένη.

1099 288 1257 324 Ἐπυθόμην
1271 289 1294 316 δ’
1307 289 1341 316 ἃν
1358 290 1444 325 ἡδέως
1466 290 1561 322 αὑτοῦ,
1579 291 1630 317 οὐκ
1653 291 1683 316 ὲν
1697 290 1747 327 ὕλῃ
1762 294 1852 328 γεηρᾷ

1056 336 1117 366 ταῑς
1132 335 1255 370 Γραφαίς
1271 336 1432 372 πατουμένῃ
1443 337 1457 362 6
1469 336 1653 372 ὲγχαραχθεὶς
1666 338 1713 364 τοῦ
1730 339 1851 373 σταυροῦ

1055 380 1139 412 τύπος
1152 389 1159 414 ς
1175 381 1236 413 Πῶς
1255 378 1303 409 οὖν
1318 382 1395 417 φέρει
1408 382 1438 409 ὲν
1450 382 1536 417 τούτῳ
1550 383 1564 409 6
1577 383 1716 418 Δεσπότης
1727 384 1776 419 τὴν
1788 385 1852 411 ἀτι-

1057 424 1123 460 μίαν
1136 433 1144 458 ;
1157 425 1218 451 ἀντὶ
1233 426 1353 460 Χριστοῦ
1370 426 1424 461 γὰρ
1439 428 1453 452 ὁ
1469 427 1585 462 σταυρὸς
1600 428 1675 463 αὐτῷ
1697 428 1851 463 ἐγκεχαρα-

1055 478 1130 498 κται.
1152 470 1259 506 Ἐαυτῷ
1274 469 1321 497 οὖν
1332 471 1568 508 ὴναντίωταιάρα,
1586 473 1633 499 καὶ
1646 473 1739 508 φέρων
1752 474 1783 500 οὺ
1798 475 1851 509 φέ-

1056 524 1108 551 ρει.
1118 516 1210 552 ’(ὶρᾷς,
1225 517 1239 543 6
1254 516 1363 549 συνιὼν,
1372 516 1410 548 ὡς
1423 517 1519 544 παιδιὰ
1528 517 1614 544 ταῦτα
1628 519 1698 545 κατὰ
1708 519 1827 555 Χριστοῦ
1839 529 1849 554 ;

1056 561 1089 588 Τί
1105 559 1153 588 οὖν
1163 562 1213 589 οὐκ
1229 562 1261 588 ἐκ
1274 562 1321 589 τοῦ
1338 563 1499 598 φυράματος
1518 563 1566 590 τοῦ
1589 563 1702 600 Ἀδὰμὴ
1718 565 1850 601 θεοφόρος

1055 607 1135 643 σὰρξ,
1153 608 1200 634 καὶ
1225 608 1301 643 ὅμως
1332 608 1434 644 γεηρὺς
1455 610 1470 635 6
1490 609 1587 644 ’Δδὰμ,
1600 610 1660 646 ,καὶ
1682 611 1772 647 γεηρὰ
1795 611 1848 647 ὕλη

1054 655 1130 680 πᾶσα
1159 653 1228 689 σὰρξ
1246 653 1410 688 ἀνθρώπου;
1432 653 1479 680 καὶ
1501 654 1529 680 τί
1545 663 1586 681 σοι
1601 655 1632 682 τὸ
1644 655 1744 691 γεηρὺν
1756 657 1848 691 πρόσο

1054 706 1125 730 εισις
1149 699 1197 725 καὶ
1222 699 1278 726 οὐδ’
1292 699 1387 730 ἁπλῶς
1408 700 1485 726 πᾶσα
1509 699 1560 736 ὕλη
1579 702 1640 732 ταῖς
1657 701 1779 736 Γραφαίς
1793 711 1848 733 πα-

1053 744 1183 778 τουμένη,
1195 741 1218 770 ὦ
1243 745 1412 780 ματαιόφρον
1422 765 1430 777 ,
1445 745 1502 771 ἀλλ’
1518 745 1535 781 ή
1557 745 1636 773 τοῦτο
1660 746 1847 783 ὑφισταμένη.

1054 789 1146 816 Πολλὰ
1161 789 1217 824 γὰρ
1231 790 1261 816 ὲν
1280 789 1330 825 ὕλῃ
1346 790 1476 826 γραφίδος
1486 791 1540 818 τῶν
1553 791 1634 818 θείων
1648 792 1845 827 ἀναθημάτων,

213 843 307 862 suram
328 837 456 864 sustinet.
477 837 561 865 Multa
581 843 646 866 sunt
660 839 734 866 enim
760 847 775 866 e
787 839 866 867 donis
884 839 938 867 Deo
957 840 994 867 di-

1055 835 1099 862 καὶ
1120 835 1241 870 οὐδαμοῦ
1266 835 1433 871 πεπάτηται.
1453 835 1523 863 Ἀλλ’
1539 837 1553 862 6
1583 837 1683 869 σκοπός
1706 846 1747 865 σοι
1771 838 1848 872 ἀπας

213 881 283 908 catis
297 881 324 908 in
339 883 451 909 materia
468 883 572 915 czelata,
590 891 639 911 nec
653 888 718 911 sunt
735 885 790 912 ullo
807 885 890 912 modo
911 893 994 920 repu—

212 926 295 954 diata.
310 926 362 954 Sed
378 935 459 955 omne
473 929 521 955 tibi
540 929 685 956 consilium
700 934 742 957 est
755 930 903 964 imaginem
916 931 997 958 Chri-

213 971 247 997 sti
274 971 376 998 idolum
393 973 542 1007 appellare,
556 978 583 1000 et
601 974 627 1000 id
637 974 777 1002 evidenter
791 975 916 1010 probare.
930 976 998 1003 Nam

212 1016 266 1043 illis
278 1016 401 1050 Apostoli
419 1019 509 1046 verbis
526 1019 640 1054 obsequi
664 1024 690 1047 te
718 1025 799 1054 putas
813 1030 819 1048 :
835 1020 914 1048 Scitis
935 1030 999 1056 qua-

211 1063 281 1088 ntum
295 1070 354 1088 cum
368 1068 456 1098 gentes
473 1065 576 1097 essetis,
597 1066 632 1092 ad
656 1066 802 1093 simulacra
827 1072 900 1094 muta
919 1072 997 1102 prout

210 1107 377 1145 ducebantittt'
386 1113 475 1135 euntes
490 1109 512 1126 ”
531 1119 537 1136 :
556 1114 638 1145 atque
651 1111 748 1138 exinde
759 1113 904 1140 ostendere
914 1113 995 1140 Chri-

209 1154 313 1181 stianos
327 1144 467 1189 gentilium
486 1163 562 1182 more
574 1157 601 1182 in
615 1157 729 1184 exitium
745 1165 834 1190 ruere,
851 1164 995 1193 postquam

209 1199 292 1226 desiit
310 1207 370 1227 esse
386 1200 488 1227 idolum
505 1202 532 1228 in
559 1203 671 1234 mundo,
686 1203 764 1238 juxta
793 1205 915 1239 Apostoli
933 1212 996 1232 sen-

210 1245 321 1272 tentiam
339 1254 346 1278 ;
363 1251 507 1280 postquam
525 1247 681 1275 invocatum
698 1254 739 1276 est
757 1257 855 1276 nomen
882 1250 993 1277 benedi-

208 1294 282 1317 ctum
297 1290 323 1317 in
342 1291 469 1318 universa
487 1296 558 1319 terra
572 1302 579 1326 ;
595 1299 739 1328 postquam
762 1295 881 1322 confessi
898 1304 994 1324 sumus

208 1342 293 1361 unum
314 1335 476 1369 Dominum,
494 1345 576 1364 unam
610 1339 701 1371 (idem,
724 1348 808 1367 unum
835 1341 992 1375 baptisma;

208 1384 352 1414 postquam
381 1381 484 1409 oblatio
524 1383 624 1410 munda
646 1385 770 1419 opposita
782 1390 824 1413 est
851 1387 994 1415 sacriﬁciis

207 1425 341 1453 idolorum
360 1435 367 1460 ;
384 1432 528 1462 postquam
543 1429 577 1456 ab
593 1434 653 1456 ortu
669 1431 736 1458 solis
751 1439 838 1466 usque
861 1433 894 1459 ad
910 1440 992 1459 occa-

207 1480 268 1498 sum
287 1472 312 1498 in
329 1472 457 1500 omnibus
488 1475 575 1502 sacris
595 1476 701 1510 templis
719 1476 775 1504 fere
799 1485 928 1512 expressa
951 1482 992 1506 est
1006 1492 1027 1520 ε

207 1518 296 1553 imago
318 1518 419 1546 Christi
442 1527 450 1551 ;
475 1525 533 1554 post
551 1524 590 1548 tot
622 1527 730 1549 sanctas
764 1524 902 1558 synodos,
933 1533 993 1559 quae

205 1563 341 1597 depictum
358 1570 420 1592 ante
430 1566 524 1592 oculos
537 1566 677 1593 Christum
693 1567 812 1595 habuere
825 1578 832 1600 ;
847 1575 992 1604 postquam

206 1607 233 1634 in
253 1608 356 1637 foribus
372 1615 413 1638 est
425 1610 526 1638 Christi
542 1612 684 1639 adventus.
704 1612 785 1640 Vides
799 1621 919 1642 errorem
946 1622 994 1649 pe-

202 1652 290 1687 jorcm
303 1656 431 1683 omnibus
444 1665 504 1691 qiize
517 1663 577 1691 post
588 1657 726 1685 Christum
739 1665 842 1687 exortae
862 1665 926 1687 Slllll
937 1661 994 1687 ha:-

206 1699 469 1735 resibuszsiquidem
493 1702 566 1729 nulla
580 1710 612 1730 ex
625 1703 678 1731 illis
687 1705 830 1732 manifeste
843 1710 939 1732 conata
954 1711 994 1733 est

203 1744 343 1772 Christum
370 1754 497 1781 negare;
529 1748 571 1775 hic
601 1757 664 1776 vero
692 1750 717 1776 id
742 1751 871 1778 occurrit.
899 1751 994 1778 Nonne

203 1790 250 1824 qui
288 1791 378 1818 crucis
409 1792 522 1826 liguram
555 1798 656 1828 negat,
681 1800 707 1822 et
743 1803 852 1823 crucem
887 1797 996 1830 negat?

201 1832 319 1862 Prorsus
339 1835 459 1870 quidem.
477 1836 510 1864 Et
530 1837 631 1866 Christi
649 1839 792 1874 imaginem
809 1840 856 1875 qui
877 1842 992 1876 spernit,

201 1878 342 1907 Christum
376 1882 487 1909 omnino
526 1883 570 1910 ille
597 1884 707 1919 sprevit.
731 1884 799 1912 Nam
827 1886 850 1913 si
880 1894 993 1914 conces-

200 1925 270 1953 seris
309 1926 386 1960 prius
405 1934 467 1955 esse
498 1936 590 1956 verum
611 1949 619 1962 ,
648 1931 785 1965 quomodo
805 1939 858 1958 non
882 1937 908 1959 et
923 1933 992 1960 alte-

200 1971 364 2004 rum?Quid
380 1972 462 2006 igitur
485 1981 540 2001 non
565 1975 703 2002 miscenda
738 1977 849 2008 misces,
879 1985 909 2005 ea
929 1986 990 2012 qua:

198 2017 232 2044 de
249 2017 329 2044 idolis
345 2018 474 2046 dicuntur
488 2019 523 2047 ad
541 2020 688 2054 imaginem
703 2020 803 2049 Christi
822 2024 991 2052 daanioniace

200 2061 379 2090 transferens.
397 2063 457 2092 Non
473 2072 644 2101 quacunque
658 2066 698 2093 lex
717 2066 794 2099 dicit.
809 2067 851 2095 his
863 2069 910 2103 qui
926 2074 991 2097 sunt

201 2107 228 2134 in
245 2107 302 2142 lege
317 2108 458 2143 loquitur?
475 2117 528 2137 non
549 2118 720 2146 quaecunque
737 2112 884 2147 Apostolus
909 2122 988 2141 coar-

1049 879 1099 914 τὴν
1117 879 1210 906 εἰκόνα
1226 878 1358 915 Χριστοῦ,
1379 878 1488 905 εῐδωλον
1514 879 1660 915 ὀνομάζειν
1686 880 1847 908 ἀποδεικτι-

1050 924 1125 956 κῶς·
1140 924 1260 955 ἐκείναις
1287 925 1346 955 ταῖς
1381 923 1575 956 ἀποστολικατς
1604 926 1706 960 φωναῖς
1725 926 1847 962 οἰομένῳ

1048 969 1216 996 ἀκολουθεῖν.
1233 968 1338 995 Οιδατε
1349 968 1393 996 ὅτι
1408 968 1457 996 ὅτε
1471 967 1523 1004 ἦτε
1535 970 1618 1003 ἔθνη,
1635 969 1689 1005 ἦτε
1713 971 1791 1005 πρὸς
1805 972 1845 999 τὰ

1048 1014 1158 1041 εἴδωλα
1180 1015 1216 1042 τὰ
1239 1014 1360 1049 ἄφωνα,
1373 1014 1413 1048 ὡς
1438 1014 1476 1042 ἂν
1496 1014 1607 1050 ἤγεσθε
1623 1017 1820 1052 ,ἀπαγόμενοι
1834 1025 1844 1034 ο

1048 1060 1194 1087 κάντεῦθεν
1208 1059 1295 1093 δεῖξαι
1322 1060 1387 1092 τοὺς
1403 1060 1582 1094 Χριστιανοὺς
1598 1061 1707 1096 ἐθνηδὸν
1721 1062 1847 1089 ἀπολλυ-

1049 1105 1157 1140 μένους,
1178 1106 1247 1141 μετὰ
1260 1106 1291 1133 τὸ
1309 1106 1348 1142 μὴ
1364 1104 1434 1133 εἶναι
1462 1106 1571 1133 εἴδωλον
1592 1107 1622 1134 ἐν
1646 1109 1753 1144 κόσμῳ,
1767 1110 1844 1137 κατὰ

1046 1151 1094 1185 τὴν
1111 1151 1294 1186 ἀποστολικὴν
1311 1152 1404 1187 φωνήν
1418 1160 1425 1166 ·
1444 1151 1514 1187 μετὰ
1531 1152 1561 1179 τὸ
1579 1153 1728 1188 κεκλῆσθαι
1740 1155 1771 1181 τὸ
1781 1155 1844 1182 δνο-

1047 1204 1086 1231 μα
1111 1196 1141 1223 τὸ
1167 1197 1349 1232 εὐλογημένον
1379 1197 1427 1224 ἐπὶ
1451 1198 1543 1233 πάσης
1565 1198 1616 1232 τῆς
1632 1198 1703 1233 γῆς’
1718 1199 1789 1233 μετά
1809 1200 1844 1227 τὸ

1045 1242 1236 1276 ὁμολογεῖσθαι
1250 1243 1299 1269 ἕνα
1312 1243 1427 1278 Κύριον,
1446 1243 1511 1278 μίαν
1521 1244 1624 1277 πίστιν,
1638 1244 1667 1270 ἓν
1677 1244 1820 1280 βάπτισμα.
1831 1253 1842 1263 ⁸

1047 1287 1116 1321 μετά
1130 1288 1227 1314 θυσίαν
1253 1287 1377 1323 καθαρὰν
1399 1288 1538 1315 ἀντίθετον
1559 1289 1610 1324 τῆς
1631 1290 1812 1317 dammam
1829 1300 1838 1307 -

1046 1333 1115 1367 μετὰ
1144 1332 1175 1359 τὸ
1200 1333 1255 1359 ἀπὸ
1278 1333 1416 1360 ἀνατολῶν
1442 1333 1520 1368 ἡλίου
1546 1335 1592 1361 καὶ
1611 1335 1663 1366 ἔως
1677 1335 1790 1370 δυσμῶν
1807 1338 1840 1363 ἑν

1044 1379 1112 1405 πᾶσι
1129 1379 1185 1409 τοῖς
1201 1379 1283 1414 ίεροῖς
1299 1380 1372 1410 ναοῖς
1395 1379 1488 1414 σχεδὸν
1504 1380 1711 1407 ὲκτετυπῶσοαι
1728 1381 1778 1417 τὴν
1794 1383 1839 1408 εξ-

1044 1425 1110 1451 κύνα
1122 1424 1241 1459 Χριστοῦ
1255 1431 1262 1439 ·
1280 1424 1350 1459 μετὰ
1371 1424 1507 1456 τοσαύτας
1530 1425 1611 1459 ἁγίας
1639 1427 1774 1459 συνόδους,
1791 1428 1840 1453 ἐπ’

1044 1468 1138 1504 ὕψεσιν
1160 1469 1249 1496 αὐτῶν
1271 1470 1413 1504 ὁρωμένου
1440 1470 1561 1505 Χριστοῦ
1583 1471 1839 1507 ἐγγεγραμμένου·

1046 1515 1117 1549 μετά
1128 1515 1159 1541 τὸ
1173 1517 1202 1541 ὲν
1217 1515 1368 1550 προῦὑροις
1383 1513 1453 1542 εῖναι
1470 1516 1520 1549 τῆς
1537 1516 1656 1551 Χριστοῦ
1671 1518 1838 1552 παρουσίας.

1043 1558 1122 1592 Εἶδες
1136 1561 1240 1596 πλάνην
1253 1562 1363 1596 χείρονα
1375 1562 1471 1588 πασῶν
1484 1562 1538 1589 τῶν
1563 1563 1631 1596 μετὰ
1657 1563 1702 1590 τὸν
1716 1563 1840 1597 Χριστὸν

1044 1606 1217 1640 ἀναφυεισῶν
1242 1608 1386 1642 αἱρέσεων.
1412 1607 1499 1643 Εἴπερ
1521 1609 1550 1633 ἐν
1575 1608 1694 1639 ἐκείναις
1719 1608 1839 1644 οὐδεμία

1044 1652 1191 1687 προφανῶς
1212 1653 1354 1688 ἀρνεῖσθαι
1373 1653 1492 1688 Χριστὸν
1515 1653 1637 1686 ἐὸιάζετο
1649 1662 1656 1669 ·
1671 1654 1790 1681 ἐνταῦθα
1805 1655 1839 1682 δὲ

1043 1699 1134 1725 τοῦτο.
1144 1697 1218 1734 τΛρα
1228 1697 1274 1726 οὗν
1288 1700 1302 1725 6
1312 1701 1478 1735 ἀρνούμενος
1491 1702 1537 1728 τὸν
1548 1702 1634 1728 τύπον
1641 1702 1689 1728 τοῦ
1701 1703 1839 1736 σταυροῦ,

1043 1744 1074 1770 οὐ
1092 1744 1139 1770 τὸν
1159 1745 1275 1779 σταυρὸν
1298 1746 1438 1780 ἀρνεῖταις
1456 1747 1502 1773 καὶ
1528 1747 1610 1774 πάνυ·
1629 1748 1677 1774 καὶ
1697 1748 1711 1774 6
1728 1747 1778 1783 τὴν
1795 1750 1840 1775 εξ-

1044 1789 1112 1816 κόνα
1121 1789 1170 1816 τοῦ
1181 1790 1302 1825 Χριστοῦ
1317 1790 1433 1822 ἀθετῶν.
1449 1792 1496 1819 τδν
1511 1793 1629 1828 Χριστὸν
1644 1794 1752 1826 πάντως
1767 1794 1838 1829 ἠθέ-

1042 1843 1134 1870 τησεν.
1150 1835 1182 1861 El
1196 1835 1251 1870 γὰρ
1264 1835 1361 1868 δώσεις
1373 1837 1404 1863 τὸ
1421 1838 1530 1872 πρῶτον
1545 1838 1701 1874 ἀληθεύειν,
1715 1839 1774 1872 πῶς
1787 1841 1839 1867 οὒ-

1043 1880 1071 1915 χὶ
1087 1880 1136 1906 καὶ
1150 1881 1180 1907 τὸ
1190 1881 1334 1916 δεύτερον;
1351 1882 1383 1908 Τί
1398 1880 1444 1909 οὗν
1456 1883 1489 1909 τὰ
1502 1884 1607 1919 ἄμικτα
1620 1885 1754 1920 μιγνύεις.
1775 1887 1838 1918 τοῖς

1042 1927 1103 1953 κατ’
1118 1926 1236 1954 εἰδώλων
1251 1927 1410 1963 λεγομένοις
1427 1931 1460 1963 τῇ
1485 1929 1605 1964 Χριστοῦ
1635 1931 1764 1957 ἀνάπτων
1790 1932 1837 1957 εί-

1042 1972 1100 1998 κόνι
1118 1972 1322 2007 δαιμονιωδῶς;
1349 1975 1404 2008 Οὐχ
1418 1975 1468 2001 ὅσα
1483 1976 1497 2001 ὁ
1509 1976 1592 2010 νόμος
1615 1975 1701 2010 λέγει,
1715 1977 1772 2007 τοίς
1802 1977 1838 2003 ἐν

1041 2018 1080 2053 τῷ
1097 2018 1173 2053 νόμῳ
1189 2019 1284 2053 λαλεῖ;
1302 2020 1358 2054 Οὐχ
1384 2021 1434 2046 ὃσα
1446 2021 1460 2047 6
1483 2021 1644 2054 ’Λπόστολος
1669 2023 1837 2058 κατηγορεῖ,

1040 2064 1098 2095 τοῖς
1114 2064 1180 2090 ποτὲ
1196 2064 1312 2097 ἐθνικῶς
1326 2064 1410 2096 ζῶσιν
1424 2065 1568 2102 ὲξηγορετ;
1584 2067 1641 2094 Οὐκ
1657 2067 1768 2099 ἀκούεις
1781 2068 1836 2095 τοῦ

1040 2109 1119 2143 ἁγίου
1140 2109 1301 2136 Ἀθανασίου
1315 2109 1430 2144 βοῶντος
1445 2119 1453 2128 ε
1467 2120 1477 2137 ι
1494 2111 1550 2146 οὐχ
1570 2111 1608 2144 ὼς
1628 2113 1705 2144 θεοὺς
1729 2113 1780 2145 τὰς
1792 2114 1837 2140 εί-

200 2152 269 2186 guit,
286 2152 328 2180 his
352 2154 399 2188 qui
423 2158 489 2181 tunc
513 2155 650 2190 gentiliter
664 2156 787 2183 viverent
801 2176 809 2189 ,
824 2158 988 2185 denmitiat?

1055 2154 1122 2186 ιόνας
1138 2155 1344 2190 προσκυνοῦμεν
1363 2156 1388 2182 οἱ
1410 2157 1513 2189 πιστοὶ,
1532 2157 1569 2193 μὴ
1596 2157 1713 2192 γένοιτο,
1732 2157 1836 2194 ὥσπερ

197 2196 257 2225 Non
273 2198 353 2227 audis
372 2204 498 2227 sanctum
514 2200 691 2228 Athanasium
702 2201 866 2230 clamantem
880 2203 910 2229 ii
927 2203 984 2231 Non

197 2248 226 2270 ut
241 2245 308 2272 deos
338 2245 471 2280 imagines
490 2248 638 2274 adoramus
665 2267 672 2280 ,
693 2247 739 2282 qui
763 2256 859 2276 sumus
880 2249 984 2283 fideles,

194 2289 290 2316 absitt
321 2298 397 2318 more
421 2291 561 2326 gentilium
585 2301 592 2319 :
625 2293 673 2320 sed
699 2293 819 2320 studium
851 2295 985 2323 duntaxat

195 2334 378 2371 effectumque
403 2342 504 2365 nostra:
516 2338 673 2366 dilectionis
696 2346 759 2375 erga
778 2339 893 2368 formam
920 2349 983 2376 per-

194 2388 269 2409 sona:
286 2382 413 2418 imaginis
432 2384 652 2413 demonstramus
672 2386 705 2413 ³⁰.
726 2395 735 2412 ι
763 2385 840 2414 Unde
860 2395 982 2422 saepenu-

194 2436 270 2456 mero
285 2429 384 2457 detrita
397 2430 497 2466 eﬂigie,
513 2436 641 2466 tanquam
656 2432 760 2467 lignum
779 2433 907 2469 deinceps
939 2435 983 2462 in-

194 2475 271 2508 utile,
292 2475 440 2511 imaginem
457 2481 521 2504 tunc
540 2477 595 2512 igni
621 2478 763 2507 tradimus.
789 2479 889 2508 Gentes
919 2490 983 2509 vero

193 2518 294 2555 lignum
323 2521 412 2555 ipsum
441 2522 591 2549 secundum
621 2527 758 2556 naturam,
786 2532 940 2560 aurumque
954 2531 982 2554 et

192 2569 346 2599 argentum,
360 2565 487 2594 humanis
503 2567 596 2602 figuris
611 2568 745 2604 insculpta
762 2570 827 2597 deos
843 2578 909 2598 suos
921 2580 982 2600 esse

1035 2202 1059 2228 οἱ
1075 2200 1206 2235 ’Έλληνες
1219 2208 1225 2215 ·
1244 2200 1311 2227 ἀλλὰ
1325 2201 1375 2236 τὴν
1388 2202 1485 2237 σχέσιν
1514 2203 1605 2238 μόνον,
1624 2203 1672 2230 καὶ
1686 2203 1733 2230 τδν
1746 2204 1835 2231 πόθον

1033 2247 1084 2281 τῆς
1105 2246 1183 2282 ἡμῶν
1203 2246 1314 2281 ἀγάπης
1341 2247 1411 2282 πρὸς
1434 2247 1480 2274 τδν
1494 2249 1659 2284 χαρακτῆρα
1676 2249 1725 2276 τοῦ
1740 2258 1833 2284 προσ-

1033 2291 1109 2318 ώπου
1137 2291 1186 2326 τῆς
1208 2291 1312 2323 εἰκόνος
1338 2292 1543 2327 ἐμφανίζοντες.
1562 2303 1571 2319 ι
1589 2294 1671 2321 Ὀθεν
1694 2294 1834 2328 πολλάκις

1032 2337 1080 2364 τοῦ
1093 2337 1267 2374 χαρακτῆρος
1290 2337 1474 2372 λειανθὲντος,
1488 2339 1526 2371 ὡς
1549 2339 1628 2372 ξύλον
1651 2339 1746 2367 λοιπὸν
1761 2342 1832 2376 ἀερ-

1033 2382 1093 2416 γὸν,
1106 2383 1156 2418 τὴν
1173 2383 1238 2410 ποτε
1254 2383 1346 2410 εἰκόνα
1359 2384 1485 2419 καίομεν.
1503 2385 1636 2421 Ἕλληνες
1657 2386 1685 2413 δὲ
1712 2387 1780 2414 αὐτὸ
1798 2388 1832 2415 τὸ

1034 2427 1113 2459 ξύλον
1127 2427 1198 2454 κατὰ
1211 2427 1302 2462 φύσιν,
1317 2428 1365 2455 καὶ
1380 2428 1426 2456 τὸν
1441 2429 1552 2465 χρυσὸν,
1573 2431 1622 2457 καὶ
1636 2430 1682 2457 τὸν
1704 2431 1831 2467 ἄργυρον

1032 2473 1261 2508 ἐγκεχαραγμένα
1278 2475 1396 2509 μορφαῖς
1418 2475 1622 2511 ἀνθρωπίναις,
1640 2475 1719 2508 θεοὺς
1736 2478 1829 2504 αὐτῶν

1031 2517 1101 2546 εἶναι
1115 2519 1270 2554 ὡμολόγουν
1283 2526 1305 2547 ι’,
1317 2520 1410 2547 Ταῦτά
1423 2521 1481 2548 ἐστι
1504 2522 1538 2549 τὰ
1555 2523 1652 2549 εἴδωλα
1667 2521 1741 2558 ἅπερ
1759 2532 1829 2559 προ-

1031 2562 1152 2598 φητικῶς
1164 2571 1196 2590 τε
1220 2564 1268 2589 καὶ
1285 2564 1474 2597 ἀποπολικῶς
1497 2567 1690 2602 κατηγορεῖται
1703 2574 1711 2581 ⁸
1727 2567 1775 2594 καὶ
1786 2567 1828 2600 ὡς

224 2633 246 2648 ⁸⁸
261 2632 269 2659 l
287 2633 351 2660 Cor.
369 2641 417 2666 xn,
432 2634 460 2662 2.
497 2635 519 2651 '°
534 2635 653 2668 Quasstio
670 2636 702 2663 ad
731 2636 894 2664 Antiochum
914 2642 934 2665 t.
956 2637 987 2669 ΙΙ,

1055 2639 1070 2669 [ξ
1086 2638 1149 2665 545.

829 2696 944 2723 VARle
964 2696 1164 2724 LECTIUNES.

226 2755 237 2768 ο
255 2750 329 2791 ἠρ-κ,
342 2750 368 2775 τί
390 2753 522 2791 σημαίνεε
532 2751 566 2778 τὰ
575 2751 737 2791 εἵδ-ωλαΙτῶν
753 2752 838 2791 ἐθνῶν
860 2752 992 2787 ἀργύριον
1011 2753 1058 2779 καὶ
1078 2753 1200 2787 χρυσίον,
1221 2753 1290 2788 ἔργα
1317 2755 1417 2789 χειρῶν
1441 2755 1604 2791 ἀνθρώπων,
1623 2765 1676 2785 ms.
1696 2758 1724 2786 in
1747 2767 1823 2788 mar-

186 2784 260 2820 gine.
285 2785 343 2811 Vide
361 2786 425 2820 quid
434 2786 582 2821 signiﬁcent
595 2786 741 2814 simulacra
755 2784 885 2822 gentium,
900 2784 1039 2821 argentum
1056 2784 1202 2820 ciui—iurum,
1220 2784 1300 2823 o'pera
1315 2784 1442 2817 manuum
1456 2784 1602 2819 hominum:
