1916 3075
73 174 124 206 465

579 177 798 208 REFUTATIO
819 177 933 218 ΡΟΕΜ.
955 178 1184 210 ΙΟΟΝΟΜΑΟΗ.

1639 181 1695 213 466

71 229 172 260 ἀνι-ιτα,
187 229 240 256 κᾶν
263 229 421 265 ὀφθαλμοὺς
438 230 521 265 ἔχωσι
535 240 541 246 ·
561 233 608 258 vat
623 233 661 263 ὼς
681 233 791 266 ἄφωνα,
813 231 860 259 καὶ

925 233 1126 262 :onIitehantur.
1144 234 1208 262 Haec
1222 238 1286 262 sunt
1303 234 1386 267 idola,
1407 242 1467 270 quae
1482 235 1614 271 propheta
1630 244 1698 264 con-

72 275 167 306 ἀλαλαὶ,
197 275 249 302 κᾶν
266 276 355 310 στόμα
369 276 452 310 ἔχωσι
463 286 470 292 ·
483 277 530 304 καὶ
543 278 570 304 εί
579 286 607 304 τι
622 278 686 305 ἄλλο
697 278 855 313 θεωρούμε-

911 278 1039 311 demnat,
1054 283 1082 306 et
1096 287 1158 313 quat
1172 280 1321 313 Apostolus
1338 288 1344 306 :
1361 287 1421 314 quae
1445 287 1499 306 non
1526 280 1619 308 vident
1631 300 1639 312 ,
1655 285 1698 308 ta-

72 329 112 346 νον
128 320 190 355 μὲν,
205 321 386 356 ὰνενέργητον
395 322 435 348 δέ.
451 322 518 348 Παίε.
538 322 631 349 λοιπὸν
647 324 718 350 κατὰ
735 323 855 358 Χριστοῦ

925 324 987 351 ietsi
998 325 1093 352 oculos
1104 325 1212 356 habent.
1220 332 1282 359 qua:
1295 325 1356 352 sine
1370 332 1438 353 voce
1448 332 1481 352 ac
1489 332 1616 353 sermone
1624 331 1697 358 sunt.

78 366 228 397 Ἰουδαϊκῶς
241 366 421 402 βλασφημῶν,
431 364 463 394 ὧ¹
473 368 533 395 τᾶν.

907 369 1017 398 tametsi
1034 377 1066 396 os
1085 369 1185 397 habent
1202 379 1208 397 :
1225 371 1288 396 item
1301 369 1433 404 quidquid
1451 369 1518 397 illud
1530 370 1696 397 considerari

74 417 166 447 potest.
179 421 277 448 expers
286 418 377 442 autem
387 414 537 443 elﬁcientize
551 420 602 442 est.
615 415 711 444 Desine
718 416 857 452 deinceps,
872 427 888 446 ο
899 418 980 449 boue,
990 417 1121 444 adversus
1131 417 1268 444 Christum
1277 416 1392 445 Judalco
1401 417 1454 445 ritu
1462 416 1663 451 hlasphemare.

857 529 894 537 c.—

378 587 393 613 l
406 587 576 615 ΠυΓΡΑΦΙΙ.

108 642 146 677 Τῇ
159 642 326 677 ἅποστολικῇ
338 642 385 669 καὶ
401 643 526 678 Πατρικῇ
542 643 707 679 διδασκαλίᾳ
719 645 863 680 ἑπόμενος,

76 687 119 712 καὶ
130 687 164 721 τῇ
178 686 230 720 τῆς
250 686 415 722 Ἑκκλησίας
434 687 600 723 θεσμοθεσία
616 688 779 723 πειθόμενος
791 710 799 722 ,
814 690 865 723 τάς

75 741 103 759 τε
113 732 195 766 ἁγίας
205 733 253 759 καὶ
261 733 456 767 οῑκουμενικὰς
466 732 496 766 ἓξ
508 734 634 766 συνόδους
641 735 842 770 ἀποδεχόμενος
852 756 861 768 ,

76 778 120 805 καὶ
133 777 183 812 τὴν
195 778 225 804 ὲν
240 777 407 812 Βλαχέρναις
417 777 598 812 κρατηθεῖσαν
609 778 719 806 σύνοδον
733 799 741 811 ,
755 780 803 807 καὶ
813 781 863 816 τὴν

75 823 174 857 ταύτης
203 823 410 857 ὲπικυρωτικὴν
429 823 703 858 -ὰθροισθεῖσαν,καὶ
726 827 784 858 τοῖς
816 827 864 854 ὑπ’

75 869 169 899 αὐταῖς
184 868 337 894 ικτεθεῖσιν
351 867 502 902 ὀρθοδόξοις
516 868 649 904 δόγμασιν
664 870 800 906 ἑπόμενος
815 873 864 899 καὶ

75 913 203 948 ἐμμένων
215 931 223 944 ,
237 912 301 944 τούς
317 921 347 939 τε
372 913 436 947 παρ’
452 914 543 941 αὐτῶν
576 915 782 950 ἁποὸληθέντας

76 959 241 993 σαλλόμινος
253 978 260 990 ,
274 958 395 990 καὶτοὺς
407 959 453 985 ὑπ’
464 960 553 986 αὐτῶν
565 960 722 995 δειχθέντας
739 962 864 997 ἁποδεχόυ

79 1013 175 1040 μενος,
195 1004 287 1030 πᾶσαν
315 1004 453 1039 είκονικὴν
477 1005 587 1040 ποίησιν
612 1014 644 1032 τε
676 1007 723 1033 καὶ
744 1007 865 1042 προσκύ-

77 1058 152 1085 νησιν
163 1049 269 1076 ἀθετῶν
282 1070 290 1082 ,
308 1050 355 1076 τὸν
372 1050 400 1076 δὲ
427 1050 479 1077 ὑπὸ
497 1051 636 1086 Ταρασίου
654 1051 782 1086 σύλλογον
799 1054 866 1079 ἁπο-

79 1095 244 1130 ὁαλλόμενος
256 1115 265 1128 ,
281 1095 328 1122 καὶ
356 1096 419 1128 τοὺς
441 1096 478 1131 μὴ
498 1096 583 1128 οὕτως
602 1097 713 1132 ΙΙἑχοντιις
728 1098 866 1134 ἀναθεμα-

79 1143 168 1176 τίζων,

367 1188 373 1195 '
379 1187 540 1222 Υπέποαψια
560 1187 733 1222 ἱδιοκείρως.

114 1235 193 1262 Πᾶσα
205 1235 312 1269 αἵρεσις
329 1233 427 1260 νεωστὶ
448 1233 601 1266 ἀναφυεῖσα
613 1252 621 1264 ,
637 1232 687 1264 τὰς
703 1231 773 1268 πρὺς
784 1232 869 1267 αὐτῆς

82 1282 202 1317 αἱρέσεις
226 1280 403 1307 ἀποσείεσθαι
427 1280 534 1306 οἴεται·
561 1279 611 1311 τάς
633 1287 663 1305 τε
687 1279 869 1310 ἀποστολικὰς

82 1329 127 1354 καὶ
141 1326 283 1361 [ἰατρικὰς
306 1325 483 1356 διδασκαλίας
498 1324 673 1360 προσίεσθαι·
690 1325 738 1351 καὶ
754 1325 803 1356 τὰς
821 1325 871 1359 μὲν

82 1371 325 1407 προγεγενημένας
336 1370 418 1404 ἁγίας
439 1370 566 1401 συνόδους
579 1369 781 1405 ἀποδέχεσθαι·
800 1370 872 1397 δοκι-

83 1417 225 1452 μαζομὲνη
240 1417 268 1443 δὲ
285 1416 337 1442 ὑπὸ
353 1415 400 1442 τοῦ
419 1416 468 1450 τῆς
495 1415 623 1450 ἀληθείας
655 1415 745 1448 λόγου,
770 1415 872 1450 διελέγ-

81 1469 158 1494 χεται
187 1460 375 1495 ἀντιστρόφως
400 1460 511 1494 ἔχουσα.
528 1459 606 1485 Οὕτω
632 1459 779 1494 τοιγαροῦν
795 1461 841 1486 καὶ
856 1462 873 1496 ἡ

81 1506 218 1540 παροῦσα,
229 1505 267 1536 ὡς
279 1505 330 1531 σὺν
337 1504 396 1540 Θεῷ
407 1505 510 1539 προῖὼν
522 1504 654 1536 ὑποδείξει
665 1505 679 1531 ό
687 1506 775 1540 λόγος.
804 1503 876 1534 Ἀλλ’

1182 589 1415 618 SUBSCRIPTIO.

948 656 1028 685 XVII.
1045 657 1235 693 Apostolorum
1247 661 1274 685 et
1284 657 1394 685 Patrum
1405 657 1558 686 doctrinam
1572 642 1699 694 sequens,

912 708 942 730 et
959 702 1088 731 Ecclesiae
1111 703 1264 730 deﬁnitioni
1293 703 1426 736 credens,
1449 708 1556 731 sanctas
1573 708 1601 731 et
1625 711 1702 732 (lacu-

914 748 1035 776 menicas
1050 755 1097 775 sex
1113 748 1237 783 synodos
1256 748 1418 782 suscipiens,
1437 752 1465 776 et
1479 756 1540 776 eam
1567 749 1700 785 synodum

920 801 980 828 quae
996 793 1023 820 in
1053 793 1211 821 Blachernis
1236 794 1372 821 celebrata
1388 799 1440 828 est,
1458 798 1485 822 et
1503 802 1564 830 quae
1589 802 1703 830 congre-

916 843 978 874 gata
999 838 1033 865 ad
1062 838 1134 866 hanc
1161 838 1375 866 conﬁrmandam
1400 859 1409 872 ,
1435 839 1500 866 item
1519 839 1643 874 exposita
1668 841 1703 868 ab

879 894 900 921 Β
916 883 968 910 illis
983 883 1135 911 orthodoxa
1162 883 1289 918 dogmata
1308 890 1425 918 sequens
1445 903 1453 916 ,
1475 888 1503 911 et
1518 883 1561 911 his
1590 885 1703 919 acquie-

797 918 864 964 ξλπῖ·
879 918 899 921 ”
915 935 993 955 sccns
1005 949 1012 961 ,
1033 935 1081 955 eos
1100 928 1241 963 abjiciens,
1268 935 1337 962 quos
1363 928 1415 955 illae
1429 927 1568 962 abiecere,
1589 933 1617 956 et
1634 918 1704 964 quos

917 974 969 1001 illa:
995 974 1135 1010 suscipere
1155 973 1332 1008 suscipiens;
1359 981 1466 1001 omnem
1492 974 1641 1009 imaginum
1661 974 1703 1002 ef-

915 1020 1063 1047 iectionem
1094 1024 1121 1048 ct
1145 1020 1333 1047 adorationem
1350 1026 1482 1054 spernens
1506 1039 1513 1052 ,
1538 1024 1704 1047 conventum

916 1073 981 1091 vero
1005 1065 1056 1092 sub
1072 1063 1183 1092 Tarasio
1200 1064 1322 1092 habitum
1338 1064 1482 1099 abjiciens,
1496 1068 1524 1092 et
1539 1072 1619 1093 secus
1632 1072 1697 1093 seu-

919 1110 1016 1138 tieutes
1033 1110 1277 1142 anathematizans,

1131 1187 1244 1222 Propria
1261 1195 1340 1215 manu
1355 1187 1493 1222 subcripsi.

955 1233 1046 1262 XVIII.
1075 1232 1171 1260 Omnis
1189 1232 1301 1260 haeresis
1318 1239 1413 1259 recens
1439 1236 1531 1265 enata,
1547 1231 1706 1266 superiores

921 1281 1038 1308 haereses
1063 1279 1176 1314 rejicere
1200 1286 1229 1307 se
1255 1282 1355 1314 putat;
1372 1278 1556 1313 apostolorum
1580 1277 1706 1305 Patrum-

922 1334 975 1361 que
991 1325 1130 1353 doctrinas
1154 1325 1299 1352 admittere
1315 1328 1342 1351 et
1367 1327 1476 1351 sanctas
1497 1323 1617 1359 synodos
1644 1329 1708 1351 ante

926 1379 1004 1399 suam
1022 1374 1128 1398 aetatem
1143 1369 1251 1397 habitas
1274 1368 1414 1402 suscipere
1437 1377 1444 1395 :
1465 1376 1526 1395 cum
1552 1368 1708 1403 exploratur

924 1423 1014 1444 autem
1027 1425 1042 1444 a
1058 1423 1185 1444 sermone
1205 1416 1340 1448 veritatis,
1360 1423 1439 1443 secus
1461 1422 1490 1442 se
1504 1414 1604 1441 habere
1615 1415 1707 1450 argui-

926 1466 978 1488 tur.
995 1460 1041 1488 Sic
1069 1461 1170 1495 igitur,
1190 1465 1217 1486 et
1238 1467 1358 1494 praesens
1381 1459 1504 1490 haeresis.
1528 1463 1557 1486 ut
1572 1467 1634 1486 cum
1654 1458 1709 1487 Deo

926 1505 1076 1541 procedens
1104 1505 1192 1532 oratio
1225 1505 1436 1532 demonstrabis.
1465 1504 1517 1531 Sed
1540 1505 1606 1532 illud
1633 1505 1710 1540 prius

82 1552 169 1577 ὲκεῐνο
183 1551 292 1586 πρῶτον
315 1552 477 1586 ὲρωτητέον·
496 1551 558 1583 Πῶς
574 1551 637 1584 οὖν,
650 1550 672 1579 ὦ
686 1555 803 1586 γενναῖε,
821 1555 872 1581 πᾶ-

927 1550 1103 1586 qumreudum
1121 1555 1163 1578 est
1179 1558 1186 1577 :
1200 1550 1343 1583 Quomodo
1358 1557 1433 1584 ergo,
1455 1549 1498 1576 vir
1512 1550 1628 1585 egregie,
1648 1558 1710 1577 om-

83 1605 132 1624 σιν
147 1597 288 1632 είκονικὴν
301 1596 411 1632 ποίησιν
429 1606 459 1624 τε
479 1599 525 1624 καὶ
547 1599 733 1635 προσκύνησιν
753 1600 870 1633 ἀθετῶν,

82 1644 114 1677 τῇ
127 1642 295 1677 ἀποστολικῇ
310 1642 358 1668 καὶ
377 1643 501 1678 Πατρικῇ
525 1642 688 1679 διδασκαλίᾳ
699 1645 813 1672 ἕπεσθαι
827 1646 872 1672 λέ-

84 1695 158 1721 γειςς
175 1687 224 1713 τοῦ
244 1687 407 1714 ’Δποστόλου
437 1687 563 1722 λέγοντος
597 1685 665 1715 ὦδεο
698 1691 790 1717 Σκιὰν
818 1691 873 1725 γὰρ

84 1733 162 1766 ἔχων
175 1734 192 1758 ό
212 1732 306 1766 νόμος
327 1732 386 1759 τῶν
403 1734 580 1767 μελλόντων
606 1734 735 1769 ἀγαθῶν,
753 1735 808 1762 οὐκ
818 1737 873 1763 αὺ-

85 1778 141 1811 τὴν
154 1778 214 1812 τήν
227 1779 332 1805 εἰκόνα
355 1777 415 1805 τῶν
429 1779 608 1814 πραγμάτων
621 1788 628 1795 ·
647 1782 727 1807 σκιὰν
746 1781 796 1817 τὴν
821 1791 874 1808 παι

85 1824 174 1855 λαιὰν,
201 1824 251 1859 τὴν
281 1824 374 1850 εἰκόνα
401 1824 450 1859 τὴν
475 1825 537 1852 νέιν
559 1825 587 1844 ί·
604 1826 639 1852 τὰ
664 1827 818 1862 πράγματα
840 1828 874 1855 τὰ

87 1870 220 1905 μέλλοντα
239 1870 332 1904 ἀγαθὰ
350 1871 531 1904 ὲκφάναντος.
547 1871 600 1898 Τοῠ
613 1880 643 1898 τε
662 1873 788 1907 θεολόγου
803 1874 876 1909 Γρη-

86 1916 180 1951 γορίου
195 1916 338 1951 ἑπομένως
351 1916 390 1952 τῷ
411 1917 566 1951 ’Δποστόλῳ
577 1938 584 1950 ,
597 1919 688 1945 Τὺπον
701 1919 787 1946 τύπου
806 1918 876 1947 εἶναι

87 1963 227 1997 φήσαντος
250 1962 297 1988 τὸν
321 1962 404 1997 νόμον
427 1963 477 1998 τῆς
495 1963 626 1999 χάριτοςο
644 1965 676 1991 ἐκ
700 1966 876 2001 παραλλήλου

86 2007 115 2033 δὲ
129 2006 263 2038 πολλάκις
285 2009 391 2039 τούτοις
412 2008 558 2043 κέχρηνται
581 2011 637 2041 τοῖς
651 2009 775 2044 ὀνόμασι.
791 2011 878 2046 Δῆλον

84 2052 124 2082 ὡς
143 2052 193 2079 καὶ
206 2052 256 2087 τὴν
271 2052 364 2079 εἰκόνα
390 2053 475 2079 τύπον
499 2053 654 2088 ὀνομάζειν,
668 2056 715 2081 καὶ
735 2055 784 2091 τὴν
798 2056 878 2083 σκιὰν

86 2097 174 2124 τύπον
188 2105 195 2114 ·
215 2098 289 2132 'Opa
304 2098 369 2133 γὰρ,
384 2099 462 2133 φησι,
477 2099 615 2132 ποιήσεις
626 2099 725 2128 πάντα
740 2101 814 2129 κατὰ
826 2102 879 2128 τὸν

88 2144 186 2170 τὺετον
200 2144 254 2170 τὸν
267 2143 422 2179 δειχθέντα
436 2152 485 2171 σοι
496 2145 531 2171 ἐν
545 2144 584 2177 τῷ
596 2145 664 2179 ὄρει.
676 2147 751 2173 Ἐπεὶ
765 2147 816 2174 καί
828 2148 880 2174 ἀν-

87 2190 200 2217 τίτυπα
222 2190 281 2216 τῶν
308 2190 471 2224 ἀληθινῶν,
488 2191 522 2218 τὰ
537 2192 585 2217 τοῦ
607 2192 690 2227 νόμου
707 2193 815 2229 εἴρηται
826 2203 878 2220 πα-

89 2235 126 2269 ρὰ
138 2235 178 2270 τῷ
194 2235 270 2271 αὑτῷ
281 2236 439 2271 ’Λποστόλῳ
452 2245 458 2251 ·
472 2237 510 2268 ὡς
523 2235 592 2263 εἶναι
604 2237 695 2270 σκιὰν,
713 2239 761 2264 καὶ
781 2239 878 2271 τύπον,

88 2281 138 2307 καὶ
157 2281 318 2313 ἀντίτυπον,
334 2281 365 2308 τὸ
379 2281 455 2308 αὐτὸ.
470 2283 524 2308 Καὶ
536 2282 619 2308 πάλιν
634 2283 647 2308 ὁ
667 2283 805 2318 πάνσοφος
819 2285 878 2310 Διο-

87 2326 182 2357 νύσιος
195 2323 247 2352 ὧδέ
269 2335 321 2352 που
345 2326 430 2361 λέγων
444 2335 450 2342 ·
468 2337 477 2352 ι
498 2327 595 2353 Είκόνα
618 2327 704 2354 τύπου
729 2329 880 2363 δειχθέντος

88 2372 165 2407 αὐτῷ
180 2372 252 2399 κατὰ
274 2371 305 2398 τὸ
334 2372 439 2398 Σίναιον
453 2372 526 2408 ὅρος,
545 2373 638 2400 ἐκάλει
657 2374 746 2400 πάντα
757 2375 791 2401 τὰ
808 2375 880 2402 κατὰ

87 2417 135 2443 τὸν
163 2418 247 2452 νόμον
273 2417 498 2453 ίερουργούμενα.
519 2427 528 2443 ι
546 2418 601 2445 Καὶ
624 2419 777 2451 Δαυῐτικῶς
801 2420 830 2447 δὲ
842 2420 880 2447 εἰ·

89 2462 152 2488 πεῖν
165 2469 173 2477 ⁸
188 2471 198 2487 ι
218 2462 263 2488 Ἔν
276 2462 362 2488 εἰκόνι
381 2464 410 2489 ὲν
436 2462 504 2497 τῷδε
526 2463 564 2498 τῷ
576 2463 626 2498 βίῳ
648 2464 878 2500 διαπορευόμεθα.

90 2507 146 2534 Καὶ
163 2509 350 2539 Διονυσιακῶς
362 2507 439 2540 αὖθις
455 2510 543 2535 είπεῖν
556 2517 562 2523 ·
584 2518 593 2535 ι
610 2510 756 2545 Δία-θηταῖς
777 2512 881 2538 εἰκόσιν

90 2554 138 2580 ἐπὶ
162 2554 214 2586 τὰς
245 2554 332 2586 θείας,
346 2555 383 2585 ὡς
399 2554 523 2587 δυνατὸν,
541 2555 699 2590 ἁναγόμεθα
715 2556 845 2592 θεωρίας.
867 2567 876 2582 ι

92 2599 181 2626 Εἱκὼν
196 2599 227 2626 τὸ
239 2600 318 2634 ἅγιον
341 2600 533 2636 θυσιαστήριον
557 2602 665 2636 εἴρηται
691 2602 766 2638 αὐτῷ
777 2611 784 2618 ·
799 2602 881 2629 εἰκὼν

92 2645 122 2670 τὸ
135 2644 209 2671 θεῖον
225 2645 327 2681 μύρον’
343 2645 425 2672 εἰκὼν
437 2647 451 2673 ὸ
467 2647 614 2682 σταυρικδς
629 2647 715 2679 τύπος
726 2655 732 2662 '
747 2648 814 2683 φησὶ
826 2648 881 2684 γὰρ

93 2690 140 2715 καὶ
153 2690 217 2721 τοὺς
230 2690 320 2720 οὕτως
336 2691 453 2722 ζῶντας,
469 2691 507 2722 ὡς
533 2691 676 2726 ὁμοιειδεῖς
702 2692 880 2727 ἐνσημαίνον-

129 2757 150 2772 ⁸¹
167 2757 246 2794 ΙΙρίιν.
260 2766 288 2790 x,
305 2757 329 2784 ί.
353 2757 375 2773 ³⁸
390 2757 471 2785 Ilebr.
497 2759 592 2791 vut,5.
628 2760 651 2776 "
667 2759 749 2788 Hebr.
773 2762 867 2793 ψει.
899 2764 929 2780 ⁸³⁸
970 2763 1006 2789 De
1041 2759 1145 2787 cmlcsti
1171 2758 1324 2786 hicrarchia
1337 2779 1344 2791 ,
1362 2766 1421 2794 cap.
1448 2759 1473 2790 l,
1497 2767 1523 2786 ιι.
1538 2759 1564 2786 9..

96 2799 187 2825 xum,
208 2793 234 2819 'l.

927 1605 989 1623 nem
1032 1596 1182 1631 imaginum
1213 1595 1416 1623 coniectionem
1455 1598 1483 1622 et
1522 1595 1708 1622 adomtionem

923 1649 1066 1677 spernens,
1082 1641 1269 1676 apostolorum
1281 1645 1308 1668 et
1323 1639 1434 1667 Patrum
1458 1640 1609 1668 doctrinam
1633 1641 1709 1676 sequi

924 1692 949 1715 le
965 1687 1032 1714 dicis
1046 1687 1196 1722 iApostolo
1223 1686 1263 1713 sic
1280 1685 1388 1713 dicente
1405 1694 1412 1712 :
1429 1685 1554 1712 Umbram
1581 1686 1649 1712 enim
1663 1685 1711 1711 lm-

925 1733 986 1760 beus
1001 1735 1043 1760 lea:
1064 1733 1214 1768 futurorum
1239 1733 1377 1765 bonorum,
1394 1739 1446 1758 non
1468 1732 1552 1766 ipsum
1569 1731 1709 1766 imaginem

926 1788 1013 1807 rerum
1033 1780 1066 1806 ³¹.
1083 1778 1212 1807 Umbram
1227 1782 1356 1811 veterem,
1377 1777 1520 1813 imaginem
1534 1784 1643 1807 novam.
1667 1784 1711 1804 res

925 1825 1042 1860 denique
1055 1824 1145 1851 futura
1162 1824 1232 1852 bona
1243 1823 1364 1858 exponit.
1381 1823 1527 1858 Gregorius
1545 1824 1609 1850 item
1624 1821 1711 1850 Theo-

927 1870 1004 1905 logus
1029 1874 1210 1904 congruenter
1234 1876 1296 1896 cum
1320 1869 1470 1903 Apostolo,
1490 1868 1574 1903 legem
1600 1873 1628 1895 et
1651 1875 1711 1903 gra-

928 1916 992 1942 tiam
1008 1923 1069 1942 esse
1089 1915 1202 1942 alterum
1232 1914 1346 1942 alterius
1368 1915 1506 1948 exemplar
1531 1913 1623 1941 dixit:
1649 1921 1711 1948 per-

928 1968 999 1995 sa-pe
1024 1960 1096 1987 enim
1113 1960 1156 1988 his
1182 1965 1296 1987 utuntur
1311 1959 1401 1987 verbis
1417 1959 1512 1987 eadem
1537 1960 1563 1986 vi
1586 1967 1618 1986 ac
1638 1963 1713 1993 pote-

928 2010 1008 2033 state.
1027 2005 1102 2033 Unde
1115 2005 1286 2040 pcrspicuum
1301 2009 1340 2032 est
1354 2005 1499 2040 imaginem
1512 2005 1562 2032 hos
1576 2005 1714 2039 exemplar

929 2052 1076 2086 appellare,
1094 2056 1122 2078 et
1149 2050 1273 2077 umbram
1296 2049 1444 2084 exemplar.
1469 2048 1548 2082 Vide,
1565 2049 1659 2080 enim,
1676 2049 1716 2076 in-

930 2099 999 2132 quit,
1025 2098 1114 2124 omnia
1138 2097 1220 2131 facito
1245 2097 1387 2123 secundum
1410 2095 1561 2130 exemplar,
1578 2096 1647 2131 quod
1667 2096 1714 2122 tibi

931 2148 1064 2170 oateusum
1085 2147 1123 2169 est
1149 2143 1176 2169 in
1202 2148 1288 2169 monte
1305 2142 1337 2169 ".
1352 2142 1414 2169 Mox
1429 2146 1456 2168 et
1469 2141 1631 2176 exemplaria
1645 2149 1716 2168 vero-

932 2197 989 2215 rum
1003 2188 1026 2204 ³³
1050 2196 1082 2215 ea
1111 2195 1172 2223 quae
1193 2192 1259 2214 sunt
1288 2186 1355 2221 legis
1377 2186 1547 2221 appellantur
1563 2186 1598 2213 ab
1619 2186 1722 2213 eodem»
1742 2193 1749 2197 ί

931 2234 1061 2270 Apostolo
1076 2255 1083 2268 ,
1098 2235 1135 2260 ita
1149 2238 1178 2261 ut
1198 2233 1305 2264 umbra,
1324 2233 1408 2268 Iigura
1417 2238 1444 2261 et
1459 2233 1597 2267 exemplar
1607 2252 1616 2265 ,
1631 2240 1714 2259 unum

931 2282 1057 2315 idemque
1074 2280 1120 2308 sit.
1147 2279 1179 2307 Et
1197 2287 1307 2307 rursum
1327 2279 1547 2314 sapientissimus
1569 2278 1715 2314 Dionysius

930 2327 1030 2354 alicubi
1051 2326 1140 2354 dicit:
1157 2335 1166 2352 ι
1199 2324 1347 2360 Imaginem
1377 2322 1540 2358 exemplaris
1570 2324 1643 2359 quod
1665 2324 1715 2359 ipsi

930 2377 1072 2400 ostensum
1089 2371 1166 2398 estin
1182 2375 1274 2398 monte
1290 2370 1366 2403 Sina,
1378 2371 1531 2405 appellabat
1547 2372 1640 2399 omnia
1655 2379 1718 2406 qua:

905 2446 910 2453 ,
930 2420 1078 2445 secundum
1106 2417 1192 2450 legem
1206 2423 1283 2443 sacro
1301 2415 1353 2442 ritu
1375 2415 1573 2450 peragebantur
1586 2416 1631 2442 ³³·.
1653 2425 1662 2441 ι
1684 2416 1717 2443 Et

931 2470 960 2490 ut
976 2471 1039 2489 cum
1069 2461 1170 2489 Davide
1196 2461 1297 2496 loquar
1315 2470 1321 2488 :
1337 2460 1365 2487 In
1394 2461 1512 2495 imagine
1532 2461 1561 2488 in
1587 2461 1638 2489 hac
1662 2462 1716 2488 vita

930 2509 1127 2543 pertransimus
1142 2507 1176 2534 ".
1192 2507 1260 2536 Cum
1283 2507 1412 2542 Dionysio
1429 2508 1526 2535 iterum
1541 2516 1549 2534 :
1567 2516 1576 2533 ι
1598 2507 1717 2536 Sensibi-

931 2555 1002 2582 libus
1020 2553 1184 2588 imaginibus
1201 2553 1228 2580 in
1248 2553 1365 2587 divinas,
1382 2553 1471 2588 quoad
1486 2553 1544 2581 ﬁeri
1560 2557 1660 2588 potest,
1673 2561 1718 2581 as-

931 2600 1070 2635 surgimus
1095 2598 1348 2633 contemplationes.
1370 2608 1379 2625 ι
1396 2597 1543 2634 Imaginem
1568 2602 1648 2626 vocat
1670 2605 1716 2626 sa-

931 2653 1007 2673 crum
1027 2645 1112 2672 altare
1136 2652 1144 2677 ;
1172 2643 1330 2679 imaginem,
1359 2643 1481 2671 divinum
1523 2647 1715 2679 unguentum;

933 2692 1089 2726 imaginem,
1105 2690 1197 2718 crucis
1213 2690 1339 2724 ﬁguram.
1359 2689 1426 2716 Nam
1437 2694 1465 2718 et
1489 2697 1537 2718 eos
1557 2689 1605 2724 qui
1624 2689 1665 2717 sic
1681 2689 1716 2716 vi-

1609 2757 1630 2774 ³⁵
1645 2756 1716 2785 Psal-

722 2839 837 2868 νΑιιυΕ
857 2839 1061 2869 LECTIONES.

134 2883 144 2904 ί
162 2884 231 2920 Ὅρα
263 2884 288 2911 τί
321 2886 383 2913 σκιὰ
409 2886 455 2913 καὶ
482 2885 507 2912 τε
534 2885 616 2916 εἰκὼν
633 2886 749 2914 mitius
764 2888 797 2913 τὰ
812 2887 972 2923 πράγματα.
987 2895 1036 2915 ms.
1056 2887 1082 2913 in
1103 2886 1235 2920 margine.
