1916 3075
213 161 266 191 467

809 170 840 199 S.
860 171 1058 201 THEODORI
1077 173 1249 212 ξΤῙΠΠΤίΕ

1786 171 1846 203 463

212 219 287 246 vnnt,
303 220 330 242 ιιι
347 216 401 244 sint
420 218 517 246 similis
540 220 630 247 formae
654 228 715 248 cum
736 229 769 249 eo
785 223 831 257 qui
857 223 920 250 illos
934 231 993 251 cru-

1050 234 1094 258 τος
1121 228 1153 262 τῇ
1181 225 1350 261 σταυροειδεί
1377 223 1427 258 τῆς
1450 218 1552 250 οἰκείας
1575 219 1787 256 ἀναμαρτησιας
1802 224 1845 249 εί·

213 261 292 288 «:ilixa
307 262 429 297 imagine
448 265 565 298 propriae
585 266 773 301 impeccanliae
789 269 913 304 insignit,
931 271 999 297 ima-

212 307 290 340 gines
309 313 335 334 et
350 313 474 336 sacratos
500 316 613 338 ornatus
629 311 699 339 idem
713 313 839 347 appellat.
864 314 999 348 Imagines

212 352 328 386 denique
344 354 436 381 omnia
461 363 522 389 quae
547 356 573 382 in
601 357 721 392 mysticis
743 358 913 386 caeremoniis
936 366 1001 385 con-

213 397 378 432 spiciuntur.
404 398 474 434 Quid
490 407 555 435 ergo
579 395 597 428 ’ἶ
611 409 664 428 non
691 402 716 428 id
742 411 822 430 omne
848 404 998 438 imaginum

212 444 347 471 confectio
370 450 398 482 et
422 447 546 475 adoratio
573 450 642 476 est?
661 449 870 485 Maxime:quae
891 455 918 478 tu
931 452 995 478 dum

213 488 336 522 spernis.
366 492 493 525 sprevisti
534 493 678 521 manifeste
718 503 773 522 non
813 497 997 530 apostolorum

212 533 384 568 simpliciter,
402 544 432 564 ac
449 536 560 565 Patrum
576 539 727 567 doctrinam
742 560 749 573 ,
767 541 813 568 sed
841 547 868 569 et
894 542 998 569 Nevum

213 578 415 608 Testamentum
433 591 441 615 ;
473 584 496 610 si
512 591 576 611 vero
605 585 729 618 Novum,
753 587 848 622 utique
862 592 888 614 et
904 586 997 614 Vetus.

212 625 298 652 Video
316 630 405 654 autem
427 633 452 655 et
467 633 492 656 te
510 635 631 664 spretum
651 639 665 658 a
688 637 712 659 te
733 632 809 666 ipso.
835 633 999 667 angelusque

211 675 328 704 spretos.
342 671 433 707 Imago
449 673 493 700 Dei
508 675 589 702 homo
606 681 665 709 est,
685 678 814 712 quoniam
832 677 932 704 imitari
951 685 998 712 po-

213 719 266 741 test
281 723 341 742 enm
359 718 405 751 qui
427 726 482 746 non
506 725 545 746 est
560 721 711 748 imitatione
727 722 761 748 ab
778 723 832 749 ullo
856 730 998 756 exaequan-

212 759 274 787 dus.
305 761 444 796 Siquidem
474 764 539 792 dicit
555 766 695 801 Scriptura
723 767 782 794 :In
809 768 923 802 imagine
950 767 998 794 Dei

212 805 262 839 feci
281 806 410 835 hominem
427 809 459 836 ⁸⁸.
474 809 564 846 Imago
582 811 629 839 Dei
656 813 767 847 angelus
784 818 835 845 est,
850 813 938 848 inquit
955 813 996 840 di-

211 851 293 878 vinus
310 851 465 889 Dionysius.
492 855 640 892 Imaginum
658 858 740 892 igitur
757 858 954 886 coniectionem
969 863 996 886 et

1052 273 1110 299 κόνι
1123 281 1129 288 ·
1148 272 1252 304 εἰκόνες
1268 272 1314 298 καὶ
1340 268 1480 306 ἱερατικαὶ
1502 265 1710 301 διακοσμήσειςν
1725 268 1739 294 6
1760 268 1844 300 αὐτός

1051 327 1128 353 φησι.
1142 319 1251 349 Εἰκόνες
1267 318 1356 344 πάντα
1373 317 1406 343 τὰ
1419 315 1491 342 κατὰ
1506 312 1556 346 τὴν
1578 313 1714 348 μυστικὴν
1731 314 1842 350 ἰερουρ-

1050 365 1112 398 γίαν
1137 363 1274 399 ὁρώμενα.
1291 363 1324 389 Τί
1348 361 1415 396 οὖν;
1434 362 1466 389 οὐ
1490 359 1578 387 ταῦτα
1600 359 1690 385 πάντα
1716 359 1843 394 εἰκονικὴ

1051 409 1161 444 ποίησις
1175 410 1222 435 καὶ
1236 407 1440 444 προσκύνησιςς
1462 408 1509 434 καὶ
1527 407 1599 442 μάλα
1610 414 1617 421 ·
1633 405 1707 439 ἅπερ
1727 406 1759 431 σὺ
1773 405 1842 430 ἀθε-

1050 456 1114 488 τῶν,
1128 455 1312 490 συνηθέτηκας
1327 454 1462 489 ἀριδήλως
1475 454 1506 480 οὗ
1523 453 1572 488 τὴν
1594 451 1778 486 ἀποστολικὴν
1793 451 1842 477 καὶ

1052 501 1193 536 Πατρικὴν
1206 500 1381 526 διδασκαλίαν
1407 498 1512 529 ἁπλῶς,
1530 497 1598 524 ἀλλά
1614 497 1668 532 γὰρ
1693 497 1743 531 τὴν
1764 496 1841 521 Νέαν

1049 547 1200 581 Διαθήκηψ
1215 548 1238 572 εἰ
1253 547 1281 572 δὲ
1296 546 1344 581 τὴν
1357 545 1442 575 Νέαν,
1452 544 1573 579 δηλονότι
1587 543 1634 569 καὶ
1645 543 1694 578 τὴν
1702 542 1839 568 Παλαιὰν.

1055 591 1126 626 ’0ρῶ
1145 591 1173 617 δὲ
1186 592 1227 617 ὅτι
1243 591 1290 617 καὶ
1304 590 1417 616 σεαυτὸν
1430 589 1570 624 ὴθέτηκας
1580 608 1587 620 ,
1606 588 1652 614 καί
1666 595 1698 621 γε
1713 588 1776 618 τοὺς
1791 587 1840 620 ἀγ-

1048 637 1153 671 γέλους.
1170 636 1259 662 Εἰκὼν
1274 635 1341 662 Θεοῦ
1359 636 1372 661 ὸ
1386 635 1531 669 ἅνθρωπος
1546 635 1617 660 κατὰ
1631 633 1680 667 τὴν
1694 633 1841 667 ἐνδεχομέ-

1050 692 1097 717 νην
1112 682 1158 709 τοῦ
1177 682 1315 717 ἀμιμητον)
1338 681 1454 716 μίμησιν
1467 689 1474 695 ·
1490 681 1569 714 εἴπερ
1591 679 1657 714 φησί
1681 678 1717 705 τὰ
1736 678 1817 711 λόγια
1830 685 1837 691 ·

1055 729 1105 755 Ἐν
1132 728 1224 754 εἰκόνι
1245 727 1319 754 Θεοῦ
1339 726 1471 759 ἐποίησα
1491 726 1545 752 τὸν
1564 724 1731 758 ἄνθρωπον.
1746 723 1840 750 Εἰκών

1048 776 1106 800 ἐστι
1126 773 1173 800 τοῦ
1197 772 1265 800 Θεοῦ
1285 773 1298 798 ό
1321 771 1448 806 ἄγγελος.
1462 771 1546 806 φησὶν
1560 772 1573 797 ό
1588 770 1660 801 θεῖος
1685 768 1837 800 Διονύσιος.

1048 818 1192 853 Εἰκονικὴν
1216 817 1362 852 τοιγαροῦν
1387 817 1498 852 ποίησιν
1519 817 1566 842 καὶ
1581 814 1768 850 προσκύνησιν
1784 813 1839 839 δώ-

1049 873 1125 896 σειας
1137 865 1231 900 ἄμφω,
1244 863 1294 890 κᾶν
1311 862 1348 898 μὴ
1364 862 1456 898 βούλῃ.
1474 862 1529 888 Καὶ
1549 861 1615 895 γοῦν
1636 863 1834 896 προσκυνεῖται

211 896 398 925 adorationem
423 899 519 927 ambos
545 908 606 928 esse
623 903 802 936 concesseris,
821 904 860 931 vel
883 904 993 932 invitus.

1050 912 1095 938 καὶ
1111 896 1226 944 ἄγγελος
1252 910 1298 936 καὶ
1312 896 1465 943 ’ἄνθρωπος
1478 916 1484 922 -
1499 907 1636 941 ὴθέτηκας
1659 904 1707 933 οὖν
1727 907 1775 934 καὶ
1801 907 1839 932 τὰ

211 939 316 969 Etenim
341 947 368 970 et
395 945 508 980 angelus
533 946 664 974 adoratnr
679 967 687 979 ,
705 953 733 975 et
751 949 842 977 homo.
865 949 995 983 Sprevisti

209 994 275 1020 ergo
292 1008 298 1020 ,
315 992 342 1015 et
363 993 469 1017 terrena
484 1009 491 1022 ,
515 995 545 1017 ut
560 992 667 1020 videtur
679 1014 686 1026 ,
699 999 726 1020 et
745 994 876 1022 caelestia.
903 994 996 1029 Neque

210 1033 282 1058 enim
303 1035 450 1069 segregasti
469 1036 538 1063 hanc
558 1036 592 1063 ab
609 1037 653 1064 illa
670 1057 678 1069 ,
696 1038 797 1072 pictam
823 1047 838 1066 a
854 1039 970 1067 naturali
986 1050 993 1073 ;

210 1075 257 1102 sed
287 1084 394 1104 omnem
420 1080 559 1107 collective
586 1082 713 1117 imaginis
745 1083 942 1112 confectioncm
969 1090 996 1112 et

209 1121 395 1150 adorationem
413 1132 540 1159 spernere
563 1134 618 1161 pne
630 1132 655 1154 te
671 1128 756 1156 tulisti
772 1149 779 1161 ,
797 1130 865 1156 nihil
882 1130 988 1165 specia-

207 1166 255 1193 tim
281 1168 420 1203 excipiens
435 1190 442 1203 ,
475 1176 571 1205 praeter
594 1177 716 1200 sanctam
742 1173 915 1202 Trinitatem.
933 1174 992 1210 Ipsa

207 1212 280 1241 enim
312 1214 369 1243 snln
397 1223 450 1242 non
470 1216 596 1252 imaginis
624 1218 760 1247 confectio
775 1225 838 1252 est,
864 1222 993 1256 quoniam

207 1266 295 1292 neque
310 1265 400 1289 errata
417 1262 464 1289 sed
478 1263 614 1297 incrcata;
642 1273 730 1300 neque
755 1266 833 1294 aliter
850 1267 935 1301 possit
950 1267 994 1294 in-

207 1304 287 1339 telligi
300 1305 420 1339 perfecto
431 1307 548 1336 dilucide
557 1314 602 1338 tua
614 1312 771 1346 propositio.
784 1311 835 1340 Sed
848 1313 944 1340 iterum
959 1314 993 1342 ad

205 1350 233 1376 id
248 1350 281 1376 de
293 1359 346 1385 quo
361 1353 449 1386 agitur
466 1359 642 1384 revertamur.

206 1396 389 1437 Apostolorum
405 1403 429 1425 et
451 1399 563 1438 Patrum
590 1401 737 1429 doctrinam
763 1411 868 1438 sequens
892 1412 993 1431 omnem

242 1432 386 1466 imaginum
399 1435 585 1467 coniectionem
593 1442 616 1462 et
632 1432 812 1464 adat-«tionem
823 1447 956 1473 spernens.

338 1485 393 1512 Vox
413 1485 484 1514 Petri
502 1489 630 1524 principis
646 1492 834 1523 apostolorum.

241 1528 335 1556 Profer
352 1531 498 1566 imaginem
522 1533 626 1561 Domini
643 1537 727 1562 nostri
746 1535 810 1564 Jesu
825 1537 927 1565 Christi
940 1558 947 1570 ,
964 1543 991 1566 et

205 1573 278 1601 illam
304 1575 330 1602 in
365 1577 494 1604 turricula
522 1580 643 1613 exprime
667 1602 673 1611 ,
692 1586 721 1608 ιιι
753 1587 867 1610 cernant
898 1584 990 1619 populi

204 1621 312 1654 qualem
327 1621 443 1650 formam
458 1626 639 1659 assumpserit
659 1626 744 1655 Filius
760 1628 805 1656 Dei
825 1630 847 1658 ³.

457 1715 512 1742 Vox
524 1718 609 1744 sancti
626 1718 755 1753 Dionysii.

239 1769 298 1797 XX.
314 1770 431 1805 Benigna
451 1772 567 1800 initiatio
581 1774 717 1808 primitiva
733 1776 906 1804 sensibilibus
921 1778 989 1805 ima-

201 1815 312 1850 ginibus
336 1817 543 1851 supercmlcstes
570 1824 675 1847 mentes
700 1821 844 1855 descripsit
870 1823 896 1848 in
925 1830 990 1849 con-

203 1865 278 1888 textu
321 1862 548 1897 Scripturarum,
613 1873 657 1893 res
697 1874 788 1895 sacras
834 1868 989 1903 exprimen-

203 1908 269 1935 tium
287 1908 311 1934 ιι.

440 1957 493 1983 Vox
510 1958 595 1984 sancti
614 1957 764 1986 Athanasii.

239 2009 310 2039 XXI.
328 2011 384 2038 Nos
398 2013 444 2046 qui
463 2012 555 2040 ﬁdeles
569 2021 675 2046 sumus,
694 2015 825 2049 imagines
843 2023 896 2043 non
919 2017 988 2043 σόος

203 2064 296 2083 ramus
327 2062 455 2092 tauquam
485 2059 550 2086 deos
589 2068 662 2086 more
700 2061 840 2094 gentilium
864 2070 871 2087 :
892 2061 984 2089 absit!

202 2101 247 2128 sed
267 2102 385 2129 studium
410 2103 539 2131 duntaxat
555 2110 581 2131 et
600 2106 725 2132 affectum
743 2111 843 2133 nostra:
860 2106 987 2134 dilectio-

202 2146 243 2184 nis
259 2154 320 2182 erga
330 2147 445 2186 formam
461 2157 583 2186 personae
594 2150 719 2185 imaginis
731 2151 952 2180 demonstrantes
963 2153 984 2179 ί.

449 2239 504 2267 Vox
520 2242 604 2267 sancti
628 2241 732 2269 Basilii.

235 2293 317 2321 XXII.
335 2294 433 2324 Adeste
444 2296 512 2322 mihi
531 2305 612 2327 nunc,
629 2306 645 2324 0
658 2299 776 2332 praeclari
795 2299 984 2327 athleticorum

1047 957 1164 991 ἐπίγεια,
1181 956 1218 987 ὡς
1231 956 1313 987 ἔοικε,
1325 955 1372 981 καὶ
1382 954 1415 980 τὰ
1424 952 1573 987 ἐπουράνια
1582 961 1588 967 ·
1598 952 1628 978 οὺ
1640 952 1694 987 γὰρ
1706 951 1838 978 ὑπέστει-

1046 1002 1094 1034 λας
1111 1001 1190 1037 τήνδε
1205 1001 1298 1036 τῆσδε,
1313 999 1452 1035 γραφικὴν
1466 998 1585 1032 φυσικῆς
1604 998 1695 1024 πᾶσαν
1707 997 1737 1023 δὲ
1754 1006 1837 1032 περι-

1046 1045 1185 1081 ληπτικῶς
1209 1044 1347 1078 εἰκονικὴν
1383 1042 1493 1076 ποίησίν
1523 1050 1552 1067 τε
1576 1040 1624 1067 καὶ
1646 1039 1838 1075 προσκύνησιν

1045 1093 1152 1120 ἀθετεῖν
1181 1091 1265 1126 ἔφθης
1294 1089 1390 1120 εἰπὼν,
1416 1088 1492 1115 οὐδὲν
1524 1087 1584 1114 κατ’
1602 1087 1698 1121 ἐξοχὴν
1727 1086 1835 1117 ἐάσας,

1045 1137 1115 1172 πλὴν
1129 1137 1178 1172 τῆς
1190 1136 1271 1170 άγίας
1287 1134 1401 1170 Τριάδος
1415 1142 1422 1149 ·
1437 1133 1506 1167 αὕτη
1523 1132 1577 1166 γάρ
1594 1132 1661 1167 μόνη
1677 1131 1708 1157 οὐ
1723 1130 1836 1164 ποίησις

1045 1182 1177 1218 εἰκονικὴ,
1192 1183 1233 1208 ὅτι
1258 1181 1324 1216 μηδὲ
1350 1179 1448 1210 κτίσις,
1469 1179 1536 1205 ἀλλὰ
1553 1178 1698 1208 ἇκτιστος⁶
1717 1176 1763 1202 καὶ
1781 1177 1836 1203 οὐκ

1044 1229 1077 1256 ἂν
1091 1229 1179 1259 ἄλλως
1192 1227 1317 1262 δυνηθείη
1345 1225 1474 1261 νοηθῆναί
1490 1233 1537 1251 σου
1551 1225 1567 1259 ἡ
1585 1223 1716 1259 πρότασις
1733 1222 1835 1256 ὁμολο-

1044 1274 1194 1310 γουμένως.
1214 1273 1295 1300 Ἀλλὰ
1328 1272 1411 1299 πάλιν
1444 1270 1624 1306 ἀναλάϐωμεν
1653 1269 1689 1296 τὰ
1716 1268 1835 1304 προκείο

1045 1329 1125 1356 μενα.
1158 1339 1161 1341 -

1047 1373 1086 1408 Τῇ
1096 1372 1285 1411 ἀποστρλικῇ
1295 1372 1343 1411 καὶ
1359 1371 1491 1411 Παῖρικῆ
1499 1406 1504 1411 _
1513 1369 1700 1411 διδασκαλίᾳ
1720 1368 1834 1411 ἐπομε-

1078 1405 1147 1440 nec,
1167 1407 1271 1435 πᾶσαν
1281 1407 1435 1440 obtortth
1452 1406 1578 1439 ποίησιν
1588 1405 1636 1431 καί
1652 1405 1830 1438 προσκύνη-

1079 1451 1132 1470 σιν
1145 1442 1271 1470 ἀθετῶν.

1095 1491 1180 1523 Φωνὴ
1196 1488 1307 1523 Πέτρου
1325 1488 1380 1515 τοῦ
1399 1488 1565 1522 κορυφαίου
1585 1486 1774 1512 ἀποστόλων.

1085 1536 1224 1570 Ἐξένεγκε
1247 1536 1298 1570 τὴν
1334 1534 1426 1561 εἰκόνα
1447 1533 1493 1559 τοῦ
1513 1532 1615 1567 Κυρίου
1635 1530 1714 1565 ἡμῶν
1737 1529 1831 1564 Ἰησοῦ

1042 1581 1171 1618 Χριστοῦ,
1194 1581 1242 1608 καὶ
1263 1579 1419 1607 ὲντύπωσον
1443 1578 1528 1613 αὐτὴν
1553 1579 1582 1603 ὲν
1604 1577 1642 1611 τῷ
1659 1575 1807 1611 πυργιακῷ
1821 1583 1830 1591 ~

1042 1629 1084 1655 ἵνα
1098 1628 1188 1655 ἴδωσιν
1200 1627 1225 1654 οἰ
1241 1626 1302 1654 itaet
1318 1626 1398 1653 ποίαν
1417 1623 1524 1660 μορφὴν
1534 1622 1664 1650 ἀνέλαϐεν
1674 1623 1690 1649 ὀ
1702 1621 1768 1653 Υἱὸς
1778 1621 1832 1648 τοῦ

1041 1674 1108 1701 Θεοῦ
1113 1694 1119 1700 .

1210 1728 1297 1762 Φωνὴ
1310 1727 1362 1755 τοῦ
1378 1727 1462 1761 ἁγίου
1482 1725 1654 1752 Διονυσίου.

1080 1787 1112 1813 'II
1128 1786 1317 1821 φιλάνθρωπος
1330 1783 1491 1818 τελεταρχία
1505 1782 1649 1817 αἰσθηταῖς
1660 1781 1746 1807 εἰκόσι
1758 1780 1826 1812 τοὺς

1040 1831 1254 1868 ὑπερουρανίους
1272 1830 1446 1866 ἀνεγράψατο
1460 1829 1532 1861 νόας,
1547 1829 1576 1855 ὲν
1591 1828 1651 1860 ταῖς
1666 1828 1831 1868 ἰερογραφι-

1039 1879 1102 1910 καῖς
1113 1877 1167 1905 τῶν
1178 1877 1276 1911 λογίων
1289 1876 1440 1903 συνθέσεσι.

1202 1957 1289 1991 Φωνὴ
1305 1957 1359 1984 τοῦ
1376 1957 1463 1991 ἁγίου
1482 1956 1669 1984 Ἄθανασίου.

1073 2017 1128 2051 Οὐχ
1147 2016 1184 2047 ὡς
1207 2017 1284 2047 θεοὺς
1309 2015 1358 2046 τὰς
1378 2014 1487 2045 εἰκόνας
1513 2011 1719 2048 προσκυνοῦμεν
1735 2012 1761 2038 οἱ
1780 2020 1830 2038 πι-

1039 2063 1105 2095 στοὶ,
1124 2061 1161 2097 μὴ
1175 2061 1290 2095 γένοιτο,
1305 2060 1399 2094 ὥσπερ
1413 2060 1437 2085 ol
1451 2058 1581 2093 Ἕλληνες
1591 2065 1597 2073 ·
1611 2057 1680 2084 ἀλλὰ
1690 2057 1739 2092 τὴν
1759 2057 1827 2091 σχέ-

1038 2115 1080 2133 σιν
1095 2107 1174 2141 μόνον
1189 2107 1235 2132 καὶ
1250 2106 1295 2132 τὸν
1312 2106 1392 2131 πόθον
1405 2104 1456 2139 τῆς
1470 2103 1547 2138 ἡμῶν
1567 2103 1678 2137 ἀγάπης
1690 2102 1759 2137 πρὸς
1777 2102 1827 2128 τὸν

1037 2152 1199 2187 χαρακτῆρα
1224 2150 1272 2177 τοῦ
1306 2149 1454 2186 προσώπου
1487 2149 1538 2184 τῆς
1572 2148 1676 2179 εἰκόνος
1702 2148 1827 2182 ἐμφανί-

1038 2197 1140 2230 ζοντες.

1178 2242 1264 2275 Φωνὴ
1279 2242 1332 2269 τοῦ
1343 2241 1477 2275 μεγάλου
1499 2241 1671 2267 Βασιλείου.

1075 2298 1222 2332 Ἀνάστητέ
1249 2306 1294 2332 μοι
1315 2297 1378 2328 νῦν,
1398 2305 1421 2323 ω
1443 2296 1565 2330 λαμπροὶ
1585 2295 1639 2321 τῶν
1664 2295 1824 2329 ἀθλητικῶν

200 2340 380 2367 certaminum
420 2341 539 2375 pictores
562 2363 569 2374 ,
591 2344 713 2370 mutilam
733 2345 812 2371 ducis
841 2345 984 2380 imaginem

1053 2343 1253 2378 ατορθωμάτων
1275 2342 1433 2378 ζωγράφοι·
1451 2343 1500 2377 τὴν
1515 2341 1563 2368 τοῦ
1573 2341 1729 2377 στρατηγοῦ
1743 2341 1823 2367 κολοη

199 2391 290 2417 γοεινο
310 2386 442 2425 ὶΙΙιιςιτιιιθ
461 2388 586 2415 artilicio.
603 2388 705 2421 Elpes!
723 2390 797 2416 alia:
815 2389 943 2425 I’ingatur
957 2393 984 2419 in

1051 2389 1167 2416 ωοεῖσαν
1195 2389 1298 2420 εἰκόνα,
1319 2389 1380 2418 ταῖς
1408 2387 1557 2422 ὑμετέραις
1591 2386 1759 2422 μεγαλύνατε
1774 2387 1823 2413 τέ-

200 2431 290 2459 tabula
307 2436 334 2459 ct
347 2433 525 2471 certaminum
542 2435 704 2470 agonotlieta
719 2435 876 2463 Cltristust.

338 2533 393 2564 V0.1;
413 2535 498 2567 sancti
520 2535 638 2570 Gregorii
664 2535 840 2566 Nazianzeni.

234 2588 327 2616 XXIII.
352 2591 498 2621 Polemon:
517 2592 620 2626 pictum
647 2593 844 2627 prominentem
869 2596 980 2631 conspi-

199 2642 263 2662 rans
283 2635 295 2654 ιι
311 2644 317 2661 :

228 2690 250 2704 ³⁵
275 2690 344 2717 Gen.
367 2698 403 2720 ix.
419 2690 445 2718 6.

1032 2443 1119 2470 χυσις.
1133 2434 1186 2461 Καὶ
1197 2434 1260 2468 μεθ’
1280 2433 1380 2466 ἕτερα·
1403 2431 1599 2467 Ἐγγραφέσθω
1608 2431 1647 2467 τῷ
1661 2431 1756 2458 πίνακι
1772 2432 1823 2459 καὶ

1034 2482 1048 2507 ὁ
1061 2481 1115 2506 τῶν
1131 2479 1329 2514 παλαισμάτων
1345 2478 1517 2513 ἀγωνοθέτης
1532 2478 1660 2512 Χριστός.

1170 2538 1255 2571 Φωνὴ
1274 2537 1437 2572 Γρηγορίω)
1457 2536 1509 2563 τοῦ
1523 2538 1678 2571 Θεονίόγυυ.

1034 2598 1089 2632 Τῆς
1102 2596 1124 2623 δ’
1143 2594 1176 2631 ἦν
1192 2594 1372 2630 ὑπερκύπτων
1390 2593 1518 2628 Πολέμων
1531 2593 1560 2620 ὲν
1573 2593 1658 2620 εἰκόνι
1667 2600 1675 2607 ·

832 2738 948 2770 YARI/E
970 2739 1172 2769 LECTIONES.

236 2785 247 2803 [⁵
261 2784 301 2824 _E_x
319 2784 380 2812 Vita
395 2785 716 2824 sancti_l’ancr_atii‘apud
735 2787 895 2815 Bollandum
910 2797 1003 2816 mense
1019 2789 1104 2824 Aprili
1118 2791 1135 2817 5
1146 2791 1200 2820 die,
1217 2797 1276 2823 pag.
1290 2789 1352 2816 257.
1392 2788 1405 2808 ι
1418 2788 1456 2815 Ex
1469 2796 1528 2823 cap.
1545 2796 1563 2819 ι,
1583 2788 1617 2815 dc
1633 2788 1738 2815 cmlesti
1753 2789 1813 2816 llic.

197 2819 303 2859 rarrlzin
318 2828 380 2859 cap_
401 2821 429 2859 I,‘
440 2821 509 2859 In?»
551 2823 558 2841 ί
581 2821 618 2859 lii}
632 2819 832 2859 Quatslionihus
844 2823 876 2850 ad
892 2819 1053 2859 Antiochum
1069 2830 1164 2859 qmest.
1176 2819 1219 2851 59L

342 2856 352 2875 ¹ε
373 2856 408 2883 De
418 2856 489 2883 Actis
501 2857 586 2884 sancti
607 2857 738 2885 Pancratii
753 2867 846 2885 rursus
872 2858 951 2891 infra,
965 2860 1042 2894 cpisl.
1064 2856 1107 2892 ἃ,
1136 2860 1180 2886 ιιΙι⁴
1201 2867 1230 2886 ll.

196 2854 221 2887 l_.u
226 2864 237 2879 ιο
242 2862 266 2882 ιιι

1263 2825 1269 2848 t
1296 2823 1330 2849 Ex
1353 2825 1450 2852 Ilomil.
1470 2831 1545 2855 xvnt,
1561 2825 1587 2850 in
1604 2827 1729 2850 sanciunt
1750 2825 1812 2852 Bar-
