1916 3075
65 170 114 201 169

64 227 170 262 ταύτην
189 228 291 260 ἰδοῦσα,
316 231 361 256 καὶ
379 229 434 263 γὰρ
447 227 482 264 ἦν
507 229 655 264 σεϐασμια,

71 272 204 306 Ἀπῆλθεν
219 273 301 305 εὐθὺς
317 275 363 300 καὶ
383 274 448 306 θέας
459 275 612 309 ἡττημένη.

71 317 110 348 Ὠς
124 317 205 349 ζῶντ’
220 319 434 353 ὲπαισχυνθείσα
449 320 494 346 τὸν
507 319 711 355 γεγραμμένον.

267 374 354 409 Φωνὴ
368 374 421 401 τοῦ
441 375 666 409 Χρυσοστόμου.

103 429 174 463 Ἐγὼ
196 430 244 456 καὶ
257 430 307 465 τὴν
333 430 484 465 κηρόχυτον
505 431 636 464 ἠγάπησα
657 431 775 464 γραφὴν,
806 430 851 454 εὐ-

66 477 172 508 σεϐείας
199 477 296 503 ἕνεκεν
322 477 544 512 πεπληρωμένην
557 485 563 491 ·
579 475 648 503 εἶδον
663 476 716 510 γὰρ
735 475 852 509 ἄγγελον

64 523 91 548 ὲν
105 523 191 548 εἰκόνι
206 523 356 550 ἐλαύνοντα
380 523 526 558 βαρΰὰρων
554 522 646 557 στίφη.
659 519 736 548 Εἶδον
750 521 852 548 πατού-

65 576 132 600 μενα
159 568 305 603 βαρϐάρων
331 569 402 602 φῦλα.
412 578 418 584 ·
435 570 482 596 καὶ
497 569 541 596 τὴν
571 569 652 596 Δαυτδ
664 568 831 603 ἀληθεύοντα.
843 575 851 583 ⁸

65 613 162 645 Κύριε,
178 613 213 638 ἐν
238 613 277 647 τῇ
299 614 385 640 πόλει
399 623 457 642 σου
472 613 530 648 τὴν
541 615 644 642 εἰκόνα
656 613 754 642 αὐτῶν
768 614 852 644 ἐξου-

64 655 216 689 denegem.

153 711 241 746 Φωνὴ
269 713 322 739 τοῦ
341 713 428 747 ἁγίου
444 714 468 739 Γ
465 716 608 747 ρηγορὶου
625 713 763 746 Νύσσης.

98 766 178 794 Εἶδον
206 769 336 800 πολλάκις
363 769 410 795 ἐπὶ
431 770 540 804 γραφῆς
560 769 653 796 εἰκόνα
665 769 712 796 τοῦ
730 769 851 800 πάθους·

65 815 110 840 καὶ
134 815 186 841 οὐκ
219 815 353 849 ἀδακρυτὶ
380 815 428 850 τὴν
454 815 517 842 Θέαν
550 814 708 850 παρῆλθον·
730 814 853 849 ἐναργῶς

64 860 111 893 τῆς
126 859 227 894 τέχνης
241 860 288 886 ὑπ’
300 860 361 894 ὖψιν
383 861 504 896 ἀγούσης
526 861 576 897 τὴν
589 860 722 896 ἱστορίαν.
739 861 852 896 Πρόκει-

64 913 106 934 ται
119 905 133 930 ὁ
156 905 285 936 Ἰσαάκ...

241 1005 328 1039 Φωνὴ
340 1006 393 1033 τοῦ
407 1006 492 1040 ἁγίου
507 1008 668 1040 Κυρίλλου.

99 1060 177 1088 Εἶδον
195 1063 252 1096 ἐγὼ
278 1063 324 1089 ἐπὶ
346 1063 435 1098 τοίχου
454 1065 574 1099 γραφῆς,
604 1064 768 1091 ὲναθλοῦσαν
799 1065 854 1095 τοῖς

65 1107 209 1142 σκάμμασι
225 1108 325 1143 κόρην·
355 1109 402 1135 καὶ
419 1109 468 1137 οὐκ
497 1110 628 1144 ἀδακρυτὶ
641 1110 690 1145 τὴν
707 1109 771 1137 θέαν
787 1119 854 1137 κατ-

65 1153 203 1181 dimensa.

89 1209 176 1242 Φωνὴ
192 1209 254 1236 τῶν
268 1211 325 1245 τῆς
337 1211 426 1245 ἕκτης
439 1212 526 1246 ἁγίας
537 1211 672 1240 συνόδου
686 1212 836 1247 Πατέρων.

100 1267 150 1293 Ἕν
164 1275 220 1294 τισι
237 1267 291 1294 τῶν
309 1268 415 1296 σεπτῶν
429 1269 542 1296 εἰκόνων
556 1271 687 1305 γραφαῖς,
706 1270 792 1304 ἀμνὸς
807 1270 855 1297 δα-

65 1313 155 1348 κτύλῳ
183 1313 231 1339 τοῦ
250 1313 408 1350 Προδρόμου
439 1314 614 1350 δεικνύμενος
643 1315 854 1350 ἐγχαράττετσι.

67 1359 119 1385 Καὶ
131 1359 199 1392 μεθ’
209 1358 295 1393 ἔτερα
304 1367 311 1374 ο
335 1359 378 1391 Ὧς
387 1359 420 1386 ἂν
433 1358 479 1386 οὖν
490 1359 521 1386 τὸ
529 1360 632 1387 τέλειον
646 1361 698 1387 κάν
712 1362 772 1393 ταῖς
786 1370 857 1396 χρω-

67 1403 250 1437 ματουργίαις
261 1404 290 1430 ὲν
311 1405 372 1436 ταῖς
385 1404 513 1433 ἁπάντων
533 1405 626 1440 ὂψεσιν
644 1406 855 1441 ὐπογράφηταιο

66 1447 95 1473 τὸ
106 1446 155 1473 τοῦ
170 1447 295 1482 αἴροντος
305 1448 354 1484 τὴν
363 1449 503 1484 ἁμαρτίαν
512 1449 559 1477 τοῦ
574 1451 677 1486 κόσμου
691 1451 777 1485 ἀμνοῦ
791 1451 857 1486 Χρι-

67 1493 129 1520 στοῦ
143 1493 192 1520 τοῦ
211 1495 278 1521 Θεοῦ
291 1495 382 1530 ἡμῶν,
392 1496 463 1523 κατὰ
476 1496 522 1522 τὸν
534 1496 704 1532 ἀνθρώπινον
716 1498 857 1533 χαρακτῆ-

575 170 792 201 REFUTATIO
808 169 920 199 POEM.
952 169 1179 199 [CONOMACIL

1631 160 1685 194 Eii}

867 231 887 256 A
939 226 1003 261 (Ore
1016 227 1170 254 venerando
1191 233 1307 260 namque
1326 229 1383 253 erat
1402 231 1530 259 perquam
1548 227 1575 250 et
1596 223 1683 258 gravi)

938 273 1070 307 Superata
1092 273 1151 300 solo
1167 273 1260 299 retulit
1277 271 1336 298 visu
1351 272 1455 306 pedem:

907 317 1012 344 Pictum
1029 318 1139 352 perinde
1158 317 1242 344 verita
1257 317 1315 343 luce
1327 321 1355 343 ut
1372 314 1541 350 prmditum‘.

1135 373 1190 400 ι’οπ
1205 374 1289 401 sancti
1301 373 1490 408 Chrysostomi.

938 430 1033 458 XXIV.
1049 430 1105 465 Ego
1117 436 1143 458 et
1157 431 1291 465 picturam
1305 438 1337 458 ex
1350 437 1411 458 cera
1435 428 1542 456 fusilcm
1562 429 1686 456 adamavi

903 481 1034 510 tanquam
1066 477 1165 511 pietate
1179 477 1309 504 refertam
1327 485 1334 503 :
1350 476 1417 503 mihi
1439 475 1513 502 enim
1529 475 1606 502 visus
1625 482 1686 502 sum

902 522 1029 556 angelum
1058 529 1170 549 cernere
1190 521 1264 550 illam
1293 521 1477 548 barbarorum
1498 520 1598 547 nubem
1623 527 1688 555 pro-

904 565 1050 600 ﬂigantem.
1067 567 1127 594 Vidi
1140 567 1273 594 barbaras
1290 567 1349 594 illas
1365 570 1457 601 gentes
1468 565 1574 592 conteri
1588 569 1615 591 et
1624 571 1688 591 con-

903 611 1016 645 culcari,
1029 616 1056 639 et
1074 612 1200 639 Davidem
1224 619 1288 639 vere
1311 612 1464 639 exclamare
1478 619 1485 637 :
1501 610 1611 637 Domine
1638 631 1645 643 ,
1660 609 1688 636 in

903 658 1007 685 civitate
1016 662 1062 684 tua
1072 658 1212 693 imaginem
1223 658 1339 692 ipsorum
1349 657 1384 684 ad
1393 657 1505 685 nihilum
1514 656 1614 692 redigas
1625 660 1645 674 ω
1653 655 1686 682 ³⁸.

1080 715 1135 741 Vox
1160 715 1245 742 sancti
1271 714 1390 750 Gregorii
1404 713 1528 749 Nyssem'.

938 770 1020 798 XXV.
1057 770 1250 806 Strpenumero
1268 771 1432 799 miserabilis
1455 770 1537 805 hujus
1555 769 1593 797 rei
1619 771 1687 796 ima-

904 815 993 849 ginem
1014 816 1040 843 in
1058 817 1163 850 pictura
1177 816 1243 847 vidi,
1272 823 1324 843 nec
1349 815 1453 850 absque
1471 815 1600 850 lacrymis
1627 821 1689 849 spe-

904 861 1042 888 ctaculum
1062 861 1180 895 praeterii
1197 870 1204 888 :
1222 861 1290 889 adeo
1307 860 1452 895 perspicue
1473 864 1556 894 atque
1579 859 1689 886 eviden-

905 912 945 934 ter
959 915 1004 934 ars
1030 907 1156 942 pingendi
1187 907 1275 935 oculis
1303 914 1360 934 rem
1389 911 1494 942 gestam
1515 905 1690 939 subjiciebas.

904 951 1058 979 Pt'ocutnbit
1069 951 1154 985 Isaac,
1170 956 1222 979 etc.

1155 1007 1211 1034 Vox
1230 1007 1316 1034 sancti
1337 1005 1441 1042 Cyritti.

941 1063 1104 1091 XXVI.Vidi
1122 1071 1172 1098 ego
1187 1063 1213 1090 in
1228 1063 1299 1091 muri
1313 1063 1419 1098 pictura
1432 1063 1549 1098 puellam
1565 1062 1592 1090 in
1607 1068 1689 1090 arena

905 1114 1052 1136 certantem
1064 1119 1071 1136 :
1087 1117 1138 1137 nec
1146 1109 1204 1137 sine
1212 1110 1338 1145 lacrymis
1348 1109 1530 1144 spectaculum
1543 1108 1609 1136 illud
1624 1116 1691 1137 con-

906 1156 992 1191 spexi.

1065 1211 1121 1239 Vaa:
1136 1212 1248 1239 Palmm
1264 1216 1364 1239 sanctae
1377 1211 1472 1248 synodi
1491 1210 1540 1240 γι.

942 1267 1050 1296 XXVII.
1066 1267 1094 1295 In
1110 1268 1250 1296 nonnullis
1263 1268 1460 1295 venerabilium
1474 1268 1626 1302 imaginum
1652 1267 1692 1302 pl-

907 1314 994 1341 cturis
1022 1321 1110 1347 agnus
1131 1313 1178 1348 qui
1202 1313 1288 1349 digito
1310 1313 1491 1348 praecursoris
1511 1317 1691 1344 monstratur,

907 1359 1062 1395 depingitur
1077 1363 1100 1386 ο.
1118 1358 1151 1385 Ει
1167 1363 1225 1393 post
1240 1358 1313 1386 alia:
1331 1356 1444 1394 Utergo
1454 1358 1527 1393 quod
1542 1357 1693 1393 perfectum

907 1410 960 1438 est,
989 1405 1032 1432 vel
1055 1405 1177 1433 colorum
1204 1405 1428 1440 expressionibus
1458 1405 1580 1432 omnium
1605 1405 1694 1433 oculis

907 1450 1089 1485 subjiciatur;
1117 1450 1178 1484 ejus
1202 1451 1249 1485 qui
1275 1451 1347 1478 tollit
1371 1455 1480 1486 peccata
1502 1450 1608 1482 mundi,
1629 1451 1693 1486 agni

907 1495 1008 1522 Christi
1019 1494 1066 1522 Dei
1079 1495 1176 1528 nostri,
1187 1495 1305 1523 humana
1315 1495 1402 1523 forma
1418 1496 1602 1523 characterem
1612 1496 1693 1524 etiam

67 1548 111 1572 ρει,
129 1540 178 1566 καὶ
194 1540 223 1566 ἐν
241 1542 300 1572 ταῖς
312 1541 414 1568 εἰκόσιν
433 1541 488 1568 ἀπὸ
513 1541 561 1568 τοῦ
589 1542 637 1569 νῦν
654 1543 714 1569 ἀντὶ
739 1543 786 1570 τοῦ
805 1552 856 1570 πα-

914 1547 935 1572 in
954 1546 1118 1581 imaginibus
1136 1546 1262 1581 deinceps
1275 1553 1325 1581 pro
1339 1547 1423 1574 veteri
1438 1554 1509 1582 agno
1522 1547 1589 1583 erigi
1603 1554 1636 1574 ac
1647 1547 1695 1574 de-

67 1585 141 1612 λαιοῦ
156 1586 246 1621 ἀμνοῦ
261 1587 477 1622 ἀναστηλοῦσθαι
491 1587 630 1623 ὁρίζομεν.

101 1631 196 1658 Ταῦτα
225 1633 258 1658 ἐκ
285 1632 391 1663 πολλῶν
416 1633 515 1671 ὀλίγαι
533 1633 576 1660 διὰ
593 1633 624 1660 τὸ
649 1633 686 1669 μὴ
711 1635 859 1670 ἐμποιῆσαι

69 1677 158 1712 κόρον.
172 1678 226 1704 Ἴδε
241 1679 287 1704 καὶ
304 1677 381 1710 αὖθις
395 1679 412 1713 ἡ
427 1678 594 1713 ἀποστολικὴ
614 1680 662 1706 καὶ
680 1680 804 1716 Πατρικὴ
821 1681 860 1707 δι-

68 1721 220 1748 δασκαλία·
246 1722 262 1756 ἡ
285 1722 404 1758 ἀκρότης
428 1722 482 1749 τῶν
510 1723 687 1750 ἀποστόλων
713 1724 730 1759 ὴ
757 1725 860 1760 κρηπὶς

69 1766 121 1792 τῶν
136 1767 268 1802 Πατέρων
279 1775 286 1782 '
302 1769 330 1794 αἱ
347 1768 420 1800 κλεῖς
435 1768 489 1795 τῶν
512 1768 672 1804 δογμάτων
691 1771 705 1796 ὁ
723 1770 786 1805 ὅρος
810 1765 860 1805 τῆς

69 1812 223 1847 ὀρθοόοξίας
233 1822 240 1828 ·
259 1811 298 1845 οἷς
309 1815 323 1840 ὁ
334 1814 592 1850 ἀντιφθεγγόμενος,
608 1815 658 1841 κᾶν
675 1815 802 1849 ἄγγελος,
815 1817 861 1843 ὲκ-

70 1860 216 1893 κήρυκτος,
240 1859 465 1892 ἀναθεματιστός.
489 1860 527 1886 Οὐ
557 1859 612 1895 γὰρ
634 1860 665 1892 ἐξ
692 1861 858 1891 ἀποστόλων,

69 1905 121 1931 τοῦδ’
136 1906 168 1932 οὗ
185 1905 241 1941 μὴν
255 1905 286 1932 ἐκ
301 1905 431 1936 Πατὲρων
441 1914 448 1922 -
463 1905 533 1931 ἀλλά
558 1905 645 1938 νόθος,
672 1905 859 1942 ψευδώνυμος.

75 1952 228 1987 Ἠθέτηκας
239 1950 286 1979 οὖν
300 1953 397 1987 αὐτὴν,
413 1953 460 1979 καὶ
477 1952 514 1988 μὴ
531 1953 618 1987 λέγων
631 1953 748 1985 ἀθετεῖν,
757 1952 860 1979 ἀθετῶν

70 1997 160 2023 πᾶσαν
177 1997 286 2032 minam
301 1998 347 2024 καὶ
360 1997 544 2032 προσκύνησιν
558 1997 706 2032 εἰκονικὴν,
723 1997 759 2028 ὡς
775 1997 861 2023 Μωὰὸ

70 2043 164 2070 πάλαι.

89 2143 142 2170 Kal
154 2142 191 2176 τῇ
200 2141 254 2175 τῆς
270 2143 452 2176 Ἐκκλησίας
467 2143 647 2177 θεσμοθεσίᾳ
654 2143 841 2177 πειθόμενος.

105 2197 212 2233 easne;
228 2195 276 2224 οὖν
290 2198 364 2224 ἐστιν
377 2198 391 2224 ὁ
405 2198 532 2234 πανίερος
542 2206 548 2213 ·
567 2197 601 2224 τὰ
624 2198 725 2225 παλαιά
740 2198 860 2233 δηλονότι

73 2244 131 2279 ἔθη.
159 2243 177 2270 ἃ
194 2245 307 2278 κρατεῖν
319 2244 393 2279 ἡμᾶς
409 2244 424 2270 ὁ
439 2243 526 2278 μέγας
537 2243 676 2274 Βασι).ε.ος
690 2243 861 2270 διατάττεται

74 2290 230 2325 ἐξαιρέτως.
247 2289 371 2316 Εῑθισται
392 2289 480 2315 τοίνυν
496 2290 529 2324 τῇ
546 2287 759 2324 ἐκκλησιαστικῇ
773 2297 862 2324 παρα-

74 2336 155 2368 “est,
171 2334 209 2366 ὡς
235 2334 285 2370 βοᾷ
300 2335 316 2370 ἡ
333 2335 379 2360 ὑπ’
394 2333 508 2369 οὐρανὸν
533 2333 733 2368 πραγματικῶς
759 2334 788 2359 ὲν
806 2334 862 2364 τοῖς

76 2382 119 2408 ὑπ’
136 2382 205 2416 αὐτῇ
219 2381 303 2415 ιεροίς
316 2381 390 2412 ναοῖς
404 2380 452 2407 καὶ
478 2379 661 2414 ἀναθήμασιν,
687 2378 790 2405 ἄνωθεν
817 2379 863 2404 καὶ

76 2427 120 2453 ἀπ’
136 2428 223 2464 ἀρχῆς
234 2427 282 2454 τοῦ
295 2427 367 2453 θείου
385 2426 631 2462 κηρύγματος,τὰς
645 2425 746 2455 σεπτὰς
754 2425 859 2456 εἶκήνας

77 2472 308 2508 ἑγχαράττεσθαιο
329 2471 363 2503 ἃς
380 2471 411 2498 σὺ
429 2472 476 2498 νῦν
504 2471 633 2505 ὲκμειοῖς.
649 2469 702 2496 Ἴδε
726 2466 772 2495 οὖν
786 2469 802 2503 ὴ
815 2470 860 2495 ἐκ-

78 2517 254 2554 κλησιαστικὴ
266 2518 296 2544 ὲν
310 2518 387 2552 μέρει
401 2516 573 2551 θεσμοθεσία.
582 2516 731 2551 Ἰῐθέτηκας
742 2514 789 2541 καὶ
798 2514 861 2549 τήν·

79 2564 103 2590 δε
115 2565 160 2591 καὶ
173 2564 216 2591 διὰ
233 2563 282 2590 τοῦ
300 2563 399 2599 μέρους
411 2562 459 2600 ὅλῃ
472 2562 595 2597 δυνάμει.

113 2676 133 2691 ³⁸
143 2676 213 2703 Psal.
229 2683 315 2707 um,
327 2675 373 2702 20.

910 1593 982 1628 pingi
992 1593 1130 1625 iubemus.

946 1638 1061 1666 XXVIII.
1079 1639 1142 1666 llaec
1162 1640 1194 1667 de
1221 1640 1313 1668 multis
1329 1648 1424 1675 pauca,
1439 1644 1469 1668 ut
1483 1640 1622 1669 fastidium
1640 1648 1694 1668 non

910 1684 1032 1712 afferam.
1042 1684 1113 1712 Ecce
1125 1685 1222 1712 iterum
1238 1686 1387 1720 apostolica
1402 1689 1429 1713 et
1439 1686 1693 1720 Patrumjdoctrina,

911 1730 1066 1758 sublimitas
1097 1731 1303 1765 apostolorum,
1334 1730 1542 1758 fundamentum
1570 1731 1694 1764 Patrum,

910 1776 1067 1811 dogmatum
1083 1777 1183 1807 claves,
1199 1780 1280 1803 recta:
1298 1776 1359 1803 fidei
1382 1784 1499 1804 norma:
1522 1776 1622 1812 quibus
1647 1777 1694 1811 qui

911 1822 1085 1854 contradicit,
1108 1822 1216 1850 etiamsi
1243 1822 1366 1858 angelus,
1385 1822 1583 1850 condemnatus
1604 1827 1647 1850 est
1669 1827 1697 1850 et

912 1868 1055 1895 anathema
1071 1868 1234 1897 declaratus.
1250 1867 1309 1895 Non
1325 1868 1398 1896 enim
1415 1875 1478 1895 eum
1497 1867 1628 1903 apostolis
1645 1876 1696 1896 ne-

912 1921 965 1948 que
979 1921 1042 1941 cum
1058 1913 1185 1941 Patribus
1200 1914 1293 1947 sentit,
1317 1914 1364 1941 sed
1385 1914 1496 1949 spurius
1507 1918 1561 1946 est,
1575 1917 1603 1941 et
1616 1913 1697 1941 Chri-

912 1959 993 1986 stiani
1009 1966 1107 1986 nomen
1124 1959 1192 1986 falso
1212 1959 1290 1994 gerit.
1307 1959 1393 1994 Ipsam
1411 1958 1493 1994 igitur
1507 1964 1605 1986 rectam
1617 1958 1697 1993 ﬁdem

911 2004 1038 2039 quamvis
1053 2010 1078 2032 te
1094 2004 1206 2038 rejicerc
1218 2012 1272 2032 non
1283 2004 1607 2039 ilixeris,rejecisti,cum
1626 2004 1697 2031 ima-

911 2050 1005 2084 ginum
1024 2051 1156 2078 fabricam
1176 2058 1284 2078 omnetn
1303 2054 1329 2077 ct
1346 2051 1538 2083 reverentiam,
1564 2055 1594 2078 ut
1617 2050 1697 2077 Moab

911 2096 986 2127 olim,
1003 2095 1150 2130 ahrogasti.

1043 2140 1075 2166 Et
1087 2140 1211 2167 Ecclesia:
1229 2140 1359 2167 institutis
1374 2140 1566 2175 obtemperans.

949 2198 1042 2225 XXIX.
1061 2197 1116 2225 Lex
1132 2205 1196 2232 ergo
1210 2202 1302 2225 sancta
1322 2202 1363 2225 est
1382 2205 1512 2232 prorsus:
1531 2198 1630 2226 vetusti
1642 2197 1692 2225 uti-

913 2254 965 2281 que
989 2253 1090 2278 mores,
1106 2251 1176 2279 quos
1187 2251 1202 2270 a
1216 2244 1295 2271 nobis
1322 2244 1432 2271 retineri
1448 2251 1563 2280 magnus
1579 2243 1698 2272 Basilius

911 2292 1018 2327 egregie
1042 2290 1172 2326 ιιι-κείμὴ.
1192 2290 1377 2317 Constitutum
1405 2294 1479 2318 certe
1503 2295 1544 2318 est
1567 2291 1696 2318 ecclesia-

912 2338 980 2366 stica
1000 2337 1163 2369 traditione;
1192 2336 1264 2364 sicut
1281 2335 1403 2363 Ecclesia
1420 2344 1481 2370 qua:
1495 2336 1523 2363 in
1548 2337 1627 2364 terris
1644 2342 1695 2370 est,

912 2385 972 2420 ipso
988 2391 1050 2416 usu,
1065 2383 1092 2410 in
1109 2383 1196 2411 sacris
1212 2382 1271 2410 suis
1284 2382 1392 2417 templis
1406 2386 1432 2409 et
1446 2382 1568 2410 donariis
1585 2383 1699 2421 clamat;

913 2430 967 2466 jam
983 2429 1046 2456 inde
1063 2436 1077 2455 a
1095 2428 1191 2463 primis
1203 2427 1366 2463 evangelica),
1378 2427 1578 2462 praedicationis
1592 2432 1697 2463 tempo-

914 2476 1003 2508 ribus,
1017 2475 1185 2502 venerandas
1208 2474 1340 2509 imagines
1362 2474 1463 2509 efﬁngi,
1476 2481 1545 2509 quas
1571 2478 1599 2501 tu
1624 2482 1698 2510 nunc

915 2521 1090 2549 comminuis.
1102 2520 1141 2547 En
1158 2520 1241 2555 igitur
1256 2520 1394 2553 Ecclesiae,
1407 2520 1478 2556 quod
1497 2520 1530 2547 ad
1542 2520 1622 2548 istam
1638 2527 1700 2551 rem

914 2569 1020 2600 attinet,
1037 2568 1204 2595 institutum:
1223 2567 1302 2602 cujus
1315 2571 1342 2594 tu
1358 2567 1426 2594 hanc
1438 2570 1554 2602 partem,
1564 2570 1699 2602 quantum

913 2616 940 2649 in
956 2619 982 2642 te
997 2614 1058 2646 fuit,
1073 2613 1222 2648 abt'ogasli.

722 2762 838 2790 VARIAS
857 2761 1060 2789 LECTIONES.

121 2834 130 2855 ι
147 2836 182 2863 Ex
194 2836 362 2864 carminibus
378 2835 461 2862 iatnh.
479 2841 556 2861 xvm.

89 2870 223 2900 Abraham.
245 2870 278 2898 Τ.
294 2870 326 2903 Il,
339 2878 365 2906 p.
380 2870 468 2899 9081).

596 2839 612 2848 "‘
631 2834 667 2860 Ex
685 2833 772 2859 Serm.
787 2833 806 2862 l.
824 2833 856 2860 de
870 2832 984 2860 diversis
998 2831 1140 2865 utriusque
1154 2829 1320 2865 Testamenti
1332 2828 1461 2865 locis.__l
1475 2828 1514 2856 Ex
1528 2827 1657 2857 Oratione
1669 2828 1698 2856 in

521 2874 532 2885 η
549 2869 586 2895 Ex
605 2868 771 2896 Curionibus.
784 2869 850 2898 (Ian,
867 2868 910 2895 8:2.
927 2868 1004 2897 'llom.
1020 2863 1168 2894 Vltioncil.
1183 2864 1282 2895 Labbei
1299 2871 1360 2900 pag.
1375 2863 1452 2893 ΗΠ-
