1916 3075
209 149 261 181 471

258 204 292 231 Et
308 210 415 233 sanctas
433 207 603 233 crumeuicas
621 215 667 233 rex
681 206 794 242 synodos
808 208 948 241 recipiens.
1010 213 1033 240 Α

245 289 331 317 XXX.
348 289 513 317 Orthodoxte
539 291 634 326 synodi
653 296 709 318 tum
737 291 925 324 (ecumenicat,
940 296 998 319 tum

209 339 347 362 eertarum
367 336 520 371 regionum,
538 341 782 372 quantumcunque
811 337 902 365 multa:
932 338 997 370 sint,

210 385 241 406 ut
258 385 324 408 sunt
351 381 459 416 reipsa,
487 382 596 409 nonnisi
619 390 672 409 una
696 387 760 410 sttnt
786 391 885 410 sensus
913 383 998 410 divini

210 427 414 458 communione,
441 427 465 454 si
493 432 629 462 spectetur
650 428 782 462 primaria
797 436 892 455 earutn
909 428 950 456 vis
972 433 999 455 et

210 476 353 508 potestas:
370 471 441 499 sicut
463 477 490 499 et
516 473 627 500 unicum
644 477 684 500 est
703 472 765 500 ﬁdei
782 473 948 508 symbolum.
965 474 999 499 At

210 526 261 553 pro
273 523 395 552 tempore
405 517 538 545 adversus
554 519 727 552 insurgentes
742 518 867 546 videlicet
879 519 998 547 haereses

211 572 371 600 progressae,
384 564 410 591 in
428 565 564 598 dogmatis
587 564 722 599 cujusque
745 565 842 592 nefarii
857 574 997 601 oppugna-

210 611 284 638 tione
297 610 380 637 variaa
404 610 470 637 visae
497 614 574 643 sunt,
593 611 619 636 in
637 611 733 637 eadem
758 615 848 638 tamen
874 613 997 639 decu-ina

210 655 362 683 orthodoxa
384 659 543 683 constantes
568 654 690 683 fuerunt.
703 655 952 690 Quemadmodum,
969 662 998 684 ut

211 701 338 737 exemplo
353 705 425 735 utar,
440 709 554 737 granum
578 701 707 729 frumenti
729 710 813 729 unum
831 703 941 737 quidem
956 708 998 731 est

211 755 274 774 cutn
291 751 370 775 terrae
386 748 550 775 mandatur:
579 753 606 774 at.
621 748 675 774 vim
692 747 762 776 hanc
781 748 861 775 habet
875 748 996 781 insitam,

211 798 242 820 ut
269 797 424 828 opportuna
444 794 558 821 edendis
582 793 706 828 frugibus
725 799 895 828 tempestate.
913 802 997 828 grana

209 847 242 865 ex
274 839 334 873 ipso
360 839 539 873 multiplicata
557 839 753 873 producantur.
770 838 917 866 Videamus
933 846 997 873 pro-

211 884 274 912 inde
296 885 449 919 quomodo,
461 892 523 912 cum
540 885 657 919 recipias
670 885 798 919 primam,
817 885 918 920 pariter
935 885 996 911 uni-
1012 882 1033 910 Β

209 938 303 958 versas
320 931 401 958 simul
417 931 543 964 recipias.
565 931 610 958 Ait
631 931 724 966 igitur,
746 931 914 958 utomittam
937 939 999 965 qua:

209 981 418 1010 praecesserunt,
426 981 555 1011 tanquam
566 977 653 1004 aliena
666 985 681 1004 a
692 978 818 1012 praesenti
828 977 996 1011 quaestione:

210 1021 242 1048 Et
258 1022 284 1049 in
301 1030 384 1049 unum
399 1022 544 1050 Dominum
561 1023 653 1050 Jesum
671 1023 811 1050 Christum
838 1023 935 1050 Filium
951 1023 998 1050 Dei

208 1067 391 1102 unigenitum,
406 1075 439 1094 ex
461 1067 544 1095 Patre
571 1072 666 1095 natum
682 1073 746 1095 ante
767 1068 861 1095 omnia
887 1067 997 1099 s:ecula,

208 1113 300 1141 lumen
319 1113 353 1141 de
365 1113 479 1146 lumine,
498 1115 581 1142 Deum
595 1122 689 1140 verum
707 1113 740 1141 de
761 1114 815 1140 Deo
828 1121 904 1146 vero,
921 1113 998 1149 geni-

209 1165 265 1187 tum
285 1167 339 1187 non
355 1159 740 1192 factum,consubstantialem
760 1160 844 1190 Patri,
855 1168 902 1194 per
917 1166 998 1194 quem

208 1207 301 1233 omnia
321 1206 390 1233 facta
408 1211 485 1233 sunt.
495 1205 547 1239 Qui
565 1211 675 1241 propter
689 1214 740 1233 nos
754 1205 880 1232 homines
891 1210 919 1231 et
936 1211 999 1238 pro-

207 1256 269 1287 pter
286 1257 409 1279 nostram
426 1252 542 1279 salutem
560 1252 703 1279 descendit
719 1252 752 1279 de
766 1252 855 1283 caelis,
867 1255 895 1278 et
908 1251 999 1277 incar-

208 1303 289 1324 natus
311 1302 355 1324 est
378 1305 411 1324 ex
438 1296 542 1332 Spiritu
566 1301 663 1325 sancto
687 1301 714 1324 et
729 1296 816 1324 Maria
839 1295 961 1331 Virgine,
973 1300 1000 1323 et

208 1342 292 1370 homo
307 1342 397 1370 factus
409 1347 462 1370 est.
482 1342 559 1369 Illum
578 1343 662 1377 igitur
676 1351 709 1370 ex
725 1342 807 1369 Patre
826 1346 889 1368 ante
906 1341 998 1368 omnia

209 1389 307 1417 saecula
320 1388 452 1424 genitum,
467 1397 499 1416 ex
520 1387 622 1423 Spiritu
640 1393 736 1416 sancto
751 1394 779 1416 et
792 1387 877 1415 Maria
890 1387 1000 1422 Virgine

209 1435 382 1463 incarnatum
397 1440 424 1462 et
443 1435 582 1462 hominem
599 1433 712 1465 fax-tum,
732 1441 815 1460 ttnum
829 1441 891 1460 csse
915 1433 998 1468 hypo‘

208 1482 289 1515 Itasi,
315 1482 451 1521 duplicem
484 1486 593 1512 natura,
608 1489 704 1508 omnes
718 1481 806 1507 sancti
822 1480 998 1508 conﬁtentur:

209 1528 361 1561 perfectum
375 1528 402 1555 in
413 1524 557 1555 divinitate
571 1535 603 1554 ac
613 1527 639 1554 in
654 1527 825 1554 immanitate
835 1526 996 1562 perfectura.

209 1573 262 1606 Qui
287 1574 438 1601 secundum
461 1573 487 1600 id
498 1573 569 1608 qttod
592 1573 673 1600 habet
685 1580 718 1600 ex
733 1571 825 1605 Patre,
847 1573 996 1599 incircum-

209 1620 346 1655 scriptus;
371 1619 505 1654 siquidem
524 1624 551 1646 et
572 1618 653 1646 Pater
670 1618 946 1652 incircumscriptus:
964 1625 996 1644 ex

209 1665 295 1692 Matre
314 1664 558 1698 circumscriptus;
578 1664 711 1698 siquidem
728 1667 755 1690 et
769 1663 854 1690 Mater
879 1662 998 1689 circum-

211 1710 322 1745 scripta.
340 1708 435 1742 Qualis
451 1709 543 1741 Pater,
559 1709 622 1736 talis
638 1708 719 1735 etiam
735 1708 888 1735 secundum
905 1707 998 1734 omnia

210 1755 258 1791 qui
273 1763 306 1783 ex
323 1756 383 1790 ipso
399 1754 517 1790 genitus.
534 1754 567 1781 Et
584 1754 674 1788 qualis
689 1753 784 1786 Mater,
799 1754 851 1780 tale
868 1754 931 1781 item
956 1762 999 1780 se-

210 1801 331 1836 cundum
345 1800 436 1827 omnia
445 1799 518 1834 quod
530 1807 563 1826 ex
576 1799 634 1834 ipsa
648 1804 756 1825 natum:
767 1807 812 1827 tte.
824 1799 847 1825 si
857 1799 898 1826 vel
912 1805 997 1825 unum

210 1847 291 1878 desit,
307 1845 457 1880 perfectum
473 1845 595 1877 tollatur,
613 1853 646 1872 ac
660 1849 748 1872 totum
763 1849 866 1879 pereat.
884 1845 1000 1877 Quando

210 1892 293 1927 igitur
311 1891 424 1919 Matera
453 1896 550 1918 natura
583 1891 667 1918 habet
697 1895 727 1917 ut
754 1898 886 1925 corporea
912 1890 999 1917 forma

208 1939 349 1973 pingatur,
360 1937 461 1972 quippe
475 1944 537 1971 quae
548 1935 773 1970 circumscripta;
786 1935 913 1962 Christus
930 1942 999 1969 quo-

209 1992 263 2019 que
275 1992 289 2011 a
304 1990 400 2011 natura
415 1983 467 2010 hoc
487 1983 579 2014 habet,
601 1986 729 2017 tanquam
746 1982 832 2016 ipsius
856 1982 1000 2016 progenies

208 2029 428 2064 circumscripta.
448 2028 558 2063 Alioqui
583 2035 637 2054 non
654 2031 697 2054 est
708 2027 768 2062 ejus
796 2034 890 2053 revera
908 2031 936 2053 et
951 2034 1000 2053 na-

209 2082 272 2104 tura
295 2075 377 2102 ﬁlius.
403 2075 485 2110 Atqui
510 2082 591 2101 verus
611 2073 697 2108 ipsius
723 2072 799 2100 ﬁlius
814 2077 869 2104 est,
885 2073 958 2100 sicut
971 2077 998 2099 et

210 2122 268 2156 ipse
285 2128 366 2148 verus
389 2120 480 2148 Patris
508 2119 591 2147 ﬁlius.
626 2118 720 2153 Itaque
747 2125 878 2151 corporea
911 2117 1000 2144 forma

209 2166 331 2201 pingitur
344 2165 493 2192 secundum
512 2164 538 2191 id
560 2163 633 2198 quod
650 2171 666 2190 a
682 2162 765 2190 Matre
783 2164 873 2196 habet,
891 2163 937 2198 qui
955 2171 998 2190 se-

805 154 838 184 S.
858 153 1058 184 THEODORI
1074 154 1252 185 STUDIT/E

1050 207 1106 240 Τάς
1120 216 1152 235 τε
1169 209 1254 243 ἁγίας
1269 207 1318 235 καὶ
1333 207 1543 242 οὶκουμενικὰς
1551 206 1585 239 ἐξ
1597 206 1749 239 συνόδους
1767 206 1848 233 ἁπο-

1369 243 1542 276 δεχόμενος.

1084 299 1117 326 Δί
1143 299 1259 330 σύνοδοι,
1285 299 1316 325 αἲ
1339 308 1369 325 τε
1393 298 1594 333 οὶκουμενικαὶ,
1621 298 1652 324 αἶ
1674 305 1704 324 τε
1731 296 1849 323 τοπικαὶ

1048 343 1197 378 ὀρθόδοξοι·
1213 344 1344 370 τοσαῦται
1359 344 1409 378 μέν
1426 344 1480 370 εἰσι
1497 344 1536 378 τῷ
1551 343 1672 378 ἀριθμῷ,
1688 342 1785 368 ὁπόσαι
1797 343 1849 368 καὶ

1048 387 1121 415 εἴεν⁸
1139 389 1188 424 μία
1201 389 1229 415 δὲ
1254 390 1339 415 πᾶσαι
1367 389 1406 424 τῷ
1423 389 1488 424 θείῳ
1503 391 1670 424 φρονήματι,
1694 388 1733 420 ὡς
1754 388 1802 414 καὶ
1815 388 1849 414 ἓν

1048 433 1138 469 τὸτῆς
1154 434 1272 466 πίστεως
1285 435 1428 469 σύμϐολον,
1451 436 1479 461 ὲν
1491 436 1523 470 τῇ
1539 434 1636 470 πρώτῃ
1647 435 1761 469 δυνάμει
1777 434 1849 460 θεω-

1051 479 1195 514 ρούμεναι·
1218 480 1290 506 κατὰ
1310 482 1406 515 καιρὸν
1421 481 1449 507 δὲ
1473 481 1542 516 πρὸς
1557 481 1606 513 τὰς
1623 481 1849 515 ὲπανισταμένας

1048 526 1167 560 αἱρέσεις
1182 526 1303 560 δηλονότι
1327 526 1484 562 προϊοῦσαι,
1503 527 1551 554 καὶ
1574 527 1779 562 ποικιλλόμεναι
1793 527 1849 560 μὲν

1048 571 1080 605 τῇ
1098 570 1275 606 ἀντεξαγωγῇ
1291 571 1338 597 τοῦ
1354 573 1474 607 πονηροῦ
1502 573 1677 607 φρονήματος
1687 582 1694 588 ·
1714 573 1848 608 μένουσαι

1048 616 1075 642 δὲ
1086 617 1115 641 ὲν
1131 615 1170 651 τῷ
1184 616 1259 651 αὑτῷ
1275 617 1409 652 ὁρθοδόξῳ
1431 618 1556 653 δόγματι.
1574 619 1709 653 Καθάπερ
1725 619 1781 654 (ἵνα
1795 619 1848 644 καὶ

1049 662 1226 696 ὑποδείγματι
1241 664 1399 698 χρήσωμαι)
1413 664 1427 690 ὁ
1442 666 1542 695 κόκκος
1568 665 1616 691 τοῦ
1638 665 1724 696 σίτου,
1740 665 1781 691 ὅτι
1803 662 1849 696 εἷς

1050 707 1098 740 μέν
1117 708 1175 733 ἐστι
1192 708 1384 742 σπειρόμενος·
1397 708 1453 743 ἔχει
1472 709 1500 735 δὲ
1514 710 1542 735 ὲν
1559 708 1634 743 αὺτῷ
1662 709 1778 743 δυνάμει
1794 708 1849 740 τὰς

1047 751 1086 786 τῷ
1098 753 1264 787 προσήκοντι
1279 752 1366 787 καιρῷ
1378 753 1422 780 διὰ
1432 754 1482 788 τῆς
1499 754 1690 789 καρποφορίας
1705 753 1849 780 πολυπλαο

1049 797 1226 832 σιαζομένους
1239 798 1364 834 ἐνεργείᾳ
1378 799 1505 831 κόκκους.
1524 800 1639 834 Ίδωμεν
1647 797 1693 826 οὖν
1708 799 1748 830 ὡς
1763 799 1849 834 είπερ

1048 842 1111 877 δέχῃ
1127 842 1176 877 τὴν
1188 843 1309 878 πρώτην,
1323 844 1567 880 συναποδεχόμενος
1578 845 1637 879 εἴης
1649 845 1696 871 καὶ
1709 844 1759 875 τὰς
1768 843 1849 874 ἁπά-

1048 896 1107 919 σας.
1135 889 1217 922 Λὲγει
1244 889 1345 921 τοίνυν,
1370 890 1413 916 ἵνα
1434 890 1468 916 τὰ
1482 890 1676 925 προηγούμενα
1699 889 1791 924 παρῶ,
1805 889 1848 920 ὡς

1048 934 1079 960 οὑ
1097 934 1297 968 κατεπείγοντα
1324 936 1364 966 εἰς
1378 935 1409 961 τὸ
1433 936 1614 970 προκείμενον
1629 935 1740 970 ζήτημα
1752 943 1759 950 ·
1785 935 1848 961 Καὶ

1049 979 1088 1010 είς
1105 979 1152 1005 ἕνα
1173 979 1275 1014 Κύριον
1294 980 1400 1014 Ἰησοῦν
1426 981 1544 1014 Χριστὸν
1562 981 1608 1008 τὸν
1622 982 1685 1007 Υίὸν
1700 981 1747 1007 τοῦ
1772 980 1847 1007 Θεοῦ

1048 1024 1094 1050 τδν
1107 1025 1248 1058 μονογενῆ-
1261 1025 1306 1051 τὸν
1317 1026 1348 1051 ἐκ
1360 1025 1407 1052 τοῦ
1421 1027 1526 1061 Πατρος
1535 1026 1699 1062 γεννηθέντα
1715 1026 1766 1060 πρὸ
1774 1027 1848 1053 πάν-

1048 1078 1102 1095 των
1114 1070 1168 1095 τῶν
1182 1070 1288 1096 αίώνων
1298 1077 1305 1084 ·
1333 1071 1391 1104 φῶς
1404 1072 1436 1097 ἐκ
1465 1071 1554 1104 φωτός
1567 1080 1573 1087 -
1588 1071 1653 1097 Θεὸν
1670 1070 1796 1105 ἀληθινὸν
1810 1071 1848 1097 ἐκ

1049 1114 1116 1141 Θεοῦ
1130 1115 1256 1149 ἀληθινοῦ
1267 1124 1274 1132 -
1289 1115 1466 1150 γεννηθέντα,
1479 1117 1510 1143 οὑ
1523 1117 1669 1150 ποιηθέντα
1679 1124 1686 1131 ·
1699 1117 1848 1150 ὀμοοὺσιον

1049 1161 1088 1196 τῷ
1113 1161 1210 1196 Πατρὶ,
1233 1161 1268 1188 δι’
1285 1158 1315 1188 οὗ
1332 1162 1366 1187 τὰ
1387 1162 1476 1188 πάντα
1498 1163 1613 1196 ἐγένετο.
1646 1162 1698 1188 Τὸν
1712 1163 1746 1188 δι’
1765 1163 1848 1197 ἡμᾶς

1048 1207 1112 1237 τοὺς
1132 1206 1303 1241 ἀνθρώπους,
1331 1208 1378 1234 καὶ
1400 1207 1445 1234 διὰ
1468 1208 1517 1242 τὴν
1545 1208 1681 1243 ἡμετέραν
1703 1208 1848 1243 σωτηρίαν

1049 1251 1215 1279 κατελθόντα
1237 1253 1269 1279 ὲκ
1296 1253 1351 1280 τῶν
1378 1253 1519 1288 οὐρανῶν
1539 1254 1587 1280 καὶ
1606 1253 1782 1290 σαρκωθέντα
1811 1255 1848 1280 ὲκ

1049 1296 1210 1331 Πνεύματος
1229 1297 1309 1332 ἁγίου
1329 1298 1376 1324 καὶ
1401 1299 1511 1334 Μαρίας
1534 1299 1583 1333 τῆς
1609 1299 1764 1333 Παρθένου,
1795 1299 1849 1325 καὶ

1050 1340 1310 1376 ὲνανθρωπήσαντα.
1321 1342 1350 1368 '0
1367 1343 1456 1368 τοίνυν
1473 1343 1506 1368 ὲκ
1518 1343 1564 1369 τοῦ
1581 1343 1687 1378 Πατρδς
1701 1342 1848 1377 γεννηθεὶς

1050 1386 1104 1421 πρὸ
1116 1386 1225 1413 πάντων
1236 1387 1291 1414 τῶν
1313 1387 1430 1419 αἰώνων,
1448 1388 1602 1424 σαρκωθεὶς
1626 1390 1658 1414 ὲκ
1682 1388 1849 1422 Πνεὺματος

1049 1432 1130 1466 ἁγίου
1148 1433 1195 1459 καὶ
1210 1433 1319 1468 Μαρίας
1336 1435 1386 1469 τῆς
1401 1435 1552 1469 Παρθένου,
1568 1435 1615 1461 καὶ
1629 1435 1850 1469 ὲνανθρωπήσας

1049 1478 1224 1513 ὡμολόγηται
1251 1481 1326 1513 παρὰ
1343 1480 1452 1506 πάντων
1467 1479 1520 1506 τῶν
1535 1480 1631 1514 ἁγίων,
1647 1477 1687 1511 εἷς
1707 1480 1757 1514 μὲν
1772 1477 1850 1506 εἶναι

1050 1525 1083 1559 τῇ
1096 1524 1256 1557 ὑποστάσει,
1272 1524 1383 1556 διπλοῦς
1401 1526 1430 1551 δὲ
1445 1526 1478 1560 τῇ
1494 1525 1590 1560 φύσει·
1617 1525 1719 1556 τέλειος
1739 1526 1768 1551 ὲν
1782 1525 1850 1551 θεό-

1047 1577 1119 1604 τητι,
1140 1569 1186 1595 καὶ
1201 1569 1301 1602 τέλειος
1314 1572 1343 1596 ὲν
1359 1571 1562 1606 ὰνθρωπύτητι·
1575 1571 1607 1597 ἐκ
1624 1570 1730 1605 [Iatrpr
1745 1570 1851 1605 ἀπερί-

1048 1622 1185 1649 γραπτος,
1203 1616 1297 1651 ἐπειδὴ
1312 1616 1360 1642 καὶ
1375 1617 1388 1642 ὁ
1402 1617 1515 1650 Πατήρ·
1531 1617 1563 1642 ὲκ
1576 1616 1689 1651 Μητρὸς
1706 1625 1851 1651 περιγρα-

1050 1660 1128 1693 πτὸς,
1144 1661 1240 1696 ἐπειδὴ
1252 1662 1300 1687 καὶ
1322 1662 1339 1696 ἠ
1355 1662 1455 1698 Μήτηρ
1467 1669 1474 1676 ⁸
1491 1659 1545 1693 οἷος
1559 1663 1572 1688 ὁ
1589 1662 1695 1696 Πατὴρ.
1724 1662 1853 1693 τοιοῦτος

1049 1706 1096 1733 καὶ
1107 1707 1121 1733 ὸ
1130 1707 1269 1742 γεννηθεὶς
1283 1706 1354 1733 κατὰ
1366 1707 1463 1733 πάντα.
1472 1707 1526 1733 Καὶ
1540 1707 1585 1733 οἵα
1601 1708 1616 1741 ἡ
1627 1707 1738 1741 Μήτηρ,
1752 1705 1850 1731 τοιοῦ-

1048 1761 1094 1778 τον
1111 1752 1157 1778 καὶ
1173 1753 1204 1778 τὸ
1214 1752 1346 1787 γεννηθὲν
1374 1752 1445 1778 κατὰ
1463 1752 1552 1779 πάντα
1563 1760 1569 1768 ³
1589 1752 1633 1778 ἶνα
1649 1752 1686 1787 μὴ
1702 1753 1730 1778 ἐν
1747 1753 1780 1786 τῇ
1798 1751 1850 1777 τοῦ

1048 1797 1203 1825 οὑτινοσοῦν
1220 1797 1338 1833 ἐλλείψει
1352 1799 1383 1824 τὸ
1398 1798 1499 1824 τέλειον
1514 1798 1663 1833 ἀφαιρεθῇ,
1684 1798 1731 1824 καὶ
1746 1798 1776 1824 τὸ
1791 1799 1852 1824 πᾶν

1050 1844 1201 1878 οἰχήσεται.
1225 1843 1303 1869 Ἐπεὶ
1318 1841 1364 1870 οὖν
1378 1843 1505 1878 ἡΜήτηρ
1519 1842 1641 1877 φυσικῶς
1656 1842 1851 1876 ἐγγέγραπται

1051 1889 1177 1924 σώματος
1204 1889 1367 1925 χαρακτῆρι,
1396 1889 1434 1920 ὡς
1459 1889 1651 1924 περιγραπτή·
1667 1888 1746 1914 τοῦτο
1768 1889 1816 1914 καὶ
1835 1890 1852 1914 ὁ

1051 1936 1170 1971 Χριστὸς
1183 1936 1318 1970 φυσικῶς,
1338 1936 1376 1967 ὼς
1396 1935 1518 1970 γέννημα
1546 1935 1631 1968 αὐτῆς
1645 1935 1850 1969 περιγραπτόν.

1051 1982 1082 2008 El
1095 1982 1124 2008 δὲ
1136 1982 1182 2016 μὴ,
1191 1981 1221 2007 οὐ
1233 1982 1355 2015 γέννημα
1368 1981 1454 2016 αὐτῆς
1465 1981 1546 2014 φύσει
1560 1981 1607 2007 καὶ
1620 1980 1744 2015 ἀληθεία.
1765 1980 1852 2006 Ἀλλὰ

1053 2029 1106 2063 μὴν
1125 2028 1188 2059 Υἱὸς
1203 2028 1287 2061 αὐτῆς
1302 2027 1441 2062 ἀληθινὸς,
1460 2027 1498 2058 ὡς
1520 2027 1584 2058 Υἱὸς
1595 2026 1720 2060 ἀληθινὸς
1739 2026 1852 2058 dedre;

1051 2072 1098 2099 τοῦ
1120 2072 1235 2106 Πατρός.
1253 2071 1358 2097 Οὐκοῦν
1377 2071 1424 2096 καὶ
1445 2071 1635 2105 ἐγγέγραπται
1653 2069 1780 2104 σώματος
1794 2079 1851 2104 χα-

1053 2118 1168 2154 ρακτῆρι
1181 2118 1251 2143 κατὰ
1267 2116 1317 2151 τὴν
1331 2116 1454 2151 Μητέρα,
1465 2117 1478 2142 ὁ
1490 2116 1560 2142 κατὰ
1571 2115 1616 2141 τὸν
1625 2114 1734 2149 Πατέρα
1748 2115 1852 2149 ἀπερί-

1052 2172 1173 2199 γραπτος
1183 2164 1215 2198 τῇ
1223 2163 1339 2197 θεότητι”
1349 2162 1426 2192 ὼςᾶν
1438 2161 1601 2196 ὲπαληθεύοι
1612 2161 1726 2195 θάτερον
1737 2159 1853 2196 θατέρῳ

210 2211 329 2238 eundutu
342 2210 366 2237 id
380 2209 453 2246 quod
467 2217 481 2236 a
499 2209 578 2236 Patre
594 2209 674 2236 habet
689 2208 946 2242 incircumscriptus
957 2213 998 2235 εει

1084 2208 1204 2244 ιρτυροῧν
1231 2209 1263 2234 ὲκ
1278 2208 1368 2242 πάσης
1387 2207 1504 2241 φυσικῆς
1526 2207 1661 2241 ἀνάγκης.
1687 2206 1774 2232 Τοῦτο
1790 2215 1852 2232 τοι·

209 2255 354 2282 divinitate
364 2275 372 2287 ,
387 2255 423 2281 ita
441 2258 470 2281 ut
486 2253 649 2281 necessitate
660 2253 734 2281 omni
755 2259 871 2286 naturae,
884 2253 998 2280 alterum

211 2301 245 2328 ab
260 2301 346 2328 altero
369 2307 463 2328 verum
481 2299 667 2328 testimonium
691 2299 818 2333 accipiat.
839 2298 894 2327 lloc
923 2306 998 2326 certe

211 2351 305 2374 sancta
318 2347 440 2382 synodus
454 2345 623 2373 tecumeuica
639 2346 726 2380 prima
744 2351 874 2379 tanquam
888 2353 937 2379 pro
950 2352 999 2372 su-

210 2401 305 2427 prema
327 2397 457 2427 potestate
473 2391 567 2423 edixit,
584 2396 614 2418 ut
629 2399 726 2426 nempe
744 2391 873 2418 Christus
903 2391 1000 2425 pinge-

211 2442 306 2465 rctur:
331 2437 466 2472 siquidem
482 2445 545 2464 eum
563 2444 646 2463 cartte
661 2437 787 2463 indutum
808 2441 835 2462 et
862 2436 999 2462 hominem

212 2484 313 2515 factum
339 2492 399 2511 esse
425 2483 582 2510 conﬁtetur.
613 2482 686 2509 Nihil
706 2482 790 2514 enim,
817 2481 890 2516 quod
917 2489 1001 2509 carne

211 2535 328 2564 constet,
356 2531 430 2564 pingi
445 2538 499 2557 non
527 2533 634 2564 potest:
653 2535 740 2563 neque
762 2528 833 2555 ullus
848 2528 931 2555 homo
946 2533 998 2560 est,

211 2577 257 2611 qui
271 2585 333 2604 cunt
351 2577 427 2604 cerni
443 2576 539 2611 possit,
555 2575 672 2610 imagine
687 2574 802 2609 exprimi
831 2581 884 2601 non
900 2575 998 2609 possit.

214 2622 315 2650 Deinde
335 2631 385 2650 nec
400 2623 510 2657 proprie
524 2621 645 2655 Deiparae
659 2621 769 2648 nomine
781 2620 892 2647 Mariam
908 2621 1001 2655 appel—

212 2669 289 2696 lavit:
309 2668 355 2696 sed
376 2668 485 2702 quando
502 2668 547 2694 Dei
564 2667 663 2694 Filium
677 2675 709 2695 ex
724 2667 782 2700 ipsa
795 2674 905 2695 carnem
924 2675 1000 2694 sum-

212 2715 302 2756 psisse
316 2718 344 2741 et
357 2713 496 2741 hotnincm
520 2713 622 2740 factum
638 2721 698 2740 csse
710 2712 863 2743 aﬂirmavit,
880 2712 999 2745 putentia

212 2760 371 2795 praedicavit
392 2761 478 2795 ipsam
496 2768 557 2788 esse
580 2759 733 2794 Dciparam.
749 2759 778 2786 Si
791 2759 864 2792 enim
876 2758 947 2787 Deus
960 2762 1001 2786 est

214 2808 238 2834 is
252 2807 298 2842 qui
313 2806 434 2842 genitus.
446 2810 644 2841 consequenter
660 2804 774 2840 Deipara
788 2810 829 2831 est
841 2812 902 2839 qua:
924 2804 1001 2831 illum

216 2853 332 2889 genuit:
359 2852 517 2886 relinquens
538 2852 624 2879 tertiae
654 2851 768 2886 synodo,
795 2856 856 2878 actu
884 2850 1000 2884 idipsum

1050 2257 1145 2291 γάρτοι
1160 2256 1176 2290 ὴ
1193 2254 1288 2290 πρώτη
1311 2255 1378 2288 ἁγία
1403 2253 1580 2288 οίκουμενικὴ
1613 2253 1732 2284 σύνοδος,
1749 2252 1788 2283 ὡς
1820 2254 1855 2278 ἐν

1050 2301 1189 2336 κεφαλαίῳ
1206 2300 1320 2335 δυνάμει
1337 2299 1456 2334 ἐκήρυξε
1471 2300 1511 2331 τὸ,
1537 2300 1582 2325 τὸν
1598 2298 1716 2332 Χριστὸν
1744 2299 1854 2332 ἔγγρὰ-

1050 2346 1146 2380 φεσθαι
1157 2354 1163 2361 '
1183 2346 1251 2372 ἐπὰν
1263 2345 1384 2379 ὁμολογῇ
1403 2344 1485 2370 αὑτὸν
1502 2343 1682 2377 σαρκωθέντα
1700 2342 1750 2368 καὶ
1765 2343 1853 2368 ὲναν-

1051 2393 1244 2429 θρωπήσαντα.
1270 2391 1352 2417 Οὐδὲν
1373 2391 1429 2426 γὰρ
1454 2390 1585 2424 ἔνσαρκον
1610 2390 1771 2423 ἆγραπτον·
1801 2390 1853 2415 καὶ

1049 2439 1136 2469 οὐδεὶς
1150 2438 1291 2472 ἅνθρωπος
1310 2437 1414 2471 ὀφθεὶς,
1441 2435 1668 2468 ἀνεξεικόνιστος.
1692 2434 1768 2461 Ἐπεὶ
1785 2435 1852 2460 οὐδὲ

1051 2485 1232 2520 κυριολέκτως
1249 2484 1297 2518 τὴν
1325 2483 1435 2517 Μαρίαν
1459 2482 1589 2508 Θεοτόκον
1606 2482 1763 2516 ὠνόμασεν·
1788 2480 1852 2506 ἀλλ’

1050 2530 1131 2565 ἡνίκα
1145 2529 1272 2555 ἐθέσπισε
1288 2528 1334 2554 τὸν
1361 2528 1423 2553 Υἱὶιν
1439 2527 1487 2553 τοῦ
1506 2527 1575 2553 θεοῦ
1587 2527 1617 2558 ἐξ
1635 2526 1721 2559 αὐτῆς
1737 2534 1853 2561 σαρκω-

1051 2575 1130 2610 θῆναι
1150 2575 1196 2600 καὶ
1219 2574 1431 2608 ὲνανθρωπῆσαι
1457 2573 1590 2599 Θεοτόκον
1618 2572 1703 2607 αὐτὴν
1730 2572 1853 2606 δυνάμει

1051 2620 1194 2655 ἐκήρυξεν,
1204 2619 1290 2654 Εἴπερ
1302 2619 1355 2654 γὰρ
1364 2618 1430 2650 Θεὸς
1446 2620 1460 2645 ὁ
1473 2619 1625 2653 γεννηθεὶς,
1641 2617 1772 2648 Θεοτόκος
1783 2619 1853 2644 ἀκο-

1050 2665 1151 2696 λούθως
1166 2665 1212 2690 καὶ
1236 2665 1252 2699 ἡ
1281 2665 1453 2698 γεννήσασα·
1466 2663 1548 2689 δοῦσα
1575 2663 1655 2689 τοῦτο
1674 2663 1853 2697 φθέγξασθαι

1051 2711 1177 2746 ἐνεργείᾳ
1192 2710 1293 2745 κυρίως
1308 2711 1342 2744 τῇ
1358 2710 1437 2744 τρίτῃ
1453 2709 1564 2744 συνόδῳ,
1576 2710 1622 2735 καὶ
1637 2709 1853 2744 ιὶπιῤῥιιπίσαειά⁸

1052 2756 1208 2790 Νεστόριον.
1223 2755 1284 2781 Οὐδ’
1300 2755 1331 2780 οὐ
1355 2755 1409 2789 μὴν
1420 2754 1466 2780 δύο
1484 2755 1579 2788 φύσεις
1599 2755 1646 2780 καὶ
1666 2753 1790 2780 τοσαῦτα
1805 2755 1852 2780 θε-

1051 2801 1160 2836 λήματα
1175 2800 1221 2826 ἐπὶ
1238 2799 1357 2834 Χριστοῦ
1373 2799 1498 2834 φανερῶς
1520 2799 1627 2832 ἐξεῖπεν
1638 2807 1644 2813 ·
1668 2799 1737 2826 ἀλλὰ
1753 2799 1853 2835 ἐπειδὴ

1052 2845 1120 2874 οἶδεν
1131 2846 1210 2873 αὐτὸν
1220 2845 1285 2872 Θεὸν
1297 2845 1363 2877 ὁμοῦ
1374 2846 1419 2871 καὶ
1428 2845 1578 2880 ἄνθρωπον.
1592 2845 1640 2877 τὰς
1649 2845 1696 2873 δύο
1707 2846 1853 2886 γεννήσεις
