1916 3075
64 159 113 190 (73

572 167 791 200 REFUTATIO
809 171 923 202 POEM.
949 173 1182 206 ICONOMACH.

1631 180 1684 212 474

57 217 134 244 αὐτοῦ
148 219 305 254 ὑμνήσασα,
323 221 371 248 δύο
381 221 495 258 δυνάμει
520 226 567 252 καὶ
595 227 646 258 τὰς
662 227 768 262 φύσεις,
799 231 835 256 κα

896 232 1007 265 proprie
1037 234 1248 266 enuntiandum,
1266 242 1298 262 ac
1321 234 1476 262 Nestorium
1488 235 1544 270 jam
1561 241 1624 263 tunc
1641 245 1684 263 re-

56 264 209 296 ἀκολούθως
227 267 289 298 ταῖς
304 266 412 300 φύσεσι,
438 269 484 295 δύο
501 271 549 297 καὶ
574 271 609 297 τὰ
633 272 787 307 θελήματα,
803 274 846 306 ἐξ·

55 311 152 343 εδίδαξε
161 320 167 325 ·
187 311 272 338 δοῦσα
283 313 361 340 τοῦτο
375 315 502 352 ἐνεργείᾳ
511 318 612 352 κυρίως
632 318 800 352 φθέγξασθαι
812 322 845 357 τῇ

55 364 81 380 τε
95 357 213 392 τετᾴρτῃ
229 359 275 385 καὶ
288 359 356 395 ἕκτῃ
365 361 466 396 συνόδῳ
477 369 483 376 ·
502 363 550 388 καὶ
562 363 770 398 ὲπιρῤαπίσασα
784 366 846 398 τοὺς

56 401 189 428 ὑπἀὐτοῦ
208 403 274 437 μίαν
292 404 374 438 φύσιν
385 406 433 431 καὶ
455 405 486 432 ἓν
506 406 611 442 θέλημα
631 408 844 442 πρεσϐεύοντας.

55 447 105 472 Καὶ
119 448 225 483 μακρὴν
236 448 269 475 ἂν
286 450 328 485 εῐη
345 450 496 485 ὑποδηλοῦν
506 452 580 484 ὅπως
592 454 769 489 ἐπιρραπίζει
779 455 845 482 ἐκά-

56 501 115 526 στην
141 494 259 529 αἵρεσιν,
279 496 466 531 ἀντεξάγουσα
481 498 594 534 δυνάμει
610 500 640 526 τὸ
654 500 780 536 ἐνεργείᾳ
793 509 843 536 κη-

55 538 147 572 ρυχθὲν
158 539 300 574 ὀρθὸδοξον
315 542 403 576 δόγμα
419 545 452 578 τῇ
469 544 540 570 κατὰ
557 545 650 580 καιρὸν
667 546 777 581 συνόδῳ.
790 547 843 573 Λε-

54 582 164 616 λυμένου
178 585 269 611 τοίνυν
283 586 382 618 ἱκανῶς
394 589 440 613 καὶ
455 588 628 624 ἐλεγχθέντος
641 590 687 616 τοῦ
702 591 790 625 λόγου,
805 592 843 623 ὡς

54 627 80 652 οὐ
92 627 156 663 δέχῃ
169 629 219 663 τὴν
231 630 344 666 πρώτην
361 631 478 665 σύνοδον,
492 633 537 660 διὰ
550 634 580 660 τὸ
600 636 690 662 πᾶσαν
705 636 842 672 εἰκονικὴν

54 672 157 707 ποίησεν
173 681 204 700 τε
217 675 266 700 καὶ
281 676 466 711 προσκύνησιν
482 677 588 704 ἀθετεῖν
605 687 645 711 σε,
664 680 772 716 ἐκείνης
782 681 842 708 δυνο

52 719 122 752 ciust,
137 719 209 746 καθὰ
227 721 346 755 εἴρηται,
371 723 488 757 Χριστὸν
505 725 687 757 εἰκονίζεσθαι
704 727 773 754 κατὰ
793 728 840 754 τὸν

51 761 217 798 ἀνθρώπινον
226 765 390 801 χαρακτῆρα
406 767 563 804 κηρυξάσης
573 777 580 784 ·
593 769 700 796 λέλυται
712 771 759 796 τοῦ
771 772 839 806 μηδὲ

50 807 94 838 τὰς
109 808 208 839 λοιπάς
220 818 250 836 σε
263 810 390 846 δέχεσθαι
403 813 538 845 συνόδους.
554 814 602 841 Ἐν
625 815 680 850 γὰρ
692 816 722 842 ἑν
737 816 838 850 πάσαις

48 853 76 878 τὸ
91 853 204 885 εὐσεϐὲς
215 856 354 892 φρόνημα.

900 276 1005 304 fellens.
1025 278 1118 313 Neque
1133 287 1216 314 porro
1232 281 1301 307 duas
1318 289 1379 308 esse
1394 282 1421 308 in
1441 281 1549 309 Christo
1570 287 1683 310 naturas

899 322 1067 357 totidetnque
1085 324 1238 353 voluntates
1257 330 1350 361 aperte
1366 327 1513 353 declaravit
1526 335 1532 353 :
1544 327 1589 354 sed
1607 332 1682 362 post-

896 374 980 400 quam
1007 367 1091 395 Deunt
1120 369 1200 396 simul
1224 370 1418 406 hominemque
1443 372 1532 406 ipsum
1561 373 1680 407 agnovit.

896 412 965 439 duas
982 412 1069 447 ipsius
1085 416 1277 449 generationes
1299 417 1464 451 praedicans;
1491 419 1559 445 duas
1581 419 1683 452 pariter

896 463 1017 490 naturas,
1042 463 1069 486 et
1093 466 1292 495 consequenter
1317 463 1349 488 ad
1376 467 1500 494 naturas,
1529 464 1682 490 voluntates

895 510 1004 537 quoque
1029 504 1099 532 duas
1129 514 1200 538 esse,
1231 508 1351 541 polentia
1371 509 1503 536 edocuit:
1532 514 1636 543 quartae
1655 513 1683 535 et

894 555 978 576 sexus
993 552 1098 585 synodo
1114 553 1272 588 relinquens
1284 555 1309 581 id
1325 559 1386 582 actu
1403 561 1429 582 et
1445 555 1547 584 diserte
1561 563 1682 589 pronun-

894 595 1034 623 tiandum:
1060 606 1162 633 eosque
1180 600 1326 628 confutatis
1341 601 1386 635 qui
1404 609 1486 628 unam
1502 601 1528 628 in
1545 601 1605 635 ipso
1635 609 1682 627 na-

893 645 993 675 turam,
1005 648 1052 670 aut
1076 645 1122 679 qui
1139 646 1312 673 voluntatem
1329 654 1411 673 unam
1427 654 1487 673 esse
1503 646 1680 674 aliirtnarent.

891 687 930 714 Ac
961 687 1071 722 longum
1104 690 1139 716 sit
1166 691 1304 718 declarare
1330 692 1555 726 quemadmodum
1586 700 1682 719 unam-

890 739 1026 767 quamque
1041 734 1165 761 haeresim
1183 736 1374 770 prolligaverit,
1393 737 1512 771 potentia
1541 744 1681 771 oppottens

890 777 1073 805 orthodoxutn
1100 779 1208 814 dogma.
1224 782 1295 816 quod
1313 782 1410 809 deinde
1435 789 1484 816 pro
1511 786 1632 817 tempore
1653 782 1680 808 in

889 823 1000 854 synodis
1029 823 1079 851 fuit
1109 830 1170 852 actu
1199 827 1376 854 declaratum.
1402 827 1469 854 Cum
1496 827 1588 861 itaque
1614 828 1681 854 satis

889 871 1029 894 ostensum
1052 869 1325 905 demonstratumque
1342 872 1388 904 sit,
1406 876 1433 898 te
1454 873 1566 906 primam
1597 879 1679 906 syno-

49 898 107 925 du-n
122 908 179 928 non
192 903 312 937 recipere
327 903 381 931 hoc
395 903 455 938 ipso
474 904 547 939 quod
563 912 672 933 omnem
689 906 838 942 imaginum
862 911 1062 940 coniectionem
1084 915 1334 951 adorationentque
1354 918 1461 952 rejicis;
1491 926 1552 945 cum
1575 919 1618 945 illa
1635 927 1680 954 sy—

49 945 131 973 nodus
153 949 288 981 potentia,
304 949 377 977 sicut
395 951 499 978 dictum
535 956 589 983 est,
611 952 812 981 denuntiaverit
834 960 862 983 ut
883 957 1009 987 humanm
1032 961 1136 989 Christi
1163 963 1258 991 format
1284 963 1418 998 imagines
1452 965 1565 992 ﬁerent:
1597 966 1678 993 simul

48 995 186 1019 ostensum
201 999 244 1021 est
261 998 288 1022 te
301 999 328 1022 et
346 996 465 1031 reliquas
495 998 614 1032 synodos
640 1006 696 1026 non
714 999 845 1034 recipere.
868 1001 927 1030 Una
952 1006 1025 1032 enim
1052 1013 1213 1036 cunctarum
1250 995 1402 1044 eademque
1427 1011 1562 1038 sententia
1588 1016 1615 1038 et
1632 1020 1678 1038 re-

49 1035 119 1071 ligio.

54 1093 287 1141 Ἀπορεζόμενος
303 1096 353 1141 καξ
367 1096 425 1131 τὴν
444 1098 480 1124 ἐν
496 1099 683 1141 Βζὶαχεξργαις
696 1101 835 1141 *σ-ὐνοδον

894 1104 1030 1137 Recipiens
1048 1111 1072 1132 et
1088 1107 1217 1140 synodum
1236 1107 1263 1134 in
1273 1107 1426 1136 Biachernis
1437 1108 1564 1141 habitam,
1577 1114 1602 1136 et
1620 1119 1678 1137 eam

79 1130 127 1155 χιιι
142 1131 200 1163 τὴν
213 1131 326 1165 ταύτης
338 1130 804 1169 ἐπικυρωτικὴν’ἦθροιᾶθεῑσαν.

79 1185 130 1212 Ναὶ
144 1187 199 1222 μήν
209 1195 216 1202 ·
233 1187 338 1214 τούτων
354 1188 409 1224 γὰρ
423 1190 455 1216 σὺ
478 1190 625 1222 ἀκόλουθος
640 1192 689 1218 καὶ
708 1192 841 1228 σύμφρων

47 1231 97 1257 ⁴ιῶν
113 1232 262 1259 ἀντιθέτων
285 1233 336 1268 τῆς
350 1234 482 1269 ἀληθείας
493 1255 501 1268 ,
521 1237 568 1262 καὶ
594 1237 684 1272 πάσης
698 1237 840 1265 ἀποστολι-

48 1277 94 1311 κῆς
101 1279 147 1304 καὶ
153 1279 296 1315 Πατρικῆς
305 1280 479 1313 διδασκαλίας
488 1282 649 1318 ἀλλοτρίων,
662 1283 700 1315 ὠς
710 1285 840 1320 ἀνωτέρω

47 1323 199 1358 δεδήλωται.
220 1326 361 1354 Ἀθετοῦσι
377 1327 431 1362 γὰρ
458 1329 550 1355 πᾶσαν
570 1330 707 1366 εἰκονικὴν
732 1331 839 1367 ποίησεν

47 1377 73 1395 τε
87 1371 133 1396 καὶ
144 1371 345 1407 προσκύνησιν.

50 1427 116 1459 Τούς
138 1435 170 1453 τε
182 1427 252 1464 παρ’
281 1428 381 1454 αὐτῶν
389 1429 615 1464 ἀποϐληθέντας
629 1431 837 1464 (inmundus-

77 1470 129 1494 νος
140 1470 147 1477 ·
164 1462 295 1496 καὶτοὺς
310 1464 361 1491 ὑπ’
373 1464 473 1491 αὐτῶν
483 1462 644 1500 δεχθένέας
655 1462 838 1502 ἁποόεχδμε-

78 1504 140 1529 νος.

77 1552 131 1578 Καὶ
144 1554 234 1580 πάνυ·
247 1553 305 1581 ἀλλ’
317 1555 354 1586 ὡς
369 1556 544 1590 Καϊαφαῖκδν
556 1557 704 1590 συνέδριον,
718 1558 764 1585 τδν
783 1559 836 1586 Βα-

48 1597 145 1630 paﬁﬁiv
159 1600 380 1635 προσηκάμενον,
394 1602 440 1628 τὸν
450 1601 479 1628 δὲ
495 1603 614 1638 Χριστὸν
631 1603 834 1639 ἀρνησάμενον.

50 1654 100 1680 Τὸν
125 1655 161 1681 δὲ
177 1656 238 1683 ὑπὸ
265 1658 414 1690 Ταρασίου
443 1659 600 1695 σύλλογον
626 1660 834 1696 ἁποϐαλλόμε-

404 1701 467 1726 νος.

79 1743 157 1780 Εὖγε,
175 1747 224 1774 καὶ
241 1747 312 1775 πάνυ
334 1749 463 1781 εἰκότως·
478 1750 536 1777 ἀλλ’
550 1750 587 1781 ὡς
601 1752 783 1786 συνεπόμενον
798 1753 832 1788 τῇ

48 1791 134 1827 πρώτῃ
150 1793 217 1828 ἁγίᾳ
237 1795 349 1829 συνόδῳ,
367 1796 396 1821 ὲν
411 1795 450 1831 τῷ
462 1797 508 1822 τὸν
523 1797 641 1832 Χριστὸν
655 1783 773 1832 κηρύξαι
789 1783 834 1832 ty:
847 1783 868 1812 c

47 1838 194 1872 γράφεσθαι
209 1841 281 1866 κατά
294 1841 338 1866 τὸν
352 1841 523 1876 ἀνθρώπινον
537 1844 699 1879 χαρακτῆρα
710 1852 718 1859 ο
740 1844 791 1878 τήν
805 1852 834 1870 τε

46 1883 132 1910 εἰκόνα
143 1885 226 1911 αὐτοῦ
237 1894 266 1912 τε
287 1886 334 1913 καὶ
347 1886 395 1913 τοῦ
410 1887 545 1919 ζωοποισῦ
569 1889 697 1924 σταυροῦ,
719 1890 767 1916 καὶ
785 1889 834 1924 τῆς

45 1927 172 1956 θεοτόκου
183 1938 190 1945 ·
209 1931 277 1965 πρὸς
293 1931 322 1958 δὲ
336 1932 383 1959 καὶ
400 1933 499 1966 παντὸς
514 1934 604 1968 ἁγίου,
621 1935 834 1969 προσκυνεῖσθαι

43 1974 79 2003 εἰς
92 1975 176 2009 τιμὴν
191 1975 247 2001 τῶν
261 1977 447 2012 πρωτοτύπων
457 1986 464 1994 ·
479 1976 517 2006 ὧν
529 1979 704 2014 ἀπερῤάγης,
722 1980 761 2012 ὡς
780 1979 834 2006 ἀπὺ

43 2018 82 2053 Xp
96 2020 160 2045 ποῦ
185 2021 297 2053 Ἰούδας.

92 2075 146 2101 Καὶ
160 2075 234 2108 τοὺς
244 2076 288 2111 μὴ
298 2077 393 2111 οὕτως
407 2079 534 2113 ἔχοντας
548 2079 778 2114 ἀναθεματιζων.

73 2131 216 2165 Δηλονὰτιι
227 2133 296 2159 ἀλλὰ
310 2135 372 2166 τοὺς
386 2135 482 2170 ἁγίους
494 2136 599 2168 πάντας
615 2136 777 2172 συλλήὸδην,
793 2136 832 2169 ὡς

42 2176 185 2209 ἀντίπαλος
197 2179 330 2213 Χριστοῦ.

78 2233 257 2268 Ύπέτραψα
267 2235 439 2270 ὶδιοχείρως.

71 2290 179 2325 Δηλιιδὴ
189 2299 197 2306 ·
219 2292 276 2318 ἀλλ’
287 2292 325 2324 ὡς
335 2293 350 2319 ὁ
371 2293 484 2326 Πιλᾶτος
495 2296 529 2330 τῇ
544 2296 614 2322 κατὰ
626 2296 746 2331 Χριστοῦ
760 2296 829 2323 ἀπο-

40 2337 118 2370 piast
135 2337 227 2372 πήξας
241 2339 289 2365 τὸν
306 2339 438 2374 κάλαμον.

267 2396 439 2431 Ὑπογραφὴ
454 2397 626 2431 ὀρθοδόξου.

936 1148 995 1174 qua:
1008 1140 1080 1167 illius
1097 1142 1287 1175 conﬁrmanda:
1296 1145 1383 1177 gratia
1401 1144 1452 1178 fuit
1466 1140 1631 1179 congregata.

928 1194 1024 1222 XXXI.
1045 1196 1124 1223 Certe
1138 1197 1259 1232 quidem,
1276 1202 1303 1225 tu
1325 1207 1421 1234 nempe
1440 1201 1491 1228 illis
1505 1201 1678 1236 oblentperas

890 1242 917 1265 et
941 1240 1080 1267 consentis
1102 1241 1149 1274 qui
1175 1242 1316 1269 veritatem
1341 1249 1509 1278 oppugnant,
1534 1249 1613 1279 atque
1642 1247 1677 1273 ab

889 1285 962 1311 omni
976 1286 1162 1319 apostolorum
1182 1287 1350 1323 Petrumque
1365 1289 1488 1316 doctrina
1507 1289 1587 1317 alieni
1602 1295 1674 1323 sunt,

889 1331 959 1358 sicut
974 1332 1100 1366 superius
1114 1333 1333 1362 demonstratum
1360 1335 1420 1362 fuit.
1450 1335 1588 1370 Abrogant
1603 1337 1675 1364 enim

889 1383 997 1404 onlnem
1016 1377 1165 1412 imaginum
1181 1379 1378 1408 coniectionem
1392 1385 1419 1408 et
1432 1381 1631 1408 adorationem.

888 1441 923 1468 Et
942 1443 1063 1478 reﬁciens
1086 1453 1151 1479 quos
1174 1445 1229 1473 ξιιω
1247 1447 1340 1484 synodi
1360 1448 1531 1484 rrejecerunt,
1554 1453 1580 1475 et
1607 1456 1672 1484 quos

1123 1486 1273 1514 receperunt
1285 1483 1421 1517 recipiens.

921 1563 1029 1592 XXXII.
1046 1564 1182 1598 Omnino;
1199 1567 1245 1594 sed
1266 1575 1343 1595 more
1359 1575 1508 1596 consessus
1524 1569 1676 1603 Caiphaici,

885 1609 931 1644 qui
946 1609 1096 1638 Barabbam
1115 1613 1243 1647 suscepit,
1265 1612 1403 1641 Christum
1418 1622 1483 1642 vero
1498 1615 1652 1650 abnegavit.

885 1664 1044 1693 Conventum
1068 1672 1156 1694 autem
1170 1668 1216 1695 sub
1236 1668 1347 1696 Tarasio
1364 1669 1524 1698 celebratum
1539 1672 1671 1705 rejiciem.

919 1752 1038 1780 XXXIII.
1051 1753 1133 1790 Euge,
1149 1763 1181 1784 ac
1192 1757 1291 1784 merito
1305 1761 1395 1791 certe;
1412 1758 1459 1786 sed
1473 1758 1563 1793 rejicis
1579 1765 1674 1793 quate-

886 1804 937 1824 nus
954 1805 1015 1824 cum
1027 1805 1119 1826 sancta
1134 1800 1238 1834 synodo
1256 1801 1342 1836 prima
1360 1802 1498 1829 consentit
1512 1803 1538 1830 itt
1554 1811 1586 1830 eo
1601 1804 1672 1838 quod

884 1845 968 1872 edixit
994 1850 1023 1872 ιιι
1051 1846 1206 1880 piugeretur
1219 1847 1357 1876 Christum
1377 1849 1527 1876 secundum
1556 1849 1674 1876 hominis

886 1887 1011 1922 fortnam,
1030 1893 1085 1916 tum
1103 1894 1133 1917 ut
1151 1891 1240 1925 imago
1253 1891 1349 1926 ipsius,
1361 1897 1388 1920 et
1398 1892 1511 1920 viviﬁcze
1524 1893 1624 1925 crucis,
1641 1900 1674 1920 ae

885 1930 1015 1966 Deiparae,
1034 1938 1062 1959 et
1086 1940 1213 1967 praeterea
1236 1935 1323 1962 sancti
1354 1935 1554 1971 cujuscunque,
1575 1936 1673 1963 adora-
1725 1971 1727 1979 Α

885 1981 958 2003 retur
978 1977 1005 2004 itt
1021 1978 1151 2005 honorem
1170 1984 1386 2016 prototyporutn.
1409 1981 1432 2007 A
1451 1981 1551 2016 quibus
1564 1986 1592 2008 tu
1618 1989 1672 2008 non

884 2022 974 2050 minus
988 2030 1071 2057 quam
1089 2023 1175 2052 ludas
1192 2032 1207 2051 a
1223 2025 1343 2059 Christo,
1355 2026 1459 2054 divisus
1473 2035 1514 2054 es.

963 2078 998 2106 Et
1012 2088 1055 2107 eos
1069 2081 1114 2115 qui
1129 2089 1202 2108 secus
1215 2083 1331 2109 sentiunt
1346 2083 1589 2110 analhemalizanr.

917 2134 1036 2162 XXXIV.
1054 2136 1191 2170 Omnino;
1209 2139 1257 2166 sed
1272 2143 1381 2167 sattctos
1401 2140 1504 2175 pariter
1515 2140 1670 2173 universos,

884 2184 1012 2215 tanquant
1027 2180 1126 2208 Christi
1140 2183 1330 2211 adversarius.

1086 2237 1199 2273 Propria
1211 2247 1291 2265 manu
1308 2239 1462 2275 subscripsi.

917 2292 1006 2326 Certe,
1024 2293 1080 2326 sed,
1098 2297 1128 2320 ut
1140 2293 1253 2327 Pilatus,
1273 2295 1381 2323 calamo
1397 2297 1430 2324 ad
1451 2296 1591 2324 Christum
1605 2305 1669 2325 ron-

882 2339 1064 2367 demnandum
1080 2348 1157 2368 usus.

1107 2396 1272 2432 Subscriptt‘o
1290 2399 1441 2426 orthodoxi.

73 2450 136 2482 Τοῖς
158 2451 347 2485 εὑαγγελικοῖς
361 2452 408 2478 καὶ
422 2453 609 2485 ἀποπολικοίς
619 2453 770 2489 ἐντάλμασι
779 2455 826 2481 καὶ

915 2452 1024 2480 XXXV.
1053 2453 1220 2488 Evangelicis
1246 2460 1274 2481 et
1295 2454 1453 2489 apostolicis
1484 2455 1621 2483 mandatis
1641 2460 1669 2483 et

41 2495 222 2531 θεσπίσμασιν
235 2498 338 2525 ἅπασιν
352 2498 498 2533 ἑπόμενος·
515 2499 562 2525 καὶ
574 2500 632 2529 τοῖς
650 2500 830 2534 προφητικοτς

41 2542 84 2566 καὶ
95 2542 244 2577 [ἰατρικοῖς
258 2542 418 2578 κηρύγμασι
428 2545 475 2570 καὶ
486 2544 649 2579 διδάγμασιν
659 2544 831 2580 ἐπερειδόμε-

42 2596 96 2618 νος·
109 2588 161 2619 τὰς
170 2597 201 2614 τε
216 2589 298 2622 ἁγίας
313 2589 362 2615 καὶ
382 2590 575 2625 οἱκουμενικάς
592 2590 621 2621 ἒξ
634 2590 760 2621 συνόδους
782 2590 830 2616 σὺν

40 2633 130 2666 ἄλλαις
156 2636 285 2666 τοπικαίς
309 2635 357 2661 καὶ
385 2635 497 2667 ταύταις
528 2635 666 2670 ὁμοδόξοις
693 2636 764 2662 κατά
798 2644 829 2662 τε

41 2678 203 2716 δογματικὴν
230 2680 277 2706 καὶ
312 2682 458 2716 κανονικὴν
485 2682 602 2716 τήρησιν
634 2681 830 2716 προσιέμενος·

43 2725 98 2756 μεθ’
108 2723 147 2753 ὧν
163 2727 210 2753 καὶ
223 2726 272 2762 τὴν
288 2726 358 2761 μετὰ
383 2727 431 2762 τὴν
454 2727 539 2763 ἕκτην
561 2727 628 2762 περὶ
641 2727 696 2753 τῶν
725 2727 831 2754 σεπτῶν

42 2770 150 2797 εἱκὸνων
164 2771 432 2806 ὑπομνηματίσασαν
448 2773 496 2799 καὶ
518 2773 649 2808 ὀρίσασαν
672 2772 831 2808 θεοπρεπῶς

43 2815 236 2851 ἀποδεχόμενος
248 2825 255 2831 ·
274 2817 321 2843 καὶ
335 2817 385 2852 τὴν
403 2818 433 2844 ὲν
450 2818 552 2853 Νικαὶᾳ
566 2819 595 2844 τὸ
612 2818 738 2853 δεύτερον
748 2819 830 2852 ἁγίαν

46 2859 156 2893 simam,
170 2863 207 2894 ὡς
231 2862 281 2901 τὴν
300 2863 332 2889 τὺ
348 2864 480 2899 πρότερον
505 2863 652 2901 ὀρθοόοξως
663 2864 828 2912 donatio:—

880 2497 975 2524 edictis
998 2498 1126 2526 omnibus
1146 2499 1350 2533 obtemperans,
1371 2507 1404 2527 ac
1424 2500 1619 2534 prophetarum
1639 2505 1667 2528 et

879 2542 990 2570 Patrum
1009 2544 1127 2572 oraculis
1153 2549 1180 2571 et
1203 2545 1374 2573 documentis
1391 2546 1580 2578 conﬁrmatus,
1596 2547 1666 2573 reci-

879 2587 955 2621 piens
981 2595 1091 2623 quoque
1114 2595 1224 2617 sanctas
1251 2590 1372 2626 synodos
1394 2598 1443 2618 sex
1470 2591 1666 2623 mcumenicas,

879 2633 1001 2668 aliasque
1029 2635 1166 2662 variarum
1184 2636 1327 2670 regionum
1353 2636 1531 2664 mcumenicis
1547 2644 1665 2664 consen-

881 2681 978 2708 tientes
1002 2681 1152 2708 secundum
1169 2681 1326 2716 dogmatum
1344 2687 1371 2709 et
1385 2690 1521 2710 canomtm
1539 2682 1666 2709 observa-

881 2727 982 2754 tionem
1007 2726 1183 2761 amplcctens,
1203 2735 1265 2755 cum
1284 2727 1371 2762 iisque
1394 2728 1539 2755 admittens
1556 2732 1582 2755 et
1604 2735 1663 2755 cam

880 2774 1065 2809 |Tru|lanatn]
1081 2783 1141 2808 qua:
1159 2779 1220 2810 post
1242 2779 1345 2803 sextam
1365 2775 1399 2802 de
1417 2774 1577 2802 venerandis
1594 2775 1661 2801 inta-

879 2818 986 2854 ginihus
1012 2819 1148 2849 tractavit,
1164 2825 1195 2845 ac
1208 2817 1263 2844 Deo
1289 2818 1368 2853 digna
1394 2818 1529 2846 sancivit:
1556 2826 1662 2845 necnon

879 2863 1013 2898 synodum
1040 2862 1177 2891 Nicmnatn
1205 2863 1364 2896 secundam,
1379 2871 1439 2898 qua:
1453 2864 1486 2892 dc
1501 2863 1663 2892 venerandis
