1916 3075
236 169 289 201 475

833 166 863 196 S.
881 164 1079 196 THEODORI
1099 163 1272 194 STUDITIE

1809 163 1866 197 476

237 225 402 260 imaginibus
429 224 522 252 cadent
555 231 586 252 ac
613 224 687 257 prior
716 223 843 258 dogmata
872 223 1022 250 orthodoxa

1077 229 1134 254 σαν,
1151 222 1199 248 καὶ
1212 221 1353 256 ἑπομένως
1381 223 1412 258 τῇ
1440 222 1493 258 πρὸ
1517 223 1599 258 αὐτῆς
1617 223 1680 259 περὶ
1706 223 1761 252 τῶν
1774 225 1867 252 αὐτῶν

236 269 357 300 tradidit,
369 268 513 302 recipiens.
531 272 697 301 cunctosnlue
711 275 779 301 quos
795 266 890 302 synodi
911 274 1022 293 excom-

237 315 446 343 municaverunt
467 314 602 349 rejiciens,
618 321 680 341 cum
697 314 785 347 iisque
799 320 869 347 quos
890 313 1023 346 approba-

237 367 336 389 verunt
350 361 567 390 communicaris:
582 363 609 387 et
625 359 736 387 cuilibet
751 359 802 394 legi
818 365 901 385 saera:
914 361 941 384 et
956 365 1022 384 con-

238 408 376 436 suetudini
399 407 601 438 ecclesiasticae,
617 413 678 440 quae
696 413 711 432 a
735 404 844 431 Christo
862 404 915 430 huc
939 410 1024 436 usque

238 456 398 486 manaverit,
413 458 460 481 aut
477 458 547 481 certe
565 452 648 480 fuerit
662 456 756 486 postea
775 454 869 477 sancte
889 449 1022 480 instituta,

237 509 282 528 me
292 501 470 528 submittens:
487 507 652 533 omnemque
665 489 768 525 Christi
782 497 829 524 Dei
845 497 940 529 nostri,
955 496 1023 522 vivi—

239 544 296 570 ἣρω
316 544 416 574 crucis,
435 543 555 578 Dciparaa
572 546 599 569 et
623 541 779 577 angelorum
792 546 820 568 et
836 539 1024 574 cujuscunque

238 588 325 615 sancti
345 592 372 615 et
388 591 489 614 sanctae
503 587 661 621 imaginem,
681 593 756 612 more
776 584 932 611 hominibus
951 583 1023 610 salu-

238 635 289 660 tari
304 640 468 668 expressam,
490 636 545 659 toto
565 635 672 666 pectore
687 630 869 664 complectens
905 635 936 655 ac
957 627 1024 654 deo-

238 679 348 707 sculans
364 687 371 712 ;
393 681 554 706 conventum
568 685 631 705 vero
646 676 672 704 in
692 675 849 703 Blachernis
862 673 1023 708 jampridem

236 726 414 757 celebratum,
429 732 547 759 eumque
564 732 578 751 a
606 732 661 758 quo
685 723 759 758 prior
782 722 826 748 ille
846 720 1023 748 conﬁrmatus

237 775 290 801 est,
305 774 452 804 utrumque
473 774 601 803 tanquam
615 768 717 795 Christi
731 772 941 801 sanctorumque
966 772 1024 793 om-

238 815 313 841 nium
345 815 485 842 inimicum
502 835 509 847 ,
547 814 673 849 rejiciens
687 835 693 846 ,
710 820 811 847 eosque
839 811 886 846 qui
907 819 961 838 non
984 810 1024 837 sic

238 861 359 887 sentiunt
384 861 493 888 aeternis
520 860 756 887 anatheinatismis
780 858 938 892 subjiciens,
961 864 1022 884 cum

238 904 305 939 Deo,

595 949 705 984 Propria
721 956 801 975 manu
815 947 968 981 subscripsi.

401 1038 511 1066 lAMBI
532 1036 865 1066 ICONOMACHORUM.

550 1094 705 1122 JOANNIS.

1076 267 1182 294 σεπτῶν
1197 267 1320 299 εἰκόνων,
1336 269 1538 304 ἀσπαζόμενον
1551 270 1613 301 τούς
1627 278 1657 296 τε
1676 271 1750 306 παρὰ
1770 272 1869 299 πασῶν

1074 312 1261 347 ἐκκηρὺκτους
1289 314 1520 349 ἀποϐαλλόμενος.
1546 316 1601 342 Καὶ
1628 316 1690 348 τοὺς
1702 317 1748 343 ὑπ’
1774 318 1868 345 αὐτῶν

1074 359 1279 394 ἀναῤῥηῦέντας
1310 360 1538 395 εἰσοικειούμενος
1554 369 1560 375 ·
1598 362 1670 396 ἱεροῦ
1703 372 1732 389 τε
1762 364 1867 395 παντὸς

1074 404 1177 439 θεσμοῦ
1194 406 1239 432 καὶ
1262 405 1340 437 ἔθους
1361 407 1796 444 ὲκκλησιαστικοῦ,ἁπὸΧριστοῦ
1817 411 1867 445 μέ-

1075 458 1120 484 χρι
1135 451 1181 477 τοῦ
1192 451 1272 486 δεῦρο
1287 452 1426 487 προϊόντος
1436 461 1442 468 '
1459 453 1474 488 ἢ
1490 455 1537 481 καὶ
1548 455 1696 490 μετέπειτα
1711 456 1786 490 ὅμως
1798 458 1868 492 ἱερο-

1074 496 1187 531 πρεπῶς
1207 497 1402 532 ἀντεχόμενος·
1433 500 1523 526 πᾶσάν
1551 509 1581 526 τε
1604 501 1695 528 εἰκόνα
1712 499 1794 528 οὖσαν
1817 504 1868 529 καὶ

1075 542 1279 578 χαραττομένην
1293 544 1435 579 ammplam
1455 545 1494 580 τῷ
1505 547 1610 581 κόσμῳ,
1622 547 1669 573 τοῦ
1682 548 1802 583 Χριστοῦ
1818 550 1868 576 καὶ

1074 587 1140 613 Θεοῦ
1150 588 1166 622 ἡ
1171 588 1238 621 μῶν,
1250 588 1296 615 τοῦ
1310 588 1442 621 ζωοποιοῦ
1457 591 1586 626 σταυροῦ,
1600 593 1650 628 τῆς
1660 594 1803 625 Θεοτόκου,
1814 595 1868 627 ἀγ-

1074 631 1162 665 γέλων
1177 641 1207 658 τε
1221 634 1269 660 καὶ
1283 635 1384 666 παντὸς
1400 636 1477 670 ἁγίου
1493 638 1539 663 καὶ
1555 638 1635 672 ἁγίας
1658 629 1867 676 ὲνσὲερνιζόμε-

1074 685 1129 709 νος.
1152 679 1208 705 Καὶ
1234 681 1506 717 προσπτυσσόμενος·
1529 683 1575 710 τὸν
1599 685 1628 710 δὲ
1654 685 1684 711 ἐν
1699 685 1869 721 Βλαχέρναις

1075 723 1159 749 πάλαι
1174 724 1350 759 ἀθροισθέντα
1361 726 1498 762 σύλλογον,
1512 729 1559 755 καὶ
1571 729 1601 756 τὸ
1614 730 1710 757 τούτου
1725 732 1868 768 ἐπικυρω-

1074 768 1149 794 nva
1161 770 1307 805 συνέδριον,
1322 772 1360 803 ὡς
1374 773 1511 800 ἀντίθετον
1531 775 1661 811 ἑκάτερον
1675 777 1794 812 Χριστοῦ
1819 781 1870 809 καὶ

1075 813 1176 844 παντὸς
1193 815 1284 848 ἁγίου,
1303 817 1545 854 ἀποπεμπόμενος,
1574 821 1622 847 καὶ
1636 822 1699 853 τοὺς
1725 823 1762 858 μὴ
1776 823 1870 855 οὕτως

1075 859 1240 903 φρονοῦντας
1253 862 1372 895 αἰωνίοις
1382 864 1613 901 ἀναθεματισμηῖς
1631 868 1801 903 ὑποϐάλλων,
1819 870 1873 896 σὺν.

1040 901 1060 928 Β
1074 901 1135 938 Θεῷ
1144 924 1151 936 ,

1469 956 1476 966 '
1483 957 1643 993 Υπέκοαψα
1655 960 1834 995 ὶδιοχειρωςε

1264 1042 1301 1069 ΙΔ
1306 1044 1395 1071 MBO)
1409 1045 1679 1077 EIKONOMAXDN.

1384 1102 1546 1133 ΙΩΛΝΝΟΥ.

517 1155 632 1181 Acnosr.
645 1153 768 1189 Χριστοῦ
781 1153 811 1180 τὸ
826 1153 910 1185 πάθος
927 1153 1004 1184 ἐλπὶς

1077 1153 1149 1190 ἱιννῃ.
1166 1156 1266 1186 Christi
1286 1158 1380 1188 Passio
1391 1170 1452 1196 sp's
1465 1162 1563 1191 Juanni
1573 1184 1580 1190 .

270 1211 398 1239 Christus
414 1212 546 1239 destruxit
562 1212 652 1239 crucis
667 1211 759 1239 divino
776 1211 874 1239 robore

272 1256 333 1284 Vim
347 1263 443 1284 turmae
455 1257 626 1284 daemonum:
642 1257 675 1285 iis
691 1259 736 1292 qui
755 1258 848 1285 vivunt

272 1303 365 1330 Robur
377 1302 499 1334 eﬂectus,
512 1309 540 1330 et
552 1311 613 1338 spes
623 1304 650 1330 in
667 1308 764 1338 potens
775 1305 932 1339 praesidium
944 1313 950 1330 :

271 1348 370 1383 Aperte
383 1348 483 1375 docens
498 1349 548 1382 ipsi
568 1349 612 1375 uni
630 1350 776 1377 conﬁdere.

273 1393 365 1428 Itaque
375 1393 401 1420 in
417 1394 566 1427 parietibus
576 1394 687 1430 pingere
699 1395 852 1427 Dominum,
866 1395 952 1423 nel'as.

271 1437 357 1466 Totus
375 1439 474 1473 quippe
493 1439 564 1467 Deus
579 1443 621 1467 est
636 1445 659 1473 ι),
683 1440 756 1467 haud
783 1445 904 1469 mutatus
918 1450 966 1477 per
980 1451 1024 1469 er-

238 1492 326 1512 rorem
331 1505 339 1518 ,

274 1531 402 1559 Exaltans
413 1531 472 1565 pios
482 1539 560 1567 rcges
577 1532 602 1559 in
617 1540 712 1568 regno.

562 1577 695 1606 lGNATll.

1078 1217 1103 1242 X
1122 1217 1213 1252 ριστὸς
1262 1219 1370 1246 καθεῖλε
1429 1229 1444 1247 σ
1466 1221 1611 1257 Ταυρικῷ
1651 1224 1714 1259 Θεὶῳ
1747 1224 1828 1252 σθένε
1857 1227 1876 1253 ἱ

1082 1263 1114 1289 Ῥ
1132 1263 1201 1299 οπὴν
1211 1264 1349 1298 φάλαγγος
1377 1265 1443 1300 δαίμ
1464 1269 1486 1293 0
1504 1276 1558 1294 νων
1576 1277 1583 1283 ·
1625 1270 1683 1300 τοῖς
1732 1270 1761 1296 ὲν
1800 1270 1830 1305 βι
1850 1273 1873 1307 ῼ

1084 1309 1109 1336 ’1
1126 1309 1192 1344 σχὺς
1210 1310 1341 1345 πεφυκὼς
1361 1312 1393 1338 Ἐ
1414 1314 1437 1338 Λ
1458 1314 1483 1339 Π
1500 1314 1547 1340 IS
1573 1315 1613 1345 εἰς
1640 1315 1741 1349 κράτος
1756 1316 1814 1350 μέγ
1835 1321 1870 1344 Α.

1078 1357 1101 1381 Σ
1118 1356 1195 1390 αφῶς
1305 1358 1439 1385 διδάσκων
1458 1361 1478 1385 Α
1501 1360 1558 1395 ὺτῷ
1586 1361 1732 1396 προσέχειν
1755 1363 1828 1397 μόνο
1848 1365 1875 1390 Ν

1081 1403 1291 1438 Τοιχογραφεῖν
1317 1404 1365 1431 οὖν
1390 1405 1421 1431 οὐ
1459 1407 1481 1433 Θ
1497 1406 1561 1441 έμις
1609 1409 1657 1434 τὸν
1693 1408 1815 1444 δεσπότη
1836 1411 1872 1436 Ν.

1077 1447 1114 1474 ’Ὅ
1132 1447 1178 1480 λος
1199 1448 1264 1480 Θεὸς
1279 1449 1334 1484 γάρ
1346 1450 1432 1481 ἐστιν,
1461 1452 1482 1476 0
1502 1451 1517 1476 ὑ
1577 1452 1694 1486 τραπεὶς
1741 1451 1817 1480 πλάν
1834 1455 1872 1489 ῌ,

1084 1539 1118 1565 ’Υ
1131 1539 1190 1573 ᾠῶν
1244 1538 1363 1570 ἄνακτας
1408 1539 1439 1565 εὺ
1461 1540 1483 1566 Σ
1502 1539 1574 1571 εόεῖς
1608 1541 1637 1566 ἐν
1674 1540 1712 1576 τῷ
1732 1541 1820 1576 στέφε
1850 1544 1873 1570 Ι.

1385 1583 1558 1610 ΙΓΝΑΤΙΟΥ.

568 1623 686 1652 Acttosr.
709 1624 830 1660 Σταυρὸς
847 1627 971 1665 Ἰγνατὶῳ
987 1631 1023 1657 ait

1077 1640 1100 1663 ς.
1124 1630 1197 1658 Crux
1216 1628 1318 1663 lgnatio
1333 1632 1375 1655 est
1390 1628 1526 1662 gloriatio.

237 1667 321 1699 Crux.
339 1675 399 1702 quae
428 1668 572 1703 conjunxit
593 1677 654 1704 qua:
682 1671 758 1706 pritts
783 1677 859 1699 erant
887 1673 1023 1709 dispersa,

1077 1679 1100 1704 Σ
1117 1676 1217 1711 ταυρὸς
1227 1675 1349 1708 συνάψας
1358 1674 1392 1700 τὰ
1401 1683 1439 1709 πρ
1462 1676 1477 1702 1
1501 1684 1515 1702 ν

239 1713 368 1740 Pietatem
383 1714 489 1741 sincere
504 1713 660 1741 conﬁrmat.

238 1759 368 1786 Evertens
382 1759 454 1786 cnim
466 1767 546 1787 omne
566 1760 714 1795 imaginum
733 1763 934 1796 spectaculum.

238 1805 340 1832 Extulit
355 1810 449 1839 aperte
463 1805 577 1840 gloriam
597 1811 686 1840 tuam,
706 1815 722 1835 ο
739 1807 869 1843 Verbum,

239 1851 363 1878 Validum
383 1851 442 1878 lidei
458 1852 543 1880 robur
560 1853 663 1887 agnita.

237 1897 325 1928 Quam
341 1897 495 1929 adorantes,
510 1903 540 1925 ut
557 1906 606 1933 par
622 1904 674 1932 est,
692 1900 880 1935 imperatores,

237 1943 356 1978 Abigunt
368 1944 460 1972 hostes
476 1945 525 1972 hac
542 1945 664 1980 potentia
680 1946 808 1975 domitos.

618 2139 640 2166 0

620 2185 639 2212 S

618 2231 639 2256 .l.

620 2277 641 2304 E

620 2321 639 2348 S

357 2365 411 2394 ΕΤ
437 2366 598 2395 OCCIDO
652 2366 898 2393 BARBAlHiS.

625 2413 644 2439 P

621 2458 642 2485 lt

619 2504 641 2531 Ο

621 2549 641 2576 F

622 2594 642 2620 Ι,

623 2640 631 2667 Ι

619 2685 641 2713 ο

615 2730 638 2758 0

1652 1675 1830 1711 ἑσκεδασμὲν
1849 1681 1874 1705 Α

1080 1725 1101 1750 Τ
1116 1723 1148 1757 ὴν
1237 1720 1378 1747 εὐσέϐειαν
1458 1722 1483 1747 Γ
1502 1721 1602 1754 νησίως
1674 1722 1825 1758 ὑπο-γράφε
1848 1726 1873 1752 ι,

1083 1769 1114 1795 Ἀ
1132 1766 1275 1802 νατρέπων
1294 1766 1348 1801 γὰρ
1380 1766 1438 1792 εῐκό
1457 1766 1484 1792 Ν
1500 1775 1537 1793 ων
1611 1768 1700 1794 πᾶσαν
1759 1769 1817 1796 θέα
1838 1771 1876 1802 Ν,

1077 1814 1118 1840 ’Υ
1133 1813 1208 1848 ψωσε
1227 1812 1275 1848 τὴν
1310 1811 1359 1847 σὴν
1392 1811 1437 1844 δόξ
1455 1816 1478 1838 Α
1498 1820 1513 1838 ν
1563 1812 1703 1847 ἐμφανῶς,
1751 1814 1815 1849 Λόγ
1838 1817 1873 1847 Ε,

1081 1860 1114 1886 Ῥ
1133 1859 1195 1894 ώμη
1233 1858 1351 1893 κραταιὰ
1387 1858 1437 1883 πίσ
1458 1859 1480 1884 Τ
1495 1866 1547 1890 εως

1081 1905 1116 1930 Ὃ
1136 1912 1150 1930 ν
1170 1901 1388 1938 προσκυνοῦντες
1404 1902 1436 1935 ἀξ
1455 1903 1470 1928 1
1499 1911 1536 1934 ως
1601 1903 1626 1929 oi
1701 1903 1831 1932 δεσπότα
1861 1908 1877 1934 ι

1078 1950 1102 1976 Σ
1119 1948 1227 1976 οϐοῠσιν
1267 1947 1381 1983 ἐχθροὺς
1408 1956 1423 1973 τ
1444 1949 1467 1983 ῼ
1503 1948 1598 1983 κράτει
1629 1948 1818 1985 δουλουμένου
1839 1953 1875 1981 Σ.

1653 1858 1711 1885 δεδι
1716 1860 1820 1894 ιγμένο
1840 1863 1874 1888 Σ.

1460 2050 1479 2075 Ε

1454 2096 1478 2122 Χ

1455 2140 1478 2166 Θ

1459 2186 1479 2212 Ρ

1458 2233 1479 2260 0

1457 2279 1480 2305 Υ

1459 2325 1479 2351 Σ

1181 2369 1254 2395 ΚΑΙ
1287 2371 1458 2396 ΦΟΝΕΥΩ
1497 2370 1757 2399 ΒΑΡΒΔΡΟΥΣ

1462 2417 1485 2444 Τ

1457 2463 1478 2489 Ρ

1458 2510 1479 2534 ()

1458 2556 1479 2581 Π

1459 2601 1480 2627 0

1458 2644 1481 2670 Υ

1453 2691 1481 2716 Μ

1458 2737 1480 2763 Λ

1461 2782 1471 2808 l

856 2822 971 2850 VAerE
992 2823 1194 2854 LECTIONES.

269 2874 285 2896 ν
299 2870 337 2897 vel
345 2870 389 2905 qui
401 2878 492 2899 crrorc
507 2878 561 2898 non
576 2870 716 2906 abripitur.
