1916 3075
107 230 139 255 0!
156 228 188 254 τὸ
202 229 302 263 κράτος
317 228 447 260 λαϐόντες
459 229 491 255 ἐκ
501 229 570 256 Θεοῦ
588 229 683 264 μόνου,

108 274 186 300 Λέων
200 282 229 300 τε
249 274 455 305 Κωνσταντῖνος
466 275 491 300 οἱ
509 275 686 310 στεφηφὸροι,

114 319 303 354 Ἀνιστοροῦσι
319 320 363 346 τὸν
375 320 460 346 τύπον
470 320 517 346 τοῦ
531 322 668 347 Astra-.6109
677 329 684 336 ·

114 365 276 400 ἐγκάρόιον
289 365 417 400 φέροντες
434 366 515 393 αὐτοῦ
531 366 577 392 τὸν
593 367 686 392 πόθον.

109 409 182 443 Εικῆ
197 409 224 435 δὲ
238 410 288 443 τὴν
300 410 366 445 πρὶν
378 410 425 436 καὶ
446 410 534 445 μάτην
549 411 747 445 πεπλασμένην

115 455 233 490 Ἐξῆραν
245 454 322 482 ἐνθεν
335 455 522 491 εἰκονουργιας
539 456 613 483 θέαν.

567 176 821 206 PBOBLEMATA
840 176 890 205 AD
907 175 1136 207 ICONOMACII.

1608 174 1661 207 £78

839 238 862 266 Α
877 229 929 262 Qui
946 234 1108 264 potestatem
1126 234 1290 265 acceperunt
1314 238 1328 256 a
1344 229 1398 256 Deo
1416 230 1486 261 solo,

882 275 938 301 Leo
952 280 979 302 et
995 275 1202 307 Constantinus,
1220 282 1348 302 coronam
1365 278 1502 308 gestantes
1515 294 1522 306 ,

883 317 1065 352 Spectandum
1083 323 1236 353 proponunt
1252 324 1344 354 typum
1363 319 1480 351 Domini,

882 363 971 397 Ipsius
987 365 1151 392 desiderium
1167 371 1290 399 gerentes
1308 365 1334 392 in
1350 365 1443 392 corde.

882 408 996 436 Temere
1014 417 1078 437 vero
1094 414 1173 437 antea
1188 415 1214 437 et
1232 410 1280 437 abs
1295 417 1324 437 re
1341 414 1540 443 comparatum,

883 454 951 482 [line
962 456 1131 483 sustulerunt
1149 456 1297 490 imaginum
1315 454 1511 489 spectaculum.

661 640 990 683 TOY'AYTOY

446 733 1030 802 HPOBAHMATA
1077 731 1272 798 ΤΙΝΑ

399 855 605 912 ΠΡΟΣ
653 853 1302 923 ΕΙΚΟΝΟΜΑΧΟΥΣ,

36 957 226 985 ΔΕΓΟΝΤΑΣ
254 959 325 985 ΤΟΝ
353 958 487 986 ΚΥΡΙοΝ

520 960 620 987 ΗΜΩΝ
635 961 765 987 ΙΗΣΟΥΝ
782 961 932 987 ΧΡΙΣΤΟΝ
948 961 1001 987 ΜΗ
1019 959 1249 986 ΕΓΓΡΑΦΕΣΘΑΙ
1267 958 1362 985 ΚΑΤΑ
1379 957 1448 984 ΤΟΝ
1465 956 1666 984 ΣΩΜΔΤΙΚΟΝ

736 995 962 1024 ΧΑΡΛΚΤΗΡΑ.

728 1170 993 1214 EJUSDEM

427 1276 844 1351 ρΠίΕΞΤΙΟΝ
849 1275 941 1339 ES
993 1274 1306 1347 ALIQUfE

434 1403 808 1454 PBOPOSlT/E
839 1400 1291 1468 lCONOMACHlS,

34 1515 107 1552 QUI
138 1512 331 1545 DOMINUM
363 1507 550 1540 NOSTRUM
580 1506 703 1537 JESUM

746 1504 948 1535 CHRISTUM
979 1503 1191 1534 SECUNDUM
1227 1504 1467 1536 CORPOREAM
1498 1505 1667 1536 FORMAM

748 1543 913 1574 DEPINGI
956 1542 1121 1573 NOLUNT.

75 1707 117 1734 ΑΖ
134 1706 168 1733 ει
182 1706 215 1731 ἐκ
225 1703 273 1730 δύο
285 1703 393 1737 φύσεων
410 1701 458 1728 καὶ
470 1701 500 1726 ὲν
515 1700 574 1726 δυσὶ
585 1699 682 1734 φύσεσι
692 1699 810 1732 τελείαις
824 1701 831 1726 ὲ

925 1698 946 1726 l.
976 1699 1003 1725 Si
1031 1707 1064 1725 ex
1087 1699 1192 1726 duabus
1215 1699 1332 1730 naturis,
1347 1700 1416 1726 etin
1437 1699 1545 1727 duabus
1563 1700 1669 1728 naturis

38 1752 162 1787 Χριστός
181 1751 273 1776 ἐστιν·
286 1748 347 1774 εἰπὲ
361 1746 431 1773 κατὰ
451 1746 530 1772 ποίαν
552 1746 703 1780 ἄγραπτος,
719 1745 768 1780 τὴν
786 1745 833 1771 λα-

37 1797 156 1828 ϐθῦσαν,
171 1795 188 1830 ἢ
203 1794 254 1829 τὴν
266 1792 433 1828 ληφθεῖσανς
453 1792 500 1818 καὶ
517 1792 542 1817 ει
557 1791 628 1817 κατὰ
646 1791 696 1825 τὴν
709 1790 831 1825 πρώτην,

35 1843 120 1868 ἔσται
143 1839 217 1867 κατὰ
239 1839 289 1874 τὴν
316 1837 446 1872 δευτέραν
470 1835 612 1871 γραπτός·
634 1835 650 1870 ἦ
674 1835 791 1870 ἔμπαλιν
816 1835 833 1867 ἡ

35 1884 220 1918 ἁπισ-ιροφή.
240 1883 271 1909 Εἰ
287 1882 315 1908 δὲ
331 1882 391 1908 κατ’
406 1881 500 1915 ἄμφω,
517 1881 575 1912 πῶς
596 1880 675 1906 τοῦτο
687 1889 694 1913 ;
708 1881 732 1906 εἰ
751 1880 788 1915 μὴ
804 1879 834 1911 ἐξ

36 1931 148 1965 ἀμφοῖν
173 1930 239 1964 μιᾶς
263 1928 391 1954 συνθέτου
405 1927 513 1961 φύσεως
527 1926 767 1961 ἀπο-τελεσθείσης,
784 1927 834 1960 μιᾷ

37 1976 166 2007 συνθέτῳ
190 1974 238 2001 καὶ
268 1973 390 2007 ἰδιότητι.
409 1972 458 2007 Εῑη
484 1972 518 1998 ἂν
539 1971 600 1998 οὔτε
617 1971 749 2007 γραπτδς,
772 1971 834 1997 οὔτε

34 2022 206 2056 ἂγραπτος·
227 2018 296 2045 ἀλλὰ
311 2017 559 2053 γραπτοάγραπτος
575 2017 603 2048 ἐξ
618 2017 746 2051 ἡμισείας
771 2025 834 2042 συν-

35 2066 209 2101 ενηγμένος,
225 2064 271 2089 καὶ
284 2063 344 2090 κατ’
357 2062 411 2089 οὐδ’
425 2063 519 2096 ἕτερον
532 2062 644 2092 τέλει’)ς.
662 2062 692 2087 Εἰ
703 2061 730 2088 δὲ
743 2060 833 2091 τοῦτο,

35 2111 101 2140 πῶς
114 2109 166 2143 οὐχ
178 2106 347 2142 ὲτερσῡύσιος
357 2107 371 2132 ό
381 2106 497 2141 Χριστὸς
508 2106 554 2132 τοῦ
567 2105 672 2141 [ἰατρὸς
683 2106 728 2132 καὶ
740 2105 833 2140 him»);

35 2154 123 2189 ἡμῶν
147 2153 199 2188 μὲν
219 2152 257 2187 τῷ
278 2151 396 2186 συνθέτῳ
414 2151 520 2186 σώματι
542 2151 771 2186 ἐγγραφομένων·
788 2149 835 2176 τοῦ

35 2200 65 2226 ἃ
86 2197 214 2232 Πατρδς,
229 2196 267 2231 τῷ
281 2195 420 2230 ἁσυνθέτῳ
439 2196 519 2229 φύσει
545 2194 676 2230 μηδαμῶς
699 2200 834 2228 περιγρα-

35 2245 183 2279 φαμένου.

883 1744 1010 1778 perfectis
1026 1743 1154 1770 Christus
1169 1748 1221 1776 est,
1235 1744 1279 1771 die
1296 1744 1446 1771 secundum
1461 1752 1543 1780 quam
1559 1745 1668 1779 depingi

883 1797 936 1816 non
952 1789 1050 1824 possit,
1068 1794 1160 1816 utrum
1176 1790 1330 1816 secundum
1351 1797 1411 1816 eam
1433 1798 1492 1824 qum
1509 1791 1668 1825 assumpsit,

883 1842 916 1861 an
934 1835 1082 1861 secundum
1098 1843 1157 1862 eam
1175 1843 1236 1869 quae
1250 1841 1390 1870 assumpta
1402 1837 1461 1863 est?
1478 1836 1519 1868 Et,
1534 1835 1556 1863 si
1573 1843 1671 1863 secun-

884 1879 946 1906 dum
959 1879 1084 1913 primam,
1103 1880 1237 1913 poteritne
1249 1881 1400 1907 secundum
1414 1880 1526 1907 alteram
1542 1881 1650 1916 depiugi
1660 1882 1672 1906 ?

883 1925 925 1952 vel
941 1925 999 1951 vice
1015 1925 1112 1951 versa?
1127 1925 1153 1953 Si
1166 1933 1230 1952 vero
1247 1927 1396 1954 secundum
1414 1931 1558 1961 utramque
1569 1947 1576 1958 ,
1603 1934 1672 1961 quo-

885 1979 946 1998 nam
973 1971 1044 1998 istud
1067 1972 1163 2004 modo,
1181 1972 1232 1999 nisi
1249 1980 1280 1999 ex
1299 1973 1406 1999 duabus
1422 1980 1475 1999 una
1496 1977 1594 1999 natura
1609 1980 1671 2007 per-

886 2017 954 2043 l'eeta
980 2024 1087 2051 unaque
1108 2018 1257 2051 proprietas
1280 2018 1475 2050 componatur?
1496 2017 1595 2044 Verum
1610 2026 1670 2052 age,

886 2070 973 2096 neque
991 2063 1076 2097 possit
1093 2062 1215 2096 depingi,
1232 2070 1320 2097 neque
1344 2071 1397 2089 non
1415 2063 1515 2097 possit,
1529 2063 1575 2090 sed
1590 2063 1671 2090 simul

887 2109 973 2142 possit
992 2113 1019 2134 et
1037 2116 1090 2134 non
1108 2109 1205 2142 possit.
1220 2116 1252 2135 ex
1277 2108 1426 2135 dimidiatis
1447 2109 1628 2143 compositus,
1647 2113 1673 2135 et

887 2163 917 2180 ex
946 2147 1044 2180 neutro
1072 2153 1220 2186 perfectus.
1241 2153 1318 2185 Quod
1344 2153 1366 2180 si
1397 2153 1432 2179 ita
1458 2153 1505 2185 sit,
1535 2154 1674 2188 quomodo

887 2201 1011 2227 Christus
1034 2208 1087 2225 non
1114 2199 1167 2226 erit
1188 2205 1291 2226 natura:
1307 2207 1322 2226 a
1340 2199 1420 2226 Patre
1442 2204 1470 2226 et
1492 2207 1507 2226 a
1530 2200 1608 2227 nobis
1631 2200 1674 2225 di-

888 2246 993 2272 versae?
1009 2253 1023 2271 a
1042 2245 1120 2271 nobis
1139 2245 1261 2278 quidem,
1283 2244 1328 2279 qui
1353 2245 1484 2279 quoniam
1504 2253 1537 2272 ex
1561 2253 1674 2280 corpore

889 2297 1058 2323 constamus,
1080 2291 1255 2325 depingimur
1283 2299 1290 2317 :
1316 2298 1330 2318 a
1353 2291 1435 2318 Patre
1458 2295 1562 2322 autem,
1577 2291 1624 2326 qui
1639 2291 1675 2318 ob

890 2341 993 2362 natura:
1013 2336 1213 2369 simplicitatem
1230 2343 1402 2369 nequaquam
1426 2336 1672 2363 circumscribitur.

75 2380 119 2406 B’.
135 2379 169 2405 Εἰ
197 2376 297 2411 ἰδιότης
321 2375 439 2410 ἑκάστης
457 2375 564 2409 φύσεως
588 2375 726 2409 ἀκίνητος,
744 2375 790 2400 ἐπὶ
810 2375 831 2401 δὲ

927 2379 957 2406 ll.
975 2379 1043 2405 Cum
1068 2367 1180 2405 natura:
1196 2367 1336 2412 cujus-qne-
1350 2378 1501 2413 proprietas
1516 2379 1551 2406 sit
1566 2379 1675 2414 insepa-

36 2426 93 2459 τῆς
117 2422 332 2458 ἀνθρωπότητος
357 2420 404 2447 τοῦ
425 2420 543 2455 Χριστοῦ
563 2420 580 2454 ἡ
602 2420 780 2454 περιγραφή·
800 2418 837 2454 μὴ

37 2468 260 2504 ὲτγραφομένῡυ
275 2466 358 2493 αὑτοῦ
380 2466 439 2492 κατ’
454 2465 550 2500 αὐτὴν,
563 2465 676 2501 ἐκινήθη
693 2464 815 2500 δηλονότι
829 2472 835 2480 ·

38 2514 192 2549 κινηθεῖσα.
214 2513 243 2538 δὲ
266 2511 319 2538 ποῦ
344 2511 535 2546 μετεχώρησε;
552 2509 625 2546 *Αρα
651 2511 691 2541 εις
713 2510 764 2545 τὴν
789 2510 838 2544 τῆς

39 2561 181 2594 θεότητος
195 2557 279 2584 αὐτοῦ
295 2557 395 2591 (pinv;
419 2556 489 2582 Ἀλλ’
503 2557 527 2582 εἰ
541 2556 629 2587 τοῦτο,
647 2555 806 2590 προσθήκην
820 2555 837 2588 ἠ

39 2604 134 2640 una;
163 2602 285 2634 ἐδέξατο,
313 2601 456 2635 ἀσυμφυὲς
478 2601 561 2636 ἑαυτῇ
591 2600 690 2635 ἰδίωμα
717 2600 837 2634 προσλα-

40 2649 135 2676 εοῦσα
151 2656 158 2663 ⁵
175 2647 246 2681 ὅπερ
262 2646 400 2672 ἀδύνατον.
419 2645 450 2671 Ei
475 2645 503 2671 δὲ
518 2646 548 2671 οὑ
569 2645 718 2680 μετέπεσεν
737 2646 838 2677 ἐκεῖσε,

41 2693 103 2721 παῦ
119 2701 186 2720 ποτε
202 2693 236 2719 ἂν
251 2691 312 2726 atq;
330 2693 377 2717 καὶ
391 2691 415 2716 εἰ
431 2690 578 2726 ἠφανίσθη,
594 2690 624 2722 ἐξ
634 2691 757 2726 ἀνάγκης
773 2700 837 2717 συν-

41 2740 200 2774 maduerat
215 2737 263 2763 mi.
274 2736 291 2770 ἡ
303 2736 405 2770 ταύτης
420 2735 499 2770 φύσις
512 2744 518 2751 ·
534 2736 596 2762 ἐπεὶ
610 2737 647 2771 μὴ
661 2733 717 2763 ηῖον
730 2736 841 2766 Stami-

41 2784 114 2812 σθαι
126 2783 230 2818 θᾳτὲρα
244 2781 360 2816 θατέρας
372 2781 603 2817 ὁμολογουμένως.

891 2425 994 2455 rabilis,
1009 2432 1127 2458 eumque
1145 2424 1172 2450 in
1191 2424 1291 2450 Christi
1309 2424 1480 2450 humanitate
1499 2424 1534 2450 sit
1557 2423 1676 2451 circum-

891 2472 1066 2506 scriptio:si
1094 2472 1152 2505 ipse
1185 2471 1290 2498 ratione
1328 2471 1401 2498 illitis
1428 2471 1538 2506 depingi
1564 2471 1676 2498 minime

892 2521 990 2552 potest.
1004 2522 1092 2543 amota
1120 2521 1162 2543 est
1180 2516 1225 2542 illa
1250 2521 1334 2543 certe.
1357 2515 1384 2543 Si
1403 2521 1493 2544 autem
1520 2521 1609 2543 amota
1623 2520 1675 2547 est.

892 2570 1010 2597 quonam
1033 2561 1176 2596 migravit?
1200 2569 1291 2588 utrum
1309 2562 1335 2588 in
1351 2562 1470 2588 divinam
1490 2562 1575 2596 ipsius
1596 2567 1677 2588 natu-

890 2608 967 2634 ram?
983 2607 1036 2635 Sed
1052 2608 1074 2635 si
1106 2608 1158 2634 hoc
1176 2612 1228 2638 est.
1257 2607 1378 2635 Trinitas
1403 2608 1616 2635 additamentum
1632 2615 1677 2634 ac-

890 2654 971 2687 cepit,
986 2661 1133 2680 assumeus
1148 2653 1338 2687 proprietatem
1352 2653 1402 2680 sibi
1420 2661 1474 2680 non
1486 2653 1676 2688 congenitam:

889 2699 962 2733 quod
981 2699 1036 2725 fieri
1056 2706 1113 2724 non
1131 2703 1230 2732 potest.
1247 2697 1276 2725 Si
1297 2703 1388 2725 autem
1408 2706 1461 2724 non
1478 2699 1543 2726 illuc
1557 2698 1676 2730 transiit,

891 2744 1002 2772 ubinam
1027 2743 1098 2771 erit?
1123 2744 1195 2778 quod
1222 2744 1245 2770 si
1277 2743 1374 2778 periit,
1402 2747 1498 2770 natura
1532 2743 1614 2771 etiam
1642 2743 1675 2770 ad

896 2797 978 2824 quam
1002 2790 1131 2824 pertinet,
1149 2789 1262 2824 perierit
1285 2797 1397 2816 necesse
1411 2794 1468 2821 est,
1487 2789 1620 2823 siquidem
1635 2790 1677 2815 al-

898 2840 982 2862 teram
1010 2835 1043 2863 ab
1073 2835 1156 2863 altera
1184 2835 1304 2869 separari
1333 2841 1386 2861 non
1414 2841 1495 2869 posse
1510 2834 1538 2862 in
1552 2834 1677 2863 contem)

895 2887 944 2909 est.
