1916 3075
221 144 273 178 479

813 148 844 177 S.
861 148 1057 178 THEODORI
1085 149 1258 179 STUDlT/E

1801 146 1855 175 ιω

259 202 305 229 lll.
324 201 595 236 lncircumscriptum
609 202 651 229 vel
666 202 789 237 ejusdem
797 203 903 230 ordinis
919 207 962 230 est
977 211 1009 230 ac
1024 208 1034 234 ῤ

1094 205 1132 232 1".
1154 205 1328 240 Ὁμόστοιχον
1341 204 1381 240 τῷ
1396 203 1577 240 περιγραπτῷ
1587 202 1618 230 τὸ
1632 203 1855 238 ἀπερίγραπτον,

222 247 472 282 circumscriptum,
497 249 540 275 vel
565 249 665 275 diversi
690 249 806 276 ordinis.
824 248 852 276 Si
882 249 1007 283 ejusdem

223 293 342 325 ordinis,
368 293 440 320 Dcus
462 293 581 321 Verbum
608 294 843 322 consubstantiale
860 294 942 322 etiam
969 303 1013 322 as~

225 344 339 373 sumptae
355 339 431 366 cartti
454 339 516 371 erit,
533 341 709 374 quantumvis
726 340 1006 374 ittcircnmscriptum.

225 383 291 410 Nam
314 386 495 419 proprietates
517 386 623 412 ordinis
646 385 780 419 ejusdem.
799 389 864 413 sunt
878 386 960 412 etiam
981 386 1015 413 ab

225 435 281 454 una
307 428 459 463 eademque
489 433 586 456 natura
623 429 827 464 inseparabtlcs.
866 427 895 456 Si
924 433 1014 456 autem

226 473 327 500 diversi
343 474 448 501 ordinis
463 479 520 506 est,
535 483 601 502 sane
622 474 760 505 Verbum.
777 475 903 509 quamvis
922 475 958 502 sit
973 476 1016 502 di-

228 526 313 546 versa:
330 526 344 546 a
359 527 441 546 carne
464 525 578 553 natura},
595 520 671 547 carni
699 521 786 547 instar
801 520 1018 549 circumscribe-

230 570 284 598 tnr,
309 566 438 593 nimirum
464 568 612 594 secundum
634 572 778 602 utramque
803 571 929 594 naturam
962 574 1019 594 suae

231 611 381 639 divinitatis
401 617 428 639 et
444 613 642 646 humanitatis,
661 613 696 640 ob
723 614 841 641 duarum
865 613 1020 647 proprieta-

233 660 289 683 tutn
308 657 528 691 conjunctioncm
545 658 784 692 circumscriptum
795 662 821 685 et
835 665 888 684 non
901 657 1021 684 circum-

232 703 363 737 scriptum
385 712 390 728 ι
409 703 480 730 sicut
495 704 582 730 visum
607 707 632 730 et
656 711 711 730 non
736 704 839 735 visum,
863 707 1021 730 contrecta-

234 753 290 775 tutn
307 753 333 774 el
348 755 401 775 non
420 752 632 775 contrectalum.

271 792 314 819 IV.
331 792 358 819 Si
375 801 465 820 rerum
487 793 669 820 ntaterialinm
685 798 712 820 et
724 794 941 828 compositarum
958 801 1024 828 pro-

236 838 366 872 prietates
389 839 544 866 materialcs
574 844 637 866 sunt
659 842 686 865 et
711 840 885 874 compositae,
902 847 1021 874 quonam

237 885 319 911 modo
336 883 461 911 Christus
482 885 633 912 secundum
650 892 815 920 corpoream
839 885 956 912 formam
971 885 1023 912 erit

239 930 510 965 incircumscriptus?
530 938 592 957 cum
615 931 641 957 id
656 931 730 965 quod
753 930 1023 966 incircumscriptum

238 980 291 1007 est,
309 976 490 1004 imtnateriale
503 976 539 1003 sit
553 981 579 1003 et
593 977 723 1011 simplex,
741 985 840 1011 corpus
860 981 950 1004 autem
966 985 1025 1004 ma—

239 1022 334 1049 teriale
353 1023 388 1049 sit
403 1026 430 1049 et
450 1022 643 1056 compositum.
670 1022 736 1049 Nam
759 1023 954 1057 proprietatem
975 1023 1025 1057 ipsi

190 1089 194 1096 .
240 1073 344 1095 naturae
367 1075 480 1102 prorsus
505 1068 625 1095 similem
653 1075 714 1095 esse
739 1075 853 1095 necesse
869 1072 921 1100 est,
941 1075 1028 1102 neque

244 1114 447 1148 sI-parationem
463 1121 524 1146 qute
540 1121 573 1140 ex
591 1113 751 1140 diversitate
767 1113 834 1140 oriri
855 1113 1026 1148 intelligitur,

242 1159 379 1185 ullatenus
406 1158 559 1185 admittere.
585 1158 668 1192 Atqui
697 1158 749 1185 nisi
776 1158 1028 1190 circumscribatur.

243 1203 329 1230 altera
358 1203 500 1230 dissimilis
531 1203 601 1230 facta
615 1207 657 1230 est
672 1203 749 1230 alteri
767 1213 774 1231 :
794 1203 927 1239 siquidem
944 1208 1029 1230 mate—

244 1249 312 1276 riale
331 1256 382 1276 non
408 1249 478 1276 idem
494 1254 536 1276 est
558 1257 589 1275 ac
605 1249 799 1281 immateriale,
817 1257 905 1285 neque
918 1257 1030 1284 compo-

1039 872 1059 899 Β

1062 251 1078 286 ἢ
1095 245 1291 286 ὲτερόστοιχόν.
1311 251 1366 278 Καὶ
1385 252 1410 278 et
1429 251 1478 285 μὲν
1494 250 1664 286 όμόστοιχον,
1679 250 1758 276 ἔσται
1773 250 1824 276 καὶ
1842 251 1856 275 ὁ

1062 296 1129 328 Θεὸς
1142 297 1226 331 Λόγος
1239 298 1273 331 τῇ
1285 296 1490 332 προσληφθείσῃ
1504 296 1587 330 σαρκὶ
1601 297 1745 331 ὁμοούσιος
1757 304 1763 310 ·
1778 295 1857 322 ἐπει-

1063 350 1116 378 περ
1144 342 1361 378 ἀπερίγραπτος.
1379 342 1419 369 Τὰ
1437 342 1493 377 γὰρ
1517 342 1567 376 τῆς
1590 342 1675 376 αὐτῆς
1698 341 1858 375 συστοιχίας

1066 387 1208 422 ἰδιώματα,
1221 389 1269 415 καὶ
1280 389 1331 423 τῆς
1344 388 1429 422 αὐτῆς
1441 387 1549 422 φύσεως
1558 385 1613 414 εἶεν
1623 387 1857 422 ἀπαραλλάκτως.

1066 433 1098 461 Εἰ
1113 433 1141 459 δὲ
1158 434 1353 469 ὲτερόστοιχον,
1371 434 1480 464 πάντως
1493 433 1540 459 καὶ
1553 434 1567 460 ὁ
1584 433 1670 466 Λόγος
1686 432 1860 466 ἑτεροούσιος

1066 478 1103 505 ὢν
1118 479 1193 513 παρὰ
1215 479 1265 513 τὴν
1285 479 1385 514 σάρκα,
1403 479 1464 506 κατ’
1477 479 1562 514 αὐτὴν
1586 478 1686 513 δηλαδὴ
1708 478 1753 504 καὶ
1774 485 1858 512 περι-

1067 525 1209 559 γράφοιτο,
1227 525 1290 551 καθ’
1303 525 1438 560 ἑκατέραν
1452 524 1547 552 οὐσίαν
1562 526 1613 558 τῆς
1629 523 1713 550 αὐτοῦ
1729 523 1861 556 θεότητος

1069 570 1115 596 καὶ
1129 569 1346 605 ἀνθρωπότητος,
1361 571 1421 601 ταῖς
1441 570 1503 596 δυσὶ
1523 569 1690 604 συστοιχίαις
1710 568 1765 594 τῶν
1792 568 1861 602 περὶ

1069 615 1154 650 αὐτῆς
1177 615 1330 649 ἰδιωμάτων
1345 615 1582 650 περιγραφόμενος
1600 614 1647 640 καὶ
1667 613 1704 649 μὴ
1721 620 1861 647 περιγρα-

1071 661 1204 696 φόμενος·
1219 660 1312 696 ὥσπερ
1325 659 1463 695 ὁρώμενος
1477 659 1525 686 καὶ
1541 659 1579 695 μὴ
1596 658 1746 695 ὁρώμενος,
1766 658 1862 692 ψηλα-

1071 705 1197 740 φώμνος
1211 706 1257 731 καὶ
1273 705 1311 740 μὴ
1328 704 1540 740 ψηλαφώμενος.

1108 795 1143 821 Δ¹.
1157 794 1188 820 El.
1198 793 1252 820 τῶν
1263 793 1365 820 ὲνὺλων
1379 793 1427 819 καὶ
1439 793 1574 819 συνθέτων
1588 792 1668 818 ἐνυλα
1684 793 1731 818 καὶ
1746 791 1866 818 σύνθετα

1073 840 1107 866 τὰ
1123 840 1268 874 ἰδιώματα,
1281 839 1340 869 πῶς
1351 839 1384 866 ἂν
1396 839 1437 874 εἴη
1451 840 1464 866 ό
1474 839 1590 873 Χριστὸς
1604 837 1674 865 κατὰ
1684 838 1728 864 τὸν
1741 847 1867 873 σωματι-

1073 885 1121 912 κὸν
1138 885 1301 920 χαρακτῆρα
1324 885 1550 920 ἀπερίγραπτος;
1568 884 1615 911 τοῦ
1641 885 1865 919 ἀπεριγράπτου,

1072 931 1156 957 ἀΰ).ου
1178 931 1226 957 καὶ
1245 930 1394 958 ἀσυνθέτου
1412 931 1597 965 ὑπάρχοντος⁹
1613 929 1659 956 τοῦ
1673 930 1702 955 δὲ
1725 928 1867 963 σώματος.

1074 977 1167 1003 ενύλου
1181 976 1229 1003 καὶ
1240 976 1381 1003 συνθέτου.
1392 976 1437 1002 Δεῖ
1450 977 1505 1011 γὰρ
1516 977 1548 1011 τῇ
1562 977 1641 1009 φύσει
1653 974 1868 1010 ἀπαράλλακτον

1075 1021 1145 1049 εἶναι
1163 1022 1212 1058 τὴν
1238 1023 1374 1057 ἰδιότητα·
1390 1022 1439 1057 τὴν
1462 1021 1524 1048 καθ’
1544 1021 1691 1055 ἑτερότητα
1715 1020 1870 1054 νοουμένην

1077 1068 1272 1104 ἀλλοτριότητα
1297 1068 1353 1094 οὐδ’
1371 1067 1460 1094 ὁτιοῦν
1482 1066 1679 1102 προσιεμένην.
1701 1065 1782 1092 Ἀλλὰ
1801 1065 1870 1100 μὴν,

1079 1113 1104 1139 εἰ
1127 1114 1165 1148 μὴ
1186 1113 1393 1148 περιγράφοιτο,
1411 1112 1601 1148 παρήλλακται
1615 1111 1715 1146 θατέρα
1735 1110 1871 1145 θατέρας.

1080 1158 1168 1193 Εἴπερ
1181 1159 1218 1193 μὴ
1232 1158 1330 1185 ταυτὸν
1342 1157 1381 1193 τῷ
1392 1157 1477 1192 ὲνύλῳ
1491 1157 1520 1183 τὸ
1532 1157 1622 1188 ἇῦλον,
1640 1157 1686 1182 καὶ
1698 1155 1736 1190 τῷ
1749 1154 1875 1189 συνθέτῳ

1080 1204 1111 1230 τὸ
1126 1203 1282 1230 ἀσύνθετον.
1301 1204 1358 1230 Οὐκ
1373 1204 1428 1238 ἀρα
1442 1203 1647 1238 ἀπερίγραπτος
1661 1201 1676 1227 ό
1689 1199 1805 1235 Χριστὸς
1819 1200 1876 1226 σώ-

1085 1258 1161 1284 ματι,
1176 1250 1214 1281 ὡς
1230 1250 1264 1277 ἂν
1280 1249 1319 1286 μὴ
1339 1249 1381 1285 εἴη
1406 1249 1574 1284 παράλλαξις
1591 1249 1620 1274 ὲν
1638 1247 1876 1282 ἀπαραλλάκτως,

245 1296 328 1323 situm
359 1296 429 1322 idem
459 1296 530 1330 quod
558 1296 684 1331 simplex.
707 1295 766 1324 Non
794 1297 887 1331 itaque
906 1296 1032 1324 Christus

1084 1296 1132 1322 καὶ
1150 1295 1276 1328 σύνθεσις
1291 1297 1319 1322 ὲν
1335 1296 1503 1327 ἀσυνθέτοις.

245 1348 359 1375 corpore
386 1341 638 1374 incircumscriptus
660 1345 702 1369 est
718 1349 725 1369 :
743 1347 772 1368 ut
799 1349 853 1368 non
872 1342 908 1369 sit
945 1342 1128 1376 discrepantia
1145 1343 1171 1368 in
1197 1342 1241 1372 iis,
1263 1349 1324 1375 qua:
1353 1347 1468 1375 prorsus
1487 1338 1588 1367 similia
1603 1342 1678 1368 sunt,
1704 1341 1731 1364 et
1755 1336 1782 1362 in
1803 1336 1877 1362 sim-

247 1388 364 1423 plicibus
381 1388 555 1422 compositio.

284 1435 316 1462 V.
328 1434 356 1463 Si
373 1435 497 1463 Christus
517 1435 587 1464 Deus
601 1440 641 1463 est
657 1440 684 1462 et
696 1435 789 1469 homo,
809 1443 858 1462 nec
874 1436 967 1463 eadem
990 1444 1034 1463 na-

1125 1437 1162 1464 E'.
1184 1436 1215 1463 Ei
1231 1435 1297 1466 Θεὸς
1312 1434 1359 1461 καὶ
1376 1433 1520 1468 ἄνθρωπος
1536 1433 1550 1458 ό
1563 1430 1682 1466 Χριστός
1700 1431 1784 1462 ἐστιν,
1796 1430 1828 1456 οὑ
1844 1431 1882 1465 τῇ

248 1486 322 1514 tttra,
339 1489 393 1516 qua
409 1481 481 1509 Deus
492 1487 543 1515 est,
561 1482 642 1509 homo
667 1489 777 1517 quoque
799 1487 841 1509 est
862 1491 868 1509 :
886 1483 973 1517 liquet
987 1491 1034 1517 pa-

249 1529 316 1555 riter
332 1536 385 1554 non
403 1528 497 1554 eadem
526 1528 693 1562 proprietate
707 1536 760 1562 qua
779 1528 1035 1563 incircumscriptus

250 1578 310 1604 cst,
329 1571 571 1607 ‘circumscriptum
599 1581 708 1608 quoque
738 1581 798 1601 esse
820 1582 828 1600 :
851 1581 914 1601 cutn
951 1575 1036 1601 altera

250 1619 401 1653 proprietas
424 1619 460 1646 ab
474 1620 558 1646 altera
582 1619 692 1646 differat
709 1628 716 1645 ι
733 1626 821 1654 neque
841 1620 901 1646 dua:
923 1625 1036 1652 naturae,

251 1666 293 1693 vel
307 1666 486 1693 inexistentes
500 1666 525 1692 in
539 1665 605 1700 ipsis
617 1665 808 1700 proprietates,
821 1666 916 1693 venire
931 1667 1038 1699 possint

252 1712 279 1739 in
300 1721 359 1740 eam
383 1713 614 1744 communionem,
629 1720 682 1747 qua
699 1719 743 1739 res
761 1712 914 1740 substantia
935 1712 1039 1740 similes

254 1766 339 1785 unum
362 1757 489 1792 idemque
517 1762 590 1785 sunt.
609 1757 688 1790 Quod
714 1758 736 1785 si
758 1757 795 1784 ita
817 1762 878 1790 est,
899 1759 1039 1792 quomodo

253 1803 382 1830 Christus
401 1810 463 1829 cum
478 1810 512 1829 ex
525 1803 632 1829 duobus
646 1807 762 1834 constet,
772 1806 799 1829 et
816 1803 862 1829 illa
873 1802 927 1829 duo
941 1803 1041 1830 habere

255 1853 446 1884 cognoscatur,
463 1857 517 1876 non
543 1849 596 1876 erit
620 1849 643 1876 is
660 1849 707 1884 qui
724 1849 836 1884 ligurari
852 1849 978 1884 possitet
992 1849 1040 1882 qui

256 1901 310 1920 non
327 1893 433 1928 possit?

290 1940 335 1968 Vl.
354 1940 449 1968 Utrum
471 1940 542 1968 Deus
563 1940 723 1968 mortalibtts
740 1941 817 1968 visus
834 1945 876 1968 est
900 1947 932 1968 ea
953 1939 1041 1967 forma

257 1995 318 2020 qua:
344 1986 453 2021 ligurari
479 1986 577 2022 possit,
594 1995 629 2014 an
645 1995 677 2014 ea
696 1995 756 2022 qua:
771 1995 825 2014 non
845 1987 951 2021 possit?
968 1986 995 2014 Si
1010 1995 1042 2014 ea

257 2041 319 2068 qua:
345 2033 456 2068 ﬁgurari
475 2041 529 2060 non
545 2033 640 2068 possit.
659 2037 733 2061 certe
750 2037 778 2060 et
791 2033 939 2066 invisibili,
956 2033 1043 2068 siqui-

257 2079 319 2105 dem
342 2079 399 2105 haac
412 2079 476 2110 duo,
493 2086 589 2113 nempe
610 2079 636 2106 id
654 2078 727 2113 quod
744 2079 866 2113 ﬁgurari,
883 2084 910 2106 et
926 2078 953 2105 id
970 2078 1042 2112 quod

259 2124 335 2151 cerni
365 2132 419 2151 non
448 2129 549 2159 potest,
562 2125 709 2160 conjuncta
726 2131 800 2153 sunt.
815 2124 941 2158 Quonam
963 2125 1045 2160 igitur

261 2170 341 2196 modo
355 2169 481 2204 discipuli
496 2170 602 2202 dicunt,
635 2170 754 2197 Vidimus
778 2171 919 2198 Dominum
929 2171 968 2197 "'1
993 2170 1046 2197 lta~

260 2222 314 2247 que
336 2214 412 2242 visus
429 2219 471 2242 est
489 2223 520 2242 ea
539 2215 629 2242 forma
652 2223 713 2250 qua:
738 2216 849 2251 [igurari
868 2220 968 2250 potest,
984 2215 1047 2242 licet

262 2260 408 2288 invisibilis
426 2260 462 2288 sit
477 2261 627 2288 secundum
642 2266 769 2288 naturam
784 2261 916 2288 divinam.
928 2260 1006 2294 Quod
1023 2261 1047 2288 si

263 2306 299 2332 ita
324 2311 376 2338 est,
400 2305 473 2340 quis,
492 2306 544 2333 nisi
560 2307 594 2333 ad
611 2311 764 2334 extremum
782 2307 903 2341 stuporis
933 2307 1047 2339 venerit,

263 2350 354 2377 dicere
368 2351 512 2378 sustinebit
528 2352 643 2379 formam
661 2360 721 2387 qum
737 2352 846 2387 ﬁgurari
859 2355 961 2387 potest,
978 2352 1048 2387 ligu-

264 2398 318 2424 rari
333 2404 386 2423 non
403 2398 500 2432 posse?

298 2440 356 2468 Vll.
379 2442 407 2469 Si
437 2443 575 2470 Christum
604 2443 777 2470 solummodo
810 2442 1050 2476 circumscriptum

264 2487 366 2520 dicere,
382 2492 422 2515 est
442 2488 531 2523 ipsutn
547 2490 667 2523 spoliare
681 2489 824 2516 divinitate
843 2489 923 2523 cujus
939 2492 982 2515 est
995 2496 1051 2515 nott

265 2534 453 2561 circumscribi
469 2543 476 2560 :
492 2535 585 2568 utique
605 2536 652 2568 qui
667 2543 730 2561 cum
746 2542 806 2561 esse
820 2534 992 2562 solummodo
1010 2534 1052 2560 in—

266 2580 505 2614 circumscriptum
530 2580 612 2613 dicit,
633 2580 733 2615 spoliat
762 2581 849 2614 ipsum
883 2579 1054 2607 humanitate

267 2626 347 2660 cujus
366 2630 407 2653 est
419 2626 610 2653 circumscribi
626 2635 632 2652 :
649 2633 682 2653 ac
695 2626 836 2661 aequaliter
851 2626 969 2652 absurda
980 2629 1053 2657 sunt,

267 2671 340 2706 quod
374 2671 476 2699 Paulus
511 2671 714 2699 Samosatensis
742 2671 885 2704 deliravit,
912 2671 1054 2698 Christum

269 2717 408 2745 hominem
436 2726 555 2751 merum,
574 2727 627 2745 non
649 2724 738 2746 autem
767 2725 793 2746 ct
822 2718 904 2745 υι-ιηιι
932 2727 1007 2750 esse;
1030 2722 1057 2744 ct

270 2764 340 2798 quod
354 2763 445 2791 Manes
460 2764 541 2792 Persa
560 2765 641 2794 stulte
658 2765 736 2798 dixit,
754 2765 835 2792 Drutu
854 2763 1055 2796 tantummodo,

305 2833 327 2851 ⁸⁷
350 2834 427 2863 .loan.
441 2844 485 2867 xx,
501 2837 545 2862 25.

1062 2113 1082 2139 D

1085 1485 1155 1519 αὐτῇ
1165 1483 1193 1510 δὲ
1205 1482 1286 1517 φύσει
1325 1481 1383 1508 ἔστι
1398 1480 1474 1512 Θεὸς,
1488 1478 1576 1514 ταύτῃ
1591 1477 1649 1504 ἐστὶ
1660 1477 1706 1503 καὶ
1719 1475 1880 1511 ἄνθρωπος·

1085 1528 1207 1564 δηλονότι
1228 1527 1289 1554 οὐδὲ
1311 1528 1345 1561 τῇ
1367 1525 1436 1561 αὐτῇ
1456 1524 1567 1559 ἰδιότητι
1592 1519 1700 1559 ᾖὲστιν
1722 1521 1882 1556 ἀπερίγρα-

1086 1583 1163 1607 πτος,
1179 1573 1265 1609 ταύτῃ
1282 1572 1340 1598 ἐστὶ
1356 1571 1404 1598 καὶ
1418 1569 1605 1605 περιγραπτός
1615 1576 1621 1582 “
1637 1567 1721 1602 ἄλλης
1735 1566 1802 1602 ἄλλῃ
1815 1567 1882 1592 δια-

1087 1619 1236 1655 φερούσης·
1255 1618 1302 1644 καὶ
1315 1618 1355 1648 είς
1367 1616 1510 1643 κοινωνίαν
1524 1615 1612 1641 ἐλθεῖν
1627 1614 1676 1648 τὴν
1689 1613 1718 1638 ὲν
1732 1611 1885 1646 ταυτότητι

1087 1663 1232 1695 οὐσιώδους
1255 1661 1412 1696 ὁμοιώσεως
1439 1661 1489 1687 οὐκ
1513 1657 1706 1693 ἐνδεχομένων,
1732 1654 1796 1682 οὒτε
1824 1655 1887 1681 τῶν

1089 1710 1207 1745 φύσεων,
1226 1708 1288 1735 οὔτε
1305 1708 1360 1734 τῶν
1382 1706 1580 1741 συνυπάρκτων
1606 1703 1702 1734 αὑταῖς
1728 1701 1886 1735 ἱδιοτήτων.

1091 1757 1121 1783 Εἰ
1143 1755 1172 1782 δὲ
1194 1754 1283 1787 τοῦτο,
1313 1753 1371 1785 πῶς
1391 1752 1440 1788 οὺχ
1465 1753 1479 1778 ὸ
1504 1750 1621 1787 Χριστδς
1649 1749 1678 1782 ἐξ
1703 1747 1806 1782 ἀμφοῖν
1832 1746 1887 1779 ὢν,

1091 1802 1139 1829 καὶ
1149 1800 1362 1836 κατ’ἀμφότερα
1373 1798 1523 1834 γνώριμος,
1537 1797 1580 1832 εἴη
1594 1794 1769 1831 γραφόμενος
1783 1793 1833 1819 καὶ
1847 1793 1889 1828 μὴ

1091 1847 1263 1883 γραφόμενος
1271 1855 1279 1879 ;

1129 1934 1174 1969 ς’.
1195 1935 1313 1969 Πότερον
1334 1933 1425 1968 μορφῇ
1448 1930 1612 1968 γραφομένῃ
1635 1926 1723 1956 ὦπται
1738 1927 1806 1958 Θεὸς
1829 1930 1892 1959 τοῖς

1091 1982 1140 2009 ἐπὶ
1151 1982 1212 2016 γῆς.
1229 1981 1244 2012 ἢ
1263 1980 1300 2015 μὴ
1315 1978 1493 2021 γραφομέγῃς
1507 1978 1562 2004 Καὶ
1576 1977 1601 2002 ει
1617 1976 1666 2011 μὲν
1678 1974 1831 2021 ἀγράτῑτῳυμ
1843 1974 1893 2008 δτι-

1094 2029 1162 2062 λαδὴ
1178 2027 1225 2053 καὶ
1240 2026 1349 2061 ἀοράτῳ
1360 2033 1367 2040 ·
1384 2019 1464 2060 εἶπε-ρ
1480 2023 1621 2057 σύστοιχον
1635 2021 1748 2055 θάτερον
1766 2019 1893 2054 θατέρῳ,

1095 2075 1125 2101 τὸ
1144 2073 1284 2109 ἄγραπτόν
1311 2080 1383 2107 φημι
1404 2071 1452 2097 καὶ
1475 2070 1603 2105 ἀόρατον.
1620 2068 1676 2094 Καὶ
1693 2067 1752 2098 πῶς
1766 2074 1855 2100 φασιν
1869 2067 1893 2092 οἱ

1099 2119 1227 2154 μαθηταὶ,
1256 2116 1441 2152 Ἑωράκαμεν
1464 2117 1516 2142 τὸν
1539 2114 1666 2147 Κύριον;
1688 2111 1794 2139 Οὐκοῦν
1817 2118 1895 2145 γρα-

1096 2165 1220 2201 φομένῃ·
1246 2165 1271 2191 ει
1298 2163 1345 2190 καὶ
1369 2162 1485 2190 ἀθέατον
1511 2163 1544 2196 τῇ
1562 2161 1623 2195 θεία
1648 2159 1728 2193 φύσει
1751 2157 1830 2184 ὅντα.
1863 2158 1894 2184 Ei

1096 2210 1124 2237 δὲ
1148 2210 1306 2246 ὲγγράπτῳ,
1327 2209 1370 2240 τις
1390 2209 1459 2235 οῐσει
1474 2207 1523 2243 τὴν
1539 2205 1665 2241 γραπτὴν
1686 2203 1833 2238 ἀγραπτον
1855 2205 1896 2230 εἰ-

1097 2257 1176 2284 πεῖν.
1208 2256 1232 2281 εἰ
1261 2256 1298 2291 μή
1332 2263 1358 2281 τι
1391 2254 1424 2281 ἃν
1454 2254 1494 2285 εἰς
1523 2252 1637 2288 ἔσχατον
1667 2251 1774 2279 ἔλάσειε
1801 2259 1896 2286 παρα-

1098 2301 1214 2335 πληξιιις
1225 2309 1232 2333 ;

1137 2444 1173 2470 Z'.
1189 2443 1220 2469 El
1241 2442 1272 2468 τδ
1287 2441 1475 2477 περιγραπτδν
1493 2439 1573 2474 μόνον
1594 2438 1684 2472 λέγειν
1700 2437 1747 2463 τδν
1760 2437 1783 2463 Χ
1789 2439 1896 2472 ριστὸν,

1100 2489 1195 2524 ψιλοῠν
1212 2489 1286 2515 ἐστιν
1310 2487 1392 2514 αὑτὸν
1412 2487 1549 2520 θεότητος,
1565 2482 1599 2520 ἧς
1612 2485 1644 2510 τὸ
1668 2483 1705 2518 μὴ
1720 2485 1897 2518 περιγράφε-

1102 2535 1165 2561 σθαι
1177 2542 1185 2550 ·
1208 2534 1286 2568 δῆλον
1300 2533 1342 2559 ὅτι
1359 2532 1406 2559 καὶ
1422 2531 1453 2557 τὸ
1466 2530 1676 2566 ἀπερίγραπτον
1693 2528 1775 2563 μόνον
1791 2528 1897 2560 λέγειν.

1102 2578 1320 2615 ἀπαμφιεννύειν
1349 2577 1430 2604 αὐτόν
1457 2577 1532 2603 ἐστιν
1556 2574 1777 2609 ἀνθρωπότητος,
1805 2572 1843 2608 ἦς
1872 2574 1899 2598 τ),

1104 2624 1338 2662 περιγράφεσθαι·
1366 2624 1413 2650 καὶ
1441 2623 1477 2649 τὰ
1497 2622 1587 2649 ἄτοπα
1613 2621 1762 2656 ἰσόρροπον
1789 2619 1824 2645 τὸ
1852 2620 1899 2654 μὲν

1106 2671 1203 2706 Παύλῳ
1226 2671 1265 2705 τῷ
1285 2670 1436 2705 Σαμοσατεῐ
1457 2667 1622 2704 ληρῳδηθὲν,
1648 2666 1726 2700 ψιλὸν
1737 2664 1899 2700 ἄνθρωπον,

1107 2717 1163 2743 ἀλλ’
1179 2716 1240 2751 οὐχὶ
1254 2716 1300 2742 καὶ
1313 2716 1378 2742 Θεὸν
1394 2715 1439 2741 τὸν
1455 2714 1571 2749 Χριστὸν
1585 2713 1690 2746 λέγοντι
1703 2719 1710 2727 ·
1727 2710 1759 2736 τὸ
1770 2710 1800 2736 δὲ
1817 2711 1898 2743 Μάνῃ

1107 2762 1144 2797 τῷ
1167 2762 1257 2797 Πέρσῃ
1279 2759 1464 2795 φληναφηθὲν,
1486 2758 1589 2795 γυμνὸν
1606 2757 1683 2788 Θεὸν,
1696 2755 1754 2783 ἀλλ’
1769 2755 1832 2790 οὐχὶ
1855 2755 1899 2781 καὶ
