  <div class='ocr_page' id='page_1' title='image "/cluster/home/n/w/nwhite01/storage/ocr_20150623/99/njp.32101010943858/260.png"; bbox 0 0 1916 3075; ppageno 0'>
   <div class='ocr_carea' id='block_1_1' title="bbox 49 98 97 144">
    <p class='ocr_par' dir='ltr' id='par_1_1' title="bbox 49 98 97 144">
     <span class='ocr_line' id='line_1_1' title="bbox 49 98 97 144; baseline 0.042 -2"><span class='ocrx_word' id='word_1_1' title='bbox 49 98 97 144; x_wconf 77' lang='lat' dir='ltr'><strong>tsi</strong></span> 
     </span>
    </p>
   </div>
   <div class='ocr_carea' id='block_1_2' title="bbox 572 111 1146 142">
    <p class='ocr_par' dir='ltr' id='par_1_2' title="bbox 572 111 1146 142">
     <span class='ocr_line' id='line_1_2' title="bbox 572 111 1146 142; baseline 0 0"><span class='ocrx_word' id='word_1_2' title='bbox 572 112 830 142; x_wconf 77' lang='lat' dir='ltr'><strong>PROBLEMATA</strong></span> <span class='ocrx_word' id='word_1_3' title='bbox 846 112 896 142; x_wconf 85' lang='lat' dir='ltr'><strong>AD</strong></span> <span class='ocrx_word' id='word_1_4' title='bbox 914 111 1133 142; x_wconf 76' lang='lat' dir='ltr'><strong>ICONOMACII</strong></span> <span class='ocrx_word' id='word_1_5' title='bbox 1140 135 1146 142; x_wconf 91' lang='lat'>.</span> 
     </span>
    </p>
   </div>
   <div class='ocr_carea' id='block_1_3' title="bbox 1623 114 1678 146">
    <p class='ocr_par' dir='ltr' id='par_1_3' title="bbox 1623 114 1678 146">
     <span class='ocr_line' id='line_1_3' title="bbox 1623 114 1678 146; baseline 0.036 -2"><span class='ocrx_word' id='word_1_6' title='bbox 1623 114 1678 146; x_wconf 74' lang='lat'><strong>482</strong></span> 
     </span>
    </p>
   </div>
   <div class='ocr_carea' id='block_1_4' title="bbox 47 166 838 206">
    <p class='ocr_par' dir='ltr' id='par_1_4' title="bbox 47 166 838 206">
     <span class='ocr_line' id='line_1_4' title="bbox 47 166 838 206; baseline -0.004 -9"><span class='ocrx_word' id='word_1_7' title='bbox 47 170 190 205; x_wconf 72' lang='grc' dir='ltr'>ἄνθρωπον</span> <span class='ocrx_word' id='word_1_8' title='bbox 201 170 248 196; x_wconf 70' lang='grc' dir='ltr'><strong>τὸν</strong></span> <span class='ocrx_word' id='word_1_9' title='bbox 263 169 381 206; x_wconf 78' lang='grc' dir='ltr'>Χριστὸν</span> <span class='ocrx_word' id='word_1_10' title='bbox 395 169 537 204; x_wconf 75' lang='grc' dir='ltr'>φάσκοντι.</span> <span class='ocrx_word' id='word_1_11' title='bbox 558 169 666 204; x_wconf 78' lang='grc' dir='ltr'>Ὁρᾶτε,</span> <span class='ocrx_word' id='word_1_12' title='bbox 677 166 700 196; x_wconf 81' lang='grc' dir='ltr'>ὦ</span> <span class='ocrx_word' id='word_1_13' title='bbox 712 166 796 200; x_wconf 75' lang='grc' dir='ltr'>οὗτοι,</span> <span class='ocrx_word' id='word_1_14' title='bbox 810 168 838 194; x_wconf 71' lang='grc' dir='ltr'>τὸ</span> 
     </span>
    </p>
   </div>
   <div class='ocr_carea' id='block_1_5' title="bbox 890 166 1678 206">
    <p class='ocr_par' dir='ltr' id='par_1_5' title="bbox 891 168 1678 203">
     <span class='ocr_line' id='line_1_5' title="bbox 891 168 1678 203; baseline 0.004 -8"><span class='ocrx_word' id='word_1_15' title='bbox 891 176 945 195; x_wconf 91' lang='lat' dir='ltr'><strong>non</strong></span> <span class='ocrx_word' id='word_1_16' title='bbox 973 174 1064 196; x_wconf 86' lang='lat' dir='ltr'><strong>autem</strong></span> <span class='ocrx_word' id='word_1_17' title='bbox 1082 173 1110 195; x_wconf 90' lang='lat' dir='ltr'><strong>ct</strong></span> <span class='ocrx_word' id='word_1_18' title='bbox 1126 168 1264 195; x_wconf 87' lang='lat' dir='ltr'><strong>hominem</strong></span> <span class='ocrx_word' id='word_1_19' title='bbox 1290 176 1350 195; x_wconf 73' lang='lat' dir='ltr'><strong>eSSe</strong></span> <span class='ocrx_word' id='word_1_20' title='bbox 1365 169 1516 196; x_wconf 78' lang='lat' dir='ltr'><strong>Christum.</strong></span> <span class='ocrx_word' id='word_1_21' title='bbox 1542 170 1642 203; x_wconf 66' lang='lat' dir='ltr'><strong>Vidi-Ie,</strong></span> <span class='ocrx_word' id='word_1_22' title='bbox 1660 180 1678 198; x_wconf 80' lang='grc' dir='ltr'><strong><em>η</em></strong></span> 
     </span>
    </p>
   </div>
   <div class='ocr_carea' id='block_1_6' title="bbox 47 213 837 250">
    <p class='ocr_par' dir='ltr' id='par_1_6' title="bbox 47 213 837 250">
     <span class='ocr_line' id='line_1_6' title="bbox 47 213 837 250; baseline -0.003 -9"><span class='ocrx_word' id='word_1_23' title='bbox 47 216 254 250; x_wconf 83' lang='grc' dir='ltr'>ἀμφίκρημνον.</span> <span class='ocrx_word' id='word_1_24' title='bbox 276 215 428 250; x_wconf 72' lang='grc' dir='ltr'>Ὀποτέραν</span> <span class='ocrx_word' id='word_1_25' title='bbox 449 214 496 240; x_wconf 80' lang='grc' dir='ltr'><strong>οὖν</strong></span> <span class='ocrx_word' id='word_1_26' title='bbox 518 214 572 240; x_wconf 88' lang='grc' dir='ltr'>τῶν</span> <span class='ocrx_word' id='word_1_27' title='bbox 592 213 726 240; x_wconf 73' lang='grc' dir='ltr'>ἀσεϐειῶν</span> <span class='ocrx_word' id='word_1_28' title='bbox 747 213 837 239; x_wconf 77' lang='grc' dir='ltr'>οἴεσθε</span> 
     </span>
    </p>
   </div>
   <div class='ocr_carea' id='block_1_7' title="bbox 48 254 838 295">
    <p class='ocr_par' dir='ltr' id='par_1_7' title="bbox 48 254 838 295">
     <span class='ocr_line' id='line_1_7' title="bbox 48 254 838 295; baseline -0.001 -9"><span class='ocrx_word' id='word_1_29' title='bbox 48 260 226 294; x_wconf 79' lang='grc' dir='ltr'>πεφευγέναι,</span> <span class='ocrx_word' id='word_1_30' title='bbox 245 260 305 295; x_wconf 81' lang='grc' dir='ltr'>μεθ’</span> <span class='ocrx_word' id='word_1_31' title='bbox 321 260 418 295; x_wconf 79' lang='grc' dir='ltr'>ἑτέρας</span> <span class='ocrx_word' id='word_1_32' title='bbox 438 259 468 292; x_wconf 77' lang='grc' dir='ltr'>ἐξ</span> <span class='ocrx_word' id='word_1_33' title='bbox 485 259 609 294; x_wconf 78' lang='grc' dir='ltr'>ἀνάγκης</span> <span class='ocrx_word' id='word_1_34' title='bbox 619 254 652 286; x_wconf 73' lang='grc' dir='ltr'><strong>’ὲν</strong></span> <span class='ocrx_word' id='word_1_35' title='bbox 664 259 758 294; x_wconf 77' lang='grc' dir='ltr'><strong>ἡμίσει</strong></span> <span class='ocrx_word' id='word_1_36' title='bbox 778 259 838 285; x_wconf 75' lang='grc' dir='ltr'>ἐσε-</span> 
     </span>
    </p>
   </div>
   <div class='ocr_carea' id='block_1_8' title="bbox 48 304 838 340">
    <p class='ocr_par' dir='ltr' id='par_1_8' title="bbox 48 304 838 340">
     <span class='ocr_line' id='line_1_8' title="bbox 48 304 838 340; baseline 0 -10"><span class='ocrx_word' id='word_1_37' title='bbox 48 305 105 337; x_wconf 75' lang='grc' dir='ltr'>σθε,</span> <span class='ocrx_word' id='word_1_38' title='bbox 120 305 158 336; x_wconf 83' lang='grc' dir='ltr'>ὡς</span> <span class='ocrx_word' id='word_1_39' title='bbox 174 306 206 331; x_wconf 84' lang='grc' dir='ltr'>ὲκ</span> <span class='ocrx_word' id='word_1_40' title='bbox 225 305 318 340; x_wconf 83' lang='grc' dir='ltr'>μερῶν</span> <span class='ocrx_word' id='word_1_41' title='bbox 341 304 528 339; x_wconf 76' lang='grc' dir='ltr'>συγκείμενοι.</span> <span class='ocrx_word' id='word_1_42' title='bbox 551 305 583 330; x_wconf 81' lang='lat' dir='ltr'><strong>El</strong></span> <span class='ocrx_word' id='word_1_43' title='bbox 605 304 659 339; x_wconf 79' lang='grc' dir='ltr'><strong>γὰρ</strong></span> <span class='ocrx_word' id='word_1_44' title='bbox 681 304 784 331; x_wconf 84' lang='grc' dir='ltr'>είποιτε</span> <span class='ocrx_word' id='word_1_45' title='bbox 800 305 838 340; x_wconf 79' lang='grc' dir='ltr'>μὴ</span> 
     </span>
    </p>
   </div>
   <div class='ocr_carea' id='block_1_9' title="bbox 48 349 838 385">
    <p class='ocr_par' dir='ltr' id='par_1_9' title="bbox 48 349 838 385">
     <span class='ocr_line' id='line_1_9' title="bbox 48 349 838 385; baseline 0 -9"><span class='ocrx_word' id='word_1_46' title='bbox 48 350 252 383; x_wconf 81' lang='grc' dir='ltr'>Παυλιανίζειν,</span> <span class='ocrx_word' id='word_1_47' title='bbox 268 349 295 376; x_wconf 84' lang='grc' dir='ltr'><strong>τί</strong></span> <span class='ocrx_word' id='word_1_48' title='bbox 311 350 506 385; x_wconf 77' lang='grc' dir='ltr'>Μανιχαῖζετε,</span> <span class='ocrx_word' id='word_1_49' title='bbox 518 350 564 377; x_wconf 71' lang='grc' dir='ltr'>τὸν</span> <span class='ocrx_word' id='word_1_50' title='bbox 575 349 694 384; x_wconf 83' lang='grc' dir='ltr'>Χριστὸν</span> <span class='ocrx_word' id='word_1_51' title='bbox 709 350 748 381; x_wconf 85' lang='grc' dir='ltr'><strong>ὡς</strong></span> <span class='ocrx_word' id='word_1_52' title='bbox 765 350 838 376; x_wconf 84' lang='grc' dir='ltr'>ἀσώ-</span> 
     </span>
    </p>
   </div>
   <div class='ocr_carea' id='block_1_10' title="bbox 49 395 836 430">
    <p class='ocr_par' dir='ltr' id='par_1_10' title="bbox 49 395 836 430">
     <span class='ocr_line' id='line_1_10' title="bbox 49 395 836 430; baseline -0.001 -8"><span class='ocrx_word' id='word_1_53' title='bbox 49 404 134 429; x_wconf 85' lang='grc' dir='ltr'>ματον</span> <span class='ocrx_word' id='word_1_54' title='bbox 145 398 233 430; x_wconf 84' lang='grc' dir='ltr'>Λόγον</span> <span class='ocrx_word' id='word_1_55' title='bbox 244 396 275 422; x_wconf 75' lang='grc' dir='ltr'><strong>οὐ</strong></span> <span class='ocrx_word' id='word_1_56' title='bbox 286 396 521 430; x_wconf 82' lang='grc' dir='ltr'>περιγράφοντες;</span> <span class='ocrx_word' id='word_1_57' title='bbox 534 395 603 430; x_wconf 83' lang='grc' dir='ltr'>ὅπερ</span> <span class='ocrx_word' id='word_1_58' title='bbox 613 395 709 430; x_wconf 83' lang='grc' dir='ltr'><strong>φεύγει</strong></span> <span class='ocrx_word' id='word_1_59' title='bbox 721 395 836 427; x_wconf 81' lang='grc' dir='ltr'>Παῦλος.</span> 
     </span>
    </p>
   </div>
   <div class='ocr_carea' id='block_1_11' title="bbox 48 440 838 476">
    <p class='ocr_par' dir='ltr' id='par_1_11' title="bbox 48 440 838 476">
     <span class='ocr_line' id='line_1_11' title="bbox 48 440 838 476; baseline -0.001 -9"><span class='ocrx_word' id='word_1_60' title='bbox 48 441 77 467; x_wconf 85' lang='grc' dir='ltr'><strong>Εἰ</strong></span> <span class='ocrx_word' id='word_1_61' title='bbox 93 441 124 467; x_wconf 80' lang='grc' dir='ltr'><strong>δὲ</strong></span> <span class='ocrx_word' id='word_1_62' title='bbox 138 441 245 475; x_wconf 83' lang='grc' dir='ltr'>λέγοιτε</span> <span class='ocrx_word' id='word_1_63' title='bbox 263 440 300 476; x_wconf 79' lang='grc' dir='ltr'>μὴ</span> <span class='ocrx_word' id='word_1_64' title='bbox 314 440 504 476; x_wconf 62' lang='grc' dir='ltr'>Βίανιχαῖζειν,</span> <span class='ocrx_word' id='word_1_65' title='bbox 521 440 548 466; x_wconf 86' lang='grc' dir='ltr'><strong>τί</strong></span> <span class='ocrx_word' id='word_1_66' title='bbox 571 440 777 472; x_wconf 77' lang='grc' dir='ltr'>Παυλιανιζετε,</span> <span class='ocrx_word' id='word_1_67' title='bbox 792 440 838 467; x_wconf 79' lang='grc' dir='ltr'>τδν</span> 
     </span>
    </p>
   </div>
   <div class='ocr_carea' id='block_1_12' title="bbox 48 486 837 522">
    <p class='ocr_par' dir='ltr' id='par_1_12' title="bbox 48 486 837 522">
     <span class='ocr_line' id='line_1_12' title="bbox 48 486 837 522; baseline 0 -10"><span class='ocrx_word' id='word_1_68' title='bbox 48 486 168 521; x_wconf 76' lang='grc' dir='ltr'>Χριστὸν</span> <span class='ocrx_word' id='word_1_69' title='bbox 192 486 228 518; x_wconf 82' lang='grc' dir='ltr'><strong>ὡς</strong></span> <span class='ocrx_word' id='word_1_70' title='bbox 257 486 415 521; x_wconf 83' lang='grc' dir='ltr'>ὲνσώματον</span> <span class='ocrx_word' id='word_1_71' title='bbox 438 486 582 522; x_wconf 75' lang='grc' dir='ltr'>ἄνθρωπον</span> <span class='ocrx_word' id='word_1_72' title='bbox 607 486 837 521; x_wconf 80' lang='grc' dir='ltr'>δογματίζοντες;</span> 
     </span>
    </p>
   </div>
   <div class='ocr_carea' id='block_1_13' title="bbox 47 531 839 566">
    <p class='ocr_par' dir='ltr' id='par_1_13' title="bbox 47 531 839 566">
     <span class='ocr_line' id='line_1_13' title="bbox 47 531 839 566; baseline 0.001 -9"><span class='ocrx_word' id='word_1_73' title='bbox 47 532 114 566; x_wconf 74' lang='grc' dir='ltr'>ὅπερ</span> <span class='ocrx_word' id='word_1_74' title='bbox 128 531 223 566; x_wconf 79' lang='grc' dir='ltr'>φεύγει</span> <span class='ocrx_word' id='word_1_75' title='bbox 234 531 341 566; x_wconf 82' lang='grc' dir='ltr'>Μάνης·</span> <span class='ocrx_word' id='word_1_76' title='bbox 350 531 420 558; x_wconf 83' lang='grc' dir='ltr'>ὥστε</span> <span class='ocrx_word' id='word_1_77' title='bbox 432 531 650 566; x_wconf 76' lang='grc' dir='ltr'>Μανιχαΐζοντες</span> <span class='ocrx_word' id='word_1_78' title='bbox 662 531 839 563; x_wconf 78' lang='grc' dir='ltr'>Παυλιανίζε-</span> 
     </span>
    </p>
   </div>
   <div class='ocr_carea' id='block_1_14' title="bbox 48 576 353 612">
    <p class='ocr_par' dir='ltr' id='par_1_14' title="bbox 48 576 353 612">
     <span class='ocr_line' id='line_1_14' title="bbox 48 576 353 612; baseline 0.003 -10"><span class='ocrx_word' id='word_1_79' title='bbox 48 586 88 609; x_wconf 83' lang='grc' dir='ltr'><strong>τε,</strong></span> <span class='ocrx_word' id='word_1_80' title='bbox 105 579 143 609; x_wconf 78' lang='grc' dir='ltr'>ὼς</span> <span class='ocrx_word' id='word_1_81' title='bbox 158 577 207 604; x_wconf 79' lang='grc' dir='ltr'>καὶ</span> <span class='ocrx_word' id='word_1_82' title='bbox 221 576 353 612; x_wconf 76' lang='grc' dir='ltr'>ἔμπαλιν.</span> 
     </span>
    </p>
   </div>
   <div class='ocr_carea' id='block_1_15' title="bbox 81 711 839 748">
    <p class='ocr_par' dir='ltr' id='par_1_15' title="bbox 81 711 839 748">
     <span class='ocr_line' id='line_1_15' title="bbox 81 711 839 748; baseline 0 -9"><span class='ocrx_word' id='word_1_83' title='bbox 81 714 124 740; x_wconf 75' lang='grc' dir='ltr'><strong>η’.</strong></span> <span class='ocrx_word' id='word_1_84' title='bbox 143 713 176 739; x_wconf 78' lang='grc' dir='ltr'><strong>Εἰ</strong></span> <span class='ocrx_word' id='word_1_85' title='bbox 196 713 226 739; x_wconf 78' lang='grc' dir='ltr'>ὲν</span> <span class='ocrx_word' id='word_1_86' title='bbox 249 711 358 746; x_wconf 86' lang='grc' dir='ltr'>θεότητι</span> <span class='ocrx_word' id='word_1_87' title='bbox 388 713 436 738; x_wconf 82' lang='grc' dir='ltr'>καὶ</span> <span class='ocrx_word' id='word_1_88' title='bbox 460 711 653 747; x_wconf 79' lang='grc' dir='ltr'>ἀνθρωπότητι</span> <span class='ocrx_word' id='word_1_89' title='bbox 679 713 694 739; x_wconf 85' lang='grc' dir='ltr'><strong>ό</strong></span> <span class='ocrx_word' id='word_1_90' title='bbox 721 713 839 748; x_wconf 79' lang='grc' dir='ltr'>Χριστὸς</span> 
     </span>
    </p>
   </div>
   <div class='ocr_carea' id='block_1_16' title="bbox 48 757 838 794">
    <p class='ocr_par' dir='ltr' id='par_1_16' title="bbox 48 757 838 794">
     <span class='ocr_line' id='line_1_16' title="bbox 48 757 838 794; baseline 0 -10"><span class='ocrx_word' id='word_1_91' title='bbox 48 760 112 794; x_wconf 83' lang='grc' dir='ltr'>ὑμῖν</span> <span class='ocrx_word' id='word_1_92' title='bbox 126 758 312 794; x_wconf 84' lang='grc' dir='ltr'>ὡμολόγηται,</span> <span class='ocrx_word' id='word_1_93' title='bbox 337 759 384 785; x_wconf 78' lang='grc' dir='ltr'>καὶ</span> <span class='ocrx_word' id='word_1_94' title='bbox 402 759 433 784; x_wconf 87' lang='grc' dir='ltr'>οὐ</span> <span class='ocrx_word' id='word_1_95' title='bbox 451 757 566 790; x_wconf 73' lang='grc' dir='ltr'>σκάζετε</span> <span class='ocrx_word' id='word_1_96' title='bbox 588 759 654 794; x_wconf 74' lang='grc' dir='ltr'>περὶ</span> <span class='ocrx_word' id='word_1_97' title='bbox 677 758 790 785; x_wconf 82' lang='grc' dir='ltr'>τούτου’</span> <span class='ocrx_word' id='word_1_98' title='bbox 811 759 838 785; x_wconf 84' lang='grc' dir='ltr'><strong>τι</strong></span> 
     </span>
    </p>
   </div>
   <div class='ocr_carea' id='block_1_17' title="bbox 48 803 837 841">
    <p class='ocr_par' dir='ltr' id='par_1_17' title="bbox 48 803 837 841">
     <span class='ocr_line' id='line_1_17' title="bbox 48 803 837 841; baseline 0.001 -11"><span class='ocrx_word' id='word_1_99' title='bbox 48 803 231 840; x_wconf 74' lang='grc' dir='ltr'>προσίστασθε</span> <span class='ocrx_word' id='word_1_100' title='bbox 246 804 346 838; x_wconf 77' lang='grc' dir='ltr'>λέγειν,</span> <span class='ocrx_word' id='word_1_101' title='bbox 359 804 440 830; x_wconf 79' lang='grc' dir='ltr'>αὑτὸν</span> <span class='ocrx_word' id='word_1_102' title='bbox 451 805 484 839; x_wconf 83' lang='grc' dir='ltr'><strong>τῇ</strong></span> <span class='ocrx_word' id='word_1_103' title='bbox 500 804 550 838; x_wconf 83' lang='grc' dir='ltr'>μὲν</span> <span class='ocrx_word' id='word_1_104' title='bbox 560 804 791 839; x_wconf 76' lang='grc' dir='ltr'><strong>περιγράφεσθαι,</strong></span> <span class='ocrx_word' id='word_1_105' title='bbox 805 806 837 841; x_wconf 78' lang='grc' dir='ltr'><strong>τῇ</strong></span> 
     </span>
    </p>
   </div>
   <div class='ocr_carea' id='block_1_18' title="bbox 47 849 836 886">
    <p class='ocr_par' dir='ltr' id='par_1_18' title="bbox 47 849 836 886">
     <span class='ocr_line' id='line_1_18' title="bbox 47 849 836 886; baseline 0.001 -10"><span class='ocrx_word' id='word_1_106' title='bbox 47 850 74 876; x_wconf 79' lang='grc' dir='ltr'><strong>δὲ</strong></span> <span class='ocrx_word' id='word_1_107' title='bbox 90 849 130 885; x_wconf 78' lang='grc' dir='ltr'>μὴ</span> <span class='ocrx_word' id='word_1_108' title='bbox 144 849 384 885; x_wconf 80' lang='grc' dir='ltr'>περιγράφεσθαι;</span> <span class='ocrx_word' id='word_1_109' title='bbox 403 850 536 883; x_wconf 73' lang='grc' dir='ltr'><strong>ἑκατέρας</strong></span> <span class='ocrx_word' id='word_1_110' title='bbox 552 849 660 884; x_wconf 87' lang='grc' dir='ltr'>φύσεως</span> <span class='ocrx_word' id='word_1_111' title='bbox 674 852 706 885; x_wconf 85' lang='grc' dir='ltr'>τῇ</span> <span class='ocrx_word' id='word_1_112' title='bbox 726 851 836 886; x_wconf 72' lang='grc' dir='ltr'><strong>ἰδιότητι</strong></span> 
     </span>
    </p>
   </div>
   <div class='ocr_carea' id='block_1_19' title="bbox 48 893 836 933">
    <p class='ocr_par' dir='ltr' id='par_1_19' title="bbox 48 893 836 933">
     <span class='ocr_line' id='line_1_19' title="bbox 48 893 836 933; baseline 0.001 -12"><span class='ocrx_word' id='word_1_113' title='bbox 48 895 248 930; x_wconf 79' lang='grc' dir='ltr'>γνωριζόμενον</span> <span class='ocrx_word' id='word_1_114' title='bbox 259 903 265 910; x_wconf 89' lang='grc'>·</span> <span class='ocrx_word' id='word_1_115' title='bbox 331 896 380 931; x_wconf 77' lang='grc' dir='ltr'>μὲν</span> <span class='ocrx_word' id='word_1_116' title='bbox 392 896 458 927; x_wconf 84' lang='grc' dir='ltr'>Θεός</span> <span class='ocrx_word' id='word_1_117' title='bbox 473 896 540 928; x_wconf 72' lang='grc' dir='ltr'>ἐστι,</span> <span class='ocrx_word' id='word_1_118' title='bbox 558 896 733 932; x_wconf 80' lang='grc' dir='ltr'>περιγραφῆς</span> <span class='ocrx_word' id='word_1_119' title='bbox 750 897 836 932; x_wconf 80' lang='grc' dir='ltr'>ὑπερ-</span> 
     </span>
    </p>
   </div>
   <div class='ocr_carea' id='block_1_20' title="bbox 47 939 838 978">
    <p class='ocr_par' dir='ltr' id='par_1_20' title="bbox 47 939 838 978">
     <span class='ocr_line' id='line_1_20' title="bbox 47 939 838 978; baseline 0 -10"><span class='ocrx_word' id='word_1_120' title='bbox 47 941 205 975; x_wconf 76' lang='grc' dir='ltr'>αλλόμενον,</span> <span class='ocrx_word' id='word_1_121' title='bbox 220 941 314 976; x_wconf 79' lang='grc' dir='ltr'>ὥσπερ</span> <span class='ocrx_word' id='word_1_122' title='bbox 331 941 396 973; x_wconf 83' lang='grc' dir='ltr'>θέας</span> <span class='ocrx_word' id='word_1_123' title='bbox 419 942 466 968; x_wconf 84' lang='grc' dir='ltr'><strong>καὶ</strong></span> <span class='ocrx_word' id='word_1_124' title='bbox 481 941 681 977; x_wconf 46' lang='grc' dir='ltr'>καταλήψεως</span> <span class='ocrx_word' id='word_1_125' title='bbox 735 942 764 968; x_wconf 79' lang='grc' dir='ltr'><strong>δὲ</strong></span> <span class='ocrx_word' id='word_1_126' title='bbox 791 942 838 968; x_wconf 78' lang='grc' dir='ltr'>ἀν-</span> 
     </span>
    </p>
   </div>
   <div class='ocr_carea' id='block_1_21' title="bbox 48 986 837 1023">
    <p class='ocr_par' dir='ltr' id='par_1_21' title="bbox 48 986 837 1023">
     <span class='ocr_line' id='line_1_21' title="bbox 48 986 837 1023; baseline 0.001 -11"><span class='ocrx_word' id='word_1_127' title='bbox 48 986 159 1020; x_wconf 78' lang='grc' dir='ltr'>θρωπός</span> <span class='ocrx_word' id='word_1_128' title='bbox 187 987 256 1018; x_wconf 68' lang='grc' dir='ltr'>ἐστι,</span> <span class='ocrx_word' id='word_1_129' title='bbox 281 988 439 1022; x_wconf 83' lang='grc' dir='ltr'>περιγραφῇ</span> <span class='ocrx_word' id='word_1_130' title='bbox 464 987 662 1020; x_wconf 78' lang='grc' dir='ltr'><strong>ὑποπίπτοντα,</strong></span> <span class='ocrx_word' id='word_1_131' title='bbox 678 987 772 1022; x_wconf 84' lang='grc' dir='ltr'>ὥσπερ</span> <span class='ocrx_word' id='word_1_132' title='bbox 788 987 837 1023; x_wconf 68' lang='grc' dir='ltr'>θέᾳ.</span> 
     </span>
    </p>
   </div>
   <div class='ocr_carea' id='block_1_22' title="bbox 47 1031 837 1068">
    <p class='ocr_par' dir='ltr' id='par_1_22' title="bbox 47 1031 837 1068">
     <span class='ocr_line' id='line_1_22' title="bbox 47 1031 837 1068; baseline 0.001 -10"><span class='ocrx_word' id='word_1_133' title='bbox 47 1032 96 1058; x_wconf 71' lang='grc' dir='ltr'>καὶ</span> <span class='ocrx_word' id='word_1_134' title='bbox 125 1031 266 1066; x_wconf 78' lang='grc' dir='ltr'>ποιότητι·</span> <span class='ocrx_word' id='word_1_135' title='bbox 297 1033 321 1058; x_wconf 83' lang='grc' dir='ltr'><strong>εί</strong></span> <span class='ocrx_word' id='word_1_136' title='bbox 350 1031 388 1067; x_wconf 83' lang='grc' dir='ltr'>μὴ</span> <span class='ocrx_word' id='word_1_137' title='bbox 414 1033 489 1068; x_wconf 85' lang='grc' dir='ltr'>φωνῇ</span> <span class='ocrx_word' id='word_1_138' title='bbox 522 1033 590 1068; x_wconf 84' lang='grc' dir='ltr'>μόνῃ</span> <span class='ocrx_word' id='word_1_139' title='bbox 623 1032 653 1059; x_wconf 83' lang='grc' dir='ltr'>τὸ</span> <span class='ocrx_word' id='word_1_140' title='bbox 678 1033 706 1059; x_wconf 82' lang='grc' dir='ltr'>ὲν</span> <span class='ocrx_word' id='word_1_141' title='bbox 729 1032 837 1067; x_wconf 77' lang='grc' dir='ltr'>Θεότητι</span> 
     </span>
    </p>
   </div>
   <div class='ocr_carea' id='block_1_23' title="bbox 48 1077 837 1115">
    <p class='ocr_par' dir='ltr' id='par_1_23' title="bbox 48 1077 837 1115">
     <span class='ocr_line' id='line_1_23' title="bbox 48 1077 837 1115; baseline 0.003 -11"><span class='ocrx_word' id='word_1_142' title='bbox 48 1078 97 1104; x_wconf 75' lang='grc' dir='ltr'>καὶ</span> <span class='ocrx_word' id='word_1_143' title='bbox 114 1077 307 1113; x_wconf 80' lang='grc' dir='ltr'>ἀνορωπότητι</span> <span class='ocrx_word' id='word_1_144' title='bbox 327 1079 434 1114; x_wconf 72' lang='grc' dir='ltr'>εἴρηται</span> <span class='ocrx_word' id='word_1_145' title='bbox 450 1079 525 1114; x_wconf 85' lang='grc' dir='ltr'>ὑμῖν,</span> <span class='ocrx_word' id='word_1_146' title='bbox 543 1079 690 1114; x_wconf 73' lang='grc' dir='ltr'>ἀσώματον</span> <span class='ocrx_word' id='word_1_147' title='bbox 706 1079 753 1106; x_wconf 81' lang='grc' dir='ltr'>τὸν</span> <span class='ocrx_word' id='word_1_148' title='bbox 767 1080 837 1115; x_wconf 85' lang='grc' dir='ltr'>Χρι-</span> 
     </span>
    </p>
   </div>
   <div class='ocr_carea' id='block_1_24' title="bbox 50 1123 838 1159">
    <p class='ocr_par' dir='ltr' id='par_1_24' title="bbox 50 1123 838 1159">
     <span class='ocr_line' id='line_1_24' title="bbox 50 1123 838 1159; baseline 0.003 -10"><span class='ocrx_word' id='word_1_149' title='bbox 50 1124 113 1150; x_wconf 71' lang='grc' dir='ltr'>στὸν</span> <span class='ocrx_word' id='word_1_150' title='bbox 138 1124 341 1159; x_wconf 76' lang='grc' dir='ltr'><strong>πραγματικῶς</strong></span> <span class='ocrx_word' id='word_1_151' title='bbox 365 1123 597 1159; x_wconf 75' lang='grc' dir='ltr'>ὑπολαμϐάνουσι,</span> <span class='ocrx_word' id='word_1_152' title='bbox 622 1125 669 1152; x_wconf 78' lang='grc' dir='ltr'>καὶ</span> <span class='ocrx_word' id='word_1_153' title='bbox 691 1126 735 1153; x_wconf 78' lang='grc' dir='ltr'>διὰ</span> <span class='ocrx_word' id='word_1_154' title='bbox 758 1125 838 1152; x_wconf 82' lang='grc' dir='ltr'>τοῦτο</span> 
     </span>
    </p>
   </div>
   <div class='ocr_carea' id='block_1_25' title="bbox 48 1169 203 1204">
    <p class='ocr_par' dir='ltr' id='par_1_25' title="bbox 48 1169 203 1204">
     <span class='ocr_line' id='line_1_25' title="bbox 48 1169 203 1204; baseline 0.006 -10"><span class='ocrx_word' id='word_1_155' title='bbox 48 1169 203 1204; x_wconf 82' lang='grc' dir='ltr'>ἀγραπτον.</span> 
     </span>
    </p>
   </div>
   <div class='ocr_carea' id='block_1_26' title="bbox 84 1214 838 1250">
    <p class='ocr_par' dir='ltr' id='par_1_26' title="bbox 84 1214 838 1250">
     <span class='ocr_line' id='line_1_26' title="bbox 84 1214 838 1250; baseline 0.007 -11"><span class='ocrx_word' id='word_1_156' title='bbox 84 1215 125 1240; x_wconf 72' lang='lat'><strong>9&#39;.</strong></span> <span class='ocrx_word' id='word_1_157' title='bbox 138 1215 222 1240; x_wconf 70' lang='grc' dir='ltr'>Ἄλλο</span> <span class='ocrx_word' id='word_1_158' title='bbox 230 1214 259 1241; x_wconf 74' lang='grc' dir='ltr'><strong>τὸ</strong></span> <span class='ocrx_word' id='word_1_159' title='bbox 273 1214 386 1245; x_wconf 71' lang='grc' dir='ltr'>ἁπλοῦν,</span> <span class='ocrx_word' id='word_1_160' title='bbox 406 1216 453 1242; x_wconf 77' lang='grc' dir='ltr'><strong>καὶ</strong></span> <span class='ocrx_word' id='word_1_161' title='bbox 465 1215 560 1250; x_wconf 75' lang='grc' dir='ltr'>ἕτερον</span> <span class='ocrx_word' id='word_1_162' title='bbox 575 1217 605 1243; x_wconf 79' lang='grc' dir='ltr'>τὸ</span> <span class='ocrx_word' id='word_1_163' title='bbox 620 1217 746 1244; x_wconf 79' lang='grc' dir='ltr'>σύνθετον</span> <span class='ocrx_word' id='word_1_164' title='bbox 759 1217 838 1250; x_wconf 82' lang='grc' dir='ltr'><strong>δοξά-</strong></span> 
     </span>
    </p>
   </div>
   <div class='ocr_carea' id='block_1_27' title="bbox 48 1262 837 1298">
    <p class='ocr_par' dir='ltr' id='par_1_27' title="bbox 48 1262 837 1298">
     <span class='ocr_line' id='line_1_27' title="bbox 48 1262 837 1298; baseline 0.001 -11"><span class='ocrx_word' id='word_1_165' title='bbox 48 1262 120 1293; x_wconf 60' lang='lat' dir='ltr'><strong>qm,</strong></span> <span class='ocrx_word' id='word_1_166' title='bbox 143 1262 159 1296; x_wconf 81' lang='grc' dir='ltr'>ἧ</span> <span class='ocrx_word' id='word_1_167' title='bbox 179 1263 277 1288; x_wconf 70' lang='grc' dir='ltr'>ταυτὸν</span> <span class='ocrx_word' id='word_1_168' title='bbox 299 1263 463 1298; x_wconf 81' lang='grc' dir='ltr'>ἀμφότερα;</span> <span class='ocrx_word' id='word_1_169' title='bbox 484 1263 539 1289; x_wconf 82' lang='grc' dir='ltr'><strong>Καὶ</strong></span> <span class='ocrx_word' id='word_1_170' title='bbox 563 1263 586 1289; x_wconf 72' lang='grc' dir='ltr'>εἰ</span> <span class='ocrx_word' id='word_1_171' title='bbox 610 1263 658 1298; x_wconf 80' lang='grc' dir='ltr'>μὲν</span> <span class='ocrx_word' id='word_1_172' title='bbox 671 1263 701 1289; x_wconf 71' lang='grc' dir='ltr'>τδ</span> <span class='ocrx_word' id='word_1_173' title='bbox 720 1263 837 1296; x_wconf 80' lang='grc' dir='ltr'>πρῶτον,</span> 
     </span>
    </p>
   </div>
   <div class='ocr_carea' id='block_1_28' title="bbox 49 1308 837 1344">
    <p class='ocr_par' dir='ltr' id='par_1_28' title="bbox 49 1308 837 1344">
     <span class='ocr_line' id='line_1_28' title="bbox 49 1308 837 1344; baseline 0 -10"><span class='ocrx_word' id='word_1_174' title='bbox 49 1308 160 1339; x_wconf 72' lang='grc' dir='ltr'>πάντως</span> <span class='ocrx_word' id='word_1_175' title='bbox 173 1316 206 1334; x_wconf 83' lang='grc' dir='ltr'><strong>πε</strong></span> <span class='ocrx_word' id='word_1_176' title='bbox 212 1309 360 1343; x_wconf 77' lang='grc' dir='ltr'>ριγραπτὺν</span> <span class='ocrx_word' id='word_1_177' title='bbox 371 1310 417 1335; x_wconf 68' lang='grc' dir='ltr'>καὶ.</span> <span class='ocrx_word' id='word_1_178' title='bbox 432 1309 638 1344; x_wconf 80' lang='grc' dir='ltr'>ἀπερίγραπτον</span> <span class='ocrx_word' id='word_1_179' title='bbox 652 1309 697 1335; x_wconf 74' lang='grc' dir='ltr'>τὸν</span> <span class='ocrx_word' id='word_1_180' title='bbox 712 1310 732 1335; x_wconf 88' lang='grc' dir='ltr'><strong>Χ</strong></span> <span class='ocrx_word' id='word_1_181' title='bbox 737 1310 837 1344; x_wconf 75' lang='grc' dir='ltr'>ριστὸν,</span> 
     </span>
    </p>
   </div>
   <div class='ocr_carea' id='block_1_29' title="bbox 47 1353 839 1389">
    <p class='ocr_par' dir='ltr' id='par_1_29' title="bbox 47 1353 839 1389">
     <span class='ocr_line' id='line_1_29' title="bbox 47 1353 839 1389; baseline 0.003 -11"><span class='ocrx_word' id='word_1_182' title='bbox 47 1354 86 1384; x_wconf 74' lang='grc' dir='ltr'>ὡς</span> <span class='ocrx_word' id='word_1_183' title='bbox 102 1353 134 1385; x_wconf 77' lang='grc' dir='ltr'>ἐξ</span> <span class='ocrx_word' id='word_1_184' title='bbox 154 1354 258 1388; x_wconf 82' lang='grc' dir='ltr'>ἀμφοῖν</span> <span class='ocrx_word' id='word_1_185' title='bbox 279 1353 353 1386; x_wconf 72' lang='grc' dir='ltr'>ὄντα,</span> <span class='ocrx_word' id='word_1_186' title='bbox 379 1354 530 1380; x_wconf 75' lang='grc' dir='ltr'>συνείποιτε</span> <span class='ocrx_word' id='word_1_187' title='bbox 544 1354 620 1389; x_wconf 74' lang='grc' dir='ltr'>ἡμῖν.</span> <span class='ocrx_word' id='word_1_188' title='bbox 642 1354 686 1380; x_wconf 84' lang='grc' dir='ltr'>Ἐν</span> <span class='ocrx_word' id='word_1_189' title='bbox 706 1355 760 1388; x_wconf 73' lang='grc' dir='ltr'><strong>γὰρ</strong></span> <span class='ocrx_word' id='word_1_190' title='bbox 781 1356 839 1386; x_wconf 81' lang='grc' dir='ltr'>τοῖς</span> 
     </span>
    </p>
   </div>
   <div class='ocr_carea' id='block_1_30' title="bbox 47 1398 838 1435">
    <p class='ocr_par' dir='ltr' id='par_1_30' title="bbox 47 1398 838 1435">
     <span class='ocr_line' id='line_1_30' title="bbox 47 1398 838 1435; baseline 0.001 -11"><span class='ocrx_word' id='word_1_191' title='bbox 47 1399 185 1430; x_wconf 68' lang='grc' dir='ltr'>ἐναντίοις</span> <span class='ocrx_word' id='word_1_192' title='bbox 211 1398 366 1432; x_wconf 79' lang='grc' dir='ltr'>ἱδιὼμασιν,</span> <span class='ocrx_word' id='word_1_193' title='bbox 386 1399 403 1434; x_wconf 79' lang='grc' dir='ltr'>ὴ</span> <span class='ocrx_word' id='word_1_194' title='bbox 431 1399 546 1435; x_wconf 77' lang='grc' dir='ltr'><strong>θατέρου</strong></span> <span class='ocrx_word' id='word_1_195' title='bbox 566 1398 668 1425; x_wconf 74' lang='grc' dir='ltr'>τούτων</span> <span class='ocrx_word' id='word_1_196' title='bbox 695 1399 838 1433; x_wconf 82' lang='grc' dir='ltr'>θεωρεῖται</span> 
     </span>
    </p>
   </div>
   <div class='ocr_carea' id='block_1_31' title="bbox 47 1444 840 1480">
    <p class='ocr_par' dir='ltr' id='par_1_31' title="bbox 47 1444 840 1480">
     <span class='ocr_line' id='line_1_31' title="bbox 47 1444 840 1480; baseline 0.001 -10"><span class='ocrx_word' id='word_1_197' title='bbox 47 1444 144 1477; x_wconf 78' lang='grc' dir='ltr'>φύσις,</span> <span class='ocrx_word' id='word_1_198' title='bbox 163 1444 212 1470; x_wconf 84' lang='grc' dir='ltr'><strong>τοῦ</strong></span> <span class='ocrx_word' id='word_1_199' title='bbox 229 1444 316 1471; x_wconf 83' lang='grc' dir='ltr'>ἁπλοῦ</span> <span class='ocrx_word' id='word_1_200' title='bbox 332 1445 402 1478; x_wconf 78' lang='grc' dir='ltr'>λέγω</span> <span class='ocrx_word' id='word_1_201' title='bbox 414 1445 520 1471; x_wconf 76' lang='grc' dir='ltr'>καὶτοῦ</span> <span class='ocrx_word' id='word_1_202' title='bbox 535 1445 674 1477; x_wconf 80' lang='grc' dir='ltr'>συνοέτου,</span> <span class='ocrx_word' id='word_1_203' title='bbox 689 1445 772 1480; x_wconf 68' lang='grc' dir='ltr'>ἤγουν</span> <span class='ocrx_word' id='word_1_204' title='bbox 789 1444 840 1480; x_wconf 85' lang='grc' dir='ltr'>τῆς</span> 
     </span>
    </p>
   </div>
   <div class='ocr_carea' id='block_1_32' title="bbox 47 1489 839 1526">
    <p class='ocr_par' dir='ltr' id='par_1_32' title="bbox 47 1489 839 1526">
     <span class='ocr_line' id='line_1_32' title="bbox 47 1489 839 1526; baseline 0.003 -11"><span class='ocrx_word' id='word_1_205' title='bbox 47 1489 178 1523; x_wconf 71' lang='grc' dir='ltr'>θεότητος</span> <span class='ocrx_word' id='word_1_206' title='bbox 196 1490 242 1515; x_wconf 65' lang='grc' dir='ltr'><strong>καὶ</strong></span> <span class='ocrx_word' id='word_1_207' title='bbox 260 1489 310 1524; x_wconf 76' lang='grc' dir='ltr'>τῆς</span> <span class='ocrx_word' id='word_1_208' title='bbox 324 1490 533 1526; x_wconf 78' lang='grc' dir='ltr'>ἀνθρωπὸτητος</span> <span class='ocrx_word' id='word_1_209' title='bbox 545 1498 552 1505; x_wconf 76' lang='grc'><strong>⁸</strong></span> <span class='ocrx_word' id='word_1_210' title='bbox 572 1491 609 1521; x_wconf 83' lang='grc' dir='ltr'>ὡς</span> <span class='ocrx_word' id='word_1_211' title='bbox 626 1491 673 1517; x_wconf 77' lang='grc' dir='ltr'><strong>ἐπὶ</strong></span> <span class='ocrx_word' id='word_1_212' title='bbox 690 1491 776 1525; x_wconf 75' lang='grc' dir='ltr'>πυρὸς</span> <span class='ocrx_word' id='word_1_213' title='bbox 792 1491 839 1517; x_wconf 79' lang='grc' dir='ltr'><strong>καὶ</strong></span> 
     </span>
    </p>
   </div>
   <div class='ocr_carea' id='block_1_33' title="bbox 47 1533 835 1570">
    <p class='ocr_par' dir='ltr' id='par_1_33' title="bbox 47 1533 835 1570">
     <span class='ocr_line' id='line_1_33' title="bbox 47 1533 835 1570; baseline 0.004 -11"><span class='ocrx_word' id='word_1_214' title='bbox 47 1533 145 1564; x_wconf 69' lang='grc' dir='ltr'>ὓδατος</span> <span class='ocrx_word' id='word_1_215' title='bbox 167 1534 197 1559; x_wconf 81' lang='grc' dir='ltr'>ὲν</span> <span class='ocrx_word' id='word_1_216' title='bbox 212 1534 410 1569; x_wconf 83' lang='grc' dir='ltr'>ὐποδείγματος</span> <span class='ocrx_word' id='word_1_217' title='bbox 423 1534 507 1570; x_wconf 82' lang='grc' dir='ltr'>λόγῳ,</span> <span class='ocrx_word' id='word_1_218' title='bbox 523 1534 584 1561; x_wconf 75' lang='grc' dir='ltr'>οὔτε</span> <span class='ocrx_word' id='word_1_219' title='bbox 599 1535 628 1562; x_wconf 87' lang='grc' dir='ltr'><strong>τὺ</strong></span> <span class='ocrx_word' id='word_1_220' title='bbox 643 1535 698 1569; x_wconf 80' lang='grc' dir='ltr'><strong>πῦρ</strong></span> <span class='ocrx_word' id='word_1_221' title='bbox 712 1544 835 1570; x_wconf 80' lang='grc' dir='ltr'>κατωφε-</span> 
     </span>
    </p>
   </div>
   <div class='ocr_carea' id='block_1_34' title="bbox 49 1578 839 1617">
    <p class='ocr_par' dir='ltr' id='par_1_34' title="bbox 49 1578 839 1617">
     <span class='ocr_line' id='line_1_34' title="bbox 49 1578 839 1617; baseline 0.006 -13"><span class='ocrx_word' id='word_1_222' title='bbox 49 1579 108 1614; x_wconf 77' lang='grc' dir='ltr'>ρὲς,</span> <span class='ocrx_word' id='word_1_223' title='bbox 121 1578 185 1605; x_wconf 76' lang='grc' dir='ltr'>οὔτε</span> <span class='ocrx_word' id='word_1_224' title='bbox 206 1579 236 1605; x_wconf 69' lang='grc' dir='ltr'><strong>τὺ</strong></span> <span class='ocrx_word' id='word_1_225' title='bbox 254 1578 326 1615; x_wconf 78' lang='grc' dir='ltr'>ὕδωρ</span> <span class='ocrx_word' id='word_1_226' title='bbox 342 1581 481 1616; x_wconf 70' lang='grc' dir='ltr'>ἀνωφερὲς</span> <span class='ocrx_word' id='word_1_227' title='bbox 494 1589 501 1595; x_wconf 89' lang='grc'>·</span> <span class='ocrx_word' id='word_1_228' title='bbox 515 1581 576 1608; x_wconf 82' lang='grc' dir='ltr'>οὔτε</span> <span class='ocrx_word' id='word_1_229' title='bbox 595 1582 611 1616; x_wconf 81' lang='grc' dir='ltr'>ἡ</span> <span class='ocrx_word' id='word_1_230' title='bbox 628 1581 743 1617; x_wconf 78' lang='grc' dir='ltr'><strong>ξηρότης</strong></span> <span class='ocrx_word' id='word_1_231' title='bbox 759 1581 839 1616; x_wconf 83' lang='grc' dir='ltr'>ὑγρό-</span> 
     </span>
    </p>
   </div>
   <div class='ocr_carea' id='block_1_35' title="bbox 47 1624 838 1662">
    <p class='ocr_par' dir='ltr' id='par_1_35' title="bbox 47 1624 838 1662">
     <span class='ocr_line' id='line_1_35' title="bbox 47 1624 838 1662; baseline 0.004 -13"><span class='ocrx_word' id='word_1_232' title='bbox 47 1633 110 1659; x_wconf 79' lang='grc' dir='ltr'>της,</span> <span class='ocrx_word' id='word_1_233' title='bbox 127 1624 190 1650; x_wconf 70' lang='grc' dir='ltr'>οὔτε</span> <span class='ocrx_word' id='word_1_234' title='bbox 206 1626 222 1658; x_wconf 84' lang='grc' dir='ltr'>ἡ</span> <span class='ocrx_word' id='word_1_235' title='bbox 242 1625 361 1660; x_wconf 79' lang='grc' dir='ltr'><strong>ὑγρότης</strong></span> <span class='ocrx_word' id='word_1_236' title='bbox 376 1625 504 1660; x_wconf 81' lang='grc' dir='ltr'>ξηρότης.</span> <span class='ocrx_word' id='word_1_237' title='bbox 525 1626 622 1653; x_wconf 82' lang='grc' dir='ltr'>Τοίνυν</span> <span class='ocrx_word' id='word_1_238' title='bbox 644 1626 705 1653; x_wconf 76' lang='grc' dir='ltr'>οὔτε</span> <span class='ocrx_word' id='word_1_239' title='bbox 728 1627 838 1662; x_wconf 77' lang='grc' dir='ltr'>ἠπεριο</span> 
     </span>
    </p>
   </div>
   <div class='ocr_carea' id='block_1_36' title="bbox 49 1670 839 1708">
    <p class='ocr_par' dir='ltr' id='par_1_36' title="bbox 49 1670 839 1708">
     <span class='ocr_line' id='line_1_36' title="bbox 49 1670 839 1708; baseline 0.004 -13"><span class='ocrx_word' id='word_1_240' title='bbox 49 1670 143 1705; x_wconf 78' lang='grc' dir='ltr'>γραφὴ</span> <span class='ocrx_word' id='word_1_241' title='bbox 167 1671 306 1705; x_wconf 65' lang='grc' dir='ltr'>ἀγραφίου</span> <span class='ocrx_word' id='word_1_242' title='bbox 325 1670 387 1697; x_wconf 75' lang='grc' dir='ltr'>οὕτε</span> <span class='ocrx_word' id='word_1_243' title='bbox 411 1672 428 1706; x_wconf 76' lang='grc' dir='ltr'>ἡ</span> <span class='ocrx_word' id='word_1_244' title='bbox 454 1672 577 1707; x_wconf 82' lang='grc' dir='ltr'>ἀγραφία</span> <span class='ocrx_word' id='word_1_245' title='bbox 601 1673 771 1708; x_wconf 78' lang='grc' dir='ltr'>περιγραφή.</span> <span class='ocrx_word' id='word_1_246' title='bbox 795 1674 839 1698; x_wconf 83' lang='grc' dir='ltr'><strong>Δι-</strong></span> 
     </span>
    </p>
   </div>
   <div class='ocr_carea' id='block_1_37' title="bbox 50 1714 838 1751">
    <p class='ocr_par' dir='ltr' id='par_1_37' title="bbox 50 1714 838 1751">
     <span class='ocr_line' id='line_1_37' title="bbox 50 1714 838 1751; baseline 0.004 -12"><span class='ocrx_word' id='word_1_247' title='bbox 50 1715 173 1749; x_wconf 75' lang='grc' dir='ltr'>ιὶργεται</span> <span class='ocrx_word' id='word_1_248' title='bbox 190 1716 244 1749; x_wconf 73' lang='grc' dir='ltr'><strong>γὰρ</strong></span> <span class='ocrx_word' id='word_1_249' title='bbox 258 1714 335 1741; x_wconf 74' lang='grc' dir='ltr'>τοῦδε</span> <span class='ocrx_word' id='word_1_250' title='bbox 351 1715 409 1741; x_wconf 79' lang='grc' dir='ltr'>τόδε</span> <span class='ocrx_word' id='word_1_251' title='bbox 425 1716 592 1750; x_wconf 84' lang='grc' dir='ltr'>ὲναντιότητι</span> <span class='ocrx_word' id='word_1_252' title='bbox 607 1717 709 1751; x_wconf 82' lang='grc' dir='ltr'>φυσικῇ</span> <span class='ocrx_word' id='word_1_253' title='bbox 729 1717 769 1742; x_wconf 85' lang='grc' dir='ltr'>ὃτι</span> <span class='ocrx_word' id='word_1_254' title='bbox 785 1716 838 1750; x_wconf 85' lang='grc' dir='ltr'>μά-</span> 
     </span>
    </p>
   </div>
   <div class='ocr_carea' id='block_1_38' title="bbox 50 1760 838 1796">
    <p class='ocr_par' dir='ltr' id='par_1_38' title="bbox 50 1760 838 1796">
     <span class='ocr_line' id='line_1_38' title="bbox 50 1760 838 1796; baseline 0.001 -11"><span class='ocrx_word' id='word_1_255' title='bbox 50 1761 145 1786; x_wconf 76' lang='grc' dir='ltr'>λιστα·</span> <span class='ocrx_word' id='word_1_256' title='bbox 162 1761 210 1786; x_wconf 84' lang='grc' dir='ltr'>καὶ</span> <span class='ocrx_word' id='word_1_257' title='bbox 224 1760 314 1795; x_wconf 83' lang='grc' dir='ltr'>πολλῷ</span> <span class='ocrx_word' id='word_1_258' title='bbox 328 1768 359 1793; x_wconf 85' lang='grc' dir='ltr'><strong>γε</strong></span> <span class='ocrx_word' id='word_1_259' title='bbox 374 1760 473 1795; x_wconf 82' lang='grc' dir='ltr'>μᾶλλον</span> <span class='ocrx_word' id='word_1_260' title='bbox 488 1761 533 1787; x_wconf 72' lang='grc' dir='ltr'><strong>ἐπὶ</strong></span> <span class='ocrx_word' id='word_1_261' title='bbox 545 1761 596 1796; x_wconf 83' lang='grc' dir='ltr'>τῆς</span> <span class='ocrx_word' id='word_1_262' title='bbox 608 1761 703 1796; x_wconf 77' lang='grc' dir='ltr'>τρίτης</span> <span class='ocrx_word' id='word_1_263' title='bbox 719 1760 838 1791; x_wconf 72' lang='grc' dir='ltr'>σκελίδας</span> 
     </span>
    </p>
   </div>
   <div class='ocr_carea' id='block_1_39' title="bbox 50 1806 838 1842">
    <p class='ocr_par' dir='ltr' id='par_1_39' title="bbox 50 1806 838 1842">
     <span class='ocr_line' id='line_1_39' title="bbox 50 1806 838 1842; baseline 0.001 -11"><span class='ocrx_word' id='word_1_264' title='bbox 50 1807 65 1840; x_wconf 74' lang='grc' dir='ltr'>ἦ</span> <span class='ocrx_word' id='word_1_265' title='bbox 84 1807 142 1831; x_wconf 88' lang='grc' dir='ltr'>τοῖν</span> <span class='ocrx_word' id='word_1_266' title='bbox 153 1807 238 1832; x_wconf 67' lang='grc' dir='ltr'>δυοῖν.</span> <span class='ocrx_word' id='word_1_267' title='bbox 252 1806 282 1832; x_wconf 71' lang='lat' dir='ltr'><strong>Et</strong></span> <span class='ocrx_word' id='word_1_268' title='bbox 294 1806 323 1832; x_wconf 76' lang='grc' dir='ltr'><strong>δὲ</strong></span> <span class='ocrx_word' id='word_1_269' title='bbox 338 1806 543 1842; x_wconf 81' lang='grc' dir='ltr'>ἀπερίγραπτον</span> <span class='ocrx_word' id='word_1_270' title='bbox 559 1807 650 1842; x_wconf 84' lang='grc' dir='ltr'>μόνον,</span> <span class='ocrx_word' id='word_1_271' title='bbox 665 1807 723 1838; x_wconf 86' lang='grc' dir='ltr'>πῶς</span> <span class='ocrx_word' id='word_1_272' title='bbox 738 1807 797 1841; x_wconf 73' lang='grc' dir='ltr'>οὐχὶ</span> <span class='ocrx_word' id='word_1_273' title='bbox 809 1807 838 1833; x_wconf 81' lang='grc' dir='ltr'>τὸ</span> 
     </span>
    </p>
   </div>
   <div class='ocr_carea' id='block_1_40' title="bbox 49 1851 837 1888">
    <p class='ocr_par' dir='ltr' id='par_1_40' title="bbox 49 1851 837 1888">
     <span class='ocr_line' id='line_1_40' title="bbox 49 1851 837 1888; baseline 0.001 -11"><span class='ocrx_word' id='word_1_274' title='bbox 49 1851 177 1886; x_wconf 69' lang='grc' dir='ltr'>δεύτερον</span> <span class='ocrx_word' id='word_1_275' title='bbox 194 1851 317 1884; x_wconf 77' lang='grc' dir='ltr'><strong>δοξάζειν</strong></span> <span class='ocrx_word' id='word_1_276' title='bbox 329 1861 336 1885; x_wconf 85' lang='grc'>;</span> <span class='ocrx_word' id='word_1_277' title='bbox 349 1853 397 1879; x_wconf 83' lang='grc' dir='ltr'><strong>καὶ</strong></span> <span class='ocrx_word' id='word_1_278' title='bbox 413 1853 451 1888; x_wconf 85' lang='grc' dir='ltr'>μὴ</span> <span class='ocrx_word' id='word_1_279' title='bbox 465 1852 589 1886; x_wconf 82' lang='grc' dir='ltr'>λέγοντες</span> <span class='ocrx_word' id='word_1_280' title='bbox 604 1852 740 1885; x_wconf 76' lang='grc' dir='ltr'>δοξάζοιτε</span> <span class='ocrx_word' id='word_1_281' title='bbox 754 1853 837 1879; x_wconf 80' lang='grc' dir='ltr'>ἁπλο-</span> 
     </span>
    </p>
   </div>
   <div class='ocr_carea' id='block_1_41' title="bbox 50 1896 836 1933">
    <p class='ocr_par' dir='ltr' id='par_1_41' title="bbox 50 1896 836 1933">
     <span class='ocr_line' id='line_1_41' title="bbox 50 1896 836 1933; baseline 0.001 -11"><span class='ocrx_word' id='word_1_282' title='bbox 50 1896 179 1923; x_wconf 70' lang='grc' dir='ltr'>σύνθετον</span> <span class='ocrx_word' id='word_1_283' title='bbox 205 1897 270 1932; x_wconf 85' lang='grc' dir='ltr'>μίαν</span> <span class='ocrx_word' id='word_1_284' title='bbox 301 1897 382 1932; x_wconf 73' lang='grc' dir='ltr'>φύσιν</span> <span class='ocrx_word' id='word_1_285' title='bbox 407 1897 532 1933; x_wconf 82' lang='grc' dir='ltr'>θεότητος</span> <span class='ocrx_word' id='word_1_286' title='bbox 552 1899 598 1924; x_wconf 76' lang='grc' dir='ltr'>καὶ</span> <span class='ocrx_word' id='word_1_287' title='bbox 614 1898 836 1933; x_wconf 76' lang='grc' dir='ltr'>ἀνθρωπότητος·</span> 
     </span>
    </p>
   </div>
   <div class='ocr_carea' id='block_1_42' title="bbox 48 1942 838 1978">
    <p class='ocr_par' dir='ltr' id='par_1_42' title="bbox 48 1942 838 1978">
     <span class='ocr_line' id='line_1_42' title="bbox 48 1942 838 1978; baseline 0.003 -12"><span class='ocrx_word' id='word_1_288' title='bbox 48 1942 149 1968; x_wconf 71' lang='grc' dir='ltr'>ὡσανεὶ</span> <span class='ocrx_word' id='word_1_289' title='bbox 156 1942 308 1978; x_wconf 79' lang='grc' dir='ltr'>ὖδρόπυρον</span> <span class='ocrx_word' id='word_1_290' title='bbox 319 1943 367 1970; x_wconf 77' lang='grc' dir='ltr'><strong>σὺν</strong></span> <span class='ocrx_word' id='word_1_291' title='bbox 375 1943 444 1978; x_wconf 82' lang='grc' dir='ltr'>Σευή</span> <span class='ocrx_word' id='word_1_292' title='bbox 450 1952 487 1978; x_wconf 84' lang='grc' dir='ltr'><strong>ρῳ</strong></span> <span class='ocrx_word' id='word_1_293' title='bbox 496 1942 667 1978; x_wconf 83' lang='grc' dir='ltr'>συγχυτικῶς</span> <span class='ocrx_word' id='word_1_294' title='bbox 675 1943 838 1978; x_wconf 75' lang='grc' dir='ltr'>πρεσῦεύον-</span> 
     </span>
    </p>
   </div>
   <div class='ocr_carea' id='block_1_43' title="bbox 47 1989 838 2025">
    <p class='ocr_par' dir='ltr' id='par_1_43' title="bbox 47 1989 838 2025">
     <span class='ocr_line' id='line_1_43' title="bbox 47 1989 838 2025; baseline 0.003 -12"><span class='ocrx_word' id='word_1_295' title='bbox 47 1996 103 2019; x_wconf 81' lang='grc' dir='ltr'>τες.</span> <span class='ocrx_word' id='word_1_296' title='bbox 133 1989 173 2023; x_wconf 83' lang='grc' dir='ltr'>Τῇ</span> <span class='ocrx_word' id='word_1_297' title='bbox 188 1990 243 2024; x_wconf 73' lang='grc' dir='ltr'><strong>γὰρ</strong></span> <span class='ocrx_word' id='word_1_298' title='bbox 259 1989 386 2024; x_wconf 84' lang='grc' dir='ltr'>μονότητι</span> <span class='ocrx_word' id='word_1_299' title='bbox 400 1990 450 2025; x_wconf 74' lang='grc' dir='ltr'>τῆς</span> <span class='ocrx_word' id='word_1_300' title='bbox 474 1989 604 2025; x_wconf 78' lang='grc' dir='ltr'>ἰδιότητος</span> <span class='ocrx_word' id='word_1_301' title='bbox 620 1989 762 2025; x_wconf 79' lang='grc' dir='ltr'>μοναδικὺς</span> <span class='ocrx_word' id='word_1_302' title='bbox 791 1990 838 2016; x_wconf 73' lang='grc' dir='ltr'>καὶ</span> 
     </span>
    </p>
   </div>
   <div class='ocr_carea' id='block_1_44' title="bbox 48 2034 573 2069">
    <p class='ocr_par' dir='ltr' id='par_1_44' title="bbox 48 2034 573 2069">
     <span class='ocr_line' id='line_1_44' title="bbox 48 2034 573 2069; baseline 0.004 -10"><span class='ocrx_word' id='word_1_303' title='bbox 48 2034 62 2059; x_wconf 81' lang='grc' dir='ltr'>ὁ</span> <span class='ocrx_word' id='word_1_304' title='bbox 73 2034 122 2067; x_wconf 77' lang='grc' dir='ltr'><strong>τῆς</strong></span> <span class='ocrx_word' id='word_1_305' title='bbox 140 2034 248 2067; x_wconf 77' lang='grc' dir='ltr'>φύσεως</span> <span class='ocrx_word' id='word_1_306' title='bbox 262 2035 340 2068; x_wconf 84' lang='grc' dir='ltr'>λόγος</span> <span class='ocrx_word' id='word_1_307' title='bbox 357 2035 573 2069; x_wconf 64' lang='grc' dir='ltr'>συνεπιφαίνεται.</span> 
     </span>
    </p>
   </div>
   <div class='ocr_carea' id='block_1_45' title="bbox 888 213 1676 248">
    <p class='ocr_par' dir='ltr' id='par_1_45' title="bbox 888 213 1676 248">
     <span class='ocr_line' id='line_1_45' title="bbox 888 213 1676 248; baseline 0.003 -8"><span class='ocrx_word' id='word_1_308' title='bbox 888 214 964 245; x_wconf 89' lang='lat' dir='ltr'><strong>boni,</strong></span> <span class='ocrx_word' id='word_1_309' title='bbox 981 214 1110 248; x_wconf 87' lang='lat' dir='ltr'><strong>utrinque</strong></span> <span class='ocrx_word' id='word_1_310' title='bbox 1136 213 1330 248; x_wconf 59' lang='lat' dir='ltr'><strong>pracipitium.</strong></span> <span class='ocrx_word' id='word_1_311' title='bbox 1347 213 1440 248; x_wconf 84' lang='lat' dir='ltr'><strong>Itaque</strong></span> <span class='ocrx_word' id='word_1_312' title='bbox 1464 214 1491 241; x_wconf 90' lang='lat' dir='ltr'><strong>in</strong></span> <span class='ocrx_word' id='word_1_313' title='bbox 1510 215 1600 242; x_wconf 85' lang='lat' dir='ltr'><strong>medio</strong></span> <span class='ocrx_word' id='word_1_314' title='bbox 1616 221 1676 242; x_wconf 87' lang='lat' dir='ltr'><strong>tan-</strong></span> 
     </span>
    </p>
   </div>
   <div class='ocr_carea' id='block_1_46' title="bbox 887 258 1678 294">
    <p class='ocr_par' dir='ltr' id='par_1_46' title="bbox 887 258 1678 294">
     <span class='ocr_line' id='line_1_46' title="bbox 887 258 1678 294; baseline 0.004 -9"><span class='ocrx_word' id='word_1_315' title='bbox 887 266 970 293; x_wconf 89' lang='lat' dir='ltr'><strong>quam</strong></span> <span class='ocrx_word' id='word_1_316' title='bbox 990 258 1061 285; x_wconf 85' lang='lat' dir='ltr'><strong>inter</strong></span> <span class='ocrx_word' id='word_1_317' title='bbox 1081 263 1172 293; x_wconf 85' lang='lat' dir='ltr'><strong>partes</strong></span> <span class='ocrx_word' id='word_1_318' title='bbox 1187 259 1340 290; x_wconf 87' lang='lat' dir='ltr'><strong>constituti,</strong></span> <span class='ocrx_word' id='word_1_319' title='bbox 1357 259 1544 294; x_wconf 86' lang='lat' dir='ltr'><strong>quodcunque</strong></span> <span class='ocrx_word' id='word_1_320' title='bbox 1559 268 1591 287; x_wconf 81' lang='lat' dir='ltr'><strong>ex</strong></span> <span class='ocrx_word' id='word_1_321' title='bbox 1608 262 1678 288; x_wconf 90' lang='lat' dir='ltr'><strong>duo-</strong></span> 
     </span>
    </p>
   </div>
   <div class='ocr_carea' id='block_1_47' title="bbox 888 304 1679 340">
    <p class='ocr_par' dir='ltr' id='par_1_47' title="bbox 888 304 1679 340">
     <span class='ocr_line' id='line_1_47' title="bbox 888 304 1679 340; baseline 0.003 -9"><span class='ocrx_word' id='word_1_322' title='bbox 888 304 940 331; x_wconf 85' lang='lat' dir='ltr'><strong>bus</strong></span> <span class='ocrx_word' id='word_1_323' title='bbox 954 304 1046 338; x_wconf 84' lang='lat' dir='ltr'><strong>impiis</strong></span> <span class='ocrx_word' id='word_1_324' title='bbox 1056 304 1192 339; x_wconf 78' lang='lat' dir='ltr'><strong>dogmatis</strong></span> <span class='ocrx_word' id='word_1_325' title='bbox 1206 304 1298 340; x_wconf 76' lang='lat' dir='ltr'><strong>l&#39;ugere</strong></span> <span class='ocrx_word' id='word_1_326' title='bbox 1314 305 1415 337; x_wconf 81' lang='lat' dir='ltr'><strong>velitis,</strong></span> <span class='ocrx_word' id='word_1_327' title='bbox 1427 305 1547 332; x_wconf 88' lang='lat' dir='ltr'><strong>alterum</strong></span> <span class='ocrx_word' id='word_1_328' title='bbox 1566 313 1679 333; x_wconf 84' lang='lat' dir='ltr'><strong>necesse</strong></span> 
     </span>
    </p>
   </div>
   <div class='ocr_carea' id='block_1_48' title="bbox 888 348 1680 384">
    <p class='ocr_par' dir='ltr' id='par_1_48' title="bbox 888 348 1680 384">
     <span class='ocr_line' id='line_1_48' title="bbox 888 348 1680 384; baseline 0.003 -9"><span class='ocrx_word' id='word_1_329' title='bbox 888 354 930 376; x_wconf 85' lang='lat' dir='ltr'><strong>est</strong></span> <span class='ocrx_word' id='word_1_330' title='bbox 944 349 1162 383; x_wconf 85' lang='lat' dir='ltr'><strong>amplectamini.</strong></span> <span class='ocrx_word' id='word_1_331' title='bbox 1190 348 1217 375; x_wconf 91' lang='lat' dir='ltr'><strong>Si</strong></span> <span class='ocrx_word' id='word_1_332' title='bbox 1234 349 1306 375; x_wconf 89' lang='lat' dir='ltr'><strong>enim</strong></span> <span class='ocrx_word' id='word_1_333' title='bbox 1331 357 1382 376; x_wconf 88' lang='lat' dir='ltr'><strong>vos</strong></span> <span class='ocrx_word' id='word_1_334' title='bbox 1411 357 1427 376; x_wconf 93' lang='lat' dir='ltr'><strong>a</strong></span> <span class='ocrx_word' id='word_1_335' title='bbox 1452 350 1529 377; x_wconf 85' lang='lat' dir='ltr'><strong>Pauli</strong></span> <span class='ocrx_word' id='word_1_336' title='bbox 1554 351 1680 384; x_wconf 82' lang='lat' dir='ltr'><strong>partibus</strong></span> 
     </span>
    </p>
   </div>
   <div class='ocr_carea' id='block_1_49' title="bbox 888 395 1677 430">
    <p class='ocr_par' dir='ltr' id='par_1_49' title="bbox 888 395 1677 430">
     <span class='ocr_line' id='line_1_49' title="bbox 888 395 1677 430; baseline 0.004 -9"><span class='ocrx_word' id='word_1_337' title='bbox 888 402 950 422; x_wconf 89' lang='lat' dir='ltr'><strong>esse</strong></span> <span class='ocrx_word' id='word_1_338' title='bbox 973 395 1150 430; x_wconf 80' lang='lat' dir='ltr'><strong>negaveritis,</strong></span> <span class='ocrx_word' id='word_1_339' title='bbox 1165 402 1214 422; x_wconf 92' lang='lat' dir='ltr'><strong>cur</strong></span> <span class='ocrx_word' id='word_1_340' title='bbox 1230 395 1337 422; x_wconf 81' lang='lat' dir='ltr'><strong>Manem</strong></span> <span class='ocrx_word' id='word_1_341' title='bbox 1357 395 1515 429; x_wconf 91' lang='lat' dir='ltr'><strong>sequimini,</strong></span> <span class='ocrx_word' id='word_1_342' title='bbox 1537 396 1677 424; x_wconf 85' lang='lat' dir='ltr'><strong>Christum</strong></span> 
     </span>
    </p>
   </div>
   <div class='ocr_carea' id='block_1_50' title="bbox 890 436 1678 476">
    <p class='ocr_par' dir='ltr' id='par_1_50' title="bbox 890 436 1678 476">
     <span class='ocr_line' id='line_1_50' title="bbox 890 436 1678 476; baseline 0.004 -9"><span class='ocrx_word' id='word_1_343' title='bbox 890 436 1020 475; x_wconf 85' lang='lat' dir='ltr'><strong>tanquam</strong></span> <span class='ocrx_word' id='word_1_344' title='bbox 1048 440 1168 469; x_wconf 80' lang='lat' dir='ltr'><strong>Verbum</strong></span> <span class='ocrx_word' id='word_1_345' title='bbox 1185 442 1377 476; x_wconf 85' lang='lat' dir='ltr'><strong>incorporeum</strong></span> <span class='ocrx_word' id='word_1_346' title='bbox 1414 442 1529 469; x_wconf 84' lang='lat' dir='ltr'><strong>minime</strong></span> <span class='ocrx_word' id='word_1_347' title='bbox 1557 443 1678 470; x_wconf 90' lang='lat' dir='ltr'><strong>circnm-</strong></span> 
     </span>
    </p>
   </div>
   <div class='ocr_carea' id='block_1_51' title="bbox 889 486 1676 522">
    <p class='ocr_par' dir='ltr' id='par_1_51' title="bbox 889 486 1676 522">
     <span class='ocr_line' id='line_1_51' title="bbox 889 486 1676 522; baseline 0.001 -8"><span class='ocrx_word' id='word_1_348' title='bbox 889 487 1058 514; x_wconf 87' lang='lat' dir='ltr'><strong>scribentes?</strong></span> <span class='ocrx_word' id='word_1_349' title='bbox 1072 487 1097 514; x_wconf 93' lang='lat' dir='ltr'><strong>id</strong></span> <span class='ocrx_word' id='word_1_350' title='bbox 1113 488 1184 522; x_wconf 92' lang='lat' dir='ltr'><strong>quod</strong></span> <span class='ocrx_word' id='word_1_351' title='bbox 1199 495 1214 514; x_wconf 91' lang='lat' dir='ltr'><strong>a</strong></span> <span class='ocrx_word' id='word_1_352' title='bbox 1230 486 1315 514; x_wconf 84' lang='lat' dir='ltr'><strong>Paulo</strong></span> <span class='ocrx_word' id='word_1_353' title='bbox 1344 487 1463 514; x_wconf 86' lang='lat' dir='ltr'><strong>alienum</strong></span> <span class='ocrx_word' id='word_1_354' title='bbox 1475 492 1526 514; x_wconf 87' lang='lat' dir='ltr'><strong>est.</strong></span> <span class='ocrx_word' id='word_1_355' title='bbox 1539 486 1566 514; x_wconf 92' lang='lat' dir='ltr'><strong>Si</strong></span> <span class='ocrx_word' id='word_1_356' title='bbox 1585 494 1676 515; x_wconf 86' lang='lat' dir='ltr'><strong>autem</strong></span> 
     </span>
    </p>
   </div>
   <div class='ocr_carea' id='block_1_52' title="bbox 889 532 1677 565">
    <p class='ocr_par' dir='ltr' id='par_1_52' title="bbox 889 532 1677 565">
     <span class='ocr_line' id='line_1_52' title="bbox 889 532 1677 565; baseline 0.003 -7"><span class='ocrx_word' id='word_1_357' title='bbox 889 533 988 559; x_wconf 82' lang='lat' dir='ltr'><strong>dicatis</strong></span> <span class='ocrx_word' id='word_1_358' title='bbox 1005 540 1053 559; x_wconf 77' lang='lat' dir='ltr'><strong>ros</strong></span> <span class='ocrx_word' id='word_1_359' title='bbox 1068 540 1122 559; x_wconf 92' lang='lat' dir='ltr'><strong>non</strong></span> <span class='ocrx_word' id='word_1_360' title='bbox 1139 540 1200 560; x_wconf 86' lang='lat' dir='ltr'><strong>esse</strong></span> <span class='ocrx_word' id='word_1_361' title='bbox 1227 532 1404 565; x_wconf 62' lang='lat' dir='ltr'><strong>Manichazos,</strong></span> <span class='ocrx_word' id='word_1_362' title='bbox 1430 541 1479 560; x_wconf 89' lang='lat' dir='ltr'><strong>cur</strong></span> <span class='ocrx_word' id='word_1_363' title='bbox 1503 541 1565 560; x_wconf 90' lang='lat' dir='ltr'><strong>cum</strong></span> <span class='ocrx_word' id='word_1_364' title='bbox 1591 534 1677 561; x_wconf 82' lang='lat' dir='ltr'><strong>Paulo</strong></span> 
     </span>
    </p>
   </div>
   <div class='ocr_carea' id='block_1_53' title="bbox 889 574 1677 613">
    <p class='ocr_par' dir='ltr' id='par_1_53' title="bbox 889 574 1677 613">
     <span class='ocr_line' id='line_1_53' title="bbox 889 574 1677 613; baseline 0.005 -12"><span class='ocrx_word' id='word_1_365' title='bbox 889 575 981 602; x_wconf 87' lang='lat' dir='ltr'><strong>dicitis</strong></span> <span class='ocrx_word' id='word_1_366' title='bbox 1004 574 1145 602; x_wconf 85' lang='lat' dir='ltr'><strong>Christum</strong></span> <span class='ocrx_word' id='word_1_367' title='bbox 1175 577 1314 603; x_wconf 85' lang='lat' dir='ltr'><strong>hominem</strong></span> <span class='ocrx_word' id='word_1_368' title='bbox 1332 584 1393 604; x_wconf 84' lang='lat' dir='ltr'><strong>esse</strong></span> <span class='ocrx_word' id='word_1_369' title='bbox 1409 578 1591 610; x_wconf 79' lang='lat' dir='ltr'><strong>corporeum?</strong></span> <span class='ocrx_word' id='word_1_370' title='bbox 1603 579 1677 613; x_wconf 86' lang='lat' dir='ltr'><strong>quod</strong></span> 
     </span>
    </p>
   </div>
   <div class='ocr_carea' id='block_1_54' title="bbox 889 619 1677 656">
    <p class='ocr_par' dir='ltr' id='par_1_54' title="bbox 889 619 1677 656">
     <span class='ocr_line' id='line_1_54' title="bbox 889 619 1677 656; baseline 0.005 -10"><span class='ocrx_word' id='word_1_371' title='bbox 889 619 982 647; x_wconf 79' lang='lat' dir='ltr'><strong>Manes</strong></span> <span class='ocrx_word' id='word_1_372' title='bbox 1010 620 1167 647; x_wconf 80' lang='lat' dir='ltr'><strong>declinavit.</strong></span> <span class='ocrx_word' id='word_1_373' title='bbox 1187 620 1223 647; x_wconf 89' lang='lat' dir='ltr'><strong>Ita</strong></span> <span class='ocrx_word' id='word_1_374' title='bbox 1255 621 1361 648; x_wconf 85' lang='lat' dir='ltr'><strong>Manem</strong></span> <span class='ocrx_word' id='word_1_375' title='bbox 1382 626 1541 656; x_wconf 83' lang='lat' dir='ltr'><strong>sequentes,</strong></span> <span class='ocrx_word' id='word_1_376' title='bbox 1559 627 1586 650; x_wconf 86' lang='lat' dir='ltr'><strong>et</strong></span> <span class='ocrx_word' id='word_1_377' title='bbox 1603 623 1677 650; x_wconf 79' lang='lat' dir='ltr'><strong>Pau-</strong></span> 
     </span>
    </p>
   </div>
   <div class='ocr_carea' id='block_1_55' title="bbox 890 665 1349 699">
    <p class='ocr_par' dir='ltr' id='par_1_55' title="bbox 890 665 1349 699">
     <span class='ocr_line' id='line_1_55' title="bbox 890 665 1349 699; baseline 0.004 -8"><span class='ocrx_word' id='word_1_378' title='bbox 890 665 945 692; x_wconf 89' lang='lat' dir='ltr'><strong>lum</strong></span> <span class='ocrx_word' id='word_1_379' title='bbox 962 666 1121 699; x_wconf 87' lang='lat' dir='ltr'><strong>sequimini,</strong></span> <span class='ocrx_word' id='word_1_380' title='bbox 1135 673 1168 693; x_wconf 89' lang='lat' dir='ltr'><strong>ac</strong></span> <span class='ocrx_word' id='word_1_381' title='bbox 1184 666 1244 693; x_wconf 85' lang='lat' dir='ltr'><strong>vice</strong></span> <span class='ocrx_word' id='word_1_382' title='bbox 1257 674 1349 694; x_wconf 80' lang='lat' dir='ltr'><strong>versa.</strong></span> 
     </span>
    </p>
   </div>
   <div class='ocr_carea' id='block_1_56' title="bbox 926 710 1678 742">
    <p class='ocr_par' dir='ltr' id='par_1_56' title="bbox 926 710 1678 742">
     <span class='ocr_line' id='line_1_56' title="bbox 926 710 1678 742; baseline 0.005 -5"><span class='ocrx_word' id='word_1_383' title='bbox 926 710 993 737; x_wconf 80' lang='lat' dir='ltr'><strong>Vlll.</strong></span> <span class='ocrx_word' id='word_1_384' title='bbox 1008 711 1037 738; x_wconf 87' lang='lat' dir='ltr'><strong>Si</strong></span> <span class='ocrx_word' id='word_1_385' title='bbox 1054 712 1198 738; x_wconf 84' lang='lat' dir='ltr'><strong>Christum</strong></span> <span class='ocrx_word' id='word_1_386' title='bbox 1215 712 1242 739; x_wconf 91' lang='lat' dir='ltr'><strong>in</strong></span> <span class='ocrx_word' id='word_1_387' title='bbox 1257 713 1399 740; x_wconf 86' lang='lat' dir='ltr'><strong>divinitate</strong></span> <span class='ocrx_word' id='word_1_388' title='bbox 1420 717 1448 740; x_wconf 92' lang='lat' dir='ltr'><strong>et</strong></span> <span class='ocrx_word' id='word_1_389' title='bbox 1465 713 1491 740; x_wconf 93' lang='lat' dir='ltr'><strong>in</strong></span> <span class='ocrx_word' id='word_1_390' title='bbox 1508 714 1678 742; x_wconf 80' lang='lat' dir='ltr'><strong>humanitate</strong></span> 
     </span>
    </p>
   </div>
   <div class='ocr_carea' id='block_1_57' title="bbox 889 757 1677 792">
    <p class='ocr_par' dir='ltr' id='par_1_57' title="bbox 889 757 1677 792">
     <span class='ocr_line' id='line_1_57' title="bbox 889 757 1677 792; baseline 0.003 -8"><span class='ocrx_word' id='word_1_391' title='bbox 889 757 1067 790; x_wconf 77' lang='lat' dir='ltr'><strong>conﬁtemini,</strong></span> <span class='ocrx_word' id='word_1_392' title='bbox 1095 766 1183 792; x_wconf 90' lang='lat' dir='ltr'><strong>neque</strong></span> <span class='ocrx_word' id='word_1_393' title='bbox 1210 758 1235 786; x_wconf 92' lang='lat' dir='ltr'><strong>id</strong></span> <span class='ocrx_word' id='word_1_394' title='bbox 1264 757 1342 786; x_wconf 79' lang='lat' dir='ltr'><strong>fateri</strong></span> <span class='ocrx_word' id='word_1_395' title='bbox 1358 759 1576 787; x_wconf 81' lang='lat' dir='ltr'><strong>dubitatiszcur</strong></span> <span class='ocrx_word' id='word_1_396' title='bbox 1601 761 1677 787; x_wconf 78' lang='lat' dir='ltr'><strong>refu-</strong></span> 
     </span>
    </p>
   </div>
   <div class='ocr_carea' id='block_1_58' title="bbox 890 802 1677 844">
    <p class='ocr_par' dir='ltr' id='par_1_58' title="bbox 890 802 1677 844">
     <span class='ocr_line' id='line_1_58' title="bbox 890 802 1677 844; baseline 0.006 -16"><span class='ocrx_word' id='word_1_397' title='bbox 890 802 951 836; x_wconf 76' lang='lat' dir='ltr'><strong>gitis</strong></span> <span class='ocrx_word' id='word_1_398' title='bbox 967 803 1058 829; x_wconf 84' lang='lat' dir='ltr'><strong>dicere</strong></span> <span class='ocrx_word' id='word_1_399' title='bbox 1084 803 1172 838; x_wconf 91' lang='lat' dir='ltr'><strong>ipsum</strong></span> <span class='ocrx_word' id='word_1_400' title='bbox 1186 812 1221 844; x_wconf 85' lang='lat' dir='ltr'><strong>un</strong></span> <span class='ocrx_word' id='word_1_401' title='bbox 1232 811 1246 830; x_wconf 87' lang='lat' dir='ltr'><strong>a</strong></span> <span class='ocrx_word' id='word_1_402' title='bbox 1257 804 1368 838; x_wconf 83' lang='lat' dir='ltr'><strong>quidem</strong></span> <span class='ocrx_word' id='word_1_403' title='bbox 1381 805 1581 837; x_wconf 81' lang='lat' dir='ltr'><strong>circumscribi,</strong></span> <span class='ocrx_word' id='word_1_404' title='bbox 1592 806 1677 833; x_wconf 85' lang='lat' dir='ltr'><strong>altera</strong></span> 
     </span>
    </p>
   </div>
   <div class='ocr_carea' id='block_1_59' title="bbox 853 846 1678 886">
    <p class='ocr_par' dir='ltr' id='par_1_59' title="bbox 853 846 1678 886">
     <span class='ocr_line' id='line_1_59' title="bbox 853 846 1678 886; baseline 0.007 -13"><span class='ocrx_word' id='word_1_405' title='bbox 853 846 874 873; x_wconf 89' lang='lat' dir='ltr'><strong>B</strong></span> <span class='ocrx_word' id='word_1_406' title='bbox 889 856 953 876; x_wconf 82' lang='lat' dir='ltr'><strong>vero</strong></span> <span class='ocrx_word' id='word_1_407' title='bbox 981 856 1034 875; x_wconf 92' lang='lat' dir='ltr'><strong>non</strong></span> <span class='ocrx_word' id='word_1_408' title='bbox 1052 849 1261 876; x_wconf 85' lang='lat' dir='ltr'><strong>circumscribi?</strong></span> <span class='ocrx_word' id='word_1_409' title='bbox 1278 857 1340 877; x_wconf 93' lang='lat' dir='ltr'><strong>cum</strong></span> <span class='ocrx_word' id='word_1_410' title='bbox 1363 851 1514 877; x_wconf 86' lang='lat' dir='ltr'><strong>noscitetur</strong></span> <span class='ocrx_word' id='word_1_411' title='bbox 1532 852 1678 886; x_wconf 84' lang='lat' dir='ltr'><strong>utriusque</strong></span> 
     </span>
    </p>
   </div>
   <div class='ocr_carea' id='block_1_60' title="bbox 888 895 1676 930">
    <p class='ocr_par' dir='ltr' id='par_1_60' title="bbox 888 895 1676 930">
     <span class='ocr_line' id='line_1_60' title="bbox 888 895 1676 930; baseline 0.004 -9"><span class='ocrx_word' id='word_1_412' title='bbox 888 899 995 922; x_wconf 69' lang='lat' dir='ltr'><strong>natum</strong></span> <span class='ocrx_word' id='word_1_413' title='bbox 1012 895 1178 930; x_wconf 83' lang='lat' dir='ltr'><strong>proprietate</strong></span> <span class='ocrx_word' id='word_1_414' title='bbox 1192 905 1198 922; x_wconf 90' lang='lat'><strong>:</strong></span> <span class='ocrx_word' id='word_1_415' title='bbox 1215 903 1246 923; x_wconf 85' lang='lat' dir='ltr'><strong>ea</strong></span> <span class='ocrx_word' id='word_1_416' title='bbox 1268 896 1379 930; x_wconf 84' lang='lat' dir='ltr'><strong>quidem</strong></span> <span class='ocrx_word' id='word_1_417' title='bbox 1398 904 1451 930; x_wconf 86' lang='lat' dir='ltr'><strong>qua</strong></span> <span class='ocrx_word' id='word_1_418' title='bbox 1466 897 1537 924; x_wconf 87' lang='lat' dir='ltr'><strong>Deus</strong></span> <span class='ocrx_word' id='word_1_419' title='bbox 1551 902 1603 930; x_wconf 85' lang='lat' dir='ltr'><strong>est,</strong></span> <span class='ocrx_word' id='word_1_420' title='bbox 1621 899 1676 924; x_wconf 91' lang='lat' dir='ltr'><strong>cir-</strong></span> 
     </span>
    </p>
   </div>
   <div class='ocr_carea' id='block_1_61' title="bbox 888 942 1678 978">
    <p class='ocr_par' dir='ltr' id='par_1_61' title="bbox 888 942 1678 978">
     <span class='ocr_line' id='line_1_61' title="bbox 888 942 1678 978; baseline 0.005 -11"><span class='ocrx_word' id='word_1_421' title='bbox 888 942 1130 976; x_wconf 86' lang='lat' dir='ltr'><strong>cumscriptionem</strong></span> <span class='ocrx_word' id='word_1_422' title='bbox 1159 942 1271 976; x_wconf 89' lang='lat' dir='ltr'><strong>perinde</strong></span> <span class='ocrx_word' id='word_1_423' title='bbox 1300 946 1330 969; x_wconf 90' lang='lat' dir='ltr'><strong>ut</strong></span> <span class='ocrx_word' id='word_1_424' title='bbox 1356 948 1498 977; x_wconf 82' lang='lat' dir='ltr'><strong>aspectum</strong></span> <span class='ocrx_word' id='word_1_425' title='bbox 1512 949 1540 970; x_wconf 91' lang='lat' dir='ltr'><strong>et</strong></span> <span class='ocrx_word' id='word_1_426' title='bbox 1553 952 1678 978; x_wconf 73' lang='lat' dir='ltr'><strong>compre-</strong></span> 
     </span>
    </p>
   </div>
   <div class='ocr_carea' id='block_1_62' title="bbox 889 985 1676 1022">
    <p class='ocr_par' dir='ltr' id='par_1_62' title="bbox 889 985 1676 1022">
     <span class='ocr_line' id='line_1_62' title="bbox 889 985 1676 1022; baseline 0.004 -10"><span class='ocrx_word' id='word_1_427' title='bbox 889 985 1047 1013; x_wconf 84' lang='lat' dir='ltr'><strong>hcnsionem</strong></span> <span class='ocrx_word' id='word_1_428' title='bbox 1064 987 1198 1014; x_wconf 80' lang='lat' dir='ltr'><strong>excedens</strong></span> <span class='ocrx_word' id='word_1_429' title='bbox 1214 995 1221 1013; x_wconf 94' lang='lat'>:</span> <span class='ocrx_word' id='word_1_430' title='bbox 1235 995 1268 1014; x_wconf 91' lang='lat' dir='ltr'><strong>ea</strong></span> <span class='ocrx_word' id='word_1_431' title='bbox 1284 994 1348 1014; x_wconf 89' lang='lat' dir='ltr'><strong>vero</strong></span> <span class='ocrx_word' id='word_1_432' title='bbox 1362 995 1415 1022; x_wconf 93' lang='lat' dir='ltr'><strong>qua</strong></span> <span class='ocrx_word' id='word_1_433' title='bbox 1444 989 1525 1014; x_wconf 86' lang='lat' dir='ltr'><strong>homo</strong></span> <span class='ocrx_word' id='word_1_434' title='bbox 1547 993 1603 1021; x_wconf 86' lang='lat' dir='ltr'><strong>est,</strong></span> <span class='ocrx_word' id='word_1_435' title='bbox 1620 989 1676 1015; x_wconf 80' lang='lat' dir='ltr'><strong>cir-</strong></span> 
     </span>
    </p>
   </div>
   <div class='ocr_carea' id='block_1_63' title="bbox 888 1032 1678 1069">
    <p class='ocr_par' dir='ltr' id='par_1_63' title="bbox 888 1032 1678 1069">
     <span class='ocr_line' id='line_1_63' title="bbox 888 1032 1678 1069; baseline 0.005 -11"><span class='ocrx_word' id='word_1_436' title='bbox 888 1032 1091 1067; x_wconf 85' lang='lat' dir='ltr'><strong>cumscriptioni</strong></span> <span class='ocrx_word' id='word_1_437' title='bbox 1133 1033 1246 1068; x_wconf 89' lang='lat' dir='ltr'><strong>perinde</strong></span> <span class='ocrx_word' id='word_1_438' title='bbox 1262 1038 1291 1060; x_wconf 91' lang='lat' dir='ltr'><strong>ut</strong></span> <span class='ocrx_word' id='word_1_439' title='bbox 1329 1034 1453 1068; x_wconf 83' lang='lat' dir='ltr'><strong>aspectui</strong></span> <span class='ocrx_word' id='word_1_440' title='bbox 1488 1038 1516 1061; x_wconf 93' lang='lat' dir='ltr'><strong>et</strong></span> <span class='ocrx_word' id='word_1_441' title='bbox 1552 1035 1678 1069; x_wconf 82' lang='lat' dir='ltr'><strong>qualitati</strong></span> 
     </span>
    </p>
   </div>
   <div class='ocr_carea' id='block_1_64' title="bbox 889 1078 1678 1111">
    <p class='ocr_par' dir='ltr' id='par_1_64' title="bbox 889 1078 1678 1111">
     <span class='ocr_line' id='line_1_64' title="bbox 889 1078 1678 1111; baseline 0.004 -6"><span class='ocrx_word' id='word_1_442' title='bbox 889 1078 1031 1111; x_wconf 75' lang='lat' dir='ltr'><strong>subjectus-</strong></span> <span class='ocrx_word' id='word_1_443' title='bbox 1050 1087 1056 1105; x_wconf 88' lang='lat'>:</span> <span class='ocrx_word' id='word_1_444' title='bbox 1073 1079 1126 1105; x_wconf 91' lang='lat' dir='ltr'><strong>nisi</strong></span> <span class='ocrx_word' id='word_1_445' title='bbox 1142 1078 1211 1106; x_wconf 79' lang='lat' dir='ltr'><strong>forte</strong></span> <span class='ocrx_word' id='word_1_446' title='bbox 1227 1086 1276 1106; x_wconf 90' lang='lat' dir='ltr'><strong>vos</strong></span> <span class='ocrx_word' id='word_1_447' title='bbox 1289 1079 1429 1106; x_wconf 87' lang='lat' dir='ltr'><strong>Christum</strong></span> <span class='ocrx_word' id='word_1_448' title='bbox 1444 1079 1471 1106; x_wconf 93' lang='lat' dir='ltr'><strong>in</strong></span> <span class='ocrx_word' id='word_1_449' title='bbox 1492 1080 1635 1108; x_wconf 83' lang='lat' dir='ltr'><strong>divinitate</strong></span> <span class='ocrx_word' id='word_1_450' title='bbox 1651 1086 1678 1109; x_wconf 90' lang='lat' dir='ltr'><strong>et</strong></span> 
     </span>
    </p>
   </div>
   <div class='ocr_carea' id='block_1_65' title="bbox 890 1123 1677 1158">
    <p class='ocr_par' dir='ltr' id='par_1_65' title="bbox 890 1123 1677 1158">
     <span class='ocr_line' id='line_1_65' title="bbox 890 1123 1677 1158; baseline 0.004 -10"><span class='ocrx_word' id='word_1_451' title='bbox 890 1123 1060 1150; x_wconf 82' lang='lat' dir='ltr'><strong>humanitate</strong></span> <span class='ocrx_word' id='word_1_452' title='bbox 1070 1123 1189 1151; x_wconf 79' lang='lat' dir='ltr'><strong>confessi</strong></span> <span class='ocrx_word' id='word_1_453' title='bbox 1202 1131 1268 1151; x_wconf 83' lang='lat' dir='ltr'><strong>voce</strong></span> <span class='ocrx_word' id='word_1_454' title='bbox 1281 1128 1374 1155; x_wconf 81' lang='lat' dir='ltr'><strong>tenus,</strong></span> <span class='ocrx_word' id='word_1_455' title='bbox 1394 1124 1585 1158; x_wconf 86' lang='lat' dir='ltr'><strong>incorporeum</strong></span> <span class='ocrx_word' id='word_1_456' title='bbox 1601 1125 1677 1151; x_wconf 91' lang='lat' dir='ltr'><strong>illum</strong></span> 
     </span>
    </p>
   </div>
   <div class='ocr_carea' id='block_1_66' title="bbox 889 1167 1678 1202">
    <p class='ocr_par' dir='ltr' id='par_1_66' title="bbox 889 1167 1678 1202">
     <span class='ocr_line' id='line_1_66' title="bbox 889 1167 1678 1202; baseline 0.004 -9"><span class='ocrx_word' id='word_1_457' title='bbox 889 1171 978 1194; x_wconf 85' lang='lat' dir='ltr'><strong>astute</strong></span> <span class='ocrx_word' id='word_1_458' title='bbox 994 1167 1154 1202; x_wconf 78' lang='lat' dir='ltr'><strong>intelligitis,</strong></span> <span class='ocrx_word' id='word_1_459' title='bbox 1175 1175 1207 1194; x_wconf 91' lang='lat' dir='ltr'><strong>ac</strong></span> <span class='ocrx_word' id='word_1_460' title='bbox 1228 1173 1369 1202; x_wconf 83' lang='lat' dir='ltr'><strong>propterea</strong></span> <span class='ocrx_word' id='word_1_461' title='bbox 1387 1168 1498 1202; x_wconf 73' lang='lat' dir='ltr'><strong>(igurari</strong></span> <span class='ocrx_word' id='word_1_462' title='bbox 1516 1176 1569 1195; x_wconf 91' lang='lat' dir='ltr'><strong>nou</strong></span> <span class='ocrx_word' id='word_1_463' title='bbox 1587 1176 1678 1202; x_wconf 74' lang='lat' dir='ltr'><strong>posse.</strong></span> 
     </span>
    </p>
   </div>
   <div class='ocr_carea' id='block_1_67' title="bbox 925 1211 1676 1248">
    <p class='ocr_par' dir='ltr' id='par_1_67' title="bbox 925 1211 1676 1248">
     <span class='ocr_line' id='line_1_67' title="bbox 925 1211 1676 1248; baseline 0.005 -10"><span class='ocrx_word' id='word_1_464' title='bbox 925 1211 969 1239; x_wconf 72' lang='lat' dir='ltr'><strong>IX.</strong></span> <span class='ocrx_word' id='word_1_465' title='bbox 982 1211 1052 1239; x_wconf 87' lang='lat' dir='ltr'><strong>Num</strong></span> <span class='ocrx_word' id='word_1_466' title='bbox 1069 1213 1234 1240; x_wconf 81' lang='lat' dir='ltr'><strong>existimatis</strong></span> <span class='ocrx_word' id='word_1_467' title='bbox 1251 1213 1324 1240; x_wconf 89' lang='lat' dir='ltr'><strong>aliud</strong></span> <span class='ocrx_word' id='word_1_468' title='bbox 1341 1221 1402 1240; x_wconf 88' lang='lat' dir='ltr'><strong>esse</strong></span> <span class='ocrx_word' id='word_1_469' title='bbox 1420 1214 1445 1240; x_wconf 89' lang='lat' dir='ltr'><strong>id</strong></span> <span class='ocrx_word' id='word_1_470' title='bbox 1462 1215 1535 1248; x_wconf 87' lang='lat' dir='ltr'><strong>quod</strong></span> <span class='ocrx_word' id='word_1_471' title='bbox 1552 1215 1676 1248; x_wconf 74' lang='lat' dir='ltr'><strong>simplex,</strong></span> 
     </span>
    </p>
   </div>
   <div class='ocr_carea' id='block_1_68' title="bbox 889 1257 1676 1292">
    <p class='ocr_par' dir='ltr' id='par_1_68' title="bbox 889 1257 1676 1292">
     <span class='ocr_line' id='line_1_68' title="bbox 889 1257 1676 1292; baseline 0.005 -9"><span class='ocrx_word' id='word_1_472' title='bbox 889 1257 962 1283; x_wconf 84' lang='lat' dir='ltr'><strong>aliud</strong></span> <span class='ocrx_word' id='word_1_473' title='bbox 975 1258 1046 1291; x_wconf 83' lang='lat' dir='ltr'><strong>quod</strong></span> <span class='ocrx_word' id='word_1_474' title='bbox 1061 1259 1244 1292; x_wconf 82' lang='lat' dir='ltr'><strong>compositum</strong></span> <span class='ocrx_word' id='word_1_475' title='bbox 1258 1266 1292 1284; x_wconf 90' lang='lat' dir='ltr'><strong>an</strong></span> <span class='ocrx_word' id='word_1_476' title='bbox 1305 1263 1456 1292; x_wconf 83' lang='lat' dir='ltr'><strong>utrumque</strong></span> <span class='ocrx_word' id='word_1_477' title='bbox 1470 1258 1540 1285; x_wconf 89' lang='lat' dir='ltr'><strong>idetn</strong></span> <span class='ocrx_word' id='word_1_478' title='bbox 1558 1263 1637 1286; x_wconf 74' lang='lat' dir='ltr'><strong>esse?</strong></span> <span class='ocrx_word' id='word_1_479' title='bbox 1649 1260 1676 1287; x_wconf 89' lang='lat' dir='ltr'><strong>Si</strong></span> 
     </span>
    </p>
   </div>
   <div class='ocr_carea' id='block_1_69' title="bbox 890 1304 1678 1339">
    <p class='ocr_par' dir='ltr' id='par_1_69' title="bbox 890 1304 1678 1339">
     <span class='ocr_line' id='line_1_69' title="bbox 890 1304 1678 1339; baseline 0.005 -10"><span class='ocrx_word' id='word_1_480' title='bbox 890 1304 1021 1337; x_wconf 81' lang='lat' dir='ltr'><strong>primunt,</strong></span> <span class='ocrx_word' id='word_1_481' title='bbox 1041 1305 1155 1331; x_wconf 80' lang='lat' dir='ltr'><strong>utnnino</strong></span> <span class='ocrx_word' id='word_1_482' title='bbox 1171 1304 1311 1331; x_wconf 67' lang='lat' dir='ltr'><strong>Christum</strong></span> <span class='ocrx_word' id='word_1_483' title='bbox 1337 1304 1579 1339; x_wconf 77' lang='lat' dir='ltr'><strong>circumscriptum</strong></span> <span class='ocrx_word' id='word_1_484' title='bbox 1596 1311 1622 1333; x_wconf 91' lang='lat' dir='ltr'><strong>et</strong></span> <span class='ocrx_word' id='word_1_485' title='bbox 1638 1307 1678 1333; x_wconf 92' lang='lat' dir='ltr'><strong>in-</strong></span> 
     </span>
    </p>
   </div>
   <div class='ocr_carea' id='block_1_70' title="bbox 890 1350 1679 1387">
    <p class='ocr_par' dir='ltr' id='par_1_70' title="bbox 890 1350 1679 1387">
     <span class='ocr_line' id='line_1_70' title="bbox 890 1350 1679 1387; baseline 0.004 -11"><span class='ocrx_word' id='word_1_486' title='bbox 890 1350 1128 1384; x_wconf 89' lang='lat' dir='ltr'><strong>circumscriptunt</strong></span> <span class='ocrx_word' id='word_1_487' title='bbox 1147 1351 1292 1378; x_wconf 87' lang='lat' dir='ltr'><strong>ttobiscum</strong></span> <span class='ocrx_word' id='word_1_488' title='bbox 1306 1351 1531 1387; x_wconf 79' lang='lat' dir='ltr'><strong>dicitote,ntpote</strong></span> <span class='ocrx_word' id='word_1_489' title='bbox 1550 1360 1581 1379; x_wconf 84' lang='lat' dir='ltr'><strong>ex</strong></span> <span class='ocrx_word' id='word_1_490' title='bbox 1602 1357 1679 1379; x_wconf 77' lang='lat' dir='ltr'><strong>ntro-</strong></span> 
     </span>
    </p>
   </div>
   <div class='ocr_carea' id='block_1_71' title="bbox 890 1397 1678 1431">
    <p class='ocr_par' dir='ltr' id='par_1_71' title="bbox 890 1397 1678 1431">
     <span class='ocr_line' id='line_1_71' title="bbox 890 1397 1678 1431; baseline 0.005 -10"><span class='ocrx_word' id='word_1_491' title='bbox 890 1403 942 1430; x_wconf 82' lang='lat' dir='ltr'><strong>que</strong></span> <span class='ocrx_word' id='word_1_492' title='bbox 958 1401 1130 1422; x_wconf 73' lang='lat' dir='ltr'><strong>commutent</strong></span> <span class='ocrx_word' id='word_1_493' title='bbox 1149 1405 1155 1423; x_wconf 86' lang='lat'><strong>:</strong></span> <span class='ocrx_word' id='word_1_494' title='bbox 1171 1404 1234 1423; x_wconf 80' lang='lat' dir='ltr'><strong>nam</strong></span> <span class='ocrx_word' id='word_1_495' title='bbox 1251 1397 1278 1423; x_wconf 93' lang='lat' dir='ltr'><strong>in</strong></span> <span class='ocrx_word' id='word_1_496' title='bbox 1293 1397 1508 1431; x_wconf 85' lang='lat' dir='ltr'><strong>proprietatibus</strong></span> <span class='ocrx_word' id='word_1_497' title='bbox 1531 1400 1678 1425; x_wconf 60' lang='lat' dir='ltr'><strong>contrariis</strong></span> 
     </span>
    </p>
   </div>
   <div class='ocr_carea' id='block_1_72' title="bbox 891 1442 1680 1478">
    <p class='ocr_par' dir='ltr' id='par_1_72' title="bbox 891 1442 1680 1478">
     <span class='ocr_line' id='line_1_72' title="bbox 891 1442 1680 1478; baseline 0.004 -10"><span class='ocrx_word' id='word_1_498' title='bbox 891 1446 1031 1475; x_wconf 81' lang='lat' dir='ltr'><strong>spectatur</strong></span> <span class='ocrx_word' id='word_1_499' title='bbox 1047 1448 1145 1469; x_wconf 86' lang='lat' dir='ltr'><strong>natura</strong></span> <span class='ocrx_word' id='word_1_500' title='bbox 1163 1442 1318 1477; x_wconf 82' lang='lat' dir='ltr'><strong>utriusque,</strong></span> <span class='ocrx_word' id='word_1_501' title='bbox 1335 1443 1469 1478; x_wconf 87' lang='lat' dir='ltr'><strong>simplicis</strong></span> <span class='ocrx_word' id='word_1_502' title='bbox 1489 1444 1551 1471; x_wconf 88' lang='lat' dir='ltr'><strong>dico</strong></span> <span class='ocrx_word' id='word_1_503' title='bbox 1564 1449 1591 1471; x_wconf 90' lang='lat' dir='ltr'><strong>et</strong></span> <span class='ocrx_word' id='word_1_504' title='bbox 1604 1452 1680 1471; x_wconf 81' lang='lat' dir='ltr'><strong>COIN-</strong></span> 
     </span>
    </p>
   </div>
   <div class='ocr_carea' id='block_1_73' title="bbox 891 1487 1676 1522">
    <p class='ocr_par' dir='ltr' id='par_1_73' title="bbox 891 1487 1676 1522">
     <span class='ocr_line' id='line_1_73' title="bbox 891 1487 1676 1522; baseline 0.006 -9"><span class='ocrx_word' id='word_1_505' title='bbox 891 1487 983 1522; x_wconf 73' lang='lat' dir='ltr'><strong>pusiti,</strong></span> <span class='ocrx_word' id='word_1_506' title='bbox 1011 1492 1076 1522; x_wconf 88' lang='lat' dir='ltr'><strong>puta</strong></span> <span class='ocrx_word' id='word_1_507' title='bbox 1103 1488 1254 1516; x_wconf 82' lang='lat' dir='ltr'><strong>divinitatis</strong></span> <span class='ocrx_word' id='word_1_508' title='bbox 1282 1493 1309 1516; x_wconf 88' lang='lat' dir='ltr'><strong>et</strong></span> <span class='ocrx_word' id='word_1_509' title='bbox 1337 1489 1527 1517; x_wconf 86' lang='lat' dir='ltr'><strong>humanitatis.</strong></span> <span class='ocrx_word' id='word_1_510' title='bbox 1545 1490 1621 1518; x_wconf 85' lang='lat' dir='ltr'><strong>Sicut</strong></span> <span class='ocrx_word' id='word_1_511' title='bbox 1650 1491 1676 1517; x_wconf 93' lang='lat' dir='ltr'><strong>in</strong></span> 
     </span>
    </p>
   </div>
   <div class='ocr_carea' id='block_1_74' title="bbox 890 1532 1678 1570">
    <p class='ocr_par' dir='ltr' id='par_1_74' title="bbox 890 1532 1678 1570">
     <span class='ocr_line' id='line_1_74' title="bbox 890 1532 1678 1570; baseline 0.005 -11"><span class='ocrx_word' id='word_1_512' title='bbox 890 1532 960 1567; x_wconf 71' lang='lat' dir='ltr'><strong>ignis</strong></span> <span class='ocrx_word' id='word_1_513' title='bbox 981 1537 1008 1560; x_wconf 75' lang='lat' dir='ltr'><strong>et</strong></span> <span class='ocrx_word' id='word_1_514' title='bbox 1023 1541 1101 1567; x_wconf 74' lang='lat' dir='ltr'><strong>aqua:</strong></span> <span class='ocrx_word' id='word_1_515' title='bbox 1120 1534 1255 1569; x_wconf 80' lang='lat' dir='ltr'><strong>exemplo,</strong></span> <span class='ocrx_word' id='word_1_516' title='bbox 1273 1542 1362 1568; x_wconf 85' lang='lat' dir='ltr'><strong>neque</strong></span> <span class='ocrx_word' id='word_1_517' title='bbox 1378 1535 1449 1570; x_wconf 79' lang='lat' dir='ltr'><strong>ignis</strong></span> <span class='ocrx_word' id='word_1_518' title='bbox 1467 1536 1593 1563; x_wconf 88' lang='lat' dir='ltr'><strong>deorsum</strong></span> <span class='ocrx_word' id='word_1_519' title='bbox 1612 1536 1678 1563; x_wconf 81' lang='lat' dir='ltr'><strong>ltili-</strong></span> 
     </span>
    </p>
   </div>
   <div class='ocr_carea' id='block_1_75' title="bbox 890 1581 1678 1615">
    <p class='ocr_par' dir='ltr' id='par_1_75' title="bbox 890 1581 1678 1615">
     <span class='ocr_line' id='line_1_75' title="bbox 890 1581 1678 1615; baseline 0.005 -11"><span class='ocrx_word' id='word_1_520' title='bbox 890 1583 946 1608; x_wconf 86' lang='lat' dir='ltr'><strong>tut&#39;.</strong></span> <span class='ocrx_word' id='word_1_521' title='bbox 968 1587 1057 1613; x_wconf 85' lang='lat' dir='ltr'><strong>neque</strong></span> <span class='ocrx_word' id='word_1_522' title='bbox 1085 1587 1155 1614; x_wconf 79' lang='lat' dir='ltr'><strong>aqua</strong></span> <span class='ocrx_word' id='word_1_523' title='bbox 1183 1587 1294 1606; x_wconf 81' lang='lat' dir='ltr'><strong>sursum</strong></span> <span class='ocrx_word' id='word_1_524' title='bbox 1318 1581 1409 1606; x_wconf 81' lang='lat' dir='ltr'><strong>evolat</strong></span> <span class='ocrx_word' id='word_1_525' title='bbox 1426 1590 1433 1607; x_wconf 85' lang='lat'>:</span> <span class='ocrx_word' id='word_1_526' title='bbox 1453 1588 1540 1615; x_wconf 84' lang='lat' dir='ltr'><strong>neque</strong></span> <span class='ocrx_word' id='word_1_527' title='bbox 1569 1581 1678 1609; x_wconf 80' lang='lat' dir='ltr'><strong>siccitas</strong></span> 
     </span>
    </p>
   </div>
   <div class='ocr_carea' id='block_1_76' title="bbox 888 1624 1676 1661">
    <p class='ocr_par' dir='ltr' id='par_1_76' title="bbox 888 1624 1676 1661">
     <span class='ocr_line' id='line_1_76' title="bbox 888 1624 1676 1661; baseline 0.003 -10"><span class='ocrx_word' id='word_1_528' title='bbox 888 1628 930 1651; x_wconf 88' lang='lat' dir='ltr'><strong>cst</strong></span> <span class='ocrx_word' id='word_1_529' title='bbox 945 1624 1105 1657; x_wconf 87' lang='lat' dir='ltr'><strong>humiditas,</strong></span> <span class='ocrx_word' id='word_1_530' title='bbox 1121 1633 1209 1660; x_wconf 81' lang='lat' dir='ltr'><strong>neque</strong></span> <span class='ocrx_word' id='word_1_531' title='bbox 1229 1626 1378 1652; x_wconf 88' lang='lat' dir='ltr'><strong>butniditas</strong></span> <span class='ocrx_word' id='word_1_532' title='bbox 1392 1626 1513 1653; x_wconf 87' lang='lat' dir='ltr'><strong>siccitas.</strong></span> <span class='ocrx_word' id='word_1_533' title='bbox 1531 1625 1616 1661; x_wconf 74' lang='lat' dir='ltr'><strong>Igitur</strong></span> <span class='ocrx_word' id='word_1_534' title='bbox 1627 1635 1676 1654; x_wconf 88' lang='lat' dir='ltr'><strong>ne-</strong></span> 
     </span>
    </p>
   </div>
   <div class='ocr_carea' id='block_1_77' title="bbox 889 1670 1677 1706">
    <p class='ocr_par' dir='ltr' id='par_1_77' title="bbox 889 1670 1677 1706">
     <span class='ocr_line' id='line_1_77' title="bbox 889 1670 1677 1706; baseline 0.005 -11"><span class='ocrx_word' id='word_1_535' title='bbox 889 1676 941 1703; x_wconf 89' lang='lat' dir='ltr'><strong>que</strong></span> <span class='ocrx_word' id='word_1_536' title='bbox 967 1670 1186 1704; x_wconf 88' lang='lat' dir='ltr'><strong>circumscriptio</strong></span> <span class='ocrx_word' id='word_1_537' title='bbox 1214 1675 1256 1698; x_wconf 87' lang='lat' dir='ltr'><strong>est</strong></span> <span class='ocrx_word' id='word_1_538' title='bbox 1273 1679 1326 1697; x_wconf 91' lang='lat' dir='ltr'><strong>non</strong></span> <span class='ocrx_word' id='word_1_539' title='bbox 1346 1679 1426 1705; x_wconf 88' lang='lat' dir='ltr'><strong>posse</strong></span> <span class='ocrx_word' id='word_1_540' title='bbox 1452 1671 1572 1706; x_wconf 81' lang='lat' dir='ltr'><strong>ﬁgurari,</strong></span> <span class='ocrx_word' id='word_1_541' title='bbox 1589 1679 1677 1706; x_wconf 86' lang='lat' dir='ltr'><strong>neque</strong></span> 
     </span>
    </p>
   </div>
   <div class='ocr_carea' id='block_1_78' title="bbox 890 1716 1676 1751">
    <p class='ocr_par' dir='ltr' id='par_1_78' title="bbox 890 1716 1676 1751">
     <span class='ocr_line' id='line_1_78' title="bbox 890 1716 1676 1751; baseline 0.005 -10"><span class='ocrx_word' id='word_1_542' title='bbox 890 1722 944 1741; x_wconf 88' lang='lat' dir='ltr'><strong>non</strong></span> <span class='ocrx_word' id='word_1_543' title='bbox 975 1723 1056 1751; x_wconf 86' lang='lat' dir='ltr'><strong>posse</strong></span> <span class='ocrx_word' id='word_1_544' title='bbox 1083 1716 1194 1751; x_wconf 81' lang='lat' dir='ltr'><strong>ﬁgurari</strong></span> <span class='ocrx_word' id='word_1_545' title='bbox 1225 1716 1446 1751; x_wconf 80' lang='lat' dir='ltr'><strong>circumscriptio</strong></span> <span class='ocrx_word' id='word_1_546' title='bbox 1477 1721 1528 1744; x_wconf 85' lang='lat' dir='ltr'><strong>est.</strong></span> <span class='ocrx_word' id='word_1_547' title='bbox 1553 1718 1676 1745; x_wconf 80' lang='lat' dir='ltr'><strong>Alterum</strong></span> 
     </span>
    </p>
   </div>
   <div class='ocr_carea' id='block_1_79' title="bbox 891 1761 1677 1797">
    <p class='ocr_par' dir='ltr' id='par_1_79' title="bbox 891 1761 1677 1797">
     <span class='ocr_line' id='line_1_79' title="bbox 891 1761 1677 1797; baseline 0.004 -10"><span class='ocrx_word' id='word_1_548' title='bbox 891 1761 964 1787; x_wconf 93' lang='lat' dir='ltr'><strong>enim</strong></span> <span class='ocrx_word' id='word_1_549' title='bbox 980 1761 1057 1788; x_wconf 89' lang='lat' dir='ltr'><strong>alteri</strong></span> <span class='ocrx_word' id='word_1_550' title='bbox 1074 1769 1156 1796; x_wconf 87' lang='lat' dir='ltr'><strong>quam</strong></span> <span class='ocrx_word' id='word_1_551' title='bbox 1175 1762 1294 1789; x_wconf 66' lang='lat' dir='ltr'><strong>maxime</strong></span> <span class='ocrx_word' id='word_1_552' title='bbox 1309 1763 1457 1797; x_wconf 90' lang='lat' dir='ltr'><strong>opponitur</strong></span> <span class='ocrx_word' id='word_1_553' title='bbox 1475 1763 1594 1790; x_wconf 88' lang='lat' dir='ltr'><strong>naturali</strong></span> <span class='ocrx_word' id='word_1_554' title='bbox 1610 1771 1677 1790; x_wconf 86' lang='lat' dir='ltr'><strong>con-</strong></span> 
     </span>
    </p>
   </div>
   <div class='ocr_carea' id='block_1_80' title="bbox 891 1802 1678 1841">
    <p class='ocr_par' dir='ltr' id='par_1_80' title="bbox 891 1802 1678 1841">
     <span class='ocr_line' id='line_1_80' title="bbox 891 1802 1678 1841; baseline 0.004 -9"><span class='ocrx_word' id='word_1_555' title='bbox 891 1802 1032 1833; x_wconf 84' lang='lat' dir='ltr'><strong>trarietate</strong></span> <span class='ocrx_word' id='word_1_556' title='bbox 1047 1815 1054 1833; x_wconf 88' lang='lat'><strong>:</strong></span> <span class='ocrx_word' id='word_1_557' title='bbox 1071 1814 1132 1841; x_wconf 68' lang='lat' dir='ltr'><strong>quae</strong></span> <span class='ocrx_word' id='word_1_558' title='bbox 1149 1807 1235 1834; x_wconf 88' lang='lat' dir='ltr'><strong>multo</strong></span> <span class='ocrx_word' id='word_1_559' title='bbox 1257 1807 1338 1833; x_wconf 82' lang='lat' dir='ltr'><strong>etiam</strong></span> <span class='ocrx_word' id='word_1_560' title='bbox 1355 1807 1441 1841; x_wconf 83' lang='lat' dir='ltr'><strong>major</strong></span> <span class='ocrx_word' id='word_1_561' title='bbox 1457 1812 1498 1835; x_wconf 88' lang='lat' dir='ltr'><strong>est</strong></span> <span class='ocrx_word' id='word_1_562' title='bbox 1515 1808 1540 1834; x_wconf 91' lang='lat' dir='ltr'><strong>in</strong></span> <span class='ocrx_word' id='word_1_563' title='bbox 1560 1808 1609 1838; x_wconf 72' lang='lat' dir='ltr'><strong>hoc</strong></span> <span class='ocrx_word' id='word_1_564' title='bbox 1623 1814 1678 1835; x_wconf 88' lang='lat' dir='ltr'><strong>tcr-</strong></span> 
     </span>
    </p>
   </div>
   <div class='ocr_carea' id='block_1_81' title="bbox 891 1851 1679 1886">
    <p class='ocr_par' dir='ltr' id='par_1_81' title="bbox 891 1851 1679 1886">
     <span class='ocr_line' id='line_1_81' title="bbox 891 1851 1679 1886; baseline 0.003 -8"><span class='ocrx_word' id='word_1_565' title='bbox 891 1852 928 1879; x_wconf 90' lang='lat' dir='ltr'><strong>tio</strong></span> <span class='ocrx_word' id='word_1_566' title='bbox 947 1860 1030 1886; x_wconf 88' lang='lat' dir='ltr'><strong>quam</strong></span> <span class='ocrx_word' id='word_1_567' title='bbox 1057 1852 1084 1879; x_wconf 93' lang='lat' dir='ltr'><strong>in</strong></span> <span class='ocrx_word' id='word_1_568' title='bbox 1113 1852 1168 1879; x_wconf 87' lang='lat' dir='ltr'><strong>illis</strong></span> <span class='ocrx_word' id='word_1_569' title='bbox 1189 1852 1308 1880; x_wconf 86' lang='lat' dir='ltr'><strong>duobus.</strong></span> <span class='ocrx_word' id='word_1_570' title='bbox 1327 1851 1355 1878; x_wconf 90' lang='lat' dir='ltr'><strong>Si</strong></span> <span class='ocrx_word' id='word_1_571' title='bbox 1373 1857 1465 1879; x_wconf 85' lang='lat' dir='ltr'><strong>autem</strong></span> <span class='ocrx_word' id='word_1_572' title='bbox 1482 1854 1582 1880; x_wconf 88' lang='lat' dir='ltr'><strong>dicatis</strong></span> <span class='ocrx_word' id='word_1_573' title='bbox 1596 1854 1679 1880; x_wconf 84' lang='lat' dir='ltr'><strong>incir-</strong></span> 
     </span>
    </p>
   </div>
   <div class='ocr_carea' id='block_1_82' title="bbox 887 1897 1679 1935">
    <p class='ocr_par' dir='ltr' id='par_1_82' title="bbox 887 1897 1679 1935">
     <span class='ocr_line' id='line_1_82' title="bbox 887 1897 1679 1935; baseline 0.004 -12"><span class='ocrx_word' id='word_1_574' title='bbox 887 1898 1083 1931; x_wconf 86' lang='lat' dir='ltr'><strong>cumscriptum</strong></span> <span class='ocrx_word' id='word_1_575' title='bbox 1095 1897 1239 1929; x_wconf 78' lang='lat' dir='ltr'><strong>duntaxat,</strong></span> <span class='ocrx_word' id='word_1_576' title='bbox 1253 1897 1390 1932; x_wconf 90' lang='lat' dir='ltr'><strong>quomodo</strong></span> <span class='ocrx_word' id='word_1_577' title='bbox 1401 1906 1453 1924; x_wconf 90' lang='lat' dir='ltr'><strong>non</strong></span> <span class='ocrx_word' id='word_1_578' title='bbox 1463 1899 1613 1926; x_wconf 88' lang='lat' dir='ltr'><strong>secundmn</strong></span> <span class='ocrx_word' id='word_1_579' title='bbox 1629 1908 1679 1935; x_wconf 82' lang='lat' dir='ltr'><strong>po-</strong></span> 
     </span>
    </p>
   </div>
   <div class='ocr_carea' id='block_1_83' title="bbox 887 1942 1677 1978">
    <p class='ocr_par' dir='ltr' id='par_1_83' title="bbox 887 1942 1677 1978">
     <span class='ocr_line' id='line_1_83' title="bbox 887 1942 1677 1978; baseline 0.004 -10"><span class='ocrx_word' id='word_1_580' title='bbox 887 1942 972 1969; x_wconf 84' lang='lat' dir='ltr'><strong>nitis?</strong></span> <span class='ocrx_word' id='word_1_581' title='bbox 985 1943 1024 1969; x_wconf 83' lang='lat' dir='ltr'><strong>Ac</strong></span> <span class='ocrx_word' id='word_1_582' title='bbox 1037 1943 1100 1970; x_wconf 88' lang='lat' dir='ltr'><strong>licet</strong></span> <span class='ocrx_word' id='word_1_583' title='bbox 1115 1943 1140 1969; x_wconf 93' lang='lat' dir='ltr'><strong>id</strong></span> <span class='ocrx_word' id='word_1_584' title='bbox 1156 1950 1208 1969; x_wconf 91' lang='lat' dir='ltr'><strong>non</strong></span> <span class='ocrx_word' id='word_1_585' title='bbox 1227 1943 1336 1974; x_wconf 85' lang='lat' dir='ltr'><strong>dicatis.</strong></span> <span class='ocrx_word' id='word_1_586' title='bbox 1354 1943 1474 1971; x_wconf 87' lang='lat' dir='ltr'><strong>statuitis</strong></span> <span class='ocrx_word' id='word_1_587' title='bbox 1490 1944 1584 1978; x_wconf 84' lang='lat' dir='ltr'><strong>utique</strong></span> <span class='ocrx_word' id='word_1_588' title='bbox 1596 1952 1677 1971; x_wconf 77' lang='lat' dir='ltr'><strong>tinam</strong></span> 
     </span>
    </p>
   </div>
   <div class='ocr_carea' id='block_1_84' title="bbox 887 1988 1678 2025">
    <p class='ocr_par' dir='ltr' id='par_1_84' title="bbox 887 1988 1678 2025">
     <span class='ocr_line' id='line_1_84' title="bbox 887 1988 1678 2025; baseline 0.004 -10"><span class='ocrx_word' id='word_1_589' title='bbox 887 1996 947 2015; x_wconf 88' lang='lat' dir='ltr'><strong>esse</strong></span> <span class='ocrx_word' id='word_1_590' title='bbox 964 1988 1118 2016; x_wconf 88' lang='lat' dir='ltr'><strong>divinitatis</strong></span> <span class='ocrx_word' id='word_1_591' title='bbox 1141 1993 1168 2016; x_wconf 88' lang='lat' dir='ltr'><strong>et</strong></span> <span class='ocrx_word' id='word_1_592' title='bbox 1186 1989 1365 2016; x_wconf 84' lang='lat' dir='ltr'><strong>humanitatis</strong></span> <span class='ocrx_word' id='word_1_593' title='bbox 1383 1995 1508 2016; x_wconf 86' lang='lat' dir='ltr'><strong>naturam</strong></span> <span class='ocrx_word' id='word_1_594' title='bbox 1525 1991 1678 2025; x_wconf 87' lang='lat' dir='ltr'><strong>simplicem</strong></span> 
     </span>
    </p>
   </div>
   <div class='ocr_carea' id='block_1_85' title="bbox 887 2035 1677 2071">
    <p class='ocr_par' dir='ltr' id='par_1_85' title="bbox 887 2035 1677 2071">
     <span class='ocr_line' id='line_1_85' title="bbox 887 2035 1677 2071; baseline 0.001 -9"><span class='ocrx_word' id='word_1_595' title='bbox 887 2035 1066 2069; x_wconf 86' lang='lat' dir='ltr'><strong>compositam</strong></span> <span class='ocrx_word' id='word_1_596' title='bbox 1083 2043 1090 2061; x_wconf 89' lang='lat'><strong>:</strong></span> <span class='ocrx_word' id='word_1_597' title='bbox 1113 2039 1241 2069; x_wconf 87' lang='lat' dir='ltr'><strong>tanquam</strong></span> <span class='ocrx_word' id='word_1_598' title='bbox 1259 2043 1320 2062; x_wconf 93' lang='lat' dir='ltr'><strong>cum</strong></span> <span class='ocrx_word' id='word_1_599' title='bbox 1350 2035 1450 2062; x_wconf 85' lang='lat' dir='ltr'><strong>Severo</strong></span> <span class='ocrx_word' id='word_1_600' title='bbox 1470 2036 1560 2070; x_wconf 77' lang='lat' dir='ltr'><strong>ignem</strong></span> <span class='ocrx_word' id='word_1_601' title='bbox 1577 2044 1677 2071; x_wconf 87' lang='lat' dir='ltr'><strong>aquam</strong></span> 
     </span>
    </p>
   </div>
   <div class='ocr_carea' id='block_1_86' title="bbox 48 2080 1678 2116">
    <p class='ocr_par' dir='ltr' id='par_1_86' title="bbox 48 2080 1678 2116">
     <span class='ocr_line' id='line_1_86' title="bbox 48 2080 1678 2116; baseline 0.002 -10"><span class='ocrx_word' id='word_1_602' title='bbox 48 2080 213 2107; x_wconf 81' lang='lat' dir='ltr'><strong>confusione</strong></span> <span class='ocrx_word' id='word_1_603' title='bbox 237 2081 445 2109; x_wconf 84' lang='lat' dir='ltr'><strong>constituentes.</strong></span> <span class='ocrx_word' id='word_1_604' title='bbox 467 2081 645 2116; x_wconf 87' lang='lat' dir='ltr'><strong>Proprietatis</strong></span> <span class='ocrx_word' id='word_1_605' title='bbox 659 2082 730 2108; x_wconf 87' lang='lat' dir='ltr'><strong>enim</strong></span> <span class='ocrx_word' id='word_1_606' title='bbox 752 2081 940 2116; x_wconf 78' lang='lat' dir='ltr'><strong>singularitate</strong></span> <span class='ocrx_word' id='word_1_607' title='bbox 957 2081 1104 2116; x_wconf 80' lang='lat' dir='ltr'><strong>singularis</strong></span> <span class='ocrx_word' id='word_1_608' title='bbox 1126 2082 1227 2116; x_wconf 87' lang='lat' dir='ltr'><strong>pariter</strong></span> <span class='ocrx_word' id='word_1_609' title='bbox 1254 2081 1324 2108; x_wconf 91' lang='lat' dir='ltr'><strong>ratio</strong></span> <span class='ocrx_word' id='word_1_610' title='bbox 1346 2085 1449 2108; x_wconf 66' lang='lat' dir='ltr'><strong>natura:</strong></span> <span class='ocrx_word' id='word_1_611' title='bbox 1464 2081 1678 2109; x_wconf 85' lang='lat' dir='ltr'><strong>demonstratur.</strong></span> 
     </span>
    </p>
   </div>
   <div class='ocr_carea' id='block_1_87' title="bbox 83 2126 838 2164">
    <p class='ocr_par' dir='ltr' id='par_1_87' title="bbox 83 2126 835 2162">
     <span class='ocr_line' id='line_1_87' title="bbox 83 2126 835 2162; baseline 0.003 -11"><span class='ocrx_word' id='word_1_612' title='bbox 83 2126 113 2152; x_wconf 90' lang='lat' dir='ltr'><strong>l&#39;.</strong></span> <span class='ocrx_word' id='word_1_613' title='bbox 131 2127 163 2152; x_wconf 77' lang='grc' dir='ltr'>Εἰ</span> <span class='ocrx_word' id='word_1_614' title='bbox 179 2127 206 2152; x_wconf 80' lang='grc' dir='ltr'>αἱ</span> <span class='ocrx_word' id='word_1_615' title='bbox 222 2126 390 2161; x_wconf 83' lang='grc' dir='ltr'>καταφάσεις</span> <span class='ocrx_word' id='word_1_616' title='bbox 404 2129 464 2158; x_wconf 78' lang='grc' dir='ltr'>ταῖς</span> <span class='ocrx_word' id='word_1_617' title='bbox 474 2128 627 2162; x_wconf 81' lang='grc' dir='ltr'>ἀποφάσεσι</span> <span class='ocrx_word' id='word_1_618' title='bbox 642 2127 835 2162; x_wconf 67' lang='grc' dir='ltr'><strong>¹ηνσιντίιυνται,</strong></span> 
     </span>
    </p>
   </div>
   <div class='ocr_carea' id='block_1_88' title="bbox 890 2126 1679 2164">
    <p class='ocr_par' dir='ltr' id='par_1_88' title="bbox 927 2126 1679 2162">
     <span class='ocr_line' id='line_1_88' title="bbox 927 2126 1679 2162; baseline 0.001 -9"><span class='ocrx_word' id='word_1_619' title='bbox 927 2127 959 2154; x_wconf 70' lang='grc' dir='ltr'><strong>Χ.</strong></span> <span class='ocrx_word' id='word_1_620' title='bbox 970 2127 998 2154; x_wconf 89' lang='lat' dir='ltr'><strong>Si</strong></span> <span class='ocrx_word' id='word_1_621' title='bbox 1009 2126 1204 2154; x_wconf 74' lang='lat' dir='ltr'><strong>aﬂirmationes</strong></span> <span class='ocrx_word' id='word_1_622' title='bbox 1216 2131 1243 2153; x_wconf 89' lang='lat' dir='ltr'><strong>et</strong></span> <span class='ocrx_word' id='word_1_623' title='bbox 1254 2127 1413 2161; x_wconf 80' lang='lat' dir='ltr'><strong>negationes</strong></span> <span class='ocrx_word' id='word_1_624' title='bbox 1425 2131 1597 2162; x_wconf 90' lang='lat' dir='ltr'><strong>opponuntur</strong></span> <span class='ocrx_word' id='word_1_625' title='bbox 1609 2127 1679 2155; x_wconf 84' lang='lat' dir='ltr'><strong>inter</strong></span> 
     </span>
    </p>
   </div>
   <div class='ocr_carea' id='block_1_89' title="bbox 49 2171 837 2208">
    <p class='ocr_par' dir='ltr' id='par_1_89' title="bbox 49 2171 837 2208">
     <span class='ocr_line' id='line_1_89' title="bbox 49 2171 837 2208; baseline 0.001 -11"><span class='ocrx_word' id='word_1_626' title='bbox 49 2172 95 2197; x_wconf 62' lang='grc' dir='ltr'>καῖ</span> <span class='ocrx_word' id='word_1_627' title='bbox 107 2172 139 2198; x_wconf 77' lang='grc' dir='ltr'><strong>οὐ</strong></span> <span class='ocrx_word' id='word_1_628' title='bbox 149 2171 248 2197; x_wconf 73' lang='grc' dir='ltr'>ταυτὸν</span> <span class='ocrx_word' id='word_1_629' title='bbox 261 2172 423 2206; x_wconf 82' lang='grc' dir='ltr'>ἀμφότεραι,</span> <span class='ocrx_word' id='word_1_630' title='bbox 433 2172 494 2199; x_wconf 71' lang='grc' dir='ltr'>οὔτε</span> <span class='ocrx_word' id='word_1_631' title='bbox 504 2173 653 2208; x_wconf 80' lang='grc' dir='ltr'>νενόηνται,</span> <span class='ocrx_word' id='word_1_632' title='bbox 663 2171 724 2198; x_wconf 74' lang='grc' dir='ltr'>οὔτε</span> <span class='ocrx_word' id='word_1_633' title='bbox 737 2172 837 2205; x_wconf 80' lang='grc' dir='ltr'>ὀνομά-</span> 
     </span>
    </p>
   </div>
   <div class='ocr_carea' id='block_1_90' title="bbox 49 2217 838 2254">
    <p class='ocr_par' dir='ltr' id='par_1_90' title="bbox 49 2217 838 2254">
     <span class='ocr_line' id='line_1_90' title="bbox 49 2217 838 2254; baseline 0.003 -12"><span class='ocrx_word' id='word_1_634' title='bbox 49 2217 144 2248; x_wconf 75' lang='grc' dir='ltr'>ζονται</span> <span class='ocrx_word' id='word_1_635' title='bbox 155 2225 162 2232; x_wconf 91' lang='grc'><strong>·</strong></span> <span class='ocrx_word' id='word_1_636' title='bbox 180 2217 335 2252; x_wconf 76' lang='grc' dir='ltr'>κατάφασις</span> <span class='ocrx_word' id='word_1_637' title='bbox 356 2218 383 2244; x_wconf 77' lang='grc' dir='ltr'><strong>δὲ</strong></span> <span class='ocrx_word' id='word_1_638' title='bbox 406 2219 436 2245; x_wconf 74' lang='grc' dir='ltr'>τὸ</span> <span class='ocrx_word' id='word_1_639' title='bbox 451 2218 686 2254; x_wconf 76' lang='grc' dir='ltr'>περιγράφεσθαι·</span> <span class='ocrx_word' id='word_1_640' title='bbox 700 2219 838 2253; x_wconf 77' lang='grc' dir='ltr'>ἀπόφασις</span> 
     </span>
    </p>
   </div>
   <div class='ocr_carea' id='block_1_91' title="bbox 48 2262 838 2299">
    <p class='ocr_par' dir='ltr' id='par_1_91' title="bbox 48 2262 838 2299">
     <span class='ocr_line' id='line_1_91' title="bbox 48 2262 838 2299; baseline 0.004 -12"><span class='ocrx_word' id='word_1_641' title='bbox 48 2262 76 2288; x_wconf 71' lang='grc' dir='ltr'><strong>δὲ</strong></span> <span class='ocrx_word' id='word_1_642' title='bbox 101 2262 132 2288; x_wconf 71' lang='grc' dir='ltr'><strong>τὺ</strong></span> <span class='ocrx_word' id='word_1_643' title='bbox 161 2262 200 2297; x_wconf 82' lang='grc' dir='ltr'>μὴ</span> <span class='ocrx_word' id='word_1_644' title='bbox 224 2263 462 2298; x_wconf 76' lang='grc' dir='ltr'>περιγράφεσθαι·</span> <span class='ocrx_word' id='word_1_645' title='bbox 479 2264 508 2296; x_wconf 80' lang='grc' dir='ltr'>ἐξ</span> <span class='ocrx_word' id='word_1_646' title='bbox 524 2265 624 2299; x_wconf 83' lang='grc' dir='ltr'>ἀμφοῖν</span> <span class='ocrx_word' id='word_1_647' title='bbox 644 2264 671 2290; x_wconf 84' lang='grc' dir='ltr'><strong>δὲ</strong></span> <span class='ocrx_word' id='word_1_648' title='bbox 689 2265 702 2290; x_wconf 85' lang='grc' dir='ltr'>ὁ</span> <span class='ocrx_word' id='word_1_649' title='bbox 723 2264 838 2298; x_wconf 70' lang='grc' dir='ltr'>Χριστὸς</span> 
     </span>
    </p>
   </div>
   <div class='ocr_carea' id='block_1_92' title="bbox 49 2306 853 2342">
    <p class='ocr_par' dir='ltr' id='par_1_92' title="bbox 49 2306 853 2342">
     <span class='ocr_line' id='line_1_92' title="bbox 49 2306 853 2342; baseline 0.002 -11"><span class='ocrx_word' id='word_1_650' title='bbox 49 2306 160 2340; x_wconf 78' lang='grc' dir='ltr'>Θεότητι</span> <span class='ocrx_word' id='word_1_651' title='bbox 175 2306 223 2332; x_wconf 82' lang='grc' dir='ltr'>καὶ</span> <span class='ocrx_word' id='word_1_652' title='bbox 237 2306 428 2342; x_wconf 79' lang='grc' dir='ltr'>ἀνθρωπότητι</span> <span class='ocrx_word' id='word_1_653' title='bbox 438 2316 446 2323; x_wconf 78' lang='grc' dir='ltr'><strong>ο</strong></span> <span class='ocrx_word' id='word_1_654' title='bbox 457 2307 565 2339; x_wconf 82' lang='grc' dir='ltr'>πάντως</span> <span class='ocrx_word' id='word_1_655' title='bbox 580 2316 631 2334; x_wconf 81' lang='grc' dir='ltr'>που</span> <span class='ocrx_word' id='word_1_656' title='bbox 647 2308 704 2341; x_wconf 78' lang='grc' dir='ltr'>ἔχει</span> <span class='ocrx_word' id='word_1_657' title='bbox 720 2307 754 2334; x_wconf 80' lang='grc' dir='ltr'>τὰ</span> <span class='ocrx_word' id='word_1_658' title='bbox 769 2306 853 2333; x_wconf 79' lang='grc' dir='ltr'><strong>ζδιώ-’</strong></span> 
     </span>
    </p>
   </div>
   <div class='ocr_carea' id='block_1_93' title="bbox 51 2349 839 2385">
    <p class='ocr_par' dir='ltr' id='par_1_93' title="bbox 51 2349 839 2385">
     <span class='ocr_line' id='line_1_93' title="bbox 51 2349 839 2385; baseline 0.001 -9"><span class='ocrx_word' id='word_1_659' title='bbox 51 2359 125 2384; x_wconf 73' lang='grc' dir='ltr'>ματα</span> <span class='ocrx_word' id='word_1_660' title='bbox 138 2351 194 2376; x_wconf 82' lang='grc' dir='ltr'>τῶν</span> <span class='ocrx_word' id='word_1_661' title='bbox 207 2351 329 2385; x_wconf 83' lang='grc' dir='ltr'>φύσεων;</span> <span class='ocrx_word' id='word_1_662' title='bbox 343 2352 372 2385; x_wconf 77' lang='grc' dir='ltr'>ἐξ</span> <span class='ocrx_word' id='word_1_663' title='bbox 391 2349 428 2379; x_wconf 84' lang='grc' dir='ltr'><strong>ὧν</strong></span> <span class='ocrx_word' id='word_1_664' title='bbox 444 2353 491 2379; x_wconf 76' lang='grc' dir='ltr'>καὶ</span> <span class='ocrx_word' id='word_1_665' title='bbox 509 2353 613 2379; x_wconf 66' lang='grc' dir='ltr'>ἔνεστιν</span> <span class='ocrx_word' id='word_1_666' title='bbox 626 2353 839 2380; x_wconf 77' lang='grc' dir='ltr'>ἀντιδιαστελλό-</span> 
     </span>
    </p>
   </div>
   <div class='ocr_carea' id='block_1_94' title="bbox 52 2396 840 2435">
    <p class='ocr_par' dir='ltr' id='par_1_94' title="bbox 52 2396 840 2435">
     <span class='ocr_line' id='line_1_94' title="bbox 52 2396 840 2435; baseline 0.005 -14"><span class='ocrx_word' id='word_1_667' title='bbox 52 2405 121 2429; x_wconf 77' lang='grc' dir='ltr'>μενα</span> <span class='ocrx_word' id='word_1_668' title='bbox 131 2396 201 2430; x_wconf 77' lang='grc' dir='ltr'>πρὸς</span> <span class='ocrx_word' id='word_1_669' title='bbox 211 2396 326 2431; x_wconf 82' lang='grc' dir='ltr'>ἄλληλα,</span> <span class='ocrx_word' id='word_1_670' title='bbox 339 2398 385 2423; x_wconf 78' lang='grc' dir='ltr'>καὶ</span> <span class='ocrx_word' id='word_1_671' title='bbox 398 2399 447 2424; x_wconf 82' lang='grc' dir='ltr'>οὐκ</span> <span class='ocrx_word' id='word_1_672' title='bbox 459 2399 499 2430; x_wconf 85' lang='grc' dir='ltr'><strong>είς</strong></span> <span class='ocrx_word' id='word_1_673' title='bbox 510 2397 540 2425; x_wconf 80' lang='grc' dir='ltr'>ἓν</span> <span class='ocrx_word' id='word_1_674' title='bbox 549 2399 718 2435; x_wconf 78' lang='grc' dir='ltr'>κεκραμένα,</span> <span class='ocrx_word' id='word_1_675' title='bbox 730 2398 840 2425; x_wconf 78' lang='grc' dir='ltr'>ἀκολού-</span> 
     </span>
    </p>
   </div>
   <div class='ocr_carea' id='block_1_95' title="bbox 50 2441 837 2480">
    <p class='ocr_par' dir='ltr' id='par_1_95' title="bbox 50 2441 837 2480">
     <span class='ocr_line' id='line_1_95' title="bbox 50 2441 837 2480; baseline 0.005 -13"><span class='ocrx_word' id='word_1_676' title='bbox 50 2442 103 2472; x_wconf 80' lang='grc' dir='ltr'><strong>θως</strong></span> <span class='ocrx_word' id='word_1_677' title='bbox 115 2443 150 2477; x_wconf 78' lang='grc' dir='ltr'>τῇ</span> <span class='ocrx_word' id='word_1_678' title='bbox 161 2441 258 2477; x_wconf 72' lang='grc' dir='ltr'>διπλόη</span> <span class='ocrx_word' id='word_1_679' title='bbox 269 2442 322 2469; x_wconf 87' lang='grc' dir='ltr'>τῶν</span> <span class='ocrx_word' id='word_1_680' title='bbox 334 2443 432 2470; x_wconf 78' lang='grc' dir='ltr'>οὐσιῶν</span> <span class='ocrx_word' id='word_1_681' title='bbox 442 2444 519 2471; x_wconf 80' lang='grc' dir='ltr'>διττὰ</span> <span class='ocrx_word' id='word_1_682' title='bbox 532 2444 578 2471; x_wconf 80' lang='grc' dir='ltr'><strong>καὶ</strong></span> <span class='ocrx_word' id='word_1_683' title='bbox 590 2444 659 2471; x_wconf 82' lang='grc' dir='ltr'>αὐτὰ</span> <span class='ocrx_word' id='word_1_684' title='bbox 671 2445 837 2480; x_wconf 65' lang='grc' dir='ltr'>ὑπάρχοντιν</span> 
     </span>
    </p>
   </div>
   <div class='ocr_carea' id='block_1_96' title="bbox 51 2484 839 2524">
    <p class='ocr_par' dir='ltr' id='par_1_96' title="bbox 51 2484 839 2524">
     <span class='ocr_line' id='line_1_96' title="bbox 51 2484 839 2524; baseline 0.005 -12"><span class='ocrx_word' id='word_1_685' title='bbox 51 2486 96 2520; x_wconf 76' lang='grc' dir='ltr'>ἀφ’</span> <span class='ocrx_word' id='word_1_686' title='bbox 113 2484 152 2513; x_wconf 82' lang='grc' dir='ltr'>ὧν</span> <span class='ocrx_word' id='word_1_687' title='bbox 167 2488 215 2513; x_wconf 68' lang='grc' dir='ltr'>καὶ</span> <span class='ocrx_word' id='word_1_688' title='bbox 233 2488 358 2522; x_wconf 78' lang='grc' dir='ltr'>νενόηται</span> <span class='ocrx_word' id='word_1_689' title='bbox 372 2489 419 2515; x_wconf 71' lang='grc' dir='ltr'>καὶ</span> <span class='ocrx_word' id='word_1_690' title='bbox 435 2489 591 2524; x_wconf 83' lang='grc' dir='ltr'>ὠνόμασται</span> <span class='ocrx_word' id='word_1_691' title='bbox 607 2489 794 2524; x_wconf 77' lang='grc' dir='ltr'>περιγραπτός</span> <span class='ocrx_word' id='word_1_692' title='bbox 809 2498 839 2516; x_wconf 80' lang='grc' dir='ltr'><strong>τε</strong></span> 
     </span>
    </p>
   </div>
   <div class='ocr_carea' id='block_1_97' title="bbox 51 2533 841 2569">
    <p class='ocr_par' dir='ltr' id='par_1_97' title="bbox 51 2533 841 2569">
     <span class='ocr_line' id='line_1_97' title="bbox 51 2533 841 2569; baseline 0.004 -11"><span class='ocrx_word' id='word_1_693' title='bbox 51 2533 97 2558; x_wconf 71' lang='grc' dir='ltr'>καὶ</span> <span class='ocrx_word' id='word_1_694' title='bbox 107 2533 326 2568; x_wconf 80' lang='grc' dir='ltr'>ἀπερίγρατιτος.</span> <span class='ocrx_word' id='word_1_695' title='bbox 340 2534 370 2560; x_wconf 77' lang='grc' dir='ltr'><strong>Εἰ</strong></span> <span class='ocrx_word' id='word_1_696' title='bbox 381 2534 409 2560; x_wconf 81' lang='grc' dir='ltr'><strong>δὲ</strong></span> <span class='ocrx_word' id='word_1_697' title='bbox 427 2534 464 2569; x_wconf 88' lang='grc' dir='ltr'>μὴ</span> <span class='ocrx_word' id='word_1_698' title='bbox 473 2534 561 2565; x_wconf 83' lang='grc' dir='ltr'>τοῦτο,</span> <span class='ocrx_word' id='word_1_699' title='bbox 570 2535 639 2561; x_wconf 84' lang='grc' dir='ltr'>ἀλλὰ</span> <span class='ocrx_word' id='word_1_700' title='bbox 655 2536 734 2569; x_wconf 86' lang='grc' dir='ltr'>μόνον</span> <span class='ocrx_word' id='word_1_701' title='bbox 745 2535 841 2569; x_wconf 79' lang='grc' dir='ltr'>ἀπερε-</span> 
     </span>
    </p>
   </div>
   <div class='ocr_carea' id='block_1_98' title="bbox 52 2578 840 2615">
    <p class='ocr_par' dir='ltr' id='par_1_98' title="bbox 52 2578 840 2615">
     <span class='ocr_line' id='line_1_98' title="bbox 52 2578 840 2615; baseline 0.004 -12"><span class='ocrx_word' id='word_1_702' title='bbox 52 2586 184 2611; x_wconf 80' lang='grc' dir='ltr'>γραπτος·</span> <span class='ocrx_word' id='word_1_703' title='bbox 197 2578 303 2613; x_wconf 77' lang='grc' dir='ltr'>ἑκράθη</span> <span class='ocrx_word' id='word_1_704' title='bbox 317 2579 352 2605; x_wconf 82' lang='grc' dir='ltr'>τὰ</span> <span class='ocrx_word' id='word_1_705' title='bbox 361 2579 466 2615; x_wconf 77' lang='grc' dir='ltr'>ἄκρατα</span> <span class='ocrx_word' id='word_1_706' title='bbox 479 2579 591 2615; x_wconf 77' lang='grc' dir='ltr'>φύρδην·</span> <span class='ocrx_word' id='word_1_707' title='bbox 606 2580 654 2606; x_wconf 75' lang='grc' dir='ltr'><strong>καὶ</strong></span> <span class='ocrx_word' id='word_1_708' title='bbox 663 2580 795 2615; x_wconf 78' lang='grc' dir='ltr'>ὁμώνυμα</span> <span class='ocrx_word' id='word_1_709' title='bbox 807 2580 840 2607; x_wconf 79' lang='grc' dir='ltr'><strong>τὰ</strong></span> 
     </span>
    </p>
   </div>
   <div class='ocr_carea' id='block_1_99' title="bbox 52 2621 839 2660">
    <p class='ocr_par' dir='ltr' id='par_1_99' title="bbox 52 2621 839 2660">
     <span class='ocr_line' id='line_1_99' title="bbox 52 2621 839 2660; baseline 0.005 -13"><span class='ocrx_word' id='word_1_710' title='bbox 52 2621 213 2656; x_wconf 72' lang='grc' dir='ltr'>ἐτερώνυμα</span> <span class='ocrx_word' id='word_1_711' title='bbox 225 2630 231 2636; x_wconf 90' lang='grc'><strong><em>“</em></strong></span> <span class='ocrx_word' id='word_1_712' title='bbox 245 2624 292 2648; x_wconf 70' lang='grc' dir='ltr'>καὶ</span> <span class='ocrx_word' id='word_1_713' title='bbox 305 2623 381 2649; x_wconf 76' lang='grc' dir='ltr'>ἔσται</span> <span class='ocrx_word' id='word_1_714' title='bbox 392 2624 422 2650; x_wconf 83' lang='grc' dir='ltr'>τὸ</span> <span class='ocrx_word' id='word_1_715' title='bbox 435 2625 610 2658; x_wconf 71' lang='grc' dir='ltr'>περιπατεῖν,</span> <span class='ocrx_word' id='word_1_716' title='bbox 620 2625 656 2655; x_wconf 83' lang='grc' dir='ltr'>ὼς</span> <span class='ocrx_word' id='word_1_717' title='bbox 667 2625 697 2650; x_wconf 72' lang='grc' dir='ltr'><strong>τὺ</strong></span> <span class='ocrx_word' id='word_1_718' title='bbox 711 2625 748 2660; x_wconf 82' lang='grc' dir='ltr'>μὴ</span> <span class='ocrx_word' id='word_1_719' title='bbox 759 2633 839 2659; x_wconf 81' lang='grc' dir='ltr'>περι-</span> 
     </span>
    </p>
   </div>
   <div class='ocr_carea' id='block_1_100' title="bbox 53 2667 839 2702">
    <p class='ocr_par' dir='ltr' id='par_1_100' title="bbox 53 2667 839 2702">
     <span class='ocr_line' id='line_1_100' title="bbox 53 2667 839 2702; baseline 0.004 -9"><span class='ocrx_word' id='word_1_720' title='bbox 53 2669 159 2697; x_wconf 77' lang='grc' dir='ltr'>πατεῖν,</span> <span class='ocrx_word' id='word_1_721' title='bbox 173 2667 353 2702; x_wconf 80' lang='grc' dir='ltr'>ταυτονόητον</span> <span class='ocrx_word' id='word_1_722' title='bbox 363 2668 410 2695; x_wconf 71' lang='grc' dir='ltr'>καὶ</span> <span class='ocrx_word' id='word_1_723' title='bbox 422 2668 611 2696; x_wconf 78' lang='grc' dir='ltr'>ταυτόλεκτον·</span> <span class='ocrx_word' id='word_1_724' title='bbox 627 2669 674 2695; x_wconf 74' lang='grc' dir='ltr'>καὶ</span> <span class='ocrx_word' id='word_1_725' title='bbox 680 2669 708 2695; x_wconf 76' lang='grc' dir='ltr'><strong>τὺ</strong></span> <span class='ocrx_word' id='word_1_726' title='bbox 717 2669 823 2702; x_wconf 79' lang='grc' dir='ltr'>διαλέγε</span> <span class='ocrx_word' id='word_1_727' title='bbox 831 2685 839 2690; x_wconf 68' lang='grc' dir='ltr'>ς</span> 
     </span>
    </p>
   </div>
   <div class='ocr_carea' id='block_1_101' title="bbox 54 2712 840 2750">
    <p class='ocr_par' dir='ltr' id='par_1_101' title="bbox 54 2712 840 2750">
     <span class='ocr_line' id='line_1_101' title="bbox 54 2712 840 2750; baseline 0.005 -13"><span class='ocrx_word' id='word_1_728' title='bbox 54 2712 122 2744; x_wconf 78' lang='grc' dir='ltr'>σθαι,</span> <span class='ocrx_word' id='word_1_729' title='bbox 133 2713 171 2744; x_wconf 79' lang='grc' dir='ltr'>ὡς</span> <span class='ocrx_word' id='word_1_730' title='bbox 184 2713 215 2738; x_wconf 68' lang='grc' dir='ltr'><strong>τὸ</strong></span> <span class='ocrx_word' id='word_1_731' title='bbox 234 2712 271 2748; x_wconf 81' lang='grc' dir='ltr'>μὴ</span> <span class='ocrx_word' id='word_1_732' title='bbox 285 2713 456 2747; x_wconf 80' lang='grc' dir='ltr'>διαλέγεσθαι</span> <span class='ocrx_word' id='word_1_733' title='bbox 469 2722 476 2729; x_wconf 83' lang='lat'>&#39;</span> <span class='ocrx_word' id='word_1_734' title='bbox 492 2715 539 2741; x_wconf 83' lang='grc' dir='ltr'><strong>καὶ</strong></span> <span class='ocrx_word' id='word_1_735' title='bbox 554 2715 585 2740; x_wconf 78' lang='grc' dir='ltr'><strong>τὺ</strong></span> <span class='ocrx_word' id='word_1_736' title='bbox 601 2714 744 2750; x_wconf 81' lang='grc' dir='ltr'>ὑπάρχειν,</span> <span class='ocrx_word' id='word_1_737' title='bbox 758 2715 795 2746; x_wconf 63' lang='grc' dir='ltr'>ὡς</span> <span class='ocrx_word' id='word_1_738' title='bbox 811 2715 840 2741; x_wconf 83' lang='grc' dir='ltr'>τὸ</span> 
     </span>
    </p>
   </div>
   <div class='ocr_carea' id='block_1_102' title="bbox 55 2756 839 2795">
    <p class='ocr_par' dir='ltr' id='par_1_102' title="bbox 55 2756 839 2795">
     <span class='ocr_line' id='line_1_102' title="bbox 55 2756 839 2795; baseline 0.006 -13"><span class='ocrx_word' id='word_1_739' title='bbox 55 2756 90 2791; x_wconf 68' lang='grc' dir='ltr'>μὴ</span> <span class='ocrx_word' id='word_1_740' title='bbox 104 2757 258 2791; x_wconf 70' lang='grc' dir='ltr'>ὕπάρχειψ</span> <span class='ocrx_word' id='word_1_741' title='bbox 272 2759 319 2783; x_wconf 63' lang='grc' dir='ltr'>καὶ</span> <span class='ocrx_word' id='word_1_742' title='bbox 329 2757 359 2784; x_wconf 82' lang='grc' dir='ltr'>τὸ</span> <span class='ocrx_word' id='word_1_743' title='bbox 368 2759 584 2793; x_wconf 73' lang='grc' dir='ltr'>περιγράφεσθαι</span> <span class='ocrx_word' id='word_1_744' title='bbox 595 2759 697 2793; x_wconf 65' lang='grc' dir='ltr'>λοιπὸν,</span> <span class='ocrx_word' id='word_1_745' title='bbox 711 2759 748 2791; x_wconf 78' lang='grc' dir='ltr'><strong>ὡς</strong></span> <span class='ocrx_word' id='word_1_746' title='bbox 760 2760 790 2786; x_wconf 77' lang='grc' dir='ltr'>τὸ</span> <span class='ocrx_word' id='word_1_747' title='bbox 803 2760 839 2795; x_wconf 77' lang='grc' dir='ltr'>μὴ</span> 
     </span>
    </p>
   </div>
   <div class='ocr_carea' id='block_1_103' title="bbox 54 2802 587 2838">
    <p class='ocr_par' dir='ltr' id='par_1_103' title="bbox 54 2802 587 2838">
     <span class='ocr_line' id='line_1_103' title="bbox 54 2802 587 2838; baseline 0.008 -11"><span class='ocrx_word' id='word_1_748' title='bbox 54 2802 292 2836; x_wconf 62' lang='grc' dir='ltr'>περιγράφεσθαι·</span> <span class='ocrx_word' id='word_1_749' title='bbox 311 2803 378 2838; x_wconf 75' lang='grc' dir='ltr'>ὅπερ</span> <span class='ocrx_word' id='word_1_750' title='bbox 402 2803 463 2830; x_wconf 83' lang='grc' dir='ltr'>λίαν</span> <span class='ocrx_word' id='word_1_751' title='bbox 476 2804 587 2838; x_wconf 76' lang='grc' dir='ltr'>ἠλίθιον.</span> 
     </span>
    </p>
   </div>
   <div class='ocr_carea' id='block_1_104' title="bbox 890 2172 1678 2206">
    <p class='ocr_par' dir='ltr' id='par_1_104' title="bbox 890 2172 1678 2206">
     <span class='ocr_line' id='line_1_104' title="bbox 890 2172 1678 2206; baseline 0 -6"><span class='ocrx_word' id='word_1_752' title='bbox 890 2181 930 2204; x_wconf 87' lang='lat' dir='ltr'><strong>se,</strong></span> <span class='ocrx_word' id='word_1_753' title='bbox 947 2180 997 2199; x_wconf 88' lang='lat' dir='ltr'><strong>nec</strong></span> <span class='ocrx_word' id='word_1_754' title='bbox 1010 2177 1132 2206; x_wconf 65' lang='lat' dir='ltr'><strong>utrmque</strong></span> <span class='ocrx_word' id='word_1_755' title='bbox 1150 2172 1220 2199; x_wconf 87' lang='lat' dir='ltr'><strong>idem</strong></span> <span class='ocrx_word' id='word_1_756' title='bbox 1246 2176 1310 2198; x_wconf 81' lang='lat' dir='ltr'><strong>sunt</strong></span> <span class='ocrx_word' id='word_1_757' title='bbox 1322 2172 1380 2199; x_wconf 83' lang='lat' dir='ltr'><strong>sive</strong></span> <span class='ocrx_word' id='word_1_758' title='bbox 1394 2172 1453 2198; x_wconf 75' lang='lat' dir='ltr'><strong>idea</strong></span> <span class='ocrx_word' id='word_1_759' title='bbox 1470 2173 1528 2199; x_wconf 87' lang='lat' dir='ltr'><strong>sive</strong></span> <span class='ocrx_word' id='word_1_760' title='bbox 1547 2173 1678 2200; x_wconf 76' lang='lat' dir='ltr'><strong>nomine:</strong></span> 
     </span>
    </p>
   </div>
   <div class='ocr_carea' id='block_1_105' title="bbox 891 2216 1680 2248">
    <p class='ocr_par' dir='ltr' id='par_1_105' title="bbox 891 2216 1680 2248">
     <span class='ocr_line' id='line_1_105' title="bbox 891 2216 1680 2248; baseline 0.001 -5"><span class='ocrx_word' id='word_1_761' title='bbox 891 2217 1081 2244; x_wconf 74' lang='lat' dir='ltr'><strong>circumscribi</strong></span> <span class='ocrx_word' id='word_1_762' title='bbox 1111 2221 1202 2244; x_wconf 88' lang='lat' dir='ltr'><strong>autem</strong></span> <span class='ocrx_word' id='word_1_763' title='bbox 1228 2216 1376 2243; x_wconf 83' lang='lat' dir='ltr'><strong>atlirmatio</strong></span> <span class='ocrx_word' id='word_1_764' title='bbox 1393 2221 1445 2248; x_wconf 84' lang='lat' dir='ltr'><strong>est,</strong></span> <span class='ocrx_word' id='word_1_765' title='bbox 1479 2224 1532 2243; x_wconf 90' lang='lat' dir='ltr'><strong>non</strong></span> <span class='ocrx_word' id='word_1_766' title='bbox 1561 2217 1680 2244; x_wconf 89' lang='lat' dir='ltr'><strong>circum-</strong></span> 
     </span>
    </p>
   </div>
   <div class='ocr_carea' id='block_1_106' title="bbox 889 2262 1678 2297">
    <p class='ocr_par' dir='ltr' id='par_1_106' title="bbox 889 2262 1678 2297">
     <span class='ocr_line' id='line_1_106' title="bbox 889 2262 1678 2297; baseline 0.001 -9"><span class='ocrx_word' id='word_1_767' title='bbox 889 2263 982 2295; x_wconf 76' lang='lat' dir='ltr'><strong>scribi,</strong></span> <span class='ocrx_word' id='word_1_768' title='bbox 1006 2263 1111 2297; x_wconf 68' lang='lat' dir='ltr'><strong>negatio</strong></span> <span class='ocrx_word' id='word_1_769' title='bbox 1130 2271 1136 2289; x_wconf 87' lang='lat'><strong>:</strong></span> <span class='ocrx_word' id='word_1_770' title='bbox 1156 2262 1282 2289; x_wconf 80' lang='lat' dir='ltr'><strong>Christus</strong></span> <span class='ocrx_word' id='word_1_771' title='bbox 1296 2270 1359 2289; x_wconf 85' lang='lat' dir='ltr'><strong>vero</strong></span> <span class='ocrx_word' id='word_1_772' title='bbox 1370 2269 1402 2288; x_wconf 84' lang='lat' dir='ltr'><strong>ex</strong></span> <span class='ocrx_word' id='word_1_773' title='bbox 1420 2262 1564 2293; x_wconf 88' lang='lat' dir='ltr'><strong>ambobus,</strong></span> <span class='ocrx_word' id='word_1_774' title='bbox 1578 2263 1678 2289; x_wconf 86' lang='lat' dir='ltr'><strong>divini-</strong></span> 
     </span>
    </p>
   </div>
   <div class='ocr_carea' id='block_1_107' title="bbox 890 2308 1678 2340">
    <p class='ocr_par' dir='ltr' id='par_1_107' title="bbox 890 2308 1678 2340">
     <span class='ocr_line' id='line_1_107' title="bbox 890 2308 1678 2340; baseline 0.003 -6"><span class='ocrx_word' id='word_1_775' title='bbox 890 2312 943 2335; x_wconf 87' lang='lat' dir='ltr'><strong>tate</strong></span> <span class='ocrx_word' id='word_1_776' title='bbox 951 2313 978 2335; x_wconf 90' lang='lat' dir='ltr'><strong>et</strong></span> <span class='ocrx_word' id='word_1_777' title='bbox 990 2308 1158 2335; x_wconf 86' lang='lat' dir='ltr'><strong>humanitate</strong></span> <span class='ocrx_word' id='word_1_778' title='bbox 1168 2312 1288 2340; x_wconf 86' lang='lat' dir='ltr'><strong>constat;</strong></span> <span class='ocrx_word' id='word_1_779' title='bbox 1298 2308 1410 2335; x_wconf 90' lang='lat' dir='ltr'><strong>omnino</strong></span> <span class='ocrx_word' id='word_1_780' title='bbox 1421 2312 1581 2336; x_wconf 83' lang='lat' dir='ltr'><strong>naturarum</strong></span> <span class='ocrx_word' id='word_1_781' title='bbox 1598 2309 1678 2336; x_wconf 71' lang='lat' dir='ltr'><strong>habet</strong></span> 
     </span>
    </p>
   </div>
   <div class='ocr_carea' id='block_1_108' title="bbox 889 2353 1675 2389">
    <p class='ocr_par' dir='ltr' id='par_1_108' title="bbox 889 2353 1675 2389">
     <span class='ocr_line' id='line_1_108' title="bbox 889 2353 1675 2389; baseline 0.001 -10"><span class='ocrx_word' id='word_1_782' title='bbox 889 2354 1070 2388; x_wconf 81' lang='lat' dir='ltr'><strong>proprietates</strong></span> <span class='ocrx_word' id='word_1_783' title='bbox 1083 2363 1089 2381; x_wconf 93' lang='lat'>:</span> <span class='ocrx_word' id='word_1_784' title='bbox 1103 2362 1220 2389; x_wconf 88' lang='lat' dir='ltr'><strong>quarum</strong></span> <span class='ocrx_word' id='word_1_785' title='bbox 1230 2355 1328 2388; x_wconf 74' lang='lat' dir='ltr'><strong>aliqua:</strong></span> <span class='ocrx_word' id='word_1_786' title='bbox 1339 2357 1402 2380; x_wconf 91' lang='lat' dir='ltr'><strong>sunt</strong></span> <span class='ocrx_word' id='word_1_787' title='bbox 1411 2353 1482 2380; x_wconf 87' lang='lat' dir='ltr'><strong>inter</strong></span> <span class='ocrx_word' id='word_1_788' title='bbox 1493 2361 1522 2380; x_wconf 89' lang='lat' dir='ltr'><strong>se</strong></span> <span class='ocrx_word' id='word_1_789' title='bbox 1533 2354 1675 2388; x_wconf 67' lang='lat' dir='ltr'><strong>oppositae.</strong></span> 
     </span>
    </p>
   </div>
   <div class='ocr_carea' id='block_1_109' title="bbox 891 2397 1676 2432">
    <p class='ocr_par' dir='ltr' id='par_1_109' title="bbox 891 2397 1676 2432">
     <span class='ocr_line' id='line_1_109' title="bbox 891 2397 1676 2432; baseline 0.004 -10"><span class='ocrx_word' id='word_1_790' title='bbox 891 2405 978 2431; x_wconf 82' lang='lat' dir='ltr'><strong>neque</strong></span> <span class='ocrx_word' id='word_1_791' title='bbox 992 2397 1019 2423; x_wconf 89' lang='lat' dir='ltr'><strong>in</strong></span> <span class='ocrx_word' id='word_1_792' title='bbox 1032 2405 1116 2424; x_wconf 87' lang='lat' dir='ltr'><strong>untttn</strong></span> <span class='ocrx_word' id='word_1_793' title='bbox 1136 2398 1282 2432; x_wconf 65' lang='lat' dir='ltr'><strong>permistm,</strong></span> <span class='ocrx_word' id='word_1_794' title='bbox 1296 2398 1343 2425; x_wconf 89' lang='lat' dir='ltr'><strong>sed</strong></span> <span class='ocrx_word' id='word_1_795' title='bbox 1356 2405 1417 2431; x_wconf 69' lang='lat' dir='ltr'><strong>quae</strong></span> <span class='ocrx_word' id='word_1_796' title='bbox 1435 2398 1470 2424; x_wconf 93' lang='lat' dir='ltr'><strong>ob</strong></span> <span class='ocrx_word' id='word_1_797' title='bbox 1489 2398 1608 2432; x_wconf 85' lang='lat' dir='ltr'><strong>duplicis</strong></span> <span class='ocrx_word' id='word_1_798' title='bbox 1626 2406 1676 2425; x_wconf 91' lang='lat' dir='ltr'><strong>na-</strong></span> 
     </span>
    </p>
   </div>
   <div class='ocr_carea' id='block_1_110' title="bbox 890 2442 1676 2478">
    <p class='ocr_par' dir='ltr' id='par_1_110' title="bbox 890 2442 1676 2478">
     <span class='ocr_line' id='line_1_110' title="bbox 890 2442 1676 2478; baseline 0.001 -10"><span class='ocrx_word' id='word_1_799' title='bbox 890 2447 957 2469; x_wconf 82' lang='lat' dir='ltr'><strong>tura:</strong></span> <span class='ocrx_word' id='word_1_800' title='bbox 972 2442 1188 2473; x_wconf 71' lang='lat' dir='ltr'><strong>distinctionem.</strong></span> <span class='ocrx_word' id='word_1_801' title='bbox 1205 2443 1321 2478; x_wconf 70' lang='lat' dir='ltr'><strong>geminte</strong></span> <span class='ocrx_word' id='word_1_802' title='bbox 1345 2443 1411 2478; x_wconf 75' lang='lat' dir='ltr'><strong>ipsae</strong></span> <span class='ocrx_word' id='word_1_803' title='bbox 1426 2450 1535 2477; x_wconf 87' lang='lat' dir='ltr'><strong>quoque</strong></span> <span class='ocrx_word' id='word_1_804' title='bbox 1555 2447 1630 2474; x_wconf 79' lang='lat' dir='ltr'><strong>sunt.</strong></span> <span class='ocrx_word' id='word_1_805' title='bbox 1642 2451 1676 2470; x_wconf 80' lang='lat' dir='ltr'><strong>ex</strong></span> 
     </span>
    </p>
   </div>
   <div class='ocr_carea' id='block_1_111' title="bbox 890 2487 1678 2523">
    <p class='ocr_par' dir='ltr' id='par_1_111' title="bbox 890 2487 1678 2523">
     <span class='ocr_line' id='line_1_111' title="bbox 890 2487 1678 2523; baseline 0.001 -9"><span class='ocrx_word' id='word_1_806' title='bbox 890 2487 992 2522; x_wconf 81' lang='lat' dir='ltr'><strong>quibus</strong></span> <span class='ocrx_word' id='word_1_807' title='bbox 1006 2488 1230 2522; x_wconf 86' lang='lat' dir='ltr'><strong>circumseriptus</strong></span> <span class='ocrx_word' id='word_1_808' title='bbox 1246 2493 1271 2515; x_wconf 90' lang='lat' dir='ltr'><strong>et</strong></span> <span class='ocrx_word' id='word_1_809' title='bbox 1283 2488 1540 2523; x_wconf 85' lang='lat' dir='ltr'><strong>incircumscriptus</strong></span> <span class='ocrx_word' id='word_1_810' title='bbox 1560 2495 1678 2523; x_wconf 74' lang='lat' dir='ltr'><strong>cognos-</strong></span> 
     </span>
    </p>
   </div>
   <div class='ocr_carea' id='block_1_112' title="bbox 890 2533 1676 2572">
    <p class='ocr_par' dir='ltr' id='par_1_112' title="bbox 890 2533 1676 2572">
     <span class='ocr_line' id='line_1_112' title="bbox 890 2533 1676 2572; baseline 0 -12"><span class='ocrx_word' id='word_1_811' title='bbox 890 2533 960 2561; x_wconf 89' lang='lat' dir='ltr'><strong>citur</strong></span> <span class='ocrx_word' id='word_1_812' title='bbox 976 2541 1008 2561; x_wconf 88' lang='lat' dir='ltr'><strong>ac</strong></span> <span class='ocrx_word' id='word_1_813' title='bbox 1022 2534 1225 2561; x_wconf 85' lang='lat' dir='ltr'><strong>denominatur.</strong></span> <span class='ocrx_word' id='word_1_814' title='bbox 1244 2533 1322 2567; x_wconf 85' lang='lat' dir='ltr'><strong>Quod</strong></span> <span class='ocrx_word' id='word_1_815' title='bbox 1338 2534 1361 2561; x_wconf 89' lang='lat' dir='ltr'><strong>si</strong></span> <span class='ocrx_word' id='word_1_816' title='bbox 1378 2534 1415 2561; x_wconf 90' lang='lat' dir='ltr'><strong>ita</strong></span> <span class='ocrx_word' id='word_1_817' title='bbox 1432 2542 1485 2561; x_wconf 90' lang='lat' dir='ltr'><strong>non</strong></span> <span class='ocrx_word' id='word_1_818' title='bbox 1502 2538 1553 2572; x_wconf 66' lang='lat' dir='ltr'><strong>est,</strong></span> <span class='ocrx_word' id='word_1_819' title='bbox 1571 2535 1617 2560; x_wconf 87' lang='lat' dir='ltr'><strong>sed</strong></span> <span class='ocrx_word' id='word_1_820' title='bbox 1636 2533 1676 2560; x_wconf 84' lang='lat' dir='ltr'><strong>in-</strong></span> 
     </span>
    </p>
   </div>
   <div class='ocr_carea' id='block_1_113' title="bbox 890 2579 1674 2615">
    <p class='ocr_par' dir='ltr' id='par_1_113' title="bbox 890 2579 1674 2615">
     <span class='ocr_line' id='line_1_113' title="bbox 890 2579 1674 2615; baseline 0 -10"><span class='ocrx_word' id='word_1_821' title='bbox 890 2579 1114 2615; x_wconf 83' lang='lat' dir='ltr'><strong>circumscriptus</strong></span> <span class='ocrx_word' id='word_1_822' title='bbox 1139 2580 1314 2607; x_wconf 91' lang='lat' dir='ltr'><strong>solummodo</strong></span> <span class='ocrx_word' id='word_1_823' title='bbox 1328 2584 1390 2612; x_wconf 86' lang='lat' dir='ltr'><strong>est,</strong></span> <span class='ocrx_word' id='word_1_824' title='bbox 1407 2579 1539 2614; x_wconf 87' lang='lat' dir='ltr'><strong>permissa</strong></span> <span class='ocrx_word' id='word_1_825' title='bbox 1559 2584 1586 2606; x_wconf 87' lang='lat' dir='ltr'><strong>et</strong></span> <span class='ocrx_word' id='word_1_826' title='bbox 1607 2587 1674 2606; x_wconf 88' lang='lat' dir='ltr'><strong>con-</strong></span> 
     </span>
    </p>
   </div>
   <div class='ocr_carea' id='block_1_114' title="bbox 890 2623 1676 2661">
    <p class='ocr_par' dir='ltr' id='par_1_114' title="bbox 890 2623 1676 2661">
     <span class='ocr_line' id='line_1_114' title="bbox 890 2623 1676 2661; baseline 0 -10"><span class='ocrx_word' id='word_1_827' title='bbox 890 2623 951 2651; x_wconf 80' lang='lat' dir='ltr'><strong>fusa</strong></span> <span class='ocrx_word' id='word_1_828' title='bbox 974 2630 1058 2652; x_wconf 86' lang='lat' dir='ltr'><strong>erunt</strong></span> <span class='ocrx_word' id='word_1_829' title='bbox 1078 2633 1138 2659; x_wconf 66' lang='lat' dir='ltr'><strong>quae</strong></span> <span class='ocrx_word' id='word_1_830' title='bbox 1164 2629 1302 2661; x_wconf 89' lang='lat' dir='ltr'><strong>nequeunt</strong></span> <span class='ocrx_word' id='word_1_831' title='bbox 1328 2624 1486 2659; x_wconf 86' lang='lat' dir='ltr'><strong>permisceri</strong></span> <span class='ocrx_word' id='word_1_832' title='bbox 1514 2633 1521 2651; x_wconf 85' lang='lat'><strong>:</strong></span> <span class='ocrx_word' id='word_1_833' title='bbox 1549 2624 1676 2658; x_wconf 83' lang='lat' dir='ltr'><strong>ejusdrm</strong></span> 
     </span>
    </p>
   </div>
   <div class='ocr_carea' id='block_1_115' title="bbox 891 2670 1675 2706">
    <p class='ocr_par' dir='ltr' id='par_1_115' title="bbox 891 2670 1675 2706">
     <span class='ocr_line' id='line_1_115' title="bbox 891 2670 1675 2706; baseline 0.001 -10"><span class='ocrx_word' id='word_1_834' title='bbox 891 2670 1011 2697; x_wconf 87' lang='lat' dir='ltr'><strong>nominis</strong></span> <span class='ocrx_word' id='word_1_835' title='bbox 1023 2676 1105 2698; x_wconf 91' lang='lat' dir='ltr'><strong>erunt</strong></span> <span class='ocrx_word' id='word_1_836' title='bbox 1118 2679 1180 2705; x_wconf 73' lang='lat' dir='ltr'><strong>quae</strong></span> <span class='ocrx_word' id='word_1_837' title='bbox 1191 2671 1311 2699; x_wconf 85' lang='lat' dir='ltr'><strong>nominis</strong></span> <span class='ocrx_word' id='word_1_838' title='bbox 1326 2671 1426 2698; x_wconf 83' lang='lat' dir='ltr'><strong>diversi</strong></span> <span class='ocrx_word' id='word_1_839' title='bbox 1439 2680 1446 2697; x_wconf 87' lang='lat'><strong>:</strong></span> <span class='ocrx_word' id='word_1_840' title='bbox 1457 2671 1562 2705; x_wconf 87' lang='lat' dir='ltr'><strong>eritque</strong></span> <span class='ocrx_word' id='word_1_841' title='bbox 1571 2671 1675 2706; x_wconf 69' lang='lat' dir='ltr'><strong>cogita-</strong></span> 
     </span>
    </p>
   </div>
   <div class='ocr_carea' id='block_1_116' title="bbox 890 2714 1678 2749">
    <p class='ocr_par' dir='ltr' id='par_1_116' title="bbox 890 2714 1678 2749">
     <span class='ocr_line' id='line_1_116' title="bbox 890 2714 1678 2749; baseline 0.004 -10"><span class='ocrx_word' id='word_1_842' title='bbox 890 2714 964 2740; x_wconf 85' lang='lat' dir='ltr'><strong>tione</strong></span> <span class='ocrx_word' id='word_1_843' title='bbox 972 2719 999 2741; x_wconf 86' lang='lat' dir='ltr'><strong>et</strong></span> <span class='ocrx_word' id='word_1_844' title='bbox 1010 2715 1119 2742; x_wconf 90' lang='lat' dir='ltr'><strong>nomine</strong></span> <span class='ocrx_word' id='word_1_845' title='bbox 1126 2723 1239 2749; x_wconf 85' lang='lat' dir='ltr'><strong>pr0rsus</strong></span> <span class='ocrx_word' id='word_1_846' title='bbox 1252 2715 1322 2742; x_wconf 89' lang='lat' dir='ltr'><strong>idem</strong></span> <span class='ocrx_word' id='word_1_847' title='bbox 1333 2714 1473 2742; x_wconf 88' lang='lat' dir='ltr'><strong>ambulare</strong></span> <span class='ocrx_word' id='word_1_848' title='bbox 1482 2720 1509 2741; x_wconf 79' lang='lat' dir='ltr'><strong>et</strong></span> <span class='ocrx_word' id='word_1_849' title='bbox 1520 2722 1573 2741; x_wconf 88' lang='lat' dir='ltr'><strong>non</strong></span> <span class='ocrx_word' id='word_1_850' title='bbox 1580 2716 1678 2742; x_wconf 87' lang='lat' dir='ltr'><strong>ambu-</strong></span> 
     </span>
    </p>
   </div>
   <div class='ocr_carea' id='block_1_117' title="bbox 889 2760 1675 2796">
    <p class='ocr_par' dir='ltr' id='par_1_117' title="bbox 889 2760 1675 2796">
     <span class='ocr_line' id='line_1_117' title="bbox 889 2760 1675 2796; baseline 0.003 -10"><span class='ocrx_word' id='word_1_851' title='bbox 889 2760 1008 2787; x_wconf 72' lang='lat' dir='ltr'><strong>larezac</strong></span> <span class='ocrx_word' id='word_1_852' title='bbox 1021 2761 1126 2788; x_wconf 88' lang='lat' dir='ltr'><strong>ratione</strong></span> <span class='ocrx_word' id='word_1_853' title='bbox 1140 2761 1177 2788; x_wconf 91' lang='lat' dir='ltr'><strong>uti</strong></span> <span class='ocrx_word' id='word_1_854' title='bbox 1194 2761 1305 2796; x_wconf 89' lang='lat' dir='ltr'><strong>perinde</strong></span> <span class='ocrx_word' id='word_1_855' title='bbox 1317 2760 1368 2787; x_wconf 87' lang='lat' dir='ltr'><strong>erit</strong></span> <span class='ocrx_word' id='word_1_856' title='bbox 1387 2767 1418 2787; x_wconf 86' lang='lat' dir='ltr'><strong>ac</strong></span> <span class='ocrx_word' id='word_1_857' title='bbox 1427 2767 1481 2786; x_wconf 90' lang='lat' dir='ltr'><strong>non</strong></span> <span class='ocrx_word' id='word_1_858' title='bbox 1492 2760 1546 2790; x_wconf 88' lang='lat' dir='ltr'><strong>uti,</strong></span> <span class='ocrx_word' id='word_1_859' title='bbox 1565 2764 1593 2786; x_wconf 85' lang='lat' dir='ltr'><strong>et</strong></span> <span class='ocrx_word' id='word_1_860' title='bbox 1615 2762 1675 2788; x_wconf 83' lang='lat' dir='ltr'><strong>exi-</strong></span> 
     </span>
    </p>
   </div>
   <div class='ocr_carea' id='block_1_118' title="bbox 890 2805 1674 2840">
    <p class='ocr_par' dir='ltr' id='par_1_118' title="bbox 890 2805 1674 2840">
     <span class='ocr_line' id='line_1_118' title="bbox 890 2805 1674 2840; baseline 0 -8"><span class='ocrx_word' id='word_1_861' title='bbox 890 2810 962 2832; x_wconf 87' lang='lat' dir='ltr'><strong>stere</strong></span> <span class='ocrx_word' id='word_1_862' title='bbox 970 2806 1083 2840; x_wconf 85' lang='lat' dir='ltr'><strong>perinde</strong></span> <span class='ocrx_word' id='word_1_863' title='bbox 1098 2814 1130 2834; x_wconf 90' lang='lat' dir='ltr'><strong>ac</strong></span> <span class='ocrx_word' id='word_1_864' title='bbox 1149 2815 1202 2833; x_wconf 90' lang='lat' dir='ltr'><strong>non</strong></span> <span class='ocrx_word' id='word_1_865' title='bbox 1214 2806 1359 2837; x_wconf 76' lang='lat' dir='ltr'><strong>exsistere,</strong></span> <span class='ocrx_word' id='word_1_866' title='bbox 1375 2809 1402 2832; x_wconf 93' lang='lat' dir='ltr'><strong>et</strong></span> <span class='ocrx_word' id='word_1_867' title='bbox 1413 2805 1600 2832; x_wconf 87' lang='lat' dir='ltr'><strong>circumscribi</strong></span> <span class='ocrx_word' id='word_1_868' title='bbox 1613 2813 1674 2839; x_wconf 82' lang='lat' dir='ltr'><strong>per-</strong></span> 
     </span>
    </p>
   </div>
   <div class='ocr_carea' id='block_1_119' title="bbox 891 2848 1670 2882">
    <p class='ocr_par' dir='ltr' id='par_1_119' title="bbox 891 2848 1670 2882">
     <span class='ocr_line' id='line_1_119' title="bbox 891 2848 1670 2882; baseline 0.003 -5"><span class='ocrx_word' id='word_1_869' title='bbox 891 2850 955 2878; x_wconf 83' lang='lat' dir='ltr'><strong>inde</strong></span> <span class='ocrx_word' id='word_1_870' title='bbox 966 2858 1054 2879; x_wconf 87' lang='lat' dir='ltr'><strong>acuon</strong></span> <span class='ocrx_word' id='word_1_871' title='bbox 1067 2852 1255 2879; x_wconf 82' lang='lat' dir='ltr'><strong>circumscribi</strong></span> <span class='ocrx_word' id='word_1_872' title='bbox 1269 2860 1277 2878; x_wconf 86' lang='lat'><strong>:</strong></span> <span class='ocrx_word' id='word_1_873' title='bbox 1290 2849 1363 2882; x_wconf 78' lang='lat' dir='ltr'><strong>quod</strong></span> <span class='ocrx_word' id='word_1_874' title='bbox 1376 2849 1458 2876; x_wconf 88' lang='lat' dir='ltr'><strong>nimis</strong></span> <span class='ocrx_word' id='word_1_875' title='bbox 1474 2848 1604 2876; x_wconf 87' lang='lat' dir='ltr'><strong>stolidum</strong></span> <span class='ocrx_word' id='word_1_876' title='bbox 1621 2854 1670 2879; x_wconf 86' lang='lat' dir='ltr'><strong>est.</strong></span> 
     </span>
    </p>
   </div>
  </div>
