1916 3075
249 99 301 131 483

285 155 331 182 Kl.
350 155 388 182 Ex
405 153 643 187 incircumscripto
658 156 684 179 et
702 149 921 183 circumscripto,
932 155 948 175 o
960 147 1033 178 boni,
1050 151 1072 178 Α

251 208 305 226 non
322 201 348 226 Iit
365 199 465 233 aliquid
477 198 549 232 quod
569 197 602 224 sit
619 195 806 223 tantummodo
830 191 1034 220 incircunism'i-

251 251 326 280 ptum
342 254 349 272 :
365 253 419 279 quo
434 245 513 271 modo
530 251 561 269 ex
586 242 726 269 divinitate
745 246 771 267 t-t
796 240 964 266 humanitate
982 245 1034 263 non

252 292 282 317 Iit
300 291 346 325 qui
362 292 397 317 sit
415 288 602 316 tantummodo
617 287 698 314 Deus.
724 286 751 313 Si
776 285 846 312 cnim
872 289 976 318 natura:
990 290 1034 309 se-

251 336 371 363 cundum
385 335 552 370 hypostasint
582 334 718 364 adunataa,
740 339 792 358 non
818 335 881 358 sunt
908 330 991 356 altera
1008 328 1034 354 in

252 381 366 408 alteram
383 384 503 410 mutatae,
533 383 610 405 certe
632 385 682 404 nec
693 376 888 411 appellationes
912 374 1035 409 proprias

252 428 473 452 commutarunt:
491 424 536 451 sed
554 429 613 457 post
629 424 713 457 ipcam
731 423 756 448 in
772 428 886 456 persona
903 428 956 447 tttta
968 427 1036 446 con-

251 469 419 503 iunctionem
445 472 554 495 servant
573 473 599 494 ct
630 475 718 494 rerum
732 472 758 494 et
780 467 922 493 nominum
937 465 1035 492 distin-

253 516 382 543 ctionem.
400 514 483 548 Igitur
499 514 531 540 ad
548 514 619 540 hunc
632 514 742 540 modum
758 521 787 539 se
805 513 907 539 habent
922 516 948 538 et
962 511 1034 545 ipsa-

254 569 313 588 rum
327 560 514 594 proprietates,
528 566 616 593 neque
639 563 741 585 mutata
757 562 798 584 est
822 557 953 584 naturalis
968 557 1034 583 ista—

254 613 314 633 rum
330 605 460 639 qualitas,
479 611 568 638 tteqne
583 604 724 630 nominum
750 602 950 629 distinctionem
966 601 1036 627 ami-

254 654 359 682 serunt,
377 650 422 676 sed
441 653 551 675 main-nt
565 649 591 674 in
608 648 717 675 Christo
732 647 841 674 illibata:
857 656 864 674 ε
882 655 913 674 ex
937 647 1036 682 quibus

253 700 281 723 et
292 695 518 729 circumscriptus
531 699 558 721 et
576 694 832 728 incircumscriptus
855 697 897 720 est
912 700 1035 728 prorsus,

253 739 453 775 quantumlnhct
481 746 539 768 vos.
558 746 574 763 o
593 738 680 772 impii,
695 737 825 764 renuatis.

288 784 347 812 XII.
367 789 380 809 ι)
395 785 435 815 Si,
450 783 596 810 utilivinns
610 782 777 816 Epiphanius
799 781 846 813 ait,
867 787 1037 815 quarcunque

255 835 318 856 sunt
356 830 382 856 in
426 828 536 855 homine
575 828 656 853 homo
687 830 773 854 sunt:
804 833 835 852 ac
878 825 1038 859 Unigcnitus

254 875 402 902 adveniens
429 873 577 906 assumpsit
621 879 702 898 omne.
731 871 756 898 id
779 871 850 905 quod
876 871 958 897 homo
973 873 1036 897 est:

255 925 285 946 ut
311 921 338 946 in
361 919 471 946 homine
499 917 618 952 perfecto
645 917 737 944 omnia
768 918 847 950 plane
877 924 937 951 quae
965 917 1038 944 salu-

255 966 289 992 tis
301 969 375 997 sunt,
392 963 463 990 Deus
480 971 542 990 cum
558 963 602 994 sit,
628 964 780 996 perliceret,
803 962 868 989 nihil
892 962 951 996 ejus
966 961 1038 996 quod

255 1010 337 1035 homo
356 1012 397 1035 est
412 1007 602 1041 derelinquens
617 1015 623 1033 :
644 1013 740 1033 carens
758 1013 848 1033 autem
865 1006 1038 1033 circumscri-

255 1054 358 1088 ptione,
383 1053 574 1087 dereliquisset
611 1052 725 1087 aliquid,
765 1060 815 1079 nec
852 1052 1040 1087 qualecunque

255 1105 346 1132 porro,
363 1098 409 1125 sed
427 1098 499 1133 quod
514 1097 654 1132 proprium
681 1097 800 1124 maxime
825 1101 852 1124 et
869 1097 1036 1132 praecipuum

254 1149 306 1177 est,
323 1144 456 1179 siquidem
473 1144 559 1178 prima
590 1143 708 1170 hominis
726 1143 878 1178 proprietas
896 1148 937 1170 est
962 1149 1040 1177 posse

254 1196 385 1223 corporea
401 1189 488 1216 I‘ortna
518 1188 707 1222 repra’senlari
722 1196 729 1214 :
746 1188 871 1222 quisquis
899 1187 1038 1215 Christum

256 1234 368 1268 ﬁgurari
382 1239 463 1265 vetat,
482 1241 498 1260 ο
515 1234 576 1266 viri,
603 1241 702 1265 nonne,
724 1234 794 1261 sicut
831 1233 900 1260 idem
925 1233 1040 1260 Sanctus

257 1279 394 1307 tricesimo
411 1279 530 1306 secundo
551 1279 584 1305 de
601 1278 754 1306 IIa-resibus
766 1279 855 1312 capite
871 1278 1040 1305 demonstra-

255 1326 303 1357 vit,
321 1333 466 1359 germanus
479 1329 519 1351 est
536 1325 594 1357 ejus
615 1325 661 1359 qui
688 1324 789 1351 Christi
821 1331 933 1350 carnem
951 1324 1037 1350 abne-

255 1370 322 1404 gat?
342 1378 422 1404 quem
441 1370 538 1396 beatus
555 1377 665 1404 quoque
692 1369 862 1404 Sophronius
881 1369 908 1395 in
921 1369 979 1396 suis
996 1376 1041 1404 sy-

255 1416 363 1443 nodiris
382 1415 628 1442 analltetnatizut‘l.

291 1461 367 1488 XIII.
388 1461 423 1488 lis
450 1461 496 1495 qui
519 1461 690 1496 pervicacius
715 1461 914 1494 contradicunt,
938 1460 1040 1495 quique

256 1507 409 1540 Christum,
430 1514 492 1533 eum
506 1506 634 1542 pingitur,
650 1506 677 1533 in
692 1506 759 1533 duos
777 1506 846 1533 tilios
858 1506 934 1532 aiunt
944 1505 1039 1536 (lividi,

257 1552 327 1579 sicut
342 1552 433 1579 divisit.
451 1551 604 1584 Nestorius,
634 1552 850 1586 respondendum
863 1557 906 1578 est
930 1551 1042 1578 minime

257 1598 284 1624 id
300 1598 502 1625 esseChristum
512 1598 643 1630 dividere,
657 1597 703 1624 sed
718 1598 808 1632 potius
819 1604 879 1631 quae
892 1597 1042 1623 rectissima

257 1648 322 1670 sunt
335 1650 438 1677 sapere.
456 1641 522 1669 Nam
539 1646 568 1669 ut
587 1642 613 1669 in
633 1642 780 1676 theologia.
813 1642 837 1668 id
860 1641 933 1676 quod
948 1648 1042 1675 perso-

257 1696 354 1715 ttaruttt
368 1687 506 1722 proprium
529 1691 570 1714 est
585 1707 592 1719 ,
622 1687 734 1714 minime
759 1687 855 1713 dividit
877 1687 1042 1721 singularem

257 1733 406 1760 divinitatis
420 1738 557 1764 naturam,
578 1733 624 1760 sed
639 1733 710 1767 quod
726 1737 851 1760 naturam
866 1740 1042 1759 commuttcttt

258 1779 350 1811 habet,
371 1779 520 1805 discretum
537 1782 579 1805 est.
593 1779 715 1812 personis
731 1787 737 1804 :
754 1779 789 1805 ita
812 1779 839 1805 in
851 1778 1014 1806 oeconomia
1029 1785 1044 1804 c

258 1823 409 1854 contrario,
426 1822 500 1856 quod
516 1826 675 1848 naturarum
691 1821 830 1855 proprium
846 1825 888 1847 est
900 1827 953 1846 non
973 1819 1044 1846 divi-

259 1869 473 1902 ditsingularem
489 1868 535 1895 Dei
552 1867 630 1895 Verbi
646 1874 802 1901 personam,
823 1867 868 1893 sed
886 1865 959 1900 quod
981 1873 1044 1900 per-

259 1923 355 1942 sonant
370 1922 543 1942 communem
570 1913 662 1945 habet,
688 1912 793 1939 naturis
810 1910 959 1939 discretum
991 1916 1042 1938 est.

260 1960 288 1987 Si
302 1965 391 1987 autent
411 1961 436 1987 in
448 1959 716 1992 circumscriptione,
735 1958 762 1984 id
780 1958 852 1991 quod
873 1962 976 1984 naturae
994 1957 1043 1984 hu-

260 2012 348 2031 manae
366 2004 504 2039 proprium
530 2008 583 2034 est,
601 2003 747 2030 induceret
776 2002 939 2028 divisionem
955 2011 962 2029 :
980 2009 1045 2037 ergo

259 2055 286 2077 et
301 2050 328 2076 in
342 2050 411 2080 istis,
429 2057 489 2083 qua:
502 2053 565 2075 sunt
584 2048 739 2082 ingenitum,
760 2048 889 2082 genitum,
914 2051 941 2074 et
956 2055 1046 2081 proce-

259 2095 334 2126 dens,
351 2095 376 2121 id
390 2096 462 2129 quod
473 2094 553 2121 trium
575 2100 753 2129 personarum
771 2094 915 2128 proprium
931 2097 984 2125 est,
995 2100 1046 2119 na-

839 93 868 123 S.
889 91 1084 122 THEODORI
1105 90 1278 120 STUDIT/E

1817 91 1873 121 484

1122 147 1174 172 IA’.
1205 145 1261 177 Ἐξ·
1281 145 1485 179 ἀπεριγράπτον
1513 144 1559 172 καὶ
1588 145 1795 180 περιγραπτοῦ,
1819 147 1873 172 οὐκ

1086 192 1293 226 ἀπερίγραπτον
1308 191 1398 225 μόνον,
1415 187 1437 217 ὧ
1452 188 1540 217 οὗτοι·
1559 191 1596 222 ὡς
1612 191 1671 217 οὐδὲ
1689 193 1720 217 ἐκ
1741 191 1874 225 Θεὸτητος

1087 238 1132 263 καὶ
1146 237 1354 272 ἀνορωπᾶτητος
1373 235 1440 267 Θεος
1461 235 1550 270 μόνος.
1568 236 1599 262 Εἰ
1616 236 1669 271 γὰρ
1683 237 1710 262 αἱ
1726 236 1821 270 φύσεις
1843 238 1874 262 αἰ

1086 282 1225 309 ἐνωοείσαι
1249 282 1309 308 καθ’
1335 281 1494 311 ὑπόστασιν,
1519 281 1568 315 τὴν
1589 281 1628 312 εἰς
1651 281 1767 315 ἀλλήλας
1785 290 1874 315 μετα-

1087 328 1166 362 ϐολὴν
1179 328 1208 354 οὺ
1223 327 1394 362 προσήκαντο
1407 335 1414 342 ν
1433 326 1495 352 οὔτε
1517 326 1569 362 μὴν
1590 327 1639 357 τὰς
1656 327 1758 358 οἰκείας
1783 336 1876 362 προσ-

1086 374 1200 408 ηγορίας
1214 373 1364 407 ἠμείψαντο
1374 380 1381 387 '
1398 372 1514 404 σώζουσι
1530 372 1559 398 δὲ
1579 372 1609 398 τὸ
1625 372 1717 398 δυῑκὸν
1730 373 1777 398 καὶ
1801 374 1876 407 μετὰ

1086 420 1135 454 τὴν
1152 419 1249 445 ἕνωσιν
1266 420 1294 445 ὲν
1318 418 1454 454 μοναδικῷ
1478 418 1636 453 προσώπῳ,
1655 418 1702 445 καὶ
1722 420 1778 449 τοῖς
1799 419 1876 452 πρά-

1086 473 1172 500 γμασι
1196 465 1243 490 καὶ
1259 465 1314 494 τοῖς
1328 464 1455 498 ὀνόμασιν
1466 472 1473 479 ·
1488 464 1541 498 ἄρα
1568 464 1614 489 καὶ
1630 464 1658 489 αἰ
1680 463 1782 490 τούτων
1806 463 1876 490 ἰδιό-

1085 518 1167 544 τητες
1182 509 1313 540 ὡσαύτως
1327 509 1428 544 ἔχουσι,
1447 509 1484 543 μὴ
1501 509 1712 544 μεταϐληθεῖσαι
1725 509 1774 543 τῆς
1789 518 1876 542 φυσι-

1086 557 1136 591 κῆς
1153 556 1310 590 ποιότητος”
1337 556 1403 590 μηδὲ
1428 556 1476 590 τὴν
1497 555 1591 589 δυῖκὴν
1610 555 1758 590 ὀνομασίαν
1773 555 1878 581 ἀπολέ-

1088 610 1183 628 σασαι·
1210 602 1320 636 μένουσι
1343 601 1371 627 δὲ
1396 602 1425 627 ὲν
1448 600 1560 636 Χριστῷ
1583 600 1735 635 ἀλώϐητοι·
1761 600 1810 635 ἀφ’
1836 596 1877 627 ὧν

1087 647 1275 682 περιγραπτός
1295 655 1325 672 τε
1350 647 1397 673 καὶ
1417 647 1623 682 ἁπερίγραπτος
1636 647 1877 681 ὁμολογουμένως,

1088 693 1138 720 κᾶν
1163 693 1200 728 μὴ
1213 692 1355 727 βούλησθε,
1368 692 1531 724 ἀθεῖζοντες.

1124 781 1173 810 ΙΒ’.
1196 783 1237 815 Εἰ,
1253 782 1289 814 ὣς
1307 791 1389 818 φησιν
1405 784 1419 809 ὸ
1433 782 1506 814 θεῖος
1527 782 1696 817 Ἐπιφάνιος,
1708 784 1758 810 ὅσα
1775 784 1806 810 ἐν
1825 784 1878 810 ἀν-

1055 816 1073 842 B
1088 826 1190 864 θρώπῳ
1205 828 1251 854 καὶ
1267 829 1281 854 ὁ
1302 816 1443 864 ἄνθρωπος
1454 836 1461 843 ·
1480 828 1526 855 καὶ
1539 829 1566 854 εί
1579 816 1605 855 τί
1627 830 1700 855 ἐστιν
1717 829 1879 864 ἄνθρωπος,

1087 874 1173 901 ταῦτα
1187 873 1272 900 ἐλθὼν
1289 874 1416 900 ἀνέλαϐεν
1433 875 1447 900 ὁ
1468 875 1640 909 Μονογενής·
1666 875 1710 900 ἵνα
1730 875 1758 900 ιν
1773 875 1814 909 τῷ
1832 883 1881 900 τε-

1087 920 1165 951 λείως
1179 920 1314 955 ἀνθρώπῳ
1331 920 1439 950 τελείως
1452 920 1482 946 τὸ
1496 921 1550 947 πᾶν
1563 921 1612 955 τῆς
1631 921 1769 954 σωτηρίας
1780 940 1789 952 ,
1810 920 1883 950 Θεὸς

1088 966 1136 998 ὣν,
1160 966 1361 1000 ἀπεργάσηται,
1383 965 1466 1000 μηδὲν
1481 965 1630 999 ἀπολείψεις
1646 965 1692 992 τοῦ
1709 965 1861 1000 ἀνθρώπου
1873 973 1880 979 '

1087 1012 1118 1037 οὐ
1140 1011 1378 1046 περιγραφόμενος
1400 1011 1428 1036 δὲ
1446 1010 1570 1044 σώματι,
1597 1010 1772 1036 ἀπολείποιτο
1793 1011 1824 1037 οὐ
1850 1010 1882 1036 τὸ

1088 1057 1167 1092 τυχὸν
1183 1056 1286 1089 ἁπλῶς,
1303 1056 1361 1082 ἀλλ’
1376 1056 1442 1083 αὐτὸ
1456 1056 1486 1082 τὸ
1503 1055 1605 1091 Κύριον
1622 1056 1669 1082 καὶ
1682 1055 1881 1090 καιριώτατον·

1089 1103 1168 1138 εἴπερ
1186 1102 1340 1137 πρώτιστον
1358 1102 1455 1136 ἰδίωμα
1470 1101 1614 1137 ἀνθρώπου
1627 1121 1634 1133 ,
1653 1102 1669 1136 ὴ
1690 1101 1736 1127 τοῦ
1753 1109 1884 1135 σωματι-

1090 1148 1138 1175 κοῦ
1157 1148 1330 1182 χαρακτῆρος
1345 1147 1511 1181 ὲξεικόνησις
1522 1156 1529 1162 ·
1553 1145 1607 1181 ἆρα
1617 1147 1664 1181 οὐχ
1676 1144 1754 1177 οὗτος
1768 1147 1884 1179 ἁπαγο»

1090 1193 1163 1228 ρεύει
1177 1193 1294 1228 Χριστὸν
1309 1192 1506 1228 ἐγγράφεσθαι,
1521 1189 1543 1218 ὦ
1561 1192 1666 1227 ἄνδρες,
1678 1191 1735 1218 ἀλλ’
1749 1192 1763 1217 ὁ
1778 1191 1884 1218 τούτου

1089 1239 1233 1273 ὁμώνυμος
1249 1238 1297 1273 τὴν
1314 1239 1404 1272 σάρκα
1418 1238 1535 1272 Χριστοῦ
1550 1238 1765 1272 ἀπαρνούμενος,
1784 1237 1886 1268 καθὼς

1090 1283 1171 1312 αὐτὸς
1190 1283 1204 1308 ὁ
1219 1282 1295 1316 ἅγιος
1315 1283 1343 1308 ὲν
1359 1282 1397 1316 τῷ
1417 1283 1481 1317 περὶ
1494 1283 1625 1316 αἱρέσεων
1640 1281 1796 1316 τριακοστῷ
1817 1282 1886 1308 δευ-

1089 1328 1160 1362 τέρῳ
1174 1327 1314 1362 κεφαλαίῳ
1331 1327 1499 1361 δεδήλωκενς
1525 1327 1554 1354 ὃν
1579 1328 1625 1353 καὶ
1646 1328 1675 1353 ὲν
1697 1329 1753 1358 τοῖς
1777 1327 1885 1353 ἑαυτοῦ

1091 1373 1240 1404 συνοδικοῖς
1254 1372 1449 1407 ἁναῠεματίζει
1461 1373 1475 1398 ὁ
1491 1372 1627 1408 μακάριος
1643 1371 1806 1406 ωφρόνιος.

1126 1463 1174 1489 1Γ’.
1197 1462 1258 1494 Τοῖς
1273 1462 1460 1497 ἐνισταμένοις
1475 1460 1702 1496 φιλονεικότερον,
1717 1461 1764 1486 καὶ
1781 1459 1887 1494 λέγου-

1093 1517 1135 1534 σιν
1160 1508 1196 1539 ὡς
1219 1510 1247 1534 ὲν
1271 1508 1310 1542 τῷ
1335 1508 1517 1543 περιγράφειν
1534 1507 1579 1534 τὸν
1600 1506 1733 1541 Χριστὸν,
1750 1507 1888 1541 χωρίζειν

1092 1554 1172 1580 αὐτόν
1192 1554 1264 1579 ἐστιν
1279 1554 1319 1585 εἰς
1333 1553 1379 1580 δύο
1394 1554 1473 1585 Υίοὺς
1488 1553 1558 1579 κατὰ
1573 1553 1729 1587 Νεστὸριον,
1760 1553 1889 1587 ἀποκρι-

1091 1600 1162 1632 τέον,
1177 1599 1214 1630 ὡς
1229 1599 1260 1625 οὐ
1277 1599 1405 1634 χωρίζειν
1421 1600 1508 1631 ἐστὶν,
1525 1599 1594 1625 ἀλλὰ
1615 1599 1661 1624 καὶ
1684 1598 1744 1624 λίαν
1768 1601 1890 1633 φρονεῖν

1092 1645 1234 1680 ὀρθότατα.
1255 1644 1298 1676 Ὠς
1313 1645 1367 1680 γὰρ
1385 1645 1431 1670 ἐπὶ
1443 1645 1492 1679 τῆς
1507 1644 1646 1678 θεολογίας
1664 1645 1694 1670 τὸ
1710 1645 1816 1676 ἰδιάζον
1831 1647 1890 1672 τῶν

1094 1692 1268 1718 ὑποστάσεων
1281 1691 1311 1718 οὐ
1327 1691 1468 1726 ὃιατέμνει
1480 1691 1529 1725 τὴν
1545 1691 1609 1724 μίαν
1628 1691 1710 1724 φύσιν
1722 1692 1772 1724 τῆς
1787 1692 1891 1727 056:1]-

1093 1745 1150 1768 τος,
1183 1737 1251 1763 ἀλλὰ
1268 1737 1413 1764 κοινωνοῦν
1428 1736 1552 1771 φυσικῶς
1575 1737 1746 1771 διακέκριται
1762 1737 1892 1763 ὑποστα-

1093 1781 1176 1812 τικῶς
1188 1790 1194 1797 ·
1203 1781 1289 1812 οὕτως
1301 1782 1347 1807 ἐπὶ
1359 1782 1408 1816 τῆς
1421 1781 1574 1815 οἰκονομίας
1590 1781 1718 1815 ἔμπαλιν.
1729 1781 1759 1807 τδ
1777 1782 1891 1814 ἰδιάζον

1093 1829 1147 1854 τῶν
1163 1828 1281 1861 φύσεων,
1296 1827 1328 1853 οὐ
1344 1827 1485 1862 διατέμνει
1499 1827 1547 1861 τὴν
1566 1826 1630 1860 μίαν
1644 1826 1690 1853 τοῦ
1710 1827 1778 1853 Θεοῦ
1795 1828 1891 1861 Λόγου

1096 1872 1245 1898 ὑπόστασιν
1255 1880 1262 1887 ·
1279 1871 1347 1898 ἀλλὰ
1362 1871 1507 1898 κοινωνοῦν
1523 1871 1725 1902 ὑποστατικῶς,
1742 1871 1893 1907 διακέκρι-

1094 1926 1138 1944 ται
1155 1918 1288 1951 φυσικῶς.
1313 1918 1344 1944 Εἰ
1359 1918 1387 1943 δὲ
1412 1918 1516 1952 μερίζοι
1543 1918 1572 1944 ὲν
1593 1918 1632 1952 τῷ
1658 1918 1892 1952 περιγράφεσθαι

1095 1964 1162 1998 ὅπερ
1177 1964 1250 1990 ἐστὶν
1273 1963 1371 1996 ἰδιάζον
1385 1964 1432 1998 τῆς
1448 1963 1621 1998 ἀνθρωπίνης
1636 1963 1755 1997 φύσεως,
1775 1965 1892 1998 μερίζοι

1095 2010 1150 2044 ἄρα
1165 2010 1244 2036 κάκεῖ
1258 2009 1306 2044 τὴν
1325 2010 1389 2043 μίαν
1404 2009 1483 2043 φύσιν
1512 2009 1542 2034 τὸ
1557 2008 1734 2042 ἀγέννητον,
1752 2009 1800 2035 καὶ
1821 2018 1894 2043 τεν-

1096 2055 1200 2089 τμητὸν,
1227 2056 1274 2082 καὶ
1298 2055 1490 2088 ὲκπορευτὸν,
1516 2055 1584 2090 ὅπερ
1610 2055 1683 2080 ἐστὶν
1710 2054 1817 2085 ἰδιάζον
1837 2056 1893 2081 τῶν

1098 2101 1182 2136 τριῶν
1197 2101 1388 2127 ὑποστάσεων·
1405 2099 1473 2126 ἀλλὰ
1494 2100 1548 2135 μὴν
1563 2101 1594 2126 οὐ
1611 2099 1728 2134 μερίζει,
1749 2099 1803 2126 κᾶν
1829 2101 1893 2126 ἑτε-

260 2146 349 2167 turam
366 2141 528 2175 singularem
538 2139 768 2174 divideret,Atqui
782 2147 835 2165 non
856 2138 950 2165 dividit
964 2143 1040 2165 certe,

1101 2147 1182 2182 ροίως
1199 2146 1247 2182 ἔχῃ
1262 2146 1328 2180 πρὸς
1340 2146 1450 2181 ἄλληλα.
1466 2146 1533 2172 Οὐδὲ
1548 2145 1664 2172 ἐνταῦθα
1680 2145 1735 2179 ἄρα
1751 2144 1802 2179 τὴν
1826 2146 1895 2180 μίαν

259 2186 436 2221 quantumvis
455 2186 500 2212 illa
517 2186 572 2213 sint
597 2185 666 2212 inter
689 2193 718 2212 se
732 2185 850 2216 diversa.
875 2184 946 2218 Ergo
962 2191 1040 2218 nequi

1098 2192 1246 2218 ὑπόστασιν
1269 2191 1386 2226 Χριστοῦ
1409 2191 1440 2217 τὸ
1458 2191 1663 2226 ἀπερίγραπτον
1681 2189 1733 2223 τῆς
1757 2189 1894 2224 θεότητος

261 2233 322 2258 istic
341 2238 485 2265 personam
501 2230 603 2257 Christi
621 2230 787 2264 singularem
801 2228 1048 2263 incircuntscriptio

260 2277 411 2304 divinitatis
422 2281 448 2303 et
463 2276 684 2310 circumscriptio
700 2275 890 2307 humanitatis,
906 2279 1039 2309 quantum

261 2323 303 2349 vis
322 2323 392 2348 inter
407 2330 436 2349 se
450 2327 632 2357 opponantur.

297 2366 367 2394 XIV.
383 2367 411 2395 Si
426 2376 479 2394 non
497 2368 570 2399 licet,
585 2375 618 2394 ex
632 2374 665 2394 eo
677 2366 749 2401 quod
767 2366 837 2392 Detts
852 2363 970 2392 Verbum
987 2372 1046 2392 car-

261 2420 323 2439 nem
337 2413 435 2443 induit.
447 2411 592 2444 aﬂlt'tnare,
611 2412 716 2439 Patrem
733 2416 759 2438 et
773 2411 903 2444 Spiritum
921 2415 1045 2438 sattctum

259 2463 419 2493 corporatos
434 2458 530 2490 fuisse,
548 2458 673 2492 quamvis
705 2457 825 2484 Trinitas
857 2456 995 2483 individua
1010 2457 1046 2483 sit

260 2504 410 2531 secundum
427 2508 561 2536 naturam,
589 2504 690 2538 pariter
710 2510 764 2530 non
786 2503 847 2530 licet
864 2511 896 2529 ex
917 2511 949 2530 eo
972 2504 1045 2537 quod

261 2549 486 2583 circumscriptus
504 2549 573 2575 idetn
599 2548 649 2576 fuit
664 2549 814 2576 secundum
839 2548 1045 2581 humanitatem,

260 2593 405 2626 aﬁirmare,
421 2593 590 2620 divinitatem
617 2595 698 2622 simul
727 2594 928 2626 circumscribi,
952 2603 1048 2629 quam.

1098 2237 1145 2263 καὶ
1170 2236 1356 2271 περιγραπτὸν
1380 2236 1428 2271 τῆς
1450 2236 1667 2271 ἁνθρωπότητος,
1684 2234 1735 2260 κᾶν
1751 2235 1895 2266 ἐναντίως

1098 2283 1146 2318 ἔχῃ
1160 2283 1227 2318 πρὸς
1245 2282 1356 2317 ἄλληλα.

1136 2369 1183 2394 1Δ¹.
1205 2368 1235 2394 Et
1258 2368 1289 2394 οὺ
1308 2367 1352 2394 διὰ
1372 2367 1403 2394 τὸ
1416 2367 1462 2394 τὸν
1483 2366 1549 2394 Θεὸν
1571 2367 1656 2401 Λόγον
1678 2366 1893 2401 σεσαρκῶσθαι.

1099 2413 1160 2445 ἐξὸν
1174 2414 1261 2440 εἰπεῖν
1274 2413 1472 2449 σωματωοῆναι
1483 2413 1528 2439 τὸν
1538 2412 1647 2447 Πατέρα
1658 2412 1746 2439 καὶτὸ
1760 2412 1894 2447 Πνεῦμα,

1099 2459 1151 2485 κᾶν
1170 2459 1186 2493 ἠ
1209 2459 1295 2493 Τριὰς
1317 2458 1389 2486 κατὰ
1412 2459 1493 2492 φύσιν
1516 2457 1676 2492 ἀμέριστος·
1703 2457 1765 2483 οὐδὲ
1786 2457 1838 2484 διὰ
1863 2459 1895 2484 τὸ

1099 2504 1318 2540 περιγεγράφθω
1342 2504 1424 2530 αὐτὸν
1439 2503 1509 2531 κατὰ
1524 2503 1553 2530 τὸ
1568 2503 1750 2538 ἀνθρώπινον,
1766 2503 1833 2534 ὲξδν
1852 2505 1893 2529 εἱ-

1103 2551 1164 2576 πεῖν
1178 2551 1226 2584 τὴν
1241 2550 1354 2583 θεότητα
1373 2548 1658 2585 συμπεριγράφεσῢαι,
1674 2548 1726 2574 κᾶν
1741 2547 1806 2573 καθ’
1823 2549 1894 2573 ὐπὸ-

1101 2603 1196 2621 στασιν
1220 2595 1289 2629 αὕτη
1312 2595 1360 2629 τῆς
1384 2594 1484 2630 σαρκὸς
1509 2594 1666 2629 ἀμέριστος,
1690 2592 1739 2627 τῆς
1765 2593 1894 2626 Quanti;

921 2680 1037 2708 VARUS
1058 2680 1260 2710 LECTIONES.

297 2765 309 2785 ιι
326 2760 363 2788 lix
381 2759 524 2788 Ancorato.
545 2766 558 2785 ς
572 2761 647 2787 Tom.
670 2760 701 2787 Vl
715 2759 819 2787 Οοηιὶἰ.
836 2758 933 2786 Labhei
950 2766 1012 2794 pag.
1024 2758 1087 2786 85!.
