1916 3075
250 91 302 122 487

840 89 872 116 S.
887 88 936 116 ΤΗ
943 87 1083 117 EODORI
1117 89 1291 119 STUDlT/E

1808 90 1858 121 488

243 148 332 182 jusvis
345 147 377 174 de
402 146 495 173 eodem
509 152 607 180 genere
628 144 662 171 ab
686 145 748 171 aliis
771 144 890 172 diverso.
908 144 1030 176 Quorum

1085 146 1240 180 ἐτεροειδῶν
1254 154 1304 181 της
1316 146 1401 180 αὐτῆς
1424 146 1543 179 φύσεως.
1556 142 1661 181 Ὦνπερ
1683 146 1732 178 τὰς
1756 148 1859 179 εἰκόνας

246 192 378 227 imagines
388 199 450 218 cum
465 190 575 217 deorum
601 190 661 216 loco
678 189 809 216 haberent
822 189 947 223 gentiles,
963 188 1029 215 Bar-

245 238 315 270 bari,
331 237 448 272 Scythae,
473 235 636 266 Seruierunt,
652 238 682 261 ut
708 235 755 266 ait,
785 239 915 261 creaturae
941 234 1029 267 potius

245 290 324 316 quum
344 281 466 309 Creatori
477 280 512 312 ³’,
547 280 744 306 constituentes
770 279 872 306 mullos
905 279 971 305 deos
998 285 1030 305 ac

245 327 324 358 deus,
350 327 420 353 inter
445 333 474 352 se
488 325 646 358 dissimiles,
665 329 721 351 ttun
745 325 825 351 etiam
851 325 965 351 invicem
980 332 1029 359 pu-

246 375 371 405 gnantes,
388 378 403 397 e
415 370 515 405 quibus
528 370 621 396 nullus
638 373 685 396 aut
708 373 776 401 erat,
794 373 841 396 aut
853 374 905 401 est,
917 375 965 396 aut
979 370 1031 396 erit

246 417 328 444 Deus.
347 416 439 450 Neque
449 415 510 442 ideo
525 422 591 442 sane
603 414 676 449 quod
693 414 825 449 imagines
836 413 1031 442 fabricaverint

247 461 406 496 reprehensi
419 463 502 487 sunt:
519 459 741 493 quandoquidem
758 464 784 485 et
803 458 902 490 Moses,
917 464 946 485 ut
963 459 1031 485 alios

247 508 384 537 οιιιίιιιιηι,
400 510 427 532 et
454 509 605 539 serpentem
626 510 654 531 et
678 504 826 531 Cherubin:
867 505 1030 539 imaginibus

246 552 382 586 exprimit.
396 555 422 578 et
430 550 633 578 tabernaculum
647 548 830 581 coniecturus.
847 550 929 576 totius
942 550 1031 583 operis

247 598 393 633 imaginem
404 605 420 624 a
433 596 486 623 Deo
499 596 611 630 accepit.
623 596 668 622 Ait
679 596 761 628 enim,
777 595 853 628 Vide,
879 595 960 629 facies
977 603 1032 621 om-

247 646 292 671 nia
303 645 386 678 juxta
400 649 489 679 typum
504 648 634 669 ostensum
652 642 700 669 tibi
713 643 739 668 in
753 647 839 669 monte
849 641 884 674 ⁸ο,
900 642 947 668 sed
967 642 1030 676 quia

248 691 274 718 id
290 691 362 725 quod
378 689 496 724 imagine
512 696 673 723 expressum
684 693 752 719 erat,
768 687 852 714 Deum
867 691 1032 722 putaverunt

248 736 455 769 colueruntque,
468 734 564 761 seriem
596 734 708 760 deorum
724 733 947 759 innumerabilem
966 739 1032 759 con-

249 783 453 814 stituentes,per
463 779 643 814 ignorantiam
652 779 734 806 unius
745 787 776 806 ac
785 778 871 806 solius
882 777 928 805 Dei
940 778 1031 804 incor-

1083 190 1291 225 Θεοποιήσαντες
1307 191 1450 226 Ἕλληνες,
1471 192 1608 226 Βάρὸαροι
1618 211 1625 223 ,
1640 192 1742 218 Σκύθαι
1752 213 1759 224 ,
1780 193 1862 220 Ἑλὰα

1083 244 1223 270 τρευοαν,
1238 236 1275 267 ὥς
1290 245 1368 270 φησι,
1382 236 1419 270 τῇ
1435 237 1530 263 κτίσει
1543 238 1622 271 παρὰ
1636 237 1690 263 τὸν
1703 238 1858 267 κτίσαντα,

1083 281 1198 311 πολλοὺς
1212 281 1290 313 θεοὺς
1308 290 1338 308 τε
1357 282 1404 308 καὶ
1421 281 1485 313 θεὰς
1509 283 1665 316 ἐτεροφυεῖς
1679 291 1707 308 τε
1730 283 1797 317 ὁμοῦ
1817 284 1861 309 καὶ

1082 325 1287 366 ἀλληλομάχους
1298 327 1533 362 προστησάμενοι·
1543 325 1581 354 ὧν
1591 328 1691 362 οὐδὲνῆ
1702 326 1745 362 ἦν,
1755 328 1771 362 ἦ
1781 329 1860 359 ἔστιν,

1082 370 1099 406 ἢ
1118 371 1196 397 ἔσται
1215 371 1292 402 Θεός.
1311 371 1366 397 Καὶ
1379 372 1428 406 οὐχ
1448 372 1489 398 ὅτι
1503 372 1571 401 ὅλως
1585 381 1610 398 τι
1625 372 1679 398 τῶν
1694 373 1778 399 ὅντων
1791 374 1861 399 εἰκό-

1083 424 1160 443 νισαν
1175 417 1378 452 κατηγόρηνται
1388 426 1395 432 ·
1412 417 1474 443 ἐπεὶ
1490 418 1537 444 καὶ
1556 418 1662 451 Μωσῆς
1676 418 1802 450 εἰκονίζει
1817 419 1863 444 καὶ

1084 461 1177 494 Ὄφιν,
1192 462 1238 488 καὶ
1253 462 1393 496 Χερουὸίμ
1404 470 1410 476 ·
1424 462 1468 488 ἵνα
1482 463 1563 496 παρῶ
1577 463 1640 494 τοὺς
1653 463 1750 494 ἄλλους
1765 463 1860 497 λέγειν·

1084 507 1131 533 καὶ
1142 507 1206 541 ὃλην
1220 507 1249 533 δὲ
1263 508 1368 541 μέλλων
1383 508 1516 534 ἐπιτελεῖν
1530 507 1579 542 τὴν
1596 508 1708 543 σκηνὴν,
1724 509 1863 540 εἰκονικῶς

1083 552 1168 586 αὐτὴν
1183 552 1250 587 πρὸς
1269 552 1336 579 Θεοῦ
1352 553 1503 587 μεμύηται.
1520 553 1595 584 ’Ὅρα
1606 552 1671 588 γὰρ,
1685 553 1762 588 φησὶ,
1780 554 1864 586 ποιή-

1084 604 1150 628 σεις
1161 596 1258 623 πάντα
1268 597 1342 623 κατὰ
1357 597 1410 623 τὸν
1423 597 1518 624 τύπον
1532 597 1585 623 τὸν
1601 597 1756 632 δειχθέντα
1769 605 1817 624 σοι
1831 598 1865 624 ἐν·

1084 641 1123 675 τῷ
1139 642 1198 676 ὄρει
1219 650 1226 657 ·
1240 642 1300 669 ἄλλ’
1313 643 1353 668 ὄτι
1369 642 1435 668 αὐτὸ
1449 643 1478 667 τὺ
1493 641 1726 672 εἱκονισθὲν,Θεὸν
1739 642 1865 677 ἑνόμισάν

1084 695 1114 714 τε
1137 688 1184 713 καὶ
1207 687 1407 719 ὲσεόἁσθησαν,
1434 686 1555 722 ὁρμαθὸν
1577 687 1761 722 μυριὸπλοκον
1784 688 1865 713 πολι)-

1085 732 1159 764 οεῖας
1174 734 1386 767 συστησάμενοι,
1402 733 1500 767 ἀγνοίᾳ
1518 732 1565 758 τοῦ
1579 732 1664 763 ὅντως
1689 732 1767 764 δντος
1786 733 1865 767 μόνου

1085 778 1145 809 ἐνὸς
1160 778 1227 804 Θεοῦ
1242 778 1383 813 ἀφθάρτου
1406 778 1455 804 καὶ
1478 778 1607 813 ἀοράτου.
1621 778 1691 812 Πρδς
1707 776 1752 808 οὓς
1765 778 1780 804 ὁ
1794 779 1867 813 ἱερὸς

249 825 387 860 ruptibilis
398 829 426 852 et
445 824 600 852 invisibilis.
614 824 720 857 Quibus
743 824 852 851 divinus
874 823 1031 857 Apostolus,

1089 824 1266 856 ’Δπόστολος·
1289 823 1385 856 Γένος
1407 821 1464 851 οὖν
1495 823 1682 857 ὑπάρχοντες
1701 823 1755 850 τοῦ
1781 824 1866 855 Θεοῦ,

250 871 337 896 Genus
356 877 418 903 ergo
435 877 494 895 cum
508 869 590 895 timus
606 868 664 898 Dei.
687 876 739 895 non
755 868 875 894 debemus
899 867 1032 894 aestimare

249 923 326 947 auro,
338 919 384 941 aut
395 918 514 949 argento,
528 918 574 939 aut
588 913 683 947 lapidi,
693 913 836 947 sculpturisI
850 913 929 942 artis.
945 917 968 938 et
986 919 1031 937 co-

249 959 384 995 gilalionis
397 959 519 990 hominis,
531 958 649 985 divinum
659 965 714 984 esse
723 957 808 984 simile
822 958 854 983 ιι.
869 957 925 984 Hoc
933 961 985 987 est,
998 963 1032 983 ex

249 1006 415 1040 imaginibus
424 1004 552 1031 ﬁerideos
565 1004 599 1030 ab
609 1003 644 1030 iis
654 1003 686 1030 de
695 1003 794 1038 quibus
805 1002 918 1029 dictum.
929 1001 1033 1034 Quibus

249 1057 339 1078 autem
352 1058 420 1077 unus
435 1050 503 1076 Deus
518 1049 600 1076 Pater
614 1056 646 1076 ea:
661 1057 712 1084 quo
733 1048 833 1080 omnia,
848 1052 872 1074 ct
887 1055 956 1073 unus
977 1047 1033 1073 Do-

249 1098 336 1124 minus
347 1097 425 1124 Jesus
438 1095 558 1123 Christus
583 1103 629 1130 per
652 1103 728 1130 quem
747 1095 835 1122 omnia
847 1095 880 1126 δ’,
905 1099 932 1120 et
962 1100 1033 1120 unus

251 1143 369 1178 Spiritus
381 1146 492 1170 sanctus
516 1142 545 1168 in
567 1149 621 1176 quo
638 1141 740 1172 omnia,
773 1147 944 1174 nequaquam
968 1139 1034 1166 deos

253 1189 369 1220 laciunt,
395 1187 490 1217 oriri,
517 1194 550 1213 ex
585 1186 761 1221 imaginibus,
802 1194 864 1213 cuin
896 1192 1034 1219 corporea:

250 1234 352 1262 Christi
370 1234 462 1260 forum
479 1232 624 1267 imaginem
639 1232 766 1267 erigunt;
781 1232 852 1259 absit
866 1232 873 1258 ι
886 1232 932 1258 sed
946 1232 1033 1264 ipsum

251 1282 279 1308 in
303 1281 391 1307 l'ornia
417 1283 517 1306 nostra:
546 1279 626 1305 simili
653 1278 812 1312 apparuisse
849 1278 1036 1309 Conﬁtentur;

251 1327 323 1353 sicut
341 1325 472 1358 scriptum
498 1326 560 1349 est:
579 1322 704 1354 Quicum
727 1322 754 1348 in
779 1322 866 1356 forma
893 1321 940 1347 hci
969 1325 1035 1348 esset

249 1380 301 1398 non
340 1371 462 1405 rapinam
503 1369 649 1394 arbitratus
682 1372 720 1394 est
755 1375 811 1394 esse
846 1375 873 1393 se
908 1367 1036 1400 arqualem

250 1417 317 1447 Deo,
335 1417 379 1442 sed
402 1415 569 1448 semetipsum
598 1413 754 1445 exiuunivit,
784 1413 811 1439 in
835 1413 1036 1439 similitudinem

250 1462 386 1488 hominum
405 1461 502 1495 factus,
522 1465 545 1486 et
562 1459 654 1485 habitu
668 1459 787 1485 iuventus
812 1463 840 1484 ut
860 1458 948 1486 homo.
976 1458 1036 1484 llu-

1082 870 1137 896 οὑκ
1152 870 1312 904 ὀφείλομεν
1321 868 1451 904 νομιζειν
1462 868 1601 904 χρυσῷ,ἧ
1617 869 1744 903 ἀργύρῳ,
1755 868 1773 903 ἦ
1784 870 1867 901 λίθῳ.

1081 917 1247 950 χαράγματι
1263 916 1373 950 τέχνης
1384 936 1392 947 ,
1409 915 1460 943 καὶ
1479 915 1672 950 ἐνθυμήσεως
1698 916 1867 950 ἀνθρώπου,

1085 961 1119 986 τὸ
1142 960 1228 988 Θεῒον
1246 959 1324 988 εἶναι
1333 961 1447 994 ὅμοιον.
1465 960 1552 987 Τοῦτό
1569 961 1627 987 ἐστι
1642 961 1672 986 τὸ
1690 960 1740 992 τὰς
1763 961 1869 991 εἰκόνας

1083 1006 1265 1032 θεοποιεῖσθαι
1280 1006 1342 1037 τοὺς
1356 1009 1582 1041 προειρημένους.
1600 1002 1648 1036 Οἷς
1660 1005 1688 1031 δὲ
1703 1003 1747 1037 εἷς
1762 1005 1833 1037 Θεὸς
1852 1007 1869 1031 ό

1082 1051 1195 1085 Πατὴρ,
1217 1051 1252 1083 ἐξ
1266 1049 1301 1079 οὗ
1315 1050 1351 1078 τὰ
1368 1051 1483 1077 πάντα·
1499 1051 1549 1077 καὶ
1561 1048 1605 1084 εἷς
1618 1051 1726 1084 Κύριος
1746 1050 1870 1084 Ἰησοῦς

1083 1097 1220 1130 Χριστὸς,
1247 1095 1284 1122 δι’
1297 1094 1333 1124 οὗ
1350 1096 1387 1123 τὰ
1402 1096 1514 1123 πάντα·
1531 1096 1578 1122 καὶ
1599 1095 1628 1122 ἓν
1650 1095 1764 1130 Πνεῦμα
1780 1096 1869 1129 ἅγιον,

1084 1143 1114 1169 ὲν
1130 1139 1153 1176 ᾧ
1165 1142 1201 1168 τὰ
1222 1143 1328 1169 πάντα·
1344 1142 1374 1168 οὐ
1391 1141 1526 1168 θεοποιεῖν
1543 1142 1627 1173 ἐστιν,
1640 1138 1663 1167 ὦ
1680 1141 1786 1175 ἄνδρες,
1805 1141 1872 1167 ἀνα-

1086 1187 1213 1223 στηλοῦσι
1240 1188 1290 1223 τὴν
1316 1187 1410 1214 εἰκόνα
1434 1187 1481 1214 τοῦ
1508 1186 1665 1222 σωματικοῦ
1697 1187 1873 1222 χαρακτῆρος

1085 1233 1219 1268 Χριστοῦ·
1237 1234 1345 1268 ἄπαγε·
1367 1233 1425 1260 ἀλλ’
1442 1233 1583 1268 ὁμολογεῖν
1602 1233 1683 1258 αὑτὸν
1703 1234 1732 1258 ἐν
1747 1232 1813 1259 εἴδει
1831 1232 1873 1266 τῷ

1085 1279 1146 1305 καθ’
1167 1280 1239 1314 ἡμᾶς
1258 1279 1351 1313 φάναι,
1378 1278 1449 1305 καθὰ
1473 1279 1640 1314 γέγραπται*
1662 1279 1714 1312 Ὃς
1726 1279 1760 1304 ἐν
1769 1278 1873 1313 μορφῇ

1087 1325 1162 1352 Θεοῦ
1176 1324 1329 1359 ὑπάρχων,
1346 1325 1402 1358 οὐχ
1413 1324 1571 1359 ἁρπαγμὸν
1585 1325 1731 1359 ἡγήσατο,
1743 1324 1779 1350 τὸ
1795 1322 1874 1350 εἶναι

1087 1370 1140 1396 ἴσα
1160 1370 1220 1403 Θεῷ
1230 1379 1237 1385 ·
1253 1370 1322 1397 ἀλλ’
1335 1370 1445 1397 ἑαυτὸν
1466 1370 1606 1401 ἐκένωσε,
1619 1369 1741 1404 μορφὴν
1759 1369 1875 1396 δούλου

1086 1415 1196 1446 λαόὼν,
1222 1416 1257 1442 ἐν
1271 1415 1429 1450 ὁμοιώματι
1448 1415 1606 1449 ἀνθρώπου
1623 1416 1801 1450 γενόμενος,
1822 1416 1875 1441 καὶ

1086 1461 1219 1496 σχήματι
1247 1462 1379 1495 εὑρεθεὶς
1404 1462 1443 1494 ὡς
1467 1461 1631 1494 ἅνθρωπος.
1654 1461 1879 1487 Ἐτιιπείνωσεν·

251 1507 364 1533 miliuvit
377 1507 544 1539 semetipsum
562 1505 649 1538 [actus
670 1503 789 1530 obedieus
808 1513 888 1538 usque
913 1505 947 1531 ad
965 1512 1023 1530 mor

1086 1507 1195 1534 ἑαυτὸν
1209 1508 1370 1541 γενόμενος
1385 1507 1518 1540 ὑπήκοος
1529 1507 1617 1541 μέχρι
1632 1507 1774 1536 θανάτου,
1787 1507 1878 1533 θανά·

253 1557 317 1583 tem,
342 1556 452 1578 mortem
471 1555 559 1577 autent
574 1550 659 1576 crucis
670 1549 700 1575 “.
723 1549 808 1584 Cujus
819 1550 930 1584 quidem
947 1550 1037 1584 imago

196 1602 208 1611 '
253 1605 307 1624 non
317 1598 343 1624 in
358 1596 562 1624 similitudinem
575 1595 693 1622 hominis
706 1596 889 1630 corruptibilis
902 1603 909 1627 ;
926 1595 951 1622 id
964 1595 1036 1630 quod

253 1644 287 1670 ab
303 1643 431 1678 Apostolo
445 1642 643 1669 condemnatur
656 1650 663 1674 ;
678 1649 770 1668 verum
784 1642 811 1668 in
827 1642 1035 1668 similitudinem

253 1688 373 1716 hominis
388 1689 498 1722 quidem
517 1691 600 1719 certe,
628 1687 698 1714 sicut
726 1690 807 1713 antea
833 1687 912 1718 dixit.
939 1691 966 1714 at
983 1695 1036 1713 non

253 1733 448 1767 corruptibilis,
474 1732 522 1760 sed
548 1732 774 1766 incorruptibilis.
800 1731 862 1758 Non
876 1732 948 1758 enim
964 1733 1037 1758 dere-

254 1778 318 1804 licta
333 1777 384 1812 fuit
399 1777 489 1803 anima
504 1777 560 1811 ejus
585 1777 612 1803 in
628 1777 741 1810 inferno,
761 1781 790 1803 ut
806 1784 921 1811 magnus
942 1776 1037 1803 Pclllls

255 1823 302 1853 ait,
320 1830 402 1856 neque
416 1830 478 1848 caro
489 1822 546 1856 ejus
561 1820 626 1848 vidit
646 1821 839 1856 corruptionem
857 1822 891 1852 “,
908 1821 1036 1854 quoniam

254 1868 381 1895 Christus
396 1875 451 1894 non
480 1871 523 1895 est
547 1867 629 1894 homo
657 1868 759 1899 nudus,
784 1867 830 1894 sed
856 1866 928 1893 Deus
957 1867 1039 1894 homo

254 1912 361 1940 factus:
376 1912 600 1946 circumscriptus
618 1911 730 1947 quidem
743 1912 894 1939 secundum
917 1913 1038 1947 corporis

256 1959 385 1991 formam,
413 1957 546 1993 siquidem
576 1958 603 1984 in
625 1957 803 1985 similitudine
825 1958 942 1984 hominis
964 1957 1037 1985 fuit:

255 2013 370 2031 manens
383 2012 447 2031 vero
472 2003 727 2037 incircumscriptus
759 2003 909 2030 secundum
941 2003 1040 2030 divini-

255 2051 320 2077 tatis
352 2051 512 2082 essentiam,
540 2049 675 2084 siquidem
702 2056 766 2076 cum
784 2048 865 2076 Patre
883 2053 910 2077 et
936 2048 1038 2085 Spiritu

254 2096 396 2124 dissimilis
408 2100 450 2123 est
459 2095 574 2123 aliorum
590 2095 723 2122 omnium.

290 2185 390 2212 Deinde
405 2184 542 2218 quomodo
556 2184 681 2211 Christus
694 2184 721 2210 in
736 2184 889 2211 oeconomia
919 2183 1036 2211 Verbum

253 2238 315 2257 esse
327 2231 500 2265 intelligetur,
515 2230 651 2262 si,contra
671 2237 753 2264 quam
771 2229 850 2256 Pater
864 2234 891 2257 et
909 2229 1036 2264 Spiritus,

255 2285 310 2303 non
337 2277 445 2308 habent,
462 2280 558 2310 praeter
584 2283 661 2303 suam
687 2274 748 2302 Filii
774 2275 979 2310 proprietatem,
1010 2280 1039 2302 ut

255 2323 342 2349 forma
368 2329 498 2356 corporea
515 2322 704 2356 repraesentari
735 2321 842 2356 possit?
862 2321 954 2356 Itaque
970 2321 1037 2348 deos

253 2376 287 2395 ex
305 2368 469 2403 imaginibus
496 2368 588 2396 facere
611 2368 723 2395 minime
745 2368 874 2395 censendi
897 2372 961 2395 sunt
989 2368 1036 2402 qui

251 2414 353 2441 Christi
380 2414 527 2448 imaginem
551 2414 681 2449 eliingunt
706 2418 732 2440 et
753 2414 892 2440 adorant:
921 2413 1003 2445 absit,
1020 2421 1037 2440 0

253 2460 339 2487 bone!
357 2459 415 2487 Non
427 2461 500 2487 enim
517 2460 600 2487 Deum
623 2468 732 2487 carnem
747 2460 847 2486 factum
869 2459 968 2486 habere
988 2467 1038 2486 nos

251 2506 389 2533 dicimus:
413 2514 500 2540 neque
515 2505 583 2533 iluos
610 2505 686 2537 deos,
713 2505 759 2532 sed
776 2506 886 2532 unicum
905 2506 931 2532 in
952 2505 1039 2533 tribus

252 2552 388 2586 personis.
405 2551 498 2586 Neque
526 2559 588 2578 cum
615 2551 759 2586 imaginem
793 2553 950 2584 adoramus,
979 2553 1038 2579 ani-

253 2605 315 2624 mus
329 2602 371 2624 est
384 2598 537 2629 materiam,
552 2597 578 2623 in
594 2605 647 2632 qua
661 2606 791 2632 expressa
809 2603 859 2630 est,
874 2599 954 2633 impie
968 2598 1036 2625 ado-

253 2651 315 2670 rare
329 2652 335 2669 Ζ
351 2643 397 2670 sed
418 2643 490 2670 illam
510 2643 594 2677 ipsam
609 2650 678 2676 uiue,
693 2651 755 2669 cuin
771 2644 796 2670 in
816 2644 927 2670 materia
944 2644 1038 2678 impri-

254 2694 345 2717 matur
359 2690 446 2717 instar
464 2690 560 2726 sigilli,
582 2693 639 2716 tum
663 2689 690 2716 in
704 2690 813 2717 Christo
838 2696 936 2717 natura
953 2690 1034 2719 inest.

290 2777 310 2792 ‘"
321 2777 387 2804 Rom
413 2786 431 2809 ι,
443 2778 488 2805 93$.

1087 1561 1141 1579 του
1153 1553 1187 1578 δὲ
1201 1553 1345 1586 σταυροῦ.
1371 1550 1463 1588 Οὗπερ
1478 1553 1494 1587 ὴ
1512 1551 1594 1578 εἰκὼν
1611 1553 1660 1578 οὐκ
1674 1553 1703 1578 ὲν
1719 1553 1879 1587 ὁμοιώματι

1087 1598 1209 1634 φθαρτοῦ
1225 1598 1370 1634 ἀνθρώπου
1384 1618 1391 1630 ,
1421 1599 1489 1633 ὅπερ
1507 1598 1694 1629 ἀποστολικῶς
1712 1600 1880 1633 κατηγορεῖ-

1087 1652 1148 1670 ται*
1171 1644 1228 1670 ἀλλ’
1255 1645 1284 1671 ὲν
1300 1644 1453 1679 ὁμοιώματι
1480 1644 1527 1678 μὲν
1553 1643 1707 1679 ἀνθρώπου,
1732 1643 1769 1675 ὡς
1791 1644 1882 1675 αὐτὸς

1088 1690 1270 1726 προείρηκεν,
1295 1691 1325 1717 οὺ
1346 1691 1399 1726 μὴν
1424 1689 1555 1726 φθαρτοῦ,
1571 1689 1639 1716 ἀλλὰ
1661 1689 1814 1723 ἀφθάρτου.
1835 1690 1882 1715 οὐ

1088 1738 1142 1771 γὰρ
1172 1738 1387 1772 ἐγκατελείφθη
1404 1738 1423 1771 ἠ
1443 1736 1527 1771 ψυχὴ
1559 1735 1653 1763 αὑτοῦ
1668 1737 1711 1768 εἰς
1727 1735 1802 1768 ᾅδου
1815 1755 1824 1766 ,
1839 1734 1883 1766 ὣς

1089 1791 1171 1817 φησιν
1187 1785 1200 1810 ο
1218 1784 1304 1818 μέγας
1322 1784 1422 1818 Πέτρος
1434 1791 1441 1798 θ
1468 1781 1540 1808 οὐδὲ
1561 1782 1580 1815 ἡ
1604 1781 1682 1815 σὰρξ
1706 1780 1800 1807 αὐτοῦ
1817 1778 1885 1806 εἶδε

1088 1829 1265 1863 διαφθοράν.
1290 1829 1362 1855 Διότι
1384 1829 1414 1855 οὐ
1437 1828 1512 1863 ψιλὸς
1535 1828 1698 1862 ἄνθρωπος,
1720 1826 1789 1853 ἀλλὰ
1811 1826 1885 1858 Θεὸς

1088 1875 1289 1910 ἀνθρωπισοεὶς
1303 1876 1317 1901 ὁ
1330 1875 1447 1910 Χριστὸς
1459 1895 1466 1905 ,
1487 1873 1727 1908 περιγραφόμενος
1741 1872 1791 1907 μὲν
1806 1874 1885 1899 κατὰ

1089 1920 1139 1954 τὴν
1151 1920 1198 1947 τοῦ
1217 1920 1344 1955 σώματος
1360 1921 1431 1947 ἰδέαν
1441 1929 1448 1937 ο
1462 1921 1542 1954 εἴπερ
1557 1920 1585 1945 ὲν
1601 1917 1756 1953 ὁμοιώματι
1770 1917 1881 1952 ἀνθρώ-

1089 1975 1140 1992 που
1155 1963 1189 2000 ἦν
1206 1974 1212 1981 ·
1235 1966 1324 2001 μένων
1338 1966 1365 1992 δὲ
1381 1966 1586 2000 ἁπερίγραπτος
1603 1963 1675 1990 κατὰ
1690 1963 1739 1998 τὴν
1752 1963 1802 1997 τῆς
1818 1963 1885 1990 θεό-

1089 2020 1170 2047 τητος
1192 2011 1303 2038 οὐσίαν·
1321 2013 1401 2046 εἴπερ
1423 2012 1472 2038 σὺν
1493 2012 1580 2045 [lupi
1604 2010 1652 2037 καὶ
1671 2009 1812 2044 Πνεύματι
1833 2010 1887 2036 ἁν-

1089 2058 1214 2093 εμφερὴς
1226 2059 1282 2089 τοῖς
1296 2058 1389 2084 πᾶσιν.

1133 2187 1209 2213 Ἐπεὶ
1226 2186 1277 2213 ποῦ
1294 2187 1444 2221 φανήσεται
1460 2186 1473 2212 ὁ
1486 2185 1537 2219 τῆς
1552 2185 1713 2219 Οἰκονομίας
1730 2185 1830 2218 Λόγος,
1847 2187 1889 2221 μὴ

1091 2233 1228 2267 ἐξαίρετον
1239 2232 1314 2268 παρὰ
1327 2232 1373 2258 τὸν
1388 2231 1496 2265 Πατέρα
1514 2231 1560 2257 καὶ
1574 2231 1604 2256 τὸ
1616 2230 1738 2264 Πνεῦμα,
1754 2232 1828 2265 πρὸς
1845 2232 1890 2267 τῷ

1091 2277 1168 2313 Υἱκῷ
1184 2277 1309 2312 ἰδιώματι
1322 2277 1390 2313 ἔχων
1403 2279 1418 2304 ὁ
1441 2278 1558 2312 Χριστὸς
1582 2277 1708 2310 σώματος
1722 2279 1889 2312 χαρακτῆρι

1091 2323 1287 2357 εἰκονίζεσθαις
1304 2324 1385 2350 Ὥστε
1405 2323 1435 2350 οὐ
1451 2322 1632 2349 θεοποιεῖσθαι
1655 2323 1728 2348 ἐστιν
1750 2323 1889 2355 εἰκόνας,

1090 2369 1139 2404 τὴν
1159 2369 1251 2396 εἰκόνα
1265 2369 1310 2396 τοῦ
1322 2369 1441 2401 Χριστοῦ
1454 2369 1590 2403 γράφουσι
1606 2367 1652 2393 καὶ
1666 2367 1887 2402 προσκυνοῦσιν·

1089 2414 1178 2449 ἄπαγε
1193 2411 1216 2440 ὦ
1237 2415 1310 2440 ’τᾶνο
1327 2415 1357 2440 οὐ
1373 2414 1428 2449 γὰρ
1448 2414 1514 2440 Θεὸν
1535 2413 1647 2447 ποιητὸν
1663 2412 1734 2447 ἔχειν
1751 2413 1890 2447 λέγομεν,

1087 2459 1156 2486 ἀλλὰ
1171 2459 1236 2486 Θεὸν
1253 2459 1445 2494 σαρκωθέντα·
1469 2458 1530 2485 οὔτε
1555 2458 1602 2484 δύο
1626 2458 1720 2490 θεοὺς,
1745 2458 1805 2483 ἀλλ’
1836 2459 1891 2484 ἕνα

1088 2505 1315 2539 τρισυπόοτατον.
1338 2505 1399 2532 υῡδ*
1412 2505 1442 2531 οὐ
1460 2505 1512 2540 μὴν
1528 2504 1745 2537 προσκπυνοῦντες
1768 2505 1821 2538 τὴν
1844 2507 1888 2531 εἱ-

1089 2551 1155 2577 κόνα
1166 2552 1215 2585 τὴν
1232 2551 1262 2577 ὲν
1316 2551 1501 2577 ἐκτετύπωται
1518 2550 1584 2585 ὓλην
1605 2551 1769 2584 προσκυνεῖν
1789 2551 1891 2582 ἀθέως

1091 2599 1305 2634 πεφρονήκαμεν
1315 2606 1321 2612 '
1336 2598 1393 2624 ἀλλ’
1405 2599 1490 2633 αὐτὴν
1503 2598 1612 2632 ἐκείνην
1625 2597 1747 2631 φυσικῶς
1765 2598 1796 2623 ὲν
1813 2599 1890 2632 Χρι-

1091 2644 1147 2680 στῷ
1161 2643 1256 2677 οὖσαν,
1278 2644 1329 2672 κᾶν
1351 2645 1517 2679 ἑκμάσσοιτο
1543 2646 1572 2672 ὲν
1588 2645 1657 2680 αὐτῇ
1676 2644 1829 2679 σφραγῖδος
1847 2644 1893 2670 δε-

1090 2698 1152 2725 κην.
1171 2690 1306 2726 ’Λμέτοχα
1320 2690 1373 2726 γὰρ
1388 2690 1439 2726 τῆς
1456 2690 1562 2725 φύσεως
1577 2688 1633 2717 εἷεν
1645 2691 1679 2717 ἂν
1692 2689 1726 2716 τὰ
1741 2690 1894 2724 ἐκμαγεῖα

528 2778 549 2793 δ”
564 2777 647 2805 Exod.
663 2786 725 2809 xxv,
740 2777 782 2804 Ml.
804 2777 824 2793 “
837 2777 896 2803 Att.
914 2778 1029 2807 “v.29.

1085 2778 1250 2814 'lCorJ'm,
1267 2779 1292 2806 6.
1333 2779 1353 2795 ⁸³
1368 2779 1485 2814 Philipp.
1495 2785 1525 2811 ll,
1543 2778 1570 2805 6.
1610 2779 1631 2794 “
1648 2778 1708 2806 Act.
1726 2786 1757 2811 ii,
1772 2777 1824 2812 3|,
