1916 3075
63 153 112 189 Ᾰ89

538 159 736 189 ADVFRSUS
754 159 982 190 lCONOMACH.
1001 161 1135 190 CAPITA
1153 161 1219 191 VII.

1638 160 1692 194 490

61 211 113 238 τῶν
125 210 291 246 ἀρχετύπων
307 212 336 237 ἐν
349 212 405 244 τοῖς
420 213 561 247 τεχνητοῖς
571 220 577 226 ·
595 213 680 248 μόνην
699 211 849 239 ἐπιδεικνύ-

905 211 1036 246 lmagines
1052 213 1125 241 enim
1145 217 1204 240 arte
1214 213 1292 240 facta:
1307 214 1430 241 eamdem
1445 218 1527 249 atque
1541 215 1690 251 archetypa

62 265 127 292 μενσ.
145 257 185 288 ὡς
199 257 230 283 ὲν
247 257 395 292 κατόπτρῳ
408 257 458 292 τὴν
472 258 621 292 ἐμφέρειαν
633 258 687 284 τῶν
703 255 797 293 ὧνπὲρ
813 258 851 284 εί-

60 311 100 329 ew
112 303 329 338 ἀπομόργματα.
350 303 428 330 Ἐπεὶ
440 303 513 330 οὕτω
527 313 558 338 γε
576 304 605 331 ὲν
620 304 658 338 τῷ
672 303 719 330 τοῦ
734 303 850 339 σταυροῦ

59 346 136 382 τύπῳ
152 347 227 374 κατὰ
242 349 333 383 πάσης
348 348 415 383 ὕλης
431 350 599 384 φαινομένῳ,
616 350 708 376 πᾶσαν
724 349 790 384 ὓλην
805 349 851 375 εὑ-

60 393 149 428 ρεοείη
155 403 206 429 μεν
221 394 453 429 προσκυνοῦντες.
483 395 563 422 Ἀλλὰ
580 395 664 422 ἀὸἀλε
678 396 727 431 τῆς
739 395 849 426 ἀνοία.ςί

59 439 86 465 ἓν
101 439 147 465 ἐπ’
160 440 266 474 ἀμφοῖν
279 441 391 475 κράτος,
405 441 468 474 δόξα
483 449 514 467 τε
535 441 582 468 καὶ
597 441 784 477 προσκύνησις
794 450 800 456 ·
814 442 852 474 ὡς

58 485 71 510 ὁ
86 485 175 519 μέγας
199 484 249 520 βοᾷ
263 485 405 517 Βασίλειος
416 494 423 501 ·
442 486 479 521 μὴ
494 486 696 514 δυοῡποστάτου
715 487 798 523 οὔσης
814 488 852 514 εί-

58 531 136 561 κὸνος
151 531 200 557 καὶ
214 531 262 557 τοῦ
277 531 460 566 πρωτοτύπου
493 532 645 568 ὲμφερείας
657 552 664 564 ,
681 532 750 560 ἀλλὰ
773 541 852 568 μονο-

59 576 225 604 ῦποστάτου.
242 578 322 612 Παρὰ
335 577 390 613 γὰρ
400 578 431 604 τὸ
443 578 573 614 διάφορον
587 579 638 615 τῆς
652 580 757 613 οὐσίας,
766 580 795 607 ἓν
804 580 852 608 καὶ

57 624 157 650 nam
172 623 204 649 τδ
220 625 378 658 ἀρχέτυπον
399 625 447 651 καὶ
469 625 485 660 ἡ
507 624 601 658 εἰκὼν,
622 626 705 662 φησὶν
731 627 745 653 ὁ
767 626 852 653 πολύ-

58 678 139 702 σο;ο;
155 669 305 701 Διονύσιος.
324 669 417 702 Οὕτως
437 670 485 696 ἐπὶ
500 671 550 705 τῆς
570 670 714 698 Θεοτόκου.
737 672 774 698 Οὐ
797 671 852 707 γὰρ

56 715 207 746 τυποῦντες
220 716 268 742 καὶ
281 715 498 752 προσκυνοῦντες
511 717 596 752 αὐτῆς
608 718 659 752 τὴν
673 717 775 751 εἰκόνα,
786 718 851 745 οεὰν

56 761 246 797 ἑμολνρίοίμεν
277 761 441 797 Ἑλληνικῶς
469 762 542 797 ἔχειν
566 763 615 789 καὶ
645 762 751 796 σέϐειν,
783 764 852 791 ἀλλὰ

57 808 200 834 Θεοτόκον.
230 807 301 843 Πρὸς
330 808 358 834 δὲ
386 807 433 834 καὶ
455 808 510 834 τῶν
536 808 622 842 ἁγίων
645 809 793 841 ὡσαύτως·
820 809 850 836 οὐ

57 853 173 884 πολλοὺς
192 852 269 883 θεοὺς
295 861 325 878 τε
347 852 393 879 καὶ
411 852 490 884 θεὰς,
509 853 565 880 ἀλλ’
582 854 628 880 ἕνα
644 853 710 880 Θεὸν
728 855 775 881 καὶ
793 854 852 886 ἑνὸς

55 899 124 925 Θεοῦ
141 898 314 934 θεράποντας
329 899 412 933 τιμςῖν
429 900 476 926 καὶ
493 899 593 925 σέϐειν.
621 899 659 926 Δι’
672 900 701 926 ὃν
719 900 768 927 καὶ
783 901 851 934 πρὸς

55 944 84 969 ὃν
98 945 114 978 ἡ
125 943 172 969 ἐπὶ
190 944 299 969 πάντων
312 943 379 978 τιμὴ
395 944 441 970 καὶ
459 944 585 979 πρόσεισι
595 945 641 971 καὶ
656 945 810 973 ἄνεισιν.“Η
820 947 851 973 οὐ

55 991 130 1016 δοκεῖ
142 998 185 1016 σοι
197 990 226 1015 τὸ
241 990 313 1016 Οεῖον
327 990 412 1025 μύρον
426 991 466 1022 εἰς
475 991 595 1025 Χριστοῦ
606 990 691 1018 τύπον
707 992 849 1028 εἰλῆφθαις

54 1036 105 1067 τὴν
121 1036 199 1062 θείαν
214 1035 358 1067 τράπεζαν
373 1036 433 1062 ἀντὶ
448 1036 495 1063 τοῦ
519 1036 654 1068 ζωοποιοῦ
677 1038 782 1073 τάφου;
802 1039 851 1074 τὴν

55 1083 101 1107 ἐπ’
114 1082 185 1117 αὐτῇ
203 1082 311 1108 σινδόνα
329 1082 388 1108 ἀνθ’
401 1080 435 1118 ἦς
453 1083 500 1108 καὶ
520 1084 550 1109 ὲν
607 1083 727 1118 εἰληθεὶς
744 1084 849 1120 ἐτάφη,

54 1128 105 1162 τὴν
123 1127 267 1162 ἱερατικὴν
279 1127 390 1162 λόγχην,
410 1128 468 1154 ἀνθ’
484 1126 516 1163 ἧς
533 1129 581 1155 καὶ
601 1129 631 1155 ὲν
647 1127 663 1166 ᾗ
677 1129 728 1165 τὴν
750 1130 845 1157 θεάσω-

55 1183 107 1208 μον
123 1173 248 1208 πλευρὰν
267 1173 372 1208 ὶνύγης
388 1174 434 1200 τὸν
455 1174 588 1209 σπόγγον,
604 1175 664 1202 ἀνθ’
679 1173 709 1202 οὗ
723 1177 770 1202 καὶ
785 1177 814 1203 ἐν
829 1174 852 1211 ᾧ

55 1220 126 1246 πιὼν
142 1219 266 1255 ἐχολώθη
280 1228 287 1252 ;
312 1221 342 1246 τὸ
370 1220 515 1255 σταυρικδν
539 1222 687 1256 ἐκμαγεῖον
699 1242 707 1255 ,
723 1222 784 1249 ἀντὶ
803 1222 850 1250 τοῦ

53 1265 192 1297 ζωοποιοῦ
211 1264 310 1297 ξύλους
329 1266 422 1292 ’Δνελε
438 1265 525 1292 ταῦτα
542 1266 642 1300 πάντα,
655 1267 703 1294 καὶ
716 1268 743 1294 εἴ
755 1277 781 1294 τι
795 1268 852 1294 ’ἐτε-

54 1323 104 1347 ρον
126 1315 170 1345 εἰς
197 1313 361 1340 ἀντιτυπίαν
378 1314 453 1340 θείαν
464 1323 470 1329 ·
488 1314 583 1350 ἐπειδὴ
599 1316 630 1342 τὸ
643 1315 712 1348 ὅλως
729 1325 852 1351 προσκυ-

53 1359 164 1385 -έεῐσῧςιι
189 1359 259 1394 πρὸς
273 1359 314 1395 τῷ
339 1361 386 1386 καὶ
408 1360 535 1394 γίνεσθαι
560 1361 652 1388 εἰκόνα
673 1363 715 1394 είς
731 1362 850 1398 Χριστοῦ

51 1405 142 1431 τύπον
160 1405 209 1431 καὶ
221 1406 316 1440 τιμὴν,
333 1405 517 1432 θεοποιεῖσοαι
533 1407 616 1442 φαίης
631 1428 640 1441 ,
659 1409 723 1440 τοὺς
740 1408 851 1436 ποιοῦν-

51 1460 104 1484 τας
120 1452 170 1478 καὶ
186 1451 418 1486 προσκυνοῦντας.
438 1452 508 1479 Ἀλλ’
522 1453 609 1485 ὅντως
626 1454 724 1490 ἐπίσης
739 1455 852 1490 Ἕλλησι

50 1499 110 1528 τοῖς
120 1497 211 1524 ταῦτα.
227 1497 397 1532 φληιιαφοῦσι
416 1498 446 1524 τὺ
460 1498 598 1534 ἀσέϐημα.
616 1500 646 1525 Οἱ
663 1500 712 1534 μὲν
728 1500 782 1536 γὰρ
797 1501 852 1535 πρὸ

904 263 1030 286 naturam
1049 267 1104 287 non
1121 259 1233 291 habent,
1262 260 1310 288 sed
1340 260 1514 288 solummodo
1535 261 1692 289 similitudi-

904 312 963 331 netn
981 312 1076 332 earum
1100 312 1204 338 rerum,
1226 305 1298 332 ttttde
1312 312 1448 339 expressa
1472 310 1545 337 sunt,
1560 310 1690 341 tanquam

903 350 930 376 in
944 350 1054 384 speculo
1071 353 1278 385 repraesentant.
1293 350 1403 385 Alioqui
1420 350 1511 377 crucis
1521 351 1548 378 in
1563 351 1690 386 imagine,

903 403 964 423 cum
978 396 1004 422 in
1019 396 1094 423 omni
1109 396 1229 423 materia:
1245 404 1344 431 genere
1360 395 1532 428 exhibeatur,
1549 397 1692 423 materiam

902 441 1054 476 quatnlibet
1067 449 1160 468 revera
1179 441 1367 469 adoraremus.
1384 441 1437 468 Sed
1454 448 1540 476 apage
1556 442 1628 468 hanc
1651 442 1693 468 in-

904 487 1031 514 saniam:
1049 494 1104 514 una
1117 486 1143 513 in
1167 486 1300 514 ambobus
1325 487 1460 522 potentia,
1478 494 1532 514 una
1553 487 1650 522 gloria,
1666 492 1693 514 et

903 532 1039 564 adoratio,
1051 532 1123 559 sicut
1143 539 1260 567 magnus
1282 532 1399 559 Basilius
1414 532 1533 560 clamat:
1551 540 1614 560 cum
1637 540 1692 559 non

903 579 1027 614 geminae,
1042 579 1089 606 sed
1104 579 1185 606 unius
1199 586 1324 613 persona:
1338 579 1373 606 sil.
1391 579 1544 607 similitudo
1565 580 1693 615 imaginis

903 629 929 652 et
946 624 1093 660 prototypi.
1120 624 1239 659 Excepto
1257 625 1330 652 enim
1344 625 1506 652 substantiae
1521 625 1690 657 discrimine,

905 677 990 697 unum
1011 670 1140 705 idemque
1154 675 1218 698 sunt
1234 671 1324 705 ipsum
1345 671 1525 706 archetypum
1540 675 1567 698 et
1588 671 1689 705 imago,

903 716 942 743 ait
955 716 1174 752 sapientissimus
1193 716 1349 752 Dionysius.
1370 717 1415 744 Sic
1431 717 1512 744 etiam
1527 716 1554 743 in
1566 715 1690 751 Deipara.

903 761 962 789 Non
981 761 1065 795 enim,
1079 769 1140 789 cum
1156 761 1214 795 ejus
1240 762 1386 797 imaginem
1414 762 1568 798 ellingimus
1583 767 1611 790 et
1623 762 1692 790 ado-

903 815 1008 841 ramus,
1036 808 1197 836 conlitemur
1213 808 1300 843 ipsam
1322 815 1372 836 nos
1393 815 1469 836 more
1484 808 1640 843 gentilium,
1663 812 1693 835 ut

904 854 990 882 Deum
1017 855 1118 882 habere
1141 863 1174 882 ac
1195 855 1328 886 venerari.
1355 855 1401 882 sed
1418 860 1447 882 ut
1463 854 1609 889 Dciparam
1623 864 1629 882 :
1643 862 1692 889 pa-

904 901 1027 935 riterque
1053 900 1126 935 quod
1150 905 1260 928 sanctos
1276 901 1385 932 attinet,
1401 907 1575 934 nequaquam
1591 900 1693 927 multos

903 947 968 973 deos
984 945 1103 980 deasque
1129 945 1266 972 ltonorare
1281 945 1416 977 etcolere,
1433 945 1479 972 sed
1493 945 1579 972 Deum
1595 953 1691 977 unum,

904 999 936 1019 ac
965 999 1059 1019 servos
1088 991 1171 1018 unius
1200 991 1258 1024 Dei,
1286 998 1300 1017 a
1326 999 1380 1025 quo
1416 990 1600 1025 proliciscitur
1616 996 1642 1018 et
1658 991 1691 1018 ad

902 1045 983 1073 quem
1007 1037 1077 1064 redit
1109 1037 1196 1064 honor
1234 1037 1369 1064 omnium.
1396 1036 1494 1064 Nonne
1522 1041 1692 1072 unguentum

902 1087 1028 1111 sanctum
1051 1083 1194 1110 existimas
1219 1083 1336 1110 elfusutn
1366 1082 1453 1110 fuisse
1469 1087 1499 1110 ut
1522 1081 1596 1110 esset
1613 1087 1692 1118 typus

901 1129 1018 1157 Christi?
1040 1133 1163 1156 sanctam
1187 1136 1310 1156 mensam
1338 1136 1387 1164 pro
1407 1128 1515 1156 \‘ivilico
1546 1128 1634 1163 ipsius
1648 1136 1693 1155 se-

902 1176 1018 1212 pulcro?
1047 1176 1202 1210 sindonem.
1223 1183 1285 1210 qua:
1316 1183 1419 1203 mensa:
1457 1170 1620 1210 imponitur,
1644 1183 1693 1210 pro

902 1223 1018 1250 sindone
1050 1230 1104 1257 qua
1134 1222 1274 1250 involutus
1304 1222 1431 1256 sepulcro
1462 1221 1609 1248 mandatus
1628 1220 1694 1248 est?

901 1275 1009 1294 sacram
1035 1267 1157 1295 lanceam
1175 1275 1224 1302 pro
1248 1275 1281 1295 ea
1298 1275 1352 1302 qua
1368 1267 1492 1294 divinum
1515 1267 1603 1302 ipsius
1620 1266 1694 1294 latus

903 1319 1028 1350 apertum
1047 1313 1122 1341 fuit?
1148 1314 1292 1349 spongiam
1309 1320 1358 1348 pro
1373 1321 1416 1346 ea,
1435 1321 1488 1348 qua
1508 1313 1558 1340 fuit
1584 1317 1694 1348 potatus

902 1361 981 1389 felle?
1000 1361 1091 1388 erucis
1115 1361 1262 1394 imaginem
1283 1368 1332 1395 pro
1354 1360 1428 1395 ligno
1457 1360 1565 1387 vivilico
1583 1360 1595 1386 ?
1619 1359 1694 1387 Tolle

903 1408 961 1435 haec
975 1402 1082 1441 omnia,
1097 1412 1125 1434 et
1139 1407 1163 1434 si
1179 1406 1246 1442 quid
1260 1411 1302 1433 est.
1321 1405 1397 1433 aliud
1415 1413 1470 1440 quo
1486 1405 1579 1432 divina
1593 1413 1694 1440 reprac-

903 1458 1046 1482 sentantur
1067 1463 1073 1480 :
1090 1452 1312 1488 quandoquidem
1334 1452 1482 1487 imaginem
1497 1451 1531 1478 ad
1550 1451 1693 1479 Christum

903 1500 1156 1535 reprtesentandum
1176 1504 1202 1526 et
1225 1499 1415 1526 honorandum
1445 1497 1556 1531 conﬁci,
1580 1505 1694 1533 prorsus

52 1542 226 1578 σαρκώςεως
247 1542 315 1568 Θεὸν
338 1542 431 1576 ἔδοξαν
462 1544 644 1579 περιγράεειν
668 1544 732 1571 ὂντα
754 1545 850 1580 ἀπερι-

906 1547 978 1574 idem
1000 1553 1062 1574 esse
1082 1546 1136 1577 ais,
1157 1553 1190 1573 ac
1204 1544 1288 1572 Deum
1311 1545 1367 1571 tieri
1380 1544 1414 1571 ab
1429 1544 1464 1572 iis
1479 1544 1525 1578 qui
1545 1544 1695 1572 coniiciunt

50 1598 198 1623 γραπτον·
226 1589 251 1615 οἰ
273 1589 303 1616 δὲ
337 1590 405 1623 μετὰ
433 1590 572 1625 σάρκωσιν
603 1590 787 1625 φιλονεικοῦσι
814 1591 853 1628 μὴ

50 1635 243 1670 περιγράφειν
262 1635 452 1669 περιγραπτὸν
469 1635 534 1662 ὄντα
549 1635 666 1671 σώματι.

906 1598 933 1620 et
948 1593 1077 1620 adorant.
1094 1592 1147 1619 Sed
1163 1591 1286 1626 proiecto
1301 1589 1461 1625 gentilibus,
1477 1596 1595 1624 quorum
1621 1589 1694 1617 insa-

907 1639 952 1666 nia
967 1639 1012 1666 illa
1032 1637 1142 1673 propria
1158 1642 1209 1669 est,
1226 1642 1308 1670 pares
1323 1634 1464 1669 impietate
1479 1639 1544 1661 sunt
1561 1634 1607 1668 qui
1622 1635 1694 1661 istud

51 1682 163 1708 dicunt.
180 1679 250 1707 Nam
264 1674 301 1708 illi
317 1681 428 1716 quidem
452 1686 516 1708 ante
531 1681 749 1710 incarnationem
764 1683 850 1712 Deum
871 1684 1102 1712 circumSCribere
1134 1691 1189 1710 non
1224 1681 1430 1713 dubitaverunt,
1447 1688 1509 1708 cum
1524 1687 1597 1709 esset
1612 1681 1695 1708 incir-

52 1727 269 1762 cumscriptus;
290 1727 352 1755 istis
367 1735 444 1760 vero,
464 1732 527 1763 post
548 1728 776 1763 incarnationem,
804 1731 972 1760 obstinatum
990 1737 1032 1759 est
1061 1738 1116 1757 non
1140 1728 1378 1760 circumscribere,

51 1777 297 1815 circumscriptus.

445 1824 481 1852 B'.

52 1871 138 1905 Πρὸς
151 1870 224 1903 τοὺς
247 1870 476 1904 διαποροῦντας,
495 1871 558 1904 πῶς
574 1872 611 1898 οὐ
632 1872 794 1906 γέγραπται
818 1873 853 1900 ἐν

143 1906 186 1938 τῷ
199 1906 375 1940 Εὐαγγελίῳ
389 1906 457 1940 περὶ
479 1908 596 1939 εἰκόνος
621 1908 762 1941 Χριστοῦ.

96 1951 224 1985 Ἀγνοείν
239 1960 285 1986 μοι
298 1951 424 1978 δοκοῦσιν
437 1952 461 1978 οἱ
486 1952 712 1988 φιλεγκλήμονες,
740 1954 781 1980 ὅτι
797 1953 852 1980 τῶν

51 1998 248 2032 εὐαγγελικῶν
267 1998 411 2033 ῥημάτων,
428 1998 462 2025 τὰ
493 1999 542 2033 μὲν
559 1999 604 2025 ἐπ’
627 1999 747 2032 εὐθείας,
778 2001 812 2026 τὰ
824 2000 851 2027 δὲ

52 2044 186 2078 πλαγίως
200 2044 456 2078 δεδήλωται-ιοῦτω
466 2044 512 2071 τοῦ
531 2045 692 2080 Πνεύματος
707 2047 852 2081 οἰκονομή-

52 2099 168 2121 σειν-τος,
189 2090 227 2124 μὴ
241 2090 345 2125 ῥᾴστην
361 2089 432 2117 εἷναι
445 2092 502 2122 τοῖς
532 2091 641 2123 πολλοῖς
673 2092 725 2126 τὴν
759 2093 854 2126 κτῆσιν

49 2136 111 2163 τῶν
127 2136 294 2170 ὠφελίμων,
319 2136 359 2171 τῷ
375 2137 511 2172 φιλοπόνῳ
538 2138 587 2172 τῆς
611 2139 726 2173 ἐρεύνης
755 2138 855 2173 μᾶλλον

50 2181 209 2217 δρέπεσθαι
224 2183 298 2217 ἡμᾶς
317 2183 350 2209 τὰ
363 2182 502 2217 λυσιτελῆ,
517 2183 555 2215 ὡς
571 2183 604 2210 ἂν
630 2183 718 2217 πάγια.
729 2181 783 2209 εἷεν
810 2184 855 2209 ὲν-

50 2227 169 2259 τεῦθεν,
185 2229 233 2254 καὶ
246 2227 284 2262 μὴ
299 2228 469 2263 εὐαφαίρετα,
480 2229 587 2255 ἐκεῖθεν
599 2237 606 2244 ·
623 2229 672 2256 καὶ
686 2229 767 2255 τοῦτο
783 2229 856 2255 εἰκό-

49 2283 123 2306 τως.
157 2274 190 2300 Εἰ
208 2274 247 2309 μὴ
261 2274 314 2310 γὰρ
332 2273 367 2310 ἦν
381 2275 412 2301 τὺ
427 2275 530 2310 ζητεῖν,
549 2276 600 2302 οὐκ
615 2274 648 2311 ἦν
659 2276 691 2302 ἂν
707 2276 738 2302 τὸ
750 2276 849 2311 εὑρεῖν.

49 2320 157 2346 Τοίνυν
173 2320 299 2354 δείξομεν
314 2321 346 2348 ὲκ
364 2322 540 2357 παραλλήλου
554 2322 586 2348 τὸ
598 2322 775 2357 ζητούμενον.
786 2319 851 2349 Ὧδὲ

50 2365 109 2391 πού
139 2373 209 2401 φησι
225 2365 327 2401 Πέτρος
343 2366 381 2400 τῷ
404 2366 503 2400 Ἰησοῦ.
525 2367 623 2401 Κύριε,
639 2368 667 2393 εὶ
688 2367 729 2393 σὺ
740 2365 777 2399 εἷ,
803 2366 851 2393 κέ-

48 2414 176 2439 λευσόν
187 2420 224 2446 με
237 2412 308 2445 πρὸς
321 2412 360 2439 σὲ
371 2412 471 2439 ἐλθεῖν
483 2413 533 2440 ἐπὶ
550 2413 587 2439 τὰ
598 2413 701 2441 ὕδατα.
727 2413 758 2439 '0
770 2413 804 2439 δὲ
814 2411 854 2439 εἵ-

49 2466 116 2483 πεν
131 2465 138 2471 -
151 2456 252 2484 Ἐλθέ.
266 2457 322 2484 Καὶ
338 2458 469 2490 καταϐὰς
488 2457 548 2485 ἀδτό
561 2458 614 2485 τοῦ
638 2458 747 2485 πλοΙου
761 2459 778 2485 ὁ
797 2457 853 2485 Πέ‹

51 2511 139 2537 τρος,
155 2503 381 2537 περιεπάτησεν
393 2503 441 2530 ἐπὶ
456 2503 492 2530 τὰ
512 2504 617 2536 ὕδατα,
647 2503 748 2530 ἐλθεῖν
778 2503 853 2536 πρὸς

50 2549 114 2575 τὸν
132 2549 268 2582 Ἰησοῦν.
285 2549 412 2575 Βλέπων
429 2549 466 2575 δὲ
489 2550 543 2575 τὸν
562 2549 675 2583 ἄνεμον
702 2549 831 2584 ἰσχυρὸν
845 2567 852 2581 ,

51 2595 194 2630 ἐφοϐήθη
207 2603 214 2610 ·
232 2594 281 2620 καὶ
291 2594 458 2629 ἀρξάμενος
474 2595 749 2628 καταποντίζεσθαι,
767 2595 854 2628 ἐκρα-

52 2641 91 2672 Εε
113 2640 223 2675 λέγων,
239 2639 342 2674 Κύριε,
359 2640 464 2667 σῶσόν
475 2649 524 2675 με.
537 2640 656 2673 Εὐθέως
679 2640 712 2666 δέ
733 2640 854 2674 Ἰησοῦς

51 2686 197 2718 ἐκτείνας
213 2684 273 2717 τὴν
289 2684 384 2718 χεῖρα,
399 2685 563 2712 ἐπελάϐετο
579 2685 684 2713 αὑτοῦ.
701 2686 756 2712 Καὶ
771 2685 853 2720 λέγει

50 2731 152 2763 αὐτῷ,
166 2731 365 2765 Ὀλιγόπιστε,
381 2732 424 2763 εὶς
437 2731 465 2758 τι
479 2731 642 2764 ἐδίστασας
658 2740 667 2764 ;
683 2731 731 2758 καὶ
744 2731 852 2766 ἐμϐάν-

52 2786 123 2805 των
136 2777 238 2804 αὐτῶν
247 2778 292 2810 εις
305 2777 338 2804 τὸ
351 2777 470 2812 πλοῖον,
486 2778 640 2806 ἐκόπασεν
650 2780 667 2806 ό
680 2779 801 2814 ἄνεμος.
812 2779 850 2806 Οὐ

98 2858 126 2873 ⁸⁷
145 2857 244 2884 Matth.
262 2864 320 2888 xxv,
339 2855 385 2889 28,
403 2857 448 2884 5’2.

227 2903 366 2933 PATROL.
391 2904 449 2933 Gn.
472 2903 577 2934 XCIX.

1415 1734 1478 1754 cum
1513 1727 1549 1755 sit
1579 1733 1696 1761 corpore

1283 1823 1315 1851 ll.

926 1873 963 1900 lis
980 1874 1025 1908 qui
1038 1876 1172 1908 quwrunt,
1190 1879 1238 1908 cur
1253 1870 1284 1908 tle
1305 1869 1535 1908 igmginqﬁltristl
1546 1868 1677 1903 scriptum

1136 1907 1202 1933 nihil
1215 1906 1249 1933 sit
1264 1906 1291 1932 in
1306 1905 1462 1940 Evangelia.

942 1955 1070 1990 ignorare
1102 1952 1169 1980 mihi
1207 1952 1334 1979 ridentur
1370 1951 1415 1978 isti
1441 1951 1635 1985 cavillatores,
1668 1951 1695 1979 in

906 1998 1061 2033 Evangeliis
1089 1997 1142 2024 alia
1160 1996 1270 2030 quidem
1295 1996 1409 2028 directe,
1430 1996 1481 2022 alia
1497 2003 1562 2024 vero
1584 1996 1696 2032 oblique

904 2046 978 2072 dicta
1006 2049 1034 2071 et
1056 2043 1196 2070 enuntiata
1213 2050 1273 2070 esse
1293 2051 1300 2069 :
1325 2042 1363 2069 ita
1376 2042 1557 2076 dispensante
1579 2042 1694 2077 Spiritu.

905 2097 934 2118 ut
952 2098 1005 2117 non
1022 2089 1192 2123 quibuslibet
1206 2088 1233 2114 in
1252 2092 1380 2122 promptu
1397 2088 1433 2115 sit
1451 2087 1560 2115 utilium
1573 2088 1694 2123 adeptio,

904 2137 951 2164 sed
973 2144 1022 2162 nos
1037 2143 1086 2170 pro
1101 2134 1260 2169 exquirendi
1287 2134 1427 2168 diligentia
1444 2138 1471 2161 ct
1488 2134 1583 2162 labore
1600 2135 1694 2168 capia-

904 2191 966 2210 mus
980 2182 1126 2216 ampliorcs
1143 2181 1248 2208 lructus
1261 2202 1267 2213 ,
1290 2185 1317 2208 et
1331 2180 1377 2215 qui
1395 2180 1458 2207 hinc
1477 2181 1587 2216 quidem
1613 2181 1693 2209 solidi

907 2229 971 2261 sint,
992 2228 1054 2254 inde
1074 2233 1165 2254 autem
1191 2235 1244 2254 non
1270 2226 1350 2253 facile
1375 2227 1548 2259 amittantur,
1571 2231 1652 2261 atque
1667 2226 1693 2253 id

908 2274 1004 2302 merito
1021 2281 1102 2304 sane;
1120 2280 1201 2299 nemo
1217 2272 1300 2304 enim,
1317 2272 1369 2298 nisi
1386 2276 1503 2306 qurerat,
1515 2272 1602 2306 possit
1616 2272 1694 2299 inve-

905 2321 974 2348 nire.
996 2319 1181 2352 Qtizestimtem
1206 2319 1296 2352 itaque
1317 2318 1485 2352 propositam
1514 2325 1546 2344 ex
1564 2325 1593 2345 re
1609 2318 1693 2345 simili

906 2366 1113 2401 explicabimus.
1124 2365 1220 2391 Petrus
1234 2364 1343 2391 Christo
1358 2364 1398 2391 sic
1412 2364 1450 2390 ait
1465 2371 1472 2391 :
1491 2364 1612 2396 Domine,
1629 2365 1651 2390 si
1666 2369 1694 2391 tu

907 2421 944 2445 es,
961 2412 1021 2444 iube
1038 2419 1078 2437 me
1095 2411 1129 2437 ad
1143 2415 1166 2436 te
1190 2410 1275 2437 venire
1303 2417 1381 2443 super
1402 2417 1496 2443 aquas.
1519 2410 1550 2435 At
1564 2409 1620 2444 ipse
1634 2410 1693 2437 ait:

911 2457 980 2485 Veni.
999 2456 1033 2482 Et
1046 2455 1203 2482 descendens
1226 2454 1321 2481 Petrus
1342 2454 1373 2480 de
1396 2455 1519 2481 navicula
1540 2455 1693 2481 ambulabat

906 2511 983 2537 super
1004 2509 1111 2537 aquam,
1137 2505 1166 2527 ut
1198 2502 1294 2527 veniret
1321 2500 1355 2526 ad
1370 2499 1474 2527 Iesum.
1494 2500 1588 2527 Videris
1605 2506 1694 2527 autem

905 2552 1009 2575 ventum
1035 2546 1153 2573 validum
1176 2546 1290 2572 timuit:
1317 2550 1341 2572 et
1368 2554 1428 2572 cum
1457 2547 1575 2578 cwpisset
1599 2546 1692 2580 mergi,

905 2593 1029 2621 clamavit
1051 2593 1161 2619 dicens:
1180 2592 1301 2625 Domine,
1317 2592 1419 2619 salvum
1436 2601 1475 2619 me
1490 2592 1543 2626 fac.
1560 2591 1594 2618 Et
1609 2593 1693 2618 conti-

907 2647 958 2666 nuo
974 2638 1052 2665 Jesus
1081 2637 1222 2664 extendens
1247 2646 1355 2664 manum
1381 2638 1552 2672 apprehendit
1572 2646 1630 2664 eum
1646 2646 1654 2670 ;
1669 2643 1694 2664 et

907 2680 945 2713 ait
964 2685 1004 2712 illi
1021 2692 1027 2711 :
1065 2683 1177 2711 Modica:
1197 2684 1270 2719 ﬁdei,
1295 2693 1376 2720 quare
1391 2685 1545 2712 dubitasti?
1567 2684 1602 2711 Et
1634 2693 1693 2711 cum

908 2730 1087 2758 ascendissent
1104 2730 1132 2756 in
1154 2730 1316 2762 naviculam,
1347 2731 1458 2757 cessavit
1482 2735 1572 2757 ventus
1584 2730 1618 2755 ".
1644 2728 1694 2755 Pe-

906 2782 965 2805 trus
982 2784 1034 2804 non
1052 2776 1154 2804 dicitur
1174 2783 1256 2810 super
1278 2783 1365 2811 aquas
1383 2783 1491 2804 rursum
1506 2775 1691 2803 amhulavisse

1456 2901 1493 2931 16
