1916 3075
230 161 282 195 495

616 199 650 226 ν.

234 248 365 275 Adversus
389 255 432 274 eos
462 247 506 281 qui
542 246 680 280 objiciunt,
717 251 948 281 unumquemque,_
971 251 1022 269 non

266 283 380 317 imagine
405 279 535 317 adhibita,
560 279 604 308 sed
627 281 712 307 crucis
734 284 795 314 typo
810 299 816 311 ,
839 282 863 306 et
882 279 984 305 morbos
998 282 1022 304 et

267 316 413 344 «imitationi
430 316 544 351 abigere.

266 363 369 391 Eadem
383 367 425 390 est
438 361 598 397 quaestionis
615 360 697 396 hujus
712 367 744 388 ac
754 359 904 394 superioris
911 359 1021 386 solutio.

246 408 316 441 Quid
336 408 385 440 ita.
404 412 431 434 et
446 415 500 442 quo
516 407 624 434 tandem
642 406 723 433 modo
735 406 746 432 ?
757 405 820 440 quia
832 405 1023 439 unusquisque

233 453 353 481 ﬁdelium
368 461 416 488 per
433 453 570 480 lavacrum
589 451 814 486 regenerationis,
829 455 856 478 et
871 450 1024 478 renovatio-

233 508 296 527 nem
310 499 432 534 Spiritus
447 499 546 530 sancti,
559 497 708 526 conl‘ormis
721 498 750 525 lit
765 496 950 532 imaginiJesu
964 497 1022 529 Dei,

232 550 314 581 prout
331 546 364 573 ab
386 545 513 580 Apostolo
529 545 633 572 dictum
648 544 732 572 est“.
757 544 797 571 Ac
823 543 878 570 alio
906 544 933 571 in
952 544 1023 575 loco,

239 593 285 620 Vir
307 601 358 619 non
383 591 457 618 debet
478 591 563 618 velare
579 595 657 624 caput
682 598 776 621 suum,
793 590 916 624 quoniam
937 590 1023 624 imago

232 645 256 666 et
276 638 362 672 gloria
377 637 424 664 Dei
443 636 528 664 est".
545 636 651 669 Quibus
671 635 799 670 princeps
830 635 1018 670 apostolorum

234 683 332 710 addit:
352 682 402 710 Vos
418 686 506 708 autem
527 689 606 716 genus
633 681 763 713 electum,
788 681 874 714 regale
902 681 1024 706 sacerdo-

235 729 311 761 tium,
325 736 386 763 gens
412 732 505 755 sancta
514 727 548 753 ⁵³.
568 726 607 754 lta
621 731 650 753 ut
666 726 856 760 unusquisque
881 733 1023 753 sacrorum

234 776 394 803 administer
411 775 464 802 sibi
481 775 528 802 ﬁat
542 774 691 802 secundum
707 773 917 805 conscientiam,
938 773 972 800 ad
992 780 1024 800 ea

235 829 296 856 qua:
322 821 418 848 salutis
445 824 518 847 sunt.
551 819 609 847 Etsi
633 824 724 846 autem
757 817 879 845 ﬁdelium
907 818 1024 854 quisqu

829 144 858 173 S.
876 141 1072 173 THEODORI
1092 140 1162 170 S'I‘U
1168 138 1266 170 DIT/E

1815 131 1867 163 496

1450 189 1486 216 E’.

1078 240 1156 274 Πρὸς
1171 239 1241 271 τοὺς
1256 239 1417 274 λέγοντας,
1428 235 1620 274 ὅτιὲθςαστρς-
1633 233 1767 274 σταυροῦ
1775 234 1868 274 [dum

1108 268 1272 309 χρώμενός,
1298 268 1368 309 ἆλλς
1387 268 1442 309 οὐκ
1456 271 1558 303 εικόνι,
1574 270 1620 304 ἐφ’
1637 269 1746 296 ἑαυτὸν
1770 268 1868 295 διώκει

1109 307 1157 336 iul
1170 307 1268 340 νπάθος
1282 307 1332 333 καὶ
1347 307 1484 340 δαίμονα.

1110 355 1148 381 Τὸ
1159 354 1247 388 παρὸν
1259 352 1363 387 πρὸὄλη
1369 359 1408 386 μα
1433 351 1531 386 ὁμοίαν
1546 350 1592 376 τοῦ
1612 349 1800 384 προλαϐόντος
1811 348 1868 383 ἔχει

1073 399 1123 435 τὴν
1137 399 1303 433 ἀπάντησιν.
1316 397 1380 428 Πῶς
1396 397 1443 423 καὶ
1468 396 1523 423 τίνι
1551 395 1663 431 τρόπῳ;
1681 396 1722 422 ὅτι
1747 395 1802 422 τῶν
1821 404 1869 421 πι-

1076 445 1146 472 στῶν
1161 445 1278 475 ἕκαστος
1292 443 1336 470 διὰ
1351 442 1465 478 λουτροῦ
1482 441 1707 475 παλιγγενεσίας,
1725 441 1773 468 καὶ
1799 441 1869 468 ἀνοία

1075 490 1223 521 καινίσεως
1242 488 1402 524 Πνεῦματος
1427 488 1518 522 ἁγίου,
1546 486 1707 523 σύμμορφός
1742 488 1801 512 ἐστι
1818 487 1869 520 τῆς

1075 537 1177 568 εἰκόνος
1193 536 1240 562 τοῦ
1266 535 1354 571 Ἰησοῦ
1366 534 1412 561 τοῦ
1429 534 1510 566 Θεοῦ,
1524 533 1634 560 κατὰτὸ
1657 532 1709 559 ὑπὸ
1724 531 1771 558 τοῦ
1789 532 1870 558 ’Δποα

1076 582 1173 609 στόλου
1191 583 1252 617 είρη
1258 582 1348 617 μένον.
1364 581 1417 608 Καὶ
1429 579 1562 615 ἀλλαχοῦ,
1581 578 1672 613 Ἀνὴρ
1686 579 1741 605 οὐκ
1755 579 1869 612 ὀφείλει

1074 629 1369 658 κατακαλύπτεσθαι,
1383 625 1472 653 εἰκὼν·
1485 625 1534 652 καί
1543 625 1619 656 δόξα
1630 623 1704 651 Θεοῦ
1712 623 1870 658 ὑπάρχων.

1075 675 1148 710 Πρὸς
1171 671 1212 705 οἷς
1228 681 1311 708 φησιν
1336 673 1351 699 ὁ
1375 672 1525 707 κορυφαῖος
1555 670 1736 701 Ἀπόστολος’
1771 670 1872 704 ’Υμεῖς

1075 720 1110 747 δὲ
1124 720 1213 754 γένος
1224 719 1372 747 ἐκλεκτόν
1383 727 1391 734 ·
1404 716 1742 751 βασίλειονὶεράτευμα.
1757 715 1871 751 Ἐονος

1075 766 1170 800 ἅγιον.
1187 766 1270 791 Ὥστε
1286 764 1334 791 καὶ
1354 764 1494 800 ίερουργὺς
1507 762 1626 794 ἕκαστος
1651 761 1741 796 ἑαυτῷ
1756 761 1863 795 γίνοιτο

1075 812 1146 839 κατὰ
1162 811 1317 846 συνείδησιν
1342 809 1411 846 πρὸς
1422 809 1458 836 τὰ
1473 809 1606 844 σωτήρια.
1626 809 1663 834 Οὐ
1697 807 1751 843 μὴν
1776 803 1874 841 ἐπειδὴ

236 853 326 900 imago
343 868 395 897 est,
414 873 467 892 non
484 870 574 892 tamen
591 869 736 899 propterea
753 863 850 890 inutile
869 863 904 891 sit
919 863 1023 891 Christi

1093 857 1157 884 ἰκὼν
1170 858 1184 883 ὁ
1199 856 1306 890 πιστὸς,
1323 856 1461 892 παρέλκον
1477 855 1510 882 ἂν
1525 855 1568 890 εἴη
1586 854 1635 889 τὴν
1646 855 1676 880 ἐν
1697 853 1790 885 πίναξι
1808 854 1875 888 Χρι-

235 911 382 945 imaginem
412 911 440 937 in
469 910 566 937 tabella
592 909 721 944 exprimi.
749 908 857 936 Etenim
884 909 974 944 imago
1002 914 1029 937 et

235 956 385 984 similitudo
410 963 470 990 qua:
497 962 531 982 ex
548 953 724 990 generatione
742 954 835 981 divina
860 954 978 985 exsistit,
995 954 1028 980 ad

238 1003 395 1031 interiorem
426 1001 564 1029 hominem
590 1000 719 1034 pertinet.
758 999 818 1032 Quo
842 999 915 1026 enim
947 999 1028 1026 modo

234 1047 363 1075 Christus
389 1054 450 1074 esse
479 1050 575 1081 posset
598 1045 750 1073 secundum
767 1045 892 1079 corporis
910 1044 1027 1071 formam

235 1093 334 1122 similis
347 1092 506 1120 hominibus
520 1092 610 1119 forma
634 1092 705 1118 inter
718 1098 748 1119 se
763 1091 790 1118 in
816 1091 954 1118 inlinituln
971 1091 1028 1118 dis-

235 1138 392 1166 similibus?
414 1138 452 1165 Ea
477 1142 568 1165 autem
597 1137 732 1164 duntaxat
765 1136 857 1172 imago
884 1136 987 1163 Christi
1001 1140 1028 1163 et

235 1189 277 1212 est
292 1189 319 1211 et
331 1183 442 1216 dicitur,
458 1190 519 1218 quae
541 1190 589 1217 per
604 1187 690 1210 artem
708 1182 792 1214 facta,
810 1182 911 1217 speciei
929 1189 1026 1216 corpo-

235 1238 299 1262 reae,
326 1230 383 1258 sive
409 1229 512 1261 format,
539 1229 665 1264 proprias
692 1233 786 1260 notas,
804 1233 830 1255 et
844 1228 896 1256 alia
911 1235 1028 1263 quaeque

236 1276 402 1304 exteriorum
430 1275 500 1311 gerit
524 1276 636 1302 indicia.
659 1275 737 1308 Quod
764 1275 854 1309 ipsum
871 1275 898 1302 in
912 1275 1027 1302 viviﬁcae

237 1321 327 1349 crucis
341 1326 404 1356 typo
415 1321 507 1348 videre
520 1320 595 1348 licet.
615 1321 682 1348 Cum
702 1320 776 1347 enim
801 1319 948 1355 Apostolus
967 1320 1024 1346 ait:

237 1367 343 1395 Christo
359 1367 478 1401 conﬁxus
497 1375 555 1393 sum
583 1366 700 1398 cruci“,
718 1366 931 1400 haudquaquam
946 1365 1027 1392 modo

237 1414 381 1446 sensibili,
411 1420 499 1447 neque
527 1412 651 1439 adhibito
682 1412 806 1439 sensibili
831 1411 923 1439 crucis
950 1415 1024 1446 typo,

238 1458 401 1486 cruciﬁxum
426 1465 456 1486 se
481 1458 563 1486 dicit:
585 1457 768 1492 Neutiquam;
795 1457 842 1485 sed
873 1457 1025 1485 secundum

240 1503 398 1532 interiorem
413 1503 561 1534 hominem,
577 1506 604 1530 et
617 1503 752 1538 spirituali
776 1510 870 1535 cruce.
888 1503 1025 1538 cupidita-

1081 903 1145 930 στοῦ
1166 903 1259 929 είκόνα
1271 900 1352 929 εῖναι.
1374 902 1406 928 Ἦ
1430 902 1480 937 μὲν
1497 901 1552 936 γὰρ
1577 900 1621 927 διὰ
1647 900 1696 933 τῆς
1720 900 1792 926 κατὰ
1822 900 1874 933 τὴν

1081 949 1155 977 θείαν
1178 950 1306 984 γέννησιν
1330 947 1556 984 συμμορῳώσεως
1571 967 1580 980 ,
1601 947 1642 978 εἰς
1675 946 1720 972 τὸν
1745 946 1800 972 ἐσω
1827 947 1875 973 ἅν-

1080 994 1188 1030 θρωπον
1205 994 1344 1030 εἴληπται.
1359 994 1422 1025 Πῶς
1435 993 1489 1029 γὰρ
1504 993 1537 1020 ἂν
1554 993 1609 1024 τοῖς
1634 991 1756 1027 ἀπείρως
1783 991 1871 1026 ἀλλή-

1079 1040 1133 1067 λων
1157 1039 1312 1074 διεστηκόσι
1339 1040 1400 1066 κατ’
1429 1039 1512 1072 ἰδέαν,
1541 1037 1691 1072 σωματικῷ
1712 1036 1872 1072 χαρακτῆρι

1078 1085 1224 1121 ὁμοιωθείη
1237 1085 1355 1121 Χριστός
1369 1093 1376 1118 ;
1393 1086 1409 1121 ἡ
1429 1085 1457 1112 δὲ
1470 1083 1517 1112 τοῦ
1535 1084 1692 1120 ὲνσωμάτου
1705 1084 1793 1115 εἴδους
1811 1086 1874 1119 ἤτω

1081 1132 1189 1167 μορφῆς
1209 1132 1331 1168 φέρουσα
1348 1131 1382 1158 τὰ
1406 1130 1552 1166 ἰδιώματα,
1584 1131 1631 1158 καὶ
1650 1132 1701 1158 ὅσα
1725 1130 1793 1158 ἄλλα
1818 1130 1877 1156 τῶν

1079 1177 1131 1209 ἔξω
1145 1177 1284 1212 γνώριμα,
1303 1177 1373 1212 μόνη
1387 1176 1505 1212 τεχνητὴ
1519 1176 1602 1203 εἰκὼν
1615 1176 1736 1212 Χριστοῦ
1753 1177 1801 1202 καὶ
1815 1176 1877 1202 ἔστι

1078 1223 1126 1249 καὶ
1142 1223 1264 1255 λέγεται.
1287 1223 1365 1249 Ἐπεὶ
1379 1223 1426 1249 καὶ
1448 1222 1494 1249 ἐπὶ
1510 1222 1559 1249 τοῦ
1571 1222 1658 1249 τύπου
1671 1221 1720 1249 τοῦ
1735 1222 1875 1254 ζωοποεοῦ

1079 1268 1200 1303 σταυροῦ
1214 1267 1313 1294 ταυτὸν
1327 1267 1386 1294 ἔστι
1401 1267 1524 1303 βλέπειν.
1546 1267 1641 1301 Λέγων
1666 1267 1720 1303 γὰρ
1744 1268 1759 1294 ὁ
1790 1268 1876 1293 Ἀπό-

1079 1312 1181 1345 στολος,
1194 1307 1308 1347 Χριστῷ
1320 1313 1580 1347 συνεσταύρωμαι,
1594 1313 1643 1339 οὑκ
1662 1312 1799 1347 αἰσθητῶς
1824 1313 1875 1346 δη-

1077 1359 1174 1391 λὸνοτι,
1192 1359 1253 1386 οὐδὲ
1265 1358 1387 1394 αἰσθητῷ
1402 1358 1481 1394 τύπῳ
1496 1358 1614 1394 σταυροῦ
1637 1358 1792 1394 χρώμεντς,
1806 1359 1872 1384 ἑαυ-

1080 1407 1126 1432 τὸν
1156 1406 1361 1442 ὲσταυρωκέναι
1387 1407 1462 1441 λέγοι
1499 1406 1581 1433 ποθέν
1598 1413 1604 1420 ·
1634 1405 1702 1432 ἀλλὰ
1732 1405 1804 1432 κατὰ
1829 1405 1876 1431 τὸν

1077 1453 1131 1478 ἔσω
1152 1452 1307 1488 ἄνθρωπον,
1333 1453 1380 1479 καὶ
1400 1452 1489 1487 νοητῷ
1509 1451 1610 1487 δηλαδὴ
1634 1451 1755 1486 σταυρῷ,
1780 1453 1815 1486 τῇ
1829 1460 1875 1477 νε-

1076 1500 1211 1534 κρωτικῇ,
1232 1499 1314 1534 φημὶ,
1331 1499 1386 1525 τῶν
1408 1499 1502 1525 παθῶν
1515 1498 1653 1534 ἐνεργείᾳ.
1669 1498 1725 1524 Καί
1740 1506 1771 1531 γε
1793 1498 1877 1524 τοῦτῆ

239 1554 297 1576 tum
326 1549 387 1576 dico
413 1548 634 1576 mortilicatione.
661 1548 750 1583 Atque
775 1548 802 1575 id
831 1548 933 1575 clarius
947 1548 1026 1575 inno-

1088 1544 1291 1579 ιαταδηλότερον
1305 1546 1337 1571 ὲκ
1363 1545 1410 1570 τοῦ
1426 1545 1471 1571 τὸν
1486 1544 1590 1579 Κύριον
1615 1544 1702 1570 εἰπεῖν
1714 1552 1721 1559 ’
1733 1542 1821 1578 Ἀρον
1831 1545 1878 1570 τὸν

240 1594 319 1622 tescit
343 1601 377 1621 ex
394 1594 436 1621 his
461 1593 571 1621 Domini
599 1593 709 1621 verbis:
730 1593 803 1620 Tolle
820 1601 924 1620 crucem
941 1598 1026 1626 tuam,

238 1644 265 1668 et
281 1640 352 1671 veni,
373 1647 478 1674 sequere
495 1647 536 1666 me
557 1638 590 1666 ".
608 1639 701 1674 Itaque
725 1639 796 1666 sicut
815 1639 895 1667 isthic
911 1645 938 1667 et
961 1647 1027 1667 crux

240 1690 266 1713 et
279 1686 422 1717 cruciﬁxo,
438 1685 519 1712 ambo
535 1688 599 1712 sunt
613 1685 750 1720 duplicia;
764 1685 802 1712 ita
816 1685 900 1712 etiam
917 1685 944 1712 in
960 1685 1029 1712 ima-

240 1732 303 1767 gine
316 1731 417 1759 Christi
431 1740 438 1759 :
456 1731 627 1758 artiﬁcialem
644 1732 715 1763 dico,
731 1736 757 1759 et
769 1738 829 1758 eam
844 1736 927 1766 quam
941 1731 1028 1759 ﬁdelis

242 1779 269 1805 in
288 1785 318 1806 se
335 1777 450 1812 suscipit
463 1777 613 1804 secundum
631 1776 769 1804 hominem
785 1776 953 1804 interiorem.

609 1822 658 1850 vr.

241 1858 275 1886 In
292 1867 335 1885 eos
382 1859 409 1884 ui
441 1858 565 1885 adversus
594 1852 738 1892 imdginem
766 1857 865 1885 Clu-isti
893 1859 1030 1893 proferunt

277 1893 345 1920 illud
355 1867 479 1920 thcoloot'
489 1893 606 1920 dictum:
616 1892 692 1920 Ouod
710 1892 856 1920 colendum.
866 1894 971 1920 minime
979 1895 1030 1920 cir-

277 1893 345 1920 illud
355 1892 479 1928 Thcologi
489 1893 606 1920 dictum:
616 1892 692 1928 Quod
710 1892 856 1926 colendum,
866 1892 971 1921 minimi:
979 1895 1031 1921 cir-

277 1929 475 1962 cumscriptum.
801 1943 806 1947 -

278 1974 329 2008 Qui
354 1975 406 2001 hoc
422 1974 510 2007 aiunt,
531 1973 592 2001 ideo
608 1973 686 2002 aiunt
698 1973 769 2008 quod
788 1974 843 2001 vim
859 1982 957 2002 vocum
974 1975 1033 2010 plu-

242 2028 272 2048 ra
293 2019 505 2056 signiﬁcantium
521 2019 634 2047 minime
648 2020 785 2053 noverint,
801 2020 859 2047 sive
872 2020 964 2055 potius
979 2029 1030 2048 no-

243 2067 345 2094 luerint
357 2066 506 2101 intelligere
529 2070 558 2093 ut
576 2065 644 2093 bene
658 2070 781 2101 agerent.
799 2065 863 2094 Haec
877 2067 950 2094 enim
966 2074 1029 2099 vox,

243 2112 391 2146 colendum,
413 2112 551 2148 mquivoca
567 2116 618 2146 est,
631 2112 664 2140 ad
680 2112 787 2141 diversa
799 2113 952 2148 signiﬁcata
969 2121 1031 2148 pcr-

244 2159 357 2186 tinens:
382 2158 630 2193 quemadmodum,
649 2159 765 2193 exempli
793 2159 899 2194 gratia,
930 2167 1029 2187 nomen

1078 1590 1195 1625 σταυρόν
1207 1599 1265 1622 σου,
1279 1590 1326 1616 καὶ
1336 1590 1417 1625 δεῦρο
1431 1590 1575 1617 ἀκολούθει
1593 1599 1648 1624 μοι.
1659 1590 1702 1620 Ὠς
1715 1587 1763 1616 οὖν
1775 1590 1878 1616 ἐνταῦ-

1081 1634 1116 1661 θα
1143 1635 1286 1670 ἀμφότερα
1301 1635 1393 1668 διττὰ,
1415 1635 1532 1671 σταυρὸς
1560 1636 1608 1662 καὶ
1628 1636 1781 1670 σταύρωσις
1795 1644 1802 1651 ·
1830 1636 1881 1662 οὖ-

1078 1689 1117 1706 τω
1127 1680 1173 1706 καὶ
1185 1681 1231 1707 ἐπὶ
1241 1682 1291 1715 τῆς
1301 1681 1405 1712 εἰκόνος
1421 1680 1540 1716 Χριστοῦ
1559 1689 1566 1696 ·
1580 1681 1697 1716 τεχνητὴ
1708 1701 1716 1713 ,
1728 1683 1812 1716 φημὶ,
1829 1682 1880 1707 καὶ

1079 1727 1095 1761 ἡ
1125 1727 1194 1754 κατὰ
1201 1728 1246 1753 τὸν
1258 1727 1311 1754 ἔσω
1326 1726 1469 1763 ἄνθρωπον
1484 1728 1530 1754 ἐπὶ
1547 1727 1595 1755 τοῦ
1613 1727 1709 1754 πιστοῦ
1730 1727 1881 1762 λαμϐανο-

1082 1771 1161 1806 μένη.

1454 1820 1498 1852 ς’.

1080 1862 1159 1896 Πρὸς
1178 1863 1251 1903 τοὺς
1271 1864 1478 1903 ςιροερέροζτας
1494 1864 1577 1903 Δκατὰ
1593 1864 1661 1903 ⁸τῆς
1670 1865 1795 1903 εἰκόνος
1805 1866 1880 1903 Χρι-

1115 1899 1192 1935 στοῦ
1215 1899 1248 1924 τὸ
1268 1900 1328 1926 ὑπὸ
1339 1899 1393 1926 τοῦ
1405 1899 1554 1935 Θεολόνου
1573 1900 1735 1934 εἰρημένον
1748 1907 1756 1914 ·
1778 1901 1813 1927 Τὸ
1822 1910 1880 1927 σε-

1116 1933 1192 1958 πτὸν
1203 1935 1239 1959 οὺ
1253 1935 1467 1968 περιπφαπτόν.

1118 1977 1196 2013 Παρὰ
1211 1979 1242 2005 τὸ
1262 1979 1300 2014 μὴ
1315 1979 1415 2006 ειδέναι
1426 1979 1477 2015 τὴν
1491 1979 1547 2006 τῶν
1563 1979 1720 2015 ὁμωνύμων
1746 1980 1879 2016 δύναμιν,

1082 2023 1165 2059 ἤγουν
1179 2025 1255 2059 παρὰ
1270 2025 1300 2051 τδ
1316 2025 1354 2061 μὴ
1375 2025 1542 2061 βουληθῆναι
1569 2026 1689 2053 συνιέναι
1704 2026 1753 2053 τοῦ
1770 2027 1881 2061 ἀγα.θῦ-

1081 2078 1134 2102 ναι,
1155 2070 1170 2105 ὴ
1184 2071 1316 2105 πρότασις
1324 2071 1404 2106 αὕτη.
1417 2072 1454 2098 Τὸ
1465 2072 1521 2107 γάρ
1532 2081 1574 2098 τοι
1587 2073 1714 2106 σεπτὸν,
1725 2073 1882 2108 ὁμώνυμος

1082 2115 1157 2150 φωνή
1173 2116 1248 2142 ἐστιν
1262 2117 1302 2148 είς
1324 2117 1441 2153 διάφορα
1472 2118 1661 2153 σημαινόμενα
1684 2118 1880 2155 θεωρουμένη.

1082 2158 1144 2187 Οἷον
1166 2162 1198 2187 ὲκ
1219 2162 1393 2198 παραλλήλου
1418 2163 1448 2190 τὸ
1471 2163 1536 2198 φῶς
1566 2163 1736 2199 λαμϐάνεται
1757 2165 1808 2199 μὲν
1831 2167 1883 2192 ἐπὶ

242 2206 301 2240 φῶς
328 2205 463 2240 accipitur
485 2204 595 2240 quidem
609 2204 643 2232 de
666 2205 731 2232 solis
753 2205 868 2238 lumine,
885 2205 932 2233 sed
945 2210 973 2233 et
995 2206 1027 2233 de

1088 2207 1127 2233 τοῦ
1152 2208 1230 2242 ἡλίου
1242 2216 1250 2224 ο
1265 2209 1433 2245 λαμϐάνεται
1456 2211 1485 2237 δὲ
1511 2211 1558 2237 καὶ
1575 2211 1622 2237 ἐπὶ
1635 2211 1796 2247 ἀνθρώπου.
1811 2213 1882 2246 Φὼς

242 2251 352 2279 homine
367 2251 477 2278 dicitur.
499 2250 596 2277 Homo
608 2250 680 2277 enim
698 2251 756 2285 φὼς
773 2251 835 2287 (vir)
849 2251 961 2279 dicitur.
974 2251 1028 2279 lta-

242 2304 296 2331 quc
310 2297 334 2323 si
351 2296 451 2328 dicam,
468 2295 525 2331 φῶς
537 2295 647 2332 (lumen)
663 2304 716 2323 non
733 2301 775 2324 est
792 2297 884 2330 homo,
897 2297 924 2324 id
936 2304 1031 2324 verum

241 2347 293 2370 est.
321 2341 398 2369 Tunc
414 2343 486 2369 enim
510 2342 616 2377 accipio
632 2342 665 2370 de
681 2343 748 2370 sole.
776 2341 881 2371 Rursus
894 2347 986 2370 autem
1008 2344 1031 2371 si

242 2389 341 2422 dicam,
358 2388 416 2423 φὼς
432 2388 493 2424 (vir)
510 2393 551 2417 est
568 2389 661 2421 homo,
678 2389 704 2416 id
719 2396 829 2424 quoque
850 2397 945 2416 verum
964 2398 970 2416 :
987 2397 1032 2417 ac-

241 2435 314 2470 cipio
330 2434 405 2461 enim
417 2433 474 2468 jam
488 2434 522 2462 de
540 2434 651 2462 homine
668 2443 675 2461 :
691 2442 723 2462 ac
745 2435 773 2462 in
790 2439 888 2462 neutro
917 2435 1031 2463 menda-

240 2481 315 2509 cium
329 2485 382 2513 est,
398 2485 510 2517 propter
525 2482 628 2509 variam
652 2481 679 2508 in
700 2481 754 2509 illis
771 2481 878 2509 duobus
893 2481 1032 2517 acceptio-

243 2534 318 2555 nem.
338 2527 383 2555 Sic
397 2535 461 2563 ergo
473 2531 500 2555 et
513 2527 586 2555 illius
599 2526 672 2562 quod
688 2527 831 2555 colendum
847 2527 956 2560 dicitur,
973 2527 1032 2556 Vox

243 2573 436 2607 cstatquivoca
461 2579 488 2600 et
509 2580 570 2608 qua:
602 2572 728 2600 bifariam
751 2573 909 2608 intelligitur
929 2584 935 2601 :
961 2582 1033 2603 nunc

242 2620 352 2654 quidem
361 2620 394 2647 de
408 2620 658 2655 incircumscripto,
674 2627 747 2647 nunc
764 2625 856 2647 autem
870 2621 904 2648 de
911 2621 1032 2649 circum-

243 2666 357 2700 scripto.
372 2665 465 2700 Itaque
474 2673 490 2692 a
501 2665 592 2696 Patre,
611 2665 646 2693 de
656 2670 754 2693 natura
765 2665 856 2693 divina
868 2666 1030 2700 disserente,

244 2711 346 2738 dictum
361 2716 403 2738 est
420 2718 427 2737 :
444 2710 521 2743 Quod
539 2710 696 2743 colendum,
710 2710 823 2738 minime
837 2711 1032 2746 circumscrip-

245 2762 303 2784 tum
320 2767 326 2784 :
343 2762 438 2791 uteos,
460 2758 507 2793 qui
522 2757 692 2786 divinitatem
710 2757 780 2785 intra
795 2757 1030 2793 circumscriptio-

1083 2253 1138 2289 γὰρ
1161 2255 1175 2280 ὁ
1195 2254 1338 2289 ἄνθρωπος
1362 2256 1482 2292 εἴρηται.
1492 2257 1557 2284 Ἐὰν
1581 2256 1628 2284 οὖν
1643 2257 1713 2283 εἴπω
1728 2265 1735 2274 '
1757 2258 1796 2284 Τὸ
1813 2258 1882 2292 φῶς

1083 2299 1133 2326 οὐκ
1152 2299 1225 2327 ἐστιν
1237 2300 1394 2337 ἄνθρωπος,
1415 2302 1526 2337 ἀληθές.
1545 2303 1680 2338 Εἵληπται
1694 2303 1750 2338 γάρ
1768 2312 1815 2338 μοι
1832 2305 1885 2332 ἐπὶ

1083 2345 1131 2372 τοῦ
1145 2346 1233 2382 ήλίου.
1248 2347 1279 2374 Εί
1292 2347 1321 2374 δέ
1334 2356 1366 2382 γε
1380 2349 1462 2375 πάλιν
1475 2350 1593 2384 εἴποιμι,
1612 2349 1642 2375 '0
1654 2349 1719 2384 φὼς
1730 2349 1885 2385 ἄνθρωπός

1084 2391 1160 2417 ἐστιν
1174 2399 1180 2406 ’
1193 2391 1304 2427 ἀληθές.
1320 2392 1456 2428 Είληπται
1471 2394 1525 2428 γάρ
1535 2402 1580 2429 μοι
1592 2393 1639 2419 ἐπὶ
1649 2393 1696 2420 τοῦ
1711 2394 1865 2430 ἀνθρώπου
1878 2405 1883 2410 ·

1084 2437 1132 2463 καὶ
1142 2437 1284 2472 οὐδέτερον
1303 2438 1411 2472 ψεῦδος,
1431 2440 1476 2466 διὰ
1490 2440 1540 2474 τὴν
1552 2441 1581 2466 ὲν
1603 2440 1772 2476 ἀμφοτέροις
1792 2443 1885 2476 μετά-

1085 2482 1176 2517 ληψιν.
1191 2483 1270 2510 Οὕτω
1291 2484 1382 2511 τοίνυν
1400 2485 1446 2521 καὶ
1468 2485 1516 2512 ἐπὶ
1538 2485 1586 2512 τοῦ
1611 2485 1713 2513 σεπτοῢ
1728 2487 1886 2522 ὁμώνυμος

1085 2528 1102 2562 ἡ
1117 2527 1194 2563 φωνὴ
1207 2528 1290 2563 διχῶς
1306 2529 1451 2564 νοουμένη,
1469 2530 1508 2564 πῆ
1521 2531 1572 2565 μὲν
1594 2531 1642 2557 ἐπὶ
1656 2531 1704 2557 τοῦ
1719 2532 1886 2567 ἁπεριγρά-

1086 2581 1166 2604 πτου,
1190 2574 1228 2609 πῆ
1244 2574 1273 2600 δὲ
1286 2575 1333 2602 ἐπὶ
1355 2575 1403 2602 τοῦ
1425 2577 1697 2612 περιγεγραμμένου.
1726 2576 1772 2612 Τῷ
1790 2578 1887 2613 Haupt

1084 2617 1131 2646 οὖν
1148 2620 1272 2655 περὶτῆς
1286 2620 1361 2652 θείας
1373 2621 1482 2656 φύσεως
1503 2622 1674 2656 θεολογοῦντι
1695 2622 1805 2658 εἴρηται
1819 2630 1826 2636 ·
1848 2624 1888 2650 Τὸ

1087 2665 1186 2692 σεπτὸν
1201 2666 1232 2692 οὐ
1247 2668 1436 2703 περιγραπτόν
1449 2676 1456 2683 ·
1469 2668 1539 2703 πρὸς
1562 2669 1720 2704 ἀνατροπὴν
1744 2669 1801 2696 τῶν
1815 2670 1888 2696 also;

1087 2713 1262 2748 περιγραφῆς
1288 2713 1320 2740 τὸ
1337 2714 1413 2740 Θεῖον
1436 2714 1593 2749 ὁριζὸντων.
1624 2715 1678 2742 Καὶ
1697 2715 1814 2751 ἀληθές,
1845 2717 1887 2742 Οὐ

1086 2756 1140 2791 μὴν
1165 2759 1230 2793 περὶ
1251 2759 1408 2795 οἰκονομίας
1427 2760 1573 2795 προῦκειτο
1591 2760 1692 2796 λέγειν.
1707 2761 1808 2793 ’Δλλος
1827 2763 1886 2796 γὰρ

288 2850 310 2865 δι
329 2849 409 2877 Rom.
429 2856 487 2883 vui,
503 2848 549 2876 ‘29.
587 2848 609 2864 "
625 2847 645 2875 ll
659 2847 722 2876 Cor.
740 2855 779 2882 ιι,
793 2847 818 2876 7.
856 2847 879 2864 "
894 2847 986 2876 chtr.
1003 2855 1027 2881 ιι,

1112 2848 1135 2864 ⁸⁸
1151 2848 1210 2875 Gal.
1228 2855 1257 2881 Il,
1278 2847 1321 2876 l9.
1360 2849 1382 2865 "
1398 2847 1495 2876 Matth.
1511 2856 1547 2883 vr,
1563 2848 1610 2876 24.
