1916 3075
75 175 126 207 49Ἱ

607 177 746 208 ORATIO
767 180 963 210 ADVERSUS
983 178 1212 210 ICONOMACII.

1661 181 1712 214 498

74 235 153 269 λόγος
168 233 320 268 θεολογίας,
337 235 379 261 na.‘
401 234 496 270 ἕτερος
512 235 680 271 οἰκονομίας.
696 238 726 263 ἐν
737 234 776 269 οἷς
795 239 827 264 οὺ
840 247 854 262 τ

927 245 989 264 nem
1005 237 1159 269 includunt,
1183 235 1322 264 refelleret
1338 245 1345 263 ε
1359 241 1465 264 curere
1481 237 1560 264 dixit.
1574 237 1629 266 Nec
1647 246 1713 266 vero

72 281 145 308 αὐτὰ
160 281 220 308 ἔστι
243 282 430 318 δογματίζειν.
454 283 564 318 Ἀμέλει
592 285 639 310 καὶ
653 284 667 310 ὁ
683 284 755 316 θεῖος
769 285 871 321 Κύριλ-

72 327 117 359 λος
131 327 183 363 τὴν
197 327 361 360 ὑπόστασιν,
378 328 416 363 πῆ
434 328 483 363 μὲν
498 329 558 355 ἀντὶ
573 330 623 364 τῆς
650 329 771 363 φύσεως,
790 332 827 366 ιιιῆ
842 331 871 358 δὲ

72 373 134 400 ἀντὶ
150 374 199 406 τῆς
213 373 392 405 ὑποστάσεως
406 373 554 409 λαμϐάνει,
568 374 638 401 κατὰ
651 375 681 402 τὸ
696 375 870 412 διλὴμματον

72 417 145 445 εἶναι
161 418 213 454 τὴν
227 419 332 454 φωνήν.
354 419 432 446 Ἐπεὶ
446 419 488 446 ὅτι
503 417 556 446 οἶδε
571 420 617 446 καὶ
632 420 664 447 τὺ
679 423 870 457 περιγραπτὶν

75 464 186 497 σεπτὸν,
200 465 282 496 αὑτός
295 473 362 499 φησι
375 472 381 479 ·
400 474 410 490 ι
432 465 627 501 Προσκύνησον
645 466 695 502 τὴν
709 467 824 503 φάτνην,
836 468 870 494 δι’

46 522 47 525 η
71 512 106 546 ἣν
127 511 173 541 σὺ,
186 511 284 545 ἄλογος
298 510 347 544 ὢν,
362 511 486 546 ἐτράφης
515 513 569 539 ὑπὸ
584 512 632 539 τοῦ
650 513 749 547 Λόγου.
769 523 779 539 ι
795 513 832 539 Τὸ
841 514 870 540 δὲ

70 556 273 592 προσκυνητὺν,
291 556 414 592 δηλονότι
435 557 482 584 καὶ
497 558 606 585 σεπτόν.
627 558 679 586 Ἐῶ
700 558 791 594 λέγειν
804 561 868 595 περὶ

69 601 117 627 τοῦ
143 601 288 636 Κυριακοῦ
313 601 457 636 σώματος·
470 601 517 638 ἆρ’
532 603 580 630 οὖν
600 604 630 630 οὐ
655 605 866 639 περιγραπτόνς

69 647 111 678 τίς
123 647 237 682 ἀντερεῖ
248 647 328 681 λόγος
340 657 348 681 ;
359 647 420 674 τιδέ
431 648 478 682 ;οὐ
489 649 588 676 σεπτόν
600 658 607 682 ;
624 649 671 677 καὶ
680 650 705 676 οἱ
718 650 787 677 λίθοι
796 659 866 686 (ξυμ.

70 693 201 728 φήσαιεν.
220 694 254 720 Τί
266 693 295 720 δὲ
311 694 399 726 εἴποις
417 697 483 730 περὶ
503 695 550 722 τοῦ
576 696 710 728 ζωοποιοῧ
726 697 865 731 σταυροῦ;

69 741 116 767 τοῦ
134 741 287 768 ἀντιτύπου
301 750 309 774 ;
324 741 371 767 τοῦ
386 741 605 778 ϐυσιαστηρίους
628 743 680 778 τῆς
701 743 775 774 θείας
795 752 865 778 τρα-

70 787 178 821 πὲζης;
195 786 243 813 τοῦ
269 787 406 822 ἀχράντου
436 786 603 822 Εὑαγγελίου
617 797 624 821 ;
639 784 795 816 οὑτινοσοῦν
818 789 866 816 ἄ).-

69 831 114 857 λου
129 831 206 866 ἱεροῦ
223 831 418 866 άναθήματος;
435 832 506 858 αὐτὰ
521 832 557 859 τὰ
569 833 623 860 τῶν
637 834 725 868 ἁγίων
749 834 864 869 λείψανα

68 878 98 903 οὗ
116 877 210 903 πάντα
226 878 422 912 περιγραπτάς
438 878 520 904 παντί
537 887 588 905 που
604 879 696 914 δῆλον·
712 880 772 907 ἀλλ’
789 881 864 916 ὅμως

69 922 116 948 καὶ
139 922 240 953 σεπτὰ,
258 921 354 956 ὥσπερ
375 923 422 949 καὶ
436 923 453 958 ἡ
466 923 585 958 Χριστοῦ
611 924 694 952 είκὼν
707 933 714 940 ·
731 934 862 961 συμμαρ-

69 967 226 1001 τυρούντων
241 966 297 993 τῶν
310 968 360 1002 τῆς
375 967 456 1002 ἁγίας
478 968 563 1004 ἕκτης
585 970 694 996 συνόδου
717 971 860 1006 Πατέρων,

69 1011 98 1037 ἒν
132 1021 189 1039 τισι
227 1013 283 1040 τῶν
321 1013 428 1041 σεπτῶν
464 1014 578 1042 εἰκόνων
607 1015 721 1051 Γραφῆς
748 1016 860 1052 εἰρηκό-

67 1065 134 1085 των.

66 1228 146 1261 Πρὸς
186 1228 259 1264 τοὺς
297 1229 501 1263 προφέροντας
533 1231 610 1258 κατὰ
649 1231 705 1264 τῆς
743 1231 860 1264 εἰκόνος

99 1263 288 1300 Χριστοῦλτὸ
302 1264 360 1290 ὑπὸ
380 1264 433 1300 {of}
455 1265 542 1298 ἁγίου
561 1263 729 1300 Γρηγορίὸυ
743 1263 859 1300 εἰρημέὲ

100 1306 178 1334 τον-ξ
195 1298 259 1334 «νΕτ
281 1307 327 1330 τις
363 1298 404 1330 τῷ
427 1299 566 1334 κτίσματι
584 1298 779 1334 ίπροάκυνεῗ,
801 1298 859 1327 ricam

99 1332 287 1374 éz'jrdpun
314 1333 442 1367 Χριστοῦ
472 1332 562 1362 τοῦτο
589 1332 678 1369 ποιῇ,
697 1335 858 1362 ειδωλολα-

99 1376 173 1401 τρει.
193 1377 202 1393 ι

98 1413 190 1440 Τοῦτο
206 1413 275 1449 πρὸς
285 1414 350 1446 τοὺς
368 1415 538 1450 Ἀρειανοὺς,
554 1415 659 1450 κτίσμα
673 1415 803 1450 λέγοντας
811 1417 858 1443 τὺν

63 1459 130 1485 Υἱὸν
145 1459 195 1486 τοῦ
208 1459 276 1485 Θεοῦ
288 1456 369 1493 εἶναι,
382 1461 501 1495 εἴρηται.
518 1460 615 1495 Ἡμεῖς
628 1460 658 1487 δὲ
669 1461 764 1496 ἐπειδὴ
778 1470 859 1498 προσ-

62 1504 213 1536 κυνοῦντες
224 1504 274 1540 τὴν
284 1505 377 1532 εἰκόνα
392 1504 523 1542 Χριστοῦ,
539 1506 657 1542 Χριστὸν
676 1507 758 1534 αὑτὸν
771 1516 857 1542 προσ-

61 1551 156 1575 κυνεῖν
184 1551 400 1585 πεφρονήκαμεν
431 1551 593 1586 ὀρθοδόξως,
613 1551 657 1578 διὰ
673 1552 724 1588 τὴν
742 1553 786 1579 ἐπ’
800 1554 856 1588 ἁμ-

61 1596 125 1628 φοῖν
141 1595 208 1630 μίαν
231 1596 431 1631 προσκύνησιν,
450 1597 481 1623 οὺ
508 1596 728 1633 διαφορουμένην
745 1599 816 1625 κατὰ
829 1598 859 1625 τὸ

61 1641 112 1674 τῆς
126 1641 224 1673 οὐσίας
238 1641 377 1677 διάφορον,
392 1642 547 1669 τούναντίον
561 1643 590 1670 δὲ
608 1644 808 1679 ταυτιζομένην
820 1645 854 1680 τῇ

61 1686 111 1720 τῆς
128 1687 196 1721 μιᾶς
225 1687 403 1720 ὑποστάσεως
428 1689 553 1724 ἑνότητι·
566 1690 596 1716 οὺ
620 1690 751 1725 κτίσματι
769 1699 854 1726 προσ-

63 1731 210 1767 κυνοῦμεν,
231 1733 268 1768 μὴ
301 1734 409 1767 γένοιτο
423 1743 429 1749 ·
448 1735 489 1761 ὅτι
513 1735 580 1770 μηδὲ
600 1736 704 1771 κτίσμα
723 1736 852 1772 Χριστὸς,

63 1778 114 1804 κᾶν
129 1779 206 1804 ἐστιν
222 1779 251 1805 ὲν
270 1779 344 1814 αὑτῴ
368 1780 398 1806 τὺ
420 1781 540 1813 mam,
557 1781 604 1808 τοῦ
627 1782 800 1818 κρείττονος,
817 1782 855 1814 ὥς

63 1831 158 1858 φησιν,
176 1825 385 1859 ὲκνικήσαντος.
401 1826 446 1862 Μὴ
465 1827 550 1862 βλέπε
567 1828 649 1855 πάλιν
659 1829 710 1864 τὴν
726 1828 794 1864 ὕλην
807 1829 854 1863 ἀφ’

61 1868 94 1904 ἧς
120 1871 252 1906 ἐξῄρηται
277 1874 311 1908 τῇ
328 1873 447 1909 ἐπινοίᾳ,
463 1874 516 1901 κᾶν
532 1875 562 1901 ὲν
577 1876 647 1911 αὐτῇ
672 1875 710 1907 ὡς
732 1876 761 1902 ἐν
786 1885 854 1903 κατ-

60 1915 167 1950 ὁπτρῳ,
186 1916 234 1942 καὶ
249 1914 327 1949 αὖθις
353 1917 435 1952 λέγω,
451 1919 637 1955 ὲμφανίζηται
659 1921 703 1948 διὰ
717 1922 766 1957 τῆς
782 1923 855 1949 είκό-

60 1968 115 1988 νος.
134 1961 165 1986 ΕΞ
177 1961 206 1987 δὲ
218 1962 303 1997 (φαίης
319 1963 358 1998 μὴ
370 1965 480 2000 χωρεῖν,
502 1965 551 2000 τῆς
565 1966 734 2002 τυφλότητος
753 1967 793 1994 ῐσε
815 1968 852 2000 ὑῒ,

59 2006 124 2038 τοῖος
137 2006 193 2038 ἔξω
207 2007 289 2042 μόνον
299 2008 457 2043 ὀφθαλμοὺς
474 2010 577 2046 φέρων,
590 2008 613 2045 ᾧ
625 2012 662 2047 μὴ
670 2012 781 2047 βάλλειν
789 2014 853 2046 τοὺς

60 2053 257 2089 μαργαρὼδεις
272 2056 322 2090 τῆς
346 2055 475 2092 ἀληθείας
498 2057 594 2091 λόγους
610 2059 625 2085 ὁ
649 2058 714 2090 Θεὸς
740 2059 787 2086 καὶ
800 2059 853 2086 Λό-

59 2107 105 2132 γος
118 2100 319 2136 προσ-τέταχεν.

872 1585 894 1614 C

923 283 957 310 de
971 283 1123 310 (economia
1141 289 1232 310 sermo
1248 286 1313 309 tunc
1329 286 1407 315 erat;
1426 282 1478 309 alia
1495 283 1567 309 enim
1594 282 1713 310 Theolo-

923 328 984 363 εἰπε,
1002 328 1055 354 alia
1076 328 1237 355 oeconomia:
1266 327 1349 359 ratio,
1368 335 1421 354 nec
1444 327 1538 354 eadem
1566 328 1713 363 utrobique

921 374 1071 402 decernere
1090 374 1165 401 licet.
1186 373 1258 400 Sane
1284 378 1311 400 et
1323 373 1434 401 divinus
1447 373 1566 409 Cyrillus
1581 374 1712 409 hyposta-

921 420 973 448 sim
990 420 1072 447 modo
1089 427 1138 454 pro
1159 425 1270 451 natura,
1285 419 1367 446 modo
1383 427 1433 453 pro
1450 427 1567 454 persona
1584 424 1710 455 usurpat,

920 465 994 500 quod
1019 472 1116 500 nempe
1139 464 1246 499 gemina
1265 464 1302 491 sit
1330 465 1408 492 vocis
1423 464 1497 492 illius
1524 465 1656 499 acceptio.
1677 465 1712 494 Et

920 512 1049 546 quoniam
1066 518 1122 538 non
1141 511 1248 545 ignorat
1264 510 1316 537 coli
1329 517 1411 545 posse
1425 511 1499 545 quod
1513 510 1710 546 circumscrip-

919 561 978 585 tum
993 557 1039 590 sit,
1056 556 1114 592 ipse
1126 557 1179 584 ait:
1199 565 1208 582 ι
1220 556 1311 583 Adora
1320 563 1450 591 praesepe,
1460 557 1487 584 in
1500 564 1555 592 quo
1573 561 1602 584 tu
1623 558 1709 586 ratio-

919 602 963 630 nis
989 609 1085 637 expers
1111 609 1173 629 cum
1200 609 1295 634 esses,
1315 609 1331 629 a
1350 601 1441 637 Verbo
1466 603 1588 631 nutritus
1603 603 1705 631 fuisti.»

919 646 998 680 Quod
1015 651 1106 675 autem
1125 647 1267 680 adoratur,
1279 647 1371 682 utique
1382 648 1526 675 colendum
1540 653 1589 676 est.
1607 649 1709 678 Omitto

918 693 1011 720 dicere
1037 693 1070 720 de
1090 693 1198 722 Domini
1225 700 1339 728 corpore
1357 702 1364 720 :
1384 701 1476 722 nonne
1498 694 1565 722 illud
1588 695 1708 723 circum-

918 741 1050 773 scriptum
1067 739 1127 766 est?
1152 739 1215 773 quis
1237 747 1329 767 sermo
1355 739 1548 767 contradicat?
1573 745 1620 768 aut
1639 749 1708 776 quo-

917 784 1003 810 modo
1017 791 1071 810 non
1086 784 1122 811 sit
1135 785 1336 812 venerandum?
1351 785 1403 819 ipsi
1416 785 1520 820 lapides
1536 785 1562 813 id
1579 787 1705 815 clament.

917 827 988 860 Quid
1014 829 1089 856 dices
1105 836 1190 863 porro
1202 829 1237 856 de
1259 829 1367 857 viviliea
1390 830 1491 857 cruce?
1508 831 1542 858 de
1567 831 1707 868 antitypo?

916 874 950 901 de
968 874 1065 901 altari?
1089 874 1123 902 de
1135 882 1213 902 sacra
1239 875 1355 902 mensa?
1374 875 1408 903 de
1426 876 1591 903 intaminato
1617 876 1708 904 Evan-

917 920 1000 955 gelio,
1037 924 1085 948 aut
1110 920 1164 948 alio
1183 921 1281 955 quovis
1308 928 1388 948 sacro
1414 922 1614 949 instrumento?
1640 922 1707 957 Ipsae

915 969 1073 992 sanctorum
1102 965 1225 1001 reliquiae
1254 973 1346 993 nonne
1361 974 1457 994 omnes
1488 967 1706 1002 circumscripta:

914 1011 994 1038 sunt?
1011 1010 1079 1038 Sunt
1095 1017 1181 1039 sane:
1198 1016 1319 1039 attamen
1332 1012 1463 1046 colenda,
1480 1013 1589 1045 sicut‘ct
1604 1013 1706 1041 Christi

913 1055 1004 1090 imago
1018 1065 1025 1082 τ
1041 1056 1205 1084 testantibus
1222 1056 1248 1084 id
1263 1064 1317 1084 una
1331 1064 1398 1084 voco
1412 1057 1540 1085 Patribus
1553 1063 1654 1085 sanctae
1664 1066 1706 1093 sy-

915 1101 980 1128 nodi
1008 1106 1102 1134 seme,
1118 1102 1282 1137 quibusdam
1308 1103 1335 1130 in
1367 1102 1482 1138 Scriptis
1501 1103 1547 1131 ubi
1561 1104 1595 1132 de
1617 1104 1705 1132 sacris

914 1147 1078 1182 imaginibus
1090 1151 1213 1183 egerunt.

914 1227 948 1255 In
961 1236 1005 1256 eos
1019 1229 1064 1264 qui
1075 1229 1200 1266 adversus
1212 1230 1354 1265 imaginem
1367 1230 1466 1258 Christi
1482 1232 1620 1266 proferunt
1634 1231 1703 1258 illud

948 1273 964 1290 a
979 1269 1070 1301 sancto
1090 1264 1216 1301 Gregorio
1235 1264 1340 1301 dictum
1355 1274 1364 1292 :
1386 1275 1396 1292 ι
1417 1266 1446 1294 Si
1469 1264 1537 1301 quis
1555 1271 1704 1294 creaturam

948 1299 1055 1335 odorat,
1085 1300 1190 1326 etiamsi
1226 1300 1311 1334 faciat
1344 1301 1372 1327 id
1399 1302 1426 1328 in
1455 1299 1554 1329 Christi
1585 1303 1702 1335 nomine,

947 1333 1128 1361 idololatriam
1142 1336 1292 1364 committit.
1315 1344 1325 1362 ι

950 1410 1056 1439 Dictum
1084 1412 1157 1439 istud
1184 1412 1236 1440 fuit
1261 1413 1395 1442 adversus
1425 1413 1551 1447 Arianos,
1579 1415 1626 1450 qui
1654 1415 1702 1444 Dei

911 1454 1013 1484 Filium
1037 1461 1193 1486 creaturam
1222 1458 1333 1486 aiebant
1353 1467 1423 1487 esse.
1448 1459 1504 1488 Nos
1530 1468 1608 1493 vero,
1632 1469 1703 1496 quo-

911 1501 984 1528 niam
1001 1501 1152 1537 imaginem
1162 1501 1263 1530 Christi
1278 1503 1436 1536 adorantes,
1457 1505 1596 1532 Christum
1609 1506 1700 1541 ipsum

911 1546 1029 1574 adorare
1068 1547 1221 1575 secundum
1254 1550 1418 1576 sententiam
1460 1551 1644 1579 orthodoxam
1672 1553 1700 1579 in

910 1593 1004 1620 animo
1031 1593 1190 1628 habuimus,
1215 1594 1378 1622 adoratione
1404 1595 1539 1624 ambobus
1560 1599 1700 1625 communi

909 1646 998 1674 neque
1013 1639 1123 1668 diversa
1138 1648 1187 1675 pro
1203 1641 1366 1669 substantia:
1377 1641 1545 1676 diversitate,
1556 1644 1602 1671 sed
1618 1645 1698 1671 unica

910 1688 1022 1719 propter
1051 1691 1176 1719 personae
1207 1685 1340 1714 unitatem
1359 1695 1366 1713 Ζ
1383 1691 1539 1714 creaturam
1561 1695 1615 1714 non
1633 1689 1699 1716 ado-

909 1736 1013 1763 ramus,
1029 1729 1119 1757 absil!
1138 1730 1271 1765 siquidem
1302 1739 1390 1766 neque
1418 1731 1546 1761 Christus
1571 1737 1699 1761 creatura

910 1779 962 1807 est,
988 1775 1114 1810 quamvis
1136 1776 1164 1803 in
1198 1776 1257 1811 ipso
1284 1777 1319 1804 sit
1333 1778 1435 1813 aliquid
1468 1783 1590 1806 creatum
1610 1789 1616 1806 :
1634 1781 1697 1815 quia

908 1821 984 1849 istud
1013 1822 1141 1855 vincitur,
1157 1826 1188 1849 ut
1213 1823 1298 1856 aiunt,
1315 1823 1350 1851 ab
1378 1832 1410 1852 eo
1426 1825 1498 1858 quod
1521 1827 1699 1860 przestantius

909 1871 961 1895 est.
976 1867 1017 1895 Ne
1036 1868 1141 1903 respice
1158 1869 1277 1904 amplius
1295 1870 1437 1898 materiam
1456 1878 1471 1898 a
1484 1879 1538 1906 qua
1558 1879 1606 1907 per
1623 1873 1698 1908 eogi-
1751 1893 1753 1896 ‹

909 1913 1039 1941 tationem
1055 1915 1168 1942 avulsus
1192 1919 1242 1948 est,
1261 1917 1388 1950 quamvis
1402 1916 1428 1944 in
1451 1917 1510 1952 ipsa
1525 1923 1652 1953 tanquam
1671 1919 1697 1945 in

908 1958 1019 1992 speculo
1038 1959 1076 1992 (et
1091 1959 1117 1986 id
1129 1967 1225 1986 rursus
1238 1959 1311 1995 dico)
1325 1961 1512 1995 conspicialur
1538 1969 1586 1996 per
1601 1962 1695 1997 imagi-

908 2011 982 2031 nem.
995 2003 1074 2037 Quod
1091 2004 1112 2032 si
1131 2005 1207 2032 dicas
1223 2009 1248 2032 te
1263 2005 1289 2032 id
1316 2014 1370 2033 non
1390 2014 1500 2041 capere,
1516 2014 1532 2034 ο
1551 2008 1557 2034 !
1580 2012 1615 2039 tc,
1633 2016 1695 2035 cum

907 2048 1003 2076 oculos
1020 2049 1153 2077 duntaxat
1168 2050 1292 2085 corporis
1306 2050 1418 2085 habeas,
1435 2052 1556 2080 catcitate
1577 2053 1695 2081 similem

906 2101 1002 2129 porco,
1018 2095 1063 2121 cui
1091 2096 1258 2131 margaritas
1275 2104 1434 2124 sermonum
1450 2098 1574 2126 veritatis
1587 2099 1696 2126 mittere

905 2138 991 2166 vetuit
1005 2138 1078 2167 Deus
1090 2144 1117 2168 et
1135 2141 1205 2168 ratio

63 2233 856 2260 Ἥ

917 2247 1677 2267 _.____.._._____.._____===

562 2336 833 2383 EJUSDEM
877 2339 1192 2388 THEODORI

180 2453 481 2521 ORATIO
521 2457 942 2526 ADVERSUS
990 2463 1573 2534 ICONOMACHOS.

271 2586 363 2623 (Hanc
374 2588 440 2624 leges
458 2597 539 2624 supra
555 2590 581 2617 in
599 2590 656 2618 Vita
671 2590 698 2617 S.
721 2589 845 2619 Theodori
860 2601 875 2619 (ι
892 2593 1016 2621 Mitt/mele
1036 2595 1163 2623 monac/io
1176 2598 1320 2632 conscripta
1337 2598 1387 2626 col.
1403 2599 1475 2633 l75.)
