1916 3075
227 161 281 194 499
822 163 852 192 S.
872 162 983 192 THEO]

1098 162 1263 192 STUDITA‘Z
1807 156 1854 187 500

926 235 1043 242 ...ρ--

903 315 1175 361 EJUSDEM

263 424 616 483 EPISTOLA
644 425 737 482 AD
778 423 1252 484 THEOPHILUM
1296 415 1814 481 IMPERATOREM

353 545 434 598 DE
475 542 747 598 SANCTIS
779 544 859 598 AC
890 543 1309 598 VENERANDIS
1328 541 1731 596 IMAGINIBUS.

450 648 555 683 (Exstat
571 649 641 676 inter
658 649 745 685 Opera
756 649 904 676 SJoanm's
922 649 1079 676 Damasceni
1095 649 1175 683 hujus
1192 647 1383 684 Patrologiwt.
1395 647 1475 680 XCV,
1493 647 1546 675 col.
1562 646 1640 681 545.).

228 228 1839 251 WW

232 815 1863 839 cum)

879 900 993 943 ΤΟΥ
1004 863 1007 867 ι
1020 865 1209 944 ΑΥΤΟΥ

464 996 911 1064 ΕΠΙΣΤΟΛΗ
940 997 1176 1064 ΠΡΟΣ
1215 993 1628 1063 ΠΛΑΤΩΝΑ

859 1113 929 1140 TUN
939 1113 1078 1140 ΕΑΥΤΟΥ
1092 1113 1230 1140 ΠΑΤΕΡΔ

436 1193 567 1238 ΠΕΡΙ
602 1195 712 1261 ΤΗΣ
764 1194 1211 1239 ΠΡΟΣΚΥΝΗΣΕΩΣ
1239 1195 1354 1240 ΤΩΝ
1391 1195 1656 1240 ΕΙΚΟΝΩΝ.

912 1349 1185 1408 EJUSDEM

555 1455 944 1520 EPISTOLA
972 1453 1077 1518 AD
1109 1453 1538 1520 PLATONEM

887 1573 1011 1604 IPSIUS
1043 1574 1208 1605 PATREM

499 1678 582 1731 DE
612 1679 824 1732 CULTU
855 1676 1210 1747 SACRARUM
1241 1678 1593 1733 IMAGINUM.

270 1873 458 1909 Nosmetipsos
484 1873 671 1905 consolamur,
689 1880 751 1900 cum
783 1876 910 1900 sanctum
941 1877 1024 1907 caput

1123 1872 1248 1904 Ἑαυτοὺς
1263 1871 1507 1908 παραμυθούμεθα
1519 1872 1737 1907 προσλαλοῦντες
1752 1874 1787 1908 τῇ
1811 1874 1879 1909 ἱερᾷ

236 1925 359 1948 nostrum
389 1919 564 1954 alloquimur.
581 1917 724 1951 Quodnam
751 1917 823 1944 enim
848 1921 937 1951 potest
969 1917 992 1944 ti]

1123 1918 1181 1954 ›αλῇ
1211 1919 1301 1953 ἡμῶν.
1320 1918 1352 1944 Τί
1380 1917 1433 1952 γὰρ
1463 1917 1496 1944 ἂν
1511 1917 1554 1952 εἴη
1589 1918 1879 1953 παρακλητικὼτερον

235 1966 363 1994 solatium
393 1965 482 2000 majus
506 1973 584 1996 esse,
613 1971 696 1998 quam
718 1963 843 1991 conferre
869 1971 991 1990 sermone

1124 1963 1164 1995 .δὶ,
1179 1963 1196 1998 ἢ
1210 1963 1297 1997 πατρὶ
1321 1961 1504 1996 διαλέγεσθαι,
1522 1963 1568 1988 καί
1584 1970 1616 1996 γε
1631 1963 1746 1997 τοιούτῳ
1762 1963 1813 1989 καὶ
1826 1971 1880 1998 τη-

234 2018 297 2048 etttn
326 2012 412 2044 patre,
427 2008 474 2036 tali
501 2008 652 2043 praesertim
681 2015 713 2034 ac
728 2013 813 2039 tanto,
831 2007 910 2042 cujus
938 2007 990 2034 virt

1125 2010 1203 2044 ούτῳ,
1222 2006 1253 2036 οὗ
1270 2010 1320 2044 τὴν
1335 2009 1439 2045 ἀρετὴν
1449 2009 1543 2045 ᾅδουσι
1572 2009 1668 2035 πολλαὶ
1691 2009 1802 2041 πόλεις,
1820 2010 1881 2044 χῶ-

235 2056 383 2084 multarum
398 2054 508 2082 urbium
532 2062 563 2081 ac
575 2054 721 2088 regionqu
738 2059 764 2080 et
782 2053 937 2080 insularum
955 2061 991 2088 pr:

1149 2064 1179 2081 τε
1210 2055 1258 2082 καὶ
1285 2057 1380 2090 νῆσοις
1398 2052 1477 2086 οὗτος
1493 2056 1507 2082 ὁ
1523 2055 1589 2090 ἐμὸς
1615 2055 1739 2087 ποθεινὸς
1762 2056 1879 2090 Πατὴρ,

235 2103 322 2132 coniis
336 2102 508 2131 celebratur!
521 2102 608 2136 Atque
624 2102 647 2129 is
661 2107 703 2128 est
713 2105 788 2136 paler
798 2108 877 2128 meus
892 2100 991 2127 charis:

1126 2111 1128 2122 ι
1143 2101 1156 2127 ὁ
1171 2101 1277 2137 καρπὸς
1302 2100 1342 2135 τῷ
1363 2100 1465 2136 δένδρῳ
1483 2101 1533 2127 οὐκ
1551 2101 1660 2133 ἐοικὼς,
1674 2101 1718 2126 διὰ
1738 2100 1769 2126 τὸ
1785 2101 1882 2135 ἄχρη-

235 2156 317 2178 ιηιιες
335 2149 442 2176 etiamsi
457 2147 565 2175 fructus
578 2147 669 2174 arbori
683 2146 781 2174 similis
796 2154 850 2173 non
869 2145 915 2177 sit,
934 2146 969 2172 ob
985 2150 991 2172 1

1127 2156 1140 2173 ν
1159 2148 1210 2182 τῆς
1233 2146 1427 2179 ταπεινίῦσεὼς
1454 2155 1516 2182 μου.
1535 2146 1606 2173 Ἀλλ’
1619 2147 1694 2181 ὅμως
1716 2147 1747 2172 τὸ
1759 2148 1883 2182 πρθκεί-

235 2194 350 2222 nuilatis
366 2201 432 2222 mea.
445 2192 670 2221 infecunditatem
686 2201 692 2218 :
717 2196 745 2218 tu
756 2197 846 2219 tamen
867 2191 946 2218 nobis
960 2198 991 2225 pr

1125 2193 1141 2219 ti
1157 2202 1187 2218 σε
1203 2193 1305 2220 κανόνα
1320 2192 1465 2224 εὐσεὸείας
1480 2192 1580 2228 ἔχομεν
1591 2200 1598 2207 ·
1619 2193 1669 2227 οὐχ
1680 2193 1762 2227 ἡμεῖς
1777 2192 1881 2227 μόνον,

234 2240 344 2276 positus
360 2247 390 2268 es
411 2244 541 2274 tanquam
561 2238 673 2273 pietatis
693 2245 790 2264 norma
810 2245 817 2264 :
836 2244 925 2272 neque
945 2236 990 2263 nol

1128 2239 1145 2265 ὰ
1180 2238 1227 2265 καὶ
1256 2239 1336 2273 οἷπερ
1361 2239 1395 2266 ἂν
1417 2239 1520 2265 ἕλοιντο
1537 2238 1684 2270 θεοσεὸεἶν,
1701 2238 1883 2274 πτεροῦσοιι

235 2291 354 2318 tantum,
379 2285 426 2313 sed
451 2290 479 2312 et
496 2284 625 2312 omnibus
641 2283 687 2318 qui
710 2284 754 2318 pie
769 2283 851 2310 vitam
870 2282 991 2309 instituet

1130 2285 1267 2320 ἀνδρείαν,
1276 2287 1324 2311 καὶ
1337 2284 1599 2321 διανιστασθαιπρὸς
1608 2285 1766 2319 εὐδρομίαν.
1779 2284 1886 2312 Ἐπει-

235 2332 269 2359 ad
283 2331 394 2359 virtutis
412 2330 609 2366 perfectionem
629 2330 806 2360 contendere,
827 2334 853 2356 et
867 2328 901 2356 ad
914 2335 991 2363 prosp

1128 2331 1153 2358 δὲ
1166 2331 1222 2358 ἀπὸ
1235 2331 1335 2367 χρόνου
1345 2330 1444 2358 πολλοῦ
1456 2330 1612 2366 ὲπεζήτησέ
1624 2339 1670 2356 σου
1684 2331 1701 2366 ἡ
1716 2330 1884 2364 ἁγιωσύνῃ,

236 2385 299 2405 rum
313 2384 423 2404 cursum
445 2375 559 2404 excitari
575 2375 669 2402 velint.
690 2375 758 2402 Cum
774 2379 866 2402 autem
895 2374 992 2401 sanctit

1133 2378 1170 2404 ui
1198 2386 1232 2413 με
1260 2377 1349 2411 λόγον,
1366 2377 1425 2409 πῶς
1449 2377 1489 2403 δεῖ
1501 2377 1551 2412 τὴν
1568 2377 1671 2411 σεπτὴν
1688 2377 1783 2403 εἰκόνα
1802 2377 1889 2412 Χρι-

237 2430 282 2451 tua
294 2423 351 2458 jam
368 2423 473 2458 pridem
488 2431 503 2450 a
514 2430 557 2449 me
573 2421 764 2458 postulaverit,
782 2426 812 2448 ut
825 2420 964 2456 quomodo
982 2428 993 2447 s

1131 2423 1142 2449 ὖ
1170 2424 1351 2459 προσκυνεῖν·
1369 2423 1419 2450 οὐκ
1449 2422 1602 2457 ἀγνοοῦσα,
1626 2421 1695 2449 ἀλλὰ
1718 2422 1887 2457 βουλομένη

236 2477 311 2497 cram
342 2469 488 2504 imaginem
505 2468 605 2496 Christi
620 2468 744 2495 venerari
766 2471 891 2501 oporteat
922 2466 992 2493 edis:

1136 2467 1227 2495 τεῦθεν
1242 2468 1288 2494 τὸν
1304 2467 1402 2502 ἄλογόν
1423 2476 1475 2502 μου
1495 2467 1574 2501 λόγον
1598 2468 1684 2494 κινεῖν
1695 2476 1702 2482 ·
1718 2467 1892 2501 τηνικαῦτα

236 2523 295 2543 ram
313 2524 319 2542 :
338 2523 392 2542 non
412 2522 468 2550 quo
482 2514 507 2541 ἰιΙ
525 2515 646 2549 ignores,
660 2513 706 2540 sed
733 2513 826 2539 volens
843 2520 875 2539 ea
894 2520 922 2539 re
937 2519 992 2538 mea

1157 2515 1207 2541 οὐκ
1235 2513 1376 2548 ἐξεγένετό
1395 2523 1439 2548 μοι
1468 2513 1662 2549 ἀποκριθῆναι.
1687 2513 1755 2539 Νυνὶ
1774 2513 1802 2540 δὲ
1820 2515 1893 2540 ἑπι-

237 2562 390 2589 orationem
405 2564 540 2588 tacentem
555 2559 676 2586 excitare
693 2568 700 2585 :
722 2558 789 2585 milii
818 2558 928 2593 quidem
960 2558 993 2584 ita

1140 2561 1225 2592 τιθεὶς,
1240 2545 1298 2587 δέον
1312 2545 1461 2595 ἡγησάμην
1480 2559 1511 2585 τὸ
1534 2545 1662 2586 ένταλθέν
1688 2567 1733 2594 μοι
1755 2560 1801 2593 ἐφ’
1813 2560 1893 2586 ὄπιν

240 2615 322 2635 tenus
347 2615 401 2634 non
419 2606 498 2633 licuit
510 2606 691 2640 respondere;
706 2612 779 2632 nunc
801 2609 891 2632 autem
918 2604 996 2631 remit

1151 2607 1181 2633 τέ
1200 2607 1260 2632 ἐστι
1277 2607 1310 2641 τῇ
1325 2606 1473 2642 συνεργείᾳ
1482 2605 1537 2632 τῶν
1552 2604 1633 2640 ἱερῶν
1648 2614 1695 2631 σου
1709 2606 1896 2640 προσευχῶν

237 2661 327 2685 scens,
341 2660 449 2687 aequum
466 2659 527 2679 esse
541 2652 617 2684 duxi;
632 2650 703 2686 quod
721 2650 789 2677 mihi
805 2650 855 2677 abs
867 2654 893 2678 te
911 2650 993 2685 imper

1137 2652 1291 2687 πληρῶσᾳι.
1313 2652 1344 2678 El
1358 2652 1405 2678 καὶ
1419 2652 1460 2679 ὅτι
1475 2651 1566 2679 ἄλλοθί
1583 2660 1635 2678 που
1651 2651 1715 2686 περὶ
1728 2650 1809 2677 τοῦδε
1825 2652 1893 2678 αὺ-

237 2703 295 2726 tum
315 2702 368 2729 BSl,
384 2705 447 2725 cum
472 2701 630 2724 sanctarum
664 2702 773 2730 precum
792 2699 900 2722 tuarum
926 2695 990 2722 auxi

702 2702 773 2722 acum
792 2699 900 2722 tuarum
926 2694 1030 2722 auxilio
1079 2697 1126 2724 τοῦ
1138 2698 1208 2733 τάχα
1225 2696 1327 2729 ἱκανῶς
1342 2697 1458 2730 ἐξεῖπον,

237 2743 351 2778 exsequi
367 2752 375 2770 ;
392 2742 501 2770 tametsi
520 2742 570 2769 ltac
585 2741 642 2777 ipsa
653 2741 686 2768 de
698 2749 727 2769 re
743 2740 811 2768 alias
827 2741 894 2768 satis
909 2741 1030 2768 fortasse

238 2788 428 2815 disseruerim.

275 2833 372 2861 Omnis
404 2833 495 2867 itaque
525 2832 677 2859 artiﬁcialis
695 2832 795 2868 imago,
817 2831 968 2858 similitudo
986 2836 1028 2859 est

1144 2831 1195 2857 im
1212 2830 1302 2857 τοίνυν
1318 2829 1435 2865 τεχνητὴ
1451 2829 1544 2863 εἰκὼν,
1563 2829 1692 2864 ὀμοῐωσίς
1704 2830 1780 2855 ἐστιν
1794 2828 1828 2856 οὗ
1845 2831 1896 2858 ἆυ

240 2880 313 2907 illius
336 2879 415 2915 cujus
440 2879 530 2914 imago
545 2884 597 2913 est,
612 2887 643 2906 ac
661 2879 688 2907 in
709 2887 737 2906 se
766 2878 823 2913 ipsa
842 2878 957 2905 formam
985 2887 996 2906 ε

1149 2875 1212 2910 κὼν,
1229 2876 1276 2902 καὶ
1300 2876 1328 2902 ὲν
1349 2876 1433 2911 ἑαυτῇ
1454 2876 1500 2902 τὸν
1513 2875 1674 2911 χαρακτῆρα
1691 2873 1737 2901 τοῦ
1756 2875 1869 2910 simul}
1882 2895 1905 2901 ε
