1916 3075
58 145 110 180 501

559 148 608 178 DE
627 148 752 178 CULTU
773 147 979 178 SACBARUM
996 145 1204 176 IMAGINUM.

1647 139 1698 171 502

59 211 112 229 που
140 202 301 238 μιμητικῶς
330 202 464 234 δείκνυσι,
479 202 572 234 καθώς
595 211 678 238 φησιν
692 203 706 228 ὁ
723 203 807 234 πολὺς
821 202 854 228 τὰ.

917 201 1071 236 :xemplaris
1095 199 1227 228 imitando
1251 198 1433 228 demonstrat,
1453 196 1526 223 sicut
1539 195 1696 222 divinorum

59 249 119 276 θεῖα
135 248 274 280 Διονύσιος
285 257 292 264 -
305 249 335 274 τὸ
350 248 450 283 ἀληθὲς
466 248 496 274 ὲν
510 247 551 283 τῷ
565 247 722 283 ὁμοιώματι
733 257 740 264 ·
760 249 791 275 τὺ
806 249 856 283 ἀρ-

59 296 179 330 χέτυπον
192 295 221 321 ὲν
233 296 266 330 τῇ
279 295 364 321 εἰκόνι
374 302 382 309 ·
397 294 428 321 τὸ
443 294 575 330 ἑκάτερον
588 295 617 321 ὲν
630 295 766 330 ἑκατέρῳ,
778 295 856 330 παρὰ

59 342 89 368 τὸ
108 342 160 376 τῆς
178 340 275 371 οὐσίας
284 340 426 376 διάφορον.
440 340 522 366 Ὥστε
541 341 556 367 ό
570 341 734 376 προσκυνῶν
752 341 801 376 τὴν
818 341 879 376 εί-κ

60 387 138 419 κόνα,
174 386 365 422 προσεκύνησε
393 385 439 412 τὸν
471 386 556 422 ὅνπερ
584 387 712 421 ἐμφαίνει
731 388 748 422 ἡ
775 386 856 413 εἰκὼν

61 433 203 468 ἀσφαλῶς.
231 431 300 459 Οὓτε
332 432 387 467 γὰρ
412 431 461 467 τὴν
478 433 528 467 τῆς
547 432 652 464 είκόνος
671 433 776 465 οὐσίαν,
790 433 858 459 ἀλλὰ

62 481 110 505 τὸν
129 480 159 505 ὲν
174 479 242 514 αὑτῇ
261 478 458 514 γεγραμμένον
478 479 700 514 προσεκύνησεν·
718 478 780 506 οὔτε
804 479 858 514 μὴν

62 524 110 552 τοῦ
122 524 285 559 ἀρχετύπου
295 525 346 559 τὴν
363 524 456 550 εἰκόνα
471 524 591 559 διέσχισε
607 524 677 551 κατὰ
695 526 793 551 ταυτὸν
808 525 858 559 τῆς

64 571 292 605 προσκυνήσεως.
319 570 340 596 Τ
341 570 425 596 αυτὸν
446 569 501 605 γὰρ
520 571 537 605 ἡ
553 569 636 596 εἰκὼν
654 570 694 605 τῷ
711 569 858 606 ἀρχετύπῳ

63 619 97 652 τῇ
126 616 268 652 ὁμοιώσει.
294 616 373 644 Οὕτω
401 616 548 651 τοιγαροῦν
572 617 620 643 καὶ
637 618 651 643 ό
672 617 758 651 μέγας
775 616 858 644 Βασίο

62 663 137 694 λειος
151 673 157 678 ·
175 663 217 689 ὅτι
236 662 366 698 βασιλεὺς
376 663 487 696 λέγεται
510 663 558 689 καὶ⁸
572 664 588 698 ἡ
603 663 651 690 τοῦ
674 663 807 698 βασιλέως
821 665 860 691 εἰ-

63 709 131 742 κὼν,
147 709 195 736 καὶ
206 709 237 735 οὐ
253 709 300 735 δύο
321 709 450 743 βασιλεῖς.
468 708 536 735 Οὔτε
556 709 611 744 γὰρ
626 709 656 735 τὸ
683 710 785 745 κράτος
801 709 860 744 σχί-

63 755 154 786 ζεται,
175 754 238 781 οὔτε
251 755 268 789 ἠ
283 754 348 788 δόξα
375 755 526 789 μερίζεται.
550 755 596 786 Ὧς
612 755 667 790 γὰρ
686 757 702 790 ἡ
720 756 860 791 κρατοῦσα

63 800 146 834 ἡμῶν
160 799 232 834 ἀρχὴ
249 800 297 826 καὶ
312 800 420 832 ἐξουσία
441 800 500 833 μία,
517 799 588 826 οὕτω
605 800 652 826 καὶ¹
671 802 687 835 ἠ
703 801 768 836 παρ’
782 802 861 836 ἡμῶν

63 843 206 877 δοξολογία
235 844 296 879 μία,
326 844 373 870 καί
392 844 422 870 οὐ
449 844 557 871 πολλαί.
572 845 645 871 Διότι
662 846 678 880 ὴ
692 845 743 880 τῆς
758 846 861 878 εἰκόνος

63 890 132 925 τιμή
151 890 197 917 ἐπὶ
212 890 243 917 τὸ
253 891 433 926 πρωτότυπον
447 891 592 918 διαϐαίνει.
603 893 635 919 Εἰ
650 892 679 919 δὲ
689 893 735 919 ἐπὶ
745 893 776 920 τὸ
785 902 861 929 πρω-

64 937 184 962 τότυπον
201 935 347 967 διαεαίνει,
363 936 412 962 οὐκ
425 936 492 972 ἄλλη
509 937 556 964 καὶ
571 937 650 971 ἄλλη,
664 937 734 964 ἀλλὰ
752 938 800 973 μία
814 939 861 965 καὶ

65 983 81 1015 ἡ
107 981 178 1016 αὐτὴ
217 981 351 1016 τιμητικὴ
390 982 575 1017 προσκύνησις
593 991 602 998 ·
627 982 721 1018 ὥσπερ
753 983 783 1009 ἓν
805 983 862 1017 [Mai

65 1027 166 1053 ταυτὸν
199 1026 230 1053 τὸ
261 1027 502 1062 προσκυνούμενον
535 1028 588 1054 κάν
617 1028 702 1054 εἰκόνι
720 1028 862 1063 πρωτότυ-

66 1081 128 1099 των.

103 1119 188 1145 Ἄλλο
206 1119 235 1146 δὲ
267 1120 371 1154 φυσικὴ
400 1119 494 1151 εἰκὼν,
510 1119 557 1145 καὶ
575 1119 640 1146 ἄλλο
663 1120 811 1155 μιμητική.
830 1120 862 1145 Ἤ

68 1166 118 1199 μὲν
147 1166 178 1192 οὒ
212 1166 331 1200 φυσικὴν
356 1165 491 1200 διαφορὰν
510 1164 610 1199 ἔχουσα
635 1165 704 1200 πρὸς
719 1166 749 1191 τὸ
764 1165 861 1196 αίτιον,

67 1211 124 1237 αλλ’
137 1211 337 1246 ὕποστατικὴν,
363 1211 400 1242 ὡς
422 1211 486 1243 Υίδς
503 1211 571 1246 πρὸς
586 1212 632 1238 τὸν
644 1211 758 1246 Πατέρα
770 1219 778 1228 ο
795 1211 863 1246 ἄλλη

67 1258 121 1292 γὰρ
137 1257 289 1289 ὑπόστασις
298 1257 344 1284 τοῦ
363 1257 439 1289 Υἰοῦ,
452 1258 501 1284 καὶ
516 1258 599 1292 ἑτέρα
616 1256 664 1284 τοῦ
681 1257 799 1292 Πατρδς,
814 1257 863 1292 μία

66 1304 94 1330 δὲ
111 1303 195 1338 φύσις
220 1303 354 1338 δηλονότι.
375 1303 406 1330 Ἢ
417 1304 446 1330 δὲ
460 1304 490 1330 τὸ
507 1303 643 1330 ἀνάπαλιν
668 1303 787 1339 φυσικὴν
803 1304 864 1330 δια-

68 1348 157 1382 φορὰν
185 1346 296 1383 ἔχουσα,
320 1347 377 1374 ἀλλ’
394 1349 443 1383 οὐχ
465 1349 651 1383 ὺποστατικήν
665 1356 672 1363 '
689 1349 727 1380 ὡς
752 1349 864 1384 ήεὶκὼν

67 1393 115 1420 τοῦ
134 1394 256 1429 Χριστοῦ
272 1394 342 1430 προς
355 1394 399 1421 τδν
414 1395 542 1428 Χριστόν.
557 1396 644 1430 ’Ἄλλη
673 1395 722 1431 μὲν
737 1396 793 1431 γὰρ
812 1396 864 1430 φύ-

69 1449 112 1471 σις
139 1440 322 1476 ὑλογραφῐας,
339 1442 386 1468 καὶ
404 1441 486 1477 ἑτέρα
507 1441 554 1468 τοῦ
577 1442 696 1477 Χριστοῦ
711 1451 718 1457 ·
733 1443 782 1469 οὐκ
796 1443 864 1478 ἄλλη

67 1487 96 1512 δὲ
128 1486 291 1518 ὑπόστασις,
306 1487 374 1513 ἀλλὰ
390 1488 440 1522 μία
467 1489 514 1515 καὶ
535 1488 551 1524 ή
575 1487 644 1524 αὑτὴ
660 1487 707 1514 τοῦ
732 1489 864 1524 Χριστοῦ,

68 1535 120 1561 κᾶν
137 1535 173 1569 τῇ
187 1533 276 1581 εἰκόνι
303 1535 497 1570 γεγραμμένη.
511 1534 564 1561 Τοῦ
592 1533 675 1561 αὐτοῦ
694 1533 768 1562 θείου
782 1534 864 1561 Βασι-
878 1552 900 1581 C

70 1580 144 1607 hiou
156 1579 239 1606 πάλιν
254 1579 380 1614 λέγοντος
392 1586 399 1594 ·
415 1582 448 1606 ’0
463 1580 510 1608 οὖν
521 1582 596 1607 ἐστιν
614 1581 732 1608 ἐνταῦθα
751 1591 865 1618 μιμητι-

71 1625 127 1658 κῶς
141 1627 159 1661 ἡ
174 1626 268 1660 είκὼν,
281 1627 361 1653 τοῦτο
376 1628 434 1653 ἐκεῖ
448 1628 571 1662 φυσικῶς
587 1629 601 1655 ὁ
618 1627 692 1660 Υἱός⁶
711 1629 758 1655 καὶ
770 1629 865 1665 ὥσπερ

72 1673 117 1699 ἐπί
143 1672 200 1699 τῶν
225 1673 364 1708 τεχνητῶν
391 1674 461 1700 κατὰ
487 1674 537 1709 τὴν
561 1674 669 1710 μορφὴν
689 1675 706 1710 ἡ
723 1675 864 1710 ὁμοίωσις,

72 1719 159 1751 οὕτως
173 1720 221 1746 ἐπὶ
231 1721 281 1755 τῆς
304 1719 380 1752 θείας
396 1720 442 1747 καὶ
456 1720 606 1748 ἀσυνθέτου
631 1721 741 1755 φύσεως
757 1723 791 1758 τῇ
806 1731 865 1749 κοι-

74 1765 157 1800 νωνίᾳ
168 1765 219 1799 τῆς
237 1765 365 1801 θεότητος
380 1765 517 1802 ἠὲνωσις.
534 1767 605 1802 Ὀρα
620 1765 666 1793 οὖν
682 1767 712 1794 τὸ
725 1767 866 1802 διάφορον,

74 1811 113 1836 in
132 1811 180 1836 ὲτιὶ
194 1810 244 1846 τῆς
264 1811 385 1846 φυσικῆς
406 1812 510 1842 εἰκόνος
527 1813 574 1838 καὶ
597 1812 645 1839 τοῦ
663 1812 766 1844 αίτίου,
780 1813 866 1848 ἡγουν

74 1855 119 1882 τοῦ
135 1856 200 1883 Υἱοῦ
215 1857 262 1884 καὶ
276 1857 324 1884 τοῦ
340 1858 456 1893 Πατρδς,
470 1858 553 1893 ἡνίκα
573 1858 619 1893 μία
637 1858 734 1892 φύσις,
752 1859 801 1894 μία
820 1860 867 1886 καὶ

76 1903 262 1939 προσκύνησις
286 1904 357 1931 κατὰ
381 1904 412 1930 τὸ
434 1905 532 1930 ταυτὸν
556 1904 606 1939 τῆς
632 1904 750 1938 φύσεως,
765 1905 796 1932 οὐ
814 1905 866 1940 τῆς

76 1950 253 1982 ὑποστάσεως
264 1958 270 1964 ·
288 1950 385 1986 ἐπειδὴ
400 1950 438 1982 ὡς
457 1951 522 1986 μίαν
534 1951 626 1985 φύσιν,
646 1951 711 1986 μίαν
726 1951 773 1978 καὶ
785 1960 867 1986 προσ-

77 1995 189 2029 κύνησιν
218 1996 266 2022 καὶ
302 1995 461 2031 δοξολογίαν
489 1996 676 2032 ὁμολογοῦμεν
701 1997 753 2032 τῆς
787 1997 866 2031 ἁγίας

77 2041 201 2077 Τριάδος,
223 2043 298 2077 τρεῖς
311 2042 340 2068 δὲ
363 2043 540 2074 ὑποστάσεις,
554 2042 662 2077 Πατρὸς
676 2043 723 2069 καὶ
743 2043 808 2069 Υἰοῦ
820 2043 867 2070 καὶ

76 2087 154 2121 ἁγίου
183 2087 352 2123 Πνεῦματος.
377 2088 439 2114 Ἐπὶ
458 2088 486 2114 δὲ
510 2087 560 2122 τῆς
587 2088 741 2123 μιμητικῆς
764 2089 868 2120 εἰκόνος

77 2132 183 2158 καὶτοῦ
202 2133 370 2168 ἀρχετύπου,
386 2133 597 2168 ἧγουνΧριστοῠ
615 2134 661 2160 καὶ
684 2133 734 2168 τῆς
749 2133 867 2168 Χριστοῦ

78 2178 191 2212 etiam,
211 2179 292 2214 ἡνίκα
309 2180 358 2214 μία
373 2180 522 2211 ὑπόστασις
546 2179 679 2215 Χριστοῦ,
694 2179 742 2214 μία
759 2179 807 2206 καὶ
824 2180 868 2205 ἐν-

78 2223 164 2250 ταῦθα
188 2223 376 2260 προσκύνησῖς
394 2225 467 2257 ἐστι,
483 2225 554 2251 κατὰ
572 2224 603 2251 τὸ
626 2224 726 2251 ταυτὸν
746 2224 867 2259 δηλονότι
886 2222 906 2249 Ι)

78 2270 126 2303 τῆς
156 2271 223 2305 μιᾶς
249 2271 443 2302 ὑποστάσεως,
461 2270 535 2297 οὐτὸ
549 2271 669 2305 ἑτεροῖον
687 2270 742 2296 τῶν
761 2269 870 2304 φύσεων

78 2315 196 2350 Χριστοῦ
227 2316 275 2342 καὶ
300 2316 351 2351 τῆς
384 2316 501 2348 εἰκόνος.
531 2316 560 2342 Εἰ
588 2316 616 2342 δὲ
637 2316 730 2352 ὥσπερ
753 2317 824 2343 κατὰ
841 2316 871 2342 τὸ

78 2362 176 2389 ταυτὸν
189 2363 241 2398 τῆς
255 2362 443 2394 ὑποστάσεως,
460 2362 532 2389 οὕτω
553 2363 601 2388 καὶ
627 2362 697 2389 κατὰ
724 2363 754 2389 τὸ
773 2363 871 2389 ταυτὲιν

78 2409 125 2444 τῆς
154 2409 274 2442 φύσεως,
294 2409 359 2444 μίαν
386 2409 506 2444 φαίημεν
528 2407 661 2443 εἶναιτὴν
686 2409 872 2444 προσκύνησιν

78 2455 125 2490 τῆς
150 2455 255 2486 είκόνος
280 2455 350 2489 πρὸς
376 2455 407 2482 τὸ
430 2455 621 2490 πρωτότυτιον,
637 2455 872 2491 οὖκέτιδιαφορὰν

80 2501 183 2533 εἰκόνος
207 2503 256 2528 καὶ
283 2501 488 2536 εἰκονιζομένου
507 2501 697 2538 γνωριοῦμενο
714 2502 771 2528 ἀλλ’
796 2501 873 2528 ἔσται

78 2548 113 2579 ὡς
129 2548 181 2582 μία
212 2547 373 2579 ὑπόστασις,
389 2546 462 2574 οὕτω
483 2547 531 2573 καὶ
554 2547 604 2582 μία
628 2547 709 2581 φύσις
732 2547 782 2582 τῆς
803 2547 873 2573 εικό-

80 2602 120 2625 vo;
141 2592 263 2627 Χριστοῦ
275 2593 322 2619 καὶ
335 2592 417 2619 αὑτοῦ
431 2593 462 2628 δὴ
480 2592 601 2627 Χριστοῦ
615 2602 622 2608 -
639 2593 687 2619 καὶ
697 2593 873 2628 ἐμπίπτομεν

81 2641 116 2670 εἰς
141 2638 305 2674 Ἑλληνικὴν
323 2638 481 2671 πολυθεῖαν,
495 2639 587 2665 πᾶσαν
608 2638 675 2673 ὓλην
692 2639 732 2670 εἰς
752 2637 872 2672 Χριστοῦ

81 2685 170 2712 vir/3v:
195 2685 474 2721 χαρακτηριζομένην
497 2684 696 2716 οεοποιοῦντες.
718 2682 874 2710 Κάντεῦθεν

82 2732 224 2765 ἀνάξομεν
253 2731 380 2766 γλῶσσαν
407 2733 463 2762 τοῖς
496 2731 687 2765 εἰκονομάχοις
709 2731 873 2765 κατηγορεῖν

82 2778 158 2812 ἡμῶν
175 2777 232 2804 τῶν
256 2777 304 2804 ἕνα
334 2778 400 2804 Θεὸν
423 2780 452 2804 ὲν
481 2779 570 2813 τρισὶν
597 2776 762 2804 ὑποστάσεσι
789 2785 873 2811 προσ-

83 2823 247 2857 κυνούντων,
264 2823 381 2855 πολλοὺς
399 2823 475 2856 Θεοῦς
490 2824 656 2859 προσκυνεῖν
680 2832 709 2849 τε
727 2823 772 2849 καὶ
785 2821 874 2848 σέϐειν

85 2870 133 2897 οὐκ
161 2870 326 2902 ἀπεικότως.
348 2871 379 2897 Εἰ
399 2870 426 2897 δὲ
447 2871 508 2906 μήτ’
526 2869 558 2898 αὖ
575 2869 646 2898 κατὰ
670 2869 699 2896 τὸ
712 2868 810 2896 ταυτὸν
826 2868 873 2903 τῆς

907 247 1010 282 peritus
1041 245 1187 281 Dionysius
1214 244 1251 271 ait
1278 252 1284 270 :
1317 242 1417 270 veritas
1444 241 1470 268 in
1507 240 1697 272 similitudine,

907 292 1048 326 exemplar
1073 291 1100 318 in
1127 290 1256 325 imagine,
1279 289 1394 315 alterum
1423 287 1449 313 in
1466 287 1563 317 altero,
1584 290 1698 320 excepta

907 338 1040 366 duntaxat
1056 337 1216 365 substantiae
1242 334 1409 362 dill‘erentia.
1431 334 1525 366 Itaque
1551 332 1699 366 imaginem
1714 356 1722 362 ,

908 391 1054 415 venerans,
1069 383 1156 412 illum,
1171 389 1253 416 quem
1288 380 1377 414 imago
1403 378 1523 410 exhibet,
1545 381 1698 403 veneratur.

908 429 968 457 Non
986 429 1059 456 enim
1076 427 1258 455 substantiam
1275 426 1362 459 ipsius
1379 424 1517 459 imaginis,
1531 423 1577 451 sed
1588 423 1614 449 id
1628 422 1699 456 quod

911 475 938 501 in
956 474 1013 508 ipsa
1033 479 1194 507 expressum
1208 475 1250 498 est
1261 471 1327 498 colit
1345 480 1351 496 :
1371 476 1458 504 neque
1472 475 1564 503 porro,
1576 467 1648 502 quod
1667 467 1700 493 ad

910 519 1113 547 venerationem
1144 518 1216 544 illam
1246 517 1354 547 attinet,
1376 514 1522 549 imaginem
1555 513 1590 540 ab
1609 519 1701 539 exem-

910 566 978 601 plari
1014 564 1134 600 sejungit
1155 573 1161 590 :
1185 563 1256 590 idem
1287 562 1387 597 quippe
1423 565 1498 592 sunt,
1522 558 1702 586 similitudine

911 613 1054 642 nimirum,
1072 612 1162 645 imago
1172 615 1198 637 et
1213 609 1364 643 exemplar.
1382 606 1428 634 Sic
1443 611 1469 634 et
1480 613 1596 640 magnus
1611 606 1702 640 itaque

911 657 1030 684 Basilius
1050 656 1087 683 ait
1104 655 1250 689 imaginem
1269 654 1352 681 etiam
1366 653 1437 688 regis
1452 651 1581 686 appellari
1598 658 1699 686 regem.

912 710 963 729 nec
978 707 1067 728 tamen
1082 701 1152 727 duos
1167 707 1228 726 esse
1243 706 1321 734 rcges
1333 719 1340 730 ,
1351 705 1440 732 neque
1456 697 1528 724 enim
1542 701 1588 723 aut
1605 701 1700 730 poten-

912 747 949 772 tia
981 745 1124 777 scinditur,
1141 749 1188 771 aut
1215 744 1302 770 honor
1323 743 1453 769 dividitur
1468 751 1474 768 :
1488 746 1569 776 atque
1594 747 1622 768 ut
1649 749 1700 767 una

912 795 953 818 est
967 793 1088 825 poleslas
1107 798 1139 816 ac
1154 788 1307 816 dominatio
1321 787 1365 815 cui
1377 787 1551 822 subjicintur,
1567 787 1607 814 sic
1631 794 1702 813 unus

913 843 956 866 est
968 843 994 866 et
1017 845 1070 865 non
1085 836 1226 871 multiplex
1247 835 1334 862 honor
1347 835 1392 870 qui
1407 843 1421 861 ιι
1446 833 1525 860 nobis
1537 833 1680 860 exhibetur
1695 843 1700 859 :

913 883 1047 918 siquidem
1089 883 1177 909 honor
1212 880 1340 915 imaginis
1379 879 1412 907 ad
1446 879 1534 914 ipsum
1563 879 1704 913 exemplar

913 927 1020 954 transit.
1040 926 1067 952 Si
1089 930 1180 952 autent
1197 925 1229 951 ad
1243 924 1381 959 exemplar
1393 924 1500 956 transit,
1517 931 1571 950 non
1581 928 1622 951 est
1634 923 1704 950 alius

912 978 996 1008 atque
1023 972 1104 1004 alius,
1124 971 1170 998 sed
1183 978 1255 998 unus
1271 975 1297 997 et
1313 970 1383 997 idem
1412 970 1499 997 honor
1513 974 1595 1004 atque
1623 977 1703 996 vene-

913 1019 995 1051 ratio,
1016 1019 1087 1045 sicut
1109 1025 1194 1044 unum
1208 1017 1335 1051 idemque
1351 1021 1393 1044 est
1404 1016 1485 1043 etiam
1501 1016 1572 1050 quod
1591 1016 1617 1042 in
1635 1017 1704 1042 ima-

913 1066 974 1100 gine
993 1066 1092 1092 colitur
1116 1064 1264 1098 exemplar.

949 1123 1027 1149 Aliud
1040 1128 1079 1149 est
1090 1130 1171 1157 porro
1180 1122 1269 1156 imago
1282 1120 1422 1152 naturalis,
1437 1120 1508 1146 aliud
1519 1127 1565 1155 per
1576 1119 1705 1146 inuitatio-

914 1176 976 1195 ncm
1003 1175 1144 1201 expressa.
1170 1167 1216 1194 Illa
1240 1167 1349 1201 quidem
1374 1165 1510 1194 diversam
1527 1173 1604 1193 asua
1622 1173 1703 1192 causa

916 1218 1041 1241 naturant
1059 1221 1112 1240 non
1140 1213 1231 1245 habet,
1246 1213 1292 1239 Sed
1321 1219 1466 1247 personant
1485 1221 1491 1238 :
1509 1219 1563 1246 quo
1579 1211 1659 1238 modo
1675 1219 1706 1238 se

915 1259 997 1286 habet
1023 1258 1108 1285 Filius
1134 1257 1168 1285 ad
1194 1257 1311 1284 Patrem.
1337 1258 1397 1284 Alia
1411 1257 1483 1284 enim
1499 1262 1541 1284 est
1566 1256 1638 1286 Filii.
1654 1256 1706 1283 alia

917 1304 1007 1332 Patris
1029 1313 1158 1339 [)CI'SOIHI,
1174 1310 1271 1331 natura
1303 1311 1366 1330 νειό
1384 1311 1438 1330 una
1465 1307 1516 1330 CSl.
1534 1302 1636 1329 Contra
1657 1311 1706 1330 τιυ-

917 1357 969 1380 lem
986 1353 1070 1380 altera
1090 1360 1173 1386 penes
1191 1355 1315 1378 naturam
1333 1350 1434 1381 diﬂ‘ert,
1453 1357 1506 1377 non
1533 1358 1616 1385 penes
1645 1358 1707 1383 pcr-

916 1405 1012 1425 sonam
1032 1406 1039 1424 :
1055 1405 1109 1432 quo
1123 1397 1202 1423 modo
1218 1396 1308 1431 imago
1319 1395 1421 1423 Christi
1434 1403 1462 1422 se
1480 1396 1560 1422 habet
1577 1395 1610 1422 ad
1628 1395 1708 1422 Chri-

916 1448 999 1476 stum;
1017 1443 1096 1470 aliam
1122 1443 1194 1469 enim
1214 1443 1327 1478 pictura:
1342 1442 1467 1474 materia,
1482 1442 1563 1468 aliam
1579 1441 1707 1468 Christus

917 1495 1042 1517 naturam
1068 1489 1150 1516 habet
1167 1498 1172 1516 :
1189 1493 1217 1516 at
1240 1497 1357 1524 persona
1384 1489 1438 1516 alia
1452 1496 1504 1515 non
1521 1493 1573 1521 est,
1592 1488 1639 1515 sed
1654 1495 1707 1514 una

916 1536 1074 1571 eademque,
1086 1535 1188 1562 Christi
1207 1535 1321 1566 scilicet,
1341 1536 1422 1562 etiam
1439 1539 1467 1562 ut
1485 1535 1511 1561 in
1527 1535 1646 1570 imagine
1661 1541 1708 1561 ex-

917 1588 1010 1618 pressa
1034 1585 1075 1608 est
1094 1588 1176 1608 :cum
1199 1580 1310 1607 divinus
1338 1580 1456 1607 Basilius
1479 1569 1591 1607 rursum
1612 1580 1706 1607 dicat:
1731 1569 1734 1572 Α

917 1629 996 1662 Quod
1017 1626 1100 1663 igitur
1115 1626 1170 1654 illic
1190 1626 1280 1660 imago
1294 1630 1335 1653 est
1352 1634 1398 1660 per
1414 1625 1608 1657 imitationem,
1633 1625 1708 1652 istud

917 1675 954 1702 ibi
979 1674 1064 1702 Filius
1089 1679 1132 1702 est
1143 1682 1192 1709 per
1217 1676 1344 1701 naturam
1359 1681 1366 1701 :
1382 1672 1494 1709 etquod
1510 1675 1552 1698 est
1572 1671 1599 1698 in
1624 1670 1708 1697 artiﬁ.

917 1721 1032 1749 cialibus
1058 1721 1209 1749 similitudo
1226 1721 1332 1753 formae,
1351 1720 1377 1747 id
1393 1720 1483 1755 ipsum
1501 1724 1543 1747 est
1558 1717 1585 1746 in
1616 1717 1707 1746 divina

917 1771 942 1793 et
951 1766 1067 1801 sitnplici
1083 1771 1181 1794 natura
1198 1766 1348 1794 divinitatis
1361 1765 1545 1792 communitas
1562 1770 1589 1792 et
1606 1764 1706 1791 unitas.

919 1812 985 1840 Vide
997 1814 1080 1848 igitur
1105 1813 1255 1841 discrimen
1270 1821 1276 1840 ε
1291 1813 1397 1841 scilicet
1409 1812 1435 1839 in
1453 1812 1572 1846 imagine
1590 1811 1708 1838 naturaii

917 1867 948 1886 ac
965 1860 991 1886 in
1010 1860 1097 1894 ipsius
1117 1867 1210 1893 causa,
1228 1864 1293 1895 puta
1306 1860 1332 1886 in
1351 1858 1420 1885 l-‘ilio
1435 1857 1561 1894 etPatre,
1577 1864 1640 1884 eutn
1657 1862 1708 1883 na-

919 1911 980 1934 tura
1002 1915 1056 1934 una
1067 1908 1113 1939 sit,
1130 1914 1184 1933 una
1203 1913 1314 1941 quoque
1330 1905 1470 1932 veneratio
1489 1908 1541 1936 est,
1558 1903 1708 1932 secuttduut

920 1953 1086 1981 identitatem
1104 1957 1217 1982 naturas.
1229 1959 1282 1978 non
1300 1958 1424 1986 personae
1442 1960 1447 1976 :
1466 1950 1602 1984 siquidem
1616 1954 1644 1977 ut
1662 1957 1710 1977 na-

920 2004 1009 2026 turam
1033 2006 1126 2030 unatn,
1144 1998 1184 2024 sic
1198 2002 1225 2024 et
1243 2004 1325 2024 unam
1346 1996 1550 2027 uenerationem
1562 2003 1593 2022 ac
1608 1995 1711 2030 glori!!-

920 2045 1054 2071 cationem
1071 2048 1173 2070 sanctae
1196 2041 1341 2068 Trinitatis
1371 2041 1544 2072 conﬁtemur,
1563 2044 1619 2067 tres
1645 2047 1711 2066 vero

919 2096 1064 2124 personas,
1084 2087 1182 2118 Patris,
1199 2091 1226 2114 et
1259 2086 1389 2119 Μίνω
1413 2086 1500 2113 sancti
1529 2085 1658 2120 Spiritus.
1681 2085 1709 2112 lu

921 2134 1038 2169 imagine
1055 2138 1144 2160 autem
1166 2132 1302 2159 artillciali
1318 2139 1349 2159 ac
1366 2131 1452 2166 ipsius
1463 2131 1624 2165 exemplari,
1646 2135 1711 2165 puta

922 2181 949 2208 in
966 2180 1077 2208 Christo
1090 2184 1117 2207 et
1143 2179 1262 2213 imagine
1284 2177 1398 2210 Christi,
1413 2185 1475 2206 cum
1492 2178 1571 2205 unica
1590 2177 1626 2204 sit
1651 2185 1711 2212 pett-

922 2234 999 2258 sona,
1020 2225 1121 2253 Christi
1139 2225 1255 2257 scilicet,
1270 2224 1305 2251 ibi
1338 2224 1418 2251 unica
1445 2228 1471 2251 ct
1491 2223 1632 2251 veneratio
1659 2229 1711 2254 est,

921 2271 1071 2300 secundum
1085 2271 1167 2298 unius
1183 2278 1279 2305 nempe
1294 2278 1414 2305 persona:
1430 2271 1610 2304 itlcntitatem,
1623 2278 1711 2305 quan-

922 2319 1024 2346 tumvis
1050 2318 1165 2344 diversa:
1182 2317 1238 2344 sint
1265 2316 1366 2343 Christi
1386 2320 1413 2343 et
1440 2316 1567 2350 imaginis
1596 2319 1711 2343 naturae.

923 2364 950 2391 Si
984 2371 1048 2391 vero
1064 2363 1188 2390 dicamus
1209 2362 1414 2390 venerationem
1431 2361 1558 2397 imaginis
1579 2365 1606 2389 et.
1620 2369 1712 2389 exein<

924 2407 1011 2443 plaris
1051 2407 1161 2434 urticam
1199 2414 1261 2434 esse
1298 2410 1355 2433 tum
1385 2405 1537 2433 secundum
1577 2413 1711 2440 pet-sonte.

923 2459 981 2481 tum
1015 2453 1163 2481 secundum
1203 2457 1307 2479 naturae
1354 2451 1625 2484 identitatem;non
1655 2460 1714 2478 am-

924 2500 995 2535 plius
1039 2499 1215 2535 agnoscimus
1249 2498 1376 2533 imaginis
1419 2505 1450 2525 ac
1488 2498 1526 2525 rei
1564 2505 1714 2532 repraesen-

925 2549 987 2572 tata:
1004 2545 1197 2576 dilferentiam,
1216 2543 1263 2571 sed
1290 2543 1370 2569 unica
1387 2542 1439 2570 erit
1467 2542 1568 2569 Christi
1586 2542 1713 2576 imaginis

924 2595 951 2618 et
966 2591 1068 2618 Christi
1096 2591 1192 2625 ipsius,
1211 2594 1241 2616 ιιι
1256 2596 1384 2624 persona,
1401 2590 1442 2616 sic
1459 2593 1484 2615 et
1497 2592 1594 2615 natura
1612 2597 1619 2614 :
1637 2593 1664 2615 et
1678 2587 1714 2615 'ln

927 2637 1044 2665 Deorum
1073 2635 1288 2667 multitudinem,
1307 2641 1384 2662 more
1399 2633 1540 2668 gentilium
1558 2633 1713 2663 incidimus.

926 2689 1121 2718 quamcunque
1136 2681 1278 2708 materiam
1291 2688 1351 2715 quae
1367 2679 1511 2713 imaginem
1527 2679 1629 2705 Christi
1640 2679 1716 2706 exhi-

927 2730 988 2757 beat
1003 2730 1090 2756 instar
1110 2724 1229 2756 numinis
1245 2727 1375 2755 colentes.
1405 2726 1492 2760 Atque
1520 2725 1717 2753 leonum-acho-

927 2783 985 2803 rum
1005 2775 1123 2810 linguam
1143 2781 1174 2801 ea
1192 2781 1221 2801 re
1235 2771 1429 2804 excitabimus,
1441 2775 1470 2798 ut
1486 2778 1536 2798 nos
1557 2770 1602 2805 qui
1631 2778 1716 2797 unum

928 2822 954 2849 in
972 2822 1059 2849 tribus
1077 2821 1203 2858 personis
1230 2820 1313 2848 Deum
1330 2825 1501 2849 veneramur,
1520 2817 1618 2844 metito
1633 2825 1716 2846 accu-

928 2874 998 2903 scnl,
1023 2874 1150 2904 tanquam
1180 2868 1270 2904 plures
1295 2866 1362 2894 Dc0s
1386 2865 1510 2892 colamus
1541 2871 1572 2892 ac
1602 2871 1727 2892 venerat
