1916 3075
216 117 269 150 5‘l3

808 114 837 143 S.
854 114 1048 144 TIIEODURI
1070 114 1244 144 S'I‘UDle-I

1793 101 1848 134 504

215 180 287 200 tnttr.
297 171 403 198 Rursus
412 175 503 198 autem
513 171 535 198 si
543 170 605 205 quis
614 169 686 197 dicat
695 176 782 204 neque
791 169 940 196 secundum
950 177 1008 203 per-

1061 169 1255 201 ὑποστάσεως,
1273 169 1341 204 μήτε
1367 167 1439 194 κατὰ
1455 165 1484 192 τδ
1498 164 1597 191 ταυτὸν
1620 165 1668 198 τῆς
1684 163 1776 198 edat-2m
1803 164 1848 191 λέ-

217 226 301 250 some,
310 226 398 253 neque
406 217 555 245 secundum
568 220 672 243 natura:
687 215 867 246 identitatem,
878 216 1001 243 eamdem

214 272 276 292 esse
291 263 417 299 imaginis
431 270 463 289 ac
472 261 633 297 exemplaris
643 260 844 288 venerationem
859 268 866 292 ;
878 259 899 287 is
909 261 1004 294 utique

189 340 198 347 .
215 313 376 344 potestatem
391 307 502 338 scindit,
516 314 548 333 ac
566 306 698 333 honorem
713 305 876 339 exemplaris
889 305 923 331 ab
937 305 1004 331 ima-

216 355 277 389 gine
288 354 415 389 sejungit,
426 358 508 387 atque
515 353 584 380 adeo
591 351 691 380 Christi
700 359 834 378 venerans
844 351 1003 385 imaginem,

217 399 361 427 manifeste
383 403 426 426 est
441 398 594 430 idololatra,
612 405 666 424 non
684 404 767 423 unam
786 395 1001 426 venerationem,

217 446 263 473 sed
276 445 410 480 geminam
417 444 560 471 exhibens.
571 443 646 476 Quod
656 443 765 477 quidem
778 441 948 468 lconomachi
958 441 1004 467 de-

218 495 372 518 monstrare
387 497 486 524 magno
501 489 591 516 studio
602 488 753 519 enituntur,
771 486 833 513 inde
847 486 1005 520 colligentes

216 535 403 564 Christicarni
419 543 472 563 non
487 532 945 562 convenirentcircumscribatur:
959 532 1003 566 qui

217 581 326 616 quidem
343 580 520 607 contutantur
538 580 664 607 similiter
677 586 709 606 ac
724 579 741 605 ii
756 579 801 612 qui
816 577 899 604 Deum
916 577 1006 611 specie

219 634 297 654 tenus
313 632 340 655 et
353 626 510 661 apparentia
538 626 596 652 sola
625 626 694 652 inter
721 625 847 652 homines
868 628 1004 650 versatum

217 680 279 700 esse
293 672 431 699 dixerunt.
449 671 501 699 Sed
519 677 700 705 utrorumque
723 670 805 697 simul
826 669 954 704 impietas
977 668 1004 695 in

219 717 276 744 suis
301 717 419 743 tenebris
449 716 554 750 sepulta
573 719 693 743 maneat.
718 714 789 742 Vera
811 718 901 741 autem
926 713 1006 740 Citri—

218 762 368 788 stianorttm
383 761 461 791 ﬁdes,
474 760 545 787 sicut
553 766 632 787 antea
642 759 744 786 dictum
760 763 811 792 est,
827 758 1006 794 quemadmo-

218 807 284 834 dum
298 807 324 833 in
335 810 428 834 sancta
438 805 571 833 Trinitate
584 805 690 832 urticam
700 805 902 832 venerationem
920 804 1006 831 conti-

1054 224 1097 249 γοι
1124 224 1166 247 τις
1191 213 1261 241 εἶναι
1288 214 1337 249 τὴν
1363 214 1412 248 τῆς
1433 212 1538 244 εἰκόνος
1560 210 1628 246 πρὸς
1646 210 1677 236 τὸ
1690 211 1847 246 ἀρχέτυπον

1055 263 1254 297 προσκύνησιν,
1269 261 1392 296 δηλονότι
1407 260 1500 295 ἔσχισε
1515 260 1547 285 τὸ
1563 259 1663 294 κράτος
1673 258 1721 285 καὶ
1731 259 1847 294 ἐμέρισε

1053 310 1104 344 τὴν
1121 308 1201 340 δόξαν
1215 307 1263 334 τοῦ
1282 306 1438 344 ἀρχετύπου
1457 305 1511 332 ἀπὸ
1528 305 1580 340 τῆς
1594 305 1715 337 εἰκόνος·
1733 305 1781 331 καὶ
1798 305 1847 331 οῦ-

1053 363 1108 385 τως
1136 353 1300 388 προσκυνῶν
1313 353 1363 388 τὴν
1392 352 1484 380 εἰκόνα
1499 350 1630 387 Χριστοῦ,
1657 351 1849 386 εἰδωλολατρεῖ

1056 395 1233 435 φανερῶς,οὺ
1263 399 1339 435 μίαν,
1363 399 1432 426 ἀλλὰ
1462 398 1509 425 δύο
1526 397 1726 433 προσκυνήσεις
1751 397 1847 430 εἰστρέ-

1057 455 1121 481 ρων.
1150 444 1469 479 Ὅπερ-ἀποδεικνύναι
1498 443 1661 470 σπεύδουσιν
1687 443 1712 469 οἱ
1743 444 1848 470 εἰκονο-

1057 492 1158 527 μάχου
1176 492 1355 527 ἀναιροῦντες
1382 491 1519 523 ἐντεῦθεν,
1546 491 1584 522 ὡς
1610 490 1641 517 τὸ
1668 490 1754 521 εἰκὸς,
1778 490 1848 524 Χρι-

1058 540 1120 565 στὸν
1138 539 1222 574 σαρκὶ
1240 537 1474 573 περιγράφεσθαι,
1501 538 1547 564 τσα
1566 537 1622 568 τοῖς
1634 537 1663 562 ὲν
1673 535 1784 570 δοκήσει
1799 535 1848 562 καὶ

1057 585 1193 619 φαντασία
1220 583 1449 618 ἐπιδεδημηκέναι
1473 582 1540 609 Θεὸν
1554 583 1609 614 τοῖς
1631 583 1659 608 ἐν
1680 583 1715 616 γῇ
1738 581 1849 608 ἀσεϐεῖν

1057 628 1280 663 ἁπελεγχόμενοι.
1315 627 1384 655 Ἀλλ’
1398 627 1520 663 ὲρῤίιρῦω
1533 628 1564 653 τὸ
1574 627 1736 662 ἀμφοτέρων
1749 626 1849 660 safer;

1056 675 1154 706 ἀσεϐὲς
1173 675 1201 701 ὲν
1223 674 1261 709 τῷ
1280 674 1372 709 οἰκείῳ
1387 673 1494 700 σκότει’
1513 674 1529 708 ἡ
1546 673 1574 699 δὲ
1589 673 1692 707 ἀληθὴς
1713 672 1767 699 τῶν
1779 672 1849 707 Χρι-

1058 719 1174 746 στιανῶν
1191 720 1292 752 πίστις,
1309 719 1400 750 καθὼς
1416 719 1589 754 προείρηται,
1607 718 1644 750 ὡς
1659 718 1722 753 μίαν
1735 717 1782 744 ἐπὶ
1796 717 1849 751 τῆς

1058 766 1138 800 ἁγίας
1159 766 1274 801 Τριάδος
1294 766 1327 800 τῇ
1350 764 1478 800 κοινωνίᾳ
1503 764 1554 799 τῆς
1574 764 1701 799 θεότητος
1719 763 1850 797 ὁμολογεῖ

1058 812 1261 848 προσκύνησιν·
1278 811 1350 838 οὕτω
1374 811 1423 837 καὶ
1449 811 1496 837 ἐπὶ
1523 810 1573 845 τῆς
1600 810 1705 841 εἰκόνος
1728 809 1850 843 Χριστοῦ

221 857 292 879 tetur
313 852 348 879 ob
379 850 529 878 divinitatis
552 850 774 878 communionem
793 858 800 883 ;
819 850 859 877 sie
878 850 960 876 etiam
978 849 1006 876 in

1061 847 1124 892 μίαν
1139 857 1187 883 κα)⁸
1202 857 1251 892 τὴν
1267 857 1352 891 αὐτὴν
1365 856 1554 891 προσκύνησιν
1569 855 1694 890 ὁμολογεῖ
1713 855 1784 882 κατά
1799 853 1850 888 ’τὴν

219 898 337 930 imagine
352 897 452 925 Christi
474 897 582 924 unicam
606 897 785 931 eamdemque
801 895 1005 923 venerationem

219 944 364 972 contitetur
388 948 499 978 propter
522 943 624 970 Christi
654 949 779 977 persona:
802 942 944 968 unitatem.
968 940 1005 967 Ea

219 991 291 1018 enim
312 990 370 1025 ipsa
397 998 514 1025 persona
538 993 655 1024 estquae
677 989 787 1021 colitur,
803 990 884 1016 etiam
905 989 931 1016 in
965 989 1006 1023 pi-

219 1040 296 1063 ctura
311 1045 317 1062 :
331 1035 466 1071 siquidem
492 1035 582 1070 imago
595 1043 648 1061 non
672 1034 734 1067 erit,
749 1034 795 1061 sed
813 1041 855 1061 res
882 1033 1006 1068 quaedam

219 1082 371 1109 subsistens
386 1089 433 1116 per
446 1088 518 1114 sese,
535 1081 557 1108 si
578 1081 614 1108 ita
641 1080 787 1111 dividatur,
802 1084 831 1106 ut
843 1080 947 1106 honore
963 1086 1007 1105 se-

219 1132 331 1162 paretur
348 1135 362 1154 a
383 1135 437 1155 suo
455 1127 616 1161 exemplari.
638 1126 728 1161 Atque
748 1127 783 1153 ita
800 1126 909 1153 demutn
928 1125 1007 1152 unica

219 1177 262 1201 est
277 1174 358 1201 etiam
375 1174 402 1201 in
415 1173 543 1209 imaginis
557 1172 656 1200 Christi
669 1172 743 1200 cultu
761 1171 899 1198 veneratio
912 1176 939 1198 et
954 1171 1008 1205 glo-

220 1219 335 1246 rilicatio
351 1219 466 1246 multum
478 1219 619 1246 laudandae
630 1226 662 1246 ac
679 1219 764 1246 beata:
783 1217 936 1244 Trinitatis.
955 1217 1007 1244 Sed

222 1264 338 1292 fortasse
366 1265 440 1292 dicat
469 1265 568 1300 aliquis
585 1264 676 1299 :Ergo
707 1272 769 1291 eum
796 1263 934 1291 veneratio
963 1263 1008 1290 illa

221 1310 291 1337 idem
318 1310 354 1337 sit
383 1317 415 1337 ac
441 1310 531 1342 latria,
563 1310 652 1344 imago
680 1309 782 1336 Christi
811 1309 913 1344 pariter
945 1316 1007 1335 cum

221 1360 317 1383 sancta
350 1355 484 1383 Trinitate
508 1356 588 1382 latria
610 1355 720 1383 colitur.
749 1354 848 1381 Verum
880 1353 926 1389 qui
958 1353 1010 1380 hoc

221 1401 303 1432 dicat,
334 1400 460 1436 ignorare
487 1400 594 1427 videtur
608 1400 746 1427 diversam
780 1407 841 1426 esse
857 1397 1010 1426 veneratio-

222 1454 284 1473 nem
301 1455 307 1473 :
325 1446 459 1481 siquidem
476 1450 585 1473 sanctos
595 1453 768 1476 veneramur,
787 1444 833 1472 sed
851 1444 937 1471 latria:
952 1443 1010 1470 cul-

222 1497 278 1518 tum
295 1492 361 1526 ipsis
375 1500 428 1519 non
443 1492 614 1519 exhibemus.
627 1491 769 1525 Principes
789 1498 899 1525 quoque
930 1497 1010 1517 verte-

223 1536 403 1571 ramurjuxta
414 1537 533 1564 divinam
554 1537 640 1571 legem
660 1546 666 1563 :
686 1541 713 1564 at
732 1544 820 1571 neque
840 1536 914 1571 ipsos
930 1535 1009 1563 latria

222 1583 349 1610 colimus.
386 1582 486 1610 Deinde
503 1583 591 1610 discat
623 1583 675 1610 iste
693 1583 814 1617 insuper,
834 1589 1008 1617 nequaquam

222 1629 309 1663 ipsam
324 1630 450 1665 imaginis
467 1629 648 1657 substantiam
661 1629 732 1656 coli:
746 1629 797 1656 hoc
814 1629 887 1655 enim
904 1635 918 1654 a
932 1627 1011 1655 nobis

224 1677 342 1704 alienum
363 1681 416 1709 est,
437 1683 469 1703 ac
483 1683 578 1703 eorum
594 1675 734 1710 proprium
745 1675 790 1709 qui
804 1675 924 1702 serviunt
934 1682 1011 1701 crea-

222 1726 291 1748 tum
315 1721 406 1755 potius
419 1728 500 1755 quam
517 1719 654 1747 Creatori.
683 1720 735 1747 Sed
751 1728 812 1747 cum
844 1719 870 1746 in
894 1720 1012 1754 imagine

222 1768 326 1794 (lhristi
342 1767 440 1794 colitur
468 1767 593 1794 Christus
609 1775 615 1799 ;
629 1766 757 1801 imaginis
778 1766 889 1793 materia
922 1769 1012 1792 manet

225 1820 339 1845 prorsus
361 1819 459 1846 expers
486 1811 699 1845 illius_honoris,
720 1811 766 1846 qui
785 1810 895 1837 Christo
912 1811 937 1836 in
954 1810 1011 1844 ipsa

224 1858 368 1885 exhibetur
395 1862 505 1893 propter
523 1858 731 1885 similitudinetn
758 1866 818 1892 qua:
847 1857 956 1892 propria
972 1861 1013 1883 est

225 1910 348 1937 personae
375 1902 490 1934 Christi,
508 1907 536 1929 et
555 1910 614 1937 qua:
634 1909 649 1929 a
668 1902 781 1929 materia
808 1902 852 1928 illa
877 1901 1014 1935 discrepat

225 1949 351 1983 quamvis
366 1949 391 1975 in
419 1949 478 1983 ipsa
488 1948 666 1983 conspicitur.
691 1949 730 1975 Ac
748 1949 812 1975 mihi
830 1947 938 1974 videtur
958 1947 1011 1974 ista

226 2003 269 2022 res
284 2003 346 2022 ctttn
365 1995 468 2030 speculi
485 1995 610 2030 exemplo
627 2003 787 2030 congruere.
801 1994 868 2021 Nam
885 1994 1012 2021 ibictiam

226 2040 374 2075 spectantis
397 2040 489 2067 vultus
506 2041 708 2075 quodannnodo
721 2040 886 2075 depingitur,
906 2045 1013 2067 manet-

226 2095 279 2121 que
311 2087 461 2115 similitudo
492 2092 568 2114 extra
599 2088 740 2114 materiam
760 2095 813 2115 :ae
844 2087 866 2114 si
891 2087 954 2122 quis
978 2086 1013 2114 ibi

226 2140 304 2159 suam
319 2133 462 2167 itnaginem
483 2133 687 2167 complectatur,
704 2133 845 2160 materiam
858 2135 945 2167 ipsam
964 2132 1014 2159 mi-

1056 903 1209 937 ταυτότητα
1229 902 1278 937 τῆς
1301 901 1478 932 ὑποστάσεως
1500 900 1548 927 τοῦ
1574 899 1703 935 Χριστοῦ.
1728 900 1760 926 ’ίι
1776 900 1850 934 αὑτὴ

1057 948 1111 983 γάρ
1144 948 1202 973 ἐστι
1237 946 1484 982 προσκυνουμένη.
1508 946 1560 973 κᾶν
1588 946 1768 981 γεγραμμένη
1792 946 1849 981 εἴη.

1063 994 1140 1020 Ἑπεί
1158 994 1207 1020 οὐκ
1220 993 1254 1020 ἂν
1267 992 1310 1028 εἴη
1328 991 1421 1024 εἰκὼν,
1434 993 1458 1018 εἰ
1476 992 1664 1026 μεσολαὸεἰται
1679 992 1725 1018 καὶ
1743 992 1851 1026 διασχί-

1058 1040 1134 1071 ζεται
1150 1041 1182 1074 τῇ
1198 1040 1263 1074 τιμῇ
1277 1039 1331 1065 ἀπὸ
1345 1038 1392 1064 τοῦ
1407 1038 1599 1073 πρωτοτύπου,
1612 1037 1668 1064 ἀλλ’
1678 1037 1852 1064 iamiamqu-

1057 1083 1103 1109 τόν
1117 1091 1143 1109 τι
1156 1083 1272 1117 πρᾶγμα
1293 1082 1435 1117 τυγχάνει.
1454 1082 1509 1108 Καὶ
1535 1081 1607 1109 οὕτω
1629 1082 1723 1109 λοιπὸν
1746 1083 1799 1108 κάν
1816 1084 1851 1117 τῇ

1057 1129 1108 1163 τῆς
1121 1128 1226 1158 εἰκόνος
1239 1127 1286 1154 τοῦ
1302 1128 1422 1163 Χριστοῦ
1442 1128 1640 1163 προσκυνήσει,
1666 1128 1714 1163 μία
1730 1129 1746 1163 ἡ
1765 1137 1853 1163 προσ-

1059 1173 1172 1209 κύνησις
1192 1173 1240 1200 καὶ
1256 1173 1397 1208 δοξολογία
1411 1174 1460 1209 τῆς
1484 1174 1677 1209 πολυῡμνήτου
1693 1174 1740 1200 καὶ
1763 1182 1855 1208 μακα-

1059 1220 1121 1255 ρίας
1141 1219 1266 1255 Τριάδος.
1290 1220 1382 1253 Δόξειε
1405 1219 1428 1245 δ’
1443 1219 1475 1246 ἄν
1489 1228 1532 1251 τις
1545 1220 1655 1246 κάκεῖνο
1669 1219 1758 1252 λέγειν
1771 1227 1778 1234 ·
1799 1219 1855 1245 Οὑ-

1060 1265 1125 1292 κοῦν
1140 1265 1235 1300 ἐπειδὴ
1251 1265 1464 1301 ἡπροσκύνησις
1476 1265 1598 1300 λατρεία,
1618 1265 1662 1291 συ)
1669 1265 1854 1299 λατρεύεσοαι

1060 1311 1203 1346 συμϐαίνει
1213 1311 1263 1346 τὴν
1284 1311 1376 1337 εἰκόνα
1386 1311 1505 1345 Χριστοῦ
1526 1312 1559 1346 τῇ
1578 1310 1761 1346 ἁγίᾳτριὰδι.
1780 1309 1856 1336 Ἀλλ’

1060 1357 1147 1383 ἔοικεν
1166 1357 1180 1383 ὁ
1196 1357 1317 1388 τοιοῦτος
1332 1356 1369 1392 μὴ
1389 1356 1468 1388 εἰδὼς
1477 1356 1609 1392 διαφορὰν
1618 1356 1832 1392 προσκυνήσεως
1846 1364 1853 1371 ·

1060 1402 1121 1428 ἐπεὶ
1141 1400 1349 1436 προσκυνοῦμεν
1370 1401 1457 1435 ἁγίοις
1468 1422 1475 1434 ,
1492 1400 1550 1428 ἀλλ’
1566 1401 1596 1426 οὐ
1619 1400 1789 1435 λατρεύομεν
1805 1401 1856 1427 αῦ-

1060 1447 1133 1478 τοῖς’
1153 1447 1200 1473 καὶ
1224 1447 1340 1481 ἄρχουσι
1362 1447 1434 1472 κατὰ
1462 1446 1544 1481 νόμον
1565 1446 1644 1478 Θεοῦ,
1659 1445 1717 1472 ἀλλ’
1734 1446 1788 1472 οὐδ’
1803 1446 1857 1472 αὺ-

1061 1493 1117 1524 τοῖς
1139 1492 1318 1527 λατρεύομεν.
1334 1493 1449 1518 Ἔπειτα
1474 1492 1633 1527 μανθανέτω
1652 1490 1742 1523 αὖθις,
1755 1492 1799 1518 ὅτι
1822 1493 1857 1518 οὐ

1061 1540 1110 1573 τῆς
1123 1538 1216 1569 οὐσίας
1230 1539 1279 1573 τῆς
1295 1538 1398 1569 εἰκόνος
1408 1538 1466 1564 ἐστὶ
1481 1538 1668 1573 προσκύνησις
1681 1546 1687 1552 ·
1705 1537 1786 1564 τοῦτο
1799 1538 1858 1572 γὰρ

1061 1582 1187 1615 ἔκτοπον,
1205 1583 1251 1609 καὶ
1270 1582 1325 1609 τῶν
1351 1583 1539 1617 λατρευόντων
1564 1584 1596 1618 τῇ
1614 1583 1702 1609 κτίσει
1715 1584 1794 1618 ’παρὰ
1808 1583 1857 1609 τὸν

1061 1628 1201 1655 Κτίσαντα
1217 1629 1307 1663 ἔργον,
1321 1628 1390 1655 ἀλλὰ
1401 1628 1447 1654 τοῦ
1457 1629 1485 1655 ἐν
1495 1629 1528 1664 τῇ
1538 1629 1621 1655 εἰκόνι
1638 1628 1756 1664 Χριστοῦ
1767 1637 1857 1664 προσ-

1061 1674 1228 1709 κυνουμένοῠ
1249 1672 1380 1709 Χριστοῦ,
1396 1675 1579 1709 ἀκοινωνήτου
1597 1675 1732 1709 μενούσης
1747 1675 1857 1701 παντα-

1062 1728 1128 1746 πασι
1146 1721 1195 1755 τῆς
1210 1720 1347 1755 εἰκονικῆς
1371 1720 1437 1755 ὕλης
1455 1720 1524 1755 πρὸς
1542 1720 1588 1746 τὸν
1613 1719 1858 1754 προσκυνούμενον

1062 1767 1090 1792 ὲν
1113 1767 1181 1801 αὐτῇ
1202 1766 1320 1801 Χριστὸν
1347 1766 1385 1802 τῷ
1412 1765 1578 1801 ὁμοιώματι,
1607 1766 1676 1801 ὅπερ
1697 1767 1770 1792 ἐστὶν
1789 1766 1858 1792 ἴδιον

1062 1812 1112 1846 τῆς
1128 1813 1303 1844 ὑποστάσεως
1324 1812 1461 1848 Χριστοῦ,
1480 1813 1685 1847 κεχωρισμένον
1706 1811 1756 1846 τῆς
1778 1811 1857 1846 ὕλης,

1063 1859 1115 1884 κᾶν
1131 1858 1159 1883 ἐν
1177 1858 1245 1893 αὐτῇ
1261 1859 1368 1893 ὁρᾶται.
1386 1858 1440 1884 Καί
1461 1867 1507 1892 μοι
1521 1858 1594 1884 δοκεῖ
1607 1857 1645 1893 τῷ
1660 1859 1688 1884 ὲν
1707 1858 1860 1892 κατόπτρῳ

1064 1905 1269 1939 παραδείγματι
1301 1905 1421 1931 ἐοικέναι
1434 1913 1441 1920 ⁸
1461 1905 1543 1931 κάκεῖ
1567 1904 1622 1938 γὰρ
1643 1904 1725 1930 οἱονεὶ
1739 1904 1859 1939 διαγρα-

1064 1959 1144 1984 φεται
1159 1949 1206 1976 τοῦ
1224 1950 1343 1985 ὁρῶντος
1355 1950 1386 1976 τὸ
1399 1951 1545 1985 πρόσωπον
1556 1958 1562 1964 ’
1577 1950 1625 1976 καὶ
1648 1949 1724 1984 μένει
1740 1950 1795 1981 ἔξω
1807 1952 1859 1985 τῆς

1065 1995 1131 2030 ῦλης
1146 1995 1176 2022 τὸ
1197 1996 1323 2031 ὁμοίωμα
1335 2005 1342 2012 ·
1359 1996 1412 2023 κᾶν
1425 1995 1527 2028 δόξειεν
1541 1996 1716 2022 ἀσπάσασθαι
1727 1996 1779 2030 τὴν
1792 1996 1860 2022 ἐαυ-

1064 2041 1111 2068 τοῦ
1126 2041 1219 2068 εἰκόνα
1235 2042 1336 2071 ἐκεῖσε.
1366 2042 1396 2068 οὐ
1416 2042 1466 2078 τὴν
1482 2042 1548 2078 ὕλην
1570 2041 1794 2077 προσεπτὺξατο·
1815 2043 1860 2068 ὅτι

1066 2088 1133 2123 μηδὲ
1149 2088 1182 2114 δι’
1203 2088 1289 2124 αὐτὴν
1310 2089 1463 2123 πρόσεισιν,
1485 2088 1554 2114 ἀλλὰ
1569 2089 1598 2114 τὺ
1613 2089 1641 2114 ὲν
1656 2088 1724 2123 αὐτῇ
1740 2089 1861 2114 ἀπεικο-

1064 2132 1156 2159 νισοὲν
1178 2134 1261 2159 αὐτοῦ
1289 2132 1488 2168 ὁμοίωμαοδιὸ
1511 2133 1558 2159 καὶ
1579 2133 1702 2168 πρεσέφυ
1731 2134 1765 2168 τῇ
1787 2133 1858 2169 ῦλῃ·

227 2179 590 2213 nimecomplectitur:cum
610 2187 660 2206 nec
685 2178 764 2206 istius
791 2186 873 2206 causa
892 2179 1010 2209 accedat,

1067 2179 1162 2213 ἀμέλει
1178 2179 1363 2214 μεταστάντος
1374 2178 1457 2205 αὑτοῦ
1472 2178 1519 2205 τοῦ
1532 2179 1678 2214 ἐσόπτρου,
1697 2179 1859 2214 συναπέστη

227 2225 273 2252 sed
291 2225 326 2251 ob
352 2224 393 2251 sui
413 2223 499 2258 ipsius
514 2224 720 2251 similitudinem
736 2224 762 2250 in
785 2224 829 2250 illa
844 2232 1014 2259 expressam,

226 2274 253 2297 ct
271 2271 392 2298 materia:
419 2270 615 2296 adhmrentem.
631 2269 764 2296 Nimirum
785 2275 876 2297 atnoto
891 2270 1014 2304 speculo,

227 2316 318 2344 statim
345 2324 378 2343 ex
396 2316 456 2350 ipso
471 2315 571 2350 efﬁgies
590 2315 706 2347 excedit,
728 2320 857 2350 tanquam
874 2315 940 2341 nihil
969 2315 1016 2341 ha-

227 2363 295 2389 bens
327 2356 391 2390 cuni
413 2361 515 2396 speculi
539 2361 650 2388 materia
670 2369 824 2388 commune.
847 2361 893 2388 Sic
912 2369 976 2396 ergo
991 2367 1017 2388 et

229 2409 255 2435 in
272 2407 397 2443 imaginis
409 2407 522 2434 materia
535 2415 564 2435 se
575 2415 618 2435 res
630 2407 720 2434 habet.
750 2407 778 2434 Si
800 2408 872 2434 enim
887 2415 1017 2442 apparere

228 2455 336 2482 desinat
362 2461 423 2488 qua:
452 2453 477 2480 in
508 2454 566 2488 ipsa
596 2453 765 2488 conspicitur
793 2453 956 2485 similitudo,
984 2453 1017 2481 ad

228 2509 309 2535 quam
339 2491 476 2527 veneratio
499 2500 634 2534 pertinet;
659 2500 770 2526 materia
796 2504 885 2526 manet
917 2499 1018 2534 absque

229 2547 342 2580 honore,
358 2551 486 2581 tanquam
510 2546 578 2573 nihil
601 2554 661 2574 cum
679 2547 722 2573 illa
751 2546 929 2573 similitudine
945 2554 1019 2574 com-

231 2591 385 2618 municans.
416 2591 546 2622 Rursum,
565 2591 601 2617 sit
623 2591 740 2618 antmlus
760 2591 878 2626 imagine
893 2591 963 2626 regis
979 2593 1019 2618 in-

231 2636 351 2670 sculptus
369 2646 375 2663 :
391 2635 488 2663 deinde
513 2636 687 2671 imprimatur
711 2637 738 2663 in
760 2645 834 2669 cera,
852 2637 877 2664 in
908 2638 977 2672 pice,
993 2638 1019 2664 in

231 2682 326 2717 argilla
346 2690 353 2708 :
370 2682 476 2716 signum
495 2682 602 2716 quidem
620 2689 703 2708 ttuttm
722 2686 749 2709 et
762 2682 831 2709 idem
852 2683 903 2709 erit
918 2683 1021 2718 inqua-

232 2729 297 2755 lil:ct
309 2736 341 2755 ex
358 2727 400 2754 Itis
418 2727 530 2754 materia
545 2727 688 2754 consimile
703 2736 710 2759 ι
728 2728 794 2763 ipsa:
811 2733 900 2755 autent
915 2737 958 2756 res
970 2730 1022 2756 ill-.e

234 2775 304 2801 inter
319 2781 348 2801 se
357 2774 511 2808 discrepant
523 2782 529 2799 :
540 2774 646 2808 signum
661 2782 724 2801 vero
737 2782 825 2802 nonne
838 2775 938 2802 idcirco
951 2776 1020 2803 idem

235 2827 348 2854 prorsus
365 2825 407 2848 est
421 2820 547 2855 quamvis
560 2820 586 2847 in
604 2820 717 2848 materia
737 2821 855 2852 diversa.
870 2823 934 2857 quia
959 2830 1020 2849 cum

1067 2224 1141 2259 αὐτῷ
1167 2224 1225 2258 ἅμα
1251 2225 1298 2250 καὶ
1327 2224 1358 2250 τὸ
1382 2224 1508 2258 ίνδιλμα,
1523 2224 1561 2256 ὼς
1582 2225 1619 2259 μὴ
1637 2224 1811 2251 κοινωνοῦντι
1824 2227 1859 2260 τῇ

1067 2270 1114 2297 τοῦ
1133 2271 1266 2306 ἐσόπτρου
1282 2269 1332 2306 ὕλῃ
1345 2278 1351 2286 ·
1369 2270 1463 2304 ὥσπερ
1476 2268 1523 2296 οὖν
1540 2271 1642 2296 καὶέπὶ
1652 2270 1702 2305 τῆς
1718 2271 1862 2304 εἰκονικῆς

1068 2317 1135 2352 ὕλης
1148 2325 1155 2332 ⁸
1169 2317 1209 2343 ὅτι
1225 2316 1420 2351 ἀφανισθέντος
1433 2317 1479 2343 τοῦ
1492 2318 1520 2344 ὲν
1532 2317 1601 2352 αὐτῇ
1610 2317 1750 2352 ὁρωμένου
1759 2317 1863 2351 ὁμοιώ-

1070 2372 1153 2398 ματος
1172 2363 1215 2397 ἐφ’
1295 2363 1493 2398 προσκύνησις,
1517 2363 1626 2398 ἔμεινεν
1642 2364 1659 2397 ἡ
1687 2362 1738 2397 ῦλη
1756 2364 1862 2398 ἀπροσ-

1068 2409 1194 2444 κύνητυς,
1210 2409 1247 2439 ὡς
1263 2408 1347 2443 μηδὲν
1362 2408 1530 2435 κοινωνοῦσα
1541 2409 1579 2443 τῷ
1588 2408 1754 2444 ὁμοιώματι.
1769 2409 1864 2436 Ἔστω

1069 2446 1149 2483 πάλιν
1164 2454 1307 2486 δακτύλιος
1334 2455 1576 2491 ὲγκεχαραγμένος
1589 2455 1733 2490 βασιλικὴν
1748 2457 1844 2482 εἰκόνα
1855 2465 1862 2470 ·

1069 2500 1129 2528 εἶτα
1147 2500 1326 2528 ἐκτυπούσῦω
1350 2502 1379 2528 ἐν
1394 2501 1493 2536 καιρῷ,
1511 2502 1540 2528 ἐν
1562 2502 1659 2537 πίσσῃ,
1679 2502 1710 2528 ὲν
1725 2502 1805 2537 πηλῷ
1819 2510 1826 2516 ‘
1845 2503 1864 2536 ή

1071 2547 1120 2582 μὲν
1147 2545 1194 2573 οῦν
1209 2547 1326 2581 σφραγὶς
1345 2547 1393 2582 μία
1410 2547 1457 2574 καὶ
1474 2548 1490 2582 ἠ
1507 2548 1576 2583 αὑτὴ
1603 2547 1816 2583 ἀπαράλλακτος
1832 2550 1864 2575 ὲν

1070 2592 1239 2627 ἀμφοτέραις
1266 2593 1326 2624 ταῖς
1342 2592 1418 2624 ὕλαις
1431 2600 1437 2607 ·
1453 2593 1481 2619 αἱ
1499 2592 1528 2618 δὲ
1542 2593 1609 2628 πρὸς
1626 2593 1746 2628 ἀλλήλας
1768 2594 1864 2628 διαφο-

1072 2638 1219 2674 ρούμεναι*
1240 2638 1291 2664 οὐκ
1305 2637 1338 2664 ἂν
1357 2637 1386 2664 δὲ
1403 2639 1432 2664 ἐν
1453 2639 1513 2669 ταῖς
1524 2638 1753 2673 διαφορουμέναις
1772 2638 1865 2674 ἀπαρ-

1072 2684 1204 2715 άλλακτος
1222 2683 1340 2718 ἔμεινεν,
1373 2683 1388 2719 ἢ
1405 2684 1480 2719 παρὰ
1496 2684 1526 2710 τὸ
1543 2684 1624 2719 μηδὲν
1638 2685 1697 2716 ταῖς
1711 2683 1789 2715 ῦλαις
1805 2693 1865 2710 κοι-

1072 2731 1176 2757 νωνεῖν,
1199 2729 1268 2755 Ἀλλ’
1282 2727 1351 2755 εἷναι
1379 2729 1464 2764 αὐτὴν
1489 2731 1522 2764 τῇ
1549 2730 1655 2764 ἐπινοίᾳ
1686 2730 1791 2757 τούτων
1816 2739 1864 2756 κε-

1073 2775 1262 2811 χωρισμένην,
1284 2775 1416 2809 μένουσαν
1430 2776 1458 2801 ἐν
1482 2775 1521 2810 τῷ
1545 2775 1690 2810 δακτυλίῳ.
1708 2775 1803 2807 Οὕτως
1816 2775 1864 2802 οὖν

1074 2822 1119 2848 καὶ
1137 2821 1166 2847 τδ
1191 2821 1238 2847 τοῦ
1250 2820 1368 2856 Χριστοῦ
1381 2821 1517 2857 ὁμοίωμα,
1536 2821 1588 2849 κᾶν
1612 2823 1640 2848 ὲν
1660 2822 1790 2857 ὁποιᾳοῦν
1813 2823 1864 2856 ὕλῃ
