  <div class='ocr_page' id='page_1' title='image "/cluster/home/n/w/nwhite01/storage/ocr_20150623/99/njp.32101010943858/272.png"; bbox 0 0 1916 3075; ppageno 0'>
   <div class='ocr_carea' id='block_1_1' title="bbox 78 134 129 165">
    <p class='ocr_par' dir='ltr' id='par_1_1' title="bbox 78 134 129 165">
     <span class='ocr_line' id='line_1_1' title="bbox 78 134 129 165; baseline 0.02 -1"><span class='ocrx_word' id='word_1_1' title='bbox 78 134 129 165; x_wconf 75' lang='grc'><strong>505</strong></span> 
     </span>
    </p>
   </div>
   <div class='ocr_carea' id='block_1_2' title="bbox 81 191 873 234">
    <p class='ocr_par' dir='ltr' id='par_1_2' title="bbox 81 191 873 234">
     <span class='ocr_line' id='line_1_2' title="bbox 81 191 873 234; baseline 0.008 -16"><span class='ocrx_word' id='word_1_2' title='bbox 81 191 337 226; x_wconf 74' lang='grc' dir='ltr'>κεχαρακτήρισται</span> <span class='ocrx_word' id='word_1_3' title='bbox 347 213 353 225; x_wconf 90' lang='grc'><strong>,</strong></span> <span class='ocrx_word' id='word_1_4' title='bbox 367 193 551 228; x_wconf 76' lang='grc' dir='ltr'>ἀκοινώνητόν</span> <span class='ocrx_word' id='word_1_5' title='bbox 575 196 633 222; x_wconf 72' lang='grc' dir='ltr'>ἐστι</span> <span class='ocrx_word' id='word_1_6' title='bbox 649 197 682 231; x_wconf 84' lang='grc' dir='ltr'>τῇ</span> <span class='ocrx_word' id='word_1_7' title='bbox 696 197 724 223; x_wconf 80' lang='grc' dir='ltr'>ὲν</span> <span class='ocrx_word' id='word_1_8' title='bbox 771 197 873 224; x_wconf 79' lang='grc' dir='ltr'>δείκνυ-</span> 
     </span>
    </p>
   </div>
   <div class='ocr_carea' id='block_1_3' title="bbox 77 236 870 278">
    <p class='ocr_par' dir='ltr' id='par_1_3' title="bbox 77 236 870 278">
     <span class='ocr_line' id='line_1_3' title="bbox 77 236 870 278; baseline 0.011 -17"><span class='ocrx_word' id='word_1_9' title='bbox 77 245 121 262; x_wconf 69' lang='grc' dir='ltr'><strong>ται</strong></span> <span class='ocrx_word' id='word_1_10' title='bbox 138 236 188 272; x_wconf 71' lang='lat' dir='ltr'><strong>Enn</strong></span> <span class='ocrx_word' id='word_1_11' title='bbox 202 245 208 252; x_wconf 90' lang='grc'><strong>·</strong></span> <span class='ocrx_word' id='word_1_12' title='bbox 228 237 309 271; x_wconf 76' lang='grc' dir='ltr'>μένον</span> <span class='ocrx_word' id='word_1_13' title='bbox 322 238 352 264; x_wconf 85' lang='grc' dir='ltr'>ὲν</span> <span class='ocrx_word' id='word_1_14' title='bbox 361 239 394 272; x_wconf 85' lang='grc' dir='ltr'>τῇ</span> <span class='ocrx_word' id='word_1_15' title='bbox 406 238 452 265; x_wconf 81' lang='grc' dir='ltr'><strong>τοῦ</strong></span> <span class='ocrx_word' id='word_1_16' title='bbox 463 240 583 275; x_wconf 78' lang='grc' dir='ltr'>Χριστοῦ</span> <span class='ocrx_word' id='word_1_17' title='bbox 605 241 765 275; x_wconf 75' lang='grc' dir='ltr'><strong>ὑποστάσει,</strong></span> <span class='ocrx_word' id='word_1_18' title='bbox 779 241 870 278; x_wconf 80' lang='grc' dir='ltr'>ἧσπέρ</span> 
     </span>
    </p>
   </div>
   <div class='ocr_carea' id='block_1_4' title="bbox 77 281 868 324">
    <p class='ocr_par' dir='ltr' id='par_1_4' title="bbox 77 281 868 324">
     <span class='ocr_line' id='line_1_4' title="bbox 77 281 868 324; baseline 0.011 -18"><span class='ocrx_word' id='word_1_19' title='bbox 77 282 136 307; x_wconf 70' lang='grc' dir='ltr'>ἐστι</span> <span class='ocrx_word' id='word_1_20' title='bbox 153 281 202 307; x_wconf 74' lang='grc' dir='ltr'>καὶ</span> <span class='ocrx_word' id='word_1_21' title='bbox 216 281 294 310; x_wconf 75' lang='grc' dir='ltr'>ἴδιον.</span> <span class='ocrx_word' id='word_1_22' title='bbox 313 282 369 309; x_wconf 79' lang='grc' dir='ltr'><strong>Καὶ</strong></span> <span class='ocrx_word' id='word_1_23' title='bbox 390 283 484 316; x_wconf 79' lang='grc' dir='ltr'>ἁπλῶς</span> <span class='ocrx_word' id='word_1_24' title='bbox 500 285 599 317; x_wconf 80' lang='grc' dir='ltr'>εἰπεῖν,</span> <span class='ocrx_word' id='word_1_25' title='bbox 617 287 648 312; x_wconf 85' lang='grc' dir='ltr'>οὺ</span> <span class='ocrx_word' id='word_1_26' title='bbox 673 287 837 322; x_wconf 82' lang='grc' dir='ltr'>λατρεύεται</span> <span class='ocrx_word' id='word_1_27' title='bbox 852 289 868 324; x_wconf 88' lang='grc' dir='ltr'>ὴ</span> 
     </span>
    </p>
   </div>
   <div class='ocr_carea' id='block_1_5' title="bbox 76 325 869 369">
    <p class='ocr_par' dir='ltr' id='par_1_5' title="bbox 76 325 869 369">
     <span class='ocr_line' id='line_1_5' title="bbox 76 325 869 369; baseline 0.011 -17"><span class='ocrx_word' id='word_1_28' title='bbox 76 325 157 352; x_wconf 73' lang='grc' dir='ltr'>εἰκὼν</span> <span class='ocrx_word' id='word_1_29' title='bbox 173 327 220 354; x_wconf 85' lang='grc' dir='ltr'><strong>τοῦ</strong></span> <span class='ocrx_word' id='word_1_30' title='bbox 233 328 363 362; x_wconf 77' lang='grc' dir='ltr'><strong>Χριστοῦ.</strong></span> <span class='ocrx_word' id='word_1_31' title='bbox 382 329 451 356; x_wconf 83' lang='grc' dir='ltr'><strong>Ἀλλ’</strong></span> <span class='ocrx_word' id='word_1_32' title='bbox 464 331 479 356; x_wconf 87' lang='grc' dir='ltr'><strong>ὁ</strong></span> <span class='ocrx_word' id='word_1_33' title='bbox 499 332 527 357; x_wconf 81' lang='grc' dir='ltr'>ὲν</span> <span class='ocrx_word' id='word_1_34' title='bbox 545 331 614 367; x_wconf 82' lang='grc' dir='ltr'>αὐτῇ</span> <span class='ocrx_word' id='word_1_35' title='bbox 630 334 869 369; x_wconf 80' lang='grc' dir='ltr'><strong>προσκυνούμενος</strong></span> 
     </span>
    </p>
   </div>
   <div class='ocr_carea' id='block_1_6' title="bbox 76 373 868 415">
    <p class='ocr_par' dir='ltr' id='par_1_6' title="bbox 76 373 868 415">
     <span class='ocr_line' id='line_1_6' title="bbox 76 373 868 415; baseline 0.011 -17"><span class='ocrx_word' id='word_1_36' title='bbox 76 373 195 406; x_wconf 77' lang='grc' dir='ltr'>Χριστός</span> <span class='ocrx_word' id='word_1_37' title='bbox 204 382 212 389; x_wconf 80' lang='lat'><strong>&#39;</strong></span> <span class='ocrx_word' id='word_1_38' title='bbox 227 374 274 400; x_wconf 69' lang='grc' dir='ltr'><strong>καὶ</strong></span> <span class='ocrx_word' id='word_1_39' title='bbox 287 375 489 410; x_wconf 70' lang='grc' dir='ltr'>προσκυνητέω</span> <span class='ocrx_word' id='word_1_40' title='bbox 502 377 573 412; x_wconf 83' lang='grc' dir='ltr'>αὐτῇ</span> <span class='ocrx_word' id='word_1_41' title='bbox 592 378 664 404; x_wconf 82' lang='grc' dir='ltr'>κατὰ</span> <span class='ocrx_word' id='word_1_42' title='bbox 675 378 706 405; x_wconf 84' lang='grc' dir='ltr'>τὸ</span> <span class='ocrx_word' id='word_1_43' title='bbox 723 379 806 406; x_wconf 83' lang='grc' dir='ltr'>αὑτὸν</span> <span class='ocrx_word' id='word_1_44' title='bbox 819 380 868 415; x_wconf 85' lang='grc' dir='ltr'>τῆς</span> 
     </span>
    </p>
   </div>
   <div class='ocr_carea' id='block_1_7' title="bbox 77 419 868 460">
    <p class='ocr_par' dir='ltr' id='par_1_7' title="bbox 77 419 868 460">
     <span class='ocr_line' id='line_1_7' title="bbox 77 419 868 460; baseline 0.011 -16"><span class='ocrx_word' id='word_1_45' title='bbox 77 419 255 451; x_wconf 79' lang='grc' dir='ltr'><strong>ὑποστάσεως</strong></span> <span class='ocrx_word' id='word_1_46' title='bbox 280 420 328 446; x_wconf 82' lang='grc' dir='ltr'><strong>τοῦ</strong></span> <span class='ocrx_word' id='word_1_47' title='bbox 356 422 493 455; x_wconf 55' lang='grc' dir='ltr'><strong>Χριιικιςοῦι</strong></span> <span class='ocrx_word' id='word_1_48' title='bbox 508 423 585 458; x_wconf 81' lang='grc' dir='ltr'>παρὰ</span> <span class='ocrx_word' id='word_1_49' title='bbox 606 424 635 450; x_wconf 85' lang='grc' dir='ltr'><strong>δὲ</strong></span> <span class='ocrx_word' id='word_1_50' title='bbox 657 424 688 451; x_wconf 84' lang='grc' dir='ltr'>τὸ</span> <span class='ocrx_word' id='word_1_51' title='bbox 711 426 760 460; x_wconf 80' lang='grc' dir='ltr'>τῆς</span> <span class='ocrx_word' id='word_1_52' title='bbox 773 426 868 459; x_wconf 80' lang='grc' dir='ltr'>οὐσίας</span> 
     </span>
    </p>
   </div>
   <div class='ocr_carea' id='block_1_8' title="bbox 74 464 394 500">
    <p class='ocr_par' dir='ltr' id='par_1_8' title="bbox 74 464 394 500">
     <span class='ocr_line' id='line_1_8' title="bbox 74 464 394 500; baseline 0.009 -10"><span class='ocrx_word' id='word_1_53' title='bbox 74 465 124 498; x_wconf 81' lang='grc' dir='ltr'><strong>τῆς</strong></span> <span class='ocrx_word' id='word_1_54' title='bbox 137 464 242 496; x_wconf 71' lang='grc' dir='ltr'>εἰκόνος</span> <span class='ocrx_word' id='word_1_55' title='bbox 255 465 394 500; x_wconf 73' lang='grc' dir='ltr'>διάφορον.</span> 
     </span>
    </p>
   </div>
   <div class='ocr_carea' id='block_1_9' title="bbox 521 139 1276 173">
    <p class='ocr_par' dir='ltr' id='par_1_9' title="bbox 521 139 1276 173">
     <span class='ocr_line' id='line_1_9' title="bbox 521 139 1276 173; baseline 0.004 -5"><span class='ocrx_word' id='word_1_56' title='bbox 521 139 724 170; x_wconf 86' lang='lat' dir='ltr'><strong>SERMONES</strong></span> <span class='ocrx_word' id='word_1_57' title='bbox 744 140 1003 171; x_wconf 80' lang='lat' dir='ltr'><strong>CATECHETICI.</strong></span> <span class='ocrx_word' id='word_1_58' title='bbox 1019 153 1053 159; x_wconf 91' lang='lat'><strong>—</strong></span> <span class='ocrx_word' id='word_1_59' title='bbox 1068 141 1276 173; x_wconf 62' lang='lat' dir='ltr'><strong>PREFATIO.</strong></span> 
     </span>
    </p>
   </div>
   <div class='ocr_carea' id='block_1_10' title="bbox 1662 140 1714 171">
    <p class='ocr_par' dir='ltr' id='par_1_10' title="bbox 1662 140 1714 171">
     <span class='ocr_line' id='line_1_10' title="bbox 1662 140 1714 171; baseline -0.019 0"><span class='ocrx_word' id='word_1_60' title='bbox 1662 140 1714 171; x_wconf 78' lang='grc'><strong>506</strong></span> 
     </span>
    </p>
   </div>
   <div class='ocr_carea' id='block_1_11' title="bbox 887 197 1713 230">
    <p class='ocr_par' dir='ltr' id='par_1_11' title="bbox 887 197 1713 230">
     <span class='ocr_line' id='line_1_11' title="bbox 887 197 1713 230; baseline 0.001 -6"><span class='ocrx_word' id='word_1_61' title='bbox 887 202 909 228; x_wconf 78' lang='grc' dir='ltr'>Α</span> <span class='ocrx_word' id='word_1_62' title='bbox 924 197 978 225; x_wconf 82' lang='lat' dir='ltr'><strong>illis</strong></span> <span class='ocrx_word' id='word_1_63' title='bbox 1003 197 1085 225; x_wconf 89' lang='lat' dir='ltr'><strong>rebus</strong></span> <span class='ocrx_word' id='word_1_64' title='bbox 1105 205 1159 224; x_wconf 93' lang='lat' dir='ltr'><strong>non</strong></span> <span class='ocrx_word' id='word_1_65' title='bbox 1170 197 1368 229; x_wconf 89' lang='lat' dir='ltr'><strong>communicat,</strong></span> <span class='ocrx_word' id='word_1_66' title='bbox 1390 197 1437 224; x_wconf 87' lang='lat' dir='ltr'><strong>sed</strong></span> <span class='ocrx_word' id='word_1_67' title='bbox 1452 201 1543 224; x_wconf 87' lang='lat' dir='ltr'><strong>manet</strong></span> <span class='ocrx_word' id='word_1_68' title='bbox 1555 197 1580 224; x_wconf 92' lang='lat' dir='ltr'><strong>in</strong></span> <span class='ocrx_word' id='word_1_69' title='bbox 1601 197 1713 230; x_wconf 85' lang='lat' dir='ltr'><strong>annulo,</strong></span> 
     </span>
    </p>
   </div>
   <div class='ocr_carea' id='block_1_12' title="bbox 921 242 1715 278">
    <p class='ocr_par' dir='ltr' id='par_1_12' title="bbox 921 242 1715 278">
     <span class='ocr_line' id='line_1_12' title="bbox 921 242 1715 278; baseline -0.001 -8"><span class='ocrx_word' id='word_1_70' title='bbox 921 243 956 270; x_wconf 88' lang='lat' dir='ltr'><strong>ab</strong></span> <span class='ocrx_word' id='word_1_71' title='bbox 981 243 1034 270; x_wconf 87' lang='lat' dir='ltr'><strong>illis</strong></span> <span class='ocrx_word' id='word_1_72' title='bbox 1061 244 1144 270; x_wconf 83' lang='lat' dir='ltr'><strong>rebus</strong></span> <span class='ocrx_word' id='word_1_73' title='bbox 1164 244 1224 278; x_wconf 90' lang='lat' dir='ltr'><strong>ipsa</strong></span> <span class='ocrx_word' id='word_1_74' title='bbox 1237 243 1296 270; x_wconf 86' lang='lat' dir='ltr'><strong>idea</strong></span> <span class='ocrx_word' id='word_1_75' title='bbox 1316 247 1482 278; x_wconf 84' lang='lat' dir='ltr'><strong>separatum.</strong></span> <span class='ocrx_word' id='word_1_76' title='bbox 1511 242 1557 270; x_wconf 83' lang='lat' dir='ltr'><strong>Sic</strong></span> <span class='ocrx_word' id='word_1_77' title='bbox 1582 243 1663 277; x_wconf 77' lang='lat' dir='ltr'><strong>igitur</strong></span> <span class='ocrx_word' id='word_1_78' title='bbox 1688 248 1715 269; x_wconf 84' lang='lat' dir='ltr'><strong>et</strong></span> 
     </span>
    </p>
   </div>
   <div class='ocr_carea' id='block_1_13' title="bbox 921 288 1714 324">
    <p class='ocr_par' dir='ltr' id='par_1_13' title="bbox 921 288 1714 324">
     <span class='ocr_line' id='line_1_13' title="bbox 921 288 1714 324; baseline -0.001 -8"><span class='ocrx_word' id='word_1_79' title='bbox 921 289 1023 317; x_wconf 86' lang='lat' dir='ltr'><strong>Christi</strong></span> <span class='ocrx_word' id='word_1_80' title='bbox 1042 290 1193 317; x_wconf 75' lang='lat' dir='ltr'><strong>similitudo</strong></span> <span class='ocrx_word' id='word_1_81' title='bbox 1227 296 1392 324; x_wconf 88' lang='lat' dir='ltr'><strong>quacunque</strong></span> <span class='ocrx_word' id='word_1_82' title='bbox 1416 288 1524 315; x_wconf 85' lang='lat' dir='ltr'><strong>tandem</strong></span> <span class='ocrx_word' id='word_1_83' title='bbox 1543 288 1569 314; x_wconf 92' lang='lat' dir='ltr'><strong>in</strong></span> <span class='ocrx_word' id='word_1_84' title='bbox 1601 288 1714 315; x_wconf 75' lang='lat' dir='ltr'><strong>materia</strong></span> 
     </span>
    </p>
   </div>
   <div class='ocr_carea' id='block_1_14' title="bbox 921 334 1713 371">
    <p class='ocr_par' dir='ltr' id='par_1_14' title="bbox 921 334 1713 371">
     <span class='ocr_line' id='line_1_14' title="bbox 921 334 1713 371; baseline -0.005 -7"><span class='ocrx_word' id='word_1_85' title='bbox 921 336 957 364; x_wconf 89' lang='lat' dir='ltr'><strong>sit</strong></span> <span class='ocrx_word' id='word_1_86' title='bbox 968 343 1108 371; x_wconf 68' lang='lat' dir='ltr'><strong>expressa,</strong></span> <span class='ocrx_word' id='word_1_87' title='bbox 1127 336 1246 364; x_wconf 76' lang='lat' dir='ltr'><strong>minime</strong></span> <span class='ocrx_word' id='word_1_88' title='bbox 1268 335 1454 363; x_wconf 85' lang='lat' dir='ltr'><strong>communicat</strong></span> <span class='ocrx_word' id='word_1_89' title='bbox 1465 342 1528 361; x_wconf 81' lang='lat' dir='ltr'><strong>cum</strong></span> <span class='ocrx_word' id='word_1_90' title='bbox 1543 335 1657 361; x_wconf 79' lang='lat' dir='ltr'><strong>materia</strong></span> <span class='ocrx_word' id='word_1_91' title='bbox 1687 334 1713 360; x_wconf 95' lang='lat' dir='ltr'><strong>in</strong></span> 
     </span>
    </p>
   </div>
   <div class='ocr_carea' id='block_1_15' title="bbox 920 381 1713 418">
    <p class='ocr_par' dir='ltr' id='par_1_15' title="bbox 920 381 1713 418">
     <span class='ocr_line' id='line_1_15' title="bbox 920 381 1713 418; baseline -0.004 -8"><span class='ocrx_word' id='word_1_92' title='bbox 920 390 975 417; x_wconf 86' lang='lat' dir='ltr'><strong>qua</strong></span> <span class='ocrx_word' id='word_1_93' title='bbox 998 383 1179 418; x_wconf 79' lang='lat' dir='ltr'><strong>conspicitur,</strong></span> <span class='ocrx_word' id='word_1_94' title='bbox 1203 389 1318 409; x_wconf 89' lang='lat' dir='ltr'><strong>manens</strong></span> <span class='ocrx_word' id='word_1_95' title='bbox 1339 381 1365 408; x_wconf 95' lang='lat' dir='ltr'><strong>in</strong></span> <span class='ocrx_word' id='word_1_96' title='bbox 1384 381 1442 416; x_wconf 84' lang='lat' dir='ltr'><strong>ipsa</strong></span> <span class='ocrx_word' id='word_1_97' title='bbox 1459 381 1558 408; x_wconf 86' lang='lat' dir='ltr'><strong>Christi</strong></span> <span class='ocrx_word' id='word_1_98' title='bbox 1587 388 1713 415; x_wconf 75' lang='lat' dir='ltr'><strong>persona,</strong></span> 
     </span>
    </p>
   </div>
   <div class='ocr_carea' id='block_1_16' title="bbox 920 426 1716 463">
    <p class='ocr_par' dir='ltr' id='par_1_16' title="bbox 920 426 1716 463">
     <span class='ocr_line' id='line_1_16' title="bbox 920 426 1716 463; baseline -0.003 -8"><span class='ocrx_word' id='word_1_99' title='bbox 920 428 999 463; x_wconf 83' lang='lat' dir='ltr'><strong>cujus</strong></span> <span class='ocrx_word' id='word_1_100' title='bbox 1011 436 1106 463; x_wconf 87' lang='lat' dir='ltr'><strong>nempe</strong></span> <span class='ocrx_word' id='word_1_101' title='bbox 1113 428 1223 463; x_wconf 90' lang='lat' dir='ltr'><strong>propria</strong></span> <span class='ocrx_word' id='word_1_102' title='bbox 1235 432 1286 455; x_wconf 90' lang='lat' dir='ltr'><strong>est.</strong></span> <span class='ocrx_word' id='word_1_103' title='bbox 1294 427 1381 462; x_wconf 81' lang='lat' dir='ltr'><strong>Atque</strong></span> <span class='ocrx_word' id='word_1_104' title='bbox 1392 432 1422 454; x_wconf 92' lang='lat' dir='ltr'><strong>ut</strong></span> <span class='ocrx_word' id='word_1_105' title='bbox 1432 427 1515 454; x_wconf 88' lang='lat' dir='ltr'><strong>verbo</strong></span> <span class='ocrx_word' id='word_1_106' title='bbox 1522 426 1609 454; x_wconf 86' lang='lat' dir='ltr'><strong>dicam</strong></span> <span class='ocrx_word' id='word_1_107' title='bbox 1615 447 1621 459; x_wconf 92' lang='lat'><strong>,</strong></span> <span class='ocrx_word' id='word_1_108' title='bbox 1629 426 1716 453; x_wconf 73' lang='lat' dir='ltr'><strong>latrize</strong></span> 
     </span>
    </p>
   </div>
   <div class='ocr_carea' id='block_1_17' title="bbox 920 472 1716 509">
    <p class='ocr_par' dir='ltr' id='par_1_17' title="bbox 920 472 1716 509">
     <span class='ocr_line' id='line_1_17' title="bbox 920 472 1716 509; baseline -0.001 -9"><span class='ocrx_word' id='word_1_109' title='bbox 920 474 1010 501; x_wconf 87' lang='lat' dir='ltr'><strong>cultus</strong></span> <span class='ocrx_word' id='word_1_110' title='bbox 1024 474 1136 501; x_wconf 85' lang='lat' dir='ltr'><strong>minime</strong></span> <span class='ocrx_word' id='word_1_111' title='bbox 1152 474 1297 501; x_wconf 82' lang='lat' dir='ltr'><strong>exhibetur</strong></span> <span class='ocrx_word' id='word_1_112' title='bbox 1315 473 1428 509; x_wconf 78' lang='lat' dir='ltr'><strong>imagini</strong></span> <span class='ocrx_word' id='word_1_113' title='bbox 1445 473 1555 505; x_wconf 83' lang='lat' dir='ltr'><strong>Christi,</strong></span> <span class='ocrx_word' id='word_1_114' title='bbox 1573 472 1620 500; x_wconf 92' lang='lat' dir='ltr'><strong>scd</strong></span> <span class='ocrx_word' id='word_1_115' title='bbox 1636 472 1716 499; x_wconf 87' lang='lat' dir='ltr'><strong>Chri-</strong></span> 
     </span>
    </p>
   </div>
   <div class='ocr_carea' id='block_1_18' title="bbox 76 509 1712 554">
    <p class='ocr_par' dir='ltr' id='par_1_18' title="bbox 76 509 1712 554">
     <span class='ocr_line' id='line_1_18' title="bbox 76 509 1712 554; baseline 0.007 -20"><span class='ocrx_word' id='word_1_116' title='bbox 76 513 119 535; x_wconf 89' lang='lat' dir='ltr'><strong>sto</strong></span> <span class='ocrx_word' id='word_1_117' title='bbox 132 509 180 543; x_wconf 85' lang='lat' dir='ltr'><strong>qui</strong></span> <span class='ocrx_word' id='word_1_118' title='bbox 205 509 232 536; x_wconf 89' lang='lat' dir='ltr'><strong>in</strong></span> <span class='ocrx_word' id='word_1_119' title='bbox 253 510 314 545; x_wconf 86' lang='lat' dir='ltr'><strong>ipsa</strong></span> <span class='ocrx_word' id='word_1_120' title='bbox 338 511 437 539; x_wconf 92' lang='lat' dir='ltr'><strong>colitur</strong></span> <span class='ocrx_word' id='word_1_121' title='bbox 457 520 465 539; x_wconf 90' lang='lat'><strong>:</strong></span> <span class='ocrx_word' id='word_1_122' title='bbox 485 520 518 540; x_wconf 92' lang='lat' dir='ltr'><strong>ac</strong></span> <span class='ocrx_word' id='word_1_123' title='bbox 533 513 680 548; x_wconf 79' lang='lat' dir='ltr'><strong>imaginem</strong></span> <span class='ocrx_word' id='word_1_124' title='bbox 707 516 830 543; x_wconf 66' lang='lat' dir='ltr'><strong>venerari</strong></span> <span class='ocrx_word' id='word_1_125' title='bbox 849 523 955 552; x_wconf 88' lang='lat' dir='ltr'><strong>oportet</strong></span> <span class='ocrx_word' id='word_1_126' title='bbox 974 519 1126 547; x_wconf 90' lang='lat' dir='ltr'><strong>secundum</strong></span> <span class='ocrx_word' id='word_1_127' title='bbox 1154 519 1323 546; x_wconf 88' lang='lat' dir='ltr'><strong>identitatem</strong></span> <span class='ocrx_word' id='word_1_128' title='bbox 1351 526 1475 554; x_wconf 64' lang='lat' dir='ltr'><strong>persona:</strong></span> <span class='ocrx_word' id='word_1_129' title='bbox 1498 517 1609 550; x_wconf 83' lang='lat' dir='ltr'><strong>Christi,</strong></span> <span class='ocrx_word' id='word_1_130' title='bbox 1624 526 1712 553; x_wconf 88' lang='lat' dir='ltr'><strong>quan-</strong></span> 
     </span>
    </p>
   </div>
   <div class='ocr_carea' id='block_1_19' title="bbox 77 556 631 593">
    <p class='ocr_par' dir='ltr' id='par_1_19' title="bbox 77 556 631 593">
     <span class='ocr_line' id='line_1_19' title="bbox 77 556 631 593; baseline 0.013 -12"><span class='ocrx_word' id='word_1_131' title='bbox 77 556 178 582; x_wconf 82' lang='lat' dir='ltr'><strong>tumvis</strong></span> <span class='ocrx_word' id='word_1_132' title='bbox 189 556 344 584; x_wconf 85' lang='lat' dir='ltr'><strong>substantia</strong></span> <span class='ocrx_word' id='word_1_133' title='bbox 357 558 444 593; x_wconf 87' lang='lat' dir='ltr'><strong>ipsius</strong></span> <span class='ocrx_word' id='word_1_134' title='bbox 460 559 568 588; x_wconf 88' lang='lat' dir='ltr'><strong>diversa</strong></span> <span class='ocrx_word' id='word_1_135' title='bbox 586 561 631 588; x_wconf 92' lang='lat' dir='ltr'><strong>sit.</strong></span> 
     </span>
    </p>
   </div>
   <div class='ocr_carea' id='block_1_20' title="bbox 109 599 868 643">
    <p class='ocr_par' dir='ltr' id='par_1_20' title="bbox 109 599 868 643">
     <span class='ocr_line' id='line_1_20' title="bbox 109 599 868 643; baseline 0.012 -17"><span class='ocrx_word' id='word_1_136' title='bbox 109 599 190 626; x_wconf 80' lang='grc' dir='ltr'>Οὖτω</span> <span class='ocrx_word' id='word_1_137' title='bbox 216 602 375 637; x_wconf 80' lang='grc' dir='ltr'><strong>τοιγαροῦν,</strong></span> <span class='ocrx_word' id='word_1_138' title='bbox 390 603 428 635; x_wconf 82' lang='grc' dir='ltr'>ὡς</span> <span class='ocrx_word' id='word_1_139' title='bbox 454 605 506 640; x_wconf 75' lang='grc' dir='ltr'><strong>ἐμὲ</strong></span> <span class='ocrx_word' id='word_1_140' title='bbox 530 606 595 640; x_wconf 82' lang='grc' dir='ltr'>γοῦν</span> <span class='ocrx_word' id='word_1_141' title='bbox 623 607 788 643; x_wconf 82' lang='grc' dir='ltr'>εἰδέναι,τῇ</span> <span class='ocrx_word' id='word_1_142' title='bbox 813 608 868 635; x_wconf 83' lang='grc' dir='ltr'><strong>τῶν</strong></span> 
     </span>
    </p>
   </div>
   <div class='ocr_carea' id='block_1_21' title="bbox 75 645 868 689">
    <p class='ocr_par' dir='ltr' id='par_1_21' title="bbox 75 645 868 689">
     <span class='ocr_line' id='line_1_21' title="bbox 75 645 868 689; baseline 0.011 -18"><span class='ocrx_word' id='word_1_143' title='bbox 75 645 164 678; x_wconf 81' lang='grc' dir='ltr'>ἁγίων</span> <span class='ocrx_word' id='word_1_144' title='bbox 178 647 309 682; x_wconf 72' lang='grc' dir='ltr'>Πατέρων</span> <span class='ocrx_word' id='word_1_145' title='bbox 325 648 487 686; x_wconf 79' lang='grc' dir='ltr'><strong>διδασκαλίᾳ</strong></span> <span class='ocrx_word' id='word_1_146' title='bbox 504 651 723 686; x_wconf 78' lang='grc' dir='ltr'><strong>ἐπερειδόμενον,</strong></span> <span class='ocrx_word' id='word_1_147' title='bbox 737 654 754 688; x_wconf 84' lang='grc' dir='ltr'>ὴ</span> <span class='ocrx_word' id='word_1_148' title='bbox 768 654 817 689; x_wconf 82' lang='grc' dir='ltr'>τῆς</span> <span class='ocrx_word' id='word_1_149' title='bbox 828 655 868 680; x_wconf 84' lang='grc' dir='ltr'><strong>εἰ-</strong></span> 
     </span>
    </p>
   </div>
   <div class='ocr_carea' id='block_1_22' title="bbox 75 691 868 734">
    <p class='ocr_par' dir='ltr' id='par_1_22' title="bbox 75 691 868 734">
     <span class='ocr_line' id='line_1_22' title="bbox 75 691 868 734; baseline 0.013 -18"><span class='ocrx_word' id='word_1_150' title='bbox 75 691 153 722; x_wconf 76' lang='grc' dir='ltr'>κόνος</span> <span class='ocrx_word' id='word_1_151' title='bbox 176 691 226 718; x_wconf 82' lang='grc' dir='ltr'><strong>τοῦ</strong></span> <span class='ocrx_word' id='word_1_152' title='bbox 250 692 372 728; x_wconf 82' lang='grc' dir='ltr'><strong>Χριστοῦ</strong></span> <span class='ocrx_word' id='word_1_153' title='bbox 403 695 603 731; x_wconf 83' lang='grc' dir='ltr'>προσκύνησις·</span> <span class='ocrx_word' id='word_1_154' title='bbox 617 694 651 733; x_wconf 80' lang='grc' dir='ltr'>ἦς</span> <span class='ocrx_word' id='word_1_155' title='bbox 666 698 868 734; x_wconf 80' lang='grc' dir='ltr'><strong>ἀναιρουμένης</strong></span> 
     </span>
    </p>
   </div>
   <div class='ocr_carea' id='block_1_23' title="bbox 73 736 868 779">
    <p class='ocr_par' dir='ltr' id='par_1_23' title="bbox 73 736 868 779">
     <span class='ocr_line' id='line_1_23' title="bbox 73 736 868 779; baseline 0.013 -17"><span class='ocrx_word' id='word_1_156' title='bbox 73 736 213 772; x_wconf 74' lang='grc' dir='ltr'><strong>ἀνῄρηται</strong></span> <span class='ocrx_word' id='word_1_157' title='bbox 231 738 345 773; x_wconf 79' lang='grc' dir='ltr'><strong>δυνάμει</strong></span> <span class='ocrx_word' id='word_1_158' title='bbox 361 740 407 766; x_wconf 79' lang='grc' dir='ltr'><strong>καὶ</strong></span> <span class='ocrx_word' id='word_1_159' title='bbox 418 741 434 776; x_wconf 85' lang='grc' dir='ltr'><strong>ἡ</strong></span> <span class='ocrx_word' id='word_1_160' title='bbox 444 740 492 767; x_wconf 86' lang='grc' dir='ltr'><strong>τοῦ</strong></span> <span class='ocrx_word' id='word_1_161' title='bbox 506 742 627 775; x_wconf 84' lang='grc' dir='ltr'>Χριστοῦ</span> <span class='ocrx_word' id='word_1_162' title='bbox 641 743 784 779; x_wconf 79' lang='grc' dir='ltr'>οξκονομεα</span> <span class='ocrx_word' id='word_1_163' title='bbox 796 752 804 759; x_wconf 90' lang='grc'><strong>·</strong></span> <span class='ocrx_word' id='word_1_164' title='bbox 820 745 868 772; x_wconf 81' lang='grc' dir='ltr'>καὶ</span> 
     </span>
    </p>
   </div>
   <div class='ocr_carea' id='block_1_24' title="bbox 74 780 869 823">
    <p class='ocr_par' dir='ltr' id='par_1_24' title="bbox 74 780 869 823">
     <span class='ocr_line' id='line_1_24' title="bbox 74 780 869 823; baseline 0.01 -15"><span class='ocrx_word' id='word_1_165' title='bbox 74 780 107 816; x_wconf 77' lang='grc' dir='ltr'>ἧς</span> <span class='ocrx_word' id='word_1_166' title='bbox 133 783 172 818; x_wconf 81' lang='grc' dir='ltr'>μὴ</span> <span class='ocrx_word' id='word_1_167' title='bbox 188 786 444 822; x_wconf 78' lang='grc' dir='ltr'>προσκυνουμένης,</span> <span class='ocrx_word' id='word_1_168' title='bbox 458 787 593 823; x_wconf 75' lang='grc' dir='ltr'><strong>ἀνῄρηται</strong></span> <span class='ocrx_word' id='word_1_169' title='bbox 615 788 747 821; x_wconf 75' lang='grc' dir='ltr'>ὡσαύτως</span> <span class='ocrx_word' id='word_1_170' title='bbox 755 790 806 816; x_wconf 78' lang='grc' dir='ltr'>καὶ</span> <span class='ocrx_word' id='word_1_171' title='bbox 821 789 869 816; x_wconf 89' lang='grc' dir='ltr'><strong>τοῦ</strong></span> 
     </span>
    </p>
   </div>
   <div class='ocr_carea' id='block_1_25' title="bbox 74 829 412 867">
    <p class='ocr_par' dir='ltr' id='par_1_25' title="bbox 74 829 412 867">
     <span class='ocr_line' id='line_1_25' title="bbox 74 829 412 867; baseline 0.012 -12"><span class='ocrx_word' id='word_1_172' title='bbox 74 829 195 864; x_wconf 76' lang='grc' dir='ltr'>Χριστοῦ</span> <span class='ocrx_word' id='word_1_173' title='bbox 213 831 412 867; x_wconf 74' lang='grc' dir='ltr'>προσκύνησις.</span> 
     </span>
    </p>
   </div>
   <div class='ocr_carea' id='block_1_26' title="bbox 109 875 870 916">
    <p class='ocr_par' dir='ltr' id='par_1_26' title="bbox 109 875 870 916">
     <span class='ocr_line' id='line_1_26' title="bbox 109 875 870 916; baseline 0.008 -14"><span class='ocrx_word' id='word_1_174' title='bbox 109 876 169 903; x_wconf 81' lang='grc' dir='ltr'>Καὶ</span> <span class='ocrx_word' id='word_1_175' title='bbox 185 877 232 903; x_wconf 80' lang='grc' dir='ltr'><strong>διὰ</strong></span> <span class='ocrx_word' id='word_1_176' title='bbox 249 878 340 910; x_wconf 89' lang='grc' dir='ltr'>τοῦτο,</span> <span class='ocrx_word' id='word_1_177' title='bbox 356 875 379 905; x_wconf 82' lang='grc' dir='ltr'>ὦ</span> <span class='ocrx_word' id='word_1_178' title='bbox 395 879 450 905; x_wconf 77' lang='grc' dir='ltr'>θεῖε</span> <span class='ocrx_word' id='word_1_179' title='bbox 467 879 570 916; x_wconf 83' lang='grc' dir='ltr'>Πάτερ,</span> <span class='ocrx_word' id='word_1_180' title='bbox 587 881 636 907; x_wconf 84' lang='grc' dir='ltr'><strong>σὺν</strong></span> <span class='ocrx_word' id='word_1_181' title='bbox 660 880 735 916; x_wconf 78' lang='grc' dir='ltr'>φόϐῳ</span> <span class='ocrx_word' id='word_1_182' title='bbox 759 881 806 908; x_wconf 75' lang='grc' dir='ltr'><strong>καὶ</strong></span> <span class='ocrx_word' id='word_1_183' title='bbox 823 881 870 908; x_wconf 82' lang='grc' dir='ltr'><strong>εὖ·</strong></span> 
     </span>
    </p>
   </div>
   <div class='ocr_carea' id='block_1_27' title="bbox 72 921 869 962">
    <p class='ocr_par' dir='ltr' id='par_1_27' title="bbox 72 921 869 962">
     <span class='ocr_line' id='line_1_27' title="bbox 72 921 869 962; baseline 0.009 -15"><span class='ocrx_word' id='word_1_184' title='bbox 72 921 174 956; x_wconf 65' lang='grc' dir='ltr'><strong>λισείᾳ</strong></span> <span class='ocrx_word' id='word_1_185' title='bbox 191 923 338 957; x_wconf 71' lang='grc' dir='ltr'>προσιτέον</span> <span class='ocrx_word' id='word_1_186' title='bbox 363 925 411 951; x_wconf 73' lang='grc' dir='ltr'>καὶ</span> <span class='ocrx_word' id='word_1_187' title='bbox 436 926 641 961; x_wconf 82' lang='grc' dir='ltr'>προσκυνητέον</span> <span class='ocrx_word' id='word_1_188' title='bbox 662 927 793 962; x_wconf 83' lang='grc' dir='ltr'>αὐτῇ,ὼς</span> <span class='ocrx_word' id='word_1_189' title='bbox 818 928 869 962; x_wconf 84' lang='grc' dir='ltr'>τῆς</span> 
     </span>
    </p>
   </div>
   <div class='ocr_carea' id='block_1_28' title="bbox 74 966 870 1005">
    <p class='ocr_par' dir='ltr' id='par_1_28' title="bbox 74 966 870 1005">
     <span class='ocr_line' id='line_1_28' title="bbox 74 966 870 1005; baseline 0.01 -15"><span class='ocrx_word' id='word_1_190' title='bbox 74 966 293 1001; x_wconf 79' lang='grc' dir='ltr'>προσκυνήσεως</span> <span class='ocrx_word' id='word_1_191' title='bbox 317 968 365 994; x_wconf 79' lang='grc' dir='ltr'>ἐπὶ</span> <span class='ocrx_word' id='word_1_192' title='bbox 388 968 434 995; x_wconf 74' lang='grc' dir='ltr'>τὸν</span> <span class='ocrx_word' id='word_1_193' title='bbox 456 970 573 1005; x_wconf 82' lang='grc' dir='ltr'>Χριστὸν</span> <span class='ocrx_word' id='word_1_194' title='bbox 592 970 801 1005; x_wconf 78' lang='grc' dir='ltr'>διαϐαινούσης·</span> <span class='ocrx_word' id='word_1_195' title='bbox 823 973 870 998; x_wconf 71' lang='grc' dir='ltr'><strong>καὶ</strong></span> 
     </span>
    </p>
   </div>
   <div class='ocr_carea' id='block_1_29' title="bbox 74 1013 871 1053">
    <p class='ocr_par' dir='ltr' id='par_1_29' title="bbox 74 1013 871 1053">
     <span class='ocr_line' id='line_1_29' title="bbox 74 1013 871 1053; baseline 0.011 -17"><span class='ocrx_word' id='word_1_196' title='bbox 74 1013 240 1039; x_wconf 72' lang='grc' dir='ltr'>πιστευτέον</span> <span class='ocrx_word' id='word_1_197' title='bbox 253 1014 335 1048; x_wconf 84' lang='grc' dir='ltr'>χάριν</span> <span class='ocrx_word' id='word_1_198' title='bbox 350 1014 428 1042; x_wconf 84' lang='grc' dir='ltr'>θείαν</span> <span class='ocrx_word' id='word_1_199' title='bbox 442 1017 471 1042; x_wconf 83' lang='grc' dir='ltr'>ὲν</span> <span class='ocrx_word' id='word_1_200' title='bbox 483 1017 553 1052; x_wconf 81' lang='grc' dir='ltr'>αὐτῇ</span> <span class='ocrx_word' id='word_1_201' title='bbox 563 1017 715 1053; x_wconf 83' lang='grc' dir='ltr'>ἐπιφοιτᾷν,</span> <span class='ocrx_word' id='word_1_202' title='bbox 728 1018 775 1044; x_wconf 74' lang='grc' dir='ltr'>καὶ</span> <span class='ocrx_word' id='word_1_203' title='bbox 789 1018 871 1052; x_wconf 73' lang='grc' dir='ltr'>ἀγια-</span> 
     </span>
    </p>
   </div>
   <div class='ocr_carea' id='block_1_30' title="bbox 74 1057 869 1099">
    <p class='ocr_par' dir='ltr' id='par_1_30' title="bbox 74 1057 869 1099">
     <span class='ocr_line' id='line_1_30' title="bbox 74 1057 869 1099; baseline 0.01 -16"><span class='ocrx_word' id='word_1_204' title='bbox 74 1057 146 1092; x_wconf 79' lang='grc' dir='ltr'>σμοῦ</span> <span class='ocrx_word' id='word_1_205' title='bbox 163 1059 247 1094; x_wconf 76' lang='grc' dir='ltr'>αὐτὴν</span> <span class='ocrx_word' id='word_1_206' title='bbox 264 1060 398 1095; x_wconf 78' lang='grc' dir='ltr'>ὑπάρχειν</span> <span class='ocrx_word' id='word_1_207' title='bbox 415 1062 594 1098; x_wconf 74' lang='grc' dir='ltr'>μεταδοτικὴν</span> <span class='ocrx_word' id='word_1_208' title='bbox 605 1065 661 1095; x_wconf 85' lang='grc' dir='ltr'>τοῖς</span> <span class='ocrx_word' id='word_1_209' title='bbox 670 1063 762 1090; x_wconf 82' lang='grc' dir='ltr'>πίστει</span> <span class='ocrx_word' id='word_1_210' title='bbox 779 1072 869 1099; x_wconf 82' lang='grc' dir='ltr'>προσ-</span> 
     </span>
    </p>
   </div>
   <div class='ocr_carea' id='block_1_31' title="bbox 75 1103 871 1142">
    <p class='ocr_par' dir='ltr' id='par_1_31' title="bbox 75 1103 871 1142">
     <span class='ocr_line' id='line_1_31' title="bbox 75 1103 871 1142; baseline 0.01 -13"><span class='ocrx_word' id='word_1_211' title='bbox 75 1103 173 1131; x_wconf 69' lang='grc' dir='ltr'>ιιῦσιν.</span> <span class='ocrx_word' id='word_1_212' title='bbox 196 1105 273 1131; x_wconf 79' lang='grc' dir='ltr'>Ἐπεὶ</span> <span class='ocrx_word' id='word_1_213' title='bbox 286 1107 334 1133; x_wconf 80' lang='grc' dir='ltr'>καὶ</span> <span class='ocrx_word' id='word_1_214' title='bbox 349 1107 397 1133; x_wconf 71' lang='grc' dir='ltr'><strong>ἐπὶ</strong></span> <span class='ocrx_word' id='word_1_215' title='bbox 409 1108 456 1134; x_wconf 86' lang='grc' dir='ltr'><strong>τοῦ</strong></span> <span class='ocrx_word' id='word_1_216' title='bbox 484 1108 571 1135; x_wconf 81' lang='grc' dir='ltr'>τύπου</span> <span class='ocrx_word' id='word_1_217' title='bbox 583 1109 631 1136; x_wconf 85' lang='grc' dir='ltr'><strong>τοῦ</strong></span> <span class='ocrx_word' id='word_1_218' title='bbox 646 1110 780 1142; x_wconf 80' lang='grc' dir='ltr'>ζωοποιοῦ</span> <span class='ocrx_word' id='word_1_219' title='bbox 793 1118 871 1137; x_wconf 84' lang='grc' dir='ltr'>σταυ·</span> 
     </span>
    </p>
   </div>
   <div class='ocr_carea' id='block_1_32' title="bbox 73 1150 873 1190">
    <p class='ocr_par' dir='ltr' id='par_1_32' title="bbox 73 1150 873 1190">
     <span class='ocr_line' id='line_1_32' title="bbox 73 1150 873 1190; baseline 0.009 -14"><span class='ocrx_word' id='word_1_220' title='bbox 73 1150 134 1186; x_wconf 81' lang='grc' dir='ltr'>ροῦ,</span> <span class='ocrx_word' id='word_1_221' title='bbox 152 1151 203 1186; x_wconf 79' lang='grc' dir='ltr'>τῆς</span> <span class='ocrx_word' id='word_1_222' title='bbox 218 1152 324 1184; x_wconf 81' lang='grc' dir='ltr'>εικόνος</span> <span class='ocrx_word' id='word_1_223' title='bbox 336 1162 365 1180; x_wconf 84' lang='grc' dir='ltr'><strong>τε</strong></span> <span class='ocrx_word' id='word_1_224' title='bbox 376 1154 426 1190; x_wconf 83' lang='grc' dir='ltr'>τῆς</span> <span class='ocrx_word' id='word_1_225' title='bbox 436 1156 574 1189; x_wconf 84' lang='grc' dir='ltr'>παναγιας</span> <span class='ocrx_word' id='word_1_226' title='bbox 584 1156 729 1188; x_wconf 83' lang='grc' dir='ltr'>Θεοτόκου,</span> <span class='ocrx_word' id='word_1_227' title='bbox 743 1157 790 1183; x_wconf 82' lang='grc' dir='ltr'>καὶ</span> <span class='ocrx_word' id='word_1_228' title='bbox 805 1158 873 1184; x_wconf 84' lang='grc' dir='ltr'>πάν-</span> 
     </span>
    </p>
   </div>
   <div class='ocr_carea' id='block_1_33' title="bbox 74 1196 872 1235">
    <p class='ocr_par' dir='ltr' id='par_1_33' title="bbox 74 1196 872 1235">
     <span class='ocr_line' id='line_1_33' title="bbox 74 1196 872 1235; baseline 0.009 -14"><span class='ocrx_word' id='word_1_229' title='bbox 74 1204 129 1222; x_wconf 82' lang='grc' dir='ltr'><strong>των</strong></span> <span class='ocrx_word' id='word_1_230' title='bbox 144 1196 200 1223; x_wconf 83' lang='grc' dir='ltr'><strong>τῶν</strong></span> <span class='ocrx_word' id='word_1_231' title='bbox 219 1197 316 1230; x_wconf 79' lang='grc' dir='ltr'>ἁγίων,</span> <span class='ocrx_word' id='word_1_232' title='bbox 335 1199 410 1225; x_wconf 72' lang='grc' dir='ltr'>πᾶσα</span> <span class='ocrx_word' id='word_1_233' title='bbox 434 1199 583 1235; x_wconf 82' lang='grc' dir='ltr'>ἀγιαστικὴ</span> <span class='ocrx_word' id='word_1_234' title='bbox 607 1201 722 1227; x_wconf 70' lang='grc' dir='ltr'>εἰκόνων</span> <span class='ocrx_word' id='word_1_235' title='bbox 751 1201 872 1235; x_wconf 84' lang='grc' dir='ltr'>προσκύ-</span> 
     </span>
    </p>
   </div>
   <div class='ocr_carea' id='block_1_34' title="bbox 74 1238 871 1279">
    <p class='ocr_par' dir='ltr' id='par_1_34' title="bbox 74 1238 871 1279">
     <span class='ocr_line' id='line_1_34' title="bbox 74 1238 871 1279; baseline 0.011 -16"><span class='ocrx_word' id='word_1_236' title='bbox 74 1247 168 1273; x_wconf 75' lang='grc' dir='ltr'>νησις,</span> <span class='ocrx_word' id='word_1_237' title='bbox 186 1238 231 1266; x_wconf 72' lang='grc' dir='ltr'><strong>διὰ</strong></span> <span class='ocrx_word' id='word_1_238' title='bbox 247 1240 332 1274; x_wconf 83' lang='grc' dir='ltr'>μέσου</span> <span class='ocrx_word' id='word_1_239' title='bbox 353 1242 408 1268; x_wconf 83' lang='grc' dir='ltr'>τῶν</span> <span class='ocrx_word' id='word_1_240' title='bbox 432 1242 493 1270; x_wconf 80' lang='grc' dir='ltr'>κατ’</span> <span class='ocrx_word' id='word_1_241' title='bbox 510 1243 597 1275; x_wconf 84' lang='grc' dir='ltr'>αὑτὰς</span> <span class='ocrx_word' id='word_1_242' title='bbox 621 1244 810 1279; x_wconf 85' lang='grc' dir='ltr'>πρωτοτύπων</span> <span class='ocrx_word' id='word_1_243' title='bbox 825 1246 871 1272; x_wconf 77' lang='grc' dir='ltr'>ἐπὶ</span> 
     </span>
    </p>
   </div>
   <div class='ocr_carea' id='block_1_35' title="bbox 75 1285 872 1325">
    <p class='ocr_par' dir='ltr' id='par_1_35' title="bbox 75 1285 872 1325">
     <span class='ocr_line' id='line_1_35' title="bbox 75 1285 872 1325; baseline 0.009 -14"><span class='ocrx_word' id='word_1_244' title='bbox 75 1285 142 1311; x_wconf 79' lang='grc' dir='ltr'>θεὸν</span> <span class='ocrx_word' id='word_1_245' title='bbox 155 1285 307 1313; x_wconf 76' lang='grc' dir='ltr'>ἀναϐαίνει.</span> <span class='ocrx_word' id='word_1_246' title='bbox 320 1287 377 1314; x_wconf 78' lang='grc' dir='ltr'><strong>Καὶ</strong></span> <span class='ocrx_word' id='word_1_247' title='bbox 395 1288 439 1315; x_wconf 77' lang='grc' dir='ltr'>διὰ</span> <span class='ocrx_word' id='word_1_248' title='bbox 466 1288 546 1316; x_wconf 87' lang='grc' dir='ltr'>τοῦτο</span> <span class='ocrx_word' id='word_1_249' title='bbox 571 1290 621 1325; x_wconf 74' lang='grc' dir='ltr'>μία</span> <span class='ocrx_word' id='word_1_250' title='bbox 640 1291 687 1317; x_wconf 79' lang='grc' dir='ltr'><strong>καὶ</strong></span> <span class='ocrx_word' id='word_1_251' title='bbox 709 1291 778 1325; x_wconf 86' lang='grc' dir='ltr'>μόνη</span> <span class='ocrx_word' id='word_1_252' title='bbox 798 1291 872 1318; x_wconf 78' lang='grc' dir='ltr'>ἐστὶν</span> 
     </span>
    </p>
   </div>
   <div class='ocr_carea' id='block_1_36' title="bbox 73 1330 872 1370">
    <p class='ocr_par' dir='ltr' id='par_1_36' title="bbox 73 1330 872 1370">
     <span class='ocr_line' id='line_1_36' title="bbox 73 1330 872 1370; baseline 0.009 -15"><span class='ocrx_word' id='word_1_253' title='bbox 73 1332 90 1364; x_wconf 81' lang='grc' dir='ltr'>ὴ</span> <span class='ocrx_word' id='word_1_254' title='bbox 108 1330 279 1367; x_wconf 78' lang='grc' dir='ltr'>ὶατρευτικὴ</span> <span class='ocrx_word' id='word_1_255' title='bbox 297 1333 483 1368; x_wconf 86' lang='grc' dir='ltr'>προσκύνησις</span> <span class='ocrx_word' id='word_1_256' title='bbox 495 1334 545 1369; x_wconf 78' lang='grc' dir='ltr'>τῆς</span> <span class='ocrx_word' id='word_1_257' title='bbox 560 1334 641 1369; x_wconf 83' lang='grc' dir='ltr'><strong>ἁγίας</strong></span> <span class='ocrx_word' id='word_1_258' title='bbox 661 1336 709 1362; x_wconf 81' lang='grc' dir='ltr'>καὶ</span> <span class='ocrx_word' id='word_1_259' title='bbox 729 1336 872 1370; x_wconf 85' lang='grc' dir='ltr'>ὁμοουσιου</span> 
     </span>
    </p>
   </div>
   <div class='ocr_carea' id='block_1_37' title="bbox 74 1376 871 1418">
    <p class='ocr_par' dir='ltr' id='par_1_37' title="bbox 74 1376 871 1418">
     <span class='ocr_line' id='line_1_37' title="bbox 74 1376 871 1418; baseline 0.01 -17"><span class='ocrx_word' id='word_1_260' title='bbox 74 1376 195 1410; x_wconf 78' lang='grc' dir='ltr'>Τριάδος</span> <span class='ocrx_word' id='word_1_261' title='bbox 207 1385 215 1393; x_wconf 76' lang='grc'>⁶</span> <span class='ocrx_word' id='word_1_262' title='bbox 231 1377 265 1404; x_wconf 85' lang='grc' dir='ltr'><strong>δι’</strong></span> <span class='ocrx_word' id='word_1_263' title='bbox 282 1378 315 1413; x_wconf 81' lang='grc' dir='ltr'>ἢν</span> <span class='ocrx_word' id='word_1_264' title='bbox 332 1379 379 1404; x_wconf 78' lang='grc' dir='ltr'><strong>ἐπὶ</strong></span> <span class='ocrx_word' id='word_1_265' title='bbox 404 1379 458 1406; x_wconf 88' lang='grc' dir='ltr'><strong>τῶν</strong></span> <span class='ocrx_word' id='word_1_266' title='bbox 478 1379 565 1407; x_wconf 79' lang='grc' dir='ltr'>ἄλλων</span> <span class='ocrx_word' id='word_1_267' title='bbox 587 1381 616 1410; x_wconf 78' lang='grc' dir='ltr'>αἱ</span> <span class='ocrx_word' id='word_1_268' title='bbox 634 1380 758 1416; x_wconf 84' lang='grc' dir='ltr'>διάφοροι</span> <span class='ocrx_word' id='word_1_269' title='bbox 782 1391 871 1418; x_wconf 84' lang='grc' dir='ltr'>προσ-</span> 
     </span>
    </p>
   </div>
   <div class='ocr_carea' id='block_1_38' title="bbox 74 1423 872 1462">
    <p class='ocr_par' dir='ltr' id='par_1_38' title="bbox 74 1423 872 1462">
     <span class='ocr_line' id='line_1_38' title="bbox 74 1423 872 1462; baseline 0.009 -15"><span class='ocrx_word' id='word_1_270' title='bbox 74 1423 219 1457; x_wconf 66' lang='grc' dir='ltr'>κυνήσεις,</span> <span class='ocrx_word' id='word_1_271' title='bbox 235 1423 284 1450; x_wconf 78' lang='grc' dir='ltr'><strong>καὶ</strong></span> <span class='ocrx_word' id='word_1_272' title='bbox 299 1424 366 1458; x_wconf 83' lang='grc' dir='ltr'>πρὸς</span> <span class='ocrx_word' id='word_1_273' title='bbox 377 1424 410 1460; x_wconf 76' lang='grc' dir='ltr'>ἣν</span> <span class='ocrx_word' id='word_1_274' title='bbox 423 1425 573 1461; x_wconf 71' lang='grc' dir='ltr'>ὴάναφορὶι</span> <span class='ocrx_word' id='word_1_275' title='bbox 592 1425 647 1453; x_wconf 81' lang='grc' dir='ltr'><strong>τῶν</strong></span> <span class='ocrx_word' id='word_1_276' title='bbox 659 1427 773 1454; x_wconf 75' lang='grc' dir='ltr'>ἀπασῶν</span> <span class='ocrx_word' id='word_1_277' title='bbox 785 1436 872 1462; x_wconf 83' lang='grc' dir='ltr'>προσ-</span> 
     </span>
    </p>
   </div>
   <div class='ocr_carea' id='block_1_39' title="bbox 74 1468 873 1508">
    <p class='ocr_par' dir='ltr' id='par_1_39' title="bbox 74 1468 873 1508">
     <span class='ocr_line' id='line_1_39' title="bbox 74 1468 873 1508; baseline 0.008 -14"><span class='ocrx_word' id='word_1_278' title='bbox 74 1468 223 1503; x_wconf 73' lang='grc' dir='ltr'>κυνήσεων</span> <span class='ocrx_word' id='word_1_279' title='bbox 250 1470 350 1496; x_wconf 77' lang='grc' dir='ltr'>ἑνιαια.</span> <span class='ocrx_word' id='word_1_280' title='bbox 372 1471 404 1497; x_wconf 80' lang='lat' dir='ltr'><strong>El</strong></span> <span class='ocrx_word' id='word_1_281' title='bbox 426 1471 453 1497; x_wconf 84' lang='grc' dir='ltr'><strong>δέ</strong></span> <span class='ocrx_word' id='word_1_282' title='bbox 474 1480 500 1498; x_wconf 86' lang='grc' dir='ltr'><strong>τι</strong></span> <span class='ocrx_word' id='word_1_283' title='bbox 522 1472 619 1507; x_wconf 81' lang='grc' dir='ltr'>ἀγνοίᾳ</span> <span class='ocrx_word' id='word_1_284' title='bbox 638 1473 817 1508; x_wconf 83' lang='grc' dir='ltr'>ὲσφαλμένως</span> <span class='ocrx_word' id='word_1_285' title='bbox 834 1474 873 1500; x_wconf 82' lang='grc' dir='ltr'>εῐ-</span> 
     </span>
    </p>
   </div>
   <div class='ocr_carea' id='block_1_40' title="bbox 75 1514 872 1554">
    <p class='ocr_par' dir='ltr' id='par_1_40' title="bbox 75 1514 872 1554">
     <span class='ocr_line' id='line_1_40' title="bbox 75 1514 872 1554; baseline 0.009 -15"><span class='ocrx_word' id='word_1_286' title='bbox 75 1522 163 1548; x_wconf 79' lang='grc' dir='ltr'>ρηκα,</span> <span class='ocrx_word' id='word_1_287' title='bbox 181 1514 197 1550; x_wconf 83' lang='grc' dir='ltr'><strong>ἢ</strong></span> <span class='ocrx_word' id='word_1_288' title='bbox 212 1514 260 1540; x_wconf 84' lang='grc' dir='ltr'><strong>τοῦ</strong></span> <span class='ocrx_word' id='word_1_289' title='bbox 273 1515 439 1550; x_wconf 77' lang='grc' dir='ltr'>καθήκοντος</span> <span class='ocrx_word' id='word_1_290' title='bbox 454 1516 563 1549; x_wconf 71' lang='grc' dir='ltr'>ἐνδεῶς,</span> <span class='ocrx_word' id='word_1_291' title='bbox 582 1517 598 1552; x_wconf 87' lang='grc' dir='ltr'>ἢ</span> <span class='ocrx_word' id='word_1_292' title='bbox 615 1518 703 1553; x_wconf 76' lang='grc' dir='ltr'>πέρα”</span> <span class='ocrx_word' id='word_1_293' title='bbox 721 1518 759 1549; x_wconf 80' lang='grc' dir='ltr'><strong>ὡς</strong></span> <span class='ocrx_word' id='word_1_294' title='bbox 777 1518 872 1554; x_wconf 79' lang='grc' dir='ltr'>Πατὴρ</span> 
     </span>
    </p>
   </div>
   <div class='ocr_carea' id='block_1_41' title="bbox 75 1560 874 1599">
    <p class='ocr_par' dir='ltr' id='par_1_41' title="bbox 75 1560 874 1599">
     <span class='ocr_line' id='line_1_41' title="bbox 75 1560 874 1599; baseline 0.008 -13"><span class='ocrx_word' id='word_1_295' title='bbox 75 1560 195 1593; x_wconf 72' lang='grc' dir='ltr'>ἀγαθὸς,</span> <span class='ocrx_word' id='word_1_296' title='bbox 214 1561 245 1587; x_wconf 84' lang='grc' dir='ltr'>τὸ</span> <span class='ocrx_word' id='word_1_297' title='bbox 260 1561 312 1596; x_wconf 83' lang='grc' dir='ltr'>μὲν</span> <span class='ocrx_word' id='word_1_298' title='bbox 336 1562 516 1598; x_wconf 77' lang='grc' dir='ltr'>ἐπανορθοῦν,</span> <span class='ocrx_word' id='word_1_299' title='bbox 532 1563 562 1590; x_wconf 86' lang='grc' dir='ltr'><strong>τὸ</strong></span> <span class='ocrx_word' id='word_1_300' title='bbox 577 1563 607 1589; x_wconf 76' lang='grc' dir='ltr'><strong>δὲ</strong></span> <span class='ocrx_word' id='word_1_301' title='bbox 636 1564 820 1599; x_wconf 82' lang='grc' dir='ltr'>ἀναπληροῦν,</span> <span class='ocrx_word' id='word_1_302' title='bbox 842 1566 874 1592; x_wconf 87' lang='grc' dir='ltr'>τὺ</span> 
     </span>
    </p>
   </div>
   <div class='ocr_carea' id='block_1_42' title="bbox 76 1605 873 1646">
    <p class='ocr_par' dir='ltr' id='par_1_42' title="bbox 76 1605 873 1646">
     <span class='ocr_line' id='line_1_42' title="bbox 76 1605 873 1646; baseline 0.008 -15"><span class='ocrx_word' id='word_1_303' title='bbox 76 1605 105 1631; x_wconf 79' lang='grc' dir='ltr'><strong>δὲ</strong></span> <span class='ocrx_word' id='word_1_304' title='bbox 118 1606 261 1641; x_wconf 81' lang='grc' dir='ltr'>περιελεῖν</span> <span class='ocrx_word' id='word_1_305' title='bbox 275 1606 391 1638; x_wconf 69' lang='grc' dir='ltr'>ἀξίωσον</span> <span class='ocrx_word' id='word_1_306' title='bbox 405 1616 412 1622; x_wconf 92' lang='grc'>·</span> <span class='ocrx_word' id='word_1_307' title='bbox 429 1608 577 1644; x_wconf 81' lang='grc' dir='ltr'>εὐχόμενος</span> <span class='ocrx_word' id='word_1_308' title='bbox 591 1610 639 1636; x_wconf 77' lang='grc' dir='ltr'><strong>καὶ</strong></span> <span class='ocrx_word' id='word_1_309' title='bbox 654 1610 873 1646; x_wconf 80' lang='grc' dir='ltr'>ὑπερευχόμενος</span> 
     </span>
    </p>
   </div>
   <div class='ocr_carea' id='block_1_43' title="bbox 76 1652 873 1692">
    <p class='ocr_par' dir='ltr' id='par_1_43' title="bbox 76 1652 873 1692">
     <span class='ocr_line' id='line_1_43' title="bbox 76 1652 873 1692; baseline 0.009 -15"><span class='ocrx_word' id='word_1_310' title='bbox 76 1652 128 1686; x_wconf 77' lang='grc' dir='ltr'><strong>τῆς</strong></span> <span class='ocrx_word' id='word_1_311' title='bbox 139 1652 338 1684; x_wconf 82' lang='grc' dir='ltr'>ταπεινώσεώς</span> <span class='ocrx_word' id='word_1_312' title='bbox 366 1662 427 1688; x_wconf 84' lang='grc' dir='ltr'>μου,</span> <span class='ocrx_word' id='word_1_313' title='bbox 443 1655 490 1681; x_wconf 78' lang='grc' dir='ltr'><strong>καὶ</strong></span> <span class='ocrx_word' id='word_1_314' title='bbox 509 1657 579 1681; x_wconf 88' lang='grc' dir='ltr'>νοεῖν</span> <span class='ocrx_word' id='word_1_315' title='bbox 589 1655 689 1691; x_wconf 81' lang='grc' dir='ltr'>ὀρθῶς,</span> <span class='ocrx_word' id='word_1_316' title='bbox 708 1656 756 1683; x_wconf 79' lang='grc' dir='ltr'>καὶ</span> <span class='ocrx_word' id='word_1_317' title='bbox 783 1657 873 1692; x_wconf 79' lang='grc' dir='ltr'>λέγειν</span> 
     </span>
    </p>
   </div>
   <div class='ocr_carea' id='block_1_44' title="bbox 77 1696 718 1736">
    <p class='ocr_par' dir='ltr' id='par_1_44' title="bbox 77 1696 718 1736">
     <span class='ocr_line' id='line_1_44' title="bbox 77 1696 718 1736; baseline 0.009 -14"><span class='ocrx_word' id='word_1_318' title='bbox 77 1696 250 1730; x_wconf 72' lang='grc' dir='ltr'>ἀπταίστως,</span> <span class='ocrx_word' id='word_1_319' title='bbox 267 1699 316 1725; x_wconf 80' lang='grc' dir='ltr'><strong>καὶ</strong></span> <span class='ocrx_word' id='word_1_320' title='bbox 340 1699 473 1734; x_wconf 84' lang='grc' dir='ltr'>πράττειν</span> <span class='ocrx_word' id='word_1_321' title='bbox 492 1700 677 1736; x_wconf 79' lang='grc' dir='ltr'>ἀνεπιψόγως.</span> <span class='ocrx_word' id='word_1_322' title='bbox 713 1710 718 1718; x_wconf 58' lang='grc' dir='ltr'><strong><em>κ</em></strong></span> 
     </span>
    </p>
   </div>
   <div class='ocr_carea' id='block_1_45' title="bbox 528 1952 869 2018">
    <p class='ocr_par' dir='ltr' id='par_1_45' title="bbox 528 1952 869 2018">
     <span class='ocr_line' id='line_1_45' title="bbox 528 1952 869 2018; baseline 0.015 -4"><span class='ocrx_word' id='word_1_323' title='bbox 528 1952 869 2018; x_wconf 82' lang='lat' dir='ltr'><strong>H.0RA</strong></span> 
     </span>
    </p>
   </div>
   <div class='ocr_carea' id='block_1_46' title="bbox 956 609 1714 645">
    <p class='ocr_par' dir='ltr' id='par_1_46' title="bbox 956 609 1714 645">
     <span class='ocr_line' id='line_1_46' title="bbox 956 609 1714 645; baseline -0.005 -8"><span class='ocrx_word' id='word_1_324' title='bbox 956 610 1045 645; x_wconf 82' lang='lat' dir='ltr'><strong>Atque</strong></span> <span class='ocrx_word' id='word_1_325' title='bbox 1061 609 1114 637; x_wconf 86' lang='lat' dir='ltr'><strong>hoc</strong></span> <span class='ocrx_word' id='word_1_326' title='bbox 1123 609 1214 642; x_wconf 89' lang='lat' dir='ltr'><strong>modo,</strong></span> <span class='ocrx_word' id='word_1_327' title='bbox 1228 614 1258 636; x_wconf 97' lang='lat' dir='ltr'><strong>ut</strong></span> <span class='ocrx_word' id='word_1_328' title='bbox 1270 609 1338 637; x_wconf 89' lang='lat' dir='ltr'><strong>mihi</strong></span> <span class='ocrx_word' id='word_1_329' title='bbox 1349 609 1459 644; x_wconf 88' lang='lat' dir='ltr'><strong>quidem</strong></span> <span class='ocrx_word' id='word_1_330' title='bbox 1472 609 1589 639; x_wconf 88' lang='lat' dir='ltr'><strong>videtur,</strong></span> <span class='ocrx_word' id='word_1_331' title='bbox 1607 611 1714 635; x_wconf 87' lang='lat' dir='ltr'><strong>sancto-</strong></span> 
     </span>
    </p>
   </div>
   <div class='ocr_carea' id='block_1_47' title="bbox 921 655 1716 683">
    <p class='ocr_par' dir='ltr' id='par_1_47' title="bbox 921 655 1716 683">
     <span class='ocr_line' id='line_1_47' title="bbox 921 655 1716 683; baseline -0.003 -1"><span class='ocrx_word' id='word_1_332' title='bbox 921 663 982 683; x_wconf 87' lang='lat' dir='ltr'><strong>rum</strong></span> <span class='ocrx_word' id='word_1_333' title='bbox 1014 655 1124 682; x_wconf 83' lang='lat' dir='ltr'><strong>Patrum</strong></span> <span class='ocrx_word' id='word_1_334' title='bbox 1145 655 1269 682; x_wconf 84' lang='lat' dir='ltr'><strong>doctrina</strong></span> <span class='ocrx_word' id='word_1_335' title='bbox 1284 660 1311 682; x_wconf 89' lang='lat' dir='ltr'><strong>et</strong></span> <span class='ocrx_word' id='word_1_336' title='bbox 1331 655 1504 682; x_wconf 86' lang='lat' dir='ltr'><strong>institutione</strong></span> <span class='ocrx_word' id='word_1_337' title='bbox 1536 655 1716 682; x_wconf 78' lang='lat' dir='ltr'><strong>confirmatur</strong></span> 
     </span>
    </p>
   </div>
   <div class='ocr_carea' id='block_1_48' title="bbox 921 699 1715 736">
    <p class='ocr_par' dir='ltr' id='par_1_48' title="bbox 921 699 1715 736">
     <span class='ocr_line' id='line_1_48' title="bbox 921 699 1715 736; baseline -0.004 -8"><span class='ocrx_word' id='word_1_338' title='bbox 921 702 1049 736; x_wconf 78' lang='lat' dir='ltr'><strong>imaginis</strong></span> <span class='ocrx_word' id='word_1_339' title='bbox 1065 701 1165 729; x_wconf 82' lang='lat' dir='ltr'><strong>Christi</strong></span> <span class='ocrx_word' id='word_1_340' title='bbox 1184 701 1325 729; x_wconf 83' lang='lat' dir='ltr'><strong>veneratio</strong></span> <span class='ocrx_word' id='word_1_341' title='bbox 1341 709 1420 736; x_wconf 77' lang='lat' dir='ltr'><strong>:quae</strong></span> <span class='ocrx_word' id='word_1_342' title='bbox 1435 701 1458 729; x_wconf 94' lang='lat' dir='ltr'><strong>si</strong></span> <span class='ocrx_word' id='word_1_343' title='bbox 1476 701 1597 733; x_wconf 92' lang='lat' dir='ltr'><strong>tollatur,</strong></span> <span class='ocrx_word' id='word_1_344' title='bbox 1613 699 1715 735; x_wconf 76' lang='lat' dir='ltr'><strong>pariter</strong></span> 
     </span>
    </p>
   </div>
   <div class='ocr_carea' id='block_1_49' title="bbox 921 746 1714 782">
    <p class='ocr_par' dir='ltr' id='par_1_49' title="bbox 921 746 1714 782">
     <span class='ocr_line' id='line_1_49' title="bbox 921 746 1714 782; baseline -0.004 -9"><span class='ocrx_word' id='word_1_345' title='bbox 921 747 1017 782; x_wconf 87' lang='lat' dir='ltr'><strong>ctipsa</strong></span> <span class='ocrx_word' id='word_1_346' title='bbox 1029 747 1129 775; x_wconf 89' lang='lat' dir='ltr'><strong>Christi</strong></span> <span class='ocrx_word' id='word_1_347' title='bbox 1145 747 1299 774; x_wconf 71' lang='lat' dir='ltr'><strong>oeconomia</strong></span> <span class='ocrx_word' id='word_1_348' title='bbox 1318 747 1422 774; x_wconf 86' lang='lat' dir='ltr'><strong>tollitur</strong></span> <span class='ocrx_word' id='word_1_349' title='bbox 1436 756 1442 773; x_wconf 91' lang='lat'><strong>:</strong></span> <span class='ocrx_word' id='word_1_350' title='bbox 1455 754 1497 779; x_wconf 80' lang='lat' dir='ltr'><strong>ac,</strong></span> <span class='ocrx_word' id='word_1_351' title='bbox 1516 746 1539 774; x_wconf 88' lang='lat' dir='ltr'><strong>si</strong></span> <span class='ocrx_word' id='word_1_352' title='bbox 1555 746 1645 780; x_wconf 81' lang='lat' dir='ltr'><strong>imago</strong></span> <span class='ocrx_word' id='word_1_353' title='bbox 1660 752 1714 772; x_wconf 90' lang='lat' dir='ltr'><strong>non</strong></span> 
     </span>
    </p>
   </div>
   <div class='ocr_carea' id='block_1_50' title="bbox 923 791 1667 828">
    <p class='ocr_par' dir='ltr' id='par_1_50' title="bbox 923 791 1667 828">
     <span class='ocr_line' id='line_1_50' title="bbox 923 791 1667 828; baseline 0 -9"><span class='ocrx_word' id='word_1_354' title='bbox 923 792 1038 826; x_wconf 81' lang='lat' dir='ltr'><strong>colatur,</strong></span> <span class='ocrx_word' id='word_1_355' title='bbox 1054 792 1157 828; x_wconf 87' lang='lat' dir='ltr'><strong>pariter</strong></span> <span class='ocrx_word' id='word_1_356' title='bbox 1176 793 1264 827; x_wconf 87' lang='lat' dir='ltr'><strong>ipsius</strong></span> <span class='ocrx_word' id='word_1_357' title='bbox 1280 792 1381 820; x_wconf 91' lang='lat' dir='ltr'><strong>Christi</strong></span> <span class='ocrx_word' id='word_1_358' title='bbox 1394 792 1535 820; x_wconf 88' lang='lat' dir='ltr'><strong>veneratio</strong></span> <span class='ocrx_word' id='word_1_359' title='bbox 1551 791 1667 819; x_wconf 82' lang='lat' dir='ltr'><strong>tollitur.</strong></span> 
     </span>
    </p>
   </div>
   <div class='ocr_carea' id='block_1_51' title="bbox 958 879 1713 917">
    <p class='ocr_par' dir='ltr' id='par_1_51' title="bbox 958 879 1713 917">
     <span class='ocr_line' id='line_1_51' title="bbox 958 879 1713 917; baseline 0 -10"><span class='ocrx_word' id='word_1_360' title='bbox 958 879 1137 916; x_wconf 85' lang='lat' dir='ltr'><strong>Quapropter,</strong></span> <span class='ocrx_word' id='word_1_361' title='bbox 1167 880 1248 908; x_wconf 85' lang='lat' dir='ltr'><strong>Pater</strong></span> <span class='ocrx_word' id='word_1_362' title='bbox 1264 885 1370 914; x_wconf 87' lang='lat' dir='ltr'><strong>sancte,</strong></span> <span class='ocrx_word' id='word_1_363' title='bbox 1395 881 1428 909; x_wconf 88' lang='lat' dir='ltr'><strong>ad</strong></span> <span class='ocrx_word' id='word_1_364' title='bbox 1457 882 1544 917; x_wconf 87' lang='lat' dir='ltr'><strong>ipsam</strong></span> <span class='ocrx_word' id='word_1_365' title='bbox 1558 889 1620 908; x_wconf 93' lang='lat' dir='ltr'><strong>cum</strong></span> <span class='ocrx_word' id='word_1_366' title='bbox 1640 885 1713 908; x_wconf 88' lang='lat' dir='ltr'><strong>metu</strong></span> 
     </span>
    </p>
   </div>
   <div class='ocr_carea' id='block_1_52' title="bbox 885 926 1713 962">
    <p class='ocr_par' dir='ltr' id='par_1_52' title="bbox 885 926 1713 962">
     <span class='ocr_line' id='line_1_52' title="bbox 885 926 1713 962; baseline 0.001 -11"><span class='ocrx_word' id='word_1_367' title='bbox 885 929 905 956; x_wconf 79' lang='grc' dir='ltr'><strong>Β</strong></span> <span class='ocrx_word' id='word_1_368' title='bbox 923 929 950 952; x_wconf 91' lang='lat' dir='ltr'><strong>et</strong></span> <span class='ocrx_word' id='word_1_369' title='bbox 974 926 1126 952; x_wconf 88' lang='lat' dir='ltr'><strong>reverentia</strong></span> <span class='ocrx_word' id='word_1_370' title='bbox 1148 926 1276 953; x_wconf 83' lang='lat' dir='ltr'><strong>accedere</strong></span> <span class='ocrx_word' id='word_1_371' title='bbox 1306 931 1424 961; x_wconf 84' lang='lat' dir='ltr'><strong>oportet,</strong></span> <span class='ocrx_word' id='word_1_372' title='bbox 1450 926 1557 962; x_wconf 87' lang='lat' dir='ltr'><strong>ipsique</strong></span> <span class='ocrx_word' id='word_1_373' title='bbox 1582 927 1713 954; x_wconf 88' lang='lat' dir='ltr'><strong>honorem</strong></span> 
     </span>
    </p>
   </div>
   <div class='ocr_carea' id='block_1_53' title="bbox 920 969 1714 1006">
    <p class='ocr_par' dir='ltr' id='par_1_53' title="bbox 920 969 1714 1006">
     <span class='ocr_line' id='line_1_53' title="bbox 920 969 1714 1006; baseline 0.001 -10"><span class='ocrx_word' id='word_1_374' title='bbox 920 969 1060 1002; x_wconf 85' lang='lat' dir='ltr'><strong>exhibere,</strong></span> <span class='ocrx_word' id='word_1_375' title='bbox 1077 974 1206 1006; x_wconf 88' lang='lat' dir='ltr'><strong>tanquam</strong></span> <span class='ocrx_word' id='word_1_376' title='bbox 1221 971 1326 998; x_wconf 89' lang='lat' dir='ltr'><strong>honore</strong></span> <span class='ocrx_word' id='word_1_377' title='bbox 1342 971 1389 998; x_wconf 91' lang='lat' dir='ltr'><strong>illo</strong></span> <span class='ocrx_word' id='word_1_378' title='bbox 1409 972 1442 998; x_wconf 92' lang='lat' dir='ltr'><strong>ad</strong></span> <span class='ocrx_word' id='word_1_379' title='bbox 1459 971 1547 1005; x_wconf 90' lang='lat' dir='ltr'><strong>ipsum</strong></span> <span class='ocrx_word' id='word_1_380' title='bbox 1572 971 1714 998; x_wconf 86' lang='lat' dir='ltr'><strong>Christum</strong></span> 
     </span>
    </p>
   </div>
   <div class='ocr_carea' id='block_1_54' title="bbox 921 1015 1713 1050">
    <p class='ocr_par' dir='ltr' id='par_1_54' title="bbox 921 1015 1713 1050">
     <span class='ocr_line' id='line_1_54' title="bbox 921 1015 1713 1050; baseline 0.001 -10"><span class='ocrx_word' id='word_1_381' title='bbox 921 1015 1139 1048; x_wconf 82' lang='lat' dir='ltr'><strong>pertinentezac</strong></span> <span class='ocrx_word' id='word_1_382' title='bbox 1165 1023 1215 1050; x_wconf 90' lang='lat' dir='ltr'><strong>pro</strong></span> <span class='ocrx_word' id='word_1_383' title='bbox 1247 1019 1323 1042; x_wconf 88' lang='lat' dir='ltr'><strong>certo</strong></span> <span class='ocrx_word' id='word_1_384' title='bbox 1349 1015 1497 1042; x_wconf 87' lang='lat' dir='ltr'><strong>tenendum</strong></span> <span class='ocrx_word' id='word_1_385' title='bbox 1525 1020 1566 1043; x_wconf 89' lang='lat' dir='ltr'><strong>est</strong></span> <span class='ocrx_word' id='word_1_386' title='bbox 1598 1016 1713 1050; x_wconf 72' lang='lat' dir='ltr'><strong>gratiam</strong></span> 
     </span>
    </p>
   </div>
   <div class='ocr_carea' id='block_1_55' title="bbox 921 1057 1713 1094">
    <p class='ocr_par' dir='ltr' id='par_1_55' title="bbox 921 1057 1713 1094">
     <span class='ocr_line' id='line_1_55' title="bbox 921 1057 1713 1094; baseline 0.003 -10"><span class='ocrx_word' id='word_1_387' title='bbox 921 1057 1040 1084; x_wconf 88' lang='lat' dir='ltr'><strong>divinam</strong></span> <span class='ocrx_word' id='word_1_388' title='bbox 1058 1059 1233 1093; x_wconf 72' lang='lat' dir='ltr'><strong>supervenire</strong></span> <span class='ocrx_word' id='word_1_389' title='bbox 1254 1059 1318 1093; x_wconf 87' lang='lat' dir='ltr'><strong>ipsi,</strong></span> <span class='ocrx_word' id='word_1_390' title='bbox 1345 1064 1372 1086; x_wconf 91' lang='lat' dir='ltr'><strong>et</strong></span> <span class='ocrx_word' id='word_1_391' title='bbox 1394 1066 1443 1094; x_wconf 92' lang='lat' dir='ltr'><strong>per</strong></span> <span class='ocrx_word' id='word_1_392' title='bbox 1459 1067 1518 1086; x_wconf 89' lang='lat' dir='ltr'><strong>earn</strong></span> <span class='ocrx_word' id='word_1_393' title='bbox 1549 1060 1713 1087; x_wconf 85' lang='lat' dir='ltr'><strong>sanctiﬁcari</strong></span> 
     </span>
    </p>
   </div>
   <div class='ocr_carea' id='block_1_56' title="bbox 921 1104 1713 1139">
    <p class='ocr_par' dir='ltr' id='par_1_56' title="bbox 921 1104 1713 1139">
     <span class='ocr_line' id='line_1_56' title="bbox 921 1104 1713 1139; baseline 0.001 -9"><span class='ocrx_word' id='word_1_394' title='bbox 921 1104 1077 1138; x_wconf 87' lang='lat' dir='ltr'><strong>quicunque</strong></span> <span class='ocrx_word' id='word_1_395' title='bbox 1092 1112 1154 1131; x_wconf 88' lang='lat' dir='ltr'><strong>cum</strong></span> <span class='ocrx_word' id='word_1_396' title='bbox 1174 1105 1227 1132; x_wconf 77' lang='lat' dir='ltr'><strong>[ide</strong></span> <span class='ocrx_word' id='word_1_397' title='bbox 1240 1105 1385 1133; x_wconf 86' lang='lat' dir='ltr'><strong>accedunt.</strong></span> <span class='ocrx_word' id='word_1_398' title='bbox 1409 1104 1635 1139; x_wconf 83' lang='lat' dir='ltr'><strong>Quandoquidem</strong></span> <span class='ocrx_word' id='word_1_399' title='bbox 1658 1110 1713 1131; x_wconf 92' lang='lat' dir='ltr'><strong>tum</strong></span> 
     </span>
    </p>
   </div>
   <div class='ocr_carea' id='block_1_57' title="bbox 922 1149 1714 1186">
    <p class='ocr_par' dir='ltr' id='par_1_57' title="bbox 922 1149 1714 1186">
     <span class='ocr_line' id='line_1_57' title="bbox 922 1149 1714 1186; baseline 0 -10"><span class='ocrx_word' id='word_1_400' title='bbox 922 1149 949 1176; x_wconf 92' lang='lat' dir='ltr'><strong>in</strong></span> <span class='ocrx_word' id='word_1_401' title='bbox 979 1150 1068 1177; x_wconf 86' lang='lat' dir='ltr'><strong>crucis</strong></span> <span class='ocrx_word' id='word_1_402' title='bbox 1090 1150 1204 1177; x_wconf 58' lang='lat' dir='ltr'><strong>viviﬁca).</strong></span> <span class='ocrx_word' id='word_1_403' title='bbox 1232 1156 1306 1186; x_wconf 88' lang='lat' dir='ltr'><strong>typo,</strong></span> <span class='ocrx_word' id='word_1_404' title='bbox 1340 1156 1400 1179; x_wconf 91' lang='lat' dir='ltr'><strong>tum</strong></span> <span class='ocrx_word' id='word_1_405' title='bbox 1417 1151 1444 1178; x_wconf 90' lang='lat' dir='ltr'><strong>in</strong></span> <span class='ocrx_word' id='word_1_406' title='bbox 1463 1151 1644 1178; x_wconf 69' lang='lat' dir='ltr'><strong>sanctissimae</strong></span> <span class='ocrx_word' id='word_1_407' title='bbox 1667 1150 1714 1177; x_wconf 90' lang='lat' dir='ltr'><strong>Dei</strong></span> 
     </span>
    </p>
   </div>
   <div class='ocr_carea' id='block_1_58' title="bbox 922 1195 1714 1232">
    <p class='ocr_par' dir='ltr' id='par_1_58' title="bbox 922 1195 1714 1232">
     <span class='ocr_line' id='line_1_58' title="bbox 922 1195 1714 1232; baseline 0 -10"><span class='ocrx_word' id='word_1_408' title='bbox 922 1196 1030 1227; x_wconf 88' lang='lat' dir='ltr'><strong>matris,</strong></span> <span class='ocrx_word' id='word_1_409' title='bbox 1065 1195 1239 1230; x_wconf 87' lang='lat' dir='ltr'><strong>aliorumque</strong></span> <span class='ocrx_word' id='word_1_410' title='bbox 1270 1201 1430 1224; x_wconf 81' lang='lat' dir='ltr'><strong>sanctorum</strong></span> <span class='ocrx_word' id='word_1_411' title='bbox 1461 1196 1591 1232; x_wconf 79' lang='lat' dir='ltr'><strong>imagine,</strong></span> <span class='ocrx_word' id='word_1_412' title='bbox 1624 1196 1714 1223; x_wconf 87' lang='lat' dir='ltr'><strong>omnis</strong></span> 
     </span>
    </p>
   </div>
   <div class='ocr_carea' id='block_1_59' title="bbox 922 1241 1714 1277">
    <p class='ocr_par' dir='ltr' id='par_1_59' title="bbox 922 1241 1714 1277">
     <span class='ocr_line' id='line_1_59' title="bbox 922 1241 1714 1277; baseline 0 -9"><span class='ocrx_word' id='word_1_413' title='bbox 922 1241 1074 1274; x_wconf 82' lang='lat' dir='ltr'><strong>imaginum</strong></span> <span class='ocrx_word' id='word_1_414' title='bbox 1099 1241 1190 1269; x_wconf 87' lang='lat' dir='ltr'><strong>cultus</strong></span> <span class='ocrx_word' id='word_1_415' title='bbox 1216 1249 1304 1274; x_wconf 89' lang='lat' dir='ltr'><strong>sacer,</strong></span> <span class='ocrx_word' id='word_1_416' title='bbox 1329 1250 1376 1276; x_wconf 92' lang='lat' dir='ltr'><strong>per</strong></span> <span class='ocrx_word' id='word_1_417' title='bbox 1392 1249 1450 1275; x_wconf 86' lang='lat' dir='ltr'><strong>eos,</strong></span> <span class='ocrx_word' id='word_1_418' title='bbox 1466 1242 1513 1277; x_wconf 90' lang='lat' dir='ltr'><strong>qui</strong></span> <span class='ocrx_word' id='word_1_419' title='bbox 1540 1242 1568 1269; x_wconf 88' lang='lat' dir='ltr'><strong>in</strong></span> <span class='ocrx_word' id='word_1_420' title='bbox 1588 1241 1656 1276; x_wconf 86' lang='lat' dir='ltr'><strong>ipsis</strong></span> <span class='ocrx_word' id='word_1_421' title='bbox 1670 1249 1714 1268; x_wconf 92' lang='lat' dir='ltr'><strong>re-</strong></span> 
     </span>
    </p>
   </div>
   <div class='ocr_carea' id='block_1_60' title="bbox 922 1286 1715 1322">
    <p class='ocr_par' dir='ltr' id='par_1_60' title="bbox 922 1286 1715 1322">
     <span class='ocr_line' id='line_1_60' title="bbox 922 1286 1715 1322; baseline 0 -9"><span class='ocrx_word' id='word_1_422' title='bbox 922 1291 1133 1320; x_wconf 73' lang='lat' dir='ltr'><strong>praesenutntur,</strong></span> <span class='ocrx_word' id='word_1_423' title='bbox 1159 1287 1290 1322; x_wconf 79' lang='lat' dir='ltr'><strong>pertingit</strong></span> <span class='ocrx_word' id='word_1_424' title='bbox 1319 1287 1353 1315; x_wconf 91' lang='lat' dir='ltr'><strong>ad</strong></span> <span class='ocrx_word' id='word_1_425' title='bbox 1379 1287 1486 1315; x_wconf 89' lang='lat' dir='ltr'><strong>Deum:</strong></span> <span class='ocrx_word' id='word_1_426' title='bbox 1503 1292 1586 1322; x_wconf 89' lang='lat' dir='ltr'><strong>atque</strong></span> <span class='ocrx_word' id='word_1_427' title='bbox 1612 1286 1715 1314; x_wconf 88' lang='lat' dir='ltr'><strong>idcirco</strong></span> 
     </span>
    </p>
   </div>
   <div class='ocr_carea' id='block_1_61' title="bbox 922 1332 1715 1361">
    <p class='ocr_par' dir='ltr' id='par_1_61' title="bbox 922 1332 1715 1361">
     <span class='ocr_line' id='line_1_61' title="bbox 922 1332 1715 1361; baseline 0 -2"><span class='ocrx_word' id='word_1_428' title='bbox 922 1332 1009 1360; x_wconf 71' lang='lat' dir='ltr'><strong>Iatria:</strong></span> <span class='ocrx_word' id='word_1_429' title='bbox 1032 1333 1174 1360; x_wconf 87' lang='lat' dir='ltr'><strong>veneratio</strong></span> <span class='ocrx_word' id='word_1_430' title='bbox 1187 1334 1277 1360; x_wconf 86' lang='lat' dir='ltr'><strong>omnis</strong></span> <span class='ocrx_word' id='word_1_431' title='bbox 1291 1338 1320 1361; x_wconf 90' lang='lat' dir='ltr'><strong>et</strong></span> <span class='ocrx_word' id='word_1_432' title='bbox 1347 1334 1406 1361; x_wconf 84' lang='lat' dir='ltr'><strong>sola</strong></span> <span class='ocrx_word' id='word_1_433' title='bbox 1426 1338 1579 1361; x_wconf 80' lang='lat' dir='ltr'><strong>estsanctae</strong></span> <span class='ocrx_word' id='word_1_434' title='bbox 1595 1333 1715 1360; x_wconf 89' lang='lat' dir='ltr'><strong>consub-</strong></span> 
     </span>
    </p>
   </div>
   <div class='ocr_carea' id='block_1_62' title="bbox 923 1378 1714 1415">
    <p class='ocr_par' dir='ltr' id='par_1_62' title="bbox 923 1378 1714 1415">
     <span class='ocr_line' id='line_1_62' title="bbox 923 1378 1714 1415; baseline 0 -9"><span class='ocrx_word' id='word_1_435' title='bbox 923 1379 1113 1414; x_wconf 86' lang='lat' dir='ltr'><strong>stantialisque</strong></span> <span class='ocrx_word' id='word_1_436' title='bbox 1124 1378 1276 1412; x_wconf 90' lang='lat' dir='ltr'><strong>Trinitatis,</strong></span> <span class='ocrx_word' id='word_1_437' title='bbox 1292 1384 1403 1415; x_wconf 83' lang='lat' dir='ltr'><strong>propter</strong></span> <span class='ocrx_word' id='word_1_438' title='bbox 1418 1387 1501 1414; x_wconf 90' lang='lat' dir='ltr'><strong>quam</strong></span> <span class='ocrx_word' id='word_1_439' title='bbox 1515 1379 1578 1406; x_wconf 88' lang='lat' dir='ltr'><strong>aliis</strong></span> <span class='ocrx_word' id='word_1_440' title='bbox 1589 1379 1714 1406; x_wconf 80' lang='lat' dir='ltr'><strong>diversus</strong></span> 
     </span>
    </p>
   </div>
   <div class='ocr_carea' id='block_1_63' title="bbox 923 1422 1711 1459">
    <p class='ocr_par' dir='ltr' id='par_1_63' title="bbox 923 1422 1711 1459">
     <span class='ocr_line' id='line_1_63' title="bbox 923 1422 1711 1459; baseline -0.001 -8"><span class='ocrx_word' id='word_1_441' title='bbox 923 1425 1066 1451; x_wconf 85' lang='lat' dir='ltr'><strong>exhibetur</strong></span> <span class='ocrx_word' id='word_1_442' title='bbox 1079 1425 1179 1457; x_wconf 86' lang='lat' dir='ltr'><strong>cultus,</strong></span> <span class='ocrx_word' id='word_1_443' title='bbox 1195 1422 1222 1452; x_wconf 81' lang='lat' dir='ltr'><strong>et</strong></span> <span class='ocrx_word' id='word_1_444' title='bbox 1232 1425 1266 1451; x_wconf 91' lang='lat' dir='ltr'><strong>ad</strong></span> <span class='ocrx_word' id='word_1_445' title='bbox 1281 1432 1364 1459; x_wconf 89' lang='lat' dir='ltr'><strong>quam</strong></span> <span class='ocrx_word' id='word_1_446' title='bbox 1392 1425 1479 1452; x_wconf 93' lang='lat' dir='ltr'><strong>tendit</strong></span> <span class='ocrx_word' id='word_1_447' title='bbox 1492 1425 1545 1451; x_wconf 91' lang='lat' dir='ltr'><strong>alia</strong></span> <span class='ocrx_word' id='word_1_448' title='bbox 1577 1432 1711 1459; x_wconf 64' lang='lat' dir='ltr'><strong>quaecun-</strong></span> 
     </span>
    </p>
   </div>
   <div class='ocr_carea' id='block_1_64' title="bbox 922 1466 1716 1504">
    <p class='ocr_par' dir='ltr' id='par_1_64' title="bbox 922 1466 1716 1504">
     <span class='ocr_line' id='line_1_64' title="bbox 922 1466 1716 1504; baseline 0 -8"><span class='ocrx_word' id='word_1_449' title='bbox 922 1476 977 1503; x_wconf 90' lang='lat' dir='ltr'><strong>que</strong></span> <span class='ocrx_word' id='word_1_450' title='bbox 990 1469 1139 1496; x_wconf 84' lang='lat' dir='ltr'><strong>veneratio.</strong></span> <span class='ocrx_word' id='word_1_451' title='bbox 1167 1468 1245 1501; x_wconf 86' lang='lat' dir='ltr'><strong>Quod</strong></span> <span class='ocrx_word' id='word_1_452' title='bbox 1259 1469 1281 1496; x_wconf 88' lang='lat' dir='ltr'><strong>si</strong></span> <span class='ocrx_word' id='word_1_453' title='bbox 1298 1469 1364 1503; x_wconf 90' lang='lat' dir='ltr'><strong>quid</strong></span> <span class='ocrx_word' id='word_1_454' title='bbox 1381 1476 1429 1504; x_wconf 88' lang='lat' dir='ltr'><strong>per</strong></span> <span class='ocrx_word' id='word_1_455' title='bbox 1446 1466 1644 1504; x_wconf 76' lang='lat' dir='ltr'><strong>ignorationem</strong></span> <span class='ocrx_word' id='word_1_456' title='bbox 1659 1476 1716 1503; x_wconf 87' lang='lat' dir='ltr'><strong>per-</strong></span> 
     </span>
    </p>
   </div>
   <div class='ocr_carea' id='block_1_65' title="bbox 923 1514 1714 1550">
    <p class='ocr_par' dir='ltr' id='par_1_65' title="bbox 923 1514 1714 1550">
     <span class='ocr_line' id='line_1_65' title="bbox 923 1514 1714 1550; baseline 0.001 -9"><span class='ocrx_word' id='word_1_457' title='bbox 923 1522 1015 1550; x_wconf 88' lang='lat' dir='ltr'><strong>peram</strong></span> <span class='ocrx_word' id='word_1_458' title='bbox 1044 1515 1113 1547; x_wconf 81' lang='lat' dir='ltr'><strong>dixi,</strong></span> <span class='ocrx_word' id='word_1_459' title='bbox 1129 1515 1187 1542; x_wconf 90' lang='lat' dir='ltr'><strong>sive</strong></span> <span class='ocrx_word' id='word_1_460' title='bbox 1205 1514 1288 1547; x_wconf 80' lang='lat' dir='ltr'><strong>infra,</strong></span> <span class='ocrx_word' id='word_1_461' title='bbox 1308 1515 1365 1543; x_wconf 90' lang='lat' dir='ltr'><strong>sive</strong></span> <span class='ocrx_word' id='word_1_462' title='bbox 1375 1523 1459 1550; x_wconf 84' lang='lat' dir='ltr'><strong>supra</strong></span> <span class='ocrx_word' id='word_1_463' title='bbox 1475 1515 1500 1542; x_wconf 91' lang='lat' dir='ltr'><strong>id</strong></span> <span class='ocrx_word' id='word_1_464' title='bbox 1518 1515 1591 1550; x_wconf 86' lang='lat' dir='ltr'><strong>quod</strong></span> <span class='ocrx_word' id='word_1_465' title='bbox 1617 1515 1714 1548; x_wconf 83' lang='lat' dir='ltr'><strong>decet;</strong></span> 
     </span>
    </p>
   </div>
   <div class='ocr_carea' id='block_1_66' title="bbox 925 1560 1716 1595">
    <p class='ocr_par' dir='ltr' id='par_1_66' title="bbox 925 1560 1716 1595">
     <span class='ocr_line' id='line_1_66' title="bbox 925 1560 1716 1595; baseline 0 -8"><span class='ocrx_word' id='word_1_466' title='bbox 925 1567 953 1588; x_wconf 91' lang='lat' dir='ltr'><strong>tu</strong></span> <span class='ocrx_word' id='word_1_467' title='bbox 984 1566 1114 1595; x_wconf 86' lang='lat' dir='ltr'><strong>tanquam</strong></span> <span class='ocrx_word' id='word_1_468' title='bbox 1147 1562 1236 1588; x_wconf 87' lang='lat' dir='ltr'><strong>bonus</strong></span> <span class='ocrx_word' id='word_1_469' title='bbox 1248 1561 1327 1588; x_wconf 84' lang='lat' dir='ltr'><strong>Pater</strong></span> <span class='ocrx_word' id='word_1_470' title='bbox 1355 1561 1422 1588; x_wconf 91' lang='lat' dir='ltr'><strong>illud</strong></span> <span class='ocrx_word' id='word_1_471' title='bbox 1449 1562 1595 1588; x_wconf 88' lang='lat' dir='ltr'><strong>emendare</strong></span> <span class='ocrx_word' id='word_1_472' title='bbox 1617 1565 1645 1588; x_wconf 89' lang='lat' dir='ltr'><strong>et</strong></span> <span class='ocrx_word' id='word_1_473' title='bbox 1673 1560 1716 1587; x_wconf 78' lang='lat' dir='ltr'><strong>vel</strong></span> 
     </span>
    </p>
   </div>
   <div class='ocr_carea' id='block_1_67' title="bbox 886 1606 1717 1643">
    <p class='ocr_par' dir='ltr' id='par_1_67' title="bbox 886 1606 1717 1643">
     <span class='ocr_line' id='line_1_67' title="bbox 886 1606 1717 1643; baseline -0.004 -9"><span class='ocrx_word' id='word_1_474' title='bbox 886 1613 908 1643; x_wconf 78' lang='grc' dir='ltr'>ο</span> <span class='ocrx_word' id='word_1_475' title='bbox 925 1607 1052 1641; x_wconf 88' lang='lat' dir='ltr'><strong>supplere</strong></span> <span class='ocrx_word' id='word_1_476' title='bbox 1068 1607 1110 1634; x_wconf 89' lang='lat' dir='ltr'><strong>vel</strong></span> <span class='ocrx_word' id='word_1_477' title='bbox 1136 1611 1279 1641; x_wconf 88' lang='lat' dir='ltr'><strong>amputare</strong></span> <span class='ocrx_word' id='word_1_478' title='bbox 1294 1614 1328 1634; x_wconf 92' lang='lat' dir='ltr'><strong>ne</strong></span> <span class='ocrx_word' id='word_1_479' title='bbox 1348 1607 1471 1643; x_wconf 75' lang='lat' dir='ltr'><strong>graveris</strong></span> <span class='ocrx_word' id='word_1_480' title='bbox 1489 1615 1495 1633; x_wconf 89' lang='lat'><strong>:</strong></span> <span class='ocrx_word' id='word_1_481' title='bbox 1512 1614 1560 1641; x_wconf 84' lang='lat' dir='ltr'><strong>pro</strong></span> <span class='ocrx_word' id='word_1_482' title='bbox 1584 1614 1644 1633; x_wconf 87' lang='lat' dir='ltr'><strong>mea</strong></span> <span class='ocrx_word' id='word_1_483' title='bbox 1667 1606 1717 1632; x_wconf 90' lang='lat' dir='ltr'><strong>hu-</strong></span> 
     </span>
    </p>
   </div>
   <div class='ocr_carea' id='block_1_68' title="bbox 928 1651 1716 1686">
    <p class='ocr_par' dir='ltr' id='par_1_68' title="bbox 928 1651 1716 1686">
     <span class='ocr_line' id='line_1_68' title="bbox 928 1651 1716 1686; baseline -0.003 -8"><span class='ocrx_word' id='word_1_484' title='bbox 928 1652 1043 1678; x_wconf 90' lang='lat' dir='ltr'><strong>militate</strong></span> <span class='ocrx_word' id='word_1_485' title='bbox 1056 1659 1139 1679; x_wconf 89' lang='lat' dir='ltr'><strong>orans</strong></span> <span class='ocrx_word' id='word_1_486' title='bbox 1165 1652 1247 1679; x_wconf 90' lang='lat' dir='ltr'><strong>etiam</strong></span> <span class='ocrx_word' id='word_1_487' title='bbox 1263 1656 1346 1686; x_wconf 88' lang='lat' dir='ltr'><strong>atque</strong></span> <span class='ocrx_word' id='word_1_488' title='bbox 1368 1651 1461 1684; x_wconf 88' lang='lat' dir='ltr'><strong>etiam,</strong></span> <span class='ocrx_word' id='word_1_489' title='bbox 1477 1656 1508 1678; x_wconf 90' lang='lat' dir='ltr'><strong>ut</strong></span> <span class='ocrx_word' id='word_1_490' title='bbox 1522 1655 1549 1677; x_wconf 90' lang='lat' dir='ltr'><strong>et</strong></span> <span class='ocrx_word' id='word_1_491' title='bbox 1562 1655 1635 1677; x_wconf 86' lang='lat' dir='ltr'><strong>recta</strong></span> <span class='ocrx_word' id='word_1_492' title='bbox 1651 1658 1716 1677; x_wconf 63' lang='lat' dir='ltr'><strong>sen&lt;</strong></span> 
     </span>
    </p>
   </div>
   <div class='ocr_carea' id='block_1_69' title="bbox 929 1696 1718 1731">
    <p class='ocr_par' dir='ltr' id='par_1_69' title="bbox 929 1696 1718 1731">
     <span class='ocr_line' id='line_1_69' title="bbox 929 1696 1718 1731; baseline -0.001 -8"><span class='ocrx_word' id='word_1_493' title='bbox 929 1696 1003 1729; x_wconf 89' lang='lat' dir='ltr'><strong>tiam,</strong></span> <span class='ocrx_word' id='word_1_494' title='bbox 1028 1701 1056 1724; x_wconf 90' lang='lat' dir='ltr'><strong>et</strong></span> <span class='ocrx_word' id='word_1_495' title='bbox 1070 1705 1162 1725; x_wconf 86' lang='lat' dir='ltr'><strong>sermo</strong></span> <span class='ocrx_word' id='word_1_496' title='bbox 1188 1697 1349 1730; x_wconf 70' lang='lat' dir='ltr'><strong>oﬁensionc,</strong></span> <span class='ocrx_word' id='word_1_497' title='bbox 1367 1700 1394 1724; x_wconf 88' lang='lat' dir='ltr'><strong>et</strong></span> <span class='ocrx_word' id='word_1_498' title='bbox 1411 1697 1483 1724; x_wconf 82' lang='lat' dir='ltr'><strong>facta</strong></span> <span class='ocrx_word' id='word_1_499' title='bbox 1505 1696 1718 1731; x_wconf 87' lang='lat' dir='ltr'><strong>reprehensione</strong></span> 
     </span>
    </p>
   </div>
   <div class='ocr_carea' id='block_1_70' title="bbox 927 1747 1049 1770">
    <p class='ocr_par' dir='ltr' id='par_1_70' title="bbox 927 1747 1049 1770">
     <span class='ocr_line' id='line_1_70' title="bbox 927 1747 1049 1770; baseline -0.008 0"><span class='ocrx_word' id='word_1_500' title='bbox 927 1747 1049 1770; x_wconf 85' lang='lat' dir='ltr'><strong>careant.</strong></span> 
     </span>
    </p>
   </div>
   <div class='ocr_carea' id='block_1_71' title="bbox 91 1845 1713 1865">
    <p class='ocr_par' dir='ltr' id='par_1_71' title="bbox 91 1845 1713 1865">
     <span class='ocr_line' id='line_1_71' title="bbox 91 1845 1713 1865; baseline -0.001 -3"><span class='ocrx_word' id='word_1_501' title='bbox 91 1845 1713 1865; x_wconf 35' lang='grc' dir='ltr'><strong>Μή</strong></span> 
     </span>
    </p>
   </div>
   <div class='ocr_carea' id='block_1_72' title="bbox 885 1955 1286 2021">
    <p class='ocr_par' dir='ltr' id='par_1_72' title="bbox 885 1955 1286 2021">
     <span class='ocr_line' id='line_1_72' title="bbox 885 1955 1286 2021; baseline 0.002 -3"><span class='ocrx_word' id='word_1_502' title='bbox 885 1955 1286 2021; x_wconf 88' lang='lat' dir='ltr'><strong>TIONES.</strong></span> 
     </span>
    </p>
   </div>
   <div class='ocr_carea' id='block_1_73' title="bbox 604 2172 1191 2204">
    <p class='ocr_par' dir='ltr' id='par_1_73' title="bbox 604 2172 1191 2204">
     <span class='ocr_line' id='line_1_73' title="bbox 604 2172 1191 2204; baseline 0.002 -2"><span class='ocrx_word' id='word_1_503' title='bbox 604 2172 772 2204; x_wconf 79' lang='lat' dir='ltr'><strong>JOANNIS</strong></span> <span class='ocrx_word' id='word_1_504' title='bbox 787 2172 981 2204; x_wconf 69' lang='lat' dir='ltr'><strong>LJEVINEII</strong></span> <span class='ocrx_word' id='word_1_505' title='bbox 998 2172 1191 2204; x_wconf 77' lang='lat' dir='ltr'><strong>CANONICI</strong></span> 
     </span>
    </p>
   </div>
   <div class='ocr_carea' id='block_1_74' title="bbox 746 2262 1088 2310">
    <p class='ocr_par' dir='ltr' id='par_1_74' title="bbox 746 2262 1088 2310">
     <span class='ocr_line' id='line_1_74' title="bbox 746 2262 1088 2310; baseline -0.006 -1"><span class='ocrx_word' id='word_1_506' title='bbox 746 2262 1088 2310; x_wconf 66' lang='lat' dir='ltr'><strong>PRIEFATIO.</strong></span> 
     </span>
    </p>
   </div>
   <div class='ocr_carea' id='block_1_75' title="bbox 123 2446 1721 2483">
    <p class='ocr_par' dir='ltr' id='par_1_75' title="bbox 123 2446 1721 2483">
     <span class='ocr_line' id='line_1_75' title="bbox 123 2446 1721 2483; baseline 0 -8"><span class='ocrx_word' id='word_1_507' title='bbox 123 2446 180 2475; x_wconf 82' lang='lat' dir='ltr'><strong>Non</strong></span> <span class='ocrx_word' id='word_1_508' title='bbox 196 2447 296 2483; x_wconf 90' lang='lat' dir='ltr'><strong>opinor</strong></span> <span class='ocrx_word' id='word_1_509' title='bbox 310 2452 469 2483; x_wconf 78' lang='lat' dir='ltr'><strong>exspectare</strong></span> <span class='ocrx_word' id='word_1_510' title='bbox 482 2452 518 2480; x_wconf 88' lang='lat' dir='ltr'><strong>te,</strong></span> <span class='ocrx_word' id='word_1_511' title='bbox 535 2448 622 2476; x_wconf 84' lang='lat' dir='ltr'><strong>amice</strong></span> <span class='ocrx_word' id='word_1_512' title='bbox 635 2448 730 2480; x_wconf 82' lang='lat' dir='ltr'><strong>lector,</strong></span> <span class='ocrx_word' id='word_1_513' title='bbox 741 2453 770 2476; x_wconf 90' lang='lat' dir='ltr'><strong>ut</strong></span> <span class='ocrx_word' id='word_1_514' title='bbox 791 2456 854 2476; x_wconf 91' lang='lat' dir='ltr'><strong>eum</strong></span> <span class='ocrx_word' id='word_1_515' title='bbox 871 2455 1010 2476; x_wconf 86' lang='lat' dir='ltr'><strong>auctorem</strong></span> <span class='ocrx_word' id='word_1_516' title='bbox 1026 2448 1168 2483; x_wconf 87' lang='lat' dir='ltr'><strong>splendide</strong></span> <span class='ocrx_word' id='word_1_517' title='bbox 1183 2456 1215 2475; x_wconf 94' lang='lat' dir='ltr'><strong>ac</strong></span> <span class='ocrx_word' id='word_1_518' title='bbox 1228 2448 1332 2483; x_wconf 80' lang='lat' dir='ltr'><strong>prolixe</strong></span> <span class='ocrx_word' id='word_1_519' title='bbox 1345 2449 1393 2476; x_wconf 85' lang='lat' dir='ltr'><strong>tibi</strong></span> <span class='ocrx_word' id='word_1_520' title='bbox 1404 2449 1605 2480; x_wconf 85' lang='lat' dir='ltr'><strong>commendem,</strong></span> <span class='ocrx_word' id='word_1_521' title='bbox 1615 2449 1661 2483; x_wconf 89' lang='lat' dir='ltr'><strong>qui</strong></span> <span class='ocrx_word' id='word_1_522' title='bbox 1679 2449 1721 2476; x_wconf 84' lang='lat' dir='ltr'><strong>vel</strong></span> 
     </span>
    </p>
   </div>
   <div class='ocr_carea' id='block_1_76' title="bbox 92 2490 1719 2528">
    <p class='ocr_par' dir='ltr' id='par_1_76' title="bbox 92 2490 1719 2528">
     <span class='ocr_line' id='line_1_76' title="bbox 92 2490 1719 2528; baseline 0 -10"><span class='ocrx_word' id='word_1_523' title='bbox 92 2490 132 2519; x_wconf 70' lang='lat' dir='ltr'><strong>his</strong></span> <span class='ocrx_word' id='word_1_524' title='bbox 147 2492 253 2519; x_wconf 87' lang='lat' dir='ltr'><strong>nostris</strong></span> <span class='ocrx_word' id='word_1_525' title='bbox 268 2491 466 2519; x_wconf 85' lang='lat' dir='ltr'><strong>Catechesibus</strong></span> <span class='ocrx_word' id='word_1_526' title='bbox 480 2493 616 2526; x_wconf 68' lang='lat' dir='ltr'><strong>legendis,</strong></span> <span class='ocrx_word' id='word_1_527' title='bbox 629 2497 659 2519; x_wconf 92' lang='lat' dir='ltr'><strong>ut</strong></span> <span class='ocrx_word' id='word_1_528' title='bbox 673 2493 741 2519; x_wconf 90' lang='lat' dir='ltr'><strong>nihil</strong></span> <span class='ocrx_word' id='word_1_529' title='bbox 754 2493 827 2520; x_wconf 87' lang='lat' dir='ltr'><strong>aliud</strong></span> <span class='ocrx_word' id='word_1_530' title='bbox 844 2500 1069 2523; x_wconf 83' lang='lat' dir='ltr'><strong>commemorem,</strong></span> <span class='ocrx_word' id='word_1_531' title='bbox 1095 2492 1175 2519; x_wconf 81' lang='lat' dir='ltr'><strong>facile</strong></span> <span class='ocrx_word' id='word_1_532' title='bbox 1196 2500 1226 2519; x_wconf 82' lang='lat' dir='ltr'><strong>se</strong></span> <span class='ocrx_word' id='word_1_533' title='bbox 1247 2493 1319 2519; x_wconf 84' lang='lat' dir='ltr'><strong>velut</strong></span> <span class='ocrx_word' id='word_1_534' title='bbox 1332 2500 1411 2520; x_wconf 82' lang='lat' dir='ltr'><strong>sorex</strong></span> <span class='ocrx_word' id='word_1_535' title='bbox 1428 2501 1479 2520; x_wconf 90' lang='lat' dir='ltr'><strong>suo</strong></span> <span class='ocrx_word' id='word_1_536' title='bbox 1491 2493 1595 2528; x_wconf 89' lang='lat' dir='ltr'><strong>judicio</strong></span> <span class='ocrx_word' id='word_1_537' title='bbox 1614 2494 1719 2527; x_wconf 82' lang='lat' dir='ltr'><strong>prodet,</strong></span> 
     </span>
    </p>
   </div>
   <div class='ocr_carea' id='block_1_77' title="bbox 93 2535 1722 2572">
    <p class='ocr_par' dir='ltr' id='par_1_77' title="bbox 93 2535 1722 2572">
     <span class='ocr_line' id='line_1_77' title="bbox 93 2535 1722 2572; baseline 0.001 -11"><span class='ocrx_word' id='word_1_538' title='bbox 93 2536 294 2563; x_wconf 81' lang='lat' dir='ltr'><strong>adoramlarum</strong></span> <span class='ocrx_word' id='word_1_539' title='bbox 310 2542 452 2564; x_wconf 85' lang='lat' dir='ltr'><strong>sacrarum</strong></span> <span class='ocrx_word' id='word_1_540' title='bbox 464 2536 615 2572; x_wconf 75' lang='lat' dir='ltr'><strong>imaginum</strong></span> <span class='ocrx_word' id='word_1_541' title='bbox 626 2536 760 2563; x_wconf 85' lang='lat' dir='ltr'><strong>vindicem</strong></span> <span class='ocrx_word' id='word_1_542' title='bbox 777 2537 941 2564; x_wconf 87' lang='lat' dir='ltr'><strong>acerrimum</strong></span> <span class='ocrx_word' id='word_1_543' title='bbox 956 2536 995 2571; x_wconf 86' lang='lat' dir='ltr'><strong>(ut</strong></span> <span class='ocrx_word' id='word_1_544' title='bbox 1016 2544 1031 2563; x_wconf 91' lang='lat' dir='ltr'><strong>e</strong></span> <span class='ocrx_word' id='word_1_545' title='bbox 1051 2543 1177 2563; x_wconf 90' lang='lat' dir='ltr'><strong>sermone</strong></span> <span class='ocrx_word' id='word_1_546' title='bbox 1193 2535 1227 2562; x_wconf 66' lang='lat'><strong>15</strong></span> <span class='ocrx_word' id='word_1_547' title='bbox 1254 2536 1327 2563; x_wconf 81' lang='lat' dir='ltr'><strong>clare</strong></span> <span class='ocrx_word' id='word_1_548' title='bbox 1343 2537 1509 2571; x_wconf 77' lang='lat' dir='ltr'><strong>apparebit),</strong></span> <span class='ocrx_word' id='word_1_549' title='bbox 1526 2537 1722 2570; x_wconf 75' lang='lat' dir='ltr'><strong>dignitatisque</strong></span> 
     </span>
    </p>
   </div>
   <div class='ocr_carea' id='block_1_78' title="bbox 93 2579 1719 2613">
    <p class='ocr_par' dir='ltr' id='par_1_78' title="bbox 93 2579 1719 2613">
     <span class='ocr_line' id='line_1_78' title="bbox 93 2579 1719 2613; baseline 0.001 -8"><span class='ocrx_word' id='word_1_550' title='bbox 93 2580 287 2607; x_wconf 61' lang='lat' dir='ltr'><strong>ecclesiastica:</strong></span> <span class='ocrx_word' id='word_1_551' title='bbox 299 2579 387 2613; x_wconf 86' lang='lat' dir='ltr'><strong>juxta,</strong></span> <span class='ocrx_word' id='word_1_552' title='bbox 405 2584 433 2606; x_wconf 86' lang='lat' dir='ltr'><strong>et</strong></span> <span class='ocrx_word' id='word_1_553' title='bbox 447 2580 605 2607; x_wconf 67' lang='lat' dir='ltr'><strong>monasticae</strong></span> <span class='ocrx_word' id='word_1_554' title='bbox 620 2581 730 2608; x_wconf 89' lang='lat' dir='ltr'><strong>unicum</strong></span> <span class='ocrx_word' id='word_1_555' title='bbox 743 2580 927 2612; x_wconf 82' lang='lat' dir='ltr'><strong>defensorem,</strong></span> <span class='ocrx_word' id='word_1_556' title='bbox 947 2587 1065 2612; x_wconf 88' lang='lat' dir='ltr'><strong>mormn,</strong></span> <span class='ocrx_word' id='word_1_557' title='bbox 1082 2579 1201 2606; x_wconf 85' lang='lat' dir='ltr'><strong>maxime</strong></span> <span class='ocrx_word' id='word_1_558' title='bbox 1217 2579 1288 2607; x_wconf 85' lang='lat' dir='ltr'><strong>inter</strong></span> <span class='ocrx_word' id='word_1_559' title='bbox 1303 2588 1368 2606; x_wconf 87' lang='lat' dir='ltr'><strong>suos</strong></span> <span class='ocrx_word' id='word_1_560' title='bbox 1378 2601 1384 2612; x_wconf 85' lang='lat'><strong>,</strong></span> <span class='ocrx_word' id='word_1_561' title='bbox 1398 2580 1605 2607; x_wconf 79' lang='lat' dir='ltr'><strong>severissimum</strong></span> <span class='ocrx_word' id='word_1_562' title='bbox 1621 2587 1719 2606; x_wconf 80' lang='lat' dir='ltr'><strong>censo-</strong></span> 
     </span>
    </p>
   </div>
   <div class='ocr_carea' id='block_1_79' title="bbox 94 2622 1719 2657">
    <p class='ocr_par' dir='ltr' id='par_1_79' title="bbox 94 2622 1719 2657">
     <span class='ocr_line' id='line_1_79' title="bbox 94 2622 1719 2657; baseline 0.001 -9"><span class='ocrx_word' id='word_1_563' title='bbox 94 2629 157 2654; x_wconf 79' lang='lat' dir='ltr'><strong>rem,</strong></span> <span class='ocrx_word' id='word_1_564' title='bbox 172 2623 280 2654; x_wconf 88' lang='lat' dir='ltr'><strong>mortis,</strong></span> <span class='ocrx_word' id='word_1_565' title='bbox 298 2630 330 2649; x_wconf 90' lang='lat' dir='ltr'><strong>ac</strong></span> <span class='ocrx_word' id='word_1_566' title='bbox 341 2622 562 2650; x_wconf 89' lang='lat' dir='ltr'><strong>Christianorum</strong></span> <span class='ocrx_word' id='word_1_567' title='bbox 578 2623 769 2650; x_wconf 90' lang='lat' dir='ltr'><strong>discriminum</strong></span> <span class='ocrx_word' id='word_1_568' title='bbox 786 2627 1002 2657; x_wconf 87' lang='lat' dir='ltr'><strong>contemptorem</strong></span> <span class='ocrx_word' id='word_1_569' title='bbox 1023 2623 1217 2655; x_wconf 79' lang='lat' dir='ltr'><strong>fortissimum,</strong></span> <span class='ocrx_word' id='word_1_570' title='bbox 1235 2627 1265 2649; x_wconf 88' lang='lat' dir='ltr'><strong>ut</strong></span> <span class='ocrx_word' id='word_1_571' title='bbox 1283 2622 1397 2650; x_wconf 83' lang='lat' dir='ltr'><strong>Michael</strong></span> <span class='ocrx_word' id='word_1_572' title='bbox 1411 2624 1533 2657; x_wconf 86' lang='lat' dir='ltr'><strong>quidam.</strong></span> <span class='ocrx_word' id='word_1_573' title='bbox 1554 2623 1719 2653; x_wconf 85' lang='lat' dir='ltr'><strong>monachus,</strong></span> 
     </span>
    </p>
   </div>
   <div class='ocr_carea' id='block_1_80' title="bbox 94 2665 1722 2702">
    <p class='ocr_par' dir='ltr' id='par_1_80' title="bbox 94 2665 1722 2702">
     <span class='ocr_line' id='line_1_80' title="bbox 94 2665 1722 2702; baseline 0.001 -11"><span class='ocrx_word' id='word_1_574' title='bbox 94 2666 168 2699; x_wconf 81' lang='lat' dir='ltr'><strong>cujus</strong></span> <span class='ocrx_word' id='word_1_575' title='bbox 183 2670 273 2693; x_wconf 73' lang='lat' dir='ltr'><strong>exstat</strong></span> <span class='ocrx_word' id='word_1_576' title='bbox 287 2666 313 2692; x_wconf 90' lang='lat' dir='ltr'><strong>in</strong></span> <span class='ocrx_word' id='word_1_577' title='bbox 328 2666 459 2693; x_wconf 82' lang='lat' dir='ltr'><strong>Vaticano</strong></span> <span class='ocrx_word' id='word_1_578' title='bbox 479 2666 616 2701; x_wconf 83' lang='lat' dir='ltr'><strong>copiosior</strong></span> <span class='ocrx_word' id='word_1_579' title='bbox 629 2675 711 2702; x_wconf 90' lang='lat' dir='ltr'><strong>quam</strong></span> <span class='ocrx_word' id='word_1_580' title='bbox 726 2667 858 2694; x_wconf 85' lang='lat' dir='ltr'><strong>eruditior</strong></span> <span class='ocrx_word' id='word_1_581' title='bbox 870 2666 908 2693; x_wconf 85' lang='lat' dir='ltr'><strong>De</strong></span> <span class='ocrx_word' id='word_1_582' title='bbox 923 2667 977 2694; x_wconf 83' lang='lat' dir='ltr'><strong>vim</strong></span> <span class='ocrx_word' id='word_1_583' title='bbox 998 2667 1127 2694; x_wconf 82' lang='lat' dir='ltr'><strong>Theodori</strong></span> <span class='ocrx_word' id='word_1_584' title='bbox 1143 2667 1209 2694; x_wconf 89' lang='lat' dir='ltr'><strong>liber</strong></span> <span class='ocrx_word' id='word_1_585' title='bbox 1243 2667 1336 2701; x_wconf 90' lang='lat' dir='ltr'><strong>(quem</strong></span> <span class='ocrx_word' id='word_1_586' title='bbox 1353 2674 1404 2693; x_wconf 87' lang='lat' dir='ltr'><strong>nos</strong></span> <span class='ocrx_word' id='word_1_587' title='bbox 1422 2665 1548 2701; x_wconf 77' lang='lat' dir='ltr'><strong>legimus)</strong></span> <span class='ocrx_word' id='word_1_588' title='bbox 1574 2671 1665 2693; x_wconf 81' lang='lat' dir='ltr'><strong>narret</strong></span> <span class='ocrx_word' id='word_1_589' title='bbox 1682 2671 1722 2693; x_wconf 73' lang='grc' dir='ltr'>ιρι·</span> 
     </span>
    </p>
   </div>
   <div class='ocr_carea' id='block_1_81' title="bbox 97 2709 1721 2746">
    <p class='ocr_par' dir='ltr' id='par_1_81' title="bbox 97 2709 1721 2746">
     <span class='ocr_line' id='line_1_81' title="bbox 97 2709 1721 2746; baseline -0.001 -10"><span class='ocrx_word' id='word_1_590' title='bbox 97 2711 277 2744; x_wconf 64' lang='lat' dir='ltr'><strong>proscriptum</strong></span> <span class='ocrx_word' id='word_1_591' title='bbox 311 2718 343 2737; x_wconf 87' lang='lat' dir='ltr'><strong>ac</strong></span> <span class='ocrx_word' id='word_1_592' title='bbox 364 2711 482 2745; x_wconf 81' lang='lat' dir='ltr'><strong>legatum</strong></span> <span class='ocrx_word' id='word_1_593' title='bbox 498 2711 525 2738; x_wconf 83' lang='lat' dir='ltr'><strong>in</strong></span> <span class='ocrx_word' id='word_1_594' title='bbox 539 2711 654 2744; x_wconf 87' lang='lat' dir='ltr'><strong>insulas,</strong></span> <span class='ocrx_word' id='word_1_595' title='bbox 668 2712 865 2739; x_wconf 87' lang='lat' dir='ltr'><strong>crudelissimis</strong></span> <span class='ocrx_word' id='word_1_596' title='bbox 884 2711 1112 2746; x_wconf 83' lang='lat' dir='ltr'><strong>imperatoribus,</strong></span> <span class='ocrx_word' id='word_1_597' title='bbox 1133 2711 1179 2745; x_wconf 87' lang='lat' dir='ltr'><strong>qui</strong></span> <span class='ocrx_word' id='word_1_598' title='bbox 1198 2710 1409 2737; x_wconf 80' lang='lat' dir='ltr'><strong>Constantinum</strong></span> <span class='ocrx_word' id='word_1_599' title='bbox 1425 2710 1627 2744; x_wconf 83' lang='lat' dir='ltr'><strong>Copronymum</strong></span> <span class='ocrx_word' id='word_1_600' title='bbox 1650 2709 1721 2741; x_wconf 82' lang='lat' dir='ltr'><strong>(sub</strong></span> 
     </span>
    </p>
   </div>
   <div class='ocr_carea' id='block_1_82' title="bbox 97 2752 1720 2790">
    <p class='ocr_par' dir='ltr' id='par_1_82' title="bbox 97 2752 1720 2790">
     <span class='ocr_line' id='line_1_82' title="bbox 97 2752 1720 2790; baseline 0 -11"><span class='ocrx_word' id='word_1_601' title='bbox 97 2762 146 2787; x_wconf 82' lang='lat' dir='ltr'><strong>quo</strong></span> <span class='ocrx_word' id='word_1_602' title='bbox 163 2760 243 2782; x_wconf 88' lang='lat' dir='ltr'><strong>natus</strong></span> <span class='ocrx_word' id='word_1_603' title='bbox 257 2759 300 2782; x_wconf 90' lang='lat' dir='ltr'><strong>cst</strong></span> <span class='ocrx_word' id='word_1_604' title='bbox 315 2755 564 2790; x_wconf 77' lang='lat' dir='ltr'><strong>Constantinopoli,</strong></span> <span class='ocrx_word' id='word_1_605' title='bbox 581 2755 661 2782; x_wconf 83' lang='lat' dir='ltr'><strong>Patre</strong></span> <span class='ocrx_word' id='word_1_606' title='bbox 678 2755 805 2787; x_wconf 85' lang='lat' dir='ltr'><strong>Photino,</strong></span> <span class='ocrx_word' id='word_1_607' title='bbox 822 2755 960 2790; x_wconf 78' lang='lat' dir='ltr'><strong>regiorum</strong></span> <span class='ocrx_word' id='word_1_608' title='bbox 975 2755 1148 2789; x_wconf 74' lang='lat' dir='ltr'><strong>vectigalium</strong></span> <span class='ocrx_word' id='word_1_609' title='bbox 1162 2758 1311 2789; x_wconf 64' lang='lat' dir='ltr'><strong>quaestore,</strong></span> <span class='ocrx_word' id='word_1_610' title='bbox 1326 2757 1412 2780; x_wconf 86' lang='lat' dir='ltr'><strong>matre</strong></span> <span class='ocrx_word' id='word_1_611' title='bbox 1429 2753 1595 2785; x_wconf 78' lang='lat' dir='ltr'><strong>Theoctisto,</strong></span> <span class='ocrx_word' id='word_1_612' title='bbox 1610 2752 1639 2779; x_wconf 83' lang='grc' dir='ltr'>ι).</span> <span class='ocrx_word' id='word_1_613' title='bbox 1657 2752 1720 2779; x_wconf 84' lang='lat' dir='ltr'><strong>Pla-</strong></span> 
     </span>
    </p>
   </div>
   <div class='ocr_carea' id='block_1_83' title="bbox 99 2798 1720 2836">
    <p class='ocr_par' dir='ltr' id='par_1_83' title="bbox 99 2798 1720 2836">
     <span class='ocr_line' id='line_1_83' title="bbox 99 2798 1720 2836; baseline -0.001 -11"><span class='ocrx_word' id='word_1_614' title='bbox 99 2801 164 2828; x_wconf 84' lang='lat' dir='ltr'><strong>tonis</strong></span> <span class='ocrx_word' id='word_1_615' title='bbox 178 2801 259 2828; x_wconf 88' lang='lat' dir='ltr'><strong>toties</strong></span> <span class='ocrx_word' id='word_1_616' title='bbox 272 2801 324 2827; x_wconf 90' lang='lat' dir='ltr'><strong>hoc</strong></span> <span class='ocrx_word' id='word_1_617' title='bbox 341 2800 369 2826; x_wconf 90' lang='lat' dir='ltr'><strong>in</strong></span> <span class='ocrx_word' id='word_1_618' title='bbox 382 2808 463 2834; x_wconf 87' lang='lat' dir='ltr'><strong>opere</strong></span> <span class='ocrx_word' id='word_1_619' title='bbox 479 2801 592 2833; x_wconf 85' lang='lat' dir='ltr'><strong>laudati,</strong></span> <span class='ocrx_word' id='word_1_620' title='bbox 614 2801 720 2836; x_wconf 84' lang='lat' dir='ltr'><strong>sorore)</strong></span> <span class='ocrx_word' id='word_1_621' title='bbox 731 2801 906 2829; x_wconf 83' lang='lat' dir='ltr'><strong>lconomachi</strong></span> <span class='ocrx_word' id='word_1_622' title='bbox 919 2801 1074 2834; x_wconf 86' lang='lat' dir='ltr'><strong>complures</strong></span> <span class='ocrx_word' id='word_1_623' title='bbox 1084 2805 1149 2828; x_wconf 91' lang='lat' dir='ltr'><strong>sunt</strong></span> <span class='ocrx_word' id='word_1_624' title='bbox 1162 2799 1259 2832; x_wconf 87' lang='lat' dir='ltr'><strong>secuti,</strong></span> <span class='ocrx_word' id='word_1_625' title='bbox 1274 2798 1446 2826; x_wconf 83' lang='lat' dir='ltr'><strong>atrocissime</strong></span> <span class='ocrx_word' id='word_1_626' title='bbox 1474 2798 1720 2833; x_wconf 75' lang='lat' dir='ltr'><strong>nccinfrcqucntrr</strong></span> 
     </span>
    </p>
   </div>
   <div class='ocr_carea' id='block_1_84' title="bbox 100 2842 1723 2880">
    <p class='ocr_par' dir='ltr' id='par_1_84' title="bbox 100 2842 1723 2880">
     <span class='ocr_line' id='line_1_84' title="bbox 100 2842 1723 2880; baseline -0.001 -10"><span class='ocrx_word' id='word_1_627' title='bbox 100 2842 159 2871; x_wconf 74' lang='lat' dir='ltr'><strong>luris</strong></span> <span class='ocrx_word' id='word_1_628' title='bbox 175 2844 331 2880; x_wconf 84' lang='lat' dir='ltr'><strong>vapulasse.</strong></span> <span class='ocrx_word' id='word_1_629' title='bbox 348 2843 444 2871; x_wconf 82' lang='lat' dir='ltr'><strong>Exstat</strong></span> <span class='ocrx_word' id='word_1_630' title='bbox 456 2852 520 2872; x_wconf 86' lang='lat' dir='ltr'><strong>vero</strong></span> <span class='ocrx_word' id='word_1_631' title='bbox 541 2845 567 2872; x_wconf 92' lang='lat' dir='ltr'><strong>in</strong></span> <span class='ocrx_word' id='word_1_632' title='bbox 584 2845 677 2873; x_wconf 79' lang='lat' dir='ltr'><strong>codice</strong></span> <span class='ocrx_word' id='word_1_633' title='bbox 697 2851 791 2873; x_wconf 88' lang='lat' dir='ltr'><strong>nostro</strong></span> <span class='ocrx_word' id='word_1_634' title='bbox 809 2851 931 2873; x_wconf 78' lang='lat' dir='ltr'><strong>extremo</strong></span> <span class='ocrx_word' id='word_1_635' title='bbox 943 2845 1122 2880; x_wconf 64' lang='lat' dir='ltr'><strong>epigramma,</strong></span> <span class='ocrx_word' id='word_1_636' title='bbox 1142 2849 1171 2871; x_wconf 85' lang='lat' dir='ltr'><strong>ut</strong></span> <span class='ocrx_word' id='word_1_637' title='bbox 1187 2843 1347 2879; x_wconf 79' lang='lat' dir='ltr'><strong>appellatur,</strong></span> <span class='ocrx_word' id='word_1_638' title='bbox 1362 2850 1417 2876; x_wconf 90' lang='lat' dir='ltr'><strong>quo</strong></span> <span class='ocrx_word' id='word_1_639' title='bbox 1429 2842 1581 2871; x_wconf 63' lang='lat' dir='ltr'><strong>decessisse</strong></span> <span class='ocrx_word' id='word_1_640' title='bbox 1603 2842 1723 2870; x_wconf 80' lang='lat' dir='ltr'><strong>traditur</strong></span> 
     </span>
    </p>
   </div>
  </div>
