1916 3075
212 131 263 162 507
809 130 841 159 S.
862 130 911 159 ΤΗ
917 129 963 159 ΕΟ

1089 130 1248 160 iTUDlT/E
1380 150 1390 155 μ
1793 130 1845 161 508

207 188 298 216 exsilii
313 188 354 214 sui
374 187 445 214 tertii
461 187 496 214 ob
511 186 638 214 veritatis
651 186 815 214 Christiana:
835 186 1035 221 professionem
1055 193 1127 213 anno
1143 187 1176 213 l2
1190 187 1217 214 in
1233 186 1337 214 insula'
1349 187 1436 214 sancti
1461 187 1589 222 martyris
1603 187 1770 222 Tryphonis,
1790 197 1844 215 non

209 232 303 267 procul
321 231 463 265 Emporio,
479 230 552 265 quod
571 229 663 257 Acrila
676 234 800 261 vocetur,
821 229 970 265 Bithynica:
985 229 1141 264 provinciae.
1154 230 1283 258 Calendis
1298 230 1472 264 Novembris,
1487 231 1533 265 qui
1548 232 1651 259 mensis
1674 236 1716 259 est
1732 232 1847 260 undeci—

209 283 282 308 mus,
301 275 368 302 ltora
384 274 412 306 6,
430 273 578 300 indictione
595 273 623 307 5,
639 281 712 300 anno
728 273 762 300 ab
775 274 841 300 orbe
853 273 964 300 condito
977 273 1065 300 sexies
1080 274 1226 301 millesimo
1243 275 1437 302 trecentesimo
1459 275 1599 302 tricesimo
1613 275 1720 309 quinto,
1753 275 1845 304 Verba

211 319 318 350 Graeca,
335 318 437 353 quibus
452 318 509 345 lucc
521 317 707 348 continentur,
729 317 798 344 nihil
812 324 881 351 opus
896 320 938 344 est
953 319 1157 351 repraesentari,
1174 327 1208 346 ne
1225 319 1327 347 frustra
1339 319 1426 347 simus
1441 320 1586 355 accurati.|
1598 320 1679 347 Addit
1691 328 1780 348 annos
1792 329 1845 349 na-

210 369 268 392 tmn
284 364 320 391 22
332 364 359 390 in
379 363 561 391 monasticam
572 363 655 390 vitam
671 363 780 390 dedisse
795 370 907 395 nomen,
921 362 1061 390 subditum
1080 363 1199 398 gessisse
1214 363 1257 396 l3,
1276 363 1420 398 praefuisse
1439 364 1484 396 52,
1499 369 1528 392 ut
1545 365 1646 393 obierit
1662 373 1744 400 porro
1754 367 1844 393 aetatis

210 416 268 436 suae
285 415 358 435 attno
376 408 420 435 67.
438 407 608 441 Quaerendus
623 411 665 434 est
682 411 772 434 autem
786 406 913 434 Micliaeli
924 407 1062 434 monacho
1076 412 1221 442 patronus,
1235 408 1366 435 scribenti
1382 416 1397 435 a
1408 407 1539 436 Michaele
1552 409 1727 444 imperatore,
1742 410 1844 438 Leonis

212 452 338 484 Thracis,
353 451 400 486 qui
418 451 578 478 Michaclem
595 455 775 485 cognomento
791 450 948 484 Rangabem
966 450 1082 484 imperio
1097 451 1219 477 exsulem
1237 452 1263 478 in
1275 451 1377 478 Proteu
1394 451 1512 479 insulam
1528 452 1655 485 detrusit,
1671 461 1840 484 successore,

212 500 356 523 revocatos
381 495 415 522 ab
430 495 527 522 exsilio
542 499 657 522 cunctos
668 501 682 520 a
697 493 785 521 Leone
800 494 968 528 proscriptos
986 503 992 521 :
1011 500 1074 520 nam
1095 493 1210 521 Michael
1224 495 1274 522 iste
1287 495 1410 528 Amorio,
1432 496 1581 530 superioris
1598 496 1722 531 Phrygiae
1733 497 1844 524 civitate

212 544 291 567 ortus
306 539 442 575 (τραυλὸν
458 538 556 571 Graeci,
574 546 624 565 nos
640 538 760 570 balbum,
778 538 891 564 verbum
911 539 993 565 verbo
1009 541 1156 569 mutantes,
1168 538 1341 566 nominemus
1354 539 1438 573 licet),
1454 539 1658 574 Copronymum
1674 541 1699 566 in
1715 542 1844 568 omnibus

213 584 349 615 imitatus,
367 590 481 617 nequea
498 581 601 609 Judaais
621 582 737 613 alienus,
754 588 871 615 quorum
887 581 1006 608 Sabbata
1024 587 1213 614 veneraretur,
1233 582 1304 609 inter
1321 588 1433 610 czcteros
1447 603 1455 614 ,
1478 591 1525 617 per
1549 582 1728 618 Theophilum
1744 584 1842 618 filiuni,

214 627 402 663 Eutltyntium.
420 626 548 654 Sardium
571 626 731 657 antistitem,
745 625 835 659 ﬂagris
851 626 951 652 acriter
961 627 1118 659 multatum,
1138 627 1173 653 ob
1188 634 1330 654 sacrarum
1351 627 1500 661 imaginum
1518 628 1619 654 cttltunt
1638 629 1782 662 interfecit,
1798 631 1842 656 di-

213 679 334 706 vumque
349 671 515 698 lllethodium
533 671 559 697 in
575 670 693 697 vinculis
709 669 805 696 habuit
825 669 851 695 in
867 669 961 695 Acrita
979 669 1079 697 insula.
1096 673 1241 697 Auctorem
1258 671 1340 698 laudo
1357 691 1364 703 ,
1392 670 1525 698 Joannem
1549 671 1702 705 Zonaram,
1731 678 1758 700 et
1783 675 1844 708 ejus

213 717 323 744 simium
340 716 458 742 alterunt
475 714 607 742 Joannem
623 714 826 748 Curopalatcm,
845 720 876 740 ac
896 721 1022 748 magnum
1049 713 1130 749 Biglae
1142 713 1189 739 τοῦ
1206 713 1340 750 Σκυλιτξη
1359 714 1552 749 Drungarinm,
1567 716 1614 750 qui
1627 721 1714 743 exstat
1727 718 1753 743 in
1771 717 1843 744 Vati-

214 767 294 788 cano.
312 758 371 786 Jatn
387 763 482 786 auctor
498 758 568 792 ipse,
587 758 657 792 qqu
679 757 843 792 palmarium
861 756 1007 789 habemus,
1023 758 1163 785 Catechesi
1185 758 1218 784 ’Μ
1234 758 1260 785 in
1275 759 1358 793 impio
1373 759 1517 791 Michaele,
1534 760 1580 794 qui
1602 761 1697 795 procul
1714 762 1799 789 dubio
1820 763 1844 790 is

213 808 255 832 est
270 804 303 832 de
316 811 372 838 quo
385 803 523 838 loquimur
540 810 602 829 cum
619 801 755 828 nefarium
771 801 978 828 matrimonium
995 801 1116 834 incessit,
1136 806 1191 828 tum
1208 802 1286 828 lident
1303 802 1397 836 objicit
1416 807 1584 837 corruptam.
1603 804 1697 839 Igitur,
1715 809 1743 832 ut
1758 807 1844 833 semel

214 853 344 881 statuam,
362 853 402 876 ter
422 849 549 876 exsulare
559 847 667 882 jussus,
684 847 758 882 quod
771 855 822 874 nec
837 846 953 874 Michael
968 846 1107 876 dimtctur,
1133 846 1251 879 primum
1268 846 1320 873 sub
1338 846 1521 874 Constantino
1534 847 1653 881 juttiore,
1681 849 1774 876 lrencs
1788 851 1842 876 im~

214 892 356 928 peratricis
377 892 432 919 [ilio
448 891 527 926 cujus
542 891 707 918 adulterium
722 898 776 918 non
796 891 947 925 probasset,
965 890 1064 916 deinde
1080 890 1130 916 sub
1146 888 1310 924 Nicepltoro,
1328 891 1407 917 tertio
1426 891 1477 917 sub
1500 890 1591 917 Leone
1607 891 1713 920 Thrace
1724 913 1731 923 ,
1750 893 1776 919 in
1791 894 1845 920 hoc

214 936 296 963 tertio
311 944 362 964 suo
374 936 471 963 exsilio
489 936 571 962 vitam
589 943 651 962 cum
668 940 757 961 ntorte
779 934 1005 964 commulaverit,
1032 940 1093 967 qua:
1111 933 1246 960 sententia
1264 933 1393 960 convenit
1407 942 1469 960 cum
1493 934 1700 969 epigrammate,
1724 938 1798 970 quod
1815 938 1843 964 in

214 980 318 1007 codicis
336 979 422 1007 nostri
438 979 512 1006 calce
528 983 637 1005 exstare
652 978 783 1004 diximus.
799 977 894 1011 Neque
909 984 973 1003 vero
986 985 1046 1003 sum
1061 977 1172 1003 nescius
1188 976 1320 1004 Joannem
1335 977 1440 1004 Zonara
1460 978 1625 1012 iniquiorem
1644 979 1729 1006 videri
1753 979 1844 1008 Theo-

213 1024 281 1052 doro
296 1028 400 1055 nostro,
419 1027 446 1050 et
460 1024 521 1057 ejus
536 1021 672 1048 avunculo
683 1020 800 1053 Platoni,
817 1028 880 1048 cum
893 1020 1021 1055 pontiﬁce
1032 1020 1185 1055 Niccphoro
1200 1025 1291 1048 creato
1307 1020 1433 1055 (Tarasio
1445 1022 1467 1050 is
1484 1024 1678 1059 successerat),
1692 1024 1846 1052 tumultua-

213 1067 318 1095 bundos
334 1067 417 1094 refert
434 1074 580 1094 accusasse
593 1066 620 1092 in
635 1073 667 1093 eo
686 1065 758 1100 quod
771 1073 785 1092 e
802 1065 879 1092 laicis
914 1070 1023 1099 repente
1049 1065 1083 1092 ad
1108 1065 1265 1099 episcopum
1286 1066 1420 1093 evasisset
1433 1085 1440 1097 ,
1464 1066 1602 1101 plerisque
1619 1068 1774 1096 dicentibus
1791 1068 1844 1096 hoc

213 1120 278 1140 usos
292 1115 423 1147 praetextu
440 1110 618 1138 dissimulare
632 1110 809 1136 ambitionem
822 1109 951 1142 voluisse,
969 1115 1032 1135 cum
1047 1109 1215 1142 pontilicatui
1231 1109 1536 1144 Constantinopolitano
1552 1111 1698 1139 inhiarent.
1714 1112 1765 1139 Sed
1779 1120 1847 1147 pro-

214 1157 284 1184 fecto
296 1155 339 1183 vel
353 1155 511 1186 admodum,
526 1153 670 1181 dissimilis
684 1153 736 1180 sibi
753 1152 837 1180 fuerit
856 1153 930 1186 (nam
945 1152 1019 1179 aliud
1031 1152 1182 1186 loquuntur
1200 1153 1244 1179 lue
1260 1157 1361 1179 nostra:
1375 1151 1562 1187 Cateclteses),
1576 1155 1618 1181 vel
1633 1155 1753 1190 suspicio
1765 1163 1843 1190 qutt-

214 1199 277 1226 dam
293 1198 432 1233 popularis
449 1198 520 1224 hanc
536 1197 600 1223 viris
616 1197 694 1223 bonis
708 1196 873 1222 calumniam
892 1195 1032 1222 inusserit.
1050 1194 1135 1222 Vettio
1146 1203 1219 1222 nunc
1230 1196 1263 1222 ad
1275 1196 1450 1224 Catecheses.
1469 1196 1495 1223 fit
1505 1205 1559 1232 quo
1570 1205 1622 1224 non
1632 1206 1675 1225 me
1685 1200 1843 1231 OSlelllallﬂ'

215 1250 266 1270 nec
282 1242 354 1277 quod
369 1249 508 1276 caupones
525 1240 661 1273 factitant,
682 1240 746 1267 vino
761 1240 869 1266 ederam
887 1238 1066 1273 suspendam,
1084 1239 1204 1266 maxime
1216 1239 1358 1272 Vendibili,
1375 1244 1401 1267 te
1419 1241 1536 1275 appello,
1551 1249 1583 1268 ac
1596 1242 1731 1276 judicium
1752 1247 1843 1275 tuum,

214 1287 301 1313 amice
318 1286 413 1316 lector,
432 1285 454 1312 si
472 1284 519 1319 qui
531 1284 601 1312 forte
618 1285 674 1311 haec
689 1284 803 1318 legendo
817 1290 985 1318 cognoscere
1001 1282 1085 1310 voles.
1102 1282 1130 1309 In
1146 1283 1180 1310 iis
1197 1283 1394 1311 transferendis
1406 1285 1449 1311 usi
1471 1293 1572 1312 sutnus
1586 1286 1679 1318 unico,
1699 1294 1760 1321 qua:
1787 1295 1845 1314 am-

215 1329 357 1364 plissimus
373 1328 521 1356 cardinalis
538 1328 654 1356 Sirlctus
667 1327 801 1359 exhibuit,
822 1327 887 1354 olim
906 1326 1043 1361 pontificis
1055 1326 1175 1354 Marcelli
1189 1326 1209 1353 ll
1223 1327 1328 1360 codice,
1346 1328 1414 1355 satis
1429 1328 1517 1361 fideli,
1532 1328 1580 1356 sed
1597 1329 1631 1356 ab
1650 1330 1845 1358 indoctissimo

215 1373 305 1400 scriba
318 1379 442 1404 exarato,
459 1373 497 1399 uti
511 1372 643 1399 videbunt
654 1372 700 1406 qui
715 1371 914 1406 apographum,
927 1370 999 1405 quod
1013 1374 1102 1398 exstat
1120 1370 1146 1396 in
1165 1369 1305 1404 Vaticano,
1328 1371 1483 1406 inspicient,
1500 1380 1656 1407 quanquam
1676 1374 1720 1400 hic
1731 1382 1845 1409 quoque

217 1417 390 1450 tuendarum,
411 1422 438 1444 et
454 1424 582 1444 errorum
594 1416 726 1443 nonnulla
747 1416 817 1442 facta
830 1419 873 1442 est
889 1415 1023 1446 accessio,
1042 1415 1121 1449 cujus
1140 1422 1190 1442 nos
1203 1419 1286 1442 testes
1301 1415 1391 1442 idonei
1410 1424 1515 1444 sumus.
1541 1417 1654 1444 Deinum
1670 1425 1752 1453 opere
1780 1427 1847 1453 pcr-

217 1461 286 1488 fecto
300 1461 368 1488 locis
379 1460 484 1495 aliquot
497 1460 648 1495 deploratis
664 1459 779 1491 relictis,
792 1458 853 1486 aliis
865 1466 934 1493 quos
945 1458 979 1486 de
992 1458 1174 1492 conjunctura
1191 1459 1430 1493 emcndassemus,
1457 1461 1571 1488 alterum
1602 1462 1676 1489 nacti
1704 1463 1847 1497 exemplar

217 1504 391 1538 Vaticanum,
403 1510 474 1532 notae
488 1505 619 1536 melioris,
632 1505 679 1532 sed
691 1505 718 1531 in
732 1505 805 1538 quod
817 1509 879 1531 tota:
890 1504 924 1530 48
934 1503 1028 1538 prima:
1039 1503 1200 1530 Catecheses
1209 1503 1443 1538 desiderarentur,
1456 1513 1518 1532 cum
1531 1505 1686 1533 addidimus
1698 1508 1845 1541 permulta,

215 1557 277 1583 qua:
292 1549 319 1576 in
334 1555 429 1577 nostro
445 1549 571 1577 deessent
589 1553 647 1575 tum
663 1548 837 1582 conjecturas
855 1548 997 1582 plerasque
1013 1554 1109 1574 omnes
1131 1546 1307 1574 confirmatas
1325 1548 1454 1575 vidimus.
1479 1549 1590 1576 Inventa
1615 1554 1658 1576 est
1683 1550 1709 1576 in
1727 1557 1760 1577 eo
1773 1550 1847 1576 inter

216 1593 472 1627 Quadragesimales
490 1593 613 1626 quzedam
628 1591 869 1626 supernumeraria
884 1599 965 1625 quant
983 1599 1017 1618 nc
1034 1591 1097 1626 quis
1113 1599 1290 1626 suppressam
1320 1599 1335 1618 a
1366 1592 1446 1620 nobis
1464 1593 1582 1627 maligne
1606 1597 1781 1624 causaretnr,
1810 1595 1846 1620 ad

216 1636 309 1670 operis
328 1636 408 1663 finem
427 1635 590 1670 adjecimus,
607 1636 660 1662 etsi
675 1635 809 1662 sciretttus
825 1634 859 1661 ad
872 1634 922 1662 has
937 1639 1046 1662 nostras
1059 1635 1171 1662 mittime
1189 1636 1342 1670 pertinere;
1364 1644 1426 1663 nam
1441 1637 1684 1671 Michaelis,qltcm
1696 1637 1847 1672 aliquoties

213 1680 270 1714 jam
286 1680 398 1711 adduxi,
412 1684 507 1706 auctor
519 1685 627 1706 estnon
643 1679 735 1713 plures
755 1677 817 1710 154,
834 1685 904 1712 quas
922 1678 967 1705 hic
983 1678 1070 1709 vides,
1087 1679 1113 1705 in
1130 1686 1213 1713 opere
1226 1679 1280 1714 legi
1294 1687 1452 1714 parvarum,
1473 1688 1536 1714 quae
1551 1687 1694 1714 vocentur,
1710 1682 1847 1709 Catcchc-

215 1731 299 1757 seon;
319 1723 464 1758 scripsisse
480 1723 589 1757 quidem
610 1727 684 1749 certe
696 1727 723 1749 et
737 1722 806 1749 alios
822 1721 906 1749 libros
922 1722 939 1749 5
950 1729 1122 1756 magnarum,
1139 1730 1200 1757 quae
1231 1723 1430 1756 inscribantur,
1443 1731 1512 1758 quas
1528 1732 1582 1751 non
1597 1732 1630 1751 ex
1647 1729 1769 1759 tempore
1781 1745 1789 1757 ,
1806 1726 1846 1752 uti

216 1768 331 1802 priores.
350 1767 397 1794 sed
412 1771 540 1794 accurate
555 1766 696 1793 confectas
716 1766 857 1793 edidisset.
875 1765 902 1792 in
916 1765 949 1792 iis
962 1765 1032 1792 hanc
1048 1767 1081 1793 68
1099 1766 1185 1794 fuisse
1201 1774 1316 1794 numero
1333 1767 1507 1801 suspicattmr
1524 1778 1530 1794 :
1549 1769 1621 1803 quod
1639 1773 1723 1800 recte,
1752 1777 1786 1796 an
1803 1777 1847 1796 sc-

217 1812 298 1846 quius
315 1811 490 1845 arbitremur,
510 1811 660 1846 periculum
677 1811 778 1837 facient
790 1810 836 1844 qui
854 1817 937 1844 penes
955 1817 985 1836 se
1001 1817 1069 1844 opus
1086 1810 1234 1844 habebunt,
1254 1819 1304 1839 nos
1320 1811 1347 1838 id
1358 1811 1477 1839 vidimus
1490 1813 1612 1839 nomium
1630 1812 1680 1847 (α).
1699 1812 1848 1847 Utcunque

216 1855 279 1888 erit,
295 1855 435 1882 noluimus
453 1863 512 1882 eam
529 1855 638 1882 silentio
651 1854 800 1888 prmterire.
827 1854 952 1881 Accessit
977 1854 1074 1880 ultimo
1092 1854 1153 1881 loco
1172 1854 1310 1881 ’l‘lteodori
1334 1860 1537 1889 testamentum,
1565 1857 1644 1890 plane
1660 1858 1848 1885 severissimis

217 1899 338 1926 moribus
354 1919 361 1930 ,
387 1904 413 1926 et
431 1899 552 1927 auctoris
572 1898 755 1925 sollicitudine
773 1897 886 1932 dignum
901 1917 908 1930 ,
934 1905 949 1923 a
970 1897 1047 1924 nobis
1064 1905 1117 1924 non
1134 1904 1271 1932 repertunt
1298 1899 1324 1925 in
1341 1898 1483 1926 Vaticano.
1516 1899 1594 1932 Quod
1610 1906 1749 1935 superest,
1763 1909 1847 1936 spero

215 1951 324 1978 aequum
342 1943 474 1970 lectorem
491 1950 542 1970 nec
560 1942 639 1969 fidem
653 1962 660 1974 ,
682 1949 734 1976 qua
746 1961 753 1974 ,
772 1948 826 1968 non
847 1948 959 1968 scnsuut
975 1943 1096 1969 contenti
1114 1943 1264 1971 reddidisse
1281 1943 1438 1971 Graecorum
1457 1945 1604 1972 verborum
1621 1947 1675 1972 vint
1695 1953 1778 1980 quam
1796 1954 1846 1980 po-

217 1987 320 2014 tuimus
337 1987 472 2020 proxime,
491 1991 518 2014 et
531 1990 664 2021 tanquam
677 1986 791 2012 verbum
809 1985 892 2012 verbo
910 1986 1108 2019 expressimus,
1125 1995 1174 2014 nec
1186 1987 1314 2015 dictionis
1328 1988 1421 2015 lumen
1441 1988 1591 2023 quoddam,
1617 1997 1649 2016 ac
1662 1989 1736 2016 velut
1754 1990 1848 2024 splen-

216 2031 309 2058 derent
327 2030 557 2057 desideraturum.
573 2030 601 2057 id
617 2030 686 2057 adeo
702 2037 757 2064 quo
772 2029 973 2064 perspicerctur
986 2031 1102 2062 certius,
1123 2036 1150 2058 ct
1163 2031 1344 2065 exploratius,
1363 2032 1527 2066 optabamus
1545 2033 1588 2059 edi
1603 2033 1629 2059 in
1648 2033 1736 2060 lucem
1751 2042 1848 2060 excru-

216 2075 276 2110 plar
290 2075 428 2108 Grmcum,
445 2075 518 2102 unde
535 2075 659 2102 eruditus
676 2075 760 2101 lector
774 2074 893 2109 experiri
924 2082 956 2101 ac
973 2074 1120 2108 periclitari
1137 2075 1248 2109 propius
1264 2079 1375 2109 posset,
1399 2076 1477 2107 quasi
1492 2076 1560 2110 pede
1576 2077 1687 2108 collato,
1705 2076 1752 2103 scd
1768 2077 1849 2104 aliter

217 2127 260 2147 res
272 2119 344 2147 tulit.
361 2119 483 2154 Denique
502 2119 536 2148 iis
551 2120 577 2146 in
595 2119 675 2150 locis,
691 2127 751 2152 qua:
767 2126 799 2145 ex
814 2118 887 2146 outtti
905 2126 982 2146 sacra
1000 2120 1149 2153 scriptione
1168 2120 1298 2151 citantur,
1317 2119 1454 2154 vulgatam
1474 2120 1630 2147 versionem
1647 2129 1743 2148 sumus
1759 2122 1848 2149 secuti

216 2171 270 2199 qua
288 2164 372 2191 utitur
386 2163 518 2197 Ecclesia,
532 2164 584 2192 nisi
603 2165 624 2191 si
640 2165 762 2191 auctoris
773 2164 910 2196 citationi,
929 2164 973 2191 cui
995 2163 1231 2198 prmjudicandum
1250 2170 1303 2190 non
1319 2168 1370 2196 est,
1385 2170 1447 2190 eum
1462 2163 1568 2191 Latinis
1583 2164 1673 2191 verbis
1701 2172 1756 2192 tton
1781 2173 1850 2192 cott-

216 2208 331 2240 veniret,
344 2215 397 2243 qua
412 2208 438 2235 in
459 2213 535 2243 parte
549 2208 640 2235 minus
653 2207 785 2235 molestia:
802 2207 854 2235 fuit
871 2207 898 2234 in
912 2207 956 2240 iis,
967 2215 1028 2242 qua:
1038 2207 1207 2233 advocantur
1221 2215 1253 2234 ex
1269 2207 1433 2241 Evangeliis,
1443 2212 1469 2234 et
1486 2214 1557 2234 novo
1572 2207 1686 2238 foedere.
1698 2212 1848 2243 postquam

216 2251 243 2279 id
260 2259 341 2280 omne
355 2260 370 2279 e
386 2251 481 2280 Graeco
495 2252 625 2279 habemus
640 2260 816 2284 conversum;
834 2252 862 2278 in
875 2251 969 2284 veteri,
980 2251 1052 2286 quod
1064 2251 1120 2278 fere
1129 2258 1160 2278 ex
1178 2250 1292 2278 Hebraeo
1306 2251 1420 2278 Latinus
1435 2252 1592 2284 transtulit,
1610 2252 1794 2286 Septuaginta
1808 2253 1851 2279 in-

217 2301 383 2331 terpretum,
404 2297 506 2332 quibus
524 2297 610 2324 Grmci
627 2301 760 2329 utuntur,
779 2296 940 2328 diversitas,
957 2303 1018 2330 quae
1038 2295 1199 2330 plerumque
1213 2303 1308 2330 parum
1328 2296 1533 2323 accommodata
1555 2301 1596 2323 est
1622 2297 1711 2323 verbis
1726 2295 1848 2329 Latinis,

218 2339 355 2367 interdum
374 2345 403 2368 ut
420 2341 481 2368 aliis
496 2341 628 2367 utendum
641 2345 714 2367 esset
729 2348 811 2374 quam
827 2339 944 2374 vulgatis
961 2339 1063 2371 cll‘ccit,
1095 2340 1245 2374 praesertim
1263 2347 1324 2366 cum
1341 2346 1519 2367 occurrerent
1536 2340 1651 2374 legendo
1675 2348 1735 2375 qua:
1752 2341 1779 2367 in
1798 2349 1851 2367 no-

216 2383 281 2410 stris
292 2384 432 2412 codicibus
442 2384 567 2419 (Latinos
580 2384 679 2418 sentio)
695 2391 830 2417 nusquam
843 2385 1006 2417 legerentur.
1025 2383 1062 2411 Ea
1075 2391 1126 2411 nos
1141 2383 1356 2418 simplicissime,
1371 2392 1403 2411 ac
1418 2384 1498 2411 verba
1511 2384 1600 2411 verbis
1612 2385 1680 2412 citra
1696 2383 1854 2412 aﬂ‘ectatio—

217 2434 279 2453 nem
298 2427 475 2455 mutavimus.
488 2427 550 2455 ilice
564 2427 658 2459 habui,
674 2435 791 2462 qUorum
807 2431 841 2458 tc,
859 2428 945 2454 amice
956 2426 1064 2459 Lector,
1081 2428 1106 2454 in
1126 2428 1215 2463 operis
1232 2428 1358 2463 ingressu
1374 2429 1549 2455 admonerem
1565 2435 1639 2456 ttunc
1651 2432 1808 2461 auctorem,
1824 2430 1853 2456 si

216 2470 313 2507 placet,
325 2471 482 2508 loquentem
497 2472 653 2499 audiamus.

252 2536 290 2570 (α)
305 2533 380 2562 Hanc
393 2535 536 2562 itomiliant
557 2542 620 2562 cum
635 2533 811 2561 Testamento
827 2534 859 2561 ad
876 2533 976 2561 calcent
997 2542 1110 2569 operum
1128 2534 1198 2561 beati
1213 2533 1348 2562 Theodori
1367 2533 1582 2561 amandavitnus.
1603 2533 1682 2560 lioi'r.
