1916 3075
673 144 876 174 SERMONES
893 145 1155 176 CATECHETICI.

1693 147 1722 178 10

97 217 1720 233 Μή

570 291 723 324 SANCTI
736 292 887 324 PATRIS
900 294 959 325 ET
968 294 1250 326 CONF'ESSORIS

233 395 629 469 THEODOBI,
675 395 1146 454 STUDITARUM
1194 397 1594 471 PRAEFECTI,

479 527 555 570 AD
593 526 949 573 DISCIPULOS
969 526 1326 573 CATECHESIS

321 620 490 655 QUATUOR
508 621 553 649 ET
571 620 735 649 TRIGINTA
751 621 865 649 SUPRA
879 620 1022 649 CENTUM
1039 620 1225 650 SERMONES
1237 622 1500 652 COMPLECTENS.

580 703 755 739 (Bibliotheca
771 703 896 736 Patrum,
913 707 979 731 tom.
993 702 1064 735 XIV,
1081 709 1141 737 pag.
1157 703 1231 734 8'53.)

347 858 465 888 SERMO
487 859 629 888 PRIMUS.

93 915 125 943 ἶιι
139 923 246 944 sacrum
264 915 369 943 Pascha
389 916 549 944 Catecltesis.
569 916 608 943 De
628 917 681 944 vita
699 917 770 944 omni
786 921 878 944 nostra

352 951 467 979 sollicite
483 953 623 987 exigenda.

120 1007 233 1036 Fratres
268 1007 436 1042 Patresque,
475 1008 592 1036 Sacrum
627 1009 738 1043 explere
775 1009 877 1037 Pascha

86 1053 191 1081 Christi
210 1054 346 1082 beneﬁcio
363 1055 502 1089 permissi,
519 1063 630 1083 rursum
651 1056 786 1083 instemus
798 1056 878 1090 opiﬁ-

86 1099 149 1132 ciis,
167 1104 317 1134 operantes
329 1100 421 1134 juxta,
439 1108 471 1128 ac
493 1101 602 1128 viviﬁca
620 1101 774 1128 Servatoris
791 1102 876 1129 nostri

84 1145 151 1172 Jesu
168 1145 272 1173 Christi
289 1146 422 1180 supplicia
439 1146 592 1174 recolentes
609 1155 715 1181 :neque
731 1147 802 1174 enim
815 1148 877 1182 quia

86 1191 219 1225 praeteriit
243 1190 362 1223 Pascha,
381 1193 514 1218 memoria
533 1192 594 1227 ejus
611 1200 665 1219 una
682 1200 792 1228 quoque
808 1201 879 1228 pne—

87 1240 185 1267 tereat,
203 1236 250 1263 sed
266 1235 410 1264 salutifera
423 1237 681 1269 vulnera.crucem,
696 1238 877 1274 sepulturam,

87 1281 323 1309 resurrectionem
351 1287 484 1317 perpetuo
507 1283 559 1310 sub
583 1283 680 1311 oculos
705 1291 877 1316 revocemus.

88 1331 119 1354 ut
134 1327 247 1354 assidua
268 1328 368 1355 harum
384 1329 565 1363 usurpatione
579 1337 669 1357 rerum
682 1329 776 1357 invicti
792 1331 879 1357 simus

87 1374 187 1401 vitiis:
209 1374 252 1401 sin
278 1374 372 1401 minus
403 1375 500 1402 intenti
526 1375 696 1411 quandoque
725 1377 876 1411 capiamur,

86 1419 220 1454 uestigio
251 1420 413 1447 cruciﬁxum
441 1420 585 1448 Dominum
614 1421 707 1449 Jesum
730 1423 877 1457 gloriosum

86 1470 297 1500 suspectemus:
316 1467 464 1502 statimque
494 1468 594 1495 animis
616 1469 719 1495 nostris
743 1469 878 1496 medicina

85 1512 192 1539 orietur
210 1521 216 1539 :
236 1520 300 1539 nam
320 1518 349 1541 et.
364 1514 427 1541 olint
446 1513 585 1546 israelitm,
605 1523 619 1541 a
640 1515 814 1549 serpentibus
826 1515 876 1542 anl-

86 1558 186 1590 morsi,
201 1563 330 1592 serpente
352 1566 428 1586 teneo
442 1564 589 1594 conspecto
607 1560 775 1587 sanabantur
787 1560 806 1586 ί.
825 1559 876 1587 Nc-

85 1609 141 1637 que
161 1602 236 1630 enim
254 1603 368 1631 nescitis
390 1611 488 1638 pravas
513 1605 703 1638 cogitationes,
718 1611 875 1639 serpentum

86 1648 186 1681 instar,
201 1648 337 1682 mordere,
349 1649 475 1677 immisso
491 1650 519 1677 in
533 1650 656 1677 animum
670 1659 774 1678 veneno
787 1651 875 1686 :quod

84 1695 161 1721 omni
189 1695 281 1722 studio
308 1695 483 1723 eximendum
506 1701 548 1724 est
565 1697 729 1732 simulatque
750 1702 875 1724 cont-tum

84 1745 137 1773 est,
146 1747 180 1767 ne
187 1741 267 1769 ulcus
275 1740 384 1769 difﬁcile
390 1749 466 1769 mora
475 1742 580 1770 reddat.
590 1742 694 1770 Videtis
703 1743 877 1778 quemadmo-

87 1787 151 1814 dum
163 1794 212 1814 ver
227 1787 388 1822 sanguinem
406 1788 514 1823 gignat:
525 1788 594 1815 Caro
606 1789 766 1823 concupiscit
785 1789 877 1815 aduer-

85 1841 130 1860 sus
142 1833 264 1867 spiritum
274 1852 282 1864 ,
294 1838 320 1859 et
330 1833 442 1868 spiritus
453 1834 578 1860 adversus
588 1842 693 1861 carnem
710 1835 720 1849 ¹
733 1843 740 1866 ;
757 1841 875 1869 quorum

85 1879 158 1914 quod
182 1879 281 1906 utrivis
299 1879 395 1911 addas,
412 1879 489 1906 alteri
507 1879 672 1907 detraxeris.
689 1879 874 1913 Quamobrem

85 1924 182 1952 demus
209 1932 321 1960 operam
341 1929 370 1952 ut
394 1925 523 1960 deinceps
552 1926 691 1954 moderate
708 1926 781 1959 cibo,
800 1931 875 1960 potu,

85 1979 195 2003 somno,
210 1975 237 1998 et
249 1971 272 1998 si
287 1971 353 2005 quid
366 1971 440 1998 aliud
460 1976 512 2001 est.
527 1976 648 2003 utantur,
667 1980 701 1999 ne
723 1972 775 1999 sub
791 1973 876 2006 impe-

85 2017 157 2044 rium
173 2017 283 2044 animus
298 2016 401 2048 veniat,
418 2021 571 2050 contraque
584 2024 685 2050 corpus
701 2016 812 2043 victoria
828 2023 877 2050 po-

85 2063 181 2089 tiatur.
205 2061 258 2095 Qui
281 2062 309 2089 in
330 2061 421 2089 stadio
445 2066 551 2094 currat,
567 2069 740 2096 nequaquam
758 2061 875 2094 duobus,

85 2108 176 2135 tribus
191 2107 287 2134 stadiis
300 2108 425 2135 decursis
441 2108 530 2134 victor
544 2108 643 2140 editur,
660 2108 708 2135 sed
724 2107 787 2135 totis
797 2107 877 2134 deni-

85 2161 140 2189 que
149 2153 252 2181 diaulis
274 2153 432 2181 confectis:
451 2153 536 2188 igitur
557 2160 607 2180 nos
628 2161 739 2188 quoque
762 2160 817 2180 non
836 2153 877 2179 di-

85 2208 146 2228 um
165 2199 420 2235 quadragesimam,
436 2205 484 2227 aut
504 2200 772 2234 quinquagesimum.
785 2199 832 2226 sed
849 2198 876 2225 ni

85 2247 170 2274 vitam
196 2254 308 2274 omnem
331 2250 453 2273 nostram
470 2245 616 2273 sollicitam
643 2245 796 2280 exigamus,
816 2245 876 2272 dia-

86 2293 141 2320 holt
152 2293 267 2327 laqueos
284 2292 400 2319 minime
424 2291 572 2325 fugiemus,
595 2299 645 2319 nec
668 2291 788 2319 victoria:
802 2299 879 2325 prae-

86 2338 171 2365 mium
186 2338 320 2366 feremus.
341 2337 447 2372 Itaque,
473 2337 583 2369 fratres,
600 2337 690 2364 adhuc
715 2337 877 2372 praeclarum

87 2387 226 2410 certamen
239 2383 426 2415 decertemus,
445 2383 536 2411 adhuc
555 2391 606 2418 pro
621 2383 720 2410 virtute
736 2382 878 2415 sudemus,

86 2429 177 2456 adhuc
188 2436 302 2456 carnem
315 2430 546 2464 comprimamus.
561 2429 650 2456 adhuc
660 2436 761 2464 corpus
777 2430 803 2456 in
819 2436 878 2456 ser—

87 2476 200 2503 vitutem
215 2475 384 2511 redigamus,
403 2476 493 2503 adhuc
516 2475 582 2503 vitia
597 2475 783 2511 proﬂigemus,
802 2483 876 2503 sem-

87 2529 133 2556 per
148 2521 259 2548 Domini
276 2521 341 2550 Jesu
364 2529 458 2550 necem
481 2523 508 2549 in
529 2530 644 2557 corpore
660 2523 877 2557 circumgestan-

87 2573 137 2600 tes,
152 2575 262 2602 semper
281 2568 309 2595 in
332 2568 415 2596 nobis
432 2569 598 2596 sententiam
615 2569 874 2596 mortishabentes:

85 2612 139 2646 jam
154 2612 229 2640 enim
240 2616 269 2640 et
285 2620 336 2640 nos
358 2621 456 2640 omnes
473 2613 636 2646 moriemur,
658 2618 687 2640 ut
701 2619 803 2649 patres,
818 2613 874 2641 fra-

89 2664 197 2693 tresque
212 2658 310 2692 nostri,
325 2664 409 2694 atque
428 2659 493 2687 hinc
507 2660 622 2694 profecti
638 2660 665 2687 in
680 2660 819 2695 regionem
836 2661 877 2687 in—

88 2705 222 2732 solentem
240 2704 395 2738 veniemus,
415 2710 523 2740 spectra
541 2705 627 2733 visuri
643 2714 704 2741 qua:
721 2706 794 2734 haud
811 2706 876 2733 dum

89 2751 218 2785 vidimus,
247 2752 455 2788 horrendasque
477 2761 558 2783 voces
583 2763 615 2782 ac
631 2756 753 2791 stuporis
769 2757 875 2791 plenas,

125 2841 134 2858 ⁸
149 2840 231 2869 Nam.
246 2850 304 2876 nt,
324 2842 416 2871 “~19.
451 2844 460 2860 ³
475 2844 562 2872 Galat.
576 2852 601 2878 γ,
624 2844 665 2873 i7.
689 2846 698 2861 ³
711 2843 827 2880 Philipp.
844 2852 879 2880 tv,

895 861 917 888 Δ
932 864 1054 886 mentem
1069 865 1137 885 sane
1151 857 1264 891 quidem
1286 855 1410 883 babenti.
1426 855 1518 889 Quare
1535 857 1633 891 trepidi
1650 865 1722 885 sem—

893 1533 914 1560 li

890 2216 913 2246 C

896 2845 922 2873 τι.

929 912 976 940 per
990 912 1022 931 ac
1050 903 1208 938 prmtimidi,
1231 910 1281 929 nos
1299 910 1313 928 a
1332 902 1459 928 sensibus
1483 904 1668 936 retrahamus,
1688 905 1723 930 ab

929 950 1003 977 inani
1022 949 1128 981 auditu,
1146 956 1161 975 a
1178 948 1259 975 noxio
1272 947 1345 980 visu,
1365 947 1399 974 ab
1418 947 1576 975 effeminato
1594 950 1719 980 odoratu.

930 996 966 1022 ab
982 995 1057 1022 omni
1078 1002 1163 1029 pravo
1177 994 1279 1025 studio,
1293 993 1390 1028 quanti
1406 994 1504 1028 quanti
1519 1002 1614 1022 sumus
1627 1000 1721 1022 sancta

929 1040 986 1067 Deo
1008 1048 1058 1067 nos
1076 1044 1281 1071 consecrantes,
1300 1047 1355 1073 quo
1373 1039 1397 1065 ei
1419 1039 1559 1073 placentes
1575 1040 1720 1067 hmredita-

930 1090 1012 1113 tatem
1034 1085 1229 1112 nanciscamur
1244 1089 1409 1111 aeternorum
1429 1085 1563 1112 honorum
1580 1093 1629 1120 per
1643 1086 1720 1113 Chri-

932 1136 1005 1159 stum
1034 1130 1126 1158 Jcsum
1156 1131 1303 1157 Dominum
1332 1135 1468 1158 nostrum.
1498 1131 1548 1158 Cui
1580 1131 1667 1167 gloria
1694 1137 1721 1158 et

930 1177 1074 1211 imperium
1093 1185 1155 1203 eum
1177 1176 1267 1208 Patre,
1289 1183 1321 1203 ac
1347 1181 1442 1203 sancto
1461 1176 1585 1211 Spiritu,
1602 1185 1674 1205 nunc
1694 1182 1720 1205 et

930 1229 1048 1255 semper,
1069 1221 1095 1247 in
1112 1228 1278 1254 omnemque
1296 1220 1516 1254 perpetuitatem.
1534 1221 1630 1247 Amen.

1245 1286 1360 1313 SERMO
1377 1286 1410 1313 ll.

931 1344 996 1371 Post
1008 1342 1124 1370 Pascha.
1137 1342 1170 1370 In
1187 1345 1340 1370 memoriam
1358 1343 1426 1370 beati
1443 1343 1590 1370 Domitiani
1602 1349 1720 1378 oportere

967 1387 1013 1405 nos
1029 1379 1136 1405 assidue
1156 1384 1240 1405 morte
1256 1379 1407 1406 voluntaria
1430 1379 1549 1414 defungi,
1565 1380 1646 1413 deque
1664 1388 1719 1406 mo-

967 1414 1055 1441 testia.

966 1470 1077 1497 Fratres
1092 1470 1254 1504 Patresquc,
1268 1469 1399 1503 praeteriit
1414 1469 1530 1500 Pasoha,
1547 1473 1720 1504 peractaeque

931 1516 1006 1543 feria:
1018 1520 1092 1543 sunt.
1111 1515 1145 1542 At
1159 1523 1212 1542 non
1231 1515 1348 1550 gaudere
1360 1519 1449 1549 atque
1474 1513 1577 1547 feriari,
1594 1515 1616 1542 si
1642 1515 1719 1542 vola--

930 1569 1002 1595 mus,
1019 1562 1160 1596 praeteriit,
1179 1561 1242 1588 licet
1262 1561 1335 1588 enim
1360 1560 1441 1587 nobis
1461 1560 1581 1595 gaudere
1602 1568 1719 1595 semper,

929 1615 961 1634 ac
975 1607 1069 1634 feriari
1090 1607 1261 1641 spiritaliter,
1286 1606 1437 1633 secundutn
1456 1613 1515 1632 eam
1529 1606 1694 1632 sententiam
1711 1613 1718 1630 :

930 1652 1046 1679 Gaudete
1058 1653 1084 1678 in
1098 1651 1212 1678 Domino
1227 1658 1339 1686 semper,
1355 1651 1451 1677 iterum
1471 1649 1529 1676 dico
1543 1657 1551 1675 :
1566 1648 1683 1676 Gaudete
1697 1649 1718 1676 ³.

928 1699 1062 1725 Cmterutn
1075 1697 1123 1732 qui
1137 1698 1163 1724 id
1178 1697 1241 1724 fiet?
1264 1697 1286 1723 si
1300 1700 1438 1723 recentem
1451 1696 1646 1731 suppliciorum
1659 1695 1720 1722 Ser-

929 1743 1033 1770 vatoris
1046 1743 1134 1770 nostri
1148 1741 1212 1770 Jesu
1229 1742 1330 1769 Christi
1351 1742 1514 1768 memoriam
1530 1746 1661 1776 perpetuo
1680 1745 1719 1767 lc-

929 1795 1055 1820 neamus,
1075 1787 1306 1823 quemadmodum
1323 1795 1372 1822 pro
1386 1787 1465 1815 nobis
1485 1787 1621 1822 gloriosus
1634 1786 1720 1812 herus

929 1836 955 1861 in
977 1841 1088 1862 crucem
1111 1833 1226 1861 sufﬁxus
1252 1833 1298 1865 sit,
1325 1841 1356 1860 ac
1378 1833 1512 1868 sepultus,
1530 1832 1664 1866 tertiaque
1678 1831 1721 1858 die

929 1882 1092 1913 suscitatus,
1119 1880 1282 1907 instaurans
1299 1887 1362 1912 nos,
1384 1884 1411 1906 et
1426 1886 1480 1905 una
1494 1885 1587 1906 secum
1601 1878 1656 1905 vita
1669 1878 1720 1904 im-

929 1929 1060 1964 pertiens,
1078 1932 1108 1955 ut.
1122 1927 1235 1954 redivivi
1256 1935 1310 1954 non
1327 1927 1383 1960 jam
1405 1927 1485 1954 nobis
1512 1925 1648 1957 \‘iramns,
1674 1927 1719 1953 sed

929 1983 978 2010 pro
995 1974 1076 2001 nobis
1089 1973 1232 2005 defuncto,
1248 1972 1275 1999 in
1292 1973 1433 2007 vitamque
1451 1979 1575 2004 reverso,
1597 1971 1721 2006 illudque

927 2018 1052 2053 Apostoli
1073 2025 1135 2044 cutn
1155 2015 1255 2043 fiducia
1272 2015 1398 2042 dicamus
1417 2025 1423 2042 :
1443 2014 1584 2048 Vivo,jmu
1598 2023 1648 2041 non
1664 2023 1719 2049 ego,

928 2065 990 2092 vivit
1004 2071 1063 2090 vero
1084 2063 1111 2088 in
1128 2069 1168 2088 me
1184 2061 1326 2092 Christus;
1345 2060 1415 2094 quod
1429 2066 1516 2086 autent
1539 2067 1606 2085 nunc
1625 2061 1680 2086 viro
1694 2061 1720 2085 in

928 2117 1018 2139 carne.
1035 2109 1061 2135 in
1077 2108 1130 2142 ﬁde
1148 2108 1204 2133 vivo
1228 2106 1302 2138 Jesu,
1318 2106 1363 2140 qui
1382 2105 1477 2132 dilexit
1500 2113 1552 2138 me,
1570 2111 1593 2132 et
1609 2106 1718 2132 tradidit

927 2155 1095 2188 semetipsum
1129 2161 1176 2188 pro
1192 2160 1230 2178 me
1246 2151 1267 2178 ".
1289 2151 1353 2178 llaec
1377 2151 1501 2186 mysterii
1528 2159 1633 2177 summa
1667 2155 1719 2181 est.

929 2201 1032 2228 mundo
1051 2199 1150 2232 emori,
1177 2199 1233 2225 Deo
1259 2197 1359 2225 vivere.
1378 2197 1562 2230 Quamobrem
1593 2197 1720 2224 debemus

929 2251 991 2282 post
1005 2245 1111 2273 Pascha
1133 2252 1244 2280 quoque
1269 2244 1369 2271 intenti
1388 2243 1516 2279 vigilare,
1533 2244 1718 2278 cotnprecari,

927 2293 1113 2326 exstitnulari,
1132 2293 1290 2328 lacrymari,
1306 2291 1473 2324 collustrari,
1489 2297 1598 2325 semper
1615 2289 1720 2317 Domini

928 2339 992 2368 Jesu
1020 2348 1114 2368 necem
1139 2339 1166 2366 in
1193 2346 1312 2373 corpore
1335 2339 1565 2373 circumgestare,
1596 2337 1721 2372 quotidie

927 2386 998 2413 mori
1025 2386 1128 2418 studio,
1156 2384 1267 2412 assidue
1290 2392 1304 2411 a
1337 2391 1455 2419 cerpore
1480 2382 1660 2418 peregrinari,
1686 2382 1719 2409 ad

930 2432 1072 2467 Deumque
1092 2431 1239 2466 proﬁcisci.
1255 2438 1302 2465 per
1325 2430 1418 2458 carnis
1450 2429 1594 2457 libidinum
1616 2428 1718 2462 fugam.

929 2477 968 2504 Ne
982 2478 1077 2505 dicas:
1093 2477 1154 2504 iam
1166 2476 1383 2512 Quadragesitna
1401 2483 1455 2502 non
1471 2480 1512 2502 est
1529 2484 1535 2501 :
1553 2482 1661 2510 semper
1676 2474 1719 2501 in-

929 2528 1005 2551 tento
1022 2523 1239 2559 Quadragesima
1256 2522 1360 2551 εει.Νο
1375 2523 1450 2550 dicas
1463 2531 1468 2548 :
1482 2521 1542 2548 Jam
1558 2521 1605 2548 diu
1619 2528 1678 2547 sum
1692 2521 1718 2546 in

929 2571 1139 2603 exercitatione,
1157 2574 1185 2597 et.
1205 2569 1348 2605 quiescere
1360 2576 1472 2596 necesse
1486 2572 1537 2600 est,
1553 2575 1606 2594 non
1624 2572 1665 2594 est
1675 2566 1719 2593 hic

929 2616 1019 2651 quies.
1041 2617 1082 2644 Ne
1097 2617 1175 2644 dicas
1189 2626 1195 2643 :
1215 2615 1354 2644 Consenui
1381 2615 1407 2642 in
1423 2614 1536 2645 virtute,
1552 2620 1601 2640 nec
1624 2613 1717 2642 timeo.

931 2671 1040 2698 semper
1063 2663 1181 2690 timenda
1206 2662 1352 2690 conversio
1375 2667 1427 2693 est,
1450 2662 1607 2693 multosque
1622 2659 1669 2694 qui
1691 2658 1718 2684 in

932 2709 1034 2736 virtute
1054 2716 1225 2736 consenuere
1239 2715 1296 2735 uno
1313 2706 1445 2742 temporis
1461 2709 1600 2733 tnomento
1613 2704 1640 2731 in
1655 2711 1718 2740 per-

932 2755 984 2783 cati
1006 2755 1166 2782 barathrum
1183 2755 1300 2783 Satanas
1321 2753 1450 2782 detraxit.
1467 2753 1501 2781 Ut
1515 2751 1668 2780 cavendum
1692 2749 1718 2778 ei

960 2845 969 2861 δ
986 2845 1074 2873 Galat.
1089 2853 1120 2879 tt,
1137 2845 1182 2879 20,
1197 2844 1241 2872 “li.
