1916 3075
171 138 220 171 511

167 198 202 223 sit
219 195 266 230 qui
285 200 339 223 stat
374 195 485 221 videtur
508 203 541 223 ne
566 196 657 227 cadat,
683 200 710 222 et
735 196 782 231 qui
802 196 957 223 custoditus
973 198 994 225 Α

169 242 278 269 videtur
292 249 325 268 ne
340 240 494 268 custodiam
515 242 646 268 remittat.
665 241 756 273 Quare
788 241 958 275 cireumspe-

168 293 235 320 ctto,
250 291 333 322 atque
358 287 461 318 cautio,
486 294 518 314 ac
541 287 640 314 modus
672 287 815 314 adhibetor
843 295 906 314 cum
931 287 958 313 in

169 342 279 366 somno,
303 333 384 365 cibis,
412 338 544 368 potuque.
564 338 621 360 tum
644 333 670 359 in
689 333 750 360 aliis
767 333 851 360 rebus
867 334 959 360 omni-

169 379 230 410 bus,
243 386 299 413 quo
311 385 412 412 corpus
427 378 603 412 rcprimatur,
617 381 643 404 et
665 378 692 404 in
713 378 872 404 servitutem
889 378 960 405 redi-

169 428 261 458 gatur,
278 423 322 456 ne,
336 424 409 450 velut
419 432 508 459 equus
525 425 593 451 bene
605 424 717 450 habitus
729 431 762 450 ac
773 423 879 450 frenum
893 431 961 457 pra:-

171 470 313 502 mordens,
329 470 354 496 in
372 471 476 504 peccati
493 469 677 505 praicipitium
694 477 743 497 nos
758 469 887 504 impellat.
899 468 961 496 Jus-

170 524 261 543 seratn
277 523 326 543 vos
346 517 491 551 superiore
504 516 646 544 Catcchesi
666 523 720 542 non
738 515 869 542 secedere
884 515 960 542 solos

171 562 198 588 in
217 561 308 588 abdita
321 561 391 594 loca,
405 566 431 589 et
446 561 573 588 nonnulli
592 569 702 588 rursum
724 562 791 588 estis
809 561 835 588 in
852 561 959 588 iisdctn.

173 607 246 639 Quid
265 607 378 634 multis?
394 615 456 634 cum
469 607 546 642 virga
562 606 595 633 ad
609 614 658 634 vos
675 607 795 638 veniam,
811 615 846 633 an
863 606 961 641 benig-

171 661 233 685 nus,
251 653 392 688 animique
409 653 588 680 mansuetus?
600 653 678 679 Certe
692 652 801 680 locutus
817 660 890 685 sum,
913 659 961 678 ne-

171 707 225 733 que
242 700 405 732 exauditus;
421 698 550 726 videlicet
565 698 688 726 Fratrem
703 699 757 726 hoc
773 699 834 733 ipso
850 698 962 726 nomine

172 745 362 780 objurgatum,
390 751 440 772 nec
465 744 580 772 coerciti
609 744 686 772 estis.
712 744 852 772 Attenditc
868 752 901 771 ne
915 751 962 771 eo-

172 791 232 818 dem
256 791 449 818 inobedientia:
472 790 598 825 exemplo
621 791 740 825 quisque
766 791 884 817 labatur.
907 790 962 818 Ne-

175 843 313 870 quaquam
329 840 440 868 temere,
458 843 490 863 ac
501 835 604 863 frustra
621 836 688 864 fiunt
705 836 871 863 Cateclteses
886 845 893 863 :
908 844 962 864 non

174 887 217 909 cst
234 882 307 910 Deus
329 883 475 915 tumultus,
489 882 555 917 quin
573 883 649 917 pacis
672 888 700 910 ut
719 883 746 910 in
761 883 871 910 cunctis
884 884 963 911 coeti-

174 928 226 954 bus
241 932 413 955 sanctorum.
433 927 505 962 Ergo
517 932 612 955 ornate
627 928 766 960 universa,
778 928 965 963 deeenterque

174 978 315 1007 gerentur,
333 978 362 1000 ut
381 973 409 1000 in
434 973 562 1000 otnnibus
586 981 634 1008 per
651 981 700 1000 nos
718 972 772 1000 Deo
790 973 877 1008 gloria
889 981 966 1008 quae-

175 1025 261 1054 ratur.
277 1019 328 1052 Qui
349 1019 412 1046 hittc
429 1019 505 1046 illinc
519 1019 655 1054 appellitis
673 1019 796 1052 Fratres,
814 1020 964 1054 recogitate

176 1066 233 1098 ubi,
244 1070 272 1093 et
289 1065 524 1100 quemadmodum
536 1065 655 1093 sedeatis
673 1074 680 1092 :
697 1073 751 1092 non
769 1071 899 1101 tanquam
922 1074 966 1094 so-

175 1111 236 1143 luti,
258 1112 306 1138 sed
332 1115 463 1146 tanquam
490 1111 589 1145 spiritu
617 1111 718 1144 vincti;
737 1119 789 1139 nee
805 1112 881 1139 velut
906 1112 966 1140 sine

175 1164 299 1188 censore,
318 1156 365 1184 sed
378 1156 453 1184 velut
468 1157 519 1184 sub
535 1164 651 1184 censore
664 1156 730 1190 Deo,
743 1158 790 1192 qui
804 1161 896 1186 motus
906 1165 966 1184 om-

178 1210 227 1230 nes
242 1203 421 1238 actionesque
434 1208 541 1230 vestras
556 1203 709 1237 inspectet;
726 1211 815 1238 neque
831 1204 885 1231 huc
902 1204 966 1232 illuc

179 1249 322 1281 obeuntes,
338 1256 371 1276 ac
383 1249 646 1281 circumcursantcs,
656 1249 703 1276 sed
721 1249 747 1276 itt
761 1249 887 1283 hospitiis
901 1257 966 1276 con-

181 1295 314 1328 sidentes,
337 1295 456 1330 opilicio,
474 1295 602 1330 precibus
624 1303 657 1322 ac
673 1295 832 1330 psalmodiis
856 1295 964 1328 intenti,

177 1349 232 1368 non
249 1348 332 1368 avare
347 1341 489 1376 quidpiam
511 1342 587 1369 vobis
610 1347 748 1376 cogentes,
763 1341 828 1376 quin
845 1348 964 1376 prtesen-

177 1387 251 1415 ttbus
288 1387 436 1419 contenti,
464 1388 524 1422 ipse
561 1389 634 1414 enim
671 1388 738 1414 ait:
770 1386 831 1413 Nan
861 1392 886 1414 te
920 1387 965 1414 de-

175 1440 272 1464 seram,
296 1440 376 1467 neque
401 1432 582 1467 relinquam",
598 1436 628 1459 ιιι
643 1431 816 1466 prtefidentes
829 1432 964 1465 dicamus,

176 1477 306 1504 Dominus
322 1478 385 1504 mihi
400 1477 519 1513 adjutor,
538 1487 589 1505 non
607 1477 701 1505 timeba
717 1478 779 1513 quid
792 1478 875 1513 faciat
900 1479 966 1506 nti/ti

175 1523 252 1550 homo
264 1524 285 1550 ⁸.
313 1523 479 1551 Mementote
507 1525 622 1551 ftatrum
650 1528 822 1557 nostrorum,

175 1569 238 1596 vitae
250 1569 354 1596 exitum
369 1571 507 1597 intuentes
525 1569 670 1596 imitamini
688 1569 768 1597 fidem
786 1571 816 1596 ι’.

213 1625 342 1658 Τοιοῦτος
375 1627 389 1653 ὁ
418 1627 553 1662 μακάριος

175 1673 340 1708 Δομετιανὸς
372 1673 401 1700 ὃν
425 1673 552 1708 ὑμνήσα-

177 1729 237 1756 μεν.
254 1721 310 1747 Καὶ
324 1716 402 1752 οὗτος
414 1721 553 1756 μνημόσυ-

175 1775 220 1793 νον
245 1767 315 1802 μετὰ
341 1767 428 1801 ἁγίων
454 1767 552 1802 ἡλίκην

175 1815 371 1850 πραγματείαν
404 1815 551 1850 ἐπραγμα-

174 1862 300 1894 τεύσατο,
307 1860 404 1897 ἡλίκην
413 1862 552 1888 πολιτείαν

175 1908 302 1944 ἐξήνυσε,
335 1909 428 1940 πόνοις
452 1909 552 1943 ὀλίγοις

175 1956 224 1982 καὶ
250 1955 339 1989 ἀγῶσι
369 1955 552 1990 κληρωσάμε-

175 2010 219 2033 νος
227 2001 313 2037 γέρας
321 2001 440 2034 αἰώνιον,
450 2002 553 2036 ἀνορω-

176 2055 226 2079 mg
245 2047 356 2082 εὐτελὴς
368 2047 438 2074 κατὰ
451 2047 550 2082 σάρκα,

175 2093 233 2120 ἀλλ’
248 2093 344 2130 ἐπειδὴ
351 2094 440 2120 εἵλετο
451 2094 552 2130 ἀρετὴν

176 2141 223 2167 καὶ
235 2140 363 2176 ἠγάπησε
381 2141 458 2173 Θεὸν,
475 2141 551 2176 ὕψω-

176 2196 222 2213 σεν
237 2178 319 2214 adadv
338 2188 352 2213 ὁ
376 2187 453 2220 Θεὸς,
483 2189 552 2215 κατὰ

174 2234 204 2259 1:“;
213 2234 416 2269 γεγραμμένον,
426 2235 467 2261 ὅτι
480 2235 552 2268 Τοὺς

175 2279 355 2312 δοξάζοντάς
379 2289 418 2315 με
457 2280 553 2312 δοξά-

174 2332 228 2356 σω,
250 2325 299 2351 καὶ
322 2325 490 2357 ἐξουθενῶν
515 2335 553 2361 με

174 2371 413 2405 ἁτιμασθήσεται
432 2372 480 2407 (ι).

624 1625 699 1653 Talis
718 1628 815 1654 beatus
831 1627 965 1654 Domitia-

587 1680 740 1708 nus,quem
754 1674 964 1706 celebravimus.

587 1719 722 1753 cujusque
759 1727 821 1746 cum
864 1720 966 1747 sanctis

587 1765 719 1791 memoria
743 1770 785 1791 est
809 1765 965 1800 cujusmodi

586 1815 722 1844 quaestum
751 1809 826 1842 fecit,
853 1811 964 1846 qualem

587 1857 677 1891 exegit
693 1856 787 1888 vitam,
815 1858 910 1891 paucis
927 1857 966 1883 la-

587 1903 711 1935 boribus,
722 1911 754 1931 ac
767 1904 966 1932 certaminibus

587 1960 707 1987 perenne
728 1952 870 1986 prtemium
884 1954 966 1980 sorti-

588 2000 651 2028 tus?
663 2000 731 2027 Vilis
741 2000 892 2028 secundtttn
907 2009 966 2028 car-

587 2055 660 2079 nem,
689 2047 735 2074 sed
763 2055 845 2082 quem
871 2048 964 2075 virtuti

587 2094 749 2126 adductum,
758 2093 861 2128 Deique
871 2101 967 2121 aman-

588 2144 641 2166 tctn
662 2140 761 2167 extulit
776 2139 849 2168 Deus
866 2149 965 2169 secun-

586 2186 651 2213 dum
675 2186 808 2221 scriptum
823 2208 830 2220 ,
848 2187 964 2215 llunori-
981 2205 1002 2232 Β

586 2234 697 2268 ﬁcantes
727 2243 768 2261 me
794 2235 960 2270 gloriﬁcabo,

586 2285 610 2307 ιιι
630 2280 676 2315 qui
691 2281 832 2307 contemnit
845 2289 894 2314 mc,
913 2282 962 2308 erit

587 2327 706 2361 ignobilis
723 2328 744 2354 ’³.

211 2418 282 2446 Utin
299 2419 435 2454 ejusmodi
451 2420 582 2449 fratribus
593 2421 721 2456 gaudere,
731 2427 813 2457 atque
827 2423 964 2450 exsultare

174 2472 224 2499 par
241 2464 287 2492 sit.
300 2464 400 2492 Verum
419 2465 487 2492 nihil
504 2467 642 2501 egerimus
655 2467 708 2495 nisi
725 2475 787 2502 qua:
805 2473 962 2494 nostrarum

175 2509 293 2544 partium
309 2515 373 2538 sunt
390 2519 443 2538 una
461 2520 572 2547 quoque
581 2512 758 2540 conferamus
769 2522 776 2540 2
789 2513 964 2541 conferentes

174 2561 265 2583 autent
282 2564 331 2591 pro
350 2557 434 2590 virili,
466 2557 630 2586 habebimus
653 2563 680 2585 et
702 2567 751 2585 nos
777 2563 882 2593 partem
901 2567 962 2586 cum

175 2603 280 2630 sanctis
305 2611 352 2637 per
371 2603 514 2631 Christum
538 2604 632 2632 Jesum
663 2604 808 2632 Dotnitttttu
825 2610 961 2632 nostrum.

173 2649 222 2676 Cui
244 2649 331 2684 gloria
350 2654 378 2677 et
393 2650 537 2684 imperittm
553 2660 615 2678 cutn
632 2651 723 2684 Patre,
741 2660 772 2679 ac
789 2657 885 2679 sancto
900 2652 962 2687 Spi-

174 2695 237 2728 ritu,
257 2704 331 2724 nunc
360 2701 387 2724 et
403 2704 521 2732 semper,
544 2698 569 2725 in
591 2706 757 2734 omnemque
791 2699 962 2734 perpetuita-

174 2747 237 2770 tsm.
258 2744 355 2771 Amen.

222 2801 232 2815 '
251 2799 332 2827 Josuc
350 2809 369 2831 I,
388 2802 418 2835 ὃς

446 2801 528 2829 llebr.
543 2811 601 2834 ιιιιι,
699 2805 707 2817 ⁸
722 2804 792 2830 l‘sal.
819 2813 903 2834 ttxvtt,
921 2806 946 2831 ti.

175 2841 184 2856 ρ
201 2835 280 2861 tiam.
299 2844 323 2867 v,
343 2837 386 2864 tt}.

427 2838 448 2852 ‘°
460 2837 532 2865 Psal.
551 2847 604 2872 λιι,
622 2839 644 2865 l.
687 2840 703 2854 “
719 2840 806 2866 Galat.
824 2849 853 2873 II,
872 2842 914 2867 l‘J.

213 2894 250 2929 tl)
270 2894 375 2922 Fatuttc.
394 2896 551 2932 θῶμαι-(ιτ.
569 2898 611 2926 Ctl.
632 2899 735 2928 llatlcn
762 2905 779 2926 t.
796 2899 900 2934 ΚΑΜ.

982 2805 1001 2819 ¹··
1033 2803 1116 2831 llcbr.
1134 2811 1194 2835 χιιι,
1213 2802 1239 2829 7.

765 141 796 170 S.
814 140 1010 170 TllEODORI
1029 141 1204 171 STUDlT/E
1748 137 1801 168 512

1313 196 1430 224 SERMO
1448 196 1493 224 ΙΙΙ.

1012 242 1075 270 Post
1086 249 1205 270 sumtum
1220 242 1331 269 Pascha.
1347 242 1500 269 Obeumlnm
1513 241 1587 268 nobis
1599 249 1654 268 esse
1669 247 1697 267 ut
1707 250 1801 268 mona-

1048 279 1118 304 stica
1135 280 1310 312 professione,
1325 284 1349 304 et
1369 286 1420 311 qua
1435 285 1482 311 pro
1499 276 1610 303 Domino
1621 276 1739 303 defuncti
1753 285 1801 304 su-

1047 321 1104 339 mus
1119 313 1309 347 oppugnatione
1322 313 1432 347 dignum
1448 316 1496 338 est.

1048 357 1157 384 Fratres
1174 357 1336 392 Patresque,
1356 356 1403 384 Pol
1420 357 1522 391 gaudio
1541 357 1677 391 replcmur
1691 359 1799 392 inopes,

1011 404 1057 438 qui
1071 411 1120 431 vos
1135 404 1285 438 quotannis
1298 404 1352 431 huc
1367 410 1522 430 commeare
1536 403 1689 435 videamus,
1706 404 1802 438 quasi-

1011 457 1065 483 que
1080 450 1195 476 alterum
1219 449 1326 477 Pascha
1343 449 1490 476 adventum
1514 455 1636 476 vestrum
1653 450 1800 484 agitamus.

1048 494 1103 522 Sed
1127 495 1257 530 quoniam
1283 495 1406 522 carnalia
1433 495 1513 522 nobis
1541 494 1656 528 affet-tis,
1673 499 1701 522 et
1727 495 1801 522 aliud

1013 539 1092 572 alius,
1119 540 1213 575 qualia
1234 547 1332 567 manus
1352 539 1473 575 praebere
1495 543 1591 575 queat,
1616 547 1665 575 age
1681 540 1801 568 invicem

1012 585 1090 612 vobis
1129 592 1179 620 pro
1211 585 1316 613 viribus
1353 585 1509 620 spiritualia
1556 584 1688 612 feramus.
1718 585 1803 620 Igitur

1014 631 1110 657 hortor
1123 638 1183 662 vos,
1201 629 1311 663 fratres,
1328 637 1377 665 per
1397 637 1496 656 nomen
1511 628 1618 656 Domini
1638 630 1723 656 nostri
1736 629 1803 656 Jcsu

1015 676 1118 703 Christi
1130 676 1218 709 obire,
1233 681 1262 703 ut
1275 675 1425 704 monastica
1435 675 1617 710 professione,
1633 681 1705 703 utea
1719 683 1803 710 quam

1014 722 1168 756 peregimus
1192 720 1378 752 confessione,
1402 725 1432 747 ut
1447 721 1662 756 oppugnatione,
1685 729 1739 755 qua
1755 729 1806 756 pro

1015 767 1131 795 Domino
1159 775 1258 795 sumtts
1281 766 1403 794 defuncti
1435 767 1548 802 dignum
1578 771 1631 799 est,
1663 767 1747 794 vitam
1777 767 1805 794 in

1015 814 1117 841 mundo
1141 814 1284 841 honestam
1302 813 1450 848 degentes,
1474 817 1504 839 ut
1520 813 1566 847 qui
1591 812 1731 847 egregium
1754 820 1807 839 no-

978 869 999 896 n
1015 863 1103 886 strutn
1113 858 1301 886 Christianum
1320 857 1442 885 studium
1458 860 1594 884 tentantes
1606 864 1656 884 ceu
1667 856 1808 884 facinoro-

1015 911 1061 931 sos
1077 904 1292 936 calumniantur,
1307 903 1456 938 pudefiant.
1479 901 1550 928 Sunt
1567 902 1653 934 enim,
1675 905 1741 928 sunt
1759 902 1808 935 qui

1015 948 1117 976 Christi
1142 949 1346 977 confessionem
1369 949 1521 980 incessant,
1538 953 1567 976 ut
1586 955 1709 976 aversam
1728 957 1805 977 cura.

1015 1000 1043 1022 et
1059 995 1207 1030 indignam,
1227 995 1301 1031 quod
1322 995 1364 1022 vel
1385 995 1483 1022 horreo
1499 995 1602 1026 dicere,
1621 999 1808 1029 censeautque

1014 1045 1148 1075 prrestare
1169 1049 1232 1068 cum
1255 1041 1352 1069 haeresi
1367 1042 1526 1069 societatem
1548 1041 1633 1073 coire,
1651 1048 1735 1076 quant
1756 1048 1808 1076 pro

1015 1087 1125 1115 Christo
1140 1089 1374 1123 oppugnationem
1392 1087 1480 1121 adire,
1497 1095 1617 1122 quorum
1637 1087 1711 1122 justa
1727 1087 1807 1114 dam-

1016 1133 1092 1159 natio
1109 1137 1161 1165 est,
1177 1133 1374 1168 geminumque
1389 1133 1534 1161 consilium
1552 1133 1658 1161 Balami
1678 1133 1807 1164 constlio,

1015 1181 1062 1216 qui
1078 1188 1178 1208 noxam
1195 1181 1223 1208 in
1244 1180 1382 1209 lsraelitas
1396 1180 1576 1215 comparavit.
1591 1180 1737 1208 Enimvero
1751 1180 1808 1207 duo

1015 1231 1080 1254 sunt
1101 1232 1207 1261 stupra,
1226 1227 1287 1254 fidei
1312 1235 1409 1259 unum,
1441 1227 1560 1254 alterum
1585 1226 1611 1253 in
1635 1233 1750 1261 corpore
1769 1226 1808 1253 si-

1017 1278 1074 1300 tum
1093 1279 1101 1298 :
1117 1277 1148 1299 ut
1164 1272 1210 1306 qui
1228 1272 1358 1300 hazretica
1376 1272 1578 1300 consuetudine
1594 1272 1730 1306 capiatur,
1743 1280 1806 1299 cum

1016 1323 1142 1353 stuprum
1158 1318 1184 1345 in
1204 1318 1289 1346 Deum
1311 1318 1479 1351 committat,
1501 1323 1558 1346 tum
1574 1322 1709 1352 potestate
1724 1317 1807 1344 simul

1016 1372 1130 1398 corpore
1144 1372 1255 1399 quoque
1269 1368 1395 1399 stuprum
1410 1363 1546 1399 designet.
1562 1362 1747 1396 Quamobrem
1760 1363 1809 1398 qtti

1016 1418 1048 1438 ea
1066 1411 1160 1438 dicant
1174 1411 1248 1446 plani
1265 1415 1330 1438 sunt
1344 1415 1428 1445 atque
1443 1410 1621 1444 impostores,
1633 1409 1680 1444 qui
1697 1409 1809 1436 animos

1016 1461 1126 1492 captent
1135 1457 1270 1484 infirmos.
1282 1455 1338 1483 Nos
1346 1456 1468 1490 quidem,
1480 1455 1593 1488 fratres,
1606 1459 1634 1483 et
1646 1460 1740 1483 nostra
1765 1456 1809 1490 ip-

1018 1511 1124 1536 sorum,
1142 1508 1170 1530 et
1184 1502 1309 1530 veritatis
1333 1502 1454 1529 hostium
1475 1509 1572 1533 causa,
1591 1501 1674 1528 vitam
1694 1508 1808 1535 compo-

847 1533 963 1560 ‘luoru'n
978 1540 999 1569 C
1021 1557 1121 1576 namus
1137 1557 1221 1584 quam
1239 1548 1488 1579 accuratissimam,
1509 1547 1640 1582 praeclare
1662 1547 1808 1578 obeuntes,

1017 1594 1199 1629 honestisque
1216 1593 1315 1622 studiis
1329 1594 1363 1620 ad
1383 1593 1520 1620 amussim
1544 1593 1634 1628 politi.
1660 1592 1810 1627 Unusquis-

1016 1648 1075 1676 que,
1094 1640 1193 1675 inquit,
1210 1644 1325 1667 vestrum
1336 1639 1472 1673 psalmum
1483 1639 1570 1670 habet,
1587 1639 1705 1674 tinguant
1719 1638 1809 1671 habet,

1016 1685 1166 1712 doctrinam
1184 1685 1282 1718 habet,
1302 1685 1393 1712 omnia
1414 1684 1450 1711 ad
1476 1684 1683 1718 aediﬁcationem
1704 1684 1809 1718 ﬁant“.

1018 1731 1071 1758 Seu
1091 1731 1359 1766 prodircneeessitas
1383 1735 1479 1765 cogat,
1501 1730 1703 1765 circumspecte
1722 1731 1808 1764 prod-

1016 1784 1125 1809 eamus,
1147 1781 1177 1803 ut
1191 1776 1265 1811 qttod
1299 1775 1483 1811 spectantium
1500 1776 1547 1802 fiat
1568 1776 1725 1806 commodo,
1740 1775 1811 1802 etni-

1017 1828 1061 1851 cet
1078 1824 1104 1850 in
1121 1824 1196 1851 vultu
1212 1824 1308 1858 gratia,
1331 1831 1378 1851 seu
1392 1823 1499 1851 accidat
1513 1828 1542 1850 ut
1554 1831 1616 1851 cum
1634 1823 1736 1850 femina
1753 1824 1812 1850 col-

1017 1871 1172 1904 loquantur,
1191 1878 1252 1898 cum
1275 1870 1378 1904 ingenti
1393 1870 1523 1897 cautione
1536 1869 1693 1904 loquamur,
1712 1870 1811 1897 oculos

1017 1917 1051 1943 ab
1076 1917 1173 1944 obtutu
1204 1917 1389 1948 continentes,
1416 1924 1451 1944 ne
1476 1916 1569 1943 animo
1599 1917 1755 1949 stimulum,
1778 1925 1812 1944 ac

1018 1963 1100 1990 telum
1128 1963 1280 1998 capiamus.
1303 1962 1425 1990 Breviter
1447 1967 1547 1990 cuncta
1564 1962 1598 1989 ad
1620 1961 1666 1989 Dei
1693 1962 1810 1997 gloriam

1018 2014 1160 2043 geruntur,
1184 2009 1230 2044 qui
1258 2016 1310 2037 nos
1336 2009 1486 2041 adamavit,
1515 2016 1631 2043 seseque
1646 2008 1745 2036 obtulit
1760 2017 1812 2044 pro

1018 2055 1108 2082 nobis.
1121 2055 1207 2090 Cujus
1216 2055 1298 2082 habet
1309 2062 1387 2081 amor
1399 2055 1548 2082 attonitum
1561 2059 1722 2087 amatorem,
1737 2055 1811 2082 haud

1017 2109 1099 2129 suutn
1115 2109 1175 2128 esse
1191 2101 1362 2135 permittens.
1381 2101 1428 2127 sed
1452 2100 1545 2128 amati.
1561 2100 1650 2135 Atque
1663 2101 1688 2128 id
1702 2101 1810 2135 perspi-

1018 2155 1079 2174 cere
1093 2151 1135 2174 est
1149 2147 1175 2174 in
1190 2147 1335 2174 carnaliter
1348 2146 1505 2173 amantibus
1516 2155 1523 2179 ;
1536 2154 1598 2173 nam
1607 2154 1669 2174 cum
1678 2146 1810 2174 feminam

1018 2194 1059 2220 vir
1075 2197 1160 2224 amat,
1185 2197 1273 2219 totum
1295 2199 1324 2219 se
1346 2191 1457 2219 amasize
1475 2191 1588 2226 prabet,
1605 2199 1666 2218 eam
1688 2192 1810 2226 spirans,

1017 2248 1077 2267 eam
1094 2239 1229 2274 cogitans.
1248 2238 1301 2265 Seu
1319 2238 1404 2266 solem
1429 2238 1518 2270 dicas,
1541 2245 1591 2265 nec
1611 2238 1698 2266 solem
1714 2239 1810 2265 videre

1018 2285 1092 2315 velit.
1103 2283 1149 2311 sed
1161 2283 1306 2316 amasiam,
1319 2291 1366 2310 seu
1378 2290 1500 2310 mensam
1513 2290 1661 2317 proponas,
1675 2291 1729 2310 non
1742 2291 1811 2317 gau-

1018 2330 1093 2358 debit
1109 2337 1140 2357 ea
1154 2329 1220 2362 frui,
1240 2329 1286 2356 sed
1305 2328 1419 2355 amasia.
1439 2327 1544 2362 Ecquid
1566 2332 1609 2355 est
1630 2332 1722 2355 autem
1742 2328 1810 2355 ltcro

1020 2376 1130 2404 Christo
1145 2375 1306 2408 formosius,
1325 2374 1424 2409 ecquid
1447 2375 1528 2402 beato
1550 2374 1611 2408 ejus
1636 2381 1731 2401 amore
1743 2382 1810 2401 sua-

1017 2423 1079 2450 vius
1094 2431 1100 2449 :
1115 2430 1179 2450 nam
1207 2422 1231 2449 is
1258 2421 1367 2456 generis
1393 2420 1536 2448 hominum
1558 2420 1638 2454 longe
1653 2420 1808 2453 pulcherri-

1017 2477 1078 2497 mus
1093 2469 1153 2496 est?
1165 2476 1217 2495 non
1232 2468 1359 2499 dulcedo,
1376 2471 1403 2493 et
1422 2471 1496 2494 totus
1520 2466 1636 2498 deliciae,
1653 2466 1808 2493 secundum

1016 2515 1130 2543 oracula
1143 2515 1153 2530 ⁹
1164 2515 1175 2541 ‘.’
1187 2514 1215 2541 id
1233 2513 1302 2541 adeo
1315 2513 1403 2541 sancti
1424 2513 1612 2546 ostendentes,
1628 2513 1680 2540 hoc
1693 2516 1736 2539 est
1752 2512 1808 2539 fer—

1016 2560 1110 2588 vidum
1123 2560 1184 2595 ejus
1199 2566 1332 2591 amorem,
1343 2558 1426 2590 alius,
1445 2557 1686 2591 Quemadmodum,
1699 2557 1747 2589 ait,
1763 2558 1810 2583 de-

1017 2607 1117 2635 siderat
1136 2614 1211 2634 cerva
1223 2606 1257 2632 ad
1265 2606 1349 2640 fontes
1357 2613 1500 2640 aquarum,
1516 2605 1555 2631 ita
1568 2603 1701 2631 desiderat
1716 2605 1808 2630 animo

1018 2663 1076 2681 mea
1104 2654 1138 2680 ad
1164 2658 1198 2685 te,
1220 2652 1291 2679 Deus
1304 2652 1340 2685 ¹⁰;
1356 2651 1426 2678 alius
1444 2660 1449 2677 :
1468 2650 1542 2678 Meus
1561 2658 1636 2676 antur
1661 2650 1808 2683 cruciﬁxus

1017 2707 1054 2727 cst
1070 2699 1192 2727 Christus
1205 2698 1224 2714 "
1237 2707 1244 2731 ;
1261 2698 1332 2725 alius
1346 2704 1455 2724 rursum
1466 2705 1473 2723 :
1485 2696 1609 2723 Charitas
1624 2695 1694 2721 enim
1707 2693 1809 2720 Christi

1019 2751 1090 2782 urget
1108 2754 1165 2778 nos,
1179 2745 1340 2772 mstimantcs
1353 2743 1410 2775 hoc,
1423 2742 1558 2777 quoniam,
1572 2741 1594 2767 ai
1607 2748 1674 2767 unus
1690 2748 1737 2773 pro
1751 2748 1807 2765 ont-

1277 2801 1286 2818 ”
1304 2801 1313 2828 l
1330 2801 1396 2836 llcg.
1419 2808 1449 2833 tt,
1469 2799 1512 2826 50.
1559 2798 1569 2814 ⁸
1584 2798 1590 2825 l
1608 2798 1671 2825 Cor.
1690 2805 1744 2830 xlv,
1760 2797 1806 2824 20'.
