1916 3075
81 144 131 176 513

645 142 850 172 SERMONES
869 142 1130 173 CATECIIETICI.

1659 143 1710 174 bli

81 199 155 226 nibus
166 203 289 225 mortuus
306 202 344 224 est
359 205 368 224 :
386 205 448 232 ergo
467 204 554 223 omnes
581 197 679 223 mortui
697 201 767 230 sunt,
784 202 808 224 et
822 205 872 231 pro
888 202 909 227 Α
926 203 1114 233 tempestatem
1133 201 1300 225 teterrimam
1321 199 1449 226 concitat.
1467 198 1519 232 Qui
1542 199 1567 226 tti
1586 200 1711 227 celeriter

80 245 202 272 omnibus
219 249 341 271 mortuus
357 248 406 276 εει,
428 248 456 270 ut
471 243 516 278 qui
529 243 617 269 rivunt
633 243 690 277 jam
705 251 756 269 non
771 243 822 270 sibi
834 244 872 269 vi-

80 296 151 323 vant,
161 291 207 317 sed
219 291 243 318 ei
256 291 303 324 qui
314 298 361 324 pro
370 290 434 324 ipsis
447 294 566 316 mortuus
577 294 626 320 est,
639 295 663 316 et
679 290 824 316 resurrexit
839 290 870 314 ¹²ε

81 338 132 364 hoc
145 344 241 364 amore
266 336 398 362 tnuttdum
422 335 583 370 complexus
608 334 680 362 Deus
695 339 746 367 est,
762 339 873 369 tamque

80 383 182 410 acriter
219 387 246 409 et
262 382 428 416 impotenter
440 389 454 408 a
469 382 574 408 sanctis
589 381 743 408 adamatus.
758 380 813 408 Nos
826 381 873 414 qui

80 429 170 463 tepide
184 435 249 455 eum
277 435 412 459 amemus,
437 432 583 461 propterea
599 426 715 461 perditis
731 427 872 461 cogitatis,

80 475 228 509 carnisque
252 474 412 500 libidinibus
429 474 565 507 capimur,
582 473 703 500 doloretn
727 479 775 507 pro
796 472 873 499 volu-

81 526 162 556 ptate,
175 520 331 547 amaritiem
348 527 397 554 pro
407 520 563 551 dulcedine,
579 519 724 546 tumultum
744 526 795 554 pro
809 526 874 553 pace

80 569 291 602 prehensantes.
322 566 375 593 Sed
409 566 545 592 abluenda
577 573 656 592 meus
682 570 734 596 est,
763 564 871 597 fratres,

80 614 222 643 cohortor,
237 613 271 639 ab
284 613 328 638 his
343 612 432 638 noxiis
444 611 630 646 cupidinibus,
642 615 669 637 et
683 610 793 638 assidue
808 618 873 644 ptir-

79 660 180 694 ganda,
193 667 250 693 quo
265 652 407 686 Christum
425 658 577 684 habeamus
590 657 771 684 domesticttnt
788 666 794 683 :
810 650 872 683 nam

80 706 123 732 ubi
142 706 259 740 paritas,
284 705 319 731 ibi
346 704 484 731 Christus.
514 703 581 736 Quae
606 703 734 729 mutabilis
747 703 869 734 demum,

80 752 217 784 licataque
235 750 292 776 vita
308 754 362 779 est,
383 755 415 774 ac
432 748 454 775 si
480 748 605 775 viventes
627 747 740 774 ewlestc
759 754 872 782 regnum

79 803 237 831 quaeremus
247 802 294 829 per
309 794 450 822 Christum
468 793 561 820 Jesum
579 793 723 820 Dontinum
736 797 872 820 nostrum.

79 843 128 869 Cui
145 842 233 877 gloria
247 846 274 868 et
288 841 434 875 imperium
455 847 516 866 cum
533 839 623 870 Patre,
644 846 675 865 ac
693 844 788 865 sancto
810 837 871 872 Spi-

924 243 1090 272 ﬂuetuantes
1107 245 1290 279 cogitationes
1313 245 1398 276 sedet,
1424 246 1491 272 nihil
1520 246 1545 272 in
1572 253 1647 273 tnora
1665 248 1710 275 sit,

924 291 989 325 quin
1007 291 1194 317 miserabilem
1206 298 1267 318 eam
1280 292 1343 318 edat
1358 299 1455 318 vocem
1474 301 1480 318 :
1503 292 1566 319 Veni
1578 293 1605 319 in
1620 293 1714 319 altitu-

924 336 1011 362 dinem
1025 337 1118 368 maris,
1135 342 1160 364 et
1177 342 1317 372 tempestas
1333 337 1457 365 demersit
1473 346 1514 364 me
1524 338 1656 373 ".ltaque
1670 346 1715 366 ra-

924 381 962 407 tio
975 381 1132 415 prmsideto,
1152 389 1243 417 neque
1258 389 1273 409 a
1287 382 1382 417 peiore
1398 383 1575 417 praestantius
1591 383 1714 411 detrahi-

925 431 978 458 tor,
992 428 1060 461 quin
1073 428 1189 462 spiritus
1200 428 1367 460 dominator,
1385 433 1468 463 atque
1490 429 1522 456 ad
1539 429 1714 464 pratstantius

925 475 1007 507 agito.
1028 473 1148 501 Nescitis
1171 474 1237 508 quid
1261 479 1404 509 peceatum
1428 474 1640 509 designaverit?
1659 482 1713 502 tton

925 524 1040 546 mortem
1068 520 1095 546 in
1123 520 1256 547 mundum
1283 520 1415 547 induxit?
1433 527 1487 547 non
1516 520 1612 548 orbem
1629 524 1715 548 terra-
1734 532 1741 537 ε

925 571 985 590 rum
1014 565 1177 599 sepulcretis
1205 565 1374 598 complevit?
1392 563 1469 592 Unde
1493 569 1538 592 est
1552 569 1642 592 autem
1668 564 1714 593 illa

925 609 1058 637 hactenus
1071 610 1105 636 ab
1116 618 1173 638 aevo
1185 610 1336 638 internecio
1347 611 1359 636 ‘i
1369 610 1470 645 quippe
1481 614 1541 637 erat
1553 614 1617 638 ante
1626 616 1716 638 trans-

924 655 1096 689 gressionem
1129 656 1307 691 incorruptus
1347 656 1452 689 homo,
1490 663 1581 690 neque
1616 664 1713 684 eorum

924 708 985 734 qua:
1013 701 1192 734 prtediximus
1216 702 1368 736 quidquam
1395 706 1486 728 ortum
1516 701 1668 735 habuisset,
1691 703 1714 729 si

924 750 1055 773 constans
1078 747 1180 774 inedita
1198 754 1230 781 pr
1241 751 1344 782 :ecepto
1359 747 1539 781 primigenius
1558 748 1713 775 mansisset.

925 790 981 818 lloc
995 792 1122 825 perennis
1138 796 1235 819 auetor
1256 792 1394 827 supplicii.
1420 792 1470 820 hoe
1490 793 1622 827 gehennae
1643 793 1714 828 ignis

925 835 1087 863 inexstineti
1105 836 1276 871 deﬂagratio,
1290 837 1342 864 hoc
1363 837 1465 864 vermis
1482 838 1543 864 sine
1557 837 1611 864 {inc
1626 839 1714 873 pabu-

79 876 240 920 titu,rnunc
266 892 294 914 et
317 893 435 921 semper,
456 886 482 912 in
508 892 674 920 omnemque
694 884 867 919 perpetuita-
886 876 906 905 Β
922 881 977 908 lum
993 887 1046 914 est,
1061 883 1123 914 hoc,
1153 884 1199 918 qui
1222 884 1249 911 in
1272 884 1377 911 honore
1393 889 1478 917 esset,
1493 885 1633 911 hominem
1650 886 1715 912 bru-

81 941 147 961 trnt.
167 934 267 960 Amen.

392 987 510 1015 SERMO
526 986 571 1015 IV.

82 1038 145 1064 Γοδι
160 1042 280 1064 mnuum
294 1032 872 1068 Pascha.Circumspectionemadhibendam,

134 1074 267 1106 uariaque
278 1070 407 1105 fugienda
422 1070 523 1104 peccati
544 1069 611 1100 loca,
626 1074 703 1102 atque
720 1068 820 1094 modos.

117 1117 229 1144 Fratres
251 1115 412 1148 Patresque,
436 1119 514 1141 vocat
537 1118 599 1148 post
620 1113 719 1140 festum
736 1113 768 1139 ad
789 1112 874 1139 collo-

81 1164 177 1198 quium
204 1162 293 1189 redire
320 1165 449 1195 tempus,
478 1168 510 1187 ac
536 1160 685 1187 solemnem
706 1159 874 1185 rateehesim

82 1210 209 1237 reddere.
223 1208 385 1235 Polalacrcs
394 1207 585 1238 convenimus,
599 1206 669 1232 haud
681 1205 766 1239 ignari
783 1205 814 1231 ad
826 1205 876 1230 hoe

82 1259 272 1290 comparatos,
301 1254 449 1287 minusque
476 1260 523 1279 vos
541 1252 714 1286 alloquentcs
742 1254 874 1285 quantum

82 1305 145 1335 pote
159 1304 214 1331 est,
229 1299 398 1333 deploratos.
418 1297 489 1330 Quid
505 1297 591 1332 igitur
602 1297 693 1324 dicere
709 1301 752 1323 est
763 1297 789 1323 in
805 1304 875 1331 prat-

82 1345 228 1373 sentibus?
254 1345 360 1372 scilicet
388 1351 614 1378 unumquemque
640 1347 774 1374 vestrum,
796 1342 875 1376 quasi

82 1392 232 1427 quentdam
260 1395 454 1422 mercatorem,
484 1390 512 1416 in
537 1388 752 1424 Quadragcsima
778 1388 877 1422 opibus

82 1438 188 1465 coactis
217 1436 401 1471 spiritalibus,
427 1435 501 1462 velut
525 1435 552 1461 itt
581 1439 690 1469 portum
717 1435 749 1461 ad
767 1441 875 1461 sacrum

81 1483 188 1510 Pascha
209 1482 329 1512 venisse,
345 1480 440 1507 multis
452 1481 631 1514 comportatis
647 1480 757 1506 eximiis
775 1479 876 1506 merci-

83 1529 135 1556 bus
154 1528 278 1559 virtutis,
296 1527 322 1554 id
346 1530 389 1554 est
413 1527 526 1561 jejunio,
544 1526 657 1560 vigiliis,
676 1525 814 1560 precibus,
833 1525 877 1552 in-
891 1545 912 1573 ϐ

82 1575 202 1605 dustria,
213 1578 241 1600 et
255 1581 317 1607 quae
330 1572 382 1599 alia
399 1578 462 1599 sunt
473 1573 563 1599 studia
579 1571 698 1606 pietatis,
719 1579 806 1606 eaque
823 1579 876 1598 non

84 1621 207 1648 minimae
229 1627 304 1647 cura!
319 1623 362 1646 est
376 1626 549 1646 conservare.
568 1617 662 1652 Neque
676 1619 748 1645 enint
762 1618 833 1651 quod
851 1618 877 1643 iu

85 1667 181 1694 sensili
201 1674 254 1693 usu
272 1666 361 1697 venit,
387 1665 459 1692 idem
488 1665 514 1691 in
531 1669 611 1699 portu
636 1663 811 1698 cogitandum
832 1663 877 1697 qui

86 1719 178 1740 mente
199 1712 364 1747 ingenioque
389 1711 573 1743 describitur;
594 1717 667 1736 'nam
698 1709 763 1742 illic,
794 1709 878 1736 simul

87 1765 170 1794 atque
196 1758 348 1793 appuleris,
380 1758 466 1783 otium
485 1764 561 1791 agas,
590 1755 722 1782 ﬂuctuum
737 1755 832 1787 maris,
848 1762 880 1781 ac

87 1806 283 1832 discriminum
316 1810 443 1833 securus,
465 1802 509 1829 hic
525 1801 618 1829 carnis
645 1805 740 1828 contra
770 1800 879 1826 licentia

88 1852 177 1886 magis
203 1850 267 1876 vitia
290 1849 440 1881 ferociunt,
455 1853 483 1875 et
507 1852 638 1882 tanquam
656 1845 782 1881 procella:
806 1853 881 1880 quat-

87 1897 150 1923 dam
173 1896 307 1930 ingruunt
321 1901 438 1927 nequaut
458 1893 583 1927 spiritus,
604 1893 703 1926 stupri,
719 1892 799 1926 gula',
816 1899 881 1918 ava-

86 1943 170 1973 ritiae,
185 1941 318 1971 tristitize,
331 1939 477 1974 superbiae,
492 1937 701 1972 timendumque
709 1945 743 1964 ne
758 1937 785 1964 in
802 1941 879 1971 portu

88 1988 270 2015 inut-demur.
298 1987 445 2013 Enimvero
473 1989 587 2012 sanctus
613 1983 709 2016 David,
734 1987 880 2017 conspecta

88 2033 158 2060 forte
173 2031 247 2059 Uriee
269 2030 387 2065 conjuge
414 2029 590 2060 ineustodite,
621 2028 686 2062 quid
705 2027 881 2062 patraritno-

88 2082 155 2104 ruttt
171 2076 220 2111 qtti
236 2075 374 2110 legant”:
391 2073 510 2101 Comedit
522 2071 617 2105 Iacob,
641 2077 666 2099 et
682 2072 807 2107 impletus
830 2079 880 2105 est,

88 2130 112 2150 et
134 2123 317 2150 recalcitravit
340 2122 454 2148 dilectus
464 2120 498 2153 “,
515 2120 613 2155 ittqttit.
639 2120 804 2146 Attreetavit
820 2119 882 2153 quis

90 2171 222 2197 [emittam
250 2168 356 2201 uolens,
380 2172 406 2194 et
428 2167 556 2194 incensus
574 2165 698 2197 libidine,
713 2165 804 2192 scelus
820 2172 883 2192 con-

926 934 1019 955 torum
1040 929 1204 956 animalium
1226 930 1312 957 instar
1328 930 1448 958 reddidit
1461 931 1492 957 ”.
1515 931 1581 958 Tale
1595 931 1714 967 igiturct

925 973 986 1007 ejus
1010 974 1160 1007 tnodietttn,
1175 975 1210 1001 sit
1226 975 1410 1010 perniciosum
1428 983 1460 1003 ac
1473 976 1654 1007 mortiferum,
1673 976 1715 1003 fu-

924 1019 1054 1053 giendum
1070 1024 1112 1047 est
1129 1019 1228 1047 fratres
1248 1028 1297 1054 pro
1321 1021 1405 1052 virili,
1430 1025 1459 1047 et
1473 1022 1633 1048 asciseenda
1657 1022 1714 1048 vir-

926 1070 980 1097 tus,
996 1074 1057 1101 quae
1077 1067 1189 1101 angelos
1207 1071 1353 1101 comparet
1376 1067 1517 1098 mortales,
1540 1074 1633 1094 necem
1652 1074 1714 1101 pro-

925 1112 1007 1148 ﬂiget,
1024 1114 1164 1141 dientones
1187 1119 1335 1149 expugnet,
1352 1114 1444 1141 swculi
1467 1114 1549 1148 hujus
1564 1113 1712 1148 principes.

924 1165 952 1188 et
967 1161 1088 1188 arbitros
1111 1161 1259 1194 transiliat,
1294 1168 1379 1196 regno
1403 1161 1522 1194 denique
1541 1160 1645 1188 ecelesti
1667 1161 1714 1188 de-

925 1212 1028 1239 sponso
1049 1214 1056 1232 :
1073 1206 1145 1240 quod
1159 1210 1186 1233 ct
1206 1206 1315 1240 assequi
1338 1213 1435 1233 omnes
1452 1206 1593 1240 contingat
1605 1205 1713 1233 Domini

926 1252 1012 1278 nostri
1025 1250 1090 1278 Jesu
1100 1251 1200 1279 Christi
1219 1251 1384 1279 liberalitate
1395 1256 1479 1286 atque
1494 1251 1638 1284 beneﬁcio,
1651 1259 1713 1278 cum

925 1304 982 1330 qtto
1006 1296 1079 1324 Patri
1103 1305 1157 1324 una
1175 1305 1237 1324 cum
1258 1302 1354 1325 saneto
1380 1297 1484 1332 Spiritu
1500 1297 1596 1331 gloria,
1614 1297 1713 1327 honor;

928 1342 1086 1376 imperium,
1101 1349 1175 1369 nunc
1184 1348 1210 1369 et
1221 1350 1341 1377 semper,
1352 1342 1380 1369 in
1404 1349 1569 1376 omnemque
1580 1342 1715 1376 perpetui-

929 1390 1023 1414 tatem.
1040 1387 1138 1415 Amen.

1237 1451 1354 1479 SERMO
1369 1451 1401 1480 V.

930 1505 963 1532 In
989 1505 1116 1544 Octavam
1137 1506 1259 1544 Pascha}.
1280 1506 1318 1534 De
1332 1507 1462 1544 horrendo
1474 1508 1612 1540 tribunali,
1634 1509 1716 1544 deque

965 1541 1102 1601 prw‘jentis
1125 1542 1184 1569 vita:
1206 1547 1305 1569 uostrw
1321 1542 1413 1569 diebus
1426 1543 1612 1578 circumspecte
1625 1541 1713 1570 trans-

965 1584 1015 1601 eun
1037 1585 1070 1601 18.

965 1584 1070 1603 cunam.

964 1620 1074 1648 Fratres
1089 1620 1410 1656 Patresque,prmsentis
1429 1629 1504 1649 mora
1524 1622 1588 1650 vitae
1611 1630 1646 1649 nc
1674 1630 1717 1650 se-

931 1666 1044 1702 gnitiem
1066 1667 1092 1693 in
1104 1667 1193 1699 nobis,
1212 1671 1260 1694 aut,
1280 1667 1500 1700 dissolutionem,
1521 1674 1553 1694 ac
1573 1672 1717 1702 contemp-

931 1718 988 1740 tum
1000 1713 1104 1748 gignat,
1122 1713 1171 1741 scd
1200 1721 1294 1740 curam
1312 1714 1410 1748 magis,
1426 1717 1455 1740 et
1474 1714 1569 1740 acrius
1587 1713 1644 1741 Deo
1659 1713 1718 1748 pla-

930 1759 1010 1786 cendi
1027 1759 1161 1790 studium,
1177 1766 1225 1786 ceu
1248 1759 1416 1786 instantibus
1433 1759 1526 1786 morti.
1539 1758 1638 1786 Nullus
1652 1766 1719 1786 vero

931 1812 1027 1832 servus
1041 1804 1175 1832 rationem
1193 1805 1259 1832 hero
1272 1805 1386 1832 reddere
1401 1805 1602 1840 propinqttans,
1620 1809 1668 1832 aut
1679 1805 1719 1832 le-

931 1855 1012 1884 gatus
1027 1850 1051 1877 ei
1067 1850 1114 1884 qui
1127 1857 1156 1877 se
1177 1851 1263 1882 misit,
1274 1858 1388 1878 securus
1405 1851 1498 1885 degat,
1514 1851 1562 1878 sed
1579 1854 1720 1885 tantopere

931 1900 973 1922 est
1001 1895 1147 1927 sollicitus,
1175 1899 1205 1922 ut
1220 1895 1290 1929 apud
1303 1903 1333 1922 se
1351 1899 1446 1929 captus
1463 1899 1555 1922 mente
1578 1895 1717 1922 videatur.

931 1939 1000 1972 Quid
1024 1939 1129 1973 igitur?
1146 1943 1174 1966 et
1193 1947 1244 1966 nos
1270 1940 1337 1966 hero
1355 1939 1543 1972 immittemus,
1561 1946 1608 1966 seu
1629 1941 1720 1974 potius

932 1984 1059 2010 imminet
1088 1983 1181 2015 herus,
1211 1990 1244 2010 ac
1265 1983 1389 2010 terribile
1416 1983 1544 2010 ineuttdis
1567 1983 1720 2011 rationibus

933 2028 1063 2059 tribunal,
1082 2028 1125 2054 cui
1146 2028 1277 2055 sistentur
1293 2035 1389 2055 onmcs
1406 2028 1470 2055 ttudi
1488 2032 1516 2055 et
1540 2029 1638 2063 aperti,
1654 2035 1721 2056 cau-

934 2081 993 2101 sam
1014 2074 1115 2101 dicturi
1140 2081 1223 2108 quain
1239 2074 1345 2109 egimus
1362 2074 1435 2106 vitae,
1447 2074 1587 2108 laturiqtte
1600 2078 1647 2100 aut
1665 2082 1722 2102 cut-

933 2120 1001 2147 leste
1022 2127 1149 2154 regnum,
1171 2123 1220 2146 aut
1235 2119 1403 2154 supplicium
1430 2127 1561 2154 perenne.
1582 2119 1642 2146 Jam
1658 2120 1721 2154 quis

933 2167 966 2193 ad
983 2166 1041 2193 hate
1056 2166 1221 2197 instructus,
1249 2170 1297 2192 aut
1310 2166 1357 2200 qui
1368 2165 1492 2192 dormire
1507 2165 1605 2200 possit,
1620 2173 1653 2193 ac
1665 2173 1720 2192 non

90 2217 182 2243 traxit.
196 2215 313 2241 Attende
326 2214 373 2248 qui
386 2213 506 2245 inaudiS,
523 2211 586 2246 fuge
601 2211 683 2238 Milia
694 2211 796 2246 peccati
820 2211 878 2237 loca
896 2213 918 2241 D
933 2213 988 2248 igni
1005 2212 1145 2247 pernicius
1159 2213 1217 2239 heri
1234 2212 1402 2239 voluntatem
1417 2211 1531 2246 exsequi
1546 2211 1676 2238 festinet?
1687 2219 1722 2238 tte

90 2267 174 2296 atque
197 2261 312 2293 modos;
331 2260 485 2294 oculosque
510 2258 573 2292 tibi,
589 2258 711 2290 auditus,
732 2257 878 2289 odoratus,

91 2313 190 2338 Iactus,
215 2311 355 2340 gustatus,
380 2305 470 2336 cibus,
493 2309 586 2339 potus,
617 2310 744 2335 somnus,
767 2310 816 2330 ceu
846 2302 881 2329 ad

92 2353 225 2380 amussim
242 2351 429 2386 componitor,
452 2357 486 2377 ne
498 2350 627 2377 vitiorum
644 2356 767 2383 mergare
790 2348 880 2375 ﬂueti-

93 2402 152 2426 bus.
171 2399 245 2426 Sane
262 2398 315 2424 hoc
334 2396 477 2424 sciendum
492 2399 535 2423 cst.
550 2396 596 2430 qui
610 2402 684 2422 mare
702 2399 793 2422 tranet
809 2394 883 2428 quod

93 2446 143 2472 sub
157 2452 271 2472 sensum
287 2443 324 2471 sit
339 2443 494 2478 subjectum
512 2445 701 2476 tempestates,
723 2448 755 2467 ac
771 2440 880 2474 procel-

94 2492 133 2518 las
156 2491 252 2518 subire
275 2489 393 2516 invitum
413 2497 419 2515 :
441 2493 468 2515 at
493 2488 540 2522 qui
568 2486 735 2521 profundum
762 2491 884 2513 transeat

96 2537 167 2572 quod
182 2535 364 2570 intelligentia
379 2533 515 2568 capiatur,
531 2537 558 2560 et
573 2533 754 2567 tempestatis,
766 2536 794 2559 et
808 2538 884 2559 tran-

95 2583 238 2618 quillitatis
251 2581 387 2609 Dominus
395 2584 448 2608 est.
462 2579 531 2606 Nam
548 2579 571 2606 si
588 2579 771 2613 cogitationes
786 2578 885 2606 absur-

96 2629 143 2656 das
153 2633 268 2655 strenue
278 2626 407 2661 repellat,
426 2625 624 2660 tranquillitate
639 2625 770 2659 repletur,
796 2623 882 2651 comi-

98 2681 149 2702 tem
172 2674 277 2702 habens
302 2678 429 2700 sanetum
457 2672 602 2707 Spiritum,
623 2671 664 2698 uti
688 2671 752 2698 divo
768 2671 885 2699 Arsenio

99 2722 212 2748 relatum
228 2725 272 2749 est
295 2730 302 2748 :
327 2725 356 2747 at
380 2720 427 2755 qui
445 2727 544 2747 sensus
561 2723 652 2746 teneat
673 2714 825 2750 remissus,'
843 2719 885 2746 in-

100 2771 209 2800 starque
236 2766 385 2793 ﬂumittutn
401 2765 528 2792 libidines
556 2764 733 2796 intromittat,
760 2764 812 2791 sibi
828 2764 886 2798 ipse

135 2823 156 2838 “
173 2823 193 2850 ll
208 2823 275 2850 Cor.
293 2831 320 2855 v,
337 2823 381 2854 Η,
401 2823 444 2850 15.

105 2858 122 2873 ⁸⁷
140 2857 233 2886 Matth.
248 2866 317 2886 xxtt.
340 2859 383 2884 l5.

484 2823 506 2838 ⁸³
521 2821 542 2849 ll
559 2821 625 2858 Reg.
646 2823 712 2857 xt,l
731 2830 808 2858 seqq.
831 2823 851 2838 “
869 2823 946 2851 Dcut.
969 2831 1055 2855 xxxu,
1071 2822 1114 2849 l5.

933 2259 1004 2286 servi
1018 2260 1106 2287 instar
1123 2258 1359 2294 deprehendatur.
1379 2258 1500 2285 thalamo
1519 2258 1620 2285 vinctis
1633 2258 1722 2285 mani-

932 2304 995 2336 bus,
1019 2310 1103 2339 atque
1135 2305 1251 2339 pedibus
1269 2304 1348 2339 ejecti
1365 2304 1397 2330 ’⁷.
1412 2304 1478 2337 Quae
1493 2304 1515 2331 si
1532 2311 1584 2331 nos
1597 2303 1722 2338 exempla

934 2350 1006 2376 haud
1023 2354 1172 2382 exterrent,
1187 2350 1227 2377 vel
1244 2358 1259 2377 e
1275 2350 1454 2384 praesentibus
1467 2350 1500 2376 de
1519 2349 1621 2377 futuris
1648 2357 1717 2377 con-

931 2395 1076 2429 jectemus.
1099 2394 1159 2422 Non
1176 2396 1266 2430 regios
1285 2395 1412 2423 videmus
1429 2395 1522 2423 hostes
1533 2415 1541 2427 ,
1564 2400 1595 2422 ttt
1609 2395 1658 2422 alii
1674 2403 1722 2423 cu-

934 2441 1030 2467 stodiis
1039 2440 1214 2472 atllictentnr,
1225 2441 1271 2468 alii
1281 2440 1373 2476 ﬂagris
1382 2441 1601 2475 multentur;alii
1612 2441 1640 2468 in
1650 2441 1724 2468 exsi-

934 2487 1001 2514 liutn
1020 2487 1209 2522 deportentur,
1232 2487 1278 2514 alii
1300 2487 1396 2515 oculos
1418 2487 1579 2521 deperdant,
1598 2487 1644 2514 alii
1661 2487 1723 2514 vitae

937 2534 1036 2560 adeant
1054 2534 1229 2568 perieulum?
1245 2533 1321 2568 atqui
1337 2540 1386 2561 nec
1408 2533 1581 2560 oﬂ'enderunt
1599 2533 1722 2567 quidem,

938 2583 968 2606 ιιι
984 2579 1034 2613 ipsi
1050 2587 1161 2614 quoque
1181 2585 1270 2607 astent
1292 2579 1398 2612 timide,
1427 2579 1595 2606 famulentur
1610 2578 1723 2613 trepide,

939 2626 992 2652 huc
1007 2625 1072 2652 illuc
1091 2625 1211 2658 ditnissi,
1229 2626 1263 2653 ad
1281 2625 1350 2653 bella
1368 2630 1396 2652 et
1427 2626 1512 2652 ardua
1527 2624 1634 2660 negotia
1650 2633 1657 2651 :
1676 2631 1726 2651 nec

939 2671 1104 2699 contradicit
1120 2672 1279 2707 quisquam,
1296 2676 1344 2699 aut
1361 2671 1452 2698 mintts
1475 2671 1657 2705 obtemperat.
1675 2669 1724 2696 Sin

940 2719 977 2745 ita
992 2723 1035 2746 est
1062 2719 1088 2745 in
1107 2718 1210 2745 caduco
1226 2725 1300 2753 rege,
1324 2722 1427 2752 quanto
1443 2717 1530 2753 magis
1554 2717 1581 2744 in
1611 2715 1725 2751 perettui

939 2765 1054 2800 soloque
1071 2773 1143 2800 rege,
1162 2772 1194 2792 ac
1217 2764 1333 2792 Domino
1356 2764 1541 2795 domittorum,
1568 2762 1662 2790 timide
1685 2767 1725 2788 at-

1157 2822 1178 2838 ”
1193 2822 1264 2849 Psal.
1280 2829 1374 2854 LXVIII,
1389 2821 1415 2848 5.
1447 2821 1468 2836 ”
1482 2819 1553 2848 Psal.
1570 2827 1662 2852 erttt,
1680 2819 1722 2846 15.
