1916 3075
207 136 260 168 515

799 132 829 161 S.
841 129 1040 161 THEODORI
1068 130 1240 160 STUDlT/E

1776 131 1829 164 516

204 198 259 226 que
285 188 390 224 trepide
413 187 472 214 haec
490 194 539 221 par
566 187 636 213 obiri
659 191 712 218 est,
739 193 789 214 nec
805 186 872 213 citra
890 183 991 211 consti-
1004 185 1029 212 Α
1043 183 1125 215 ridas,
1141 186 1257 219 pecudes
1273 185 1412 218 salientes,
1429 193 1505 214 mare
1517 186 1662 220 placidum,
1678 193 1779 216 cuncta
1798 189 1828 216 in

204 242 292 264 tutum
319 234 468 269 quidquam
490 233 569 260 ﬁeri?
587 233 627 260 An
646 233 754 260 divitias
775 232 899 260 bonitatis
919 231 987 265 ejus,

204 288 228 309 et
244 281 381 316 patientia:
402 284 428 306 et
452 279 664 314 longanimitatis
689 279 843 310 contemnis,
862 282 892 304 ut
913 278 990 304 aiunt

204 334 291 355 sacra;
303 326 424 359 Litterae,
444 326 568 360 ignorans
591 325 717 360 qnoniant
731 324 877 358 benignitas
891 323 937 349 Dei
955 323 989 349 ad

205 374 385 407 paenitentiam
408 379 431 399 te
448 373 580 399 adducit?
593 371 736 398 secundum
753 376 840 397 autem
863 370 989 396 duritiam

205 424 288 450 tuam,
313 424 338 446 et
363 418 527 452 impaenitens
550 426 605 450 cor,
631 417 795 443 thesaurizas
813 416 859 442 tibi
880 416 990 442 iramin

203 466 271 492 diem
289 466 346 498 irai,
370 470 395 492 et
416 465 595 496 ret-elationis,
623 468 646 491 et
659 463 728 498 justi
747 463 844 497 judicii
867 462 925 495 Dei,
945 463 990 497 qni

205 512 296 539 reddet
309 512 450 546 unicuique
467 511 612 538 secundant
641 518 719 544 opera
734 510 789 544 eius
808 509 840 535 ’⁵.
860 508 921 535 Haec
938 516 990 535 nos

205 561 327 583 terreant
350 563 516 590 omnemque
536 556 606 582 diem
632 559 711 582 caute
743 562 776 581 ac
791 554 991 588 circumspecte

205 607 388 633 transeamus,
409 601 500 627 statim
517 600 605 635 prima
630 600 693 627 luce
708 599 816 627 alacres
833 603 988 634 surgentes.

204 653 232 674 et
267 655 363 674 somno
396 647 498 674 latione
523 647 647 674 discusso
674 651 898 680 comprecantes,
926 645 989 672 dum

205 695 279 720 horae
297 701 351 720 non
374 697 510 719 canuntur
528 692 562 718 ob
582 691 825 722 resurrectionem,
850 695 880 718 ut
908 691 991 725 agiles

203 747 285 774 opera
303 739 448 766 redeamus
463 747 470 764 :
490 746 538 765 seu
552 738 683 765 cellarius
702 738 728 764 in
741 737 868 769 cellario,
881 745 929 764 seu
941 745 988 764 co-

204 793 275 821 quus
294 786 322 813 in
340 786 471 820 coquina,
490 793 539 812 seu
556 786 683 812 minister
706 785 733 811 in
752 785 918 816 ministerio,
940 792 989 812 seu

204 833 355 859 cohortans
371 832 398 858 in
412 831 596 862 cohortando,
612 831 742 863 breviter,
761 838 859 857 omnes
880 831 906 857 in
928 838 987 856 om-

205 878 298 910 nibus,
322 877 427 912 placide
449 877 593 904 obcuntes.
616 877 756 911 Nusquam
783 884 918 908 murmur,
942 876 988 902 de-

205 924 342 956 trectatio,
359 923 475 955 clamor,
495 923 687 955 contradictio,
707 927 755 949 aut
770 922 926 957 malignitas
948 929 989 948 rc-

205 975 290 1003 tenta,
313 974 343 996 ut
362 968 430 996 foris
445 968 570 1003 placidus
592 969 712 1001 videare,
738 969 812 995 intus
830 967 987 1003 malignita-

205 1022 257 1044 tem
274 1017 343 1048 alas,
369 1024 402 1043 ac
422 1024 473 1043 suo
496 1021 618 1050 tempore
642 1016 777 1046 mordeas.
796 1023 845 1042 ceu
865 1022 987 1049 serpens.

205 1071 346 1091 memorve
358 1062 465 1098 injuria:
476 1062 608 1089 camelus.
622 1061 755 1088 Probrum
776 1061 840 1096 quis
855 1061 989 1096 ingessit?

204 1110 346 1144 praeteriit.
355 1108 498 1144 Resipuit?
509 1109 616 1136 sincere
631 1108 796 1139 condonate,
814 1114 988 1142 nequaquam

205 1155 304 1182 animis
320 1154 489 1187 redaccensi,
513 1161 564 1180 nec
581 1153 732 1180 secundum
749 1152 919 1187 Scripturam
933 1159 990 1179 ma-

204 1201 261 1227 lum
279 1200 351 1226 malo
360 1200 392 1232 ",
409 1203 436 1226 et
459 1199 587 1234 injuriam
627 1198 727 1233 injuria
757 1202 989 1232 eompensantes;

205 1246 270 1280 quin
294 1250 390 1273 contra
411 1245 618 1276 benedicentes,
641 1244 708 1272 certi
722 1243 755 1271 ad
769 1244 989 1271 benedictionem

205 1291 407 1319 haereditariam
423 1295 546 1318 vocatos.

243 1337 314 1364 Nam
329 1337 440 1372 quivult
457 1338 536 1364 rilam
552 1338 672 1372 diligere,
692 1343 717 1364 et
731 1338 787 1364 dies
800 1338 887 1365 videre
899 1337 990 1369 bonos,

205 1383 361 1412 auctoribus
370 1383 492 1415 Litteris,
500 1384 635 1417 prohibeat
646 1384 765 1418 linguam
775 1391 851 1410 suam
862 1392 878 1409 a
887 1384 957 1409 malo
967 1388 991 1409 et

206 1429 278 1456 labia
294 1429 350 1463 ejus
365 1436 397 1455 ne
410 1428 552 1461 loquantur
566 1428 666 1455 dolum.
693 1428 813 1455 Divertat
838 1437 853 1454 a
870 1427 951 1460 malo,
968 1433 991 1454 et

206 1475 287 1508 faciat
299 1474 414 1506 bonum;
432 1475 550 1508 inquirat
570 1482 670 1508 pacem,
686 1478 710 1499 et
737 1479 909 1508 persequatur
922 1481 990 1500 eam.

207 1522 276 1553 Quia
290 1519 359 1547 oculi
375 1519 478 1547 Domini
488 1527 566 1553 super
577 1520 676 1554 justas.
692 1524 716 1545 et
734 1527 810 1545 aures
826 1519 882 1554 ejus
894 1519 921 1545 in
933 1527 991 1553 pre-
1006 1535 1027 1563 ο

213 1576 255 1594 tes
271 1575 372 1594 eorum.
400 1566 496 1593 Vultus
520 1570 608 1592 autem
631 1565 738 1592 Domini
765 1573 843 1599 super
865 1565 992 1600 facientes

207 1613 280 1640 mala
292 1614 314 1629 ¹⁰
329 1622 336 1645 ;
352 1613 459 1639 minora
472 1613 530 1639 hac
547 1621 554 1638 :
570 1611 634 1645 quid
645 1619 709 1638 vero
722 1611 769 1646 qui
779 1610 882 1645 majora
899 1611 989 1638 ?Con-

208 1663 248 1686 tra
275 1658 455 1693 principatus,
485 1665 518 1684 ac
549 1660 710 1690 potestates,
738 1661 765 1683 ct
796 1656 879 1690 hujus
899 1656 991 1683 smculi

208 1707 302 1734 mundi
315 1711 439 1741 potentes
454 1705 601 1736 luctamur,
619 1709 713 1731 contra
740 1705 887 1732 instantem
905 1712 992 1739 oppu-

206 1753 364 1788 gnationem
390 1753 458 1783 haec,
489 1752 589 1786 illaque
616 1751 775 1782 minantem,
807 1756 836 1777 ut
852 1750 992 1783 audimus,

207 1799 298 1832 itaque
310 1797 400 1824 minus
417 1797 552 1831 procincti
567 1796 600 1822 ad
618 1796 736 1828 minora,
750 1803 864 1830 ecquam
889 1796 916 1823 in
936 1803 994 1823 ma-

205 1844 313 1878 joribus
323 1843 430 1870 laudem
444 1851 598 1878 speremus.

244 1890 296 1921 Qui
312 1889 398 1924 ﬁdelis
412 1894 451 1916 est
475 1890 502 1916 in
530 1891 650 1922 minimo,
676 1896 700 1917 et
728 1891 756 1917 in
785 1891 881 1924 majori
907 1890 993 1925 ﬁdelis

207 1939 246 1962 est
262 1935 295 1968 ",
310 1935 541 1969 quemadmodum
555 1936 593 1962 ait
610 1935 751 1962 Dominus.
773 1935 911 1970 lgiturqui
925 1941 951 1963 et
966 1937 992 1963 in

209 1978 307 2013 majori
323 1983 350 2006 et
365 1979 392 2005 iu
418 1979 531 2006 minimo
557 1979 658 2006 Christi
689 1980 821 2007 beneﬁcio
851 1981 903 2008 visi
927 1981 994 2008 estis

208 2024 312 2056 fideles,
325 2029 379 2050 tam
389 2024 542 2051 obedientia
572 2032 653 2057 quam
670 2025 842 2053 confessione
856 2026 993 2058 obeunda.

209 2069 362 2097 neutrunde
393 2069 598 2102 claudicatote,
631 2071 698 2104 quin
723 2072 839 2099 utrinvis
880 2071 993 2106 perfecti

208 2119 304 2147 estote,
317 2115 392 2142 omni
412 2116 542 2150 praeclara
557 2117 697 2143 iunctione
717 2117 844 2149 absoluti,
872 2118 948 2145 nulla
965 2119 993 2145 in

209 2170 239 2188 re
257 2161 451 2188 olfendiculum
480 2163 642 2196 praebentes,
668 2172 702 2190 ne
732 2164 914 2191 ministerium
938 2169 994 2191 tra-

208 2207 344 2233 ducatur:
361 2207 407 2233 sed
418 2207 444 2233 in
453 2209 558 2234 cunctis
568 2207 621 2234 Deo
637 2208 785 2242 placentes,
807 2217 861 2243 quo
872 2209 992 2238 cmlestis

209 2253 284 2288 regni
313 2253 497 2279 hereditatem
532 2254 630 2281 incatis
659 2262 707 2288 per
731 2255 870 2282 Christum
898 2255 991 2283 Jesum

209 2297 355 2324 Dominum
371 2302 507 2325 nostrum.
532 2299 581 2326 Cui
604 2300 688 2334 gloria
705 2305 730 2327 et
756 2301 901 2335 imperium
929 2309 991 2328 cum

210 2344 298 2376 Patre,
315 2351 347 2371 ac
360 2350 455 2371 sancto
476 2344 590 2379 Spiritu,
607 2353 680 2373 nunc
706 2351 733 2373 et
748 2354 865 2382 semper,
892 2347 920 2375 in
933 2355 993 2375 om—

209 2398 324 2425 nemque
338 2393 555 2426 perpetuitatem.
579 2393 677 2420 Amen.

512 2439 628 2467 SERMO
645 2441 689 2467 Vl.

212 2483 278 2510 Ante
294 2482 543 2518 Mesopentecosten.
561 2485 686 2522 Oportere
702 2495 748 2513 nos
760 2486 909 2522 fragrantes
924 2496 994 2514 corn-

394 2527 501 2552 parare,
515 2521 670 2547 asciscenda
681 2521 787 2548 virtute.

244 2563 356 2591 Fratres
384 2563 544 2599 Patresque,
559 2565 670 2593 Christo
695 2567 816 2595 redivivo
834 2568 994 2596 universum

211 2609 263 2636 hoc
276 2617 367 2642 omne,
387 2610 466 2644 quasi
488 2611 604 2645 quadam
632 2617 728 2645 morte,
757 2613 872 2641 hiberno
891 2606 994 2649 lposito

210 2655 349 2688 squalore,
377 2655 474 2682 iterum
492 2656 609 2688 retieret,
638 2662 665 2684 et
681 2663 809 2693 tanquam
840 2661 990 2689 rcviviscit.

211 2700 355 2728 Enimvero
368 2701 493 2730 videmus
506 2707 603 2730 terram
617 2703 806 2738 viresccntcm,
831 2707 928 2742 stirpes
944 2708 993 2736 ﬂo-

249 2800 270 2816 ¹⁸
283 2800 360 2831 Βίην.
378 2810 408 2834 n,
420 2802 475 2830 M.

215 2844 316 2868 xxxv”,
335 2837 380 2864 27.

516 2803 537 2819 ¹⁹
551 2803 629 2832 Rom.
647 2814 674 2832 ιι.
695 2806 736 2832 l7.

419 2839 442 2854 ’δ
459 2840 536 2866 Cant.
556 2847 575 2872 I,
590 2839 617 2866 ‘2.
656 2843 678 2856 ’⁸
693 2840 772 2869 Jnan.
790 2850 836 2875 vn,
855 2843 896 2870 15.

776 2807 797 2822 “⁰
815 2807 885 2835 Psal.
910 2810 1110 2841 ΧΧΧ111,¹5-17.

1041 230 1138 257 melius
1150 231 1283 258 restituta.

1077 274 1128 301 Sed
1139 276 1316 309 quamobrem
1331 276 1388 304 haec
1400 277 1528 310 disserui,
1543 277 1568 304 id
1579 278 1725 306 dicendum
1735 280 1810 307 venit
1822 289 1829 307 :

1041 319 1172 346 nimirum
1196 321 1218 347 si
1242 325 1389 356 tantopere
1411 322 1531 350 inanima
1551 328 1633 358 atque
1653 324 1733 351 bruta
1754 326 1831 352 reni-

1041 365 1106 392 dent
1137 373 1167 393 ac
1197 367 1370 401 resplendent
1400 368 1427 395 in
1452 369 1588 403 praelustri
1614 371 1829 408 resurrectione.

1041 417 1144 446 quanto
1167 419 1217 440 nos
1232 413 1330 440 debere
1341 415 1436 449 magis.
1451 415 1556 442 ratione
1571 421 1698 443 ornatos:
1715 420 1743 443 et
1759 417 1830 444 ima-

1042 458 1102 491 gine
1117 458 1219 491 divina,
1248 464 1374 493 comptos
1404 460 1538 493 moribus,
1571 468 1604 488 ac
1642 462 1740 496 spiritu
1770 461 1828 489 fra-

1041 509 1149 538 grantes
1161 511 1210 531 nos
1221 504 1358 538 prtubere?
1374 513 1434 532 nam
1443 505 1567 540 equidem
1581 505 1686 534 Christi
1701 506 1828 542 fragran-

1041 549 1078 575 tia
1097 553 1139 576 est
1153 550 1197 584 qui
1211 550 1339 577 virtutem
1356 555 1505 584 comparet.
1522 551 1651 578 Testatur
1665 551 1691 578 id
1705 552 1828 586 Aposto-

1042 593 1084 621 lus
1098 594 1124 620 in
1140 594 1198 621 hac
1212 595 1312 621 verba:
1329 595 1428 622 Christi
1447 596 1529 622 bonus
1545 597 1610 622 odor
1627 604 1718 623 sumus
1731 596 1786 624 Deo
1800 597 1830 624 in

1042 641 1075 666 iis
1090 640 1135 674 qui
1148 640 1213 667 salui
1229 641 1307 674 ﬁunt,
1321 645 1346 667 et
1362 641 1388 666 in
1401 641 1497 676 iis,qui
1510 646 1628 675 pereunt,
1641 641 1704 668 aliis
1721 641 1829 676 quidem

1041 686 1106 712 odor
1123 686 1216 713 mortis
1232 687 1261 712 in
1286 691 1406 718 mortem,
1437 686 1499 712 aliis
1516 692 1605 713 autem
1631 687 1697 714 odor
1726 688 1786 714 vitz
1801 687 1829 713 in

1042 734 1122 760 vitam
1137 733 1170 760 ³².
1188 732 1247 759 lam
1266 733 1333 760 illud
1346 740 1455 768 quoque
1467 733 1501 760 ad
1514 733 1571 760 haec
1585 732 1676 761 dicere
1687 737 1740 760 est.
1755 733 1830 760 Ada-

1043 788 1116 806 mum
1136 785 1199 806 ante
1213 780 1458 814 transgressionem
1475 779 1530 806 Deo
1539 779 1713 814 fragrantiatn
1731 779 1829 811 fuisse,

1043 825 1229 859 incorruptum
1270 830 1297 851 et
1317 825 1522 852 immortalitate
1534 829 1656 856 nactum,
1669 827 1830 852 vacantem-

1041 871 1255 906 quecmlestibus
1269 871 1442 905 spectaculis,
1454 872 1499 905 qui
1510 871 1578 905 prati
1590 871 1675 898 instar
1687 870 1776 898 floridi
1787 876 1832 898 at-

1040 925 1092 951 que
1102 917 1258 947 redolentis.
1268 917 1420 951 pomarium
1433 917 1573 949 incoleret,
1585 916 1692 951 spirans
1702 917 1829 944 virtutes.

1075 962 1147 994 Quin
1159 965 1187 988 et
1198 961 1309 988 Isaacus
1322 962 1477 995 patriarcha
1488 962 1514 988 in
1524 961 1628 989 Jacobo
1637 961 1692 989 lilio
1705 962 1832 996 fragran-

1042 1008 1106 1034 tiam
1119 1008 1259 1038 odoratus.
1270 1008 1317 1040 ait,
1332 1006 1472 1034 Ecceodor
1482 1007 1534 1041 ﬁlii
1547 1008 1599 1034 mei
1608 1008 1675 1034 sicut
1689 1008 1756 1034 odor
1770 1008 1831 1042 agri

1040 1053 1120 1087 pleni,
1128 1053 1170 1079 cui
1181 1052 1311 1079 benedixit
1325 1052 1450 1078 Dominus
1458 1053 1490 1085 ",
1499 1053 1581 1079 odore
1590 1052 1832 1086 scilicelspiritali-

1041 1103 1082 1125 ter
1089 1102 1225 1132 percepto.
1235 1097 1428 1130 Quamobrem,
1443 1097 1550 1129 fratres,
1560 1097 1696 1132 spiremus
1702 1105 1751 1125 nos
1759 1105 1831 1132 quo-

1041 1153 1094 1179 que
1107 1144 1282 1178 fragrantiam
1292 1143 1452 1178 spiritalem,
1463 1151 1544 1178 quam
1553 1143 1682 1170 virtutum
1691 1143 1831 1178 composi-

1042 1191 1114 1217 tione
1130 1189 1182 1217 sibi
1195 1190 1311 1224 quisque
1332 1189 1470 1222 moliatur,
1487 1197 1537 1216 ceu
1554 1189 1751 1224 unguentarius
1765 1196 1831 1216 vere

1041 1237 1170 1271 optimus.
1181 1235 1235 1263 Hoc
1243 1235 1305 1263 felix
1315 1240 1482 1271 unguentum
1489 1236 1596 1266 est,hoc
1603 1235 1656 1263 Deo
1664 1235 1830 1270 jucundum.

1043 1283 1094 1309 hoc
1105 1281 1215 1316 angelos
1226 1282 1335 1315 pellicit,
1348 1286 1421 1308 arcet
1442 1282 1597 1314 daemones;
1616 1281 1668 1308 hoc
1688 1287 1831 1316 unguento

1043 1327 1150 1354 femina:
1162 1326 1301 1354 Christum
1321 1334 1391 1361 pone
1409 1331 1475 1354 sunt
1500 1327 1632 1354 aﬂ'ectataa
1644 1346 1652 1360 ,
1677 1327 1830 1355 secundum

1043 1373 1217 1400 Canticorum
1226 1380 1337 1400 carmen
1349 1372 1382 1399 ".
1394 1372 1451 1400 Hoc
1461 1375 1600 1400 enimvero
1611 1379 1638 1400 et
1652 1381 1702 1400 nos
1712 1378 1832 1401 assecta-

1043 1427 1105 1446 mur
1136 1426 1245 1453 quoque
1273 1420 1390 1451 sincere,
1413 1425 1536 1446 sanctam
1568 1419 1831 1455 Mesopentecosteu,

1043 1473 1104 1500 quae
1115 1466 1140 1491 in
1153 1465 1256 1492 foribus
1266 1470 1316 1498 est,
1334 1471 1456 1500 agentes,
1468 1466 1600 1500 siquidem
1619 1467 1749 1501 scriptum
1765 1471 1809 1494 est
1823 1476 1830 1493 :

1044 1510 1106 1536 lam
1117 1511 1159 1537 die
1170 1510 1235 1544 festo
1248 1510 1379 1536 mediante
1387 1511 1505 1536 ascendit
1517 1509 1595 1537 Jesus
1611 1510 1638 1536 in
1655 1510 1792 1543 templum,
1807 1515 1832 1536 et

1044 1557 1162 1588 docebat,
1173 1561 1197 1583 et
1207 1557 1371 1583 mirabantur
1382 1556 1480 1587 Judwi,
1495 1555 1608 1582 dicentes
1620 1563 1629 1582 :
1640 1555 1776 1588 Quomodo
1790 1555 1835 1581 llic

1044 1604 1146 1630 litteras
1156 1604 1215 1635 scit,
1226 1611 1285 1630 eum
1296 1611 1347 1629 non
1355 1603 1476 1629 didicerit
1485 1603 1517 1628 ’⁵.
1527 1602 1579 1629 Sed
1589 1603 1646 1629 haec
1654 1607 1716 1628 ante
1726 1601 1835 1636 suppli—

1044 1651 1115 1678 cium
1128 1660 1134 1683 ;
1149 1658 1220 1677 nunc
1231 1654 1292 1685 post
1306 1650 1533 1677 resurrectionem
1543 1649 1721 1683 conspicuus,
1733 1655 1836 1675 conve-

1045 1704 1180 1730 scensquc
1191 1704 1252 1724 cum
1268 1697 1370 1724 sanctis
1381 1695 1519 1728 apostolis,
1530 1702 1577 1722 eos
1584 1694 1692 1721 arcanis
1710 1694 1834 1721 initiare.

1079 1743 1179 1777 Atque,
1197 1750 1213 1769 0
1229 1743 1385 1769 comitatem
1399 1741 1573 1774 ineli‘ubilcm,
1590 1740 1662 1775 quod
1677 1739 1747 1766 cibis
1765 1747 1836 1767 usus

1045 1793 1087 1816 est
1100 1789 1246 1819 redivivus,
1262 1795 1338 1814 sacra
1359 1787 1418 1822 ejus
1432 1794 1515 1814 carne
1533 1786 1644 1813 minime
1664 1787 1834 1820 requirente.

1046 1835 1097 1862 Sed
1113 1841 1201 1862 tamen
1228 1834 1429 1862 resurrectione
1456 1833 1596 1867 probanda
1620 1837 1647 1860 et
1659 1833 1791 1865 comedit,
1806 1837 1836 1859 et

1046 1882 1126 1912 bibit.
1144 1886 1171 1907 et
1189 1880 1260 1908 latus
1286 1880 1513 1907 contrectandum
1535 1877 1619 1909 dedit,
1644 1878 1732 1913 iisque
1743 1878 1836 1913 quise

1046 1927 1170 1962 spiritum
1188 1927 1345 1957 credebant,
1359 1925 1442 1959 jussit
1469 1932 1577 1957 manus,
1607 1925 1744 1959 pedesque
1772 1931 1837 1951 cer—

1045 1978 1159 2000 nerent:
1179 1980 1238 2000 sese
1252 1972 1324 1999 cnim
1345 1979 1414 1999 esse.
1442 1970 1602 1998 Tractareut
1628 1978 1661 1997 ac
1682 1970 1809 1997 viderent
1823 1979 1834 1998 ξ

1046 2027 1107 2046 nam
1123 2019 1247 2053 spiritum
1265 2026 1386 2050 carnem,
1404 2023 1431 2045 ct
1458 2025 1521 2045 ossa
1553 2024 1607 2044 non
1627 2016 1728 2044 habere
1743 2017 1778 2048 “,
1793 2017 1835 2043 uti

1045 2073 1074 2093 se
1091 2065 1237 2092 habentem
1252 2069 1416 2099 spectarent.
1430 2063 1501 2096 Quid
1512 2064 1545 2090 ad
1563 2064 1621 2090 hac
1634 2063 1687 2095 ais,
1703 2062 1836 2090 Christo-

1046 2110 1162 2136 mache?
1187 2110 1209 2136 si
1225 2116 1334 2136 carnem
1361 2113 1388 2135 et
1418 2115 1481 2135 ossa
1506 2115 1561 2135 non
1577 2108 1669 2140 habet,
1691 2115 1742 2135 nec
1764 2108 1833 2142 quid

1045 2156 1205 2190 depingatur
1228 2154 1308 2181 habet
1324 2163 1331 2181 :
1347 2154 1439 2188 itaque
1462 2154 1485 2181 si
1506 2153 1641 2188 posterius
1660 2161 1715 2180 non
1738 2153 1833 2184 habet.

1008 2199 1032 2227 Ι)
1047 2209 1096 2227 nec
1111 2201 1186 2235 prius
1203 2200 1336 2227 habuerit.
1356 2199 1517 2234 Quanquam
1542 2203 1569 2226 et
1585 2198 1686 2226 habere
1713 2199 1762 2234 qui
1776 2200 1835 2227 de-

1046 2247 1173 2281 pingatur
1195 2245 1277 2272 tacite
1302 2245 1335 2272 de
1359 2252 1389 2272 se
1417 2249 1529 2272 testatur
1545 2244 1615 2279 ipse,
1639 2251 1702 2271 nam
1723 2248 1836 2270 utrum-

1044 2293 1085 2320 vis
1101 2292 1216 2319 alterum
1232 2291 1328 2324 probat
1342 2295 1369 2317 et
1384 2290 1515 2318 condicit.

1082 2337 1135 2364 Sed
1168 2336 1353 2366 lconomachi,
1380 2335 1536 2362 Manichaais
1569 2336 1644 2370 paria
1676 2340 1836 2368 censentes.

1046 2390 1094 2418 par
1107 2382 1270 2417 supplicium
1283 2381 1367 2412 luent.
1381 2385 1510 2408 arternam
1525 2382 1683 2415 perniciem,
1699 2382 1838 2417 quemad-

1047 2430 1158 2457 modum
1173 2428 1305 2463 scriptum
1317 2432 1358 2454 est
1374 2435 1380 2453 :
1399 2434 1460 2459 nos,
1480 2426 1590 2460 fratres,
1605 2434 1666 2461 quas
1680 2420 1838 2455 orthodoxa

1046 2476 1140 2511 opinio
1152 2479 1202 2502 est.
1220 2473 1365 2501 Dominum
1382 2477 1507 2500 nostrum
1530 2472 1623 2500 Iesum
1641 2473 1783 2501 Christum
1806 2474 1836 2501 in

1046 2521 1164 2555 imagine
1180 2520 1260 2552 tueri,
1285 2523 1312 2546 et
1332 2519 1449 2546 adorare
1472 2519 1627 2551 credentes,
1648 2519 1760 2553 dignam
1780 2519 1835 2547 hac

1046 2566 1178 2601 religione
1190 2565 1273 2592 vitam
1287 2565 1443 2599 probemus,
1462 2571 1570 2599 puram,
1601 2564 1836 2598 irreprehensaln,

1046 2613 1193 2642 insontem.
1209 2618 1264 2646 quo
1278 2610 1432 2638 neutrunde
1451 2610 1648 2643 claudicantes,
1661 2610 1727 2645 quin
1744 2611 1838 2638 utrin-

1047 2660 1088 2686 vis
1103 2658 1333 2691 laudati,caaleste
1346 2667 1460 2694 regnum
1473 2665 1675 2693 consequamur
1689 2665 1737 2693 per
1755 2657 1841 2685 Chri-

1048 2711 1118 2733 stum
1138 2704 1229 2733 Jesum
1242 2705 1387 2733 Dominum
1402 2710 1539 2734 nostrum.
1560 2705 1611 2733 Cui
1626 2705 1710 2741 gloria
1734 2711 1762 2733 et
1782 2705 1839 2732 im-

1150 2811 1172 2826 "
1188 2810 1254 2837 Luc.
1270 2818 1324 2842 xvi,
1340 2809 1370 2836 I0

1423 2811 1445 2825 ²²
1469 2809 1490 2836 ll
1510 2808 1572 2837 Cor.
1590 2818 1619 2842 ιι,
1638 2809 1678 2837 l'i.
1723 2810 1746 2825 ’³
1762 2810 1833 2838 Gen.

945 2846 966 2860 ¹⁶
983 2845 1050 2871 an.
1072 2853 1144 2876 μιν,
1159 2845 1202 2872 59.
