1916 3075
87 133 137 164 5l'l

668 136 822 166 SERMON
828 137 872 166 ES
890 138 1139 168 CATECHETICI

1680 141 1732 174 518

84 191 191 225 perium
221 197 283 217 cum
305 190 397 223 Patre,
425 199 458 218 ac
487 196 583 219 sancto
612 193 727 227 Spiritu,
760 201 832 220 nunc
858 199 884 221 et
901 199 921 226 Α
938 204 1000 222 nam
1023 196 1090 231 ignis
1115 201 1156 224 est
1170 197 1262 224 carnis
1278 197 1372 229 libido,
1387 201 1413 224 et
1440 203 1529 224 tamen
1565 197 1679 225 eﬂ‘renes
1696 197 1729 225 all

86 245 204 272 semper,
221 238 246 263 in
265 245 430 272 omnemque
444 239 663 273 perpetuitatem.
680 240 779 266 Amen.

391 304 508 332 SERMO
526 305 583 332 \‘ll.

86 362 153 388 Ante
167 362 366 389 Ascensionem.
389 361 425 388 De
446 362 604 389 Ascensione
632 362 782 389 Serratoris
801 364 884 389 nostri

100 397 214 429 Christi,
231 398 338 432 vitaque
350 397 420 423 inter
436 405 484 423 nos
499 405 531 423 ea:
552 397 600 424 Dei
614 398 750 424 voluntate
758 398 870 433 agenda.

121 453 234 480 Fratres
265 452 425 487 Patresque,
456 453 557 481 festum
591 454 717 481 imminet
738 455 883 488 festorum,

88 507 117 525 ac
132 506 183 534 pro
200 499 306 526 foribus
318 503 360 526 est
378 499 510 526 Ascensio
527 499 682 526 Servatoris
702 499 789 526 nostri
814 499 883 527 Jesu

88 545 203 577 Christi,
227 545 374 580 agiturque
397 545 495 580 ingens
514 549 541 571 et
556 545 716 572 incredibile
729 552 860 572 arcanttm
876 553 882 571 :

88 592 224 626 siquidem
235 596 311 618 trans
319 591 403 618 cmlos
412 591 556 623 attollitur,
567 594 664 618 natura
677 595 782 622 nostra,
789 598 885 625 quem-

87 637 236 664 admodum
262 637 451 672 scriptum'est
467 646 474 664 :
495 635 589 663 Gratia
598 637 662 664 esti:
680 637 777 664 salvati
793 645 824 663 ac
837 645 884 663 nos

69 683 315 716 'eonresuscitavit,
337 687 361 709 et
378 683 518 710 consedere
551 683 612 716 [ecit
640 684 668 710 in
695 683 842 710 cwlestibns
857 684 885 710 in

88 730 196 757 Christo
212 729 278 756 Iesu
295 748 302 759 .
340 730 435 764 quiest
449 730 476 756 in
494 730 604 756 dextera
637 729 694 762 Dei,
722 739 803 765 supra
826 739 884 756 ont-

89 786 147 804 nem
166 778 358 812 principatum,
375 782 399 804 et
413 782 589 810 potestatnn,
607 783 630 804 et
649 779 782 810 virtutem,
800 784 822 804 et
837 779 884 804 do-

89 825 272 855 minationem,
286 829 309 850 et
323 832 399 850 omne
415 831 507 850 nomen
526 823 596 858 quod
613 824 766 850 nominatur
781 832 832 850 non
847 832 886 850 so-

87 871 141 896 lum
158 873 185 896 in
202 871 253 896 hoc
274 869 384 902 sa’culo,
410 870 456 896 sed
472 871 552 896 etiam
570 870 598 896 in
616 871 707 903 futuro
720 877 729 896 :
743 874 768 896 et
792 870 882 896 omnia
901 884 920 911 Β
936 885 990 910 mu
1009 869 1203 916 sanclo’"nunc
1217 889 1243 911 et
1255 869 1373 920 seraper,

87 915 198 950 subjecit
215 917 262 941 sub
274 915 385 949 pedibus
399 915 467 949 ejus,
487 921 510 942 et
530 916 616 949 ipsum
628 915 791 949 deditcaput
808 923 885 948 super

88 962 181 987 omnia
197 957 349 993 Ecclesiae,
364 969 422 996 (μιαί
433 966 471 987 est
504 968 600 994 corpus
616 961 710 995 ipsius,
747 961 883 994 plenitudo

88 1007 146 1041 ejus
163 1008 208 1041 qui
224 1008 314 1033 omnia
330 1007 358 1033 in
371 1007 492 1034 omnibus
509 1006 636 1039 adimplet
650 1007 683 1033 ’⁷.
696 1006 834 1033 Videtisne
850 1006 883 1032 ad

89 1053 163 1087 quod
179 1052 323 1087 dignitatis
335 1053 441 1080 culmen
472 1052 629 1079 humanitas
645 1052 681 1080 sit
703 1052 820 1079 evecta?
837 1059 884 1078 an-

90 1106 143 1125 non
161 1107 176 1124 e
192 1103 266 1125 terra
280 1098 308 1125 in
329 1098 436 1126 cmlos?
459 1105 551 1125 annon
567 1105 583 1125 e
601 1098 756 1132 corruptela
772 1098 805 1124 ad
833 1098 885 1124 im-

90 1144 286 1172 mortalitatem
301 1145 312 1170 ?
326 1144 500 1178 Quantopere
510 1144 572 1178 quis
588 1144 694 1170 laboret
711 1148 741 1170 ut
763 1144 884 1170 terrestri

89 1198 120 1218 ac
144 1191 251 1218 caduco
271 1191 328 1225 regi
347 1191 451 1218 amicus
470 1191 538 1217 liat?
557 1197 608 1217 nos
619 1190 740 1224 quidem,
756 1190 814 1224 qui,
827 1197 886 1216 sce-

90 1238 194 1264 h-ribus
212 1237 366 1272 patrandis,
383 1241 410 1263 et
426 1237 515 1263 aversi
533 1243 672 1268 essemus,
688 1242 715 1263 et
738 1237 829 1263 hostes
844 1235 886 1262 in-

90 1285 182 1318 genio,
199 1292 255 1311 non
274 1283 356 1310 modo
373 1284 398 1310 in
410 1284 527 1318 gratiam
544 1283 678 1310 rediimus
691 1291 753 1310 cum
772 1282 837 1314 Deo,
854 1290 886 1310 ac

92 1331 183 1362 Patre,
212 1338 260 1365 per
285 1330 430 1357 Dominum
460 1334 586 1357 nostrum
612 1329 706 1357 Jesum
734 1329 884 1360 Christum,

90 1378 157 1412 quin
170 1377 309 1404 evasimus
319 1383 430 1411 quoque
443 1376 477 1402 ad
492 1375 678 1410 adoptionem.

123 1435 164 1461 Ac
180 1442 254 1461 nunc
269 1440 308 1461 est
326 1434 352 1460 in
375 1434 453 1461 caelis
473 1438 579 1460 natura-
601 1438 707 1464 nostra,
733 1440 816 1467 quam
845 1433 886 1459 vis

89 1481 182 1508 omnis
194 1480 347 1514 conspicua
364 1483 394 1506 ct
424 1478 627 1513 inaspectabilis
639 1479 734 1505 adoret
746 1487 751 1504 :
762 1483 835 1505 tanta
845 1483 887 1504 est

89 1526 245 1562 amplitudo
267 1526 408 1553 immensa!
434 1526 546 1560 benigni
565 1525 611 1552 Dei
640 1525 779 1552 bonitatis.
805 1523 886 1559 quue

90 1573 247 1607 recogitans
262 1573 358 1598 beatus
371 1572 518 1606 Apostolus
532 1571 666 1598 exclamat
679 1579 686 1597 2
704 1570 770 1602 Quae
777 1574 815 1597 est
829 1578 886 1604 spes

89 1626 150 1645 occ:
160 1619 239 1645 tionis
264 1618 333 1652 ejus,
347 1623 371 1644 et
391 1626 449 1653 qua:
477 1617 578 1645 divitiae
594 1617 688 1651 gloritn
720 1617 886 1644 lta'reditalis

90 1665 149 1699 ejus
175 1665 202 1690 in
222 1665 334 1695 sanctis,
366 1669 390 1690 et
414 1672 473 1698 qua:
499 1663 694 1698 supereminens
729 1663 885 1697 magnitudo

91 1711 199 1737 virtutis
219 1711 276 1745 ejus
296 1712 323 1736 in
339 1718 386 1736 nos
401 1711 445 1745 qui
456 1710 599 1742 credimus,
624 1708 767 1736 secundum
795 1716 887 1739 apera-

93 1758 192 1782 tionem
209 1757 334 1790 potentia:
351 1755 458 1781 virtutis
481 1755 548 1788 ejus,
565 1761 645 1788 quam
658 1757 780 1787 operatus
802 1756 840 1778 est
860 1752 887 1778 in

93 1803 199 1829 Christo
217 1802 259 1828 "’7
279 1802 347 1828 Nam
374 1801 439 1836 quid
461 1800 587 1828 accidit?
611 1799 686 1826 venit
718 1799 751 1826 ad
778 1805 829 1825 nos
847 1802 888 1824 ter

92 1848 373 1884 optimnseVirgine
401 1851 552 1882 prognatus
585 1845 754 1874 solemnibus
784 1849 888 1871 naturae

93 1895 200 1930 legibus
214 1894 400 1929 mancipatus,
423 1900 533 1920 crucem
557 1890 729 1923 conscendit,
751 1890 830 1916 amxo
844 1897 887 1916 se-

93 1949 155 1968 cum
171 1945 269 1968 coutra
285 1948 337 1967 nos
362 1939 557 1974 chirographo,
575 1939 608 1965 ad
634 1943 711 1964 terrae
728 1936 822 1963 infima
841 1936 888 1962 dc-

93 1994 206 2021 gressus
219 1985 317 2012 mortis
331 1984 475 2011 doloribus
488 1983 595 2013 solutis,
611 1986 638 2008 et
651 1982 772 2008 humano
788 1986 888 2015 genere

92 2031 175 2058 simul
192 2031 220 2057 in
238 2031 321 2058 vitam
333 2030 472 2061 restituto,
493 2029 526 2056 ad
553 2032 704 2055 extremum
721 2026 837 2060 gloriose
847 2030 889 2053 est

91 2078 263 2110 sublevatus,
277 2077 351 2104 Patri
366 2084 395 2104 se
409 2076 542 2103 exhibens
554 2083 605 2110 pro
617 2074 708 2101 nobis.

127 2123 193 2151 Haec
203 2128 245 2151 est
258 2131 333 2158 ergo,
350 2127 379 2150 ut
399 2122 519 2149 breviter
545 2122 647 2152 dicam,
663 2124 759 2147 sancta
784 2117 888 2145 festivi-

93 2176 146 2198 tas.
166 2170 234 2203 Qua‘,
250 2178 310 2203 nos,
331 2170 441 2200 fratres,
460 2167 647 2202 contemplati,
666 2165 887 2200 acquemadmo-

92 2219 158 2246 dum
189 2219 291 2246 Christi
319 2218 407 2244 simus
432 2224 543 2252 corpus,
570 2215 736 2242 beneficium
763 2212 887 2244 rcveriti,

937 249 996 268 eam
1013 247 1149 275 currunt;
1168 243 1263 270 scrobs
1278 247 1319 270 est
1347 243 1480 274 avaritia,
1512 251 1602 282 nequp
1635 247 1728 270 tamen

938 287 977 314 ire
998 287 1025 313 in
1046 287 1171 314 scrobem
1190 287 1345 322 praecipites
1368 287 1515 319 desistunt,
1540 288 1726 314 voluntarium

938 333 965 359 in
992 339 1022 360 se
1039 333 1190 360 daemonem
1213 334 1419 365 contrahentes,
1449 333 1579 368 dignique
1593 341 1663 368 quos
1684 341 1731 360 ca-

938 377 1078 405 lamitosos
1092 379 1194 412 potius,
1211 387 1294 414 quam
1310 379 1406 406 beatos
1433 379 1576 413 pradicas,
1603 380 1649 414 qui
1667 387 1730 406 vere

937 424 1016 451 bonis
1034 424 1162 458 repulsis,
1180 424 1300 459 perditas
1322 424 1494 459 corruptelas
1517 424 1729 459 amplectantur.

936 470 1070 497 Caeterum
1096 479 1156 503 nos,
1173 470 1283 502 fratres,
1303 469 1504 498 confessionem
1534 475 1676 498 teneamus
1702 471 1729 497 in

936 523 990 551 qua
1004 521 1121 548 stamus,
1148 524 1181 543 ac
1199 516 1299 543 divinat
1326 523 1374 550 spe
1386 516 1478 550 gloriae
1498 515 1700 551 triumphamus
1716 525 1723 547 ;

935 562 1158 589 exercitationem
1172 566 1308 594 tueamur,
1329 570 1411 597 quam
1435 562 1523 590 secuti
1551 567 1613 589 sunt
1630 563 1729 592 sancti,

935 613 962 635 et
978 608 1003 634 in
1019 609 1215 643 primis,quem
1231 616 1307 636 nunc
1317 608 1498 640 celebramus,
1513 608 1608 635 beatus
1625 608 1731 635 Pacho—

937 655 1020 686 mius,
1036 662 1102 682 sane
1120 663 1277 687 cernamus,
1299 663 1367 682 sane
1391 655 1548 687 audiamus,
1565 663 1632 682 sane
1660 662 1729 682 con-

937 706 1095 730 trectemns.
1115 702 1246 728 membris
1262 701 1393 728 omnibus
1415 709 1481 728 sane
1496 706 1615 733 utentes,
1626 709 1657 728 ac
1672 709 1730 728 ser-

936 747 1012 774 moni
1043 755 1154 782 operam
1168 747 1264 774 dantes
1290 747 1454 782 promissam
1473 755 1619 782 perennem
1645 747 1727 774 vitam

936 800 1139 827 consequemur
1150 801 1198 827 per
1213 793 1353 820 Christum
1381 793 1473 820 Jcsum
1502 792 1648 820 Dominum
1680 801 1730 820 no-

937 843 1034 866 strum.
1048 839 1098 866 Cui
1114 839 1201 873 gloria
1216 844 1242 866 et
1263 839 1409 874 imperium
1426 847 1488 866 cum
1509 839 1597 871 Patre,
1616 847 1648 866 ac
1663 838 1727 873 Spi-

1391 887 1418 912 in
1441 892 1484 912 om
1490 892 1606 919 nemque
1631 892 1730 920 perpo-

937 931 1071 958 tuitatcm.
1093 931 1190 959 Amen.

1231 989 1347 1017 SERMO
1368 989 1433 1017 V'lll.

956 1033 1082 1068 Oportcre
1101 1043 1177 1061 sarra
1198 1043 1265 1069 pura
1284 1035 1443 1061 conscientia
1464 1035 1607 1069 percipere,
1631 1035 1710 1062 [tabi-

1206 1075 1231 1096 ta
1247 1072 1274 1097 in
1293 1071 1462 1097 Astensiotte.

973 1115 1084 1144 Fratres
1124 1116 1285 1151 l’atrcsque,
1314 1117 1392 1143 adest
1422 1116 1565 1148 Ascensio,
1597 1115 1729 1144 festivitas

938 1161 1045 1189 Domini
1067 1164 1155 1190 nostri
1178 1162 1242 1190 Jesu
1258 1163 1360 1189 Christi
1375 1162 1535 1189 meonomia:
1549 1162 1612 1189 linis
1640 1166 1667 1190 et
1680 1171 1728 1190 ex-

937 1212 1055 1236 tremum
1073 1218 1080 1242 ;
1104 1217 1166 1236 nam
1179 1217 1212 1236 ex
1236 1209 1325 1236 Patris
1357 1209 1495 1236 voluntate
1510 1209 1640 1236 omnibus
1661 1216 1728 1236 con-

938 1255 1028 1286 tectis,
1046 1256 1165 1290 gloriose
1181 1260 1224 1283 est
1237 1254 1364 1282 sublatus
1385 1262 1416 1281 ac
1433 1262 1482 1280 nos
1508 1262 1562 1281 una
1584 1255 1681 1282 statuit
1702 1255 1728 1281 in

938 1300 1016 1326 melis
1036 1301 1171 1328 redivivos
1196 1308 1247 1335 per
1262 1305 1385 1327 sanetam
1402 1307 1479 1326 suam
1491 1307 1613 1326 carnem.
1630 1300 1731 1334 Ecqnte

937 1351 976 1373 Cal
991 1352 1080 1373 autem
1094 1347 1187 1382 gloria:
1208 1347 1265 1379 ejus
1289 1346 1440 1381 opulentia!
1470 1353 1530 1380 quae
1552 1346 1648 1379 ingens
1678 1353 1728 1380 po-

938 1393 1029 1419 lentia:
1045 1393 1204 1428 magnitudo
1221 1395 1227 1419 !
1245 1393 1318 1428 quod
1340 1393 1418 1420 vilem
1440 1396 1562 1419 nostram
1590 1399 1622 1419 ac
1651 1391 1730 1418 nihili

938 1443 1064 1465 naturam
1083 1439 1117 1465 ad
1135 1439 1223 1474 regale
1243 1439 1342 1466 Solium
1359 1438 1458 1470 evexit,
1487 1446 1548 1472 quae
1562 1439 1598 1465 ab
1624 1439 1731 1465 cunctis

938 1485 1104 1512 cmlestibns
1135 1485 1221 1519 copiis
1246 1485 1385 1512 adoretur.
1418 1483 1444 1511 ΙιΙ
1475 1484 1542 1511 adeo
1567 1484 1730 1519 cogitantes.

938 1530 1173 1561 oxborrescamus,
1197 1529 1306 1560 fratres,
1327 1533 1353 1555 et
1370 1528 1493 1555 beneficii
1523 1528 1730 1562 amplitudinem

911 1586 923 1614 ἶ
939 1580 1111 1604 veneremur,
1126 1573 1266 1607 vitamque
1282 1573 1392 1608 dignam
1419 1573 1508 1607 capite
1532 1573 1676 1602 ducamus.
1697 1578 1726 1599 ut

939 1619 1042 1647 Christi
1063 1619 1197 1650 membra,
1214 1623 1243 1645 ut
1259 1626 1454 1652 concorpores,
1484 1626 1515 1644 ac
1532 1623 1685 1649 consortes,
1700 1623 1728 1645 rt

939 1665 1104 1697 colum-edes,
1131 1665 1265 1697 castitate,
1301 1664 1426 1696 scientia,
1448 1664 1569 1695 lenitate,
1601 1664 1725 1698 benigni-

939 1716 1002 1743 tate,
1018 1716 1112 1739 sancto
1125 1711 1239 1744 Spiritu,
1255 1718 1349 1737 amore
1370 1711 1482 1736 minime
1513 1710 1587 1742 ﬁcto,
1605 1710 1731 1736 oratione

938 1759 1039 1790 veraci,
1069 1759 1169 1784 virtute
1202 1756 1308 1791 praediti
1337 1756 1440 1789 divina,
1470 1756 1545 1782 onmi
1575 1755 1730 1782 adhibenda

938 1803 1103 1835 obedientia,
1121 1811 1153 1830 ac
1169 1803 1365 1833 submissione,
1391 1807 1418 1830 et
1446 1810 1524 1834 cura,
1550 1807 1633 1836 atque
1659 1810 1726 1829 cau-

940 1850 1022 1881 tione,
1039 1850 1112 1876 nulla
1133 1853 1272 1876 contracta
1302 1849 1457 1880 insolentia,
1481 1848 1548 1875 nihil
1575 1849 1644 1875 citra
1663 1855 1732 1883 prm—

939 1901 1047 1930 cr-ptum
1069 1895 1208 1922 facientes.
1224 1894 1296 1920 Sane
1313 1894 1360 1928 qui
1386 1901 1497 1920 carnem
1529 1894 1664 1928 inquinet,
1682 1901 1730 1920 ne-

939 1947 1079 1974 quaquam
1093 1939 1198 1966 Christi
1218 1939 1371 1965 mcmbrum
1395 1938 1441 1969 sit,
1465 1938 1532 1972 quin
1563 1945 1613 1965 nec
1631 1938 1731 1972 dignus

939 1993 1016 2012 sacra
1041 1985 1190 2019 pertipere.
1220 1984 1361 2018 Siquidem
1389 1984 1428 2010 ait
1443 1984 1611 2016 Apostolus:
1637 1983 1731 2010 Probet

938 2036 1029 2057 autrm
1043 2031 1157 2064 seipsum
1171 2030 1258 2059 ltonto.
1273 2035 1296 2056 et
1313 2030 1351 2056 sic
1365 2030 1398 2056 de
1419 2037 1486 2063 pane
1506 2029 1553 2056 illo
1567 2029 1639 2061 edat,
1657 2034 1681 2056 et
1699 2030 1731 2055 de

940 2077 1020 2103 calice
1040 2077 1132 2108 bibat;
1150 2076 1196 2110 qui
1214 2076 1283 2102 enim
1307 2075 1449 2102 mandarat
1472 2079 1497 2102 et
1524 2075 1588 2101 bibit
1612 2075 1730 2109 indigne,

937 2124 1070 2158 judicium
1084 2123 1134 2150 sibi
1160 2123 1314 2150 manducut.
1339 2127 1363 2148 et
1390 2122 1466 2152 bibit,
1498 2130 1550 2148 non
1577 2122 1730 2156 dijudicans

940 2179 1033 2205 corpus
1050 2169 1165 2197 Domini.
1184 2169 1248 2195 Ideo
1274 2169 1342 2195 inter
1359 2177 1403 2195 vos
1429 2168 1507 2195 multi
1521 2168 1622 2202 inﬁrmi
1638 2173 1663 2194 et
1681 2169 1730 2195 im-

941 2217 1056 2249 becilles,
1067 2221 1091 2243 et
1105 2215 1328 2242 dormiuntmulti
1341 2222 1349 2241 :
1361 2223 1422 2241 nam
1435 2215 1458 2240 si
1472 2214 1645 2248 nosmetipsos
1660 2213 1731 2247 diju-

94 2266 267 2293 nohilitatem
284 2270 422 2296 tueamur,
442 2272 494 2291 neu
509 2262 625 2298 gratiam
650 2261 810 2295 prodamus,
835 2266 884 2286 neu

940 2264 1100 2294 dicaremus,
1117 2271 1167 2290 non
1187 2263 1275 2297 utique
1286 2262 1481 2298 judicaremur.
1500 2260 1568 2287 Dum
1576 2259 1731 2294 judicamur

93 2311 198 2339 Christi
224 2311 347 2339 membra
373 2310 525 2337 meretricis
554 2308 675 2335 membra
711 2311 886 2341 praestemus,

93 2361 159 2393 quin
174 2363 270 2385 castos
296 2357 410 2392 insuper
426 2361 483 2383 tum
504 2356 606 2386 verbis,
638 2359 694 2381 tum
714 2360 796 2387 opere
821 2360 889 2387 pra:-

95 2406 219 2436 beamns,
235 2409 317 2439 atque
337 2411 351 2430 a
366 2404 457 2430 carnis
476 2402 636 2430 libidinibus
659 2406 813 2431 arceamus,
827 2406 888 2433 qua:

94 2460 155 2478 cum
170 2451 265 2478 animo
274 2451 477 2482 conﬂictantur,
496 2449 551 2476 vita
568 2448 690 2475 internos
717 2446 821 2481 agenda
837 2445 888 2472 ho-

96 2504 181 2531 nesta,
212 2498 336 2533 placida,
365 2495 534 2527 obsecunda,
568 2494 714 2529 morigera,
737 2492 884 2523 submissa,

97 2544 260 2579 composita,
277 2551 339 2578 quae
367 2543 421 2570 vita
444 2541 562 2576 denique
591 2540 671 2567 beata
694 2542 747 2569 est.
767 2537 883 2568 deliciis,

97 2590 217 2621 ludicris,
234 2590 292 2617 risu
323 2594 350 2616 et
366 2587 585 2622 intemperantia,
611 2593 643 2613 ac
664 2583 794 2620 quidquid
811 2583 887 2610 inso-

98 2638 153 2665 lens
166 2643 217 2667 est,
233 2636 269 2663 ad
287 2635 381 2663 carnis
402 2634 518 2668 vita‘quc
546 2636 670 2659 amantes
685 2629 819 2657 dimissis.
834 2628 886 2661 Qui

97 2683 217 2710 videntes
226 2682 342 2709 minime
356 2680 460 2712 vident,
481 2686 571 2714 neque
588 2677 734 2704 audientes
761 2675 885 2708 audiunt,

99 2733 185 2755 mente
197 2728 316 2755 obducta
343 2726 425 2758 callo,
451 2729 478 2753 et
492 2725 607 2752 auribus
624 2722 739 2758 sepultis
756 2721 886 2748 vitiosum

99 2775 131 2801 ab
147 2776 272 2806 honesto,
288 2774 377 2801 lucem
391 2781 405 2799 a
422 2771 553 2804 tenebris,
582 2770 666 2797 vitam
694 2778 708 2795 a
725 2773 813 2795 morte
832 2775 886 2794 non

100 2821 262 2853 disrernant,
291 2827 371 2856 atque
391 2820 418 2846 in
452 2820 540 2855 ignem
574 2818 679 2844 irruant
713 2819 884 2850 prtesentem.

132 2881 152 2895 ’τ
168 2881 268 2915 Ephes.
285 2888 322 2911 ιι,
343 2879 369 2911 6,
387 2879 402 2905 Τ
423 2886 462 2912 ;t,
480 2877 578 2904 ‘20-‘25.

619 2876 640 2891 "
659 2874 758 2909 Epiros;
781 2882 800 2907 l,
831 2873 873 2905 18,
895 2872 939 2900 l9.

941 2315 1040 2342 anteiit,
1054 2318 1070 2335 a
1085 2309 1195 2335 Domino
1211 2308 1379 2342 corripiatur,
1396 2312 1423 2334 ut
1439 2314 1490 2333 non
1510 2313 1568 2332 cum
1578 2306 1626 2332 hoc
1633 2305 1730 2332 mundo

941 2356 1096 2382 damnentur
1108 2355 1141 2381 ⁸³³.
1171 2353 1352 2387 Quamobrem
1379 2356 1489 2380 sanctos
1516 2359 1656 2386 purosque
1681 2359 1730 2378 nos

942 2405 1115 2435 praestemus,
1131 2405 1162 2426 ut
1185 2400 1283 2426 merito
1307 2398 1409 2426 Christi
1435 2399 1557 2425 membra
1589 2404 1729 2429 vocentur,

941 2455 974 2474 ac
985 2454 1065 2474 sacra
1082 2446 1280 2481 percipiamns.
1303 2444 1351 2472 Sin
1378 2444 1485 2472 accidat
1514 2443 1633 2471 incautis
1650 2451 1731 2471 exar-

940 2493 1051 2520 desccre
1066 2499 1178 2527 pravam
1196 2491 1347 2522 libidinem,
1366 2494 1414 2518 aut
1428 2491 1507 2521 iram,
1518 2494 1566 2516 aut
1586 2489 1729 2521 invidiam,

940 2542 988 2564 aut
1004 2537 1110 2570 odium,
1127 2541 1174 2564 aut
1191 2536 1256 2571 quid
1272 2536 1346 2563 aliud
1366 2535 1421 2563 Deo
1437 2535 1566 2567 invisum,
1595 2535 1664 2561 nihil
1679 2535 1730 2560 mi-

940 2591 1014 2615 rum,
1033 2583 1099 2618 quid
1128 2582 1205 2610 ocius
1225 2582 1252 2609 in
1280 2581 1423 2616 antiquum
1454 2580 1576 2607 habitum
1611 2579 1731 2606 restituti

941 2637 1083 2661 sanentur,
1103 2637 1193 2664 neque
1208 2629 1235 2655 in
1251 2628 1351 2663 flagitio
1365 2627 1547 2664 persistamus
1562 2635 1569 2652 :
1587 2633 1649 2652 nam
1663 2632 1727 2659 per-

942 2675 1041 2702 sistere
1054 2674 1258 2701 damnationem
1284 2674 1366 2701 habet
1380 2671 1588 2700 incxorabilem.
1607 2669 1667 2697 Jam
1684 2677 1733 2696 an-

943 2729 996 2747 non
1009 2725 1035 2748 et
1055 2728 1129 2748 mors
1149 2720 1252 2754 ingruit
1275 2719 1408 2755 repente?
1428 2727 1461 2746 cn
1486 2717 1543 2744 heri
1570 2716 1730 2751 episcopum

944 2767 1091 2794 invisimus
1105 2774 1218 2801 aegrum,
1231 2770 1258 2794 et
1272 2766 1442 2801 deploratum
1456 2763 1631 2794 oli‘endimus,
1645 2766 1730 2789 totum

943 2813 1064 2841 febribus
1078 2812 1254 2844 exhaustura,
1274 2816 1360 2839 totum
1387 2811 1482 2839 dolore
1508 2810 1649 2844 impotem,
1666 2807 1730 2839 huc,

978 2872 1000 2887 ²⁹
1016 2871 1025 2898 l
1044 2870 1108 2899 Cor.
1122 2878 1158 2904 xl,
1179 2869 1275 2897 28—31.
