1916 3075
205 133 258 166 519

800 131 831 160 S.
848 128 1049 160 THEODORI
1071 127 1249 158 STUDlTAi

1790 129 1841 160 520

206 190 271 217 illuc
284 191 484 222 respectantem
502 186 627 214 necunde
649 193 699 221 ope
712 190 830 221 reperta,
857 185 911 213 nisi
927 192 993 212 con-
1009 189 1032 218 Α
1045 191 1106 211 sum
1127 192 1134 210 :
1154 182 1325 217 Adjutorium
1343 189 1429 208 meum
1446 190 1462 208 a
1474 181 1596 214 Domino,
1611 181 1658 217 qui
1670 182 1732 217 fecit
1745 183 1842 210 catum

206 233 331 264 scientia,
345 240 393 266 seu
413 233 494 264 bona,
519 239 566 259 seu
585 239 678 266 prava.
699 231 769 264 Quid
791 238 855 266 ergo
872 250 880 262 ,
904 237 996 257 annon

206 280 278 306 idem
294 286 343 306 nos
360 285 470 312 quoque
489 278 623 311 patiemur
634 277 720 312 ?quid
733 284 809 309 vero,
829 284 919 304 annon
939 277 998 303 haec

206 326 345 352 somnium
364 328 437 355 sunt,
461 323 621 358 umbraque,
649 323 684 351 ad
714 323 847 358 supplicia
881 322 998 350 futura?

207 372 278 406 Ignis
295 371 318 398 is
332 378 387 398 non
402 370 590 405 restinguitur,
604 378 659 397 nun
683 371 801 397 moritur
811 370 922 402 vermis,
943 377 997 397 non

207 417 326 444 tenebrae
345 417 524 450 dissipantur,
554 423 610 442 non
631 416 738 443 vincula
771 416 926 447 solvuntur,
943 423 998 442 non

207 462 321 490 Tartara
342 462 483 493 fatiscunt,
498 469 552 489 non
572 457 813 489 stridor'deutium
829 466 929 493 cessat,
944 468 996 488 caa-

207 513 264 536 tera
276 508 368 535 omnia
385 511 449 535 sunt
464 507 596 542 perennia
625 511 772 534 tormenta.
791 506 858 539 Quae
879 514 928 534 nos
946 506 998 533 fra-

208 560 271 588 tres,
286 554 344 581 scio
372 558 540 588 reputantes,
556 561 612 581 non
645 553 787 580 libidinum
814 553 917 584 studio,
940 560 995 579 non

208 600 386 631 iuvidia,nou
411 599 507 630 livore,
534 607 588 626 non
618 600 660 626 ira
679 599 823 632 ducamur,
847 606 901 626 non
917 598 998 625 oblo-

207 647 283 681 quia,
298 653 353 672 non
369 645 518 672 mendacia
532 646 680 679 agitemus,
708 653 762 672 non
788 645 862 672 aliud
889 649 999 671 contra-

207 693 278 718 rium
294 691 480 725 designemus,
495 691 562 725 quin
592 698 685 725 pacem
705 695 730 717 et
748 691 832 717 anitni
851 690 998 724 quamdam

207 738 416 772 aequabilitatem
435 741 569 769 tueamur,
595 737 817 769 exstimulemur,
847 737 918 764 bene
942 744 999 763 me-

208 790 329 816 reamur,
344 783 461 810 invicem
481 782 613 810 divinitus
625 790 750 809 amemus
761 781 912 816 omniaque
927 789 995 816 prte—

208 834 287 864 cepta
315 836 511 863 exsequamur,
529 835 584 862 quo
611 833 637 855 et
663 835 759 862 poenas
784 828 942 858 evadamus,
971 830 1000 854 et

1049 235 1073 256 et
1089 236 1186 256 terram
1195 230 1236 261 ³⁷;
1256 233 1284 256 et
1303 238 1310 255 :
1342 228 1405 255 Nisi
1427 229 1491 263 quia
1509 228 1638 255 Dominus
1664 229 1767 263 adjuvit
1789 237 1840 259 me,

1048 277 1128 310 paulo
1144 275 1230 302 minus
1250 275 1395 302 habitasset
1427 275 1453 301 in
1482 275 1585 309 inferno
1615 275 1705 302 animo
1731 284 1790 302 mea
1807 276 1840 307 ³⁸;

1049 322 1224 356 iterumque:
1243 320 1375 347 Dominus
1416 321 1481 347 mihi
1516 321 1635 355 adjutor,
1666 330 1718 348 non
1742 322 1842 349 timebo

1050 367 1114 402 quid
1125 367 1209 402 faciat
1222 366 1288 393 milii
1301 367 1377 393 homo
1390 366 1425 394 δ’.
1442 365 1536 401 Itaque
1552 367 1632 394 talem
1663 367 1735 395 nacti
1754 366 1841 394 Para-

1049 414 1162 444 cletum,
1177 417 1301 440 sanctum
1315 411 1459 447 Spiritum,
1475 413 1530 439 vim
1549 413 1690 446 invictam,
1709 421 1839 449 magnum

1048 463 1289 494 propugnatorem,
1316 463 1344 485 et
1376 457 1462 484 Deum
1480 462 1562 493 atque
1595 459 1712 491 socium,
1734 467 1841 494 nequa-

1048 512 1130 539 quam
1146 511 1369 538 expavcscamus,
1404 503 1516 531 Fratres
1543 504 1706 539 Patresquc,
1722 504 1756 531 ad
1786 505 1840 531 iiii-

1049 550 1112 577 mici
1142 554 1287 582 terrorem,
1304 557 1357 576 neu
1383 554 1595 577 consternemnr
1626 550 1660 577 ab
1695 550 1841 577 hostilibus

1049 595 1176 630 malignis
1193 595 1291 630 copiis,
1310 595 1358 622 sed
1375 595 1450 622 velut
1465 596 1680 623 commilitonem
1710 604 1773 623 eum
1788 596 1840 623 ha-

1049 643 1155 674 bentes,
1172 643 1356 676 comitemque
1380 641 1500 669 ferendis
1514 645 1542 668 et
1555 642 1714 670 monasticis
1728 646 1755 670 et
1771 650 1841 670 con-

1051 687 1176 715 fessoriis
1204 687 1416 718 certaminibus,
1436 687 1559 715 animose
1587 687 1709 723 insuper,
1726 696 1759 716 ac
1781 694 1842 716 sta-

1049 735 1119 761 tario
1135 742 1325 768 properemus,
1342 734 1455 769 gradum
1478 734 1605 769 quotidie
1621 734 1763 766 iacientes,
1785 744 1841 763 non

1049 780 1176 808 draconis
1192 780 1335 807 fraudibus
1365 780 1493 813 inescati,
1507 788 1561 807 non
1579 781 1717 816 perpetuis
1733 781 1843 808 insulti-

1051 826 1102 853 bus
1115 825 1204 858 fracti,
1218 826 1309 853 studio
1338 827 1411 852 omni
1426 827 1518 853 carnis
1537 827 1683 859 exstincto,
1699 832 1729 854 ut
1755 827 1841 854 animi

207 880 336 903 aeternam
353 875 437 901 vitam
461 881 671 908 consequamur
688 881 735 908 per
749 873 888 901 Christum
904 873 998 900 Jesum
1016 871 1035 898 Β
1050 872 1138 898 nostri
1157 876 1288 906 tanquam
1303 871 1375 899 aedes
1388 872 1560 899 incendente.
1577 872 1642 900 Mihi
1655 873 1768 905 credite,
1785 881 1842 900 non

209 920 353 947 Dominum
365 923 500 946 nostrum.
524 918 574 946 Cui
600 919 686 953 gloria
711 922 739 945 et
764 918 907 952 imperium
935 926 998 945 cum

208 966 297 1000 Patre,
317 970 345 993 et
362 971 457 993 sancto
482 964 597 1000 Spiritu,
617 973 691 992 nunc
723 969 750 992 et
767 972 885 999 semper,
898 965 925 990 in
940 971 1000 991 om-

208 1021 327 1047 nemque
344 1012 565 1048 perpetuitatem.
581 1012 677 1039 Amen.

508 1069 627 1097 SEHMO
651 1070 696 1097 ΙΧ.

226 1118 292 1145 Ante
308 1122 428 1144 sanctam
446 1116 628 1143 Pentecoste".
648 1116 684 1143 De
701 1117 788 1144 sancti
802 1116 920 1150 Spiritus
936 1116 982 1143 de-

317 1161 418 1188 gressu,
446 1157 470 1178 et
484 1152 597 1186 infelicis
615 1151 779 1186 Euprepiani
792 1157 886 1179 morte.

245 1201 354 1228 Fratres
382 1199 545 1239 Patresque,
563 1198 739 1232 pervenimus
757 1198 790 1225 ad
806 1197 999 1230 Pentecosten,

209 1248 243 1275 ad
265 1246 353 1274 sancti
372 1244 492 1280 Spiritus
518 1243 695 1279 degressum:
721 1245 824 1280 quippe
849 1246 888 1271 ait
907 1244 1000 1271 Domi-

209 1301 283 1321 nus:
306 1291 418 1326 Ezpt'dit
440 1290 511 1317 vobis
537 1295 565 1316 ut
590 1298 635 1325 ego
661 1290 781 1317 vadant:
811 1291 835 1317 si
848 1291 918 1317 enim
948 1298 1000 1316 non

210 1340 309 1370 abiero,
340 1338 498 1365 Puracletus
529 1347 580 1365 non
614 1339 696 1365 veniet
723 1337 757 1364 ad
774 1345 841 1368 vos;
866 1337 889 1363 si
912 1341 1000 1362 autem

209 1384 309 1415 abiero.
323 1384 426 1410 mittant
444 1392 502 1410 eum
528 1383 563 1410 ad
581 1391 636 1414 vos,
657 1388 680 1409 et
700 1391 759 1409 cum
772 1382 870 1409 venerit
884 1381 939 1413 ille,
955 1381 1001 1408 dc-

209 1431 285 1456 ducet
300 1438 344 1456 vos
360 1430 386 1456 in
406 1432 507 1456 omnem
526 1430 663 1456 veritatem
690 1429 723 1455 ³ο.
753 1428 805 1454 Πιιί
833 1428 999 1462 promissum

209 1481 290 1512 atque
314 1476 498 1504 beneﬁcium!
527 1483 581 1503 non
608 1476 746 1511 angelum,
778 1483 832 1502 non
860 1475 999 1502 hominem

211 1522 318 1549 mittere
336 1526 377 1548 est
394 1521 542 1555 pollicitus,
561 1521 607 1548 sed
630 1521 720 1556 ipsum
744 1525 891 1556 cognatum
909 1520 998 1555 Spiri-
1014 1541 1035 1569 ο

211 1574 278 1596 tum.
298 1570 382 1604 Igitur
409 1569 527 1604 unigena
546 1569 627 1600 Filio,
644 1569 752 1604 expleto
765 1577 848 1604 opere
874 1576 998 1604 paterno,

211 1615 238 1641 in
252 1615 336 1642 caelos
351 1616 525 1647 ascendente,
556 1620 671 1642 sanctus
700 1615 820 1650 Spiritus
847 1616 998 1647 descendit,

211 1667 264 1686 non
283 1660 352 1687 alius
371 1659 442 1687 Deus
467 1660 588 1695 (obsiti).
608 1661 655 1688 sed
682 1661 752 1688 alius
777 1661 943 1693 l’aracletus,
962 1662 1000 1688 uti

211 1706 342 1740 scriptum
358 1711 400 1733 est
414 1706 448 1737 ",
466 1706 520 1733 Deo
536 1707 619 1733 nobis
638 1706 843 1742 (benignitatem
856 1707 1002 1734 incredibi-

212 1751 303 1785 leml),
316 1751 415 1777 solatio
428 1751 528 1778 futuro.
545 1751 617 1778 Sane
638 1752 765 1779 afﬂictam
779 1757 910 1784 mentem,
920 1759 1002 1779 vexa-

212 1801 323 1831 tamque
335 1797 439 1823 solatur
456 1804 489 1823 ne
503 1797 530 1824 in
548 1797 677 1831 periculis
690 1798 871 1825 succumbat:
885 1802 1001 1825 testatur

211 1842 359 1882 Apostolus
382 1843 408 1869 in
425 1843 495 1870 hanc
514 1844 679 1870 sententiam
695 1853 700 1870 :
716 1842 795 1870 Foris
808 1852 916 1879 pugnae,
930 1845 1001 1871 intus

213 1889 330 1921 timores,
340 1889 383 1915 sed
392 1889 436 1924 qui
448 1889 732 1919 consolatur/tumiles.
743 1891 893 1917 consolatus
904 1897 940 1917 est
955 1899 1000 1917 nos

212 1934 282 1960 Deus
297 1936 322 1960 in
336 1935 449 1960 adventu
464 1934 518 1960 Titi
532 1935 566 1961 ".
582 1935 710 1961 Animum
726 1935 831 1962 solatur
846 1936 1000 1963 (lannonum

213 1979 445 2006 tcrriculamentis
464 1981 622 2013 attonitum,
639 1980 665 2006 in
677 1980 835 2008 irretentain
852 1982 999 2016 quamdam

212 2023 399 2050 fortitudinem
447 2031 504 2058 pra:
542 2025 660 2052 audacia
691 2031 868 2060 restauraus;
906 2033 1002 2054 auctor

212 2073 325 2095 sanctus
342 2069 426 2096 David
443 2070 469 2096 in
490 2069 548 2098 haec
557 2071 637 2097 verba
652 2080 658 2097 :
678 2071 810 2103 Quoniam
827 2078 865 2106 tu,
878 2072 1000 2106 Domine,

212 2114 340 2148 adjuvisti
356 2122 406 2146 me,
423 2119 447 2141 et
473 2115 628 2142 consolatus
642 2125 668 2143 es
684 2125 725 2143 me
736 2117 769 2144 ³³,
809 2117 925 2144 Mentem
941 2118 1003 2145 lior-

212 2164 285 2186 tatur
307 2160 458 2192 inimicam,
474 2169 567 2196 pacem
585 2170 617 2189 ac
643 2163 761 2197 quietem
784 2164 902 2197 ducere;
924 2164 1000 2191 testi-

212 2206 305 2233 monio
329 2211 371 2233 est
397 2207 448 2234 hoc
472 2207 595 2242 Apostoli
616 2209 730 2236 dictum.
751 2209 806 2236 Pro
824 2209 930 2237 Christo
943 2210 1001 2246 [tle-
1019 2207 1040 2235 D
1055 2211 1179 2239 lucerna.

210 2253 361 2289 precantur]
389 2254 520 2289 legatione
541 2255 678 2290 fungimur
692 2262 820 2292 tanquam
835 2258 887 2284 Deo
901 2258 998 2284 exhor-

212 2304 284 2327 tante
311 2309 357 2334 per
370 2309 429 2327 nos.
446 2301 621 2329 Obsecremus
643 2312 690 2338 pro
709 2303 824 2336 Christo,
842 2305 1001 2331 reconcilia—

211 2347 278 2372 mini
293 2346 346 2373 Deo
361 2347 394 2373 “.
413 2346 505 2374 Viden'
519 2349 710 2384 indeprensam
722 2351 899 2378 comitatem?
913 2351 1001 2378 viden'

212 2392 430 2428 incomparabile
453 2395 575 2422 munus?
591 2404 703 2423 sursum
721 2397 838 2431 unigena
857 2397 941 2425 Filius
967 2398 1000 2425 ad

213 2437 319 2465 Patrem
336 2447 385 2473 pro
402 2440 480 2467 nobis
498 2440 653 2474 intercedit,
682 2442 910 2476 quemadmodum
934 2443 1001 2470 seri-

213 2488 288 2518 ptum
301 2489 345 2511 est
359 2493 366 2512 :
383 2485 435 2518 Qui
448 2490 473 2512 et
486 2491 524 2512 est
542 2487 575 2513 ad
591 2487 712 2514 dextrum
728 2488 795 2522 ejus,
811 2488 856 2522 qui
868 2489 949 2515 etiam
962 2489 1003 2515 in-

214 2530 334 2564 tet-pellat
351 2539 398 2565 pro
431 2533 506 2559 nobis
517 2533 552 2566 ³⁵,
583 2533 715 2560 deorsum
748 2539 864 2562 sanctus
884 2535 1002 2570 Spiritus

214 2577 382 2605 multimodis
399 2578 514 2606 solatur.
530 2578 633 2614 Ecquid
645 2588 694 2614 pro
711 2581 753 2608 his
769 2580 823 2608 Deo
839 2582 1004 2610 reddemus?

214 2622 329 2650 fortasse
346 2624 412 2652 illud
439 2625 518 2652 nobis
536 2634 681 2660 usurpare,
699 2634 731 2654 ac
745 2627 835 2655 dicere
851 2634 893 2656 est
910 2638 916 2656 :
939 2629 1006 2656 0m-

214 2669 259 2695 κὶα
275 2677 335 2696 ossa
351 2678 409 2697 mea
422 2670 509 2697 dicent
523 2679 531 2697 :
549 2671 669 2704 Domine,
691 2673 813 2707 Domine,
830 2675 888 2708 quis
905 2676 1001 2702 similis

215 2712 261 2739 tibi
277 2713 290 2739 .9
314 2715 426 2749 eripiens
454 2716 556 2749 inopem
573 2717 605 2742 de
631 2725 711 2743 manu
737 2719 879 2752 fortiorum
902 2721 959 2755 ejus
978 2726 1001 2747 et

214 2766 333 2792 rgrnum,
347 2765 371 2786 et
386 2768 527 2795 pauperem
544 2771 559 2788 a
571 2762 758 2796 diripientibns
772 2773 831 2792 eum
843 2765 883 2799 ³⁶;
897 2774 928 2794 ac
941 2775 1002 2793 rur-

250 2815 273 2852 ‘f
287 2815 367 2844 .loan.
386 2825 440 2849 xw,
457 2818 484 2852 7,
497 2819 522 2845 8.

563 2819 583 2834 ³¹
603 2819 681 2847 Joan.
698 2829 752 2852 xtv,
770 2822 811 2850 16.

216 2849 237 2865 ³⁵
258 2850 336 2878 Rom.
355 2860 413 2885 vnn,
426 2854 470 2880 55.

509 2855 530 2870 ⁸⁸
545 2855 618 2882 Psal.
635 2863 726 2889 “xw,
746 2859 787 2884 10.

1051 918 1176 952 voluptas
1190 921 1242 949 est,
1256 917 1304 945 sed
1320 917 1467 944 vehemens
1484 917 1572 951 dolor;
1587 926 1644 952 .non
1660 918 1844 946 oblectamen-

1051 967 1107 989 tum
1122 967 1174 995 est,
1201 963 1248 990 sed
1270 963 1456 990 consternatio
1477 963 1619 999 [ἔκστασις
1628 964 1735 999 φρενῶν
1749 965 1802 1000 legi
1814 966 1842 991 in

1051 1008 1142 1036 Graeco
1158 1016 1205 1042 pro
1221 1007 1358 1043 ἔκτασις.]
1382 1008 1519 1042 quzedam,
1551 1016 1583 1035 ac
1614 1009 1719 1043 perdita
1740 1010 1842 1038 mentis

1050 1054 1189 1080 alienatio.
1215 1053 1309 1088 Neque
1334 1053 1360 1081 id
1389 1054 1519 1081 nesciunt
1540 1054 1587 1089 qui
1615 1055 1719 1082 rabiem
1749 1056 1844 1082 carnis

1050 1099 1174 1132 abluunt,
1188 1103 1215 1125 et.
1243 1099 1329 1126 solius
1350 1099 1396 1126 Dei
1415 1100 1565 1134 cupiditate
1597 1101 1754 1128 ducantur:
1786 1109 1843 1136 quo

1051 1144 1115 1177 quid
1131 1143 1264 1170 suavius?
1277 1144 1343 1178 quid
1358 1144 1485 1171 felicius?
1501 1144 1547 1171 Nae
1560 1145 1606 1172 ille
1629 1149 1670 1172 est
1695 1145 1721 1172 in
1745 1153 1843 1178 carne,

1051 1197 1082 1217 ac
1092 1197 1178 1224 supra
1196 1197 1308 1217 carnem
1325 1189 1352 1216 in
1369 1190 1472 1217 mundo
1489 1194 1516 1217 et
1532 1198 1615 1226 supra
1637 1192 1787 1219 mundum:
1815 1193 1844 1219 in

1027 1245 1032 1249 ·
1051 1241 1184 1270 prazsente
1199 1236 1264 1268 vita,
1280 1243 1312 1262 ac
1327 1243 1409 1270 supra
1426 1237 1603 1271 aspectabilia
1619 1238 1724 1271 vivens,
1738 1239 1765 1265 in
1786 1247 1846 1274 quo

1051 1282 1157 1309 lenibus
1173 1287 1286 1309 sanctus
1300 1281 1419 1316 Spiritus
1431 1283 1506 1310 auris
1519 1284 1600 1310 exciti
1629 1290 1714 1312 :esms
1728 1285 1845 1320 quidam

1050 1329 1147 1363 grati-.e
1162 1333 1281 1355 mentem
1300 1335 1384 1362 quam
1400 1330 1519 1356 maxime
1536 1330 1725 1365 tranquillant.

1089 1374 1142 1401 Sed
1163 1374 1228 1409 quid
1243 1378 1334 1401 autem
1349 1375 1496 1409 voluptatis
1513 1375 1634 1403 studium
1649 1377 1737 1404 victos
1753 1381 1848 1405 tanto—

1051 1429 1114 1456 pere
1131 1421 1257 1448 diversos
1287 1421 1362 1455 agit,-
1372 1425 1400 1448 et
1426 1421 1564 1454 immutat,
1582 1423 1611 1450 in
1632 1427 1755 1451 terram:
1780 1432 1848 1452 car--

1052 1475 1113 1494 nem
1159 1470 1241 1501 atque
1267 1467 1430 1502 sanguinem
1457 1468 1594 1502 derexos,
1629 1470 1701 1498 unde
1728 1471 1848 1499 omnino

1051 1512 1204 1540 alienemur
1218 1520 1233 1539 ει
1252 1513 1326 1540 bono
1340 1513 1396 1540 Deo
1408 1513 1419 1540 ?

870 2823 891 2839 ³¹
920 2823 939 2849 ll
956 2825 1019 2851 (Zur.
1037 2833 1085 2855 vn.
1100 2826 1127 2858 5,
1145 2825 1172 2857 6_

828 2859 849 2874 ⁸⁷
865 2858 938 2886 Psal.
959 2867 1056 2894 cuin,
1072 2862 1098 2888 8.

1087 1559 1147 1586 Non
1162 1559 1281 1587 audistis
1299 1560 1366 1594 quid
1382 1567 1429 1587 ac-

1051 1606 1150 1634 ciderit
1188 1606 1342 1634 miserabili
1374 1605 1430 1633 Eu-

1052 1653 1325 1688 prepiano?jamjam
1354 1654 1429 1681 enim

1052 1701 1133 1727 nobis
1183 1701 1330 1728 nuntiatur
1382 1701 1430 1728 de-

1053 1746 1183 1781 functus,
1219 1752 1245 1775 et
1284 1748 1430 1776 defunctus

1054 1795 1118 1830 (heu
1161 1802 1237 1822 meas
1279 1802 1363 1822 mrum
1369 1795 1429 1830 nas)

1052 1848 1105 1867 non
1123 1842 1279 1874 temporali,
1292 1841 1338 1868 sed
1349 1843 1431 1869 teterJ

1052 1893 1086 1912 na
1118 1891 1224 1919 morte,
1254 1887 1370 1921 abrupta
1402 1888 1430 1914 in

1053 1932 1115 1960 Eva:
1153 1933 1326 1967 amplexibus
1363 1934 1430 1962 vita.

1054 1981 1110 2007 lleu
1125 1981 1190 2016 quid
1209 1989 1307 2016 passus
1323 1987 1364 2010 est
1385 1982 1430 2009 in-

1055 2026 1119 2053 felix
1133 2028 1138 2054 !
1159 2027 1236 2054 scitis
1251 2028 1432 2062 quemadmo-

1053 2073 1117 2098 dum
1140 2072 1218 2107 prius
1246 2080 1328 2106 super
1342 2073 1432 2107 capite

1053 2120 1215 2154 Splendebat
1229 2127 1292 2146 etim
1314 2120 1432 2154 morige-

1055 2166 1183 2198 ratiuuis,
1205 2171 1262 2192 tum
1285 2167 1432 2200 probitatis

1223 2212 1322 2238 Annon
1365 2213 1430 2239 olim

1054 2258 1229 2286 confessione
1239 2259 1365 2286 obeunda
1375 2267 1431 2287 me.

1054 2312 1117 2332 cum
1153 2304 1277 2331 reclusus
1303 2305 1366 2331 est?
1382 2313 1432 2332 att-

1031 2386 1038 2391 _
1055 2359 1110 2378 non
1140 2351 1312 2378 Saccudione
1329 2351 1362 2378 ad
1377 2351 1431 2378 0E-

1054 2397 1164 2425 conomi
1182 2398 1348 2432 dignitatem
1367 2406 1432 2432 pro-

1053 2444 1166 2471 vectus?
1192 2451 1284 2470 annon
1310 2443 1345 2470 ob
1363 2451 1432 2477 prae-

1054 2493 1158 2517 sentem
1183 2489 1387 2517 confessionem
1405 2490 1431 2517 in

1056 2545 1167 2564 arenam
1196 2538 1350 2570 descendit,
1391 2538 1433 2566 bis

1055 2583 1149 2618 ﬂagris
1171 2585 1311 2617 multatus,
1328 2593 1359 2612 ac
1379 2585 1433 2612 for-

1057 2631 1162 2658 tissime
1179 2632 1345 2665 perpessus?
1363 2631 1430 2658 Tum

1056 2677 1120 2711 quid
1164 2678 1284 2704 autem?
1316 2678 1432 2710 habens,

1056 2728 1087 2750 ut
1110 2723 1296 2755 ()Economus,
1325 2733 1433 2752 marsu-

1056 2768 1130 2803 pium
1183 2769 1365 2801 monasterii‘,
1407 2775 1434 2797 et

1139 2862 1160 2876 ³⁸
1180 2861 1251 2889 Psal.
1282 2870 1355 2893 XCIII.
1380 2863 1424 2890 17.

1231 2826 1254 2841 ³³
1271 2825 1344 2854 Psal.
1372 2835 1476 2858 μην,
1490 2826 1535 2853 17.

1500 1561 1558 1588 Uine
1575 1562 1724 1597 ἠκούσατε,
1746 1564 1773 1590 τί
1794 1564 1848 1592 πέ-

1467 1608 1564 1635 πονθεν
1579 1610 1593 1634 ὁ
1609 1610 1726 1641 ἐλεεινὸς
1737 1610 1848 1646 Εὺπρε-

1465 1655 1574 1689 πιανό;;
1586 1655 1649 1690 ἄρτι
1659 1656 1714 1691 γὰρ
1722 1657 1790 1691 ἡμῖν
1799 1658 1850 1684 ἁν-

1463 1702 1569 1737 ηγγέλη
1584 1702 1627 1729 ὅτι
1641 1702 1769 1738 τέθνηκε.
1788 1703 1848 1730 Καὶ

1464 1749 1590 1785 τέθνηκε,
1616 1749 1667 1784 φεῦ
1694 1751 1746 1785 τῆς
1774 1752 1849 1787 ἐμῆς

1463 1795 1651 1831 ταλαιπωρίας
1661 1797 1705 1824 Ῑού
1714 1798 1850 1833 πρόσκαι-

1466 1851 1524 1878 ρον,
1540 1843 1608 1870 ἀλλὰ
1618 1844 1663 1870 τὸν
1675 1845 1789 1872 αἰώνιον
1802 1846 1849 1873 Θά-

1464 1898 1545 1916 νατον
1557 1890 1732 1925 συμπλακεὶς
1743 1894 1775 1927 τῇ
1790 1893 1849 1929 Εὒᾳ

1466 1936 1514 1962 καὶ
1530 1936 1614 1972 ταύτῃ
1630 1937 1677 1963 τὸν
1690 1937 1749 1971 βίον
1759 1939 1849 1974 suop—

1467 1983 1561 2018 ῥήξας.
1579 1985 1611 2010 Ὢ
1628 1984 1654 2010 τί
1675 1985 1812 2012 πέπονθεν
1832 1987 1848 2012 ὁ

1466 2030 1566 2061 τάλαςὶ
1586 2031 1658 2057 Ἰστε
1682 2031 1757 2064 ὅπως
1775 2033 1850 2068 πρό-

1466 2084 1546 2112 τερον
1557 2076 1636 2112 ηὔχει
1644 2079 1658 2104 ὀ
1668 2078 1766 2113 λύχνος
1775 2079 1849 2114 ὑπὲρ

1466 2124 1590 2159 κεφαλῆς
1600 2124 1694 2157 αὐτοῦ,
1702 2125 1752 2160 τῆς
1758 2135 1788 2152 τε
1799 2127 1848 2152 εὑ-

1467 2170 1578 2200 πιστὶας
1608 2171 1655 2197 καὶ
1682 2171 1848 2206 εὐδρομξας.

1467 2216 1534 2251 Οὐχὶ
1559 2217 1777 2252 συναπεκλείσθη
1801 2227 1849 2252 μοι

1467 2262 1552 2288 πάλαι
1562 2263 1782 2298 ὁμολογητιχῶ;;
1797 2264 1850 2291 οὐκ

1466 2309 1506 2340 εἰς
1539 2309 1683 2344 οἰκονόμου
1719 2310 1849 2346 προήχθη

1469 2354 1573 2389 βαθμὸν
1583 2356 1612 2381 ὲν
1623 2355 1661 2390 τῷ
1673 2356 1851 2382 Σακκουδίω-

1468 2409 1511 2433 νι;
1532 2402 1581 2428 οὐκ
1600 2402 1647 2428 ἐπὶ
1665 2403 1698 2436 τῇ
1719 2402 1850 2438 παρούσῃ

1467 2447 1599 2482 ὁμολογίᾳ
1610 2447 1766 2474 ἀπεδύσατο
1777 2450 1852 2483 πρὸς

1468 2493 1578 2527 ἀγῶνας
1606 2494 1648 2525 δὶς
1682 2495 1852 2529 μαστιχθεὶς

1468 2540 1514 2565 καὶ
1529 2539 1649 2574 ἐνεγκὼν
1660 2540 1759 2575 ἄριστα
1770 2549 1777 2572 ;
1788 2539 1853 2567 εἷτὰ

1467 2593 1493 2610 τι
1510 2584 1580 2619 ἔχων
1599 2584 1637 2616 ὡς
1656 2585 1800 2620 οἰκονόμος
1819 2586 1853 2611 τὸ

1467 2631 1661 2666 γλωσσόκομον
1685 2631 1734 2658 τοῦ
1765 2640 1854 2667 μονα-

1469 2677 1592 2713 στηριου,
1610 2677 1658 2704 καὶ
1677 2677 1711 2703 τὰ
1727 2678 1757 2703 ἐν
1773 2678 1853 2711 αὐτῷ

1469 2723 1624 2758 βαλλόμενα
1654 2722 1781 2757 Θελχοεὶς
1810 2723 1852 2757 τῷ

1468 2770 1572 2805 χρυσίῳ
1581 2770 1628 2796 καὶ
1639 2769 1808 2805 περιπαρεὶς
1815 2771 1851 2804 τῇ

1572 2826 1595 2842 ³⁸
1614 2825 1637 2851 ll
1655 2825 1719 2852 Cor.
1739 2833 1756 2851 v
1803 2825 1852 2854 ΞΟ.

1470 2863 1491 2879 ³³
1508 2861 1582 2890 Psal.
1607 2868 1691 2893 cxvn,
1713 2860 1740 2888 6.
