1916 3075
74 140 123 174 5‘21

68 204 130 228 qua:
155 194 346 230 injicerentur,
376 204 445 223 auro

67 243 193 274 illectus,
219 247 304 276 atque
329 243 444 270 avaritia

66 289 205 320 confixus,
221 289 284 320 heu.
301 287 443 316 Christum

64 333 143 361 Iudae
160 334 248 361 instar
265 334 396 368 prodidit,
416 340 443 362 et

65 380 236 414 virginitatis
249 381 376 414 deposito
394 389 443 408 vo-

65 427 136 458 to",
150 431 178 454 et
195 426 338 454 Giezice“
354 427 441 462 agris.

64 473 163 504 vineis,
188 473 277 500 bobus
293 493 302 506 ,
342 473 442 502 ovibus

63 520 209 555 coemptis.

644 144 847 175 SERMONES
867 144 1128 178 CATECHETICI.

483 197 649 233 φιλαργυρίᾳ
658 199 729 226 κατὰ
738 200 784 227 τὸν
798 200 861 227 Ἰού-

481 243 540 275 διν,
548 244 716 279 προῦδωκεν,
723 245 806 279 οῐμοι,
812 246 858 272 τὸν

482 291 608 326 Χριστόν.
621 292 706 331 Τοᾷτο
721 292 772 327 μὲν
788 293 858 319 ἀπο-

480 338 632 372 δυσάμενος
646 338 677 365 τὸ
692 339 743 372 τῆς
755 339 858 374 παρθε-

480 384 540 414 νίας
568 385 748 419 ἐπάγγελμα,
777 386 858 413 τοῦτο

478 430 507 457 δὲ
526 430 659 462 Γιεζικῶς
679 431 857 466 ὠνησάμενος

478 476 581 512 ἀγροὺς
629 477 678 503 καὶ
724 477 856 512 ἀμπελῶ-

477 531 537 555 var,
548 522 608 550 κτλ.
623 522 675 558 (2).

94 576 188 609 Quare
205 584 260 604 non
275 576 334 612 ejus
359 577 464 612 lepram
476 578 559 606 modo
573 579 726 613 contraxit,
743 580 802 614 sed,
815 580 854 608 uti

61 631 134 652 reor.
149 629 176 652 ct
192 626 298 653 tristius
320 626 459 661 quiddam.
479 626 519 653 En
540 627 608 661 quid
636 626 753 663 perfecit
766 629 855 656 avari-

61 670 107 701 tia,
127 670 227 698 fratres
243 680 250 698 :
264 670 402 706 fugiamus
417 673 677 708 vitium,quaeso,ut
690 675 855 710 proditionis

58 714 206 743 ofﬁcinam.
241 716 280 743 Eu
302 717 367 751 quid
399 719 490 753 exegit
524 719 855 756 pervicacia:fugiamus

60 760 188 788 tenebras
202 769 263 796 quae
276 769 290 788 a
307 760 452 790 Dominico
468 767 540 790 coetu
554 764 696 797 divellaut;
717 764 854 799 fugiamus

57 811 83 832 ct
96 807 204 841 reliqua
225 812 324 835 cuncta
351 808 428 841 vitia,
443 816 504 844 qua!
519 810 652 836 miserum
666 811 789 837 animum
805 818 854 837 uo-

57 857 146 878 strum
160 853 307 885 lacessunt,
323 853 456 886 furorem,
476 855 619 886 invidiam.
633 855 716 887 iram,
730 857 851 883 studium

55 899 110 928 sui.
141 899 334 932 pervicaciam,
356 907 515 928 successum
532 908 540 933 ;
568 900 654 935 fugite
667 901 717 928 soli
731 909 802 934 esse,
823 908 853 929 ut

55 945 214 971 cmntietam
240 953 254 972 a
283 945 339 973 Deo
362 946 588 981 imprecationem
609 947 722 983 fugiatis
742 958 748 975 :
775 956 850 982 nam,

62 988 106 1015 Va:
123 990 186 1022 soli,
203 990 301 1025 inquit,
315 993 377 1026 quia
394 999 453 1018 cum
465 992 589 1019 ceciderit
606 1001 658 1020 non
675 994 750 1021 habet
765 994 852 1021 suble-

55 1041 162 1062 vantem
187 1036 255 1070 se“;
274 1037 348 1071 quod
372 1038 396 1065 ei
415 1039 532 1073 contigit
559 1047 613 1073 quo
626 1040 661 1066 de
687 1048 780 1068 sermo
798 1045 850 1068 est.

55 1080 104 1108 Cui
123 1083 146 1108 si
170 1083 262 1110 socius
281 1083 390 1117 fuisset,
415 1086 596 1119 quantumvis
618 1086 727 1118 cecidit,
746 1091 852 1121 poterat

55 1135 168 1154 rursum
189 1135 241 1163 ope
272 1129 339 1156 socii
373 1138 552 1166 consurgere,
582 1139 694 1158 rursum
721 1131 852 1167 plangere

55 1174 208 1202 delictum:
239 1180 368 1203 cretei-itm
393 1177 440 1211 qui
474 1177 586 1204 haberet
619 1177 737 1210 nullum,
771 1178 852 1213 periit

55 1218 152 1250 miser,
180 1219 207 1246 in
223 1227 304 1246 suum
333 1220 425 1247 locum
454 1220 607 1255 profectus.
627 1222 722 1257 Digna,
740 1222 850 1256 fratres,

56 1263 154 1290 dolore
174 1270 259 1299 atque
281 1264 392 1300 planctu
424 1266 557 1300 tragmdia
582 1271 636 1294 est.
651 1267 706 1300 Qui
725 1268 851 1300 stat,.in-

56 1310 126 1344 quit,
145 1310 231 1336 videto
247 1319 278 1337 ne
305 1310 431 1344 cadat";
449 1312 497 1347 qui
523 1312 591 1340 bene
607 1314 694 1340 currit
709 1318 805 1341 caveto
816 1321 851 1341 ne

56 1360 258 1389 prosternatur,
280 1361 448 1391 prostratum
477 1365 594 1386 cernens
618 1359 665 1393 qui
690 1359 767 1394 prius
781 1359 851 1387 bene

55 1401 196 1428 currebat.
218 1401 351 1436 Angelum
365 1402 438 1438 quis,
456 1404 566 1438 opinor,
593 1404 701 1432 facilius
719 1412 849 1432 casurum

53 1454 139 1480 quam
172 1446 284 1474 fratrem
309 1455 372 1475 cum
400 1449 537 1480 duxisset,
564 1454 591 1476 et
615 1454 708 1477 tamen
738 1451 848 1483 cecidit,

53 1493 228 1526 dormitans,
253 1501 392 1529 causaque
417 1496 531 1523 avaritia
554 1501 606 1523 est.
637 1495 698 1523 Non
722 1496 849 1525 fecissem

1653 151 1705 182 5‘22

879 207 898 232 Α
916 201 979 228 hinc
995 202 1158 234 serviamus,
1187 209 1240 237 qua
1260 203 1287 230 in
1303 207 1381 238 parte
1394 203 1456 239 quis
1474 205 1527 232 sibi
1543 205 1639 234 deesse
1653 207 1703 233 ali-

909 246 972 281 quid
985 247 1095 280 sentiet,
1113 253 1256 283 purgator,
1277 253 1304 276 et
1326 248 1435 277 animus
1454 250 1489 277 ad
1509 249 1557 278 Dei
1575 251 1703 279 volunta-

908 296 962 319 tem
981 292 1125 320 innovatur
1139 302 1146 320 :
1164 301 1249 328 prope
1265 299 1308 321 est
1320 295 1427 322 cunctis
1446 303 1510 323 eum
1526 297 1701 330 vocantibus,

908 344 940 363 ac
953 337 1075 371 quotidie
1106 345 1169 366 cum
1190 339 1380 373 paenitentiam
1410 340 1542 372 admittit,
1560 345 1617 367 tum
1637 349 1702 376 pec-

908 385 967 408 cata
984 381 1066 414 delet,
1091 389 1196 417 nosque
1217 383 1331 411 assidue
1357 383 1392 411 ad
1413 384 1631 420 amplectendam
1653 393 1702 420 pc-

907 434 1018 454 rcnnem
1032 427 1113 455 vitam
1127 428 1300 456 cohortatur.
1313 428 1402 462 Quam
1417 435 1445 457 et
1460 430 1576 465 adipisci
1592 438 1700 458 merea-

908 481 969 500 mur
983 481 1031 508 per
1054 473 1194 501 Christum
1209 475 1302 503 Jesum
1327 476 1472 504 Dominum
1492 483 1617 504 n05trum
1631 485 1638 503 :
1655 477 1700 505 cui

906 519 992 554 gloria
1011 523 1038 547 et
1053 520 1198 555 imperium
1214 529 1277 549 cum
1303 521 1393 555 Patre,
1416 530 1449 550 ac
1465 527 1563 551 sancto
1578 522 1698 558 Spiritu,

906 569 1022 598 uunc,et
1031 573 1149 601 semper,
1158 567 1184 593 in
1194 574 1359 602 omnemque
1370 569 1589 603 perpetuitatem.
1599 569 1698 597 Amen.

1219 623 1335 651 SERMU
1354 624 1388 653 Χ.

906 656 940 683 1η
951 665 1038 696 omne:
1051 662 1166 696 sanctos.
1179 658 1320 696 Martyres
1341 668 1397 686 esse
1411 668 1462 687 nnn
1486 660 1556 687 solos
1575 660 1699 696 quicun-

940 693 1044 753 qnipem
1068 693 1246 728 profundant,
1264 693 1315 721 sed
1334 696 1414 722 etiam
1438 696 1484 730 qui
1501 693 1586 722 citant
1602 695 1698 722 obeant

940 735 947 753 t
959 735 1068 753 mnam.

939 735 1068 754 att-mam.

940 771 1049 800 Fratres
1074 772 1232 808 Patresque,
1262 774 1360 802 festum
1383 775 1515 803 festorqu
1557 785 1696 806 summum

903 822 946 844 est
957 822 1051 845 sancta
1063 817 1233 852 Pentecoste,
1246 828 1328 855 quam
1343 823 1499 857 peregimus
1509 831 1517 855 ;
1528 823 1577 851 sed
1595 823 1696 851 festqu

870 870 1014 906 “quoque
1053 869 1095 892 est
1127 870 1155 893 et
1183 872 1342 894 sanctorum
1370 870 1493 896 omnium
1523 870 1695 902 solemuitas.

903 917 985 944 quam
1000 918 1073 938 nunc
1091 913 1270 948 contigimus.
1288 915 1329 942 Ac
1345 923 1408 943 cum
1421 918 1562 952 proprium
1582 918 1619 946 sit
1634 918 1696 947 festi

902 963 917 982 e
931 956 1010 984 bonis
1027 957 1130 992 aliquid
1154 961 1284 994 praeclara
1314 962 1481 996 cogitatione
1496 971 1603 998 parare,
1619 972 1694 992 reco~

902 1001 958 1035 lite,
985 1003 1009 1030 si
1026 1003 1146 1036 videtur,
1163 1010 1231 1040 quot
1261 1007 1412 1042 quantique
1436 1009 1523 1037 sancti
1541 1017 1695 1038 memoren-

902 1052 956 1076 tur.
973 1049 1006 1076 Et
1020 1051 1082 1084 quis
1105 1051 1166 1078 coeli
1183 1053 1276 1081 stellas
1297 1059 1449 1086 euumeret,
1471 1063 1502 1082 ac
1516 1056 1644 1083 diffusam
1660 1057 1694 1084 ad

902 1095 987 1123 maris
1004 1096 1080 1124 littus
1097 1098 1227 1125 arenam?
1247 1103 1286 1126 tot
1296 1104 1360 1127 sunt
1374 1106 1508 1136 martyres
1522 1110 1570 1136 per
1585 1102 1692 1136 orbem,

901 1140 948 1174 qui
974 1141 1157 1170 adversariam
1187 1149 1348 1178 potestatem
1376 1145 1428 1172 fide
1456 1147 1596 1179 vicerunt,
1629 1155 1693 1182 pro-

901 1186 1040 1222 cinctique
1065 1189 1099 1215 ad
1124 1190 1279 1224 tyrannicas
1299 1191 1383 1222 acies,
1401 1191 1427 1218 in
1444 1192 1544 1227 ignem,
1561 1193 1693 1228 gladium,

901 1233 983 1266 feras,
1001 1238 1118 1262 terrores
1139 1243 1236 1263 omnes
1265 1237 1449 1270 tetenderunt,
1479 1239 1527 1273 qui
1557 1240 1692 1274 supplicia

900 1280 1032 1308 ducerent
1071 1289 1120 1316 pro
1156 1282 1274 1315 deliciis,
1306 1283 1548 1311 obtruncationem
1565 1291 1615 1317 pro
1644 1292 1693 1311 vo-

900 1325 1014 1360 luptate.
1045 1326 1117 1360 Quin
1147 1327 1313 1354 confidentia
1345 1329 1397 1355 hac
1435 1329 1529 1364 igneos
1559 1329 1693 1357 carbones

900 1370 1107 1404 proculcarunt,
1139 1378 1221 1406 rogos
1237 1371 1365 1400 incensos
1388 1375 1586 1407 restinxetuut,
1602 1375 1628 1401 iu
1645 1383 1694 1402 na-

901 1419 962 1443 tura
990 1417 1151 1451 peragendis
1182 1422 1280 1445 natura
1312 1419 1477 1454 majoribus,
1493 1420 1626 1447 attonitos
1643 1421 1693 1447 ha-

901 1462 997 1489 bentes
1043 1467 1175 1497 tyrannos
1213 1469 1295 1498 atque
1321 1472 1409 1500 reges.
1444 1465 1516 1498 Quid
1539 1466 1695 1502 testali(5)?

900 1507 992 1534 Jesum
1010 1515 1072 1534 cum
1097 1515 1159 1536 esse
1170 1509 1311 1537 Christum
1331 1515 1387 1537 tum
1404 1510 1450 1538 Dei
1468 1511 1579 1545 Filium,
1595 1520 1649 1548 quo
1666 1513 1692 1540 in

54 1547 121 1567 'efo
138 1541 173 1567 de
193 1541 310 1569 avaritia
328 1542 419 1574 Verba.
438 1543 491 1570 ﬂiSi
514 1550 623 1591 νάξεται·
641 1548 671 1571 υι
689 1551 763 1572 nunc
782 1551 845 1579 Pel“
859 1551 880 1579 C
898 1553 1008 1580 nomine
1019 1552 1120 1580 inesset
1133 1554 1189 1580 vita
1202 1555 1379 1589 sempiterna,
1391 1556 1555 1584 auctoribus
1565 1541 1692 1591 Sci-iptis.

54 1585 200 1612 seculione
225 1586 296 1613 alius
324 1587 379 1614 alio
406 1588 526 1623 profugi,
547 1586 578 1615 ct
595 1589 771 1617 incumbente
786 1590 849 1617 vita:

55 1631 149 1658 viatici
167 1639 246 1663 cura,
264 1631 286 1659 si
310 1633 402 1660 minus
417 1633 563 1668 diligenter
580 1635 726 1667 cavebitis,
742 1635 768 1662 iu
785 1643 850 1663 ava-

56 1676 128 1703 ritiae
159 1684 252 1704 escam
287 1678 383 1706 ruatis.
416 1678 485 1706 Hinc
505 1680 629 1714 plerique
654 1688 705 1708 nec
720 1682 849 1708 comitem

57 1722 201 1756 patiuntur
213 1723 325 1755 habere,
341 1732 410 1752 auro
422 1725 547 1758 deliniti;
578 1726 642 1753 hinc
656 1734 707 1753 nec
727 1734 849 1754 antorem

57 1771 204 1804 complecti
226 1772 391 1806 spiritalem,
408 1773 482 1800 vitiis
505 1775 655 1802 contractis
673 1775 848 1807 domesticis;

58 1816 123 1844 hinc
135 1824 186 1844 nec
195 1817 278 1851 pedes
293 1818 435 1852 quiescere
449 1824 575 1853 possunt,
593 1820 769 1854 quiuobeuut
785 1821 849 1852 huc,

58 1861 134 1893 illuc,
164 1862 237 1890 velut
263 1864 364 1896 catelli,
378 1864 492 1892 sicunde
522 1871 665 1901 argentum
682 1873 698 1893 a
714 1867 760 1901 pio
782 1874 850 1894 con-

57 1912 184 1941 vertant;
212 1909 275 1936 hinc
297 1911 419 1937 nonnulli
445 1919 541 1939 servos
555 1917 620 1939 sunt
636 1913 760 1945 mercati,
778 1913 848 1940 servi

57 1955 202 1987 vitiorum,
218 1956 321 1984 amissa
337 1957 415 1984 herili
433 1958 587 1993 dignitate;
607 1958 653 1985 alii
668 1959 721 1986 alia
738 1959 851 1986 minime

58 2002 218 2034 necessaria
243 2003 436 2038 deproperant,
465 2005 491 2030 in
508 2012 645 2039 usumque
663 2008 848 2039 comportant,

57 2047 215 2074 venditores
244 2055 275 2074 ac
304 2048 503 2082 redemptores,
526 2049 655 2084 agitando
683 2050 850 2084 cauponario

57 2096 177 2125 quiestu.
211 2092 371 2127 ltespectate
402 2093 448 2120 Dei
481 2094 627 2129 judicium,
642 2093 752 2125 fratres,
769 2102 848 2128 quem

58 2137 155 2164 latebit
186 2145 267 2165 nemo
293 2139 340 2173 qui
358 2138 384 2165 in
407 2139 499 2166 abdito
514 2139 615 2167 mentis
630 2139 780 2174 quidquam
801 2139 848 2166 de-

57 2182 159 2216 signet,
175 2183 262 2209 multo
296 2183 388 2210 minus
410 2183 561 2211 secundum
577 2185 741 2212 exteriorem
760 2184 848 2212 homi-

58 2235 131 2254 nem.
160 2227 256 2255 Videte
290 2231 388 2256 mortis
423 2229 588 2256 sententiam
614 2229 751 2257 defunctis
776 2238 849 2258 nunc

57 2282 168 2309 quoque
186 2275 291 2302 duobus
316 2275 457 2307 fratribus,
485 2276 580 2308 Milite,
598 2282 683 2311 atque
713 2277 846 2309 Barnaba,

57 2325 85 2346 et
101 2324 165 2346 ante
179 2327 228 2348 eos
258 2321 331 2354 aliis,
354 2329 387 2348 ac
403 2321 482 2349 nobis
497 2322 620 2349 vicissim
644 2322 847 2350 consecuturis.

58 2364 96 2392 Ne
129 2373 222 2400 quem,
239 2374 316 2402 rogo,
330 2367 505 2402 imparatum,
522 2375 554 2394 ac
576 2368 668 2395 minus
683 2369 847 2395 instructum

59 2418 134 2438 mors
147 2411 344 2446 deprehendat.
363 2412 421 2440 Non
444 2413 539 2448 exigua
551 2417 592 2441 est
622 2413 765 2449 pernicies,
802 2413 848 2440 Dei

59 2457 233 2492 coelestisque
251 2458 327 2492 regni
337 2458 456 2493 jactura,
474 2464 501 2486 et
524 2459 687 2494 supplicium
706 2467 848 2494 poenaeque

59 2511 204 2537 perennes,
221 2511 291 2539 quas
318 2511 367 2531 nec
393 2505 502 2539 ingenio
518 2505 678 2532 deformans
697 2506 848 2532 mortalitas

60 2548 138 2581 ferat,
156 2550 256 2576 nedum
273 2550 300 2576 in
315 2550 404 2584 ignem
419 2550 550 2585 profecta,
566 2550 639 2585 quod
655 2550 777 2577 futurum
793 2555 846 2579 est.

61 2595 110 2621 nisi
125 2603 187 2630 qua:
212 2595 266 2622 Deo
293 2597 417 2631 placeant
445 2601 620 2632 exsequatur.
646 2597 730 2631 Igitur
754 2601 782 2623 ut
802 2597 848 2623 ira!

61 2640 157 2672 minas,
173 2648 235 2674 quae
250 2641 458 2669 contumacibus
483 2642 632 2677 impendet,
651 2642 766 2669 evadere
783 2651 846 2677 pos-

60 2685 156 2718 simus,
172 2693 299 2721 agamus,
317 2686 442 2719 obsecro,
460 2695 521 2722 qua:
543 2677 701 2722 jubeamur,
724 2687 778 2715 Deo
791 2688 847 2722 jam

92 2743 114 2759 ”
127 2743 241 2771 Calech.
257 2743 275 2770 l.
297 2751 400 2771 xxxvn.

158 2779 182 2794 ⁸⁵
203 2778 287 2805 Hebr.
310 2786 361 2810 xu,
386 2778 413 2806 l.

94 2798 133 2858 ξε)
151 2798 445 2859 ιτηζὲῗὶςίῐὶζήἐιῖεε.
462 2824 568 2851 an...
586 2829 605 2851 ι.
617 2823 650 2856 x,
665 2824 729 2852 207.

94 2860 132 2893 13)
149 2859 291 2886 Alludttur
307 2860 340 2885 ad
352 2864 462 2894 etymon
474 2859 599 2886 Graecum
615 2867 622 2885 ε
637 2867 699 2886 nam
711 2860 848 2895 μάρτυρες

276 2904 414 2933 Ρλτιιοι.
430 2905 489 2934 Gn.
506 2904 601 2934 XCIX

61 2777 91 2805 38

901 1596 1004 1632 Ecquid
1041 1605 1108 1633 ergo
1135 1598 1187 1625 soli
1212 1604 1344 1634 martyres
1375 1604 1440 1627 sunt
1467 1600 1514 1635 qui
1531 1601 1692 1636 sanguinem

901 1643 1084 1678 profundant?
1104 1643 1220 1672 Minime
1244 1653 1320 1677 vero,
1342 1647 1409 1680 quin
1434 1646 1452 1673 ii
1468 1654 1578 1682 quoque
1590 1647 1636 1682 qui
1652 1647 1694 1674 vi-

902 1693 956 1716 tam
971 1689 1071 1716 obeant
1091 1690 1228 1723 divinam;
1251 1691 1290 1718 ait
1304 1692 1376 1718 enim
1393 1692 1542 1726 Apostolus
1556 1701 1562 1719 :
1578 1692 1694 1720 Circuit:-

901 1739 960 1760 runt
976 1734 1003 1760 in
1018 1735 1131 1768 melotis,
1152 1736 1179 1761 in
1203 1735 1314 1770 pellibus
1336 1737 1461 1770 caprinis,
1478 1742 1590 1772 egentes.
1609 1745 1694 1772 angu-

900 1781 986 1812 stiuti,
1019 1773 1229 1816 aﬂuat-quibus
1255 1781 1350 1816 dignus
1375 1790 1426 1808 non
1451 1787 1509 1809 erat
1526 1782 1651 1816 mundus,
1664 1783 1693 1809 itt

900 1826 1088 1853 solitudinibus
1104 1831 1233 1858 errantes,
1252 1828 1280 1854 in
1305 1828 1450 1860 montibus,
1464 1833 1489 1854 et
1507 1828 1649 1862 speluncis,
1667 1832 1692 1855 et

900 1871 928 1897 in
939 1871 1056 1898 cauernis
1073 1876 1149 1898 teme
1159 1872 1192 1899 δ”.
1216 1872 1249 1899 Ει
1263 1872 1346 1907 paulo
1361 1877 1423 1907 post
1440 1882 1446 1900 ε
1462 1872 1577 1900 Tantam
1591 1873 1692 1900 haben-

901 1921 938 1943 tes
953 1916 1047 1944 nubem
1076 1922 1234 1951 martyrum,
1259 1917 1416 1952 deponentes
1440 1926 1515 1944 omne
1538 1918 1651 1952 pondus,
1666 1923 1692 1945 ct

900 1963 1074 1989 circumstans
1096 1971 1143 1990 nos
1162 1968 1300 1997 peccatum
1323 1972 1369 1999 per
1382 1964 1538 1999 patientiam
1563 1964 1692 1990 decurra-

900 2017 958 2035 mus
970 2010 1134 2044 propositum
1150 2009 1224 2036 nobis
1236 2014 1377 2044 certamen,
1391 2011 1546 2045 aspicientes
1560 2012 1587 2038 in
1598 2017 1690 2038 aucto-

900 2062 953 2081 rem
979 2055 1052 2088 ﬁdei,
1071 2059 1104 2088 ,ει
1129 2060 1368 2082 consummatorem
1389 2056 1523 2083 Iesum“.
1551 2056 1646 2084 Viden”
1662 2062 1692 2084 ut

900 2101 1026 2128 universe
1041 2105 1175 2136 martyres
1188 2101 1296 2128 vocavit
1319 2109 1415 2129 omnes
1429 2101 1538 2136 pietatis
1553 2108 1691 2136 amantes,

899 2145 1084 2180 afﬂictamque
1101 2146 1183 2173 vitam
1209 2146 1355 2173 tolerantia
1371 2147 1533 2174 trahentes?
1554 2148 1646 2180 Quare
1663 2153 1691 2174 ct

901 2198 964 2223 nos,
991 2190 1100 2222 fratres,
1140 2192 1275 2218 numerati
1301 2191 1330 2218 in
1347 2191 1399 2218 hoc
1427 2193 1558 2228 martyrio
1571 2200 1689 2220 sumus-

867 2225 888 2251 υ
901 2243 965 2263 nam
978 2235 1025 2270 qui
1048 2235 1197 2264 tolerantes
1219 2237 1279 2264 vitae
1303 2244 1443 2264 aerumnas
1459 2237 1608 2272 crucigerae
1628 2245 1689 2263 am-

900 2281 1063 2315 plectamur,
1075 2281 1122 2317 qui
1142 2282 1273 2317 virginale
1289 2287 1383 2309 votum
1403 2288 1538 2315 tueamur,
1560 2290 1610 2311 nec
1629 2291 1689 2310 mo-

900 2327 1065 2361 rigeratione
1096 2328 1283 2360 detrectanda,
1317 2328 1343 2355 iu
1372 2336 1425 2362 qua
1455 2328 1528 2355 inest
1555 2328 1688 2363 quiddam

874 2372 987 2399 .instar
1014 2372 1173 2400 certaminis
1207 2371 1300 2400 Iesum
1327 2376 1462 2399 testamur
1494 2376 1522 2399 et
1548 2372 1688 2400 Christum

899 2423 970 2447 esse,
986 2421 1014 2443 et
1028 2416 1076 2444 Dei
1093 2416 1202 2449 Filium,
1218 2422 1351 2444 testamur
1374 2417 1508 2452 judicium
1534 2424 1566 2445 ac
1596 2425 1689 2445 remu-

897 2462 1064 2489 nerationem
1090 2462 1223 2494 futuram,
1254 2467 1388 2490 testamur
1412 2463 1474 2490 vitae
1488 2468 1591 2490 exactae
1606 2464 1689 2490 ratio-

896 2515 958 2534 nem
975 2509 1131 2536 reddituros
1156 2510 1189 2536 ad
1214 2510 1335 2536 terribile
1359 2509 1462 2537 Christi
1490 2510 1621 2542 tribunal,
1640 2510 1689 2536 ob-

896 2552 1025 2581 sistentes
1049 2553 1170 2586 diabolo.
1201 2554 1303 2582 Christi
1330 2555 1452 2588 inimico,
1486 2555 1636 2589 torquenti,
1662 2559 1690 2581 ct

897 2599 1006 2626 assidua
1031 2601 1228 2634 cogitationum
1270 2609 1303 2629 ac
1342 2601 1483 2628 lethalium
1513 2602 1687 2636 voluptatum

897 2645 1092 2679 objeclatione,
1115 2647 1189 2674 velut
1205 2648 1309 2682 flagris,
1332 2649 1438 2683 urgenti
1451 2656 1552 2683 negare
1565 2656 1614 2675 nos
1628 2656 1690 2675 esse

904 2690 999 2720 Deum.
1031 2693 1136 2720 Etenim
1162 2702 1277 2728 quonnu
1305 2699 1433 2730 corrupta
1448 2695 1539 2722 studia
1555 2699 1628 2726 sunt,
1642 2702 1688 2722 ce-

451 2745 471 2760 “
501 2744 534 2772 ιν
551 2744 617 2780 Reg.
638 2753 663 2778 v,
684 2745 696 2772 1
726 2753 802 2780 seqq.
842 2746 849 2762 ‘

905 2749 971 2777 ccle.
999 2758 1035 2782 tv,
1059 2751 1102 2780 10.
1141 2752 1164 2767 ⁸³
1188 2752 1198 2778 l
1221 2751 1285 2778 Cor.
1306 2760 1333 2786 x,
1357 2752 1401 2778 l2.
1440 2751 1463 2767 “
1476 2751 1561 2778 Hebr.
1587 2758 1624 2783 xi,
1642 2750 1688 2781 57.

869 2860 921 2887 arri
931 2858 978 2886 τοῦ
993 2862 1147 2896 μαρτυρεῖν
1161 2861 1237 2896 dicti,
1251 2861 1323 2897 quod
1341 2867 1381 2888 est
1397 2860 1502 2889 testari.

1509 2906 1545 2934 Π
