  <div class='ocr_page' id='page_1' title='image "/cluster/home/n/w/nwhite01/storage/ocr_20150623/99/njp.32101010943858/281.png"; bbox 0 0 1916 3075; ppageno 0'>
   <div class='ocr_carea' id='block_1_1' title="bbox 230 143 282 176">
    <p class='ocr_par' dir='ltr' id='par_1_1' title="bbox 230 143 282 176">
     <span class='ocr_line' id='line_1_1' title="bbox 230 143 282 176; baseline -0.038 0"><span class='ocrx_word' id='word_1_1' title='bbox 230 143 282 176; x_wconf 74' lang='lat'><strong>523</strong></span> 
     </span>
    </p>
   </div>
   <div class='ocr_carea' id='block_1_2' title="bbox 825 140 1264 173">
    <p class='ocr_par' dir='ltr' id='par_1_2' title="bbox 825 140 1264 173">
     <span class='ocr_line' id='line_1_2' title="bbox 825 140 1264 173; baseline -0.005 -1"><span class='ocrx_word' id='word_1_2' title='bbox 825 143 854 173; x_wconf 88' lang='lat' dir='ltr'><strong>S.</strong></span> <span class='ocrx_word' id='word_1_3' title='bbox 874 141 1069 172; x_wconf 84' lang='lat' dir='ltr'><strong>THEODORI</strong></span> <span class='ocrx_word' id='word_1_4' title='bbox 1091 140 1264 171; x_wconf 73' lang='grc' dir='ltr'><strong>ΞΤΠΟῘΤΛΞ</strong></span> 
     </span>
    </p>
   </div>
   <div class='ocr_carea' id='block_1_3' title="bbox 1809 139 1861 170">
    <p class='ocr_par' dir='ltr' id='par_1_3' title="bbox 1809 139 1861 170">
     <span class='ocr_line' id='line_1_3' title="bbox 1809 139 1861 170; baseline 0.019 -1"><span class='ocrx_word' id='word_1_5' title='bbox 1809 139 1861 170; x_wconf 66' lang='grc'><strong>524</strong></span> 
     </span>
    </p>
   </div>
   <div class='ocr_carea' id='block_1_4' title="bbox 228 195 1862 237">
    <p class='ocr_par' dir='ltr' id='par_1_4' title="bbox 228 195 1862 237">
     <span class='ocr_line' id='line_1_4' title="bbox 228 195 1862 237; baseline -0.004 -7"><span class='ocrx_word' id='word_1_6' title='bbox 228 206 306 234; x_wconf 88' lang='lat' dir='ltr'><strong>dunt,</strong></span> <span class='ocrx_word' id='word_1_7' title='bbox 335 206 416 237; x_wconf 85' lang='lat' dir='ltr'><strong>atque</strong></span> <span class='ocrx_word' id='word_1_8' title='bbox 445 202 636 237; x_wconf 85' lang='lat' dir='ltr'><strong>obsequuntur</strong></span> <span class='ocrx_word' id='word_1_9' title='bbox 674 200 806 235; x_wconf 75' lang='lat' dir='ltr'><strong>pertluelli</strong></span> <span class='ocrx_word' id='word_1_10' title='bbox 839 201 921 227; x_wconf 80' lang='lat' dir='ltr'><strong>rebus</strong></span> <span class='ocrx_word' id='word_1_11' title='bbox 950 199 1019 235; x_wconf 83' lang='lat' dir='ltr'><strong>ipsis</strong></span> <span class='ocrx_word' id='word_1_12' title='bbox 1035 202 1054 228; x_wconf 82' lang='grc' dir='ltr'><strong>Λ</strong></span> <span class='ocrx_word' id='word_1_13' title='bbox 1070 203 1182 230; x_wconf 78' lang='lat' dir='ltr'><strong>stamus,</strong></span> <span class='ocrx_word' id='word_1_14' title='bbox 1199 203 1223 225; x_wconf 75' lang='lat' dir='ltr'><strong>et</strong></span> <span class='ocrx_word' id='word_1_15' title='bbox 1246 198 1394 231; x_wconf 74' lang='lat' dir='ltr'><strong>gloriamur</strong></span> <span class='ocrx_word' id='word_1_16' title='bbox 1413 198 1439 224; x_wconf 86' lang='lat' dir='ltr'><strong>in</strong></span> <span class='ocrx_word' id='word_1_17' title='bbox 1462 205 1506 231; x_wconf 85' lang='lat' dir='ltr'><strong>spe</strong></span> <span class='ocrx_word' id='word_1_18' title='bbox 1521 197 1613 231; x_wconf 54' lang='lat' dir='ltr'><strong>gloria:</strong></span> <span class='ocrx_word' id='word_1_19' title='bbox 1629 195 1718 223; x_wconf 83' lang='lat' dir='ltr'><strong>Dei&quot;.</strong></span> <span class='ocrx_word' id='word_1_20' title='bbox 1741 195 1862 231; x_wconf 88' lang='lat' dir='ltr'><strong>Sin,qni</strong></span> 
     </span>
    </p>
   </div>
   <div class='ocr_carea' id='block_1_5' title="bbox 230 246 1014 283">
    <p class='ocr_par' dir='ltr' id='par_1_5' title="bbox 230 246 1014 283">
     <span class='ocr_line' id='line_1_5' title="bbox 230 246 1014 283; baseline -0.001 -8"><span class='ocrx_word' id='word_1_21' title='bbox 230 249 313 276; x_wconf 82' lang='lat' dir='ltr'><strong>Deum</strong></span> <span class='ocrx_word' id='word_1_22' title='bbox 335 255 396 275; x_wconf 82' lang='lat' dir='ltr'><strong>csse</strong></span> <span class='ocrx_word' id='word_1_23' title='bbox 423 252 570 283; x_wconf 82' lang='lat' dir='ltr'><strong>negantes,</strong></span> <span class='ocrx_word' id='word_1_24' title='bbox 605 247 756 274; x_wconf 86' lang='lat' dir='ltr'><strong>secundum</strong></span> <span class='ocrx_word' id='word_1_25' title='bbox 785 247 873 276; x_wconf 93' lang='lat' dir='ltr'><strong>sancti</strong></span> <span class='ocrx_word' id='word_1_26' title='bbox 903 246 1014 274; x_wconf 88' lang='lat' dir='ltr'><strong>Davidis</strong></span> 
     </span>
    </p>
   </div>
   <div class='ocr_carea' id='block_1_6' title="bbox 227 292 1014 326">
    <p class='ocr_par' dir='ltr' id='par_1_6' title="bbox 227 292 1014 326">
     <span class='ocr_line' id='line_1_6' title="bbox 227 292 1014 326; baseline -0.005 -4"><span class='ocrx_word' id='word_1_27' title='bbox 227 294 406 322; x_wconf 76' lang='lat' dir='ltr'><strong>Sententiam.</strong></span> <span class='ocrx_word' id='word_1_28' title='bbox 435 293 510 320; x_wconf 64' lang='lat' dir='ltr'><strong>Dixit</strong></span> <span class='ocrx_word' id='word_1_29' title='bbox 538 294 663 326; x_wconf 70' lang='lat' dir='ltr'><strong>insipiens</strong></span> <span class='ocrx_word' id='word_1_30' title='bbox 674 294 702 320; x_wconf 88' lang='lat' dir='ltr'><strong>in</strong></span> <span class='ocrx_word' id='word_1_31' title='bbox 720 293 798 320; x_wconf 88' lang='lat' dir='ltr'><strong>corde</strong></span> <span class='ocrx_word' id='word_1_32' title='bbox 811 301 882 320; x_wconf 86' lang='lat' dir='ltr'><strong>suo:</strong></span> <span class='ocrx_word' id='word_1_33' title='bbox 903 292 964 319; x_wconf 88' lang='lat' dir='ltr'><strong>Non</strong></span> <span class='ocrx_word' id='word_1_34' title='bbox 975 297 1014 319; x_wconf 84' lang='lat' dir='ltr'><strong>est</strong></span> 
     </span>
    </p>
   </div>
   <div class='ocr_carea' id='block_1_7' title="bbox 232 338 1015 378">
    <p class='ocr_par' dir='ltr' id='par_1_7' title="bbox 232 338 1015 378">
     <span class='ocr_line' id='line_1_7' title="bbox 232 338 1015 378; baseline -0.003 -11"><span class='ocrx_word' id='word_1_35' title='bbox 232 340 300 367; x_wconf 76' lang='lat' dir='ltr'><strong>Deus</strong></span> <span class='ocrx_word' id='word_1_36' title='bbox 308 339 343 367; x_wconf 77' lang='grc'><strong>⁸⁸.</strong></span> <span class='ocrx_word' id='word_1_37' title='bbox 363 340 430 366; x_wconf 82' lang='lat' dir='ltr'><strong>Nam</strong></span> <span class='ocrx_word' id='word_1_38' title='bbox 447 339 475 366; x_wconf 91' lang='lat' dir='ltr'><strong>ni</strong></span> <span class='ocrx_word' id='word_1_39' title='bbox 491 339 656 366; x_wconf 83' lang='lat' dir='ltr'><strong>oblivionem</strong></span> <span class='ocrx_word' id='word_1_40' title='bbox 678 338 724 365; x_wconf 80' lang='lat' dir='ltr'><strong>Dei</strong></span> <span class='ocrx_word' id='word_1_41' title='bbox 739 338 765 365; x_wconf 96' lang='lat' dir='ltr'><strong>in</strong></span> <span class='ocrx_word' id='word_1_42' title='bbox 782 338 922 378; x_wconf 78' lang='lat' dir='ltr'><strong>hominum</strong></span> <span class='ocrx_word' id='word_1_43' title='bbox 939 346 1015 365; x_wconf 92' lang='lat' dir='ltr'><strong>men-</strong></span> 
     </span>
    </p>
   </div>
   <div class='ocr_carea' id='block_1_8' title="bbox 229 384 1013 420">
    <p class='ocr_par' dir='ltr' id='par_1_8' title="bbox 229 384 1013 420">
     <span class='ocr_line' id='line_1_8' title="bbox 229 384 1013 420; baseline 0 -8"><span class='ocrx_word' id='word_1_44' title='bbox 229 386 312 417; x_wconf 88' lang='lat' dir='ltr'><strong>tibus,</strong></span> <span class='ocrx_word' id='word_1_45' title='bbox 344 386 478 420; x_wconf 84' lang='lat' dir='ltr'><strong>quasique</strong></span> <span class='ocrx_word' id='word_1_46' title='bbox 504 385 680 412; x_wconf 81' lang='lat' dir='ltr'><strong>diﬂidentiam</strong></span> <span class='ocrx_word' id='word_1_47' title='bbox 711 384 813 419; x_wconf 79' lang='lat' dir='ltr'><strong>gignat,</strong></span> <span class='ocrx_word' id='word_1_48' title='bbox 843 384 944 411; x_wconf 90' lang='lat' dir='ltr'><strong>rationi</strong></span> <span class='ocrx_word' id='word_1_49' title='bbox 960 392 1013 412; x_wconf 92' lang='lat' dir='ltr'><strong>non</strong></span> 
     </span>
    </p>
   </div>
   <div class='ocr_carea' id='block_1_9' title="bbox 229 430 1013 466">
    <p class='ocr_par' dir='ltr' id='par_1_9' title="bbox 229 430 1013 466">
     <span class='ocr_line' id='line_1_9' title="bbox 229 430 1013 466; baseline -0.003 -8"><span class='ocrx_word' id='word_1_50' title='bbox 229 431 393 466; x_wconf 81' lang='lat' dir='ltr'><strong>persuadeat</strong></span> <span class='ocrx_word' id='word_1_51' title='bbox 432 431 525 459; x_wconf 87' lang='lat' dir='ltr'><strong>carnis</strong></span> <span class='ocrx_word' id='word_1_52' title='bbox 558 430 688 457; x_wconf 88' lang='lat' dir='ltr'><strong>libidines</strong></span> <span class='ocrx_word' id='word_1_53' title='bbox 728 430 832 465; x_wconf 89' lang='lat' dir='ltr'><strong>peccati</strong></span> <span class='ocrx_word' id='word_1_54' title='bbox 864 430 1013 462; x_wconf 70' lang='lat' dir='ltr'><strong>licentiam,</strong></span> 
     </span>
    </p>
   </div>
   <div class='ocr_carea' id='block_1_10' title="bbox 228 477 1014 512">
    <p class='ocr_par' dir='ltr' id='par_1_10' title="bbox 228 477 1014 512">
     <span class='ocr_line' id='line_1_10' title="bbox 228 477 1014 512; baseline -0.003 -7"><span class='ocrx_word' id='word_1_55' title='bbox 228 478 385 505; x_wconf 83' lang='lat' dir='ltr'><strong>ebrietatem</strong></span> <span class='ocrx_word' id='word_1_56' title='bbox 401 498 409 510; x_wconf 89' lang='lat'><strong>,</strong></span> <span class='ocrx_word' id='word_1_57' title='bbox 471 477 708 512; x_wconf 85' lang='lat' dir='ltr'><strong>intemperantiam</strong></span> <span class='ocrx_word' id='word_1_58' title='bbox 724 495 731 508; x_wconf 90' lang='lat'><strong>,</strong></span> <span class='ocrx_word' id='word_1_59' title='bbox 780 477 1014 506; x_wconf 72' lang='lat' dir='ltr'><strong>comessationes.</strong></span> 
     </span>
    </p>
   </div>
   <div class='ocr_carea' id='block_1_11' title="bbox 228 523 1015 560">
    <p class='ocr_par' dir='ltr' id='par_1_11' title="bbox 228 523 1015 560">
     <span class='ocr_line' id='line_1_11' title="bbox 228 523 1015 560; baseline -0.005 -8"><span class='ocrx_word' id='word_1_60' title='bbox 228 525 337 560; x_wconf 84' lang='lat' dir='ltr'><strong>pocula,</strong></span> <span class='ocrx_word' id='word_1_61' title='bbox 369 524 522 556; x_wconf 79' lang='lat' dir='ltr'><strong>avaritiam,</strong></span> <span class='ocrx_word' id='word_1_62' title='bbox 562 523 758 554; x_wconf 86' lang='lat' dir='ltr'><strong>idololatriam,</strong></span> <span class='ocrx_word' id='word_1_63' title='bbox 779 526 893 549; x_wconf 69' lang='lat' dir='ltr'><strong>caeteras</strong></span> <span class='ocrx_word' id='word_1_64' title='bbox 918 529 1015 549; x_wconf 87' lang='lat' dir='ltr'><strong>omnes</strong></span> 
     </span>
    </p>
   </div>
   <div class='ocr_carea' id='block_1_12' title="bbox 229 570 1014 606">
    <p class='ocr_par' dir='ltr' id='par_1_12' title="bbox 229 570 1014 606">
     <span class='ocr_line' id='line_1_12' title="bbox 229 570 1014 606; baseline -0.005 -6"><span class='ocrx_word' id='word_1_65' title='bbox 229 572 389 600; x_wconf 80' lang='lat' dir='ltr'><strong>insolentias</strong></span> <span class='ocrx_word' id='word_1_66' title='bbox 411 571 538 606; x_wconf 83' lang='lat' dir='ltr'><strong>persequi</strong></span> <span class='ocrx_word' id='word_1_67' title='bbox 561 574 755 605; x_wconf 78' lang='lat' dir='ltr'><strong>arreptamque</strong></span> <span class='ocrx_word' id='word_1_68' title='bbox 780 570 843 597; x_wconf 89' lang='lat' dir='ltr'><strong>inde</strong></span> <span class='ocrx_word' id='word_1_69' title='bbox 855 574 985 602; x_wconf 87' lang='lat' dir='ltr'><strong>mentem,</strong></span> <span class='ocrx_word' id='word_1_70' title='bbox 999 577 1014 597; x_wconf 90' lang='lat' dir='ltr'><strong>a</strong></span> 
     </span>
    </p>
   </div>
   <div class='ocr_carea' id='block_1_13' title="bbox 230 616 1015 652">
    <p class='ocr_par' dir='ltr' id='par_1_13' title="bbox 230 616 1015 652">
     <span class='ocr_line' id='line_1_13' title="bbox 230 616 1015 652; baseline -0.003 -7"><span class='ocrx_word' id='word_1_71' title='bbox 230 618 285 645; x_wconf 87' lang='lat' dir='ltr'><strong>Deo</strong></span> <span class='ocrx_word' id='word_1_72' title='bbox 298 618 477 648; x_wconf 81' lang='lat' dir='ltr'><strong>abstractam.</strong></span> <span class='ocrx_word' id='word_1_73' title='bbox 492 617 564 652; x_wconf 71' lang='lat' dir='ltr'><strong>cogit</strong></span> <span class='ocrx_word' id='word_1_74' title='bbox 579 621 641 651; x_wconf 89' lang='lat' dir='ltr'><strong>post</strong></span> <span class='ocrx_word' id='word_1_75' title='bbox 656 624 686 644; x_wconf 88' lang='lat' dir='ltr'><strong>se</strong></span> <span class='ocrx_word' id='word_1_76' title='bbox 706 616 792 648; x_wconf 86' lang='lat' dir='ltr'><strong>abire,</strong></span> <span class='ocrx_word' id='word_1_77' title='bbox 811 620 914 643; x_wconf 71' lang='lat' dir='ltr'><strong>aeterno</strong></span> <span class='ocrx_word' id='word_1_78' title='bbox 933 616 1015 643; x_wconf 86' lang='lat' dir='ltr'><strong>simul</strong></span> 
     </span>
    </p>
   </div>
   <div class='ocr_carea' id='block_1_14' title="bbox 230 661 1015 698">
    <p class='ocr_par' dir='ltr' id='par_1_14' title="bbox 230 661 1015 698">
     <span class='ocr_line' id='line_1_14' title="bbox 230 661 1015 698; baseline -0.001 -8"><span class='ocrx_word' id='word_1_79' title='bbox 230 664 385 691; x_wconf 84' lang='lat' dir='ltr'><strong>inexstinrti</strong></span> <span class='ocrx_word' id='word_1_80' title='bbox 400 663 470 698; x_wconf 90' lang='lat' dir='ltr'><strong>ignis</strong></span> <span class='ocrx_word' id='word_1_81' title='bbox 482 662 617 697; x_wconf 88' lang='lat' dir='ltr'><strong>supplicio</strong></span> <span class='ocrx_word' id='word_1_82' title='bbox 630 662 784 690; x_wconf 85' lang='lat' dir='ltr'><strong>conﬂando.</strong></span> <span class='ocrx_word' id='word_1_83' title='bbox 797 661 885 695; x_wconf 84' lang='lat' dir='ltr'><strong>Quam</strong></span> <span class='ocrx_word' id='word_1_84' title='bbox 901 663 1015 689; x_wconf 85' lang='lat' dir='ltr'><strong>misera-</strong></span> 
     </span>
    </p>
   </div>
   <div class='ocr_carea' id='block_1_15' title="bbox 229 708 1016 744">
    <p class='ocr_par' dir='ltr' id='par_1_15' title="bbox 229 708 1016 744">
     <span class='ocr_line' id='line_1_15' title="bbox 229 708 1016 744; baseline -0.003 -8"><span class='ocrx_word' id='word_1_85' title='bbox 229 709 292 736; x_wconf 81' lang='lat' dir='ltr'><strong>bilis</strong></span> <span class='ocrx_word' id='word_1_86' title='bbox 321 708 444 741; x_wconf 80' lang='lat' dir='ltr'><strong>fallacia,</strong></span> <span class='ocrx_word' id='word_1_87' title='bbox 483 709 643 744; x_wconf 85' lang='lat' dir='ltr'><strong>tristi0rque</strong></span> <span class='ocrx_word' id='word_1_88' title='bbox 668 708 780 735; x_wconf 78' lang='lat' dir='ltr'><strong>fallaciae</strong></span> <span class='ocrx_word' id='word_1_89' title='bbox 795 708 858 735; x_wconf 86' lang='lat' dir='ltr'><strong>linis</strong></span> <span class='ocrx_word' id='word_1_90' title='bbox 874 713 901 735; x_wconf 92' lang='lat' dir='ltr'><strong>et</strong></span> <span class='ocrx_word' id='word_1_91' title='bbox 925 712 1016 735; x_wconf 85' lang='lat' dir='ltr'><strong>extre-</strong></span> 
     </span>
    </p>
   </div>
   <div class='ocr_carea' id='block_1_16' title="bbox 229 754 1014 789">
    <p class='ocr_par' dir='ltr' id='par_1_16' title="bbox 229 754 1014 789">
     <span class='ocr_line' id='line_1_16' title="bbox 229 754 1014 789; baseline -0.003 -7"><span class='ocrx_word' id='word_1_92' title='bbox 229 755 323 782; x_wconf 87' lang='lat' dir='ltr'><strong>mum!</strong></span> <span class='ocrx_word' id='word_1_93' title='bbox 345 754 445 782; x_wconf 83' lang='lat' dir='ltr'><strong>Verum</strong></span> <span class='ocrx_word' id='word_1_94' title='bbox 470 762 530 786; x_wconf 88' lang='lat' dir='ltr'><strong>nos,</strong></span> <span class='ocrx_word' id='word_1_95' title='bbox 558 754 665 786; x_wconf 85' lang='lat' dir='ltr'><strong>fratres,</strong></span> <span class='ocrx_word' id='word_1_96' title='bbox 684 761 733 782; x_wconf 89' lang='lat' dir='ltr'><strong>ceu</strong></span> <span class='ocrx_word' id='word_1_97' title='bbox 753 754 857 782; x_wconf 84' lang='lat' dir='ltr'><strong>Christi</strong></span> <span class='ocrx_word' id='word_1_98' title='bbox 870 758 1014 789; x_wconf 84' lang='lat' dir='ltr'><strong>martyres,</strong></span> 
     </span>
    </p>
   </div>
   <div class='ocr_carea' id='block_1_17' title="bbox 230 799 1014 835">
    <p class='ocr_par' dir='ltr' id='par_1_17' title="bbox 230 799 1014 835">
     <span class='ocr_line' id='line_1_17' title="bbox 230 799 1014 835; baseline -0.003 -7"><span class='ocrx_word' id='word_1_99' title='bbox 230 801 318 828; x_wconf 85' lang='lat' dir='ltr'><strong>adhuc</strong></span> <span class='ocrx_word' id='word_1_100' title='bbox 329 801 459 835; x_wconf 65' lang='lat' dir='ltr'><strong>praeclaro</strong></span> <span class='ocrx_word' id='word_1_101' title='bbox 472 800 601 834; x_wconf 85' lang='lat' dir='ltr'><strong>martyrio</strong></span> <span class='ocrx_word' id='word_1_102' title='bbox 610 799 767 835; x_wconf 84' lang='lat' dir='ltr'><strong>fungamur,</strong></span> <span class='ocrx_word' id='word_1_103' title='bbox 780 800 870 827; x_wconf 89' lang='lat' dir='ltr'><strong>adhuc</strong></span> <span class='ocrx_word' id='word_1_104' title='bbox 882 799 1014 827; x_wconf 91' lang='lat' dir='ltr'><strong>illustrem</strong></span> 
     </span>
    </p>
   </div>
   <div class='ocr_carea' id='block_1_18' title="bbox 229 845 1015 879">
    <p class='ocr_par' dir='ltr' id='par_1_18' title="bbox 229 845 1015 879">
     <span class='ocr_line' id='line_1_18' title="bbox 229 845 1015 879; baseline -0.001 -5"><span class='ocrx_word' id='word_1_105' title='bbox 229 846 429 874; x_wconf 81' lang='lat' dir='ltr'><strong>confessionem</strong></span> <span class='ocrx_word' id='word_1_106' title='bbox 457 846 596 878; x_wconf 84' lang='lat' dir='ltr'><strong>obeamus,</strong></span> <span class='ocrx_word' id='word_1_107' title='bbox 624 845 774 879; x_wconf 72' lang='lat' dir='ltr'><strong>gaudentes</strong></span> <span class='ocrx_word' id='word_1_108' title='bbox 800 853 863 873; x_wconf 93' lang='lat' dir='ltr'><strong>cum</strong></span> <span class='ocrx_word' id='word_1_109' title='bbox 886 845 1015 873; x_wconf 90' lang='lat' dir='ltr'><strong>omnibus</strong></span> 
     </span>
    </p>
   </div>
   <div class='ocr_carea' id='block_1_19' title="bbox 230 891 1014 926">
    <p class='ocr_par' dir='ltr' id='par_1_19' title="bbox 230 891 1014 926">
     <span class='ocr_line' id='line_1_19' title="bbox 230 891 1014 926; baseline -0.001 -7"><span class='ocrx_word' id='word_1_110' title='bbox 230 891 344 923; x_wconf 86' lang='lat' dir='ltr'><strong>sanctis,</strong></span> <span class='ocrx_word' id='word_1_111' title='bbox 360 891 434 926; x_wconf 92' lang='lat' dir='ltr'><strong>quod</strong></span> <span class='ocrx_word' id='word_1_112' title='bbox 449 891 536 918; x_wconf 89' lang='lat' dir='ltr'><strong>tneriti</strong></span> <span class='ocrx_word' id='word_1_113' title='bbox 547 899 596 926; x_wconf 90' lang='lat' dir='ltr'><strong>pro</strong></span> <span class='ocrx_word' id='word_1_114' title='bbox 610 891 721 918; x_wconf 81' lang='lat' dir='ltr'><strong>Christo</strong></span> <span class='ocrx_word' id='word_1_115' title='bbox 733 891 893 926; x_wconf 81' lang='lat' dir='ltr'><strong>martyrium</strong></span> <span class='ocrx_word' id='word_1_116' title='bbox 907 899 1014 923; x_wconf 88' lang='lat' dir='ltr'><strong>sumus,</strong></span> 
     </span>
    </p>
   </div>
   <div class='ocr_carea' id='block_1_20' title="bbox 230 936 1016 973">
    <p class='ocr_par' dir='ltr' id='par_1_20' title="bbox 230 936 1016 973">
     <span class='ocr_line' id='line_1_20' title="bbox 230 936 1016 973; baseline -0.003 -8"><span class='ocrx_word' id='word_1_117' title='bbox 230 946 301 973; x_wconf 80' lang='lat' dir='ltr'><strong>genu</strong></span> <span class='ocrx_word' id='word_1_118' title='bbox 327 937 402 964; x_wconf 83' lang='lat' dir='ltr'><strong>Baali</strong></span> <span class='ocrx_word' id='word_1_119' title='bbox 419 944 473 964; x_wconf 94' lang='lat' dir='ltr'><strong>non</strong></span> <span class='ocrx_word' id='word_1_120' title='bbox 501 937 612 970; x_wconf 85' lang='lat' dir='ltr'><strong>inﬂexo,</strong></span> <span class='ocrx_word' id='word_1_121' title='bbox 634 944 696 970; x_wconf 73' lang='lat' dir='ltr'><strong>qua:</strong></span> <span class='ocrx_word' id='word_1_122' title='bbox 711 936 802 964; x_wconf 87' lang='lat' dir='ltr'><strong>carnis</strong></span> <span class='ocrx_word' id='word_1_123' title='bbox 816 937 902 964; x_wconf 88' lang='lat' dir='ltr'><strong>libido</strong></span> <span class='ocrx_word' id='word_1_124' title='bbox 916 941 968 969; x_wconf 86' lang='lat' dir='ltr'><strong>est,</strong></span> <span class='ocrx_word' id='word_1_125' title='bbox 984 944 1016 964; x_wconf 90' lang='lat' dir='ltr'><strong>ac</strong></span> 
     </span>
    </p>
   </div>
   <div class='ocr_carea' id='block_1_21' title="bbox 231 981 1016 1018">
    <p class='ocr_par' dir='ltr' id='par_1_21' title="bbox 231 981 1016 1018">
     <span class='ocr_line' id='line_1_21' title="bbox 231 981 1016 1018; baseline 0 -8"><span class='ocrx_word' id='word_1_126' title='bbox 231 984 340 1018; x_wconf 70' lang='lat' dir='ltr'><strong>reliqua:</strong></span> <span class='ocrx_word' id='word_1_127' title='bbox 367 983 430 1010; x_wconf 64' lang='lat' dir='ltr'><strong>vitae</strong></span> <span class='ocrx_word' id='word_1_128' title='bbox 454 982 616 1017; x_wconf 87' lang='lat' dir='ltr'><strong>voluptates.</strong></span> <span class='ocrx_word' id='word_1_129' title='bbox 654 981 693 1010; x_wconf 87' lang='lat' dir='ltr'><strong>Ne</strong></span> <span class='ocrx_word' id='word_1_130' title='bbox 727 982 873 1010; x_wconf 83' lang='lat' dir='ltr'><strong>credamus</strong></span> <span class='ocrx_word' id='word_1_131' title='bbox 909 988 1016 1018; x_wconf 87' lang='lat' dir='ltr'><strong>speclra</strong></span> 
     </span>
    </p>
   </div>
   <div class='ocr_carea' id='block_1_22' title="bbox 229 1028 1015 1066">
    <p class='ocr_par' dir='ltr' id='par_1_22' title="bbox 229 1028 1015 1066">
     <span class='ocr_line' id='line_1_22' title="bbox 229 1028 1015 1066; baseline -0.003 -8"><span class='ocrx_word' id='word_1_132' title='bbox 229 1029 396 1066; x_wconf 74' lang='lat' dir='ltr'><strong>suggerenti,</strong></span> <span class='ocrx_word' id='word_1_133' title='bbox 426 1029 498 1056; x_wconf 88' lang='lat' dir='ltr'><strong>uttde</strong></span> <span class='ocrx_word' id='word_1_134' title='bbox 528 1029 710 1056; x_wconf 84' lang='lat' dir='ltr'><strong>obedientiam</strong></span> <span class='ocrx_word' id='word_1_135' title='bbox 726 1028 931 1062; x_wconf 88' lang='lat' dir='ltr'><strong>detrectemus;</strong></span> <span class='ocrx_word' id='word_1_136' title='bbox 950 1029 1015 1064; x_wconf 91' lang='lat' dir='ltr'><strong>quin</strong></span> 
     </span>
    </p>
   </div>
   <div class='ocr_carea' id='block_1_23' title="bbox 229 1074 1017 1110">
    <p class='ocr_par' dir='ltr' id='par_1_23' title="bbox 229 1074 1017 1110">
     <span class='ocr_line' id='line_1_23' title="bbox 229 1074 1017 1110; baseline -0.003 -6"><span class='ocrx_word' id='word_1_137' title='bbox 229 1076 352 1110; x_wconf 83' lang='lat' dir='ltr'><strong>quotidie</strong></span> <span class='ocrx_word' id='word_1_138' title='bbox 366 1076 475 1103; x_wconf 88' lang='lat' dir='ltr'><strong>velutin</strong></span> <span class='ocrx_word' id='word_1_139' title='bbox 489 1075 577 1103; x_wconf 88' lang='lat' dir='ltr'><strong>stadio</strong></span> <span class='ocrx_word' id='word_1_140' title='bbox 588 1078 683 1102; x_wconf 86' lang='lat' dir='ltr'><strong>contra</strong></span> <span class='ocrx_word' id='word_1_141' title='bbox 697 1074 842 1108; x_wconf 88' lang='lat' dir='ltr'><strong>luctetnur,</strong></span> <span class='ocrx_word' id='word_1_142' title='bbox 859 1075 915 1107; x_wconf 85' lang='lat' dir='ltr'><strong>icti,</strong></span> <span class='ocrx_word' id='word_1_143' title='bbox 927 1082 1017 1110; x_wconf 88' lang='lat' dir='ltr'><strong>neque</strong></span> 
     </span>
    </p>
   </div>
   <div class='ocr_carea' id='block_1_24' title="bbox 230 1120 1014 1157">
    <p class='ocr_par' dir='ltr' id='par_1_24' title="bbox 230 1120 1014 1157">
     <span class='ocr_line' id='line_1_24' title="bbox 230 1120 1014 1157; baseline -0.003 -7"><span class='ocrx_word' id='word_1_144' title='bbox 230 1122 382 1157; x_wconf 66' lang='lat' dir='ltr'><strong>praefracti;</strong></span> <span class='ocrx_word' id='word_1_145' title='bbox 396 1122 524 1154; x_wconf 83' lang='lat' dir='ltr'><strong>animosi,</strong></span> <span class='ocrx_word' id='word_1_146' title='bbox 549 1129 604 1148; x_wconf 94' lang='lat' dir='ltr'><strong>non</strong></span> <span class='ocrx_word' id='word_1_147' title='bbox 626 1121 753 1156; x_wconf 84' lang='lat' dir='ltr'><strong>perculsi.</strong></span> <span class='ocrx_word' id='word_1_148' title='bbox 774 1120 835 1148; x_wconf 84' lang='lat' dir='ltr'><strong>Jam</strong></span> <span class='ocrx_word' id='word_1_149' title='bbox 859 1128 925 1149; x_wconf 82' lang='lat' dir='ltr'><strong>vero</strong></span> <span class='ocrx_word' id='word_1_150' title='bbox 941 1121 1014 1156; x_wconf 90' lang='lat' dir='ltr'><strong>quod</strong></span> 
     </span>
    </p>
   </div>
   <div class='ocr_carea' id='block_1_25' title="bbox 231 1166 1015 1202">
    <p class='ocr_par' dir='ltr' id='par_1_25' title="bbox 231 1166 1015 1202">
     <span class='ocr_line' id='line_1_25' title="bbox 231 1166 1015 1202; baseline 0 -9"><span class='ocrx_word' id='word_1_151' title='bbox 231 1166 352 1202; x_wconf 87' lang='lat' dir='ltr'><strong>martyrii</strong></span> <span class='ocrx_word' id='word_1_152' title='bbox 367 1166 560 1201; x_wconf 80' lang='lat' dir='ltr'><strong>compendium</strong></span> <span class='ocrx_word' id='word_1_153' title='bbox 575 1166 581 1192; x_wconf 90' lang='lat' dir='ltr'><strong>l</strong></span> <span class='ocrx_word' id='word_1_154' title='bbox 605 1166 688 1193; x_wconf 88' lang='lat' dir='ltr'><strong>Scitis</strong></span> <span class='ocrx_word' id='word_1_155' title='bbox 708 1170 738 1193; x_wconf 92' lang='lat' dir='ltr'><strong>ut</strong></span> <span class='ocrx_word' id='word_1_156' title='bbox 761 1166 890 1201; x_wconf 88' lang='lat' dir='ltr'><strong>martyrio</strong></span> <span class='ocrx_word' id='word_1_157' title='bbox 904 1166 930 1193; x_wconf 94' lang='lat' dir='ltr'><strong>in</strong></span> <span class='ocrx_word' id='word_1_158' title='bbox 945 1174 1015 1201; x_wconf 90' lang='lat' dir='ltr'><strong>quo-</strong></span> 
     </span>
    </p>
   </div>
   <div class='ocr_carea' id='block_1_26' title="bbox 230 1211 1016 1247">
    <p class='ocr_par' dir='ltr' id='par_1_26' title="bbox 230 1211 1016 1247">
     <span class='ocr_line' id='line_1_26' title="bbox 230 1211 1016 1247; baseline 0 -8"><span class='ocrx_word' id='word_1_159' title='bbox 230 1220 312 1246; x_wconf 85' lang='lat' dir='ltr'><strong>quam</strong></span> <span class='ocrx_word' id='word_1_160' title='bbox 332 1212 481 1240; x_wconf 91' lang='lat' dir='ltr'><strong>secundum</strong></span> <span class='ocrx_word' id='word_1_161' title='bbox 503 1213 585 1239; x_wconf 89' lang='lat' dir='ltr'><strong>vitam</strong></span> <span class='ocrx_word' id='word_1_162' title='bbox 609 1211 745 1247; x_wconf 89' lang='lat' dir='ltr'><strong>perfuncti</strong></span> <span class='ocrx_word' id='word_1_163' title='bbox 769 1212 835 1240; x_wconf 90' lang='lat' dir='ltr'><strong>socii</strong></span> <span class='ocrx_word' id='word_1_164' title='bbox 851 1212 906 1240; x_wconf 92' lang='lat' dir='ltr'><strong>sint.</strong></span> <span class='ocrx_word' id='word_1_165' title='bbox 920 1220 1016 1239; x_wconf 89' lang='lat' dir='ltr'><strong>eorunt</strong></span> 
     </span>
    </p>
   </div>
   <div class='ocr_carea' id='block_1_27' title="bbox 233 1257 1017 1293">
    <p class='ocr_par' dir='ltr' id='par_1_27' title="bbox 233 1257 1017 1293">
     <span class='ocr_line' id='line_1_27' title="bbox 233 1257 1017 1293; baseline 0 -8"><span class='ocrx_word' id='word_1_166' title='bbox 233 1258 336 1291; x_wconf 73' lang='lat' dir='ltr'><strong>gaudii,</strong></span> <span class='ocrx_word' id='word_1_167' title='bbox 357 1265 501 1293; x_wconf 87' lang='lat' dir='ltr'><strong>rerumque</strong></span> <span class='ocrx_word' id='word_1_168' title='bbox 514 1265 564 1292; x_wconf 93' lang='lat' dir='ltr'><strong>pro</strong></span> <span class='ocrx_word' id='word_1_169' title='bbox 577 1258 678 1292; x_wconf 85' lang='lat' dir='ltr'><strong>quibus</strong></span> <span class='ocrx_word' id='word_1_170' title='bbox 698 1258 828 1293; x_wconf 86' lang='lat' dir='ltr'><strong>martyrio</strong></span> <span class='ocrx_word' id='word_1_171' title='bbox 847 1263 912 1285; x_wconf 88' lang='lat' dir='ltr'><strong>sunt</strong></span> <span class='ocrx_word' id='word_1_172' title='bbox 928 1257 1017 1286; x_wconf 78' lang='lat' dir='ltr'><strong>aﬂ‘ecti</strong></span> 
     </span>
    </p>
   </div>
   <div class='ocr_carea' id='block_1_28' title="bbox 230 1303 1019 1339">
    <p class='ocr_par' dir='ltr' id='par_1_28' title="bbox 230 1303 1019 1339">
     <span class='ocr_line' id='line_1_28' title="bbox 230 1303 1019 1339; baseline 0.003 -10"><span class='ocrx_word' id='word_1_173' title='bbox 230 1309 370 1331; x_wconf 71' lang='lat' dir='ltr'><strong>cortsortes</strong></span> <span class='ocrx_word' id='word_1_174' title='bbox 386 1304 575 1332; x_wconf 86' lang='lat' dir='ltr'><strong>ostendantur.</strong></span> <span class='ocrx_word' id='word_1_175' title='bbox 596 1303 667 1339; x_wconf 83' lang='lat' dir='ltr'><strong>Ergo</strong></span> <span class='ocrx_word' id='word_1_176' title='bbox 686 1304 749 1331; x_wconf 90' lang='lat' dir='ltr'><strong>hinc</strong></span> <span class='ocrx_word' id='word_1_177' title='bbox 761 1304 961 1332; x_wconf 80' lang='lat' dir='ltr'><strong>consectarium</strong></span> <span class='ocrx_word' id='word_1_178' title='bbox 977 1309 1019 1331; x_wconf 87' lang='lat' dir='ltr'><strong>est</strong></span> 
     </span>
    </p>
   </div>
   <div class='ocr_carea' id='block_1_29' title="bbox 230 1348 1018 1385">
    <p class='ocr_par' dir='ltr' id='par_1_29' title="bbox 230 1348 1018 1385">
     <span class='ocr_line' id='line_1_29' title="bbox 230 1348 1018 1385; baseline -0.001 -9"><span class='ocrx_word' id='word_1_179' title='bbox 230 1354 256 1376; x_wconf 89' lang='lat' dir='ltr'><strong>et.</strong></span> <span class='ocrx_word' id='word_1_180' title='bbox 283 1348 384 1376; x_wconf 85' lang='lat' dir='ltr'><strong>Christi</strong></span> <span class='ocrx_word' id='word_1_181' title='bbox 416 1353 560 1385; x_wconf 87' lang='lat' dir='ltr'><strong>martyres,</strong></span> <span class='ocrx_word' id='word_1_182' title='bbox 586 1353 617 1376; x_wconf 90' lang='lat' dir='ltr'><strong>ut</strong></span> <span class='ocrx_word' id='word_1_183' title='bbox 641 1356 704 1376; x_wconf 90' lang='lat' dir='ltr'><strong>cum</strong></span> <span class='ocrx_word' id='word_1_184' title='bbox 721 1349 748 1376; x_wconf 94' lang='lat' dir='ltr'><strong>in</strong></span> <span class='ocrx_word' id='word_1_185' title='bbox 765 1349 872 1376; x_wconf 88' lang='lat' dir='ltr'><strong>cunctis</strong></span> <span class='ocrx_word' id='word_1_186' title='bbox 885 1349 1018 1384; x_wconf 87' lang='lat' dir='ltr'><strong>martyrio</strong></span> 
     </span>
    </p>
   </div>
   <div class='ocr_carea' id='block_1_30' title="bbox 231 1394 1018 1429">
    <p class='ocr_par' dir='ltr' id='par_1_30' title="bbox 231 1394 1018 1429">
     <span class='ocr_line' id='line_1_30' title="bbox 231 1394 1018 1429; baseline -0.001 -8"><span class='ocrx_word' id='word_1_187' title='bbox 231 1399 354 1427; x_wconf 86' lang='lat' dir='ltr'><strong>testatos,</strong></span> <span class='ocrx_word' id='word_1_188' title='bbox 387 1401 436 1428; x_wconf 88' lang='lat' dir='ltr'><strong>pro</strong></span> <span class='ocrx_word' id='word_1_189' title='bbox 468 1401 588 1429; x_wconf 91' lang='lat' dir='ltr'><strong>veroque</strong></span> <span class='ocrx_word' id='word_1_190' title='bbox 607 1394 765 1422; x_wconf 83' lang='lat' dir='ltr'><strong>testimonio</strong></span> <span class='ocrx_word' id='word_1_191' title='bbox 778 1394 1018 1429; x_wconf 74' lang='lat' dir='ltr'><strong>pmnasintolera-</strong></span> 
     </span>
    </p>
   </div>
   <div class='ocr_carea' id='block_1_31' title="bbox 232 1439 1017 1475">
    <p class='ocr_par' dir='ltr' id='par_1_31' title="bbox 232 1439 1017 1475">
     <span class='ocr_line' id='line_1_31' title="bbox 232 1439 1017 1475; baseline -0.001 -8"><span class='ocrx_word' id='word_1_192' title='bbox 232 1440 299 1468; x_wconf 90' lang='lat' dir='ltr'><strong>biles</strong></span> <span class='ocrx_word' id='word_1_193' title='bbox 323 1447 478 1475; x_wconf 89' lang='lat' dir='ltr'><strong>perpessos,</strong></span> <span class='ocrx_word' id='word_1_194' title='bbox 504 1440 531 1467; x_wconf 90' lang='lat' dir='ltr'><strong>in</strong></span> <span class='ocrx_word' id='word_1_195' title='bbox 547 1439 641 1467; x_wconf 88' lang='lat' dir='ltr'><strong>futuro</strong></span> <span class='ocrx_word' id='word_1_196' title='bbox 656 1439 757 1467; x_wconf 67' lang='lat' dir='ltr'><strong>saeculo</strong></span> <span class='ocrx_word' id='word_1_197' title='bbox 770 1439 891 1467; x_wconf 65' lang='lat' dir='ltr'><strong>haeredes</strong></span> <span class='ocrx_word' id='word_1_198' title='bbox 904 1447 967 1466; x_wconf 89' lang='lat' dir='ltr'><strong>cum</strong></span> <span class='ocrx_word' id='word_1_199' title='bbox 985 1447 1017 1466; x_wconf 91' lang='lat' dir='ltr'><strong>eo</strong></span> 
     </span>
    </p>
   </div>
   <div class='ocr_carea' id='block_1_32' title="bbox 230 1485 1016 1520">
    <p class='ocr_par' dir='ltr' id='par_1_32' title="bbox 230 1485 1016 1520">
     <span class='ocr_line' id='line_1_32' title="bbox 230 1485 1016 1520; baseline -0.004 -6"><span class='ocrx_word' id='word_1_200' title='bbox 230 1486 430 1519; x_wconf 85' lang='lat' dir='ltr'><strong>declarandos;</strong></span> <span class='ocrx_word' id='word_1_201' title='bbox 462 1494 523 1513; x_wconf 81' lang='lat' dir='ltr'><strong>tiam</strong></span> <span class='ocrx_word' id='word_1_202' title='bbox 555 1485 679 1520; x_wconf 86' lang='lat' dir='ltr'><strong>Apostoli</strong></span> <span class='ocrx_word' id='word_1_203' title='bbox 708 1485 765 1512; x_wconf 64' lang='lat' dir='ltr'><strong>haec</strong></span> <span class='ocrx_word' id='word_1_204' title='bbox 791 1486 926 1512; x_wconf 87' lang='lat' dir='ltr'><strong>sententia</strong></span> <span class='ocrx_word' id='word_1_205' title='bbox 950 1489 1016 1512; x_wconf 82' lang='lat' dir='ltr'><strong>est:</strong></span> 
     </span>
    </p>
   </div>
   <div class='ocr_carea' id='block_1_33' title="bbox 1066 242 1863 275">
    <p class='ocr_par' dir='ltr' id='par_1_33' title="bbox 1066 242 1863 275">
     <span class='ocr_line' id='line_1_33' title="bbox 1066 242 1863 275; baseline -0.001 -4"><span class='ocrx_word' id='word_1_206' title='bbox 1066 249 1162 271; x_wconf 86' lang='lat' dir='ltr'><strong>natura</strong></span> <span class='ocrx_word' id='word_1_207' title='bbox 1193 244 1280 271; x_wconf 83' lang='lat' dir='ltr'><strong>simus</strong></span> <span class='ocrx_word' id='word_1_208' title='bbox 1312 244 1457 275; x_wconf 84' lang='lat' dir='ltr'><strong>mutabili,</strong></span> <span class='ocrx_word' id='word_1_209' title='bbox 1481 249 1577 270; x_wconf 66' lang='lat' dir='ltr'><strong>aestum</strong></span> <span class='ocrx_word' id='word_1_210' title='bbox 1607 243 1634 270; x_wconf 90' lang='lat' dir='ltr'><strong>in</strong></span> <span class='ocrx_word' id='word_1_211' title='bbox 1668 242 1747 270; x_wconf 87' lang='lat' dir='ltr'><strong>nobis</strong></span> <span class='ocrx_word' id='word_1_212' title='bbox 1774 244 1863 270; x_wconf 81' lang='lat' dir='ltr'><strong>exciri</strong></span> 
     </span>
    </p>
   </div>
   <div class='ocr_carea' id='block_1_34' title="bbox 1068 287 1864 322">
    <p class='ocr_par' dir='ltr' id='par_1_34' title="bbox 1068 287 1864 322">
     <span class='ocr_line' id='line_1_34' title="bbox 1068 287 1864 322; baseline -0.004 -7"><span class='ocrx_word' id='word_1_213' title='bbox 1068 287 1221 316; x_wconf 84' lang='lat' dir='ltr'><strong>luctuosum</strong></span> <span class='ocrx_word' id='word_1_214' title='bbox 1252 289 1392 322; x_wconf 68' lang='lat' dir='ltr'><strong>contingat</strong></span> <span class='ocrx_word' id='word_1_215' title='bbox 1419 288 1493 322; x_wconf 86' lang='lat' dir='ltr'><strong>(nam</strong></span> <span class='ocrx_word' id='word_1_216' title='bbox 1512 287 1541 314; x_wconf 86' lang='lat' dir='ltr'><strong>lit</strong></span> <span class='ocrx_word' id='word_1_217' title='bbox 1556 287 1697 318; x_wconf 88' lang='lat' dir='ltr'><strong>omnino),</strong></span> <span class='ocrx_word' id='word_1_218' title='bbox 1720 290 1778 314; x_wconf 84' lang='lat' dir='ltr'><strong>tum</strong></span> <span class='ocrx_word' id='word_1_219' title='bbox 1796 295 1864 314; x_wconf 85' lang='lat' dir='ltr'><strong>vero</strong></span> 
     </span>
    </p>
   </div>
   <div class='ocr_carea' id='block_1_35' title="bbox 1066 333 1867 368">
    <p class='ocr_par' dir='ltr' id='par_1_35' title="bbox 1066 333 1867 368">
     <span class='ocr_line' id='line_1_35' title="bbox 1066 333 1867 368; baseline -0.002 -8"><span class='ocrx_word' id='word_1_220' title='bbox 1066 334 1092 360; x_wconf 91' lang='lat' dir='ltr'><strong>in</strong></span> <span class='ocrx_word' id='word_1_221' title='bbox 1116 334 1260 368; x_wconf 87' lang='lat' dir='ltr'><strong>antiqttum</strong></span> <span class='ocrx_word' id='word_1_222' title='bbox 1291 338 1391 360; x_wconf 81' lang='lat' dir='ltr'><strong>statum</strong></span> <span class='ocrx_word' id='word_1_223' title='bbox 1430 333 1508 359; x_wconf 84' lang='lat' dir='ltr'><strong>ocius</strong></span> <span class='ocrx_word' id='word_1_224' title='bbox 1541 339 1737 365; x_wconf 80' lang='lat' dir='ltr'><strong>recurramus,</strong></span> <span class='ocrx_word' id='word_1_225' title='bbox 1767 339 1867 366; x_wconf 86' lang='lat' dir='ltr'><strong>pacem</strong></span> 
     </span>
    </p>
   </div>
   <div class='ocr_carea' id='block_1_36' title="bbox 1067 377 1868 412">
    <p class='ocr_par' dir='ltr' id='par_1_36' title="bbox 1067 377 1868 412">
     <span class='ocr_line' id='line_1_36' title="bbox 1067 377 1868 412; baseline -0.004 -6"><span class='ocrx_word' id='word_1_226' title='bbox 1067 379 1197 406; x_wconf 85' lang='lat' dir='ltr'><strong>habentes</strong></span> <span class='ocrx_word' id='word_1_227' title='bbox 1211 386 1275 406; x_wconf 87' lang='lat' dir='ltr'><strong>cum</strong></span> <span class='ocrx_word' id='word_1_228' title='bbox 1291 379 1365 406; x_wconf 88' lang='lat' dir='ltr'><strong>Deo:</strong></span> <span class='ocrx_word' id='word_1_229' title='bbox 1393 377 1455 410; x_wconf 82' lang='lat' dir='ltr'><strong>Ipse</strong></span> <span class='ocrx_word' id='word_1_230' title='bbox 1473 377 1543 404; x_wconf 89' lang='lat' dir='ltr'><strong>enim</strong></span> <span class='ocrx_word' id='word_1_231' title='bbox 1566 382 1605 404; x_wconf 90' lang='lat' dir='ltr'><strong>est</strong></span> <span class='ocrx_word' id='word_1_232' title='bbox 1625 386 1679 411; x_wconf 73' lang='lat' dir='ltr'><strong>pax</strong></span> <span class='ocrx_word' id='word_1_233' title='bbox 1693 382 1798 406; x_wconf 85' lang='lat' dir='ltr'><strong>nostra.</strong></span> <span class='ocrx_word' id='word_1_234' title='bbox 1820 378 1868 412; x_wconf 83' lang='lat' dir='ltr'><strong>qui</strong></span> 
     </span>
    </p>
   </div>
   <div class='ocr_carea' id='block_1_37' title="bbox 1066 424 1869 459">
    <p class='ocr_par' dir='ltr' id='par_1_37' title="bbox 1066 424 1869 459">
     <span class='ocr_line' id='line_1_37' title="bbox 1066 424 1869 459; baseline -0.001 -8"><span class='ocrx_word' id='word_1_235' title='bbox 1066 425 1127 459; x_wconf 80' lang='lat' dir='ltr'><strong>fecit</strong></span> <span class='ocrx_word' id='word_1_236' title='bbox 1141 429 1253 459; x_wconf 84' lang='lat' dir='ltr'><strong>utraque</strong></span> <span class='ocrx_word' id='word_1_237' title='bbox 1284 433 1378 456; x_wconf 87' lang='lat' dir='ltr'><strong>unum,</strong></span> <span class='ocrx_word' id='word_1_238' title='bbox 1400 430 1425 451; x_wconf 90' lang='lat' dir='ltr'><strong>et</strong></span> <span class='ocrx_word' id='word_1_239' title='bbox 1452 425 1568 451; x_wconf 83' lang='lat' dir='ltr'><strong>medium</strong></span> <span class='ocrx_word' id='word_1_240' title='bbox 1584 424 1714 458; x_wconf 81' lang='lat' dir='ltr'><strong>parietem</strong></span> <span class='ocrx_word' id='word_1_241' title='bbox 1739 424 1869 450; x_wconf 70' lang='lat' dir='ltr'><strong>maceriae</strong></span> 
     </span>
    </p>
   </div>
   <div class='ocr_carea' id='block_1_38' title="bbox 1066 470 1868 505">
    <p class='ocr_par' dir='ltr' id='par_1_38' title="bbox 1066 470 1868 505">
     <span class='ocr_line' id='line_1_38' title="bbox 1066 470 1868 505; baseline -0.001 -8"><span class='ocrx_word' id='word_1_242' title='bbox 1066 471 1166 498; x_wconf 77' lang='lat' dir='ltr'><strong>solvens</strong></span> <span class='ocrx_word' id='word_1_243' title='bbox 1181 472 1348 502; x_wconf 84' lang='lat' dir='ltr'><strong>inimicitias,</strong></span> <span class='ocrx_word' id='word_1_244' title='bbox 1369 472 1397 497; x_wconf 84' lang='lat' dir='ltr'><strong>in</strong></span> <span class='ocrx_word' id='word_1_245' title='bbox 1412 478 1491 497; x_wconf 80' lang='lat' dir='ltr'><strong>carne</strong></span> <span class='ocrx_word' id='word_1_246' title='bbox 1504 478 1553 497; x_wconf 86' lang='lat' dir='ltr'><strong>sua</strong></span> <span class='ocrx_word' id='word_1_247' title='bbox 1567 470 1651 505; x_wconf 79' lang='lat' dir='ltr'><strong>legem</strong></span> <span class='ocrx_word' id='word_1_248' title='bbox 1670 470 1868 497; x_wconf 84' lang='lat' dir='ltr'><strong>mandatorum</strong></span> 
     </span>
    </p>
   </div>
   <div class='ocr_carea' id='block_1_39' title="bbox 1066 515 1869 549">
    <p class='ocr_par' dir='ltr' id='par_1_39' title="bbox 1066 515 1869 549">
     <span class='ocr_line' id='line_1_39' title="bbox 1066 515 1869 549; baseline -0.001 -7"><span class='ocrx_word' id='word_1_249' title='bbox 1066 517 1176 543; x_wconf 80' lang='lat' dir='ltr'><strong>decretis</strong></span> <span class='ocrx_word' id='word_1_250' title='bbox 1199 525 1342 548; x_wconf 85' lang='lat' dir='ltr'><strong>evacuans,</strong></span> <span class='ocrx_word' id='word_1_251' title='bbox 1369 521 1398 543; x_wconf 85' lang='lat' dir='ltr'><strong>ut</strong></span> <span class='ocrx_word' id='word_1_252' title='bbox 1421 515 1487 542; x_wconf 88' lang='lat' dir='ltr'><strong>duos</strong></span> <span class='ocrx_word' id='word_1_253' title='bbox 1508 516 1604 542; x_wconf 84' lang='lat' dir='ltr'><strong>condat</strong></span> <span class='ocrx_word' id='word_1_254' title='bbox 1627 515 1654 542; x_wconf 85' lang='lat' dir='ltr'><strong>in</strong></span> <span class='ocrx_word' id='word_1_255' title='bbox 1685 515 1827 549; x_wconf 82' lang='lat' dir='ltr'><strong>semetipso</strong></span> <span class='ocrx_word' id='word_1_256' title='bbox 1840 515 1869 541; x_wconf 85' lang='lat' dir='ltr'><strong>iu</strong></span> 
     </span>
    </p>
   </div>
   <div class='ocr_carea' id='block_1_40' title="bbox 1066 561 1869 596">
    <p class='ocr_par' dir='ltr' id='par_1_40' title="bbox 1066 561 1869 596">
     <span class='ocr_line' id='line_1_40' title="bbox 1066 561 1869 596; baseline -0.002 -7"><span class='ocrx_word' id='word_1_257' title='bbox 1066 571 1148 590; x_wconf 90' lang='lat' dir='ltr'><strong>unum</strong></span> <span class='ocrx_word' id='word_1_258' title='bbox 1165 571 1263 590; x_wconf 76' lang='lat' dir='ltr'><strong>novum</strong></span> <span class='ocrx_word' id='word_1_259' title='bbox 1281 563 1425 595; x_wconf 84' lang='lat' dir='ltr'><strong>hominem,</strong></span> <span class='ocrx_word' id='word_1_260' title='bbox 1439 562 1541 596; x_wconf 78' lang='lat' dir='ltr'><strong>faciens</strong></span> <span class='ocrx_word' id='word_1_261' title='bbox 1555 570 1657 596; x_wconf 81' lang='lat' dir='ltr'><strong>pacem,</strong></span> <span class='ocrx_word' id='word_1_262' title='bbox 1671 567 1695 588; x_wconf 88' lang='lat' dir='ltr'><strong>et</strong></span> <span class='ocrx_word' id='word_1_263' title='bbox 1712 561 1869 588; x_wconf 78' lang='lat' dir='ltr'><strong>reconciliet</strong></span> 
     </span>
    </p>
   </div>
   <div class='ocr_carea' id='block_1_41' title="bbox 1067 607 1869 643">
    <p class='ocr_par' dir='ltr' id='par_1_41' title="bbox 1067 607 1869 643">
     <span class='ocr_line' id='line_1_41' title="bbox 1067 607 1869 643; baseline -0.001 -8"><span class='ocrx_word' id='word_1_264' title='bbox 1067 609 1158 635; x_wconf 83' lang='lat' dir='ltr'><strong>ambos</strong></span> <span class='ocrx_word' id='word_1_265' title='bbox 1185 610 1214 636; x_wconf 81' lang='lat' dir='ltr'><strong>in</strong></span> <span class='ocrx_word' id='word_1_266' title='bbox 1236 617 1289 635; x_wconf 87' lang='lat' dir='ltr'><strong>uno</strong></span> <span class='ocrx_word' id='word_1_267' title='bbox 1309 616 1420 643; x_wconf 85' lang='lat' dir='ltr'><strong>corpore</strong></span> <span class='ocrx_word' id='word_1_268' title='bbox 1443 608 1497 635; x_wconf 88' lang='lat' dir='ltr'><strong>Deo</strong></span> <span class='ocrx_word' id='word_1_269' title='bbox 1509 616 1556 642; x_wconf 86' lang='lat' dir='ltr'><strong>per</strong></span> <span class='ocrx_word' id='word_1_270' title='bbox 1567 615 1682 640; x_wconf 85' lang='lat' dir='ltr'><strong>crucem,</strong></span> <span class='ocrx_word' id='word_1_271' title='bbox 1701 607 1869 641; x_wconf 75' lang='lat' dir='ltr'><strong>interﬁciens</strong></span> 
     </span>
    </p>
   </div>
   <div class='ocr_carea' id='block_1_42' title="bbox 1066 654 1813 690">
    <p class='ocr_par' dir='ltr' id='par_1_42' title="bbox 1066 654 1813 690">
     <span class='ocr_line' id='line_1_42' title="bbox 1066 654 1813 690; baseline -0.001 -8"><span class='ocrx_word' id='word_1_272' title='bbox 1066 656 1224 683; x_wconf 82' lang='lat' dir='ltr'><strong>inimicitias</strong></span> <span class='ocrx_word' id='word_1_273' title='bbox 1241 656 1269 682; x_wconf 88' lang='lat' dir='ltr'><strong>in</strong></span> <span class='ocrx_word' id='word_1_274' title='bbox 1294 656 1475 690; x_wconf 80' lang='lat' dir='ltr'><strong>semetipso“.</strong></span> <span class='ocrx_word' id='word_1_275' title='bbox 1500 655 1638 683; x_wconf 86' lang='lat' dir='ltr'><strong>Hactenus</strong></span> <span class='ocrx_word' id='word_1_276' title='bbox 1654 654 1813 689; x_wconf 79' lang='lat' dir='ltr'><strong>Apostolus.</strong></span> 
     </span>
    </p>
   </div>
   <div class='ocr_carea' id='block_1_43' title="bbox 1101 700 1872 736">
    <p class='ocr_par' dir='ltr' id='par_1_43' title="bbox 1101 700 1872 736">
     <span class='ocr_line' id='line_1_43' title="bbox 1101 700 1872 736; baseline -0.001 -8"><span class='ocrx_word' id='word_1_277' title='bbox 1101 701 1184 736; x_wconf 86' lang='lat' dir='ltr'><strong>quue</strong></span> <span class='ocrx_word' id='word_1_278' title='bbox 1202 709 1272 736; x_wconf 88' lang='lat' dir='ltr'><strong>opus</strong></span> <span class='ocrx_word' id='word_1_279' title='bbox 1298 706 1341 729; x_wconf 87' lang='lat' dir='ltr'><strong>est</strong></span> <span class='ocrx_word' id='word_1_280' title='bbox 1359 701 1434 736; x_wconf 91' lang='lat' dir='ltr'><strong>quod</strong></span> <span class='ocrx_word' id='word_1_281' title='bbox 1461 700 1594 728; x_wconf 89' lang='lat' dir='ltr'><strong>Dominus</strong></span> <span class='ocrx_word' id='word_1_282' title='bbox 1619 700 1733 735; x_wconf 78' lang='lat' dir='ltr'><strong>peregit,</strong></span> <span class='ocrx_word' id='word_1_283' title='bbox 1758 701 1799 728; x_wconf 88' lang='lat' dir='ltr'><strong>uti</strong></span> <span class='ocrx_word' id='word_1_284' title='bbox 1814 700 1872 727; x_wconf 85' lang='lat' dir='ltr'><strong>Pa-</strong></span> 
     </span>
    </p>
   </div>
   <div class='ocr_carea' id='block_1_44' title="bbox 1067 745 1873 782">
    <p class='ocr_par' dir='ltr' id='par_1_44' title="bbox 1067 745 1873 782">
     <span class='ocr_line' id='line_1_44' title="bbox 1067 745 1873 782; baseline -0.002 -8"><span class='ocrx_word' id='word_1_285' title='bbox 1067 752 1135 774; x_wconf 87' lang='lat' dir='ltr'><strong>trem</strong></span> <span class='ocrx_word' id='word_1_286' title='bbox 1159 746 1331 782; x_wconf 85' lang='lat' dir='ltr'><strong>alloquitur:</strong></span> <span class='ocrx_word' id='word_1_287' title='bbox 1361 746 1435 781; x_wconf 85' lang='lat' dir='ltr'><strong>Opus</strong></span> <span class='ocrx_word' id='word_1_288' title='bbox 1468 746 1649 773; x_wconf 79' lang='lat' dir='ltr'><strong>consummavi</strong></span> <span class='ocrx_word' id='word_1_289' title='bbox 1673 745 1743 780; x_wconf 85' lang='lat' dir='ltr'><strong>quod</strong></span> <span class='ocrx_word' id='word_1_290' title='bbox 1768 746 1873 773; x_wconf 84' lang='lat' dir='ltr'><strong>dedisti</strong></span> 
     </span>
    </p>
   </div>
   <div class='ocr_carea' id='block_1_45' title="bbox 1066 792 1874 827">
    <p class='ocr_par' dir='ltr' id='par_1_45' title="bbox 1066 792 1874 827">
     <span class='ocr_line' id='line_1_45' title="bbox 1066 792 1874 827; baseline 0 -8"><span class='ocrx_word' id='word_1_291' title='bbox 1066 792 1131 820; x_wconf 90' lang='lat' dir='ltr'><strong>mihi</strong></span> <span class='ocrx_word' id='word_1_292' title='bbox 1147 798 1177 819; x_wconf 88' lang='lat' dir='ltr'><strong>ut</strong></span> <span class='ocrx_word' id='word_1_293' title='bbox 1191 793 1294 827; x_wconf 77' lang='lat' dir='ltr'><strong>faciam</strong></span> <span class='ocrx_word' id='word_1_294' title='bbox 1303 794 1338 825; x_wconf 82' lang='lat'><strong>&quot;,</strong></span> <span class='ocrx_word' id='word_1_295' title='bbox 1370 793 1396 820; x_wconf 91' lang='lat' dir='ltr'><strong>id</strong></span> <span class='ocrx_word' id='word_1_296' title='bbox 1419 798 1471 825; x_wconf 85' lang='lat' dir='ltr'><strong>est,</strong></span> <span class='ocrx_word' id='word_1_297' title='bbox 1488 800 1554 827; x_wconf 88' lang='lat' dir='ltr'><strong>pace</strong></span> <span class='ocrx_word' id='word_1_298' title='bbox 1580 796 1694 823; x_wconf 86' lang='lat' dir='ltr'><strong>terram,</strong></span> <span class='ocrx_word' id='word_1_299' title='bbox 1709 792 1874 827; x_wconf 59' lang='lat' dir='ltr'><strong>castumque</strong></span> 
     </span>
    </p>
   </div>
   <div class='ocr_carea' id='block_1_46' title="bbox 1066 836 1872 873">
    <p class='ocr_par' dir='ltr' id='par_1_46' title="bbox 1066 836 1872 873">
     <span class='ocr_line' id='line_1_46' title="bbox 1066 836 1872 873; baseline -0.001 -7"><span class='ocrx_word' id='word_1_300' title='bbox 1066 839 1199 871; x_wconf 80' lang='lat' dir='ltr'><strong>devinxit,</strong></span> <span class='ocrx_word' id='word_1_301' title='bbox 1215 839 1294 866; x_wconf 88' lang='lat' dir='ltr'><strong>nobis</strong></span> <span class='ocrx_word' id='word_1_302' title='bbox 1313 838 1395 866; x_wconf 86' lang='lat' dir='ltr'><strong>etiam</strong></span> <span class='ocrx_word' id='word_1_303' title='bbox 1410 838 1496 873; x_wconf 86' lang='lat' dir='ltr'><strong>pacis,</strong></span> <span class='ocrx_word' id='word_1_304' title='bbox 1508 842 1536 865; x_wconf 85' lang='lat' dir='ltr'><strong>et</strong></span> <span class='ocrx_word' id='word_1_305' title='bbox 1551 838 1655 865; x_wconf 87' lang='lat' dir='ltr'><strong>amoris</strong></span> <span class='ocrx_word' id='word_1_306' title='bbox 1673 837 1737 865; x_wconf 80' lang='lat' dir='ltr'><strong>ﬁliis</strong></span> <span class='ocrx_word' id='word_1_307' title='bbox 1747 836 1872 865; x_wconf 76' lang='lat' dir='ltr'><strong>eﬂectis.</strong></span> 
     </span>
    </p>
   </div>
   <div class='ocr_carea' id='block_1_47' title="bbox 1069 883 1874 920">
    <p class='ocr_par' dir='ltr' id='par_1_47' title="bbox 1069 883 1874 920">
     <span class='ocr_line' id='line_1_47' title="bbox 1069 883 1874 920; baseline -0.004 -7"><span class='ocrx_word' id='word_1_308' title='bbox 1069 885 1117 913; x_wconf 77' lang='lat' dir='ltr'><strong>Sin</strong></span> <span class='ocrx_word' id='word_1_309' title='bbox 1144 885 1273 920; x_wconf 91' lang='lat' dir='ltr'><strong>objicias,</strong></span> <span class='ocrx_word' id='word_1_310' title='bbox 1293 884 1346 918; x_wconf 83' lang='lat' dir='ltr'><strong>Qui</strong></span> <span class='ocrx_word' id='word_1_311' title='bbox 1369 891 1519 919; x_wconf 84' lang='lat' dir='ltr'><strong>possumus</strong></span> <span class='ocrx_word' id='word_1_312' title='bbox 1541 891 1596 911; x_wconf 89' lang='lat' dir='ltr'><strong>non</strong></span> <span class='ocrx_word' id='word_1_313' title='bbox 1611 891 1674 911; x_wconf 84' lang='lat' dir='ltr'><strong>esse</strong></span> <span class='ocrx_word' id='word_1_314' title='bbox 1688 883 1715 910; x_wconf 94' lang='lat' dir='ltr'><strong>in</strong></span> <span class='ocrx_word' id='word_1_315' title='bbox 1733 888 1874 918; x_wconf 73' lang='lat' dir='ltr'><strong>perpetuo</strong></span> 
     </span>
    </p>
   </div>
   <div class='ocr_carea' id='block_1_48' title="bbox 1067 928 1874 965">
    <p class='ocr_par' dir='ltr' id='par_1_48' title="bbox 1067 928 1874 965">
     <span class='ocr_line' id='line_1_48' title="bbox 1067 928 1874 965; baseline -0.002 -7"><span class='ocrx_word' id='word_1_316' title='bbox 1067 930 1151 962; x_wconf 84' lang='lat' dir='ltr'><strong>bello.</strong></span> <span class='ocrx_word' id='word_1_317' title='bbox 1177 931 1286 958; x_wconf 88' lang='lat' dir='ltr'><strong>dicente</strong></span> <span class='ocrx_word' id='word_1_318' title='bbox 1300 929 1434 965; x_wconf 81' lang='lat' dir='ltr'><strong>Apostolo</strong></span> <span class='ocrx_word' id='word_1_319' title='bbox 1452 939 1459 957; x_wconf 91' lang='lat'><strong>:</strong></span> <span class='ocrx_word' id='word_1_320' title='bbox 1476 928 1538 956; x_wconf 85' lang='lat' dir='ltr'><strong>Non</strong></span> <span class='ocrx_word' id='word_1_321' title='bbox 1556 934 1595 956; x_wconf 85' lang='lat' dir='ltr'><strong>est</strong></span> <span class='ocrx_word' id='word_1_322' title='bbox 1616 929 1692 956; x_wconf 85' lang='lat' dir='ltr'><strong>nobis</strong></span> <span class='ocrx_word' id='word_1_323' title='bbox 1711 929 1874 956; x_wconf 74' lang='lat' dir='ltr'><strong>colluctatio</strong></span> 
     </span>
    </p>
   </div>
   <div class='ocr_carea' id='block_1_49' title="bbox 1066 976 1874 1011">
    <p class='ocr_par' dir='ltr' id='par_1_49' title="bbox 1066 976 1874 1011">
     <span class='ocr_line' id='line_1_49' title="bbox 1066 976 1874 1011; baseline -0.001 -7"><span class='ocrx_word' id='word_1_324' title='bbox 1066 977 1192 1004; x_wconf 79' lang='lat' dir='ltr'><strong>adversus</strong></span> <span class='ocrx_word' id='word_1_325' title='bbox 1211 984 1327 1009; x_wconf 76' lang='lat' dir='ltr'><strong>carnem,</strong></span> <span class='ocrx_word' id='word_1_326' title='bbox 1348 981 1374 1003; x_wconf 83' lang='lat' dir='ltr'><strong>et</strong></span> <span class='ocrx_word' id='word_1_327' title='bbox 1384 976 1551 1011; x_wconf 85' lang='lat' dir='ltr'><strong>sanguinem,</strong></span> <span class='ocrx_word' id='word_1_328' title='bbox 1565 976 1611 1003; x_wconf 84' lang='lat' dir='ltr'><strong>sed</strong></span> <span class='ocrx_word' id='word_1_329' title='bbox 1623 976 1750 1003; x_wconf 80' lang='lat' dir='ltr'><strong>adversus</strong></span> <span class='ocrx_word' id='word_1_330' title='bbox 1761 977 1874 1011; x_wconf 82' lang='lat' dir='ltr'><strong>princi-</strong></span> 
     </span>
    </p>
   </div>
   <div class='ocr_carea' id='block_1_50' title="bbox 1066 1023 1874 1058">
    <p class='ocr_par' dir='ltr' id='par_1_50' title="bbox 1066 1023 1874 1058">
     <span class='ocr_line' id='line_1_50' title="bbox 1066 1023 1874 1058; baseline -0.002 -8"><span class='ocrx_word' id='word_1_331' title='bbox 1066 1028 1155 1057; x_wconf 84' lang='lat' dir='ltr'><strong>patus,</strong></span> <span class='ocrx_word' id='word_1_332' title='bbox 1174 1027 1199 1050; x_wconf 83' lang='lat' dir='ltr'><strong>et</strong></span> <span class='ocrx_word' id='word_1_333' title='bbox 1216 1027 1369 1058; x_wconf 58' lang='lat' dir='ltr'><strong>potestates,</strong></span> <span class='ocrx_word' id='word_1_334' title='bbox 1383 1023 1509 1050; x_wconf 77' lang='lat' dir='ltr'><strong>adversus</strong></span> <span class='ocrx_word' id='word_1_335' title='bbox 1540 1023 1633 1049; x_wconf 85' lang='lat' dir='ltr'><strong>mundi</strong></span> <span class='ocrx_word' id='word_1_336' title='bbox 1661 1027 1776 1049; x_wconf 81' lang='lat' dir='ltr'><strong>rectores</strong></span> <span class='ocrx_word' id='word_1_337' title='bbox 1794 1027 1874 1048; x_wconf 84' lang='lat' dir='ltr'><strong>tene-</strong></span> 
     </span>
    </p>
   </div>
   <div class='ocr_carea' id='block_1_51' title="bbox 1067 1068 1875 1103">
    <p class='ocr_par' dir='ltr' id='par_1_51' title="bbox 1067 1068 1875 1103">
     <span class='ocr_line' id='line_1_51' title="bbox 1067 1068 1875 1103; baseline -0.002 -7"><span class='ocrx_word' id='word_1_338' title='bbox 1067 1069 1176 1096; x_wconf 81' lang='lat' dir='ltr'><strong>brarum</strong></span> <span class='ocrx_word' id='word_1_339' title='bbox 1196 1069 1276 1103; x_wconf 80' lang='lat' dir='ltr'><strong>hujus</strong></span> <span class='ocrx_word' id='word_1_340' title='bbox 1291 1069 1393 1101; x_wconf 73' lang='lat' dir='ltr'><strong>stzculi,</strong></span> <span class='ocrx_word' id='word_1_341' title='bbox 1423 1073 1516 1095; x_wconf 86' lang='lat' dir='ltr'><strong>contra</strong></span> <span class='ocrx_word' id='word_1_342' title='bbox 1532 1068 1686 1103; x_wconf 86' lang='lat' dir='ltr'><strong>spiritualia</strong></span> <span class='ocrx_word' id='word_1_343' title='bbox 1704 1068 1830 1103; x_wconf 66' lang='lat' dir='ltr'><strong>nequitia</strong></span> <span class='ocrx_word' id='word_1_344' title='bbox 1845 1069 1875 1094; x_wconf 83' lang='lat' dir='ltr'><strong>in</strong></span> 
     </span>
    </p>
   </div>
   <div class='ocr_carea' id='block_1_52' title="bbox 1067 1114 1874 1148">
    <p class='ocr_par' dir='ltr' id='par_1_52' title="bbox 1067 1114 1874 1148">
     <span class='ocr_line' id='line_1_52' title="bbox 1067 1114 1874 1148; baseline -0.002 -6"><span class='ocrx_word' id='word_1_345' title='bbox 1067 1114 1216 1142; x_wconf 70' lang='lat' dir='ltr'><strong>calestibus</strong></span> <span class='ocrx_word' id='word_1_346' title='bbox 1227 1114 1278 1140; x_wconf 74' lang='lat' dir='ltr'><strong>&#39;&quot;i</strong></span> <span class='ocrx_word' id='word_1_347' title='bbox 1301 1114 1465 1148; x_wconf 75' lang='lat' dir='ltr'><strong>respondere</strong></span> <span class='ocrx_word' id='word_1_348' title='bbox 1504 1115 1579 1145; x_wconf 91' lang='lat' dir='ltr'><strong>licet,</strong></span> <span class='ocrx_word' id='word_1_349' title='bbox 1622 1114 1767 1141; x_wconf 84' lang='lat' dir='ltr'><strong>ostendere</strong></span> <span class='ocrx_word' id='word_1_350' title='bbox 1804 1121 1874 1141; x_wconf 86' lang='lat' dir='ltr'><strong>eum</strong></span> 
     </span>
    </p>
   </div>
   <div class='ocr_carea' id='block_1_53' title="bbox 1067 1159 1876 1195">
    <p class='ocr_par' dir='ltr' id='par_1_53' title="bbox 1067 1159 1876 1195">
     <span class='ocr_line' id='line_1_53' title="bbox 1067 1159 1876 1195; baseline -0.001 -8"><span class='ocrx_word' id='word_1_351' title='bbox 1067 1165 1213 1195; x_wconf 85' lang='lat' dir='ltr'><strong>quantum.</strong></span> <span class='ocrx_word' id='word_1_352' title='bbox 1230 1168 1262 1188; x_wconf 88' lang='lat' dir='ltr'><strong>ac</strong></span> <span class='ocrx_word' id='word_1_353' title='bbox 1287 1160 1442 1194; x_wconf 89' lang='lat' dir='ltr'><strong>cujusmodi</strong></span> <span class='ocrx_word' id='word_1_354' title='bbox 1459 1160 1495 1188; x_wconf 89' lang='lat' dir='ltr'><strong>sit</strong></span> <span class='ocrx_word' id='word_1_355' title='bbox 1521 1160 1633 1192; x_wconf 87' lang='lat' dir='ltr'><strong>bellum,</strong></span> <span class='ocrx_word' id='word_1_356' title='bbox 1652 1167 1706 1186; x_wconf 89' lang='lat' dir='ltr'><strong>non</strong></span> <span class='ocrx_word' id='word_1_357' title='bbox 1723 1159 1800 1187; x_wconf 85' lang='lat' dir='ltr'><strong>bello</strong></span> <span class='ocrx_word' id='word_1_358' title='bbox 1817 1167 1876 1187; x_wconf 91' lang='lat' dir='ltr'><strong>nos</strong></span> 
     </span>
    </p>
   </div>
   <div class='ocr_carea' id='block_1_54' title="bbox 1067 1205 1874 1235">
    <p class='ocr_par' dir='ltr' id='par_1_54' title="bbox 1067 1205 1874 1235">
     <span class='ocr_line' id='line_1_54' title="bbox 1067 1205 1874 1235; baseline -0.002 -2"><span class='ocrx_word' id='word_1_359' title='bbox 1067 1206 1187 1234; x_wconf 82' lang='lat' dir='ltr'><strong>lacessi:</strong></span> <span class='ocrx_word' id='word_1_360' title='bbox 1212 1215 1275 1234; x_wconf 87' lang='lat' dir='ltr'><strong>nam</strong></span> <span class='ocrx_word' id='word_1_361' title='bbox 1305 1207 1370 1234; x_wconf 87' lang='lat' dir='ltr'><strong>alibi</strong></span> <span class='ocrx_word' id='word_1_362' title='bbox 1403 1207 1520 1235; x_wconf 85' lang='lat' dir='ltr'><strong>scribit:</strong></span> <span class='ocrx_word' id='word_1_363' title='bbox 1549 1205 1670 1234; x_wconf 87' lang='lat' dir='ltr'><strong>Consilia</strong></span> <span class='ocrx_word' id='word_1_364' title='bbox 1689 1206 1874 1235; x_wconf 69' lang='lat' dir='ltr'><strong>desinentes.</strong></span> 
     </span>
    </p>
   </div>
   <div class='ocr_carea' id='block_1_55' title="bbox 1067 1250 1877 1280">
    <p class='ocr_par' dir='ltr' id='par_1_55' title="bbox 1067 1250 1877 1280">
     <span class='ocr_line' id='line_1_55' title="bbox 1067 1250 1877 1280; baseline -0.004 0"><span class='ocrx_word' id='word_1_365' title='bbox 1067 1257 1092 1280; x_wconf 85' lang='lat' dir='ltr'><strong>et</strong></span> <span class='ocrx_word' id='word_1_366' title='bbox 1122 1261 1226 1280; x_wconf 89' lang='lat' dir='ltr'><strong>omnem</strong></span> <span class='ocrx_word' id='word_1_367' title='bbox 1266 1253 1434 1280; x_wconf 82' lang='lat' dir='ltr'><strong>altitudinem</strong></span> <span class='ocrx_word' id='word_1_368' title='bbox 1470 1252 1643 1279; x_wconf 74' lang='lat' dir='ltr'><strong>extollentem</strong></span> <span class='ocrx_word' id='word_1_369' title='bbox 1669 1259 1697 1279; x_wconf 82' lang='lat' dir='ltr'><strong>se</strong></span> <span class='ocrx_word' id='word_1_370' title='bbox 1739 1250 1877 1278; x_wconf 73' lang='lat' dir='ltr'><strong>adversus</strong></span> 
     </span>
    </p>
   </div>
   <div class='ocr_carea' id='block_1_56' title="bbox 1068 1297 1878 1332">
    <p class='ocr_par' dir='ltr' id='par_1_56' title="bbox 1068 1297 1878 1332">
     <span class='ocr_line' id='line_1_56' title="bbox 1068 1297 1878 1332; baseline -0.001 -8"><span class='ocrx_word' id='word_1_371' title='bbox 1068 1298 1208 1326; x_wconf 73' lang='lat' dir='ltr'><strong>scientiam</strong></span> <span class='ocrx_word' id='word_1_372' title='bbox 1239 1297 1350 1326; x_wconf 88' lang='lat' dir='ltr'><strong>Christi.</strong></span> <span class='ocrx_word' id='word_1_373' title='bbox 1376 1298 1410 1325; x_wconf 85' lang='lat' dir='ltr'><strong>Et</strong></span> <span class='ocrx_word' id='word_1_374' title='bbox 1431 1299 1459 1325; x_wconf 84' lang='lat' dir='ltr'><strong>in</strong></span> <span class='ocrx_word' id='word_1_375' title='bbox 1472 1302 1596 1332; x_wconf 83' lang='lat' dir='ltr'><strong>promptu</strong></span> <span class='ocrx_word' id='word_1_376' title='bbox 1618 1297 1755 1328; x_wconf 76' lang='lat' dir='ltr'><strong>habentes,</strong></span> <span class='ocrx_word' id='word_1_377' title='bbox 1773 1297 1878 1323; x_wconf 81' lang='lat' dir='ltr'><strong>ulcisci</strong></span> 
     </span>
    </p>
   </div>
   <div class='ocr_carea' id='block_1_57' title="bbox 1068 1342 1875 1374">
    <p class='ocr_par' dir='ltr' id='par_1_57' title="bbox 1068 1342 1875 1374">
     <span class='ocr_line' id='line_1_57' title="bbox 1068 1342 1875 1374; baseline -0.002 -5"><span class='ocrx_word' id='word_1_378' title='bbox 1068 1351 1171 1370; x_wconf 87' lang='lat' dir='ltr'><strong>omnem</strong></span> <span class='ocrx_word' id='word_1_379' title='bbox 1188 1343 1434 1370; x_wconf 70' lang='lat' dir='ltr'><strong>inobedientiam”.</strong></span> <span class='ocrx_word' id='word_1_380' title='bbox 1459 1344 1595 1371; x_wconf 61' lang='lat' dir='ltr'><strong>Caeterum</strong></span> <span class='ocrx_word' id='word_1_381' title='bbox 1611 1343 1651 1370; x_wconf 88' lang='lat' dir='ltr'><strong>sic</strong></span> <span class='ocrx_word' id='word_1_382' title='bbox 1670 1342 1800 1374; x_wconf 78' lang='lat' dir='ltr'><strong>aﬂ‘ectns,</strong></span> <span class='ocrx_word' id='word_1_383' title='bbox 1815 1342 1875 1368; x_wconf 85' lang='lat' dir='ltr'><strong>du-</strong></span> 
     </span>
    </p>
   </div>
   <div class='ocr_carea' id='block_1_58' title="bbox 1069 1389 1877 1424">
    <p class='ocr_par' dir='ltr' id='par_1_58' title="bbox 1069 1389 1877 1424">
     <span class='ocr_line' id='line_1_58' title="bbox 1069 1389 1877 1424; baseline 0 -9"><span class='ocrx_word' id='word_1_384' title='bbox 1069 1389 1143 1416; x_wconf 85' lang='lat' dir='ltr'><strong>bium</strong></span> <span class='ocrx_word' id='word_1_385' title='bbox 1162 1397 1216 1417; x_wconf 94' lang='lat' dir='ltr'><strong>non</strong></span> <span class='ocrx_word' id='word_1_386' title='bbox 1241 1393 1283 1417; x_wconf 90' lang='lat' dir='ltr'><strong>est</strong></span> <span class='ocrx_word' id='word_1_387' title='bbox 1300 1391 1366 1424; x_wconf 89' lang='lat' dir='ltr'><strong>quin</strong></span> <span class='ocrx_word' id='word_1_388' title='bbox 1385 1389 1484 1417; x_wconf 86' lang='lat' dir='ltr'><strong>bellum</strong></span> <span class='ocrx_word' id='word_1_389' title='bbox 1512 1389 1683 1420; x_wconf 86' lang='lat' dir='ltr'><strong>restinxerit,</strong></span> <span class='ocrx_word' id='word_1_390' title='bbox 1715 1395 1877 1422; x_wconf 84' lang='lat' dir='ltr'><strong>pacemque</strong></span> 
     </span>
    </p>
   </div>
   <div class='ocr_carea' id='block_1_59' title="bbox 1070 1434 1877 1470">
    <p class='ocr_par' dir='ltr' id='par_1_59' title="bbox 1070 1434 1877 1470">
     <span class='ocr_line' id='line_1_59' title="bbox 1070 1434 1877 1470; baseline -0.001 -8"><span class='ocrx_word' id='word_1_391' title='bbox 1070 1440 1141 1470; x_wconf 81' lang='lat' dir='ltr'><strong>agat.</strong></span> <span class='ocrx_word' id='word_1_392' title='bbox 1162 1434 1217 1463; x_wconf 87' lang='lat' dir='ltr'><strong>Nec</strong></span> <span class='ocrx_word' id='word_1_393' title='bbox 1241 1435 1328 1463; x_wconf 89' lang='lat' dir='ltr'><strong>videri</strong></span> <span class='ocrx_word' id='word_1_394' title='bbox 1357 1435 1447 1468; x_wconf 81' lang='lat' dir='ltr'><strong>vobis,</strong></span> <span class='ocrx_word' id='word_1_395' title='bbox 1476 1434 1586 1466; x_wconf 83' lang='lat' dir='ltr'><strong>fratres.</strong></span> <span class='ocrx_word' id='word_1_396' title='bbox 1613 1435 1747 1462; x_wconf 86' lang='lat' dir='ltr'><strong>molestus</strong></span> <span class='ocrx_word' id='word_1_397' title='bbox 1767 1434 1877 1466; x_wconf 81' lang='lat' dir='ltr'><strong>debeo.</strong></span> 
     </span>
    </p>
   </div>
   <div class='ocr_carea' id='block_1_60' title="bbox 1069 1480 1879 1515">
    <p class='ocr_par' dir='ltr' id='par_1_60' title="bbox 1069 1480 1879 1515">
     <span class='ocr_line' id='line_1_60' title="bbox 1069 1480 1879 1515; baseline 0 -8"><span class='ocrx_word' id='word_1_398' title='bbox 1069 1480 1115 1515; x_wconf 91' lang='lat' dir='ltr'><strong>qui</strong></span> <span class='ocrx_word' id='word_1_399' title='bbox 1140 1481 1198 1508; x_wconf 69' lang='lat' dir='ltr'><strong>haec</strong></span> <span class='ocrx_word' id='word_1_400' title='bbox 1227 1481 1374 1514; x_wconf 88' lang='lat' dir='ltr'><strong>disseram,</strong></span> <span class='ocrx_word' id='word_1_401' title='bbox 1396 1489 1429 1508; x_wconf 90' lang='lat' dir='ltr'><strong>ac</strong></span> <span class='ocrx_word' id='word_1_402' title='bbox 1455 1482 1506 1508; x_wconf 90' lang='lat' dir='ltr'><strong>sim</strong></span> <span class='ocrx_word' id='word_1_403' title='bbox 1537 1481 1563 1508; x_wconf 91' lang='lat' dir='ltr'><strong>itt</strong></span> <span class='ocrx_word' id='word_1_404' title='bbox 1589 1481 1633 1512; x_wconf 91' lang='lat' dir='ltr'><strong>iis,</strong></span> <span class='ocrx_word' id='word_1_405' title='bbox 1657 1484 1685 1508; x_wconf 79' lang='lat' dir='ltr'><strong>et</strong></span> <span class='ocrx_word' id='word_1_406' title='bbox 1711 1480 1763 1507; x_wconf 89' lang='lat' dir='ltr'><strong>hoc</strong></span> <span class='ocrx_word' id='word_1_407' title='bbox 1785 1485 1879 1515; x_wconf 83' lang='lat' dir='ltr'><strong>atque</strong></span> 
     </span>
    </p>
   </div>
   <div class='ocr_carea' id='block_1_61' title="bbox 231 1526 1878 1573">
    <p class='ocr_par' dir='ltr' id='par_1_61' title="bbox 231 1526 1878 1573">
     <span class='ocr_line' id='line_1_61' title="bbox 231 1526 1878 1573; baseline -0.004 -14"><span class='ocrx_word' id='word_1_408' title='bbox 231 1533 297 1559; x_wconf 76' lang='lat' dir='ltr'><strong>Cum</strong></span> <span class='ocrx_word' id='word_1_409' title='bbox 325 1531 445 1559; x_wconf 81' lang='lat' dir='ltr'><strong>Christus</strong></span> <span class='ocrx_word' id='word_1_410' title='bbox 472 1532 637 1566; x_wconf 85' lang='lat' dir='ltr'><strong>apparuerit,</strong></span> <span class='ocrx_word' id='word_1_411' title='bbox 664 1531 718 1558; x_wconf 79' lang='lat' dir='ltr'><strong>vita</strong></span> <span class='ocrx_word' id='word_1_412' title='bbox 732 1535 834 1564; x_wconf 82' lang='lat' dir='ltr'><strong>nostra,</strong></span> <span class='ocrx_word' id='word_1_413' title='bbox 853 1536 915 1558; x_wconf 84' lang='lat' dir='ltr'><strong>tum:</strong></span> <span class='ocrx_word' id='word_1_414' title='bbox 931 1535 956 1558; x_wconf 81' lang='lat' dir='ltr'><strong>et</strong></span> <span class='ocrx_word' id='word_1_415' title='bbox 973 1539 1016 1558; x_wconf 78' lang='lat' dir='ltr'><strong>vos</strong></span> <span class='ocrx_word' id='word_1_416' title='bbox 1030 1543 1052 1573; x_wconf 69' lang='grc' dir='ltr'><strong>ο</strong></span> <span class='ocrx_word' id='word_1_417' title='bbox 1075 1526 1142 1554; x_wconf 90' lang='lat' dir='ltr'><strong>illud</strong></span> <span class='ocrx_word' id='word_1_418' title='bbox 1155 1531 1263 1554; x_wconf 89' lang='lat' dir='ltr'><strong>scruter</strong></span> <span class='ocrx_word' id='word_1_419' title='bbox 1279 1531 1306 1554; x_wconf 91' lang='lat' dir='ltr'><strong>et</strong></span> <span class='ocrx_word' id='word_1_420' title='bbox 1315 1527 1488 1557; x_wconf 79' lang='lat' dir='ltr'><strong>examinem;</strong></span> <span class='ocrx_word' id='word_1_421' title='bbox 1506 1527 1532 1553; x_wconf 90' lang='lat' dir='ltr'><strong>id</strong></span> <span class='ocrx_word' id='word_1_422' title='bbox 1545 1526 1618 1554; x_wconf 89' lang='lat' dir='ltr'><strong>enim</strong></span> <span class='ocrx_word' id='word_1_423' title='bbox 1637 1533 1690 1553; x_wconf 92' lang='lat' dir='ltr'><strong>non</strong></span> <span class='ocrx_word' id='word_1_424' title='bbox 1705 1530 1747 1554; x_wconf 86' lang='lat' dir='ltr'><strong>est</strong></span> <span class='ocrx_word' id='word_1_425' title='bbox 1758 1526 1878 1558; x_wconf 80' lang='lat' dir='ltr'><strong>inutile,</strong></span> 
     </span>
    </p>
   </div>
   <div class='ocr_carea' id='block_1_62' title="bbox 231 1576 1018 1612">
    <p class='ocr_par' dir='ltr' id='par_1_62' title="bbox 231 1576 1018 1612">
     <span class='ocr_line' id='line_1_62' title="bbox 231 1576 1018 1612; baseline 0 -9"><span class='ocrx_word' id='word_1_426' title='bbox 231 1577 392 1612; x_wconf 82' lang='lat' dir='ltr'><strong>apparebitis</strong></span> <span class='ocrx_word' id='word_1_427' title='bbox 418 1585 477 1604; x_wconf 86' lang='lat' dir='ltr'><strong>cum</strong></span> <span class='ocrx_word' id='word_1_428' title='bbox 510 1577 567 1611; x_wconf 76' lang='lat' dir='ltr'><strong>ipso</strong></span> <span class='ocrx_word' id='word_1_429' title='bbox 597 1577 624 1603; x_wconf 91' lang='lat' dir='ltr'><strong>in</strong></span> <span class='ocrx_word' id='word_1_430' title='bbox 637 1576 764 1611; x_wconf 81' lang='lat' dir='ltr'><strong>gloria&quot;.</strong></span> <span class='ocrx_word' id='word_1_431' title='bbox 788 1576 858 1604; x_wconf 88' lang='lat' dir='ltr'><strong>Cum</strong></span> <span class='ocrx_word' id='word_1_432' title='bbox 875 1576 976 1611; x_wconf 85' lang='lat' dir='ltr'><strong>quibus</strong></span> <span class='ocrx_word' id='word_1_433' title='bbox 991 1581 1018 1603; x_wconf 92' lang='lat' dir='ltr'><strong>et</strong></span> 
     </span>
    </p>
   </div>
   <div class='ocr_carea' id='block_1_63' title="bbox 231 1621 1018 1656">
    <p class='ocr_par' dir='ltr' id='par_1_63' title="bbox 231 1621 1018 1656">
     <span class='ocr_line' id='line_1_63' title="bbox 231 1621 1018 1656; baseline 0 -8"><span class='ocrx_word' id='word_1_434' title='bbox 231 1629 292 1654; x_wconf 85' lang='lat' dir='ltr'><strong>nos,</strong></span> <span class='ocrx_word' id='word_1_435' title='bbox 320 1626 430 1656; x_wconf 86' lang='lat' dir='ltr'><strong>peracto</strong></span> <span class='ocrx_word' id='word_1_436' title='bbox 453 1625 547 1648; x_wconf 87' lang='lat' dir='ltr'><strong>nostro</strong></span> <span class='ocrx_word' id='word_1_437' title='bbox 570 1621 703 1656; x_wconf 84' lang='lat' dir='ltr'><strong>martyrio</strong></span> <span class='ocrx_word' id='word_1_438' title='bbox 721 1621 843 1656; x_wconf 70' lang='lat' dir='ltr'><strong>(longum</strong></span> <span class='ocrx_word' id='word_1_439' title='bbox 857 1626 900 1648; x_wconf 86' lang='lat' dir='ltr'><strong>est</strong></span> <span class='ocrx_word' id='word_1_440' title='bbox 913 1625 1018 1653; x_wconf 82' lang='lat' dir='ltr'><strong>autem,</strong></span> 
     </span>
    </p>
   </div>
   <div class='ocr_carea' id='block_1_64' title="bbox 231 1666 1018 1702">
    <p class='ocr_par' dir='ltr' id='par_1_64' title="bbox 231 1666 1018 1702">
     <span class='ocr_line' id='line_1_64' title="bbox 231 1666 1018 1702; baseline 0.001 -9"><span class='ocrx_word' id='word_1_441' title='bbox 231 1675 279 1702; x_wconf 87' lang='lat' dir='ltr'><strong>per</strong></span> <span class='ocrx_word' id='word_1_442' title='bbox 300 1675 409 1694; x_wconf 88' lang='lat' dir='ltr'><strong>omnem</strong></span> <span class='ocrx_word' id='word_1_443' title='bbox 449 1667 555 1700; x_wconf 88' lang='lat' dir='ltr'><strong>vitam),</strong></span> <span class='ocrx_word' id='word_1_444' title='bbox 582 1666 662 1694; x_wconf 88' lang='lat' dir='ltr'><strong>bonis</strong></span> <span class='ocrx_word' id='word_1_445' title='bbox 686 1666 739 1693; x_wconf 88' lang='lat' dir='ltr'><strong>frui</strong></span> <span class='ocrx_word' id='word_1_446' title='bbox 774 1667 960 1702; x_wconf 89' lang='lat' dir='ltr'><strong>sempiternis,</strong></span> <span class='ocrx_word' id='word_1_447' title='bbox 990 1667 1018 1694; x_wconf 92' lang='lat' dir='ltr'><strong>in</strong></span> 
     </span>
    </p>
   </div>
   <div class='ocr_carea' id='block_1_65' title="bbox 230 1712 1017 1748">
    <p class='ocr_par' dir='ltr' id='par_1_65' title="bbox 230 1712 1017 1748">
     <span class='ocr_line' id='line_1_65' title="bbox 230 1712 1017 1748; baseline 0.001 -9"><span class='ocrx_word' id='word_1_448' title='bbox 230 1720 372 1748; x_wconf 69' lang='lat' dir='ltr'><strong>atrumque</strong></span> <span class='ocrx_word' id='word_1_449' title='bbox 399 1719 461 1740; x_wconf 92' lang='lat' dir='ltr'><strong>cum</strong></span> <span class='ocrx_word' id='word_1_450' title='bbox 496 1712 607 1739; x_wconf 87' lang='lat' dir='ltr'><strong>Christo</strong></span> <span class='ocrx_word' id='word_1_451' title='bbox 637 1712 805 1748; x_wconf 88' lang='lat' dir='ltr'><strong>triumphare</strong></span> <span class='ocrx_word' id='word_1_452' title='bbox 830 1720 985 1740; x_wconf 87' lang='lat' dir='ltr'><strong>mereamur</strong></span> <span class='ocrx_word' id='word_1_453' title='bbox 1010 1722 1017 1740; x_wconf 88' lang='lat'><strong>:</strong></span> 
     </span>
    </p>
   </div>
   <div class='ocr_carea' id='block_1_66' title="bbox 231 1759 1018 1796">
    <p class='ocr_par' dir='ltr' id='par_1_66' title="bbox 231 1759 1018 1796">
     <span class='ocr_line' id='line_1_66' title="bbox 231 1759 1018 1796; baseline 0.003 -10"><span class='ocrx_word' id='word_1_454' title='bbox 231 1768 311 1795; x_wconf 90' lang='lat' dir='ltr'><strong>quem</strong></span> <span class='ocrx_word' id='word_1_455' title='bbox 339 1760 425 1795; x_wconf 77' lang='lat' dir='ltr'><strong>gloria</strong></span> <span class='ocrx_word' id='word_1_456' title='bbox 439 1759 528 1790; x_wconf 87' lang='lat' dir='ltr'><strong>decet,</strong></span> <span class='ocrx_word' id='word_1_457' title='bbox 552 1763 579 1786; x_wconf 88' lang='lat' dir='ltr'><strong>et</strong></span> <span class='ocrx_word' id='word_1_458' title='bbox 610 1760 710 1791; x_wconf 80' lang='lat' dir='ltr'><strong>hortor.</strong></span> <span class='ocrx_word' id='word_1_459' title='bbox 739 1764 823 1796; x_wconf 90' lang='lat' dir='ltr'><strong>atque</strong></span> <span class='ocrx_word' id='word_1_460' title='bbox 837 1760 938 1794; x_wconf 84' lang='lat' dir='ltr'><strong>cultus,</strong></span> <span class='ocrx_word' id='word_1_461' title='bbox 954 1768 1018 1788; x_wconf 88' lang='lat' dir='ltr'><strong>cum</strong></span> 
     </span>
    </p>
   </div>
   <div class='ocr_carea' id='block_1_67' title="bbox 232 1804 1019 1841">
    <p class='ocr_par' dir='ltr' id='par_1_67' title="bbox 232 1804 1019 1841">
     <span class='ocr_line' id='line_1_67' title="bbox 232 1804 1019 1841; baseline 0.001 -9"><span class='ocrx_word' id='word_1_462' title='bbox 232 1805 323 1839; x_wconf 85' lang='lat' dir='ltr'><strong>Patre,</strong></span> <span class='ocrx_word' id='word_1_463' title='bbox 337 1813 368 1833; x_wconf 90' lang='lat' dir='ltr'><strong>ac</strong></span> <span class='ocrx_word' id='word_1_464' title='bbox 394 1809 490 1833; x_wconf 80' lang='lat' dir='ltr'><strong>sancto</strong></span> <span class='ocrx_word' id='word_1_465' title='bbox 512 1804 626 1839; x_wconf 88' lang='lat' dir='ltr'><strong>Spiritu,</strong></span> <span class='ocrx_word' id='word_1_466' title='bbox 653 1813 727 1833; x_wconf 87' lang='lat' dir='ltr'><strong>nttnc</strong></span> <span class='ocrx_word' id='word_1_467' title='bbox 740 1810 767 1833; x_wconf 90' lang='lat' dir='ltr'><strong>et</strong></span> <span class='ocrx_word' id='word_1_468' title='bbox 779 1813 898 1841; x_wconf 89' lang='lat' dir='ltr'><strong>semper,</strong></span> <span class='ocrx_word' id='word_1_469' title='bbox 917 1806 944 1833; x_wconf 90' lang='lat' dir='ltr'><strong>in</strong></span> <span class='ocrx_word' id='word_1_470' title='bbox 959 1814 1019 1834; x_wconf 89' lang='lat' dir='ltr'><strong>om-</strong></span> 
     </span>
    </p>
   </div>
   <div class='ocr_carea' id='block_1_68' title="bbox 233 1850 690 1887">
    <p class='ocr_par' dir='ltr' id='par_1_68' title="bbox 233 1850 690 1887">
     <span class='ocr_line' id='line_1_68' title="bbox 233 1850 690 1887; baseline 0 -8"><span class='ocrx_word' id='word_1_471' title='bbox 233 1858 348 1887; x_wconf 87' lang='lat' dir='ltr'><strong>nemque</strong></span> <span class='ocrx_word' id='word_1_472' title='bbox 359 1850 578 1886; x_wconf 84' lang='lat' dir='ltr'><strong>perpetuitatem.</strong></span> <span class='ocrx_word' id='word_1_473' title='bbox 594 1852 690 1879; x_wconf 85' lang='lat' dir='ltr'><strong>Amen.</strong></span> 
     </span>
    </p>
   </div>
   <div class='ocr_carea' id='block_1_69' title="bbox 532 1907 719 1936">
    <p class='ocr_par' dir='ltr' id='par_1_69' title="bbox 532 1907 719 1936">
     <span class='ocr_line' id='line_1_69' title="bbox 532 1907 719 1936; baseline 0.005 -2"><span class='ocrx_word' id='word_1_474' title='bbox 532 1907 648 1935; x_wconf 83' lang='lat' dir='ltr'><strong>SERMO</strong></span> <span class='ocrx_word' id='word_1_475' title='bbox 673 1908 719 1936; x_wconf 80' lang='lat' dir='ltr'><strong>XI.</strong></span> 
     </span>
    </p>
   </div>
   <div class='ocr_carea' id='block_1_70' title="bbox 391 1954 857 1992">
    <p class='ocr_par' dir='ltr' id='par_1_70' title="bbox 391 1954 857 1992">
     <span class='ocr_line' id='line_1_70' title="bbox 391 1954 857 1992; baseline 0.004 -11"><span class='ocrx_word' id='word_1_476' title='bbox 391 1954 530 1992; x_wconf 76' lang='lat' dir='ltr'><strong>Dontinica</strong></span> <span class='ocrx_word' id='word_1_477' title='bbox 545 1954 571 1982; x_wconf 91' lang='grc' dir='ltr'><strong>Ι.</strong></span> <span class='ocrx_word' id='word_1_478' title='bbox 586 1954 716 1982; x_wconf 82' lang='lat' dir='ltr'><strong>Doctrina</strong></span> <span class='ocrx_word' id='word_1_479' title='bbox 734 1956 765 1983; x_wconf 85' lang='lat' dir='ltr'><strong>de</strong></span> <span class='ocrx_word' id='word_1_480' title='bbox 783 1965 857 1991; x_wconf 85' lang='lat' dir='ltr'><strong>pace.</strong></span> 
     </span>
    </p>
   </div>
   <div class='ocr_carea' id='block_1_71' title="bbox 267 2000 1017 2036">
    <p class='ocr_par' dir='ltr' id='par_1_71' title="bbox 267 2000 1017 2036">
     <span class='ocr_line' id='line_1_71' title="bbox 267 2000 1017 2036; baseline 0.005 -9"><span class='ocrx_word' id='word_1_481' title='bbox 267 2000 378 2028; x_wconf 83' lang='lat' dir='ltr'><strong>Fratres</strong></span> <span class='ocrx_word' id='word_1_482' title='bbox 416 2000 577 2035; x_wconf 84' lang='lat' dir='ltr'><strong>Patresque,</strong></span> <span class='ocrx_word' id='word_1_483' title='bbox 603 2001 677 2036; x_wconf 89' lang='lat' dir='ltr'><strong>pacis</strong></span> <span class='ocrx_word' id='word_1_484' title='bbox 704 2001 763 2029; x_wconf 87' lang='lat' dir='ltr'><strong>dies</strong></span> <span class='ocrx_word' id='word_1_485' title='bbox 791 2002 932 2030; x_wconf 86' lang='lat' dir='ltr'><strong>Dominica</strong></span> <span class='ocrx_word' id='word_1_486' title='bbox 957 2008 1017 2031; x_wconf 87' lang='lat' dir='ltr'><strong>est:</strong></span> 
     </span>
    </p>
   </div>
   <div class='ocr_carea' id='block_1_72' title="bbox 232 2045 1017 2083">
    <p class='ocr_par' dir='ltr' id='par_1_72' title="bbox 232 2045 1017 2083">
     <span class='ocr_line' id='line_1_72' title="bbox 232 2045 1017 2083; baseline 0.004 -10"><span class='ocrx_word' id='word_1_487' title='bbox 232 2054 294 2073; x_wconf 89' lang='lat' dir='ltr'><strong>nam</strong></span> <span class='ocrx_word' id='word_1_488' title='bbox 319 2045 453 2073; x_wconf 83' lang='lat' dir='ltr'><strong>Dominus</strong></span> <span class='ocrx_word' id='word_1_489' title='bbox 470 2047 548 2074; x_wconf 87' lang='lat' dir='ltr'><strong>hoste</strong></span> <span class='ocrx_word' id='word_1_490' title='bbox 568 2046 595 2073; x_wconf 94' lang='lat' dir='ltr'><strong>in</strong></span> <span class='ocrx_word' id='word_1_491' title='bbox 620 2054 651 2073; x_wconf 89' lang='lat' dir='ltr'><strong>ea</strong></span> <span class='ocrx_word' id='word_1_492' title='bbox 666 2046 782 2081; x_wconf 87' lang='lat' dir='ltr'><strong>spoliato</strong></span> <span class='ocrx_word' id='word_1_493' title='bbox 797 2047 942 2083; x_wconf 86' lang='lat' dir='ltr'><strong>discipulis</strong></span> <span class='ocrx_word' id='word_1_494' title='bbox 958 2048 996 2076; x_wconf 88' lang='lat' dir='ltr'><strong>ait</strong></span> <span class='ocrx_word' id='word_1_495' title='bbox 1010 2058 1017 2076; x_wconf 89' lang='lat'><strong>:</strong></span> 
     </span>
    </p>
   </div>
   <div class='ocr_carea' id='block_1_73' title="bbox 233 2091 1020 2129">
    <p class='ocr_par' dir='ltr' id='par_1_73' title="bbox 233 2091 1020 2129">
     <span class='ocr_line' id='line_1_73' title="bbox 233 2091 1020 2129; baseline 0.005 -11"><span class='ocrx_word' id='word_1_496' title='bbox 233 2091 291 2119; x_wconf 72' lang='lat' dir='ltr'><strong>Pas</strong></span> <span class='ocrx_word' id='word_1_497' title='bbox 305 2092 376 2119; x_wconf 81' lang='lat' dir='ltr'><strong>vobis</strong></span> <span class='ocrx_word' id='word_1_498' title='bbox 388 2092 420 2118; x_wconf 75' lang='grc'><strong>⁸³.</strong></span> <span class='ocrx_word' id='word_1_499' title='bbox 437 2092 525 2127; x_wconf 81' lang='lat' dir='ltr'><strong>Atque</strong></span> <span class='ocrx_word' id='word_1_500' title='bbox 535 2092 561 2119; x_wconf 91' lang='lat' dir='ltr'><strong>id</strong></span> <span class='ocrx_word' id='word_1_501' title='bbox 577 2092 696 2125; x_wconf 87' lang='lat' dir='ltr'><strong>locutus,</strong></span> <span class='ocrx_word' id='word_1_502' title='bbox 712 2100 767 2120; x_wconf 91' lang='lat' dir='ltr'><strong>non</strong></span> <span class='ocrx_word' id='word_1_503' title='bbox 783 2093 817 2122; x_wconf 89' lang='lat' dir='ltr'><strong>iis</strong></span> <span class='ocrx_word' id='word_1_504' title='bbox 828 2101 924 2129; x_wconf 89' lang='lat' dir='ltr'><strong>pacem</strong></span> <span class='ocrx_word' id='word_1_505' title='bbox 939 2095 1020 2122; x_wconf 89' lang='lat' dir='ltr'><strong>modo</strong></span> 
     </span>
    </p>
   </div>
   <div class='ocr_carea' id='block_1_74' title="bbox 231 2138 1018 2173">
    <p class='ocr_par' dir='ltr' id='par_1_74' title="bbox 231 2138 1018 2173">
     <span class='ocr_line' id='line_1_74' title="bbox 231 2138 1018 2173; baseline 0.003 -8"><span class='ocrx_word' id='word_1_506' title='bbox 231 2138 410 2173; x_wconf 66' lang='lat' dir='ltr'><strong>praescripsit,</strong></span> <span class='ocrx_word' id='word_1_507' title='bbox 438 2138 464 2165; x_wconf 93' lang='lat' dir='ltr'><strong>in</strong></span> <span class='ocrx_word' id='word_1_508' title='bbox 489 2145 578 2165; x_wconf 91' lang='lat' dir='ltr'><strong>unove</strong></span> <span class='ocrx_word' id='word_1_509' title='bbox 595 2138 649 2170; x_wconf 89' lang='lat' dir='ltr'><strong>die,</strong></span> <span class='ocrx_word' id='word_1_510' title='bbox 665 2138 712 2166; x_wconf 89' lang='lat' dir='ltr'><strong>sed</strong></span> <span class='ocrx_word' id='word_1_511' title='bbox 725 2146 788 2166; x_wconf 87' lang='lat' dir='ltr'><strong>cum</strong></span> <span class='ocrx_word' id='word_1_512' title='bbox 807 2139 948 2171; x_wconf 84' lang='lat' dir='ltr'><strong>omnibus.</strong></span> <span class='ocrx_word' id='word_1_513' title='bbox 962 2145 1018 2167; x_wconf 89' lang='lat' dir='ltr'><strong>tum</strong></span> 
     </span>
    </p>
   </div>
   <div class='ocr_carea' id='block_1_75' title="bbox 231 2184 1018 2220">
    <p class='ocr_par' dir='ltr' id='par_1_75' title="bbox 231 2184 1018 2220">
     <span class='ocr_line' id='line_1_75' title="bbox 231 2184 1018 2220; baseline 0.005 -10"><span class='ocrx_word' id='word_1_514' title='bbox 231 2189 363 2219; x_wconf 78' lang='lat' dir='ltr'><strong>perpetuo</strong></span> <span class='ocrx_word' id='word_1_515' title='bbox 389 2184 512 2212; x_wconf 90' lang='lat' dir='ltr'><strong>eamdem</strong></span> <span class='ocrx_word' id='word_1_516' title='bbox 545 2184 644 2219; x_wconf 75' lang='lat' dir='ltr'><strong>ingerit</strong></span> <span class='ocrx_word' id='word_1_517' title='bbox 666 2192 772 2220; x_wconf 87' lang='lat' dir='ltr'><strong>pacem,</strong></span> <span class='ocrx_word' id='word_1_518' title='bbox 788 2186 1018 2220; x_wconf 88' lang='lat' dir='ltr'><strong>qttemadmodnm</strong></span> 
     </span>
    </p>
   </div>
   <div class='ocr_carea' id='block_1_76' title="bbox 229 2229 1018 2265">
    <p class='ocr_par' dir='ltr' id='par_1_76' title="bbox 229 2229 1018 2265">
     <span class='ocr_line' id='line_1_76' title="bbox 229 2229 1018 2265; baseline 0.001 -7"><span class='ocrx_word' id='word_1_519' title='bbox 229 2237 257 2258; x_wconf 87' lang='lat' dir='ltr'><strong>ct</strong></span> <span class='ocrx_word' id='word_1_520' title='bbox 286 2229 364 2258; x_wconf 86' lang='lat' dir='ltr'><strong>nihili</strong></span> <span class='ocrx_word' id='word_1_521' title='bbox 386 2229 474 2257; x_wconf 82' lang='lat' dir='ltr'><strong>nobis.</strong></span> <span class='ocrx_word' id='word_1_522' title='bbox 500 2229 585 2265; x_wconf 81' lang='lat' dir='ltr'><strong>Igitur</strong></span> <span class='ocrx_word' id='word_1_523' title='bbox 600 2237 693 2265; x_wconf 88' lang='lat' dir='ltr'><strong>pacem</strong></span> <span class='ocrx_word' id='word_1_524' title='bbox 712 2231 872 2263; x_wconf 85' lang='lat' dir='ltr'><strong>habeamus.</strong></span> <span class='ocrx_word' id='word_1_525' title='bbox 898 2236 926 2259; x_wconf 89' lang='lat' dir='ltr'><strong>et</strong></span> <span class='ocrx_word' id='word_1_526' title='bbox 948 2233 1018 2260; x_wconf 88' lang='lat' dir='ltr'><strong>inter</strong></span> 
     </span>
    </p>
   </div>
   <div class='ocr_carea' id='block_1_77' title="bbox 231 2276 1017 2312">
    <p class='ocr_par' dir='ltr' id='par_1_77' title="bbox 231 2276 1017 2312">
     <span class='ocr_line' id='line_1_77' title="bbox 231 2276 1017 2312; baseline 0.003 -9"><span class='ocrx_word' id='word_1_527' title='bbox 231 2284 281 2304; x_wconf 88' lang='lat' dir='ltr'><strong>nos</strong></span> <span class='ocrx_word' id='word_1_528' title='bbox 296 2277 449 2312; x_wconf 86' lang='lat' dir='ltr'><strong>agitemus;</strong></span> <span class='ocrx_word' id='word_1_529' title='bbox 464 2276 516 2304; x_wconf 90' lang='lat' dir='ltr'><strong>hoc</strong></span> <span class='ocrx_word' id='word_1_530' title='bbox 528 2277 677 2304; x_wconf 85' lang='lat' dir='ltr'><strong>secundum</strong></span> <span class='ocrx_word' id='word_1_531' title='bbox 687 2277 849 2305; x_wconf 83' lang='lat' dir='ltr'><strong>exteriorem</strong></span> <span class='ocrx_word' id='word_1_532' title='bbox 865 2278 1017 2309; x_wconf 77' lang='lat' dir='ltr'><strong>hominem.</strong></span> 
     </span>
    </p>
   </div>
   <div class='ocr_carea' id='block_1_78' title="bbox 231 2324 1018 2360">
    <p class='ocr_par' dir='ltr' id='par_1_78' title="bbox 231 2324 1018 2360">
     <span class='ocr_line' id='line_1_78' title="bbox 231 2324 1018 2360; baseline 0.001 -9"><span class='ocrx_word' id='word_1_533' title='bbox 231 2332 265 2352; x_wconf 89' lang='lat' dir='ltr'><strong>ne</strong></span> <span class='ocrx_word' id='word_1_534' title='bbox 280 2332 350 2360; x_wconf 85' lang='lat' dir='ltr'><strong>quas</strong></span> <span class='ocrx_word' id='word_1_535' title='bbox 377 2324 536 2352; x_wconf 87' lang='lat' dir='ltr'><strong>inimicitias</strong></span> <span class='ocrx_word' id='word_1_536' title='bbox 553 2331 615 2351; x_wconf 91' lang='lat' dir='ltr'><strong>cum</strong></span> <span class='ocrx_word' id='word_1_537' title='bbox 636 2331 776 2360; x_wconf 89' lang='lat' dir='ltr'><strong>quoquam</strong></span> <span class='ocrx_word' id='word_1_538' title='bbox 796 2324 911 2352; x_wconf 82' lang='lat' dir='ltr'><strong>fratrum</strong></span> <span class='ocrx_word' id='word_1_539' title='bbox 927 2329 1018 2352; x_wconf 89' lang='lat' dir='ltr'><strong>tenea-</strong></span> 
     </span>
    </p>
   </div>
   <div class='ocr_carea' id='block_1_79' title="bbox 232 2370 1020 2405">
    <p class='ocr_par' dir='ltr' id='par_1_79' title="bbox 232 2370 1020 2405">
     <span class='ocr_line' id='line_1_79' title="bbox 232 2370 1020 2405; baseline 0.001 -8"><span class='ocrx_word' id='word_1_540' title='bbox 232 2378 304 2402; x_wconf 87' lang='lat' dir='ltr'><strong>mus,</strong></span> <span class='ocrx_word' id='word_1_541' title='bbox 323 2370 389 2405; x_wconf 87' lang='lat' dir='ltr'><strong>qnitt</strong></span> <span class='ocrx_word' id='word_1_542' title='bbox 418 2378 512 2397; x_wconf 88' lang='lat' dir='ltr'><strong>amore</strong></span> <span class='ocrx_word' id='word_1_543' title='bbox 539 2375 654 2398; x_wconf 86' lang='lat' dir='ltr'><strong>cunctus</strong></span> <span class='ocrx_word' id='word_1_544' title='bbox 677 2377 878 2405; x_wconf 88' lang='lat' dir='ltr'><strong>prosequamur</strong></span> <span class='ocrx_word' id='word_1_545' title='bbox 909 2370 955 2405; x_wconf 83' lang='lat' dir='ltr'><strong>(In</strong></span> <span class='ocrx_word' id='word_1_546' title='bbox 971 2371 1020 2398; x_wconf 90' lang='lat' dir='ltr'><strong>hoc</strong></span> 
     </span>
    </p>
   </div>
   <div class='ocr_carea' id='block_1_80' title="bbox 226 2415 1020 2451">
    <p class='ocr_par' dir='ltr' id='par_1_80' title="bbox 226 2415 1020 2451">
     <span class='ocr_line' id='line_1_80' title="bbox 226 2415 1020 2451; baseline 0.003 -9"><span class='ocrx_word' id='word_1_547' title='bbox 226 2415 312 2446; x_wconf 71' lang='lat' dir='ltr'><strong>enim,</strong></span> <span class='ocrx_word' id='word_1_548' title='bbox 327 2415 425 2449; x_wconf 90' lang='lat' dir='ltr'><strong>inquit,</strong></span> <span class='ocrx_word' id='word_1_549' title='bbox 450 2420 604 2450; x_wconf 85' lang='lat' dir='ltr'><strong>cognoscent</strong></span> <span class='ocrx_word' id='word_1_550' title='bbox 628 2424 717 2443; x_wconf 81' lang='lat' dir='ltr'><strong>omnes</strong></span> <span class='ocrx_word' id='word_1_551' title='bbox 740 2417 803 2451; x_wconf 85' lang='lat' dir='ltr'><strong>quia</strong></span> <span class='ocrx_word' id='word_1_552' title='bbox 830 2417 956 2451; x_wconf 81' lang='lat' dir='ltr'><strong>discipuli</strong></span> <span class='ocrx_word' id='word_1_553' title='bbox 969 2418 1020 2445; x_wconf 89' lang='lat' dir='ltr'><strong>mei</strong></span> 
     </span>
    </p>
   </div>
   <div class='ocr_carea' id='block_1_81' title="bbox 231 2462 1018 2499">
    <p class='ocr_par' dir='ltr' id='par_1_81' title="bbox 231 2462 1018 2499">
     <span class='ocr_line' id='line_1_81' title="bbox 231 2462 1018 2499; baseline 0.004 -11"><span class='ocrx_word' id='word_1_554' title='bbox 231 2463 304 2494; x_wconf 85' lang='lat' dir='ltr'><strong>estis,</strong></span> <span class='ocrx_word' id='word_1_555' title='bbox 324 2463 347 2489; x_wconf 90' lang='lat' dir='ltr'><strong>si</strong></span> <span class='ocrx_word' id='word_1_556' title='bbox 358 2462 526 2490; x_wconf 79' lang='lat' dir='ltr'><strong>dilectionem</strong></span> <span class='ocrx_word' id='word_1_557' title='bbox 550 2463 696 2491; x_wconf 80' lang='lat' dir='ltr'><strong>habueritis</strong></span> <span class='ocrx_word' id='word_1_558' title='bbox 711 2465 746 2490; x_wconf 87' lang='lat' dir='ltr'><strong>ad</strong></span> <span class='ocrx_word' id='word_1_559' title='bbox 761 2464 870 2490; x_wconf 87' lang='lat' dir='ltr'><strong>invicem</strong></span> <span class='ocrx_word' id='word_1_560' title='bbox 881 2464 915 2499; x_wconf 77' lang='lat'><strong>“)</strong></span> <span class='ocrx_word' id='word_1_561' title='bbox 930 2473 938 2498; x_wconf 89' lang='lat'><strong>;</strong></span> <span class='ocrx_word' id='word_1_562' title='bbox 953 2464 1018 2492; x_wconf 86' lang='lat' dir='ltr'><strong>illud</strong></span> 
     </span>
    </p>
   </div>
   <div class='ocr_carea' id='block_1_82' title="bbox 227 2508 1020 2545">
    <p class='ocr_par' dir='ltr' id='par_1_82' title="bbox 227 2508 1020 2545">
     <span class='ocr_line' id='line_1_82' title="bbox 227 2508 1020 2545; baseline 0.004 -10"><span class='ocrx_word' id='word_1_563' title='bbox 227 2508 384 2536; x_wconf 76' lang='lat' dir='ltr'><strong>secundum</strong></span> <span class='ocrx_word' id='word_1_564' title='bbox 399 2508 566 2542; x_wconf 84' lang='lat' dir='ltr'><strong>interiorem,</strong></span> <span class='ocrx_word' id='word_1_565' title='bbox 595 2515 624 2536; x_wconf 87' lang='lat' dir='ltr'><strong>nt</strong></span> <span class='ocrx_word' id='word_1_566' title='bbox 649 2517 716 2545; x_wconf 87' lang='lat' dir='ltr'><strong>pace</strong></span> <span class='ocrx_word' id='word_1_567' title='bbox 732 2517 763 2537; x_wconf 84' lang='lat' dir='ltr'><strong>ac</strong></span> <span class='ocrx_word' id='word_1_568' title='bbox 786 2511 879 2544; x_wconf 84' lang='lat' dir='ltr'><strong>quiete</strong></span> <span class='ocrx_word' id='word_1_569' title='bbox 897 2511 1020 2538; x_wconf 80' lang='lat' dir='ltr'><strong>fruamur</strong></span> 
     </span>
    </p>
   </div>
   <div class='ocr_carea' id='block_1_83' title="bbox 232 2553 1019 2591">
    <p class='ocr_par' dir='ltr' id='par_1_83' title="bbox 232 2553 1019 2591">
     <span class='ocr_line' id='line_1_83' title="bbox 232 2553 1019 2591; baseline 0.004 -11"><span class='ocrx_word' id='word_1_570' title='bbox 232 2553 372 2581; x_wconf 84' lang='lat' dir='ltr'><strong>lcthaiium</strong></span> <span class='ocrx_word' id='word_1_571' title='bbox 406 2555 551 2587; x_wconf 82' lang='lat' dir='ltr'><strong>vitiorum;</strong></span> <span class='ocrx_word' id='word_1_572' title='bbox 589 2556 624 2582; x_wconf 88' lang='lat' dir='ltr'><strong>ita</strong></span> <span class='ocrx_word' id='word_1_573' title='bbox 652 2564 771 2590; x_wconf 86' lang='lat' dir='ltr'><strong>namque</strong></span> <span class='ocrx_word' id='word_1_574' title='bbox 797 2563 859 2583; x_wconf 91' lang='lat' dir='ltr'><strong>cum</strong></span> <span class='ocrx_word' id='word_1_575' title='bbox 887 2556 1019 2591; x_wconf 80' lang='lat' dir='ltr'><strong>Apostolo</strong></span> 
     </span>
    </p>
   </div>
   <div class='ocr_carea' id='block_1_84' title="bbox 226 2598 1018 2635">
    <p class='ocr_par' dir='ltr' id='par_1_84' title="bbox 226 2598 1018 2635">
     <span class='ocr_line' id='line_1_84' title="bbox 226 2598 1018 2635; baseline 0.004 -10"><span class='ocrx_word' id='word_1_576' title='bbox 226 2598 323 2626; x_wconf 83' lang='lat' dir='ltr'><strong>dicere</strong></span> <span class='ocrx_word' id='word_1_577' title='bbox 335 2607 468 2634; x_wconf 86' lang='lat' dir='ltr'><strong>queamus</strong></span> <span class='ocrx_word' id='word_1_578' title='bbox 484 2608 490 2625; x_wconf 92' lang='lat'><strong>:</strong></span> <span class='ocrx_word' id='word_1_579' title='bbox 506 2599 601 2627; x_wconf 81' lang='lat' dir='ltr'><strong>Pacem</strong></span> <span class='ocrx_word' id='word_1_580' title='bbox 613 2600 736 2627; x_wconf 78' lang='lat' dir='ltr'><strong>[tabernas</strong></span> <span class='ocrx_word' id='word_1_581' title='bbox 755 2601 789 2626; x_wconf 86' lang='lat' dir='ltr'><strong>ad</strong></span> <span class='ocrx_word' id='word_1_582' title='bbox 803 2600 884 2627; x_wconf 86' lang='lat' dir='ltr'><strong>Deum</strong></span> <span class='ocrx_word' id='word_1_583' title='bbox 904 2610 950 2635; x_wconf 82' lang='lat' dir='ltr'><strong>per</strong></span> <span class='ocrx_word' id='word_1_584' title='bbox 966 2602 1018 2628; x_wconf 90' lang='lat' dir='ltr'><strong>Do-</strong></span> 
     </span>
    </p>
   </div>
   <div class='ocr_carea' id='block_1_85' title="bbox 232 2645 1019 2681">
    <p class='ocr_par' dir='ltr' id='par_1_85' title="bbox 232 2645 1019 2681">
     <span class='ocr_line' id='line_1_85' title="bbox 232 2645 1019 2681; baseline 0.006 -12"><span class='ocrx_word' id='word_1_585' title='bbox 232 2645 334 2671; x_wconf 82' lang='lat' dir='ltr'><strong>minum</strong></span> <span class='ocrx_word' id='word_1_586' title='bbox 351 2650 468 2672; x_wconf 85' lang='lat' dir='ltr'><strong>nostrum</strong></span> <span class='ocrx_word' id='word_1_587' title='bbox 484 2645 574 2672; x_wconf 84' lang='lat' dir='ltr'><strong>.Iesunt</strong></span> <span class='ocrx_word' id='word_1_588' title='bbox 599 2645 745 2678; x_wconf 83' lang='lat' dir='ltr'><strong>Christum,</strong></span> <span class='ocrx_word' id='word_1_589' title='bbox 775 2654 819 2680; x_wconf 84' lang='lat' dir='ltr'><strong>per</strong></span> <span class='ocrx_word' id='word_1_590' title='bbox 840 2655 916 2681; x_wconf 82' lang='lat' dir='ltr'><strong>quem</strong></span> <span class='ocrx_word' id='word_1_591' title='bbox 938 2653 1019 2674; x_wconf 86' lang='lat' dir='ltr'><strong>etac-</strong></span> 
     </span>
    </p>
   </div>
   <div class='ocr_carea' id='block_1_86' title="bbox 229 2690 1018 2728">
    <p class='ocr_par' dir='ltr' id='par_1_86' title="bbox 229 2690 1018 2728">
     <span class='ocr_line' id='line_1_86' title="bbox 229 2690 1018 2728; baseline 0.005 -12"><span class='ocrx_word' id='word_1_592' title='bbox 229 2697 332 2716; x_wconf 81' lang='lat' dir='ltr'><strong>cessum</strong></span> <span class='ocrx_word' id='word_1_593' title='bbox 346 2690 471 2719; x_wconf 76' lang='lat' dir='ltr'><strong>habemus</strong></span> <span class='ocrx_word' id='word_1_594' title='bbox 489 2699 535 2725; x_wconf 85' lang='lat' dir='ltr'><strong>per</strong></span> <span class='ocrx_word' id='word_1_595' title='bbox 556 2691 634 2725; x_wconf 82' lang='lat' dir='ltr'><strong>[idem</strong></span> <span class='ocrx_word' id='word_1_596' title='bbox 648 2691 675 2719; x_wconf 85' lang='lat' dir='ltr'><strong>in</strong></span> <span class='ocrx_word' id='word_1_597' title='bbox 689 2692 804 2727; x_wconf 85' lang='lat' dir='ltr'><strong>gratiam</strong></span> <span class='ocrx_word' id='word_1_598' title='bbox 820 2693 910 2726; x_wconf 88' lang='lat' dir='ltr'><strong>istam,</strong></span> <span class='ocrx_word' id='word_1_599' title='bbox 929 2694 954 2720; x_wconf 87' lang='lat' dir='ltr'><strong>in</strong></span> <span class='ocrx_word' id='word_1_600' title='bbox 967 2702 1018 2728; x_wconf 84' lang='lat' dir='ltr'><strong>qua</strong></span> 
     </span>
    </p>
   </div>
   <div class='ocr_carea' id='block_1_87' title="bbox 271 2746 496 2780">
    <p class='ocr_par' dir='ltr' id='par_1_87' title="bbox 271 2746 496 2780">
     <span class='ocr_line' id='line_1_87' title="bbox 271 2746 496 2780; baseline 0.013 -8"><span class='ocrx_word' id='word_1_601' title='bbox 271 2747 294 2763; x_wconf 65' lang='grc' dir='ltr'><strong>ι’</strong></span> <span class='ocrx_word' id='word_1_602' title='bbox 310 2746 380 2775; x_wconf 86' lang='lat' dir='ltr'><strong>Psal.</strong></span> <span class='ocrx_word' id='word_1_603' title='bbox 394 2756 443 2780; x_wconf 81' lang='grc' dir='ltr'><strong>ιιι,</strong></span> <span class='ocrx_word' id='word_1_604' title='bbox 470 2748 496 2775; x_wconf 78' lang='grc'><strong>1.</strong></span> 
     </span>
    </p>
   </div>
   <div class='ocr_carea' id='block_1_88' title="bbox 233 2782 979 2820">
    <p class='ocr_par' dir='ltr' id='par_1_88' title="bbox 233 2782 979 2820">
     <span class='ocr_line' id='line_1_88' title="bbox 233 2782 979 2820; baseline 0.007 -12"><span class='ocrx_word' id='word_1_605' title='bbox 233 2789 264 2813; x_wconf 87' lang='lat' dir='ltr'><strong>tt,</strong></span> <span class='ocrx_word' id='word_1_606' title='bbox 299 2782 339 2813; x_wconf 84' lang='lat' dir='ltr'><strong>t5,</strong></span> <span class='ocrx_word' id='word_1_607' title='bbox 357 2783 400 2810; x_wconf 74' lang='grc' dir='ltr'>Η.</span> <span class='ocrx_word' id='word_1_608' title='bbox 439 2784 461 2799; x_wconf 85' lang='grc'><strong>¹¹</strong></span> <span class='ocrx_word' id='word_1_609' title='bbox 474 2783 555 2811; x_wconf 84' lang='lat' dir='ltr'><strong>Joan.</strong></span> <span class='ocrx_word' id='word_1_610' title='bbox 575 2791 641 2815; x_wconf 79' lang='lat' dir='ltr'><strong>xvn,</strong></span> <span class='ocrx_word' id='word_1_611' title='bbox 660 2784 685 2811; x_wconf 73' lang='lat' dir='ltr'><strong>I.</strong></span> <span class='ocrx_word' id='word_1_612' title='bbox 724 2785 747 2801; x_wconf 85' lang='lat'><em>&quot;</em></span> <span class='ocrx_word' id='word_1_613' title='bbox 761 2784 859 2820; x_wconf 84' lang='lat' dir='ltr'><strong>Ephes.</strong></span> <span class='ocrx_word' id='word_1_614' title='bbox 882 2794 920 2816; x_wconf 82' lang='lat' dir='ltr'><strong>vr.</strong></span> <span class='ocrx_word' id='word_1_615' title='bbox 936 2786 979 2813; x_wconf 70' lang='grc'><strong>12.</strong></span> 
     </span>
    </p>
   </div>
   <div class='ocr_carea' id='block_1_89' title="bbox 270 2851 971 2891">
    <p class='ocr_par' dir='ltr' id='par_1_89' title="bbox 270 2851 971 2891">
     <span class='ocr_line' id='line_1_89' title="bbox 270 2851 971 2891; baseline 0.006 -14"><span class='ocrx_word' id='word_1_616' title='bbox 270 2851 309 2886; x_wconf 78' lang='grc'><strong>(4)</strong></span> <span class='ocrx_word' id='word_1_617' title='bbox 326 2851 352 2878; x_wconf 91' lang='lat' dir='ltr'><strong>In</strong></span> <span class='ocrx_word' id='word_1_618' title='bbox 369 2851 415 2880; x_wconf 86' lang='lat' dir='ltr'><strong>Gr.</strong></span> <span class='ocrx_word' id='word_1_619' title='bbox 428 2853 622 2889; x_wconf 71' lang='grc' dir='ltr'><strong>ιρῤιμμένους,</strong></span> <span class='ocrx_word' id='word_1_620' title='bbox 641 2853 703 2890; x_wconf 76' lang='lat' dir='ltr'><strong>legi,</strong></span> <span class='ocrx_word' id='word_1_621' title='bbox 723 2862 773 2890; x_wconf 92' lang='lat' dir='ltr'><strong>pro</strong></span> <span class='ocrx_word' id='word_1_622' title='bbox 790 2854 971 2891; x_wconf 73' lang='grc' dir='ltr'><strong>ὲρρημένους.</strong></span> 
     </span>
    </p>
   </div>
   <div class='ocr_carea' id='block_1_90' title="bbox 546 2748 1049 2782">
    <p class='ocr_par' dir='ltr' id='par_1_90' title="bbox 546 2748 1049 2782">
     <span class='ocr_line' id='line_1_90' title="bbox 546 2748 1049 2782; baseline 0.006 -7"><span class='ocrx_word' id='word_1_623' title='bbox 546 2749 567 2764; x_wconf 77' lang='grc'><strong>⁸⁷</strong></span> <span class='ocrx_word' id='word_1_624' title='bbox 587 2748 696 2776; x_wconf 84' lang='lat' dir='ltr'><strong>Coloss.</strong></span> <span class='ocrx_word' id='word_1_625' title='bbox 725 2749 805 2780; x_wconf 69' lang='lat' dir='ltr'><strong>ttt,4.</strong></span> <span class='ocrx_word' id='word_1_626' title='bbox 844 2750 866 2766; x_wconf 75' lang='grc'><strong>⁸⁸</strong></span> <span class='ocrx_word' id='word_1_627' title='bbox 894 2750 974 2778; x_wconf 81' lang='lat' dir='ltr'><strong>Joan.</strong></span> <span class='ocrx_word' id='word_1_628' title='bbox 1004 2759 1049 2782; x_wconf 74' lang='lat' dir='ltr'><strong>xx,</strong></span> 
     </span>
    </p>
   </div>
   <div class='ocr_carea' id='block_1_91' title="bbox 1070 1572 1879 1608">
    <p class='ocr_par' dir='ltr' id='par_1_91' title="bbox 1070 1572 1879 1608">
     <span class='ocr_line' id='line_1_91' title="bbox 1070 1572 1879 1608; baseline 0 -9"><span class='ocrx_word' id='word_1_629' title='bbox 1070 1573 1136 1607; x_wconf 92' lang='lat' dir='ltr'><strong>quin</strong></span> <span class='ocrx_word' id='word_1_630' title='bbox 1164 1572 1236 1608; x_wconf 80' lang='lat' dir='ltr'><strong>frugi</strong></span> <span class='ocrx_word' id='word_1_631' title='bbox 1259 1573 1287 1600; x_wconf 91' lang='lat' dir='ltr'><strong>in</strong></span> <span class='ocrx_word' id='word_1_632' title='bbox 1324 1573 1431 1608; x_wconf 87' lang='lat' dir='ltr'><strong>primis,</strong></span> <span class='ocrx_word' id='word_1_633' title='bbox 1448 1573 1575 1601; x_wconf 81' lang='lat' dir='ltr'><strong>oratione</strong></span> <span class='ocrx_word' id='word_1_634' title='bbox 1595 1573 1666 1600; x_wconf 87' lang='lat' dir='ltr'><strong>viam</strong></span> <span class='ocrx_word' id='word_1_635' title='bbox 1680 1572 1713 1600; x_wconf 87' lang='lat' dir='ltr'><strong>ad</strong></span> <span class='ocrx_word' id='word_1_636' title='bbox 1729 1573 1879 1599; x_wconf 81' lang='lat' dir='ltr'><strong>actionem</strong></span> 
     </span>
    </p>
   </div>
   <div class='ocr_carea' id='block_1_92' title="bbox 1070 1619 1880 1654">
    <p class='ocr_par' dir='ltr' id='par_1_92' title="bbox 1070 1619 1880 1654">
     <span class='ocr_line' id='line_1_92' title="bbox 1070 1619 1880 1654; baseline 0.002 -9"><span class='ocrx_word' id='word_1_637' title='bbox 1070 1623 1220 1647; x_wconf 86' lang='lat' dir='ltr'><strong>sternente.</strong></span> <span class='ocrx_word' id='word_1_638' title='bbox 1238 1619 1271 1647; x_wconf 89' lang='lat' dir='ltr'><strong>Et</strong></span> <span class='ocrx_word' id='word_1_639' title='bbox 1294 1619 1341 1647; x_wconf 92' lang='lat' dir='ltr'><strong>alii</strong></span> <span class='ocrx_word' id='word_1_640' title='bbox 1362 1619 1457 1647; x_wconf 86' lang='lat' dir='ltr'><strong>dicant</strong></span> <span class='ocrx_word' id='word_1_641' title='bbox 1474 1627 1541 1647; x_wconf 87' lang='lat' dir='ltr'><strong>sane</strong></span> <span class='ocrx_word' id='word_1_642' title='bbox 1560 1619 1712 1651; x_wconf 89' lang='lat' dir='ltr'><strong>mundana,</strong></span> <span class='ocrx_word' id='word_1_643' title='bbox 1728 1625 1880 1654; x_wconf 77' lang='lat' dir='ltr'><strong>qumquot</strong></span> 
     </span>
    </p>
   </div>
   <div class='ocr_carea' id='block_1_93' title="bbox 1069 1665 1880 1701">
    <p class='ocr_par' dir='ltr' id='par_1_93' title="bbox 1069 1665 1880 1701">
     <span class='ocr_line' id='line_1_93' title="bbox 1069 1665 1880 1701; baseline 0.001 -9"><span class='ocrx_word' id='word_1_644' title='bbox 1069 1669 1133 1692; x_wconf 89' lang='lat' dir='ltr'><strong>sunt</strong></span> <span class='ocrx_word' id='word_1_645' title='bbox 1164 1665 1296 1693; x_wconf 87' lang='lat' dir='ltr'><strong>muttdani</strong></span> <span class='ocrx_word' id='word_1_646' title='bbox 1319 1666 1354 1693; x_wconf 89' lang='lat' dir='ltr'><strong>de</strong></span> <span class='ocrx_word' id='word_1_647' title='bbox 1378 1666 1565 1701; x_wconf 84' lang='lat' dir='ltr'><strong>agricultura,</strong></span> <span class='ocrx_word' id='word_1_648' title='bbox 1587 1669 1722 1698; x_wconf 90' lang='lat' dir='ltr'><strong>mercatu,</strong></span> <span class='ocrx_word' id='word_1_649' title='bbox 1747 1671 1880 1701; x_wconf 66' lang='lat' dir='ltr'><strong>quaestu,</strong></span> 
     </span>
    </p>
   </div>
   <div class='ocr_carea' id='block_1_94' title="bbox 1067 1711 1881 1747">
    <p class='ocr_par' dir='ltr' id='par_1_94' title="bbox 1067 1711 1881 1747">
     <span class='ocr_line' id='line_1_94' title="bbox 1067 1711 1881 1747; baseline 0.002 -9"><span class='ocrx_word' id='word_1_650' title='bbox 1067 1711 1187 1746; x_wconf 87' lang='lat' dir='ltr'><strong>jactura,</strong></span> <span class='ocrx_word' id='word_1_651' title='bbox 1212 1719 1245 1739; x_wconf 89' lang='lat' dir='ltr'><strong>ac</strong></span> <span class='ocrx_word' id='word_1_652' title='bbox 1265 1719 1326 1746; x_wconf 67' lang='lat' dir='ltr'><strong>quae</strong></span> <span class='ocrx_word' id='word_1_653' title='bbox 1345 1711 1397 1739; x_wconf 90' lang='lat' dir='ltr'><strong>alia</strong></span> <span class='ocrx_word' id='word_1_654' title='bbox 1418 1716 1484 1740; x_wconf 89' lang='lat' dir='ltr'><strong>sunt</strong></span> <span class='ocrx_word' id='word_1_655' title='bbox 1504 1711 1595 1739; x_wconf 90' lang='lat' dir='ltr'><strong>inania</strong></span> <span class='ocrx_word' id='word_1_656' title='bbox 1611 1711 1719 1745; x_wconf 83' lang='lat' dir='ltr'><strong>studia;</strong></span> <span class='ocrx_word' id='word_1_657' title='bbox 1740 1719 1794 1739; x_wconf 92' lang='lat' dir='ltr'><strong>nos</strong></span> <span class='ocrx_word' id='word_1_658' title='bbox 1807 1713 1881 1747; x_wconf 86' lang='lat' dir='ltr'><strong>quid</strong></span> 
     </span>
    </p>
   </div>
   <div class='ocr_carea' id='block_1_95' title="bbox 1070 1757 1880 1793">
    <p class='ocr_par' dir='ltr' id='par_1_95' title="bbox 1070 1757 1880 1793">
     <span class='ocr_line' id='line_1_95' title="bbox 1070 1757 1880 1793; baseline 0.004 -8"><span class='ocrx_word' id='word_1_659' title='bbox 1070 1758 1160 1793; x_wconf 88' lang='lat' dir='ltr'><strong>potius</strong></span> <span class='ocrx_word' id='word_1_660' title='bbox 1183 1758 1338 1793; x_wconf 88' lang='lat' dir='ltr'><strong>loquamur,</strong></span> <span class='ocrx_word' id='word_1_661' title='bbox 1364 1758 1464 1793; x_wconf 87' lang='lat' dir='ltr'><strong>quidve</strong></span> <span class='ocrx_word' id='word_1_662' title='bbox 1489 1758 1618 1787; x_wconf 86' lang='lat' dir='ltr'><strong>convenit</strong></span> <span class='ocrx_word' id='word_1_663' title='bbox 1642 1757 1731 1793; x_wconf 83' lang='lat' dir='ltr'><strong>loqui,</strong></span> <span class='ocrx_word' id='word_1_664' title='bbox 1761 1758 1820 1785; x_wconf 89' lang='lat' dir='ltr'><strong>nisi</strong></span> <span class='ocrx_word' id='word_1_665' title='bbox 1840 1761 1880 1788; x_wconf 85' lang='lat' dir='ltr'><strong>de</strong></span> 
     </span>
    </p>
   </div>
   <div class='ocr_carea' id='block_1_96' title="bbox 1069 1803 1878 1839">
    <p class='ocr_par' dir='ltr' id='par_1_96' title="bbox 1069 1803 1878 1839">
     <span class='ocr_line' id='line_1_96' title="bbox 1069 1803 1878 1839; baseline 0.001 -9"><span class='ocrx_word' id='word_1_666' title='bbox 1069 1803 1173 1836; x_wconf 91' lang='lat' dir='ltr'><strong>animo,</strong></span> <span class='ocrx_word' id='word_1_667' title='bbox 1195 1804 1229 1832; x_wconf 89' lang='lat' dir='ltr'><strong>de</strong></span> <span class='ocrx_word' id='word_1_668' title='bbox 1249 1803 1313 1838; x_wconf 83' lang='lat' dir='ltr'><strong>iuga</strong></span> <span class='ocrx_word' id='word_1_669' title='bbox 1334 1804 1474 1838; x_wconf 90' lang='lat' dir='ltr'><strong>vitiorum,</strong></span> <span class='ocrx_word' id='word_1_670' title='bbox 1498 1804 1532 1832; x_wconf 90' lang='lat' dir='ltr'><strong>de</strong></span> <span class='ocrx_word' id='word_1_671' title='bbox 1550 1804 1681 1839; x_wconf 86' lang='lat' dir='ltr'><strong>parandis</strong></span> <span class='ocrx_word' id='word_1_672' title='bbox 1707 1803 1878 1838; x_wconf 79' lang='lat' dir='ltr'><strong>virtutibus,</strong></span> 
     </span>
    </p>
   </div>
   <div class='ocr_carea' id='block_1_97' title="bbox 1069 1848 1882 1884">
    <p class='ocr_par' dir='ltr' id='par_1_97' title="bbox 1069 1848 1882 1884">
     <span class='ocr_line' id='line_1_97' title="bbox 1069 1848 1882 1884; baseline 0.002 -9"><span class='ocrx_word' id='word_1_673' title='bbox 1069 1848 1102 1875; x_wconf 92' lang='lat' dir='ltr'><strong>de</strong></span> <span class='ocrx_word' id='word_1_674' title='bbox 1117 1849 1239 1883; x_wconf 90' lang='lat' dir='ltr'><strong>corporis</strong></span> <span class='ocrx_word' id='word_1_675' title='bbox 1262 1849 1297 1876; x_wconf 85' lang='lat' dir='ltr'><strong>ab</strong></span> <span class='ocrx_word' id='word_1_676' title='bbox 1315 1849 1410 1876; x_wconf 92' lang='lat' dir='ltr'><strong>animo</strong></span> <span class='ocrx_word' id='word_1_677' title='bbox 1432 1849 1617 1883; x_wconf 83' lang='lat' dir='ltr'><strong>separatione,</strong></span> <span class='ocrx_word' id='word_1_678' title='bbox 1631 1853 1658 1876; x_wconf 85' lang='lat' dir='ltr'><strong>et</strong></span> <span class='ocrx_word' id='word_1_679' title='bbox 1673 1849 1707 1876; x_wconf 87' lang='lat' dir='ltr'><strong>de</strong></span> <span class='ocrx_word' id='word_1_680' title='bbox 1723 1856 1882 1884; x_wconf 85' lang='lat' dir='ltr'><strong>compara-</strong></span> 
     </span>
    </p>
   </div>
   <div class='ocr_carea' id='block_1_98' title="bbox 1069 1894 1882 1930">
    <p class='ocr_par' dir='ltr' id='par_1_98' title="bbox 1069 1894 1882 1930">
     <span class='ocr_line' id='line_1_98' title="bbox 1069 1894 1882 1930; baseline 0.004 -9"><span class='ocrx_word' id='word_1_681' title='bbox 1069 1894 1143 1921; x_wconf 92' lang='lat' dir='ltr'><strong>tione</strong></span> <span class='ocrx_word' id='word_1_682' title='bbox 1154 1894 1186 1921; x_wconf 83' lang='lat' dir='ltr'><strong>ad</strong></span> <span class='ocrx_word' id='word_1_683' title='bbox 1203 1894 1305 1922; x_wconf 79' lang='lat' dir='ltr'><strong>Christi</strong></span> <span class='ocrx_word' id='word_1_684' title='bbox 1318 1895 1447 1927; x_wconf 80' lang='lat' dir='ltr'><strong>tribunal,</strong></span> <span class='ocrx_word' id='word_1_685' title='bbox 1461 1895 1495 1921; x_wconf 86' lang='lat' dir='ltr'><strong>de</strong></span> <span class='ocrx_word' id='word_1_686' title='bbox 1512 1895 1630 1930; x_wconf 86' lang='lat' dir='ltr'><strong>judicio,</strong></span> <span class='ocrx_word' id='word_1_687' title='bbox 1647 1895 1681 1921; x_wconf 89' lang='lat' dir='ltr'><strong>de</strong></span> <span class='ocrx_word' id='word_1_688' title='bbox 1703 1902 1882 1924; x_wconf 79' lang='lat' dir='ltr'><strong>remunera-</strong></span> 
     </span>
    </p>
   </div>
   <div class='ocr_carea' id='block_1_99' title="bbox 1070 1940 1884 1976">
    <p class='ocr_par' dir='ltr' id='par_1_99' title="bbox 1070 1940 1884 1976">
     <span class='ocr_line' id='line_1_99' title="bbox 1070 1940 1884 1976; baseline 0.005 -10"><span class='ocrx_word' id='word_1_689' title='bbox 1070 1940 1152 1971; x_wconf 81' lang='lat' dir='ltr'><strong>tione,</strong></span> <span class='ocrx_word' id='word_1_690' title='bbox 1175 1940 1262 1975; x_wconf 88' lang='lat' dir='ltr'><strong>deque</strong></span> <span class='ocrx_word' id='word_1_691' title='bbox 1277 1948 1361 1976; x_wconf 80' lang='lat' dir='ltr'><strong>regno</strong></span> <span class='ocrx_word' id='word_1_692' title='bbox 1387 1940 1491 1969; x_wconf 63' lang='lat' dir='ltr'><strong>caelesti</strong></span> <span class='ocrx_word' id='word_1_693' title='bbox 1503 1941 1514 1968; x_wconf 80' lang='lat' dir='ltr'><strong>‘l</strong></span> <span class='ocrx_word' id='word_1_694' title='bbox 1525 1941 1606 1975; x_wconf 86' lang='lat' dir='ltr'><strong>cujus</strong></span> <span class='ocrx_word' id='word_1_695' title='bbox 1623 1944 1650 1967; x_wconf 87' lang='lat' dir='ltr'><strong>et</strong></span> <span class='ocrx_word' id='word_1_696' title='bbox 1677 1947 1730 1968; x_wconf 91' lang='lat' dir='ltr'><strong>nos</strong></span> <span class='ocrx_word' id='word_1_697' title='bbox 1748 1940 1884 1970; x_wconf 72' lang='lat' dir='ltr'><strong>haaredes</strong></span> 
     </span>
    </p>
   </div>
   <div class='ocr_carea' id='block_1_100' title="bbox 1069 1985 1883 2021">
    <p class='ocr_par' dir='ltr' id='par_1_100' title="bbox 1069 1985 1883 2021">
     <span class='ocr_line' id='line_1_100' title="bbox 1069 1985 1883 2021; baseline 0.004 -8"><span class='ocrx_word' id='word_1_698' title='bbox 1069 1985 1137 2013; x_wconf 77' lang='lat' dir='ltr'><strong>eﬂici</strong></span> <span class='ocrx_word' id='word_1_699' title='bbox 1145 1986 1285 2021; x_wconf 73' lang='lat' dir='ltr'><strong>contingat</strong></span> <span class='ocrx_word' id='word_1_700' title='bbox 1297 1985 1405 2014; x_wconf 87' lang='lat' dir='ltr'><strong>Domini</strong></span> <span class='ocrx_word' id='word_1_701' title='bbox 1419 1986 1505 2014; x_wconf 90' lang='lat' dir='ltr'><strong>nostri</strong></span> <span class='ocrx_word' id='word_1_702' title='bbox 1517 1986 1580 2014; x_wconf 79' lang='lat' dir='ltr'><strong>Jesu</strong></span> <span class='ocrx_word' id='word_1_703' title='bbox 1593 1985 1697 2013; x_wconf 83' lang='lat' dir='ltr'><strong>Christi</strong></span> <span class='ocrx_word' id='word_1_704' title='bbox 1713 1986 1862 2014; x_wconf 82' lang='lat' dir='ltr'><strong>beneﬁcio</strong></span> <span class='ocrx_word' id='word_1_705' title='bbox 1875 1997 1883 2016; x_wconf 95' lang='lat'><strong>:</strong></span> 
     </span>
    </p>
   </div>
   <div class='ocr_carea' id='block_1_101' title="bbox 1069 2031 1885 2066">
    <p class='ocr_par' dir='ltr' id='par_1_101' title="bbox 1069 2031 1885 2066">
     <span class='ocr_line' id='line_1_101' title="bbox 1069 2031 1885 2066; baseline 0.002 -8"><span class='ocrx_word' id='word_1_706' title='bbox 1069 2038 1150 2066; x_wconf 87' lang='lat' dir='ltr'><strong>quem</strong></span> <span class='ocrx_word' id='word_1_707' title='bbox 1178 2031 1264 2066; x_wconf 82' lang='lat' dir='ltr'><strong>gloria</strong></span> <span class='ocrx_word' id='word_1_708' title='bbox 1291 2032 1380 2064; x_wconf 88' lang='lat' dir='ltr'><strong>decet,</strong></span> <span class='ocrx_word' id='word_1_709' title='bbox 1413 2037 1440 2060; x_wconf 91' lang='lat' dir='ltr'><strong>et</strong></span> <span class='ocrx_word' id='word_1_710' title='bbox 1456 2032 1612 2066; x_wconf 81' lang='lat' dir='ltr'><strong>imperium,</strong></span> <span class='ocrx_word' id='word_1_711' title='bbox 1643 2039 1709 2059; x_wconf 91' lang='lat' dir='ltr'><strong>cum</strong></span> <span class='ocrx_word' id='word_1_712' title='bbox 1727 2032 1829 2064; x_wconf 77' lang='lat' dir='ltr'><strong>Patre.</strong></span> <span class='ocrx_word' id='word_1_713' title='bbox 1847 2041 1885 2060; x_wconf 84' lang='lat' dir='ltr'><strong>ac</strong></span> 
     </span>
    </p>
   </div>
   <div class='ocr_carea' id='block_1_102' title="bbox 1070 2077 1884 2113">
    <p class='ocr_par' dir='ltr' id='par_1_102' title="bbox 1070 2077 1884 2113">
     <span class='ocr_line' id='line_1_102' title="bbox 1070 2077 1884 2113; baseline 0.002 -9"><span class='ocrx_word' id='word_1_714' title='bbox 1070 2082 1166 2105; x_wconf 89' lang='lat' dir='ltr'><strong>sancto</strong></span> <span class='ocrx_word' id='word_1_715' title='bbox 1197 2077 1311 2113; x_wconf 82' lang='lat' dir='ltr'><strong>Spiritu,</strong></span> <span class='ocrx_word' id='word_1_716' title='bbox 1339 2086 1414 2106; x_wconf 88' lang='lat' dir='ltr'><strong>nunc</strong></span> <span class='ocrx_word' id='word_1_717' title='bbox 1436 2083 1463 2106; x_wconf 87' lang='lat' dir='ltr'><strong>et</strong></span> <span class='ocrx_word' id='word_1_718' title='bbox 1491 2085 1610 2113; x_wconf 86' lang='lat' dir='ltr'><strong>semper,</strong></span> <span class='ocrx_word' id='word_1_719' title='bbox 1634 2078 1661 2105; x_wconf 94' lang='lat' dir='ltr'><strong>in</strong></span> <span class='ocrx_word' id='word_1_720' title='bbox 1703 2085 1884 2113; x_wconf 80' lang='lat' dir='ltr'><strong>omnemque</strong></span> 
     </span>
    </p>
   </div>
   <div class='ocr_carea' id='block_1_103' title="bbox 1071 2124 1405 2159">
    <p class='ocr_par' dir='ltr' id='par_1_103' title="bbox 1071 2124 1405 2159">
     <span class='ocr_line' id='line_1_103' title="bbox 1071 2124 1405 2159; baseline -0.003 -8"><span class='ocrx_word' id='word_1_721' title='bbox 1071 2124 1289 2159; x_wconf 85' lang='lat' dir='ltr'><strong>perpetuitatem.</strong></span> <span class='ocrx_word' id='word_1_722' title='bbox 1306 2125 1405 2151; x_wconf 87' lang='lat' dir='ltr'><strong>Amen.</strong></span> 
     </span>
    </p>
   </div>
   <div class='ocr_carea' id='block_1_104' title="bbox 1368 2168 1561 2196">
    <p class='ocr_par' dir='ltr' id='par_1_104' title="bbox 1368 2168 1561 2196">
     <span class='ocr_line' id='line_1_104' title="bbox 1368 2168 1561 2196; baseline 0.005 -1"><span class='ocrx_word' id='word_1_723' title='bbox 1368 2168 1484 2196; x_wconf 79' lang='lat' dir='ltr'><strong>SERMO</strong></span> <span class='ocrx_word' id='word_1_724' title='bbox 1505 2169 1561 2196; x_wconf 78' lang='lat' dir='ltr'><strong>XII.</strong></span> 
     </span>
    </p>
   </div>
   <div class='ocr_carea' id='block_1_105' title="bbox 1037 2213 1882 2249">
    <p class='ocr_par' dir='ltr' id='par_1_105' title="bbox 1037 2213 1882 2249">
     <span class='ocr_line' id='line_1_105' title="bbox 1037 2213 1882 2249; baseline 0.001 -6"><span class='ocrx_word' id='word_1_725' title='bbox 1037 2215 1057 2243; x_wconf 86' lang='grc' dir='ltr'><strong>Ι)</strong></span> <span class='ocrx_word' id='word_1_726' title='bbox 1071 2213 1211 2241; x_wconf 86' lang='lat' dir='ltr'><strong>Dominica</strong></span> <span class='ocrx_word' id='word_1_727' title='bbox 1229 2214 1271 2241; x_wconf 88' lang='lat' dir='ltr'><strong>II.</strong></span> <span class='ocrx_word' id='word_1_728' title='bbox 1293 2214 1420 2249; x_wconf 83' lang='lat' dir='ltr'><strong>Oportere</strong></span> <span class='ocrx_word' id='word_1_729' title='bbox 1440 2216 1524 2242; x_wconf 81' lang='lat' dir='ltr'><strong>vitam</strong></span> <span class='ocrx_word' id='word_1_730' title='bbox 1537 2220 1657 2242; x_wconf 84' lang='lat' dir='ltr'><strong>nostram</strong></span> <span class='ocrx_word' id='word_1_731' title='bbox 1676 2217 1703 2242; x_wconf 84' lang='lat' dir='ltr'><strong>in</strong></span> <span class='ocrx_word' id='word_1_732' title='bbox 1726 2215 1776 2243; x_wconf 88' lang='lat' dir='ltr'><strong>Dei</strong></span> <span class='ocrx_word' id='word_1_733' title='bbox 1797 2225 1882 2244; x_wconf 66' lang='lat' dir='ltr'><strong>rere—</strong></span> 
     </span>
    </p>
   </div>
   <div class='ocr_carea' id='block_1_106' title="bbox 1106 2251 1881 2311">
    <p class='ocr_par' dir='ltr' id='par_1_106' title="bbox 1106 2251 1881 2311">
     <span class='ocr_line' id='line_1_106' title="bbox 1106 2251 1881 2311; baseline 0.004 -35"><span class='ocrx_word' id='word_1_734' title='bbox 1106 2251 1248 2311; x_wconf 47' lang='lat' dir='ltr'><strong>;en‘t‘imet</strong></span> <span class='ocrx_word' id='word_1_735' title='bbox 1275 2258 1364 2278; x_wconf 79' lang='lat' dir='ltr'><strong>amore</strong></span> <span class='ocrx_word' id='word_1_736' title='bbox 1396 2251 1518 2286; x_wconf 83' lang='lat' dir='ltr'><strong>transigi,</strong></span> <span class='ocrx_word' id='word_1_737' title='bbox 1547 2253 1630 2286; x_wconf 87' lang='lat' dir='ltr'><strong>deque</strong></span> <span class='ocrx_word' id='word_1_738' title='bbox 1669 2251 1742 2278; x_wconf 85' lang='lat' dir='ltr'><strong>obitu</strong></span> <span class='ocrx_word' id='word_1_739' title='bbox 1775 2251 1881 2286; x_wconf 80' lang='lat' dir='ltr'><strong>fratris</strong></span> 
     </span>
     <span class='ocr_line' id='line_1_107' title="bbox 1120 2292 1258 2311; baseline 0 0"><span class='ocrx_word' id='word_1_740' title='bbox 1120 2293 1147 2311; x_wconf 72' lang='grc' dir='ltr'><strong>,ιι</strong></span> <span class='ocrx_word' id='word_1_741' title='bbox 1168 2292 1258 2311; x_wconf 86' lang='lat' dir='ltr'><strong>octmt.</strong></span> 
     </span>
    </p>
   </div>
   <div class='ocr_carea' id='block_1_107' title="bbox 1120 2292 1258 2311">
    <p class='ocr_par' dir='ltr' id='par_1_107' title="bbox 1120 2292 1258 2311">
     <span class='ocr_line' id='line_1_108' title="bbox 1120 2292 1258 2311; baseline 0 0"><span class='ocrx_word' id='word_1_742' title='bbox 1120 2292 1258 2311; x_wconf 73' lang='lat' dir='ltr'><strong>tuaoctmt.</strong></span> 
     </span>
    </p>
   </div>
   <div class='ocr_carea' id='block_1_108' title="bbox 1107 2329 1882 2367">
    <p class='ocr_par' dir='ltr' id='par_1_108' title="bbox 1107 2329 1882 2367">
     <span class='ocr_line' id='line_1_109' title="bbox 1107 2329 1882 2367; baseline 0.005 -11"><span class='ocrx_word' id='word_1_743' title='bbox 1107 2329 1217 2358; x_wconf 78' lang='lat' dir='ltr'><strong>Fratres</strong></span> <span class='ocrx_word' id='word_1_744' title='bbox 1257 2330 1422 2366; x_wconf 86' lang='lat' dir='ltr'><strong>Patresque,</strong></span> <span class='ocrx_word' id='word_1_745' title='bbox 1440 2331 1498 2358; x_wconf 87' lang='lat' dir='ltr'><strong>dies</strong></span> <span class='ocrx_word' id='word_1_746' title='bbox 1521 2331 1579 2359; x_wconf 66' lang='lat' dir='ltr'><strong>haec</strong></span> <span class='ocrx_word' id='word_1_747' title='bbox 1597 2339 1678 2367; x_wconf 87' lang='lat' dir='ltr'><strong>quam</strong></span> <span class='ocrx_word' id='word_1_748' title='bbox 1694 2331 1804 2367; x_wconf 79' lang='lat' dir='ltr'><strong>agimus</strong></span> <span class='ocrx_word' id='word_1_749' title='bbox 1821 2333 1882 2361; x_wconf 78' lang='lat' dir='ltr'><strong>Do~</strong></span> 
     </span>
    </p>
   </div>
   <div class='ocr_carea' id='block_1_109' title="bbox 1071 2376 1878 2409">
    <p class='ocr_par' dir='ltr' id='par_1_109' title="bbox 1071 2376 1878 2409">
     <span class='ocr_line' id='line_1_110' title="bbox 1071 2376 1878 2409; baseline 0.006 -7"><span class='ocrx_word' id='word_1_750' title='bbox 1071 2376 1179 2404; x_wconf 64' lang='lat' dir='ltr'><strong>minicze</strong></span> <span class='ocrx_word' id='word_1_751' title='bbox 1206 2376 1294 2403; x_wconf 91' lang='lat' dir='ltr'><strong>instar</strong></span> <span class='ocrx_word' id='word_1_752' title='bbox 1320 2381 1363 2404; x_wconf 85' lang='lat' dir='ltr'><strong>est</strong></span> <span class='ocrx_word' id='word_1_753' title='bbox 1388 2376 1557 2409; x_wconf 86' lang='lat' dir='ltr'><strong>Catechesis,</strong></span> <span class='ocrx_word' id='word_1_754' title='bbox 1576 2378 1599 2405; x_wconf 91' lang='lat' dir='ltr'><strong>si</strong></span> <span class='ocrx_word' id='word_1_755' title='bbox 1623 2378 1818 2407; x_wconf 81' lang='lat' dir='ltr'><strong>advertimus:</strong></span> <span class='ocrx_word' id='word_1_756' title='bbox 1847 2381 1878 2407; x_wconf 89' lang='lat' dir='ltr'><strong>in</strong></span> 
     </span>
    </p>
   </div>
   <div class='ocr_carea' id='block_1_110' title="bbox 1074 2421 1881 2453">
    <p class='ocr_par' dir='ltr' id='par_1_110' title="bbox 1074 2421 1881 2453">
     <span class='ocr_line' id='line_1_111' title="bbox 1074 2421 1881 2453; baseline 0.005 -5"><span class='ocrx_word' id='word_1_757' title='bbox 1074 2422 1125 2449; x_wconf 86' lang='lat' dir='ltr'><strong>hac</strong></span> <span class='ocrx_word' id='word_1_758' title='bbox 1153 2421 1226 2448; x_wconf 89' lang='lat' dir='ltr'><strong>enim</strong></span> <span class='ocrx_word' id='word_1_759' title='bbox 1262 2422 1395 2449; x_wconf 86' lang='lat' dir='ltr'><strong>Dominus</strong></span> <span class='ocrx_word' id='word_1_760' title='bbox 1421 2426 1516 2450; x_wconf 90' lang='lat' dir='ltr'><strong>uoster</strong></span> <span class='ocrx_word' id='word_1_761' title='bbox 1541 2422 1622 2450; x_wconf 78' lang='lat' dir='ltr'><strong>Jesus</strong></span> <span class='ocrx_word' id='word_1_762' title='bbox 1645 2423 1775 2451; x_wconf 85' lang='lat' dir='ltr'><strong>Christus</strong></span> <span class='ocrx_word' id='word_1_763' title='bbox 1795 2424 1881 2453; x_wconf 83' lang='lat' dir='ltr'><strong>vitiis</strong></span> 
     </span>
    </p>
   </div>
   <div class='ocr_carea' id='block_1_111' title="bbox 1074 2466 1882 2503">
    <p class='ocr_par' dir='ltr' id='par_1_111' title="bbox 1074 2466 1882 2503">
     <span class='ocr_line' id='line_1_112' title="bbox 1074 2466 1882 2503; baseline 0.006 -10"><span class='ocrx_word' id='word_1_764' title='bbox 1074 2466 1209 2501; x_wconf 88' lang='lat' dir='ltr'><strong>projectos</strong></span> <span class='ocrx_word' id='word_1_765' title='bbox 1222 2466 1262 2502; x_wconf 70' lang='grc'><strong>(4)</strong></span> <span class='ocrx_word' id='word_1_766' title='bbox 1288 2467 1472 2501; x_wconf 86' lang='lat' dir='ltr'><strong>instauravit;</strong></span> <span class='ocrx_word' id='word_1_767' title='bbox 1497 2469 1525 2495; x_wconf 90' lang='lat' dir='ltr'><strong>in</strong></span> <span class='ocrx_word' id='word_1_768' title='bbox 1541 2469 1593 2496; x_wconf 87' lang='lat' dir='ltr'><strong>hac</strong></span> <span class='ocrx_word' id='word_1_769' title='bbox 1607 2468 1712 2503; x_wconf 87' lang='lat' dir='ltr'><strong>culpis,</strong></span> <span class='ocrx_word' id='word_1_770' title='bbox 1729 2474 1759 2496; x_wconf 89' lang='lat' dir='ltr'><strong>et</strong></span> <span class='ocrx_word' id='word_1_771' title='bbox 1776 2472 1882 2499; x_wconf 88' lang='lat' dir='ltr'><strong>carnis</strong></span> 
     </span>
    </p>
   </div>
   <div class='ocr_carea' id='block_1_112' title="bbox 1073 2513 1878 2548">
    <p class='ocr_par' dir='ltr' id='par_1_112' title="bbox 1073 2513 1878 2548">
     <span class='ocr_line' id='line_1_113' title="bbox 1073 2513 1878 2548; baseline 0.007 -10"><span class='ocrx_word' id='word_1_772' title='bbox 1073 2517 1174 2539; x_wconf 72' lang='lat' dir='ltr'><strong>nostra:</strong></span> <span class='ocrx_word' id='word_1_773' title='bbox 1190 2513 1325 2547; x_wconf 65' lang='lat' dir='ltr'><strong>praeputio</strong></span> <span class='ocrx_word' id='word_1_774' title='bbox 1345 2518 1468 2542; x_wconf 87' lang='lat' dir='ltr'><strong>mortuos</strong></span> <span class='ocrx_word' id='word_1_775' title='bbox 1483 2514 1510 2541; x_wconf 93' lang='lat' dir='ltr'><strong>in</strong></span> <span class='ocrx_word' id='word_1_776' title='bbox 1524 2515 1609 2541; x_wconf 86' lang='lat' dir='ltr'><strong>vitam</strong></span> <span class='ocrx_word' id='word_1_777' title='bbox 1626 2515 1734 2542; x_wconf 84' lang='lat' dir='ltr'><strong>reduxit</strong></span> <span class='ocrx_word' id='word_1_778' title='bbox 1749 2524 1756 2548; x_wconf 88' lang='lat'><strong>;</strong></span> <span class='ocrx_word' id='word_1_779' title='bbox 1775 2515 1802 2542; x_wconf 92' lang='lat' dir='ltr'><strong>in</strong></span> <span class='ocrx_word' id='word_1_780' title='bbox 1819 2517 1878 2544; x_wconf 84' lang='lat' dir='ltr'><strong>hac</strong></span> 
     </span>
    </p>
   </div>
   <div class='ocr_carea' id='block_1_113' title="bbox 1074 2558 1881 2597">
    <p class='ocr_par' dir='ltr' id='par_1_113' title="bbox 1074 2558 1881 2597">
     <span class='ocr_line' id='line_1_114' title="bbox 1074 2558 1881 2597; baseline 0.009 -15"><span class='ocrx_word' id='word_1_781' title='bbox 1074 2558 1230 2591; x_wconf 80' lang='lat' dir='ltr'><strong>paradisum</strong></span> <span class='ocrx_word' id='word_1_782' title='bbox 1244 2559 1401 2594; x_wconf 88' lang='lat' dir='ltr'><strong>redaperuit</strong></span> <span class='ocrx_word' id='word_1_783' title='bbox 1416 2580 1424 2592; x_wconf 87' lang='lat'><strong>,</strong></span> <span class='ocrx_word' id='word_1_784' title='bbox 1442 2560 1556 2588; x_wconf 90' lang='lat' dir='ltr'><strong>fruenda</strong></span> <span class='ocrx_word' id='word_1_785' title='bbox 1572 2561 1672 2588; x_wconf 88' lang='lat' dir='ltr'><strong>arbore</strong></span> <span class='ocrx_word' id='word_1_786' title='bbox 1688 2561 1777 2594; x_wconf 88' lang='lat' dir='ltr'><strong>vitali,</strong></span> <span class='ocrx_word' id='word_1_787' title='bbox 1797 2565 1881 2597; x_wconf 74' lang='lat' dir='ltr'><strong>quod</strong></span> 
     </span>
    </p>
   </div>
   <div class='ocr_carea' id='block_1_114' title="bbox 1073 2603 1881 2641">
    <p class='ocr_par' dir='ltr' id='par_1_114' title="bbox 1073 2603 1881 2641">
     <span class='ocr_line' id='line_1_115' title="bbox 1073 2603 1881 2641; baseline 0.011 -13"><span class='ocrx_word' id='word_1_788' title='bbox 1073 2607 1114 2629; x_wconf 81' lang='lat' dir='ltr'><strong>est</strong></span> <span class='ocrx_word' id='word_1_789' title='bbox 1130 2603 1267 2631; x_wconf 83' lang='lat' dir='ltr'><strong>vivificum</strong></span> <span class='ocrx_word' id='word_1_790' title='bbox 1282 2605 1343 2638; x_wconf 83' lang='lat' dir='ltr'><strong>ejus</strong></span> <span class='ocrx_word' id='word_1_791' title='bbox 1361 2613 1471 2641; x_wconf 86' lang='lat' dir='ltr'><strong>corpus,</strong></span> <span class='ocrx_word' id='word_1_792' title='bbox 1508 2613 1591 2641; x_wconf 88' lang='lat' dir='ltr'><strong>atque</strong></span> <span class='ocrx_word' id='word_1_793' title='bbox 1613 2607 1746 2641; x_wconf 77' lang='lat' dir='ltr'><strong>sanguis;</strong></span> <span class='ocrx_word' id='word_1_794' title='bbox 1777 2608 1806 2635; x_wconf 92' lang='lat' dir='ltr'><strong>in</strong></span> <span class='ocrx_word' id='word_1_795' title='bbox 1824 2610 1881 2638; x_wconf 79' lang='lat' dir='ltr'><strong>hac</strong></span> 
     </span>
    </p>
   </div>
   <div class='ocr_carea' id='block_1_115' title="bbox 1074 2651 1881 2688">
    <p class='ocr_par' dir='ltr' id='par_1_115' title="bbox 1074 2651 1881 2688">
     <span class='ocr_line' id='line_1_116' title="bbox 1074 2651 1881 2688; baseline 0.009 -13"><span class='ocrx_word' id='word_1_796' title='bbox 1074 2654 1169 2676; x_wconf 82' lang='lat' dir='ltr'><strong>contra</strong></span> <span class='ocrx_word' id='word_1_797' title='bbox 1186 2654 1300 2677; x_wconf 89' lang='lat' dir='ltr'><strong>mortem</strong></span> <span class='ocrx_word' id='word_1_798' title='bbox 1319 2651 1492 2687; x_wconf 87' lang='lat' dir='ltr'><strong>insurgentes</strong></span> <span class='ocrx_word' id='word_1_799' title='bbox 1511 2654 1701 2688; x_wconf 87' lang='lat' dir='ltr'><strong>propheticum</strong></span> <span class='ocrx_word' id='word_1_800' title='bbox 1719 2654 1774 2681; x_wconf 83' lang='lat' dir='ltr'><strong>hoc</strong></span> <span class='ocrx_word' id='word_1_801' title='bbox 1790 2663 1881 2683; x_wconf 94' lang='lat' dir='ltr'><strong>usur-</strong></span> 
     </span>
    </p>
   </div>
   <div class='ocr_carea' id='block_1_116' title="bbox 1075 2699 1879 2732">
    <p class='ocr_par' dir='ltr' id='par_1_116' title="bbox 1075 2699 1879 2732">
     <span class='ocr_line' id='line_1_117' title="bbox 1075 2699 1879 2732; baseline 0.01 -12"><span class='ocrx_word' id='word_1_802' title='bbox 1075 2702 1140 2729; x_wconf 88' lang='lat' dir='ltr'><strong>pare</strong></span> <span class='ocrx_word' id='word_1_803' title='bbox 1157 2699 1483 2731; x_wconf 76' lang='lat' dir='ltr'><strong>possumus“:Ubituus,</strong></span> <span class='ocrx_word' id='word_1_804' title='bbox 1502 2699 1716 2732; x_wconf 78' lang='lat' dir='ltr'><strong>mors,stimulas</strong></span> <span class='ocrx_word' id='word_1_805' title='bbox 1728 2699 1742 2726; x_wconf 80' lang='lat'><strong>.’</strong></span> <span class='ocrx_word' id='word_1_806' title='bbox 1762 2701 1810 2727; x_wconf 82' lang='lat' dir='ltr'><strong>ubi</strong></span> <span class='ocrx_word' id='word_1_807' title='bbox 1827 2707 1879 2729; x_wconf 76' lang='lat' dir='ltr'><strong>tua</strong></span> 
     </span>
    </p>
   </div>
   <div class='ocr_carea' id='block_1_117' title="bbox 1076 2751 1879 2791">
    <p class='ocr_par' dir='ltr' id='par_1_117' title="bbox 1076 2751 1879 2791">
     <span class='ocr_line' id='line_1_118' title="bbox 1076 2751 1879 2791; baseline 0.009 -13"><span class='ocrx_word' id='word_1_808' title='bbox 1177 2751 1199 2768; x_wconf 79' lang='lat'>&quot;</span> <span class='ocrx_word' id='word_1_809' title='bbox 1216 2751 1437 2791; x_wconf 23' lang='lat' dir='ltr'><strong>Joan.__xt_tt,»55.</strong></span> <span class='ocrx_word' id='word_1_810' title='bbox 1475 2755 1498 2771; x_wconf 86' lang='lat'><strong>&#39;°</strong></span> <span class='ocrx_word' id='word_1_811' title='bbox 1507 2755 1588 2791; x_wconf 17' lang='lat' dir='ltr'><strong>Diom.</strong></span> <span class='ocrx_word' id='word_1_812' title='bbox 1601 2763 1628 2788; x_wconf 80' lang='grc' dir='ltr'><strong>ν,</strong></span> <span class='ocrx_word' id='word_1_813' title='bbox 1647 2756 1672 2783; x_wconf 88' lang='lat' dir='ltr'><strong>I.</strong></span> <span class='ocrx_word' id='word_1_814' title='bbox 1729 2756 1752 2772; x_wconf 85' lang='lat'><strong>&quot;</strong></span> <span class='ocrx_word' id='word_1_815' title='bbox 1769 2756 1879 2791; x_wconf 81' lang='lat' dir='ltr'><strong>Ephes.</strong></span> 
     </span>
    </p>
   </div>
   <div class='ocr_carea' id='block_1_118' title="bbox 1035 2785 1570 2823">
    <p class='ocr_par' dir='ltr' id='par_1_118' title="bbox 1035 2785 1570 2823">
     <span class='ocr_line' id='line_1_119' title="bbox 1035 2785 1570 2823; baseline 0.009 -11"><span class='ocrx_word' id='word_1_816' title='bbox 1035 2786 1058 2802; x_wconf 77' lang='lat'><strong>&quot;&#39;</strong></span> <span class='ocrx_word' id='word_1_817' title='bbox 1073 2785 1094 2812; x_wconf 85' lang='lat' dir='ltr'><strong>li</strong></span> <span class='ocrx_word' id='word_1_818' title='bbox 1107 2787 1170 2814; x_wconf 77' lang='lat' dir='ltr'><strong>Cor.</strong></span> <span class='ocrx_word' id='word_1_819' title='bbox 1189 2795 1215 2819; x_wconf 73' lang='grc' dir='ltr'><strong>κ,</strong></span> <span class='ocrx_word' id='word_1_820' title='bbox 1234 2788 1261 2815; x_wconf 84' lang='grc'><strong>5.</strong></span> <span class='ocrx_word' id='word_1_821' title='bbox 1299 2789 1322 2805; x_wconf 83' lang='grc'><strong><em>⁸⁵</em></strong></span> <span class='ocrx_word' id='word_1_822' title='bbox 1338 2789 1347 2816; x_wconf 97' lang='lat' dir='ltr'><strong>I</strong></span> <span class='ocrx_word' id='word_1_823' title='bbox 1365 2789 1429 2816; x_wconf 84' lang='lat' dir='ltr'><strong>Cor.</strong></span> <span class='ocrx_word' id='word_1_824' title='bbox 1455 2798 1500 2823; x_wconf 84' lang='lat' dir='ltr'><strong>xv,</strong></span> <span class='ocrx_word' id='word_1_825' title='bbox 1526 2790 1570 2818; x_wconf 77' lang='grc'><strong>55.</strong></span> 
     </span>
    </p>
   </div>
  </div>
