1916 3075
63 140 110 171 5ἒῦ

632 138 834 169 SERMONES
853 139 1113 169 CATECHETICI-

1636 137 1686 168 52-3

63 194 135 224 Orce,
161 192 272 219 victoria
290 195 303 220 .9
341 192 431 219 victus
450 199 480 219 es
493 192 528 218 ab
542 199 575 218 eo
591 193 637 227 qui
653 192 742 218 dixit:
759 191 848 226 Conﬁ-
864 194 886 221 Α
903 191 968 218 mihi
997 192 1030 219 de
1048 196 1136 220 morte
1162 199 1254 220 sermo
1281 196 1333 219 est.
1363 190 1446 219 Scitis
1473 191 1546 219 enim
1577 193 1690 219 crebros
1734 180 1736 182 Ι

59 241 122 272 dite,
132 247 180 274 ego
195 238 247 265 vici
260 238 432 264 mundum“.
450 237 520 264 Tum
533 243 624 264 autem
648 242 677 264 ιιι
693 236 851 271 Apostolice

60 286 225 319 loquamur:
243 283 480 315 Conreutscitarit,
503 287 528 309 et
551 282 689 309 consedere
720 290 766 308 uos
791 281 853 316 fecit

58 332 84 356 in
95 329 246 356 ctzlestibus
262 329 291 354 in
303 327 411 355 Christo
425 326 500 358 Jesu,
513 331 543 352 ut
561 327 707 352 ostenderet
724 327 751 352 in
767 333 853 353 sarcu-

58 377 90 402 lis
105 374 346 408 supervenientibus
374 373 539 400 abundantes
554 373 660 399 divitias
678 373 772 406 gratiae
788 375 852 403 tute,

58 422 84 448 in
99 422 217 447 bonitate
247 428 326 454 super
353 427 400 446 nos
414 420 440 446 in
456 419 562 446 Christo
579 418 683 445 Iesu".
705 417 765 445 Jam
790 425 855 445 vero

59 468 85 503 (ο
99 467 285 494 inenarrabile
300 466 413 499 munus)
434 473 468 492 cx
481 473 537 500 quo
557 465 590 492 ad
614 465 680 500 quid
708 461 855 499 perduxit?

59 522 73 540 e
85 521 139 540 mox
148 517 176 539 te
189 513 223 539 ad
238 513 335 544 vitam,
349 520 365 540 e
383 511 501 539 tenebris
518 511 551 538 ad
568 511 667 543 lucem,
684 518 700 538 e
723 511 855 538 servitute

58 558 90 586 ad
108 558 273 591 libertatem,
300 565 334 584 ex
361 556 513 584 inimicitiis
539 556 574 583 ad
592 556 738 589 genuinam
759 556 856 583 amici-

60 605 137 636 tiam,
155 611 242 638 usque
256 604 324 630 adeo
332 607 359 629 ut
370 603 429 630 Filii
443 602 572 637 imaginis
586 601 743 629 conformes
757 602 855 629 redde-

61 655 109 675 ret.
126 648 193 682 Qua:
216 649 274 676 huic
296 652 337 675 est
359 647 503 674 ineﬂ‘abilis
530 647 707 681 benignitas?
728 655 791 682 quae
811 648 856 674 in—

59 695 256 729 comparabilis
275 694 377 722 amoris
398 701 463 729 erga
480 701 530 721 nos
552 695 724 728 magnitudo,
740 700 770 721 ut
789 694 851 721 uni-

59 743 182 776 genitum
205 740 305 767 Filium
324 740 439 774 pretium
456 746 506 774 pro
521 739 599 765 nobis
614 738 742 766 omnibus
759 739 857 766 daret?

58 787 190 821 equidem
218 787 290 814 haud
315 786 364 813 abs
391 793 420 812 re
444 785 613 813 estdicere:
643 785 708 816 Quis
737 785 858 819 loquetur

58 833 193 868 potentias
227 832 353 863 Domini,
395 831 502 858 auditas
533 830 613 864 faciet
650 838 739 857 omnes
764 831 856 857 laudes

58 880 116 914 ejus
129 879 173 905 "1'
185 878 369 911 Quamobrem
394 878 569 905 redamemus
580 886 642 905 eum
655 877 701 912 qui
715 885 766 904 nos
777 884 855 904 ama-

60 926 108 957 rit,
127 931 178 959 pro
193 931 226 951 eo
247 923 399 950 moriamur
419 922 467 957 qui
489 927 605 950 mortem
618 922 686 950 obiit
701 930 751 957 pro
764 923 854 955 nobis,

59 970 152 998 aversi
167 978 183 997 a
197 977 280 997 carne
293 975 376 1004 atque
390 969 535 1004 sanguine,
553 977 605 996 nec
629 969 767 1004 serpentis
784 968 856 996 frau-

60 1017 143 1044 dibus
170 1015 295 1047 inescati,
321 1022 373 1042 nec
399 1015 463 1042 vitae
487 1015 674 1049 voluptatibus
690 1014 856 1046 difﬂuentes,

60 1070 111 1090 nec
134 1061 225 1089 fructu
242 1061 346 1096 peccati
364 1060 517 1096 degustato.
543 1061 614 1088 unde
640 1068 716 1088 mors
736 1060 857 1095 profecta

60 1113 121 1141 est;
144 1107 280 1142 siquidem
298 1107 428 1142 scriptum
442 1111 503 1134 est:
528 1106 679 1133 Voluntarie
690 1107 859 1141 peccantibus

60 1155 137 1181 nobis
151 1158 211 1188 post
225 1159 363 1188 acceptam
383 1154 506 1180 notitiam
529 1153 661 1185 veritatis,
678 1153 737 1187 jam
752 1161 803 1180 non
816 1161 859 1180 re-

60 1200 192 1234 linquitur
209 1206 258 1233 pro
282 1199 397 1233 peccatis
415 1199 521 1230 hostia;
539 1198 665 1225 terribilis
678 1203 767 1225 autem
783 1206 858 1233 qua:-

60 1247 123 1271 dam
146 1245 308 1279 exspectatio
325 1244 435 1278 judicit',
451 1248 476 1270 et
491 1244 560 1278 ignis
579 1243 775 1278 wtnulatio(5),
800 1251 860 1278 quin

60 1297 254 1325 consumptum
276 1294 316 1317 est
339 1289 506 1316 adversarios
519 1289 553 1316 ".
589 1289 684 1324 Itaque
712 1289 767 1317 Deo
797 1297 859 1316 cum

61 1336 214 1362 reverentia
256 1340 340 1369 atque
367 1335 558 1362 observatione
584 1335 748 1367 serviamus,
777 1335 859 1362 vitam

59 1387 143 1408 caute
165 1388 200 1408 ac
222 1381 373 1415 composite
391 1385 573 1412 transeamus,
603 1388 665 1407 cum
679 1381 797 1408 discreta
816 1388 863 1416 pa-

65 1427 165 1455 tientia
181 1426 333 1454 ministeria
352 1431 488 1459 tueamur,
508 1427 709 1454 accurationem
725 1427 864 1454 trahentes

60 1480 116 1499 non
141 1472 170 1498 in
193 1471 368 1506 spiritalibus
382 1471 474 1504 modo,
491 1472 539 1499 sed
555 1471 637 1499 etiam
652 1472 679 1499 in
692 1473 862 1506 carnalibus,

873 857 893 885 It

905 237 987 265 alium
1020 246 1104 273 super
1127 238 1212 266 alium
1231 239 1347 266 fratrum
1374 237 1543 272 Patrumque
1555 238 1692 265 excedere

904 285 983 312 vita:
1008 285 1035 312 id
1057 285 1130 319 quod
1148 285 1216 312 nihil
1236 290 1279 313 est
1302 284 1377 312 aliud
1402 283 1456 311 nisi
1481 284 1693 317 monimentum,

905 331 1027 359 abituros
1044 339 1094 359 nos
1106 339 1215 366 quoque
1238 332 1303 359 hinc
1314 338 1396 366 quam
1423 330 1552 366 primum.
1582 331 1697 358 Abimus

905 384 969 404 vero
983 385 1037 404 non
1057 377 1083 404 in
1099 381 1207 405 terrena
1240 385 1272 405 ac
1291 377 1419 404 mortalia
1431 377 1500 409 loca,
1511 381 1593 411 atque
1609 378 1698 412 regio-

905 431 965 456 nes,
983 424 1029 451 sed
1048 423 1075 451 in
1090 431 1223 458 perennes
1258 428 1285 451 et
1307 423 1505 450 immateriatas
1528 423 1696 455 mansiones,

906 469 977 496 unde
1007 469 1032 496 ei
1062 469 1153 496 redire
1176 469 1252 496 nefas
1282 469 1328 503 qui
1347 469 1432 496 semel
1448 468 1603 496 tetenderit.
1621 468 1696 495 Sane

906 522 967 542 cum
987 515 1117 542 terribilis
1143 523 1219 542 mors
1241 520 1284 542 est
1310 515 1442 548 inaudita,
1469 520 1526 541 tum
1549 514 1698 541 terribilior

906 561 951 587 tibi
970 560 1019 588 sub
1033 560 1121 588 oculis
1141 564 1284 587 teneatur:
1307 560 1379 594 quod
1405 560 1504 587 abhinc
1529 567 1576 587 sex
1601 560 1699 587 diebus

906 610 931 636 in
947 606 1061 633 Chalciti
1073 605 1200 641 praefecto
1217 606 1404 640 cognovimus,
1423 612 1503 640 quem
1514 606 1585 632 nacti
1605 610 1696 632 extre-

906 657 981 675 mum
999 649 1162 683 spirantem;
1178 649 1372 683 obstnpttitnus
1387 649 1501 682 factum,
1516 655 1545 677 ut
1557 657 1612 676 uno
1627 654 1697 677 tem-

907 693 981 728 poris
1008 700 1145 722 momento
1167 699 1194 722 et
1215 695 1360 723 nobiscum
1382 700 1453 727 erat,
1468 699 1495 722 et
1512 703 1526 722 a
1544 695 1623 722 nobis
1635 695 1699 723 abs-

907 741 1001 772 cessit,
1046 740 1163 769 traditus
1189 741 1326 776 sepulcro.
1353 742 1392 769 Ac
1422 741 1545 776 profecto
1570 741 1700 768 terribilis

907 786 1013 813 auditio
1024 792 1084 817 est,
1106 791 1134 814 et
1147 787 1269 814 insolens
1291 787 1489 821 spectaculum.
1510 787 1595 821 Igitur
1610 787 1701 814 adhuc

907 830 1015 863 spirans
1028 831 1124 857 beatus
1140 830 1211 858 hanc
1222 830 1307 858 edidit
1318 839 1411 859 vocem
1426 841 1432 859 :
1448 831 1561 860 Paulum
1579 841 1701 868 praeven-

908 880 952 903 tus
965 883 1037 908 sum,
1056 875 1082 903 in
1098 883 1131 903 eo
1146 876 1218 903 dicto
1228 881 1312 911 caput
1332 878 1414 904 simul
1442 885 1609 913 manumque
1624 886 1700 905 coni.

906 929 1037 949 movens:
1052 922 1163 950 modum
1176 930 1242 950 vero
1257 923 1330 950 haud
1351 924 1464 957 detexit,
1494 925 1540 952 sed
1562 932 1613 952 nos
1629 925 1701 952 unde

907 967 964 995 haec
993 969 1149 1002 trepidatio,
1180 969 1318 997 sensimus
1355 970 1444 1002 Atlue
1466 970 1524 998 haec
1551 971 1619 1003 dixi,
1647 979 1702 998 non

908 1013 982 1040 illum
1007 1014 1151 1042 cavillatus
1171 1014 1297 1049 (minime
1317 1016 1406 1049 vero),
1433 1016 1500 1050 quin
1530 1023 1574 1043 me
1596 1020 1703 1043 conter-

907 1066 982 1090 rens,
995 1065 1027 1085 ae
1038 1065 1085 1085 vos
1095 1060 1294 1091 communiens,
1303 1067 1337 1087 ne
1346 1061 1412 1095 quid
1429 1065 1627 1095 praevertamur
1650 1062 1703 1089 sub

908 1103 1113 1138 cmigrationem
1133 1104 1269 1137 ejusmodi
1283 1112 1378 1132 vocem
1403 1106 1521 1138 mittere,
1538 1107 1604 1140 quin
1621 1114 1703 1142 para-

908 1153 963 1176 tam
989 1153 1017 1176 et
1044 1149 1266 1183 imperterritum,
1314 1151 1448 1186 siquidem
1490 1152 1623 1187 scriptum
1638 1157 1702 1179 est:

911 1194 1027 1222 Paratus
1041 1204 1111 1228 sum,
1132 1201 1156 1223 et
1182 1204 1233 1223 non
1255 1205 1313 1223 sum
1334 1196 1505 1225 turbatus“:
1526 1199 1598 1232 quod
1615 1197 1704 1224 haud-

910 1249 1047 1275 quaquam
1071 1249 1287 1276 conscquamur,
1303 1242 1330 1269 ni
1348 1243 1445 1270 intenti
1465 1251 1584 1278 semper,
1600 1247 1627 1271 et
1643 1251 1704 1279 quas

911 1287 984 1314 obita
997 1291 1060 1314 sunt
1068 1288 1197 1322 praeclare
1212 1292 1347 1320 tueamur,
1363 1293 1390 1316 et
1404 1289 1523 1317 admissa
1535 1290 1705 1325 corrigamus

911 1333 1086 1367 praenitentes,
1109 1334 1219 1362 assidue
1234 1335 1275 1362 sic
1300 1336 1434 1371 procincti
1451 1341 1583 1371 tanquam
1602 1337 1629 1363 in
1646 1344 1705 1364 cae-

912 1380 968 1406 lum
987 1379 1144 1414 profecturi.
1641 1407 1643 1409 .

948 1425 1015 1453 Nam
1033 1427 1088 1458 cui,
1103 1434 1179 1462 rogo,
1199 1427 1347 1454 sistemur?
1364 1435 1416 1454 non
1430 1428 1516 1463 judici
1530 1433 1704 1460 cunctorum,

914 1476 997 1506 atque
1019 1471 1074 1499 Deo
1093 1472 1136 1499 cui
1163 1473 1386 1506 congenulabnnt
1413 1473 1546 1504 universi,
1569 1475 1705 1506 caelestes,

59 1523 88 1546 et
115 1519 255 1552 lignorum
283 1517 439 1549 adustioue,
467 1522 495 1544 et
521 1525 600 1552 aqua:
620 1518 754 1545 elfusione
773 1523 864 1551 tenus,
880 1534 901 1561 ε
918 1519 1073 1552 terrigenae,
1099 1518 1284 1551 subterranei,
1308 1524 1469 1554 cunctaeque
1495 1519 1588 1546 lattdes
1614 1520 1707 1547 conci-

59 1572 197 1599 quorum,
225 1567 257 1590 ut
287 1563 398 1595 videtis,
425 1562 453 1590 in
487 1564 538 1590 hac
570 1563 660 1590 insula
681 1565 796 1598 penuria
809 1570 862 1596 est,

61 1610 185 1644 denique
200 1609 365 1636 sententiam
385 1609 482 1636 mortis
499 1609 631 1636 habentes
649 1618 656 1636 :
674 1618 736 1637 ttulit
753 1616 779 1638 et
793 1618 867 1637 nunc

62 1655 234 1682 Emlocimus
247 1653 286 1689 (6)
315 1653 398 1681 frater
425 1658 468 1682 est
487 1654 520 1681 ad
545 1655 630 1682 Deum
648 1655 799 1689 profectus.
818 1655 866 1682 Siti

64 1709 117 1730 nos
151 1701 245 1728 obitus
273 1700 367 1728 fratris
400 1708 453 1728 non
484 1700 621 1733 refl-attint,
640 1701 737 1736 ecquid
758 1702 866 1729 tandem

65 1747 231 1775 revocabit?
251 1746 279 1773 Si
295 1746 391 1774 mortis
402 1754 534 1774 arcanum
548 1747 640 1774 minus
651 1747 754 1780 erudit,
764 1748 864 1782 ecquid

64 1800 80 1819 a
97 1792 190 1819 noxiis
216 1791 360 1819 aﬂ‘ectibus
392 1791 571 1826 compescet?
608 1790 668 1818 Jam
694 1791 868 1826 loquentibus

66 1838 149 1865 nobis
164 1843 192 1864 et.
217 1838 252 1864 de
274 1837 326 1864 hoc
341 1842 424 1871 atque
440 1837 487 1864 illo
508 1837 741 1870 consultantibus,
758 1841 869 1872 repente

65 1885 126 1912 dies
142 1885 252 1919 ingruet
274 1883 422 1911 horrenda.
448 1882 500 1910 Sed
523 1883 655 1910 nimirum
679 1883 713 1910 iis
731 1884 868 1911 horrenda

65 1936 108 1957 est
127 1935 156 1957 et
170 1929 275 1962 infelix,
299 1930 347 1964 qui
369 1929 403 1956 ab
438 1929 588 1956 sceleribus
619 1933 796 1964 usurpentur,
821 1929 868 1964 qtti

67 1977 160 2011 culpis
186 1976 343 2010 obligentur
370 1982 438 2009 quas
468 1974 540 2001 haud
565 1973 683 2003 confessi
708 1975 772 2007 sint,
799 1975 870 2002 tnale

67 2021 189 2052 feriatis,
204 2019 387 2052 immodestis,
402 2019 606 2054 pervicacibus,
622 2023 752 2047 caeterum
771 2020 870 2054 jocun.

66 2068 112 2098 da,
134 2072 163 2093 et
182 2066 262 2097 lenis,
292 2073 324 2092 ac
347 2065 468 2100 benigna
488 2064 536 2091 Dei
551 2065 720 2096 amantibus,
737 2066 868 2092 virtutum

66 2113 221 2141 studiosis:
249 2111 393 2144 modestis,
424 2112 582 2146 morigeris,
611 2111 766 2138 submissis.
795 2111 869 2144 Qua-

68 2163 181 2194 propter
206 2165 255 2185 vos
281 2158 423 2188 cohortor,
449 2162 476 2184 et
499 2157 729 2190 commonefacio,
759 2157 868 2190 fratres,

921 1566 986 1591 nent
1010 1563 1130 1598 linguae?
1155 1563 1277 1597 Ecquam
1302 1564 1447 1591 reddemus
1474 1565 1627 1592 rationem?
1651 1573 1706 1592 non

920 1610 1042 1636 omnium
1069 1609 1096 1636 in
1115 1609 1169 1637 vita
1193 1615 1330 1645 gestorum
1350 1618 1403 1644 qua
1426 1610 1516 1641 factis,
1537 1618 1590 1645 qua
1614 1611 1706 1643 dictis,

919 1663 974 1689 qua
1001 1655 1147 1690 cogitatis?
1170 1655 1217 1682 Pol
1246 1655 1282 1682 mi
1308 1655 1387 1683 haec:
1408 1656 1515 1690 quoties
1541 1656 1708 1691 complector

920 1701 1026 1733 animo,
1051 1701 1194 1728 horrorem
1225 1701 1307 1732 cient,
1338 1708 1463 1735 peneque
1488 1701 1588 1728 adsunt
1615 1709 1707 1728 coram

920 1747 999 1774 vobis
1021 1747 1085 1774 licet
1106 1754 1167 1774 esse
1181 1746 1383 1781 imperterritis,
1407 1747 1495 1778 vobis,
1521 1746 1644 1781 inquam,
1660 1746 1708 1782 qtti

922 1792 996 1819 dicto
1010 1791 1154 1819 audientes
1167 1799 1216 1819 vos
1229 1791 1367 1826 praebetis,
1388 1799 1524 1826 omneque
1539 1792 1657 1820 studium
1680 1793 1708 1820 in

922 1837 1078 1865 obedientia
1098 1837 1225 1872 ponitis:
1242 1845 1305 1864 nam
1324 1845 1355 1864 ea
1378 1845 1448 1865 verat
1472 1837 1635 1865 obedientiaa
1655 1838 1709 1865 vita

922 1889 974 1911 est.
998 1883 1105 1911 Etenim
1129 1891 1212 1918 quam
1236 1882 1424 1911 defensionem
1448 1883 1499 1911 sibi
1520 1884 1654 1918 parabunt
1676 1885 1709 1911 ad

923 1930 1091 1958 horrendum
1108 1929 1210 1957 Christi
1226 1930 1345 1957 tribunal
1357 1929 1402 1964 qtti
1421 1929 1574 1957 obedientia
1590 1930 1710 1964 proiecta

923 1975 1039 2003 solitarii
1052 1975 1162 2009 degant,
1181 1975 1228 2009 qui
1242 1974 1305 2006 huc,
1323 1975 1389 2001 illuc
1408 1974 1508 2001 obeant
1521 1981 1645 2007 errones,
1665 1982 1711 2007 pc-

923 2021 1005 2048 dibus
1031 2024 1133 2047 statum
1153 2028 1207 2046 non
1227 2020 1359 2047 habentes
1379 2019 1425 2054 qui
1453 2023 1578 2054 coempta
1600 2020 1710 2047 servitia

925 2066 1055 2094 trahant?
1069 2066 1120 2092 heu
1141 2072 1216 2092 meas
1239 2072 1389 2096 aerumnas,
1411 2069 1443 2092 ut
1463 2065 1644 2099 expetendum
1668 2065 1711 2091 vi-

924 2113 992 2138 tium
1015 2111 1074 2138 est!
1101 2110 1332 2145 quemadmodum
1357 2115 1559 2142 retrocessere,
1588 2111 1641 2138 iter
1669 2111 1711 2137 in—

924 2156 1010 2192 gressi
1041 2156 1104 2183 vitm
1128 2156 1286 2183 monasticae
1314 2156 1435 2183 rectum!
1457 2155 1573 2189 Helius,
1601 2156 1711 2190 inquit,

67 2203 285 2239 cogitationibus
315 2203 349 2230 iis
377 2203 523 2236 susceptis,
544 2203 620 2229 omni
645 2210 696 2236 ope
713 2210 729 2230 a
756 2203 867 2237 ﬂagitiis
883 2211 905 2238 ι)
919 2210 976 2233 erat
994 2204 1050 2231 illis
1067 2212 1117 2230 non
1142 2211 1296 2239 cognoscere
1319 2205 1389 2231 viam
1401 2204 1527 2238 justitiw,
1550 2212 1630 2238 quam
1649 2209 1710 2238 post

68 2250 252 2281 absistamus,
273 2247 378 2274 Christi
394 2248 422 2274 in
448 2254 557 2282 pectore
579 2248 708 2282 philtrum
730 2256 869 2283 geramus,

68 2295 220 2322 virtutibus
245 2293 393 2329 perfuncti,
417 2301 472 2328 quo
492 2294 531 2320 sic
554 2294 607 2320 vita
627 2299 735 2328 peracta
755 2301 868 2328 regnum

69 2341 186 2368 cmi-este
205 2344 349 2366 teneamus
374 2346 422 2373 per
450 2339 591 2365 Christum
616 2337 710 2366 Jesum
727 2338 870 2365 Dominum

70 2391 222 2413 nostrum:
248 2387 294 2413 cui
318 2385 405 2419 gloria
431 2390 459 2412 et
479 2385 626 2419 imperium
651 2393 714 2411 cum
737 2384 826 2417 Patre,
841 2393 873 2412 ac

69 2437 168 2459 sancto
195 2432 312 2466 Spiritu,
344 2438 415 2458 nttnc
442 2435 469 2457 et
495 2438 615 2465 semper,
641 2430 668 2457 in
707 2438 873 2465 omnemque

71 2479 298 2512 perpetuitatem.
314 2477 413 2508 Amen_

372 2530 488 2559 SERMO
508 2530 581 2558 XIII.

74 2578 217 2606 Dominica
233 2577 294 2605 111.
322 2577 359 2604 De
384 2578 477 2604 mortis
502 2576 694 2605 recordatione.
711 2576 792 2610 deque
813 2578 873 2604 vin

146 2614 301 2647 defensione
316 2617 430 2647 peracta
443 2612 479 2638 ad
494 2612 655 2638 horrendum
672 2611 801 2638 tribunal.

113 2659 224 2686 Fratres
263 2659 424 2692 Patresque,
450 2657 510 2685 dies
537 2657 680 2683 enimvero
707 2661 749 2683 est
776 2664 808 2683 ex
824 2657 867 2689 iis,

77 2711 141 2738 qua
165 2703 192 2730 in
221 2702 433 2730 Resurrcctione
459 2706 623 2734 censentur,
653 2701 700 2728 sed
728 2701 871 2729 habendus

921 2252 1081 2286 agnitionem
1097 2255 1240 2276 retrorsum
1258 2250 1375 2277 converti
1387 2249 1419 2276 ab
1431 2257 1459 2276 eo
1474 2249 1544 2284 quod
1555 2249 1610 2276 illis
1626 2250 1712 2276 tradi-

923 2302 980 2323 tum
996 2301 1035 2322 est
1055 2300 1146 2322 sancto
1169 2295 1295 2322 mandato
1306 2302 1316 2321 :
1328 2295 1458 2329 contingit
1475 2299 1563 2320 autem
1581 2295 1619 2321 eis
1642 2294 1712 2321 illud

923 2342 977 2368 veri
992 2339 1230 2375 praverbii:Canis
1247 2348 1365 2366 reversus
1382 2339 1417 2366 ad
1432 2347 1509 2366 suum
1527 2341 1663 2371 vomitum,
1686 2345 1713 2366 et

924 2396 969 2414 sus
984 2387 1038 2413 lota
1054 2386 1089 2413 ad
1104 2386 1273 2413 volutabrum
1290 2386 1341 2412 luti
1355 2386 1390 2413 ".
1404 2385 1473 2418 Quid
1493 2386 1547 2416 ais,
1565 2386 1635 2413 bone
1651 2387 1712 2413 vir?

926 2433 978 2460 ten'
1004 2439 1112 2459 servum
1141 2432 1262 2464 trahere,
1289 2431 1410 2465 injugem
1442 2431 1548 2464 mundi,
1578 2432 1712 2464 exsulem,

924 2477 1055 2512 omnique
1069 2477 1172 2504 carnali
1185 2476 1352 2503 commercio
1365 2477 1506 2503 solutum!
1524 2484 1591 2512 ergo
1604 2477 1713 2511 capesis

926 2523 975 2550 tibi
990 2530 1103 2550 uxorem
1121 2529 1231 2557 quoque
1246 2531 1253 2549 :
1270 2523 1325 2549 duo
1341 2522 1489 2549 Imcmnim
1506 2523 1619 2553 mundo,
1634 2530 1714 2549 mun-

924 2567 1058 2602 (fanisque
1070 2567 1188 2599 tributa;
1212 2570 1240 2594 at
1257 2567 1304 2602 qui
1323 2567 1396 2594 serio
1414 2566 1498 2593 vitam
1513 2566 1606 2593 ineant
1622 2567 1714 2594 cruci-

924 2620 1030 2648 geram,
1053 2614 1088 2640 ab
1114 2613 1239 2648 utrisque
1262 2618 1327 2640 sunt
1349 2612 1441 2640 alieni.
1459 2612 1522 2644 Sed,
1549 2617 1579 2639 ut
1594 2612 1712 2646 videtur,

924 2667 1008 2687 causa
1034 2665 1176 2694 peccatum
1198 2664 1262 2687 est:
1280 2667 1343 2686 nam
1369 2659 1556 2693 voluptatibus
1590 2663 1618 2686 et
1644 2666 1714 2685 auro

924 2703 1008 2731 dediti
1026 2703 1108 2739 (addo
1120 2709 1148 2732 et
1162 2704 1327 2739 mulierosi),
1342 2712 1376 2732 ne
1394 2705 1457 2740 quis
1470 2704 1506 2732 sit
1522 2704 1672 2739 inspector,
1685 2710 1714 2731 ct

99 2757 211 2786 "Joan.
224 2758 333 2790 xv:,35.
356 2758 379 2774 "
390 2758 490 2792 Ephes.
503 2756 569 2788 ",6.
601 2757 625 2773 ⁸⁸
635 2755 757 2788 Psal.cv,
771 2757 797 2784 2.
836 2758 857 2773 ⁸⁵

916 2766 952 2786 δι’.
962 2767 990 2792 x,
1001 2759 1101 2795 26,27.
1135 2760 1157 2776 ⁶⁰
1168 2760 1240 2789 Psal.
1250 2768 1344 2796 cxt'tu,
1356 2761 1400 2789 60.
1431 2760 1452 2776 "
1465 2761 1475 2789 l
1488 2760 1558 2788 Petr.
1571 2769 1601 2794 ιι,
1611 2759 1656 2794 2t,
1665 2760 1712 2788 ‘22.

119 2814 157 2850 (5)
174 2813 336 2850 Deﬂagratio
354 2823 360 2842 :
376 2821 439 2850 nam
453 2813 569 2841 alterum
590 2812 656 2840 illud
685 2813 799 2850 nimium
816 2813 969 2842 hebraizat.

120 2849 159 2883 (ϐ)
182 2848 280 2877 Addidi
308 2851 342 2877 dc.
373 2849 544 2883 conjectura,
574 2853 601 2875 et
626 2848 760 2876 orationis
789 2854 960 2883 argumento.
