1916 3075
214 148 268 180 527

810 148 838 177 3
856 147 1054 178 TIIEODORI
1076 147 1254 178 STUDITE

1796 147 1850 180 5°28

210 208 256 244 qui
282 207 309 235 in
335 206 427 234 abdito
449 209 605 240 perpetrata
630 209 737 241 arguat.
765 205 876 232 fratrem
903 207 1004 233 habere
1019 210 1039 237 Α
1055 207 1118 241 vigil
1135 228 1141 238 ,
1165 211 1192 233 et
1216 209 1392 240 experrectus
1412 213 1418 230 :
1440 204 1557 238 trepidat
1573 212 1719 232 occursum
1740 215 1746 232 :
1765 214 1848 241 quem

213 254 351 286 uolumus,
366 251 413 279 sed
434 250 622 282 solitudinem,
636 250 686 277 hoc
700 255 751 283 est,
774 258 915 278 servorum
932 258 1004 277 nier-

212 305 315 332 catum,
337 298 389 333 ipsi
410 304 504 325 revera
524 301 637 331 peccato
660 296 776 328 venditi,
803 301 830 324 et
848 296 939 324 carnis
962 299 1004 323 at-

212 354 266 382 que
279 345 422 379 sanguinis
442 342 593 378 mancipia.
612 342 682 369 Hinc
697 342 823 375 dissidia,
839 342 904 370 hinc
918 341 1005 369 oll'en-

212 392 316 423 dicula,
333 391 397 417 hinc
423 394 534 417 atroces
562 395 594 415 ac
615 387 810 415 inaniiettarite
831 395 920 415 none.
936 387 1006 415 Hinc

213 443 340 468 moestus.
365 441 448 472 atque
472 435 627 472 squalidus,
653 439 687 469 et
714 435 762 470 qui
790 442 938 470 coarguam
973 441 1006 462 ac

213 488 363 515 contestor,
380 482 477 510 audior
494 488 640 516 nusquam.
661 479 713 507 Sed
730 488 791 515 quae
810 484 853 508 est
866 480 927 514 ejus
948 487 1006 507 sen-

213 529 317 556 tentia?
332 527 364 555 Si
379 535 432 554 non
449 527 587 558 venissem,
608 531 631 553 et
648 526 751 553 locutus
764 526 873 560 fuissent
887 526 935 557 eis,
947 533 1006 560 pec-

213 580 303 602 catum
316 582 368 601 non
385 574 510 600 haberent
527 580 536 600 .'
553 581 622 599 nunc
641 576 728 599 autem
742 571 941 599 excusationem
955 579 1006 598 non

213 622 309 649 habent
334 621 366 648 de
393 625 500 655 peccato
520 627 568 646 suo
596 619 638 652 ";
662 619 759 646 insons
782 625 844 646 sum
870 625 886 646 a
909 618 1005 645 talium

215 667 348 702 sanguine
371 667 468 693 miser.
493 665 533 692 Ae
551 668 676 699 poterant
702 671 770 692 sane
787 664 902 692 omnino
919 664 1006 692 aciem

215 714 360 741 admovere
379 719 413 739 ex
434 711 562 746 praecepti
577 711 670 745 jussu,
695 710 743 738 sed
766 715 944 746 posteaquam
965 711 1008 738 in-

214 759 319 787 cumbit
339 758 504 793 persecutio,
525 756 617 785 adhuc
637 755 744 788 dilfero.
765 757 788 784 si
807 764 880 784 nunc
896 756 1005 783 tandem

215 813 230 831 e
252 803 353 834 diaboli
373 803 478 836 laqueis
495 801 671 837 resipiscam,
695 801 743 837 qui
762 802 797 828 ab
818 806 851 829 eo
877 801 950 836 capti
972 801 1005 828 ad

215 850 359 878 arbitrium
381 853 538 876 teneantur.
557 847 692 875 Caeterum
707 855 756 875 vos
771 847 825 876 Deo
848 848 941 881 macti,
959 847 1005 882 qui

217 904 272 923 una
296 894 409 923 insimul
431 893 510 925 estis,
533 893 599 926 duo,
625 898 727 927 tresve,
742 893 871 929 quodque
891 893 1007 928 amplius
1024 883 1045 910 Β

215 947 268 972 est,
288 945 316 968 et
338 940 466 969 encomio
488 938 588 973 majus,
609 939 770 967 etenobiace
785 939 870 966 vitam
895 939 1007 971 ducitis,

215 987 289 1015 domi
306 991 459 1018 manentes,
479 992 529 1012 nec
545 985 713 1019 importune,
732 985 786 1012 nisi
799 985 951 1013 necessitas
961 985 1007 1017 sit,

217 1035 398 1070 prodeuntes,
429 1032 548 1059 maxime
571 1031 598 1072 in
626 1031 714 1058 forum
747 1038 780 1058 ac
818 1030 1008 1063 celebritates,

217 1081 333 1109 invicem
354 1080 518 1112 servientes,
539 1079 566 1106 iii
588 1086 678 1113 eoque
703 1077 798 1105 mundi
815 1077 928 1109 domini,
946 1077 1008 1113 puri

216 1129 251 1155 ab
278 1133 421 1155 servorum
442 1125 556 1153 sordido
573 1130 706 1157 tnercatu,
722 1130 821 1152 cuncta
836 1132 870 1152 ex
885 1125 932 1152 Dei
946 1132 1010 1152 sen-

218 1174 312 1206 tentia,
329 1177 355 1200 ct
369 1175 467 1199 ornate
479 1176 654 1206 peragentes.
669 1171 801 1206 Equidem
819 1171 897 1199 vobis
909 1170 1008 1206 gratia,

217 1227 302 1255 atque
323 1226 377 1254 pax
395 1222 522 1253 augetur,
541 1217 664 1245 cwlestis
679 1216 857 1252 Jerosolymte
871 1217 942 1244 bona
967 1217 1009 1243 vi-

218 1266 302 1294 suris.
316 1272 364 1299 per
376 1263 518 1291 Christum
533 1262 627 1290 Jesum
644 1262 791 1290 Dominum
806 1268 931 1290 nostrum
945 1272 951 1290 :
965 1263 1009 1289 cui

219 1311 304 1347 gloria
328 1314 356 1337 et
378 1309 523 1344 imperium
548 1316 611 1336 cum
632 1308 714 1336 Patre
731 1317 764 1336 ac
783 1313 878 1336 sancto
894 1308 1008 1343 Spiritu,

219 1365 292 1385 nunc
318 1361 346 1384 ct
372 1363 490 1391 semper,
521 1356 548 1382 in
579 1362 744 1391 omnemque
786 1355 1008 1390 perpetuitatem.

219 1403 314 1429 Anicii.

509 1445 626 1473 SERMO
645 1445 718 1472 XIV.

223 1493 285 1520 l'ost
308 1493 394 1520 sancti
412 1491 543 1518 Theodori
567 1491 732 1518 memoriam.
755 1490 793 1518 De
809 1492 865 1518 vita
889 1490 1009 1517 obeunda

321 1529 422 1558 divina.
438 1535 487 1554 neu
506 1527 539 1553 ad
561 1527 718 1554 tcutationes
735 1527 904 1561 trepidemus.

255 1573 367 1601 Fratres
391 1573 554 1608 Patresque,
587 1572 755 1607 loquendum
781 1576 823 1599 est
846 1572 936 1604 nobis,
961 1578 1010 1598 nec

219 1618 266 1645 diu
297 1618 463 1645 tacendum:
481 1617 616 1651 siquidem
648 1617 821 1645 taciturnitas
844 1619 937 1644 animo
964 1623 1011 1644 so-

220 1671 315 1691 niuum
340 1662 492 1694 contrahit,
519 1669 690 1698 somnusque
715 1667 810 1690 auctor
834 1662 932 1690 mortis
957 1666 1011 1691 est.

219 1719 300 1746 quem
329 1710 493 1745 deprecatus
522 1708 609 1737 David
635 1709 727 1737 dicere
743 1718 751 1736 ε
766 1708 897 1736 Illumina
921 1708 1012 1735 oculos

221 1765 303 1790 nicas,
322 1764 353 1783 ne
370 1763 488 1790 unquam
500 1755 667 1782 obdormiam
679 1755 708 1782 in
722 1760 806 1782 morte
816 1755 849 1781 ⁸³.
865 1754 900 1782 At
917 1754 1011 1782 conci-

221 1808 293 1831 tatus
321 1802 348 1829 in
375 1802 468 1829 auitno
495 1808 587 1829 sermo
610 1799 673 1827 lotis
701 1808 780 1835 aquae
805 1805 847 1828 est
874 1801 901 1827 iit
927 1799 1011 1826 vitain

220 1853 350 1875 aeternam
376 1846 501 1874 salientis
515 1855 523 1873 :
539 1853 595 1881 quo
610 1845 677 1881 quid
693 1846 807 1874 utilius?
821 1845 903 1880 idque
922 1846 1013 1873 sciens

221 1895 319 1921 beatus
336 1892 497 1928 Apostolus,
522 1891 613 1927 inquit
629 1900 636 1919 :
655 1891 769 1919 Verbum
793 1891 892 1919 Christi
913 1891 1012 1919 habitet

222 1943 248 1968 in
263 1940 335 1968 vobis
350 1939 530 1971 abundanter,
547 1939 574 1966 in
589 1939 662 1965 omni
675 1938 818 1972 sapientia,
835 1938 969 1971 docentes,
988 1943 1012 1965 et

221 1987 392 2013 cohortantes
411 1986 523 2012 invicem
536 1984 569 2012 “.
588 1983 684 2011 Vidcn‘
695 1985 794 2019 jubere
816 1991 879 2011 eum
896 1989 926 2011 ut
943 1983 1013 2011 invi-

221 2039 280 2059 cem
294 2031 456 2063 doceamus,
474 2037 507 2058 ac
519 2030 709 2062 cohortemur,
728 2037 778 2057 nec
789 2030 910 2057 contenti
926 2030 1014 2058 simus

222 2078 274 2112 ipsi
289 2085 340 2104 nos
359 2083 536 2104 commonere
558 2075 661 2103 modo?
677 2075 809 2111 Equidem
827 2083 892 2104 vero
907 2076 1014 2111 quoties

223 2125 256 2151 ad
282 2131 331 2151 vos
352 2123 460 2150 dissero
481 2122 615 2157 prolicere
634 2121 732 2155 fateor,
750 2123 797 2157 qui
824 2130 868 2151 ine
882 2123 917 2150 ab
933 2123 1015 2158 hujus

224 2169 286 2196 vita:
317 2168 480 2196 confusione
509 2175 653 2199 revocem,
679 2172 707 2196 et
735 2168 952 2203 reprehendam,
981 2168 1014 2196 ad

1057 260 1153 279 rursus
1167 252 1530 286 Apostolusdemonstrans,
1556 254 1618 280 ait:
1638 252 1698 287 Ipse
1719 254 1850 282 Dominus

1055 300 1083 325 in
1098 299 1187 333 jussu,
1203 303 1227 325 ct
1244 298 1272 324 in
1288 306 1349 325 voce
1366 299 1530 334 archangeli.
1553 305 1577 327 et
1591 301 1619 327 in
1633 300 1695 327 tuba
1710 300 1850 328 descendet

1056 346 1088 372 de
1108 346 1182 376 rcelo.
1199 351 1221 372 et
1240 345 1338 372 mortui
1351 345 1397 380 qui
1410 346 1437 371 in
1449 345 1556 374 Christo
1571 351 1631 373 sunt
1643 351 1779 381 rcsurgent
1794 349 1853 382 pri-

1057 393 1093 418 mi
1107 399 1115 417 :
1130 391 1224 419 deinde
1236 400 1282 419 nos
1300 392 1346 427 qui
1358 392 1480 425 vivimus,
1500 394 1545 426 qui
1560 393 1734 428 relinquimur
1744 413 1751 425 ,
1769 394 1853 421 simul

1057 439 1194 472 rapiernur
1216 447 1275 465 cum
1300 438 1355 465 illis
1379 438 1408 465 in
1433 438 1545 466 nubibus
1567 439 1670 466 obviam
1687 438 1800 466 Domino
1823 440 1853 466 in

1056 493 1131 518 aera,
1146 490 1171 511 et
1188 485 1228 512 sic
1243 492 1345 519 semper
1362 492 1422 512 cum
1437 485 1551 511 Domino
1569 485 1668 512 erimus
1684 486 1716 513 “.
1737 486 1771 512 At
1789 486 1853 520 qui-

1057 539 1120 558 nam
1132 531 1144 558 ?
1157 530 1265 566 Spirilu
1284 538 1430 566 pauperes,
1449 531 1590 564 lugubres,
1608 532 1642 559 ab
1667 532 1761 559 animo
1775 532 1853 567 puri,

1059 576 1206 608 mansueti,
1225 577 1337 610 placidi,
1370 576 1577 610 misericordes,
1606 577 1768 605 obedientite
1784 578 1854 613 jugo

1057 622 1207 658 perfuncti,
1220 622 1268 658 q‘ui
1284 622 1489 650 confessionem
1506 628 1678 651 constantem
1694 631 1852 655 servavere,

1059 669 1086 696 lii
1102 677 1164 696 cum
1183 676 1216 697 eo
1229 673 1293 697 sunt
1310 668 1412 702 futuri;
1427 670 1608 705 caetertiniqui
1623 670 1711 705 turpia
1725 670 1855 698 commit-

1059 720 1128 748 tant,
1148 715 1285 748 eh‘renes,
1310 716 1356 751 qui
1381 715 1585 744 confessionem
1612 720 1785 750 aversantur,
1803 717 1853 751 qui

1059 763 1241 790 obedientiam
1255 763 1420 796 detrectent,
1433 763 1480 798 qui
1495 763 1601 799 reliqua
1611 763 1681 791 mala
1696 764 1854 798 designent.

1059 808 1077 835 ii
1092 815 1142 836 nec
1159 808 1292 836 tollentur
1310 808 1336 834 in
1354 808 1458 840 nubes,
1484 815 1534 835 nec
1553 816 1614 835 cum
1629 816 1661 835 eo
1677 813 1742 836 sunt
1754 807 1854 840 futuri,

1060 853 1127 887 quin
1143 852 1352 887 (miserrimum)
1368 860 1464 888 poenas
1481 853 1634 888 dependent
1648 873 1655 886 ,
1671 853 1787 881 exitium
1805 861 1855 888 pe-

1060 904 1156 929 renne,
1169 897 1313 924 Dominica
1327 897 1407 931 facie,
1420 905 1452 925 ac
1466 898 1586 933 gloriosa
1597 897 1743 933 majestate
1758 902 1855 925 extor-

1061 950 1115 976 res,
1127 943 1202 977 quod
1215 942 1287 970 absit
1300 943 1333 970 de
1346 942 1424 970 vobis
1439 947 1467 970 et
1486 943 1608 978 cogitare
1623 947 1650 970 et
1669 942 1757 978 loqui.
1769 943 1855 978 Igitur

1060 989 1214 1016 canendum
1243 993 1284 1016 est
1307 989 1447 1024 receptui,
1474 989 1656 1024 habendaque
1679 988 1759 1016 nobis
1782 989 1856 1016 ratio

1061 1035 1178 1068 salutis,
1195 1035 1242 1070 qui
1260 1042 1321 1063 esse
1337 1035 1373 1062 ob
1405 1034 1502 1062 oculos
1523 1025 1686 1062 discrimina
1707 1035 1831 1062 sciamus
1846 1043 1855 1061 :

1060 1089 1124 1108 nam
1149 1089 1215 1108 ecce
1237 1085 1336 1116 praeter
1362 1081 1432 1108 alios
1447 1085 1474 1107 et
1493 1080 1529 1108 1r.
1545 1081 1670 1116 Gregorii
1693 1088 1857 1108 teconomus

1060 1127 1277 1162 comprehensus
1291 1131 1350 1159 est,
1372 1134 1405 1154 ac
1417 1127 1482 1161 quid
1509 1126 1631 1154 futurum
1652 1127 1688 1154 sit
1703 1127 1855 1160 nescimus,

1061 1173 1274 1208 inipendeutque
1289 1173 1473 1205 tentationes,
1494 1176 1525 1199 ut
1549 1176 1672 1207 apparet.
1699 1172 1801 1200 Ver'um
1821 1180 1857 1200 ne

1061 1220 1216 1252 timeamus,
1228 1227 1278 1246 neu
1288 1220 1321 1245 ad
1332 1219 1446 1252 iugi-uoti
1452 1223 1491 1245 tes
1500 1219 1664 1246 teutationes
1674 1219 1855 1253 lrepidentus.

1061 1265 1141 1298 Quod
1161 1264 1184 1292 si
1206 1272 1221 1291 ει
1237 1264 1318 1291 nobis
1332 1264 1405 1292 Deus
1420 1270 1473 1297 est,
1489 1265 1552 1300 quis
1567 1269 1663 1292 contra
1676 1264 1747 1291 nos?
1761 1265 1809 1299 qui
1827 1265 1857 1292 in

1061 1310 1254 1345 Superioribus
1279 1311 1410 1345 periculis
1431 1311 1572 1338 nobiscum
1597 1310 1667 1343 fuit,
1691 1318 1748 1346 quo
1772 1318 1860 1345 pacto

1062 1364 1115 1383 non
1131 1359 1158 1382 et
1183 1355 1328 1382 nobiscum
1354 1356 1390 1383 sit
1405 1356 1432 1382 in
1452 1356 1634 1391 prasentibus
1652 1355 1698 1390 qui
1719 1356 1856 1386 stabiliat.

1062 1410 1094 1430 ac
1107 1407 1201 1430 contra
1218 1403 1311 1430 omnia
1328 1402 1426 1434 firmet,
1441 1406 1470 1429 ut
1481 1402 1619 1437 pollicitus
1633 1402 1695 1429 est?
1712 1401 1774 1429 1am
1788 1403 1857 1437 quid

1062 1448 1181 1483 amplius
1205 1448 1355 1476 molientur
1372 1448 1487 1476 hostes?
1509 1448 1610 1475 lterum
1635 1449 1860 1483 persequentur?

1062 1494 1098 1521 At
1117 1494 1224 1521 Domini
1241 1499 1279 1521 est
1296 1499 1366 1521 terra
1383 1499 1407 1522 et
1422 1494 1558 1528 plenitudo
1573 1494 1630 1529 ejus
1642 1494 1675 1520 ".
1703 1494 1805 1522 lterum
1828 1495 1858 1522 itt

1023 1549 1045 1578 α
1062 1546 1199 1566 carcerein
1209 1538 1405 1574 compingent?
1415 1539 1450 1565 At
1459 1539 1526 1566 nihil
1538 1546 1648 1566 carcere
1657 1543 1769 1574 propter
1779 1539 1860 1566 Chri-

1063 1590 1134 1611 stum
1146 1585 1306 1620 jucundius.
1326 1585 1428 1612 lterutn
1446 1584 1539 1620 ﬂagris
1553 1584 1733 1612 multabunt?
1746 1584 1780 1611 At
1798 1585 1861 1620 plu-

1063 1630 1136 1656 rium
1154 1637 1320 1656 coronarum
1338 1634 1464 1658 auctores
1475 1630 1555 1657 nobis
1564 1634 1655 1657 erunt.
1671 1629 1720 1656 Sin
1739 1634 1767 1657 ct
1783 1630 1861 1657 occi-

1063 1675 1139 1706 dettt,
1156 1681 1183 1702 at
1199 1675 1308 1702 occisus
1323 1679 1402 1702 estet
1417 1675 1551 1703 Dominus
1562 1680 1666 1702 noster.
1684 1675 1715 1702 Si
1725 1673 1861 1702 commar-

1064 1721 1102 1747 tui
1115 1729 1216 1753 sumus,
1228 1721 1325 1755 inquit,
1335 1725 1359 1747 et
1374 1721 1540 1748 convivemus
1552 1720 1585 1747 ⁸⁸.
1595 1719 1671 1749 Talis
1683 1725 1742 1748 erat
1763 1722 1862 1748 beatus

1064 1773 1096 1792 ac
1113 1773 1238 1793 sutnmus
1249 1765 1351 1793 Christi
1373 1769 1478 1801 martyr
1493 1764 1656 1793 Theodorus
1673 1785 1681 1798 ,
1699 1765 1780 1800 cujus
1797 1774 1863 1801 per-

1064 1812 1171 1847 agiuius
1183 1813 1355 1845 memoriam,
1365 1816 1464 1840 cuncta
1473 1812 1508 1840 ob
1521 1811 1666 1840 Christum
1679 1818 1741 1839 enin
1758 1813 1864 1847 gaudio

1065 1866 1173 1893 passus.
1184 1858 1239 1886 Ilae
1256 1859 1355 1887 fiducia
1369 1864 1397 1887 et
1407 1859 1486 1886 nihili
1503 1866 1553 1886 nos
1573 1867 1684 1894 quoque
1698 1858 1790 1886 adhuc
1807 1859 1863 1886 Deo

1064 1905 1229 1937 serviamus,
1251 1905 1302 1933 hac
1311 1913 1359 1941 spe
1371 1905 1533 1933 alllictiones
1550 1912 1647 1932 omnes
1664 1908 1693 1932 et
1717 1904 1863 1939 angustias

1065 1959 1157 1979 rerum
1175 1952 1337 1986 toleremus,
1358 1959 1415 1987 quo
1439 1959 1501 1979 cum
1519 1950 1690 1981 obedientia,
1718 1955 1777 1977 tuin
1794 1958 1863 1978 cou-

1066 1997 1187 2026 l'cssione
1204 1999 1325 2026 caelestis
1343 1998 1420 2034 regni
1438 1997 1625 2025 liaereditatem
1638 2005 1798 2030 quaeramus
1814 2004 1865 2032 per

1064 2043 1206 2070 Christum
1226 2043 1320 2071 Jesum
1337 2043 1484 2070 Dominum
1505 2047 1632 2071 nostrum
1649 2051 1656 2070 :
1677 2043 1720 2069 cui
1734 2043 1821 2076 gloria
1836 2048 1866 2070 et

1067 2090 1212 2125 imperium
1239 2097 1302 2117 cum
1320 2089 1401 2117 Patre
1421 2097 1453 2117 ac
1469 2094 1565 2116 sancto
1587 2089 1701 2124 Spiritu,
1723 2096 1810 2122 nunc,
1836 2093 1865 2116 et

1066 2142 1184 2169 semper.
1197 2136 1225 2161 in
1239 2142 1405 2169 omnemque
1420 2135 1642 2169 perpetuitatem.
1658 2134 1757 2161 Amen.

1364 2180 1481 2208 SERMO
1500 2180 1558 2208 XV.

224 2223 340 2250 ιιιωιιιιθ
370 2213 519 2262 εθηῖξηίξδθ
545 2214 674 2262 θιιθξιιίοτ
700 2214 762 2241 ﬁam
777 2223 784 2242 ³
799 2222 862 2242 nam
891 2214 1013 2250 prorem”
1033 2218 1053 2245 θ
1071 2226 1135 2255 Post
1153 2225 1333 2254 Prtecursoris
1349 2227 1513 2254 memoriam.
1530 2226 1688 2262 Dogmatica
1707 2227 1740 2254 de
1754 2233 1866 2255 sancto-

224 2262 279 2289 vita
305 2262 362 2289 hac
377 2260 507 2288 confusio
526 2265 579 2292 est.
604 2261 631 2287 iii
653 2269 736 2295 quain
761 2269 904 2289 sermones
924 2262 1016 2289 vitiosi

224 2315 356 2343 ventoque
379 2307 567 2334 iuauditioncs
579 2307 702 2342 quotidie
720 2307 891 2341 incumbant,
909 2307 1018 2336 diabolo

225 2361 338 2389 quaque
356 2361 404 2389 per
420 2353 576 2381 contrarias
589 2354 772 2389 cogitationes
786 2358 938 2389 grassante.
952 2354 1018 2387 Quae

224 2400 333 2428 amoliri
353 2407 462 2435 semper
483 2403 591 2434 oportet
604 2407 751 2433 sermone,
768 2407 801 2427 ae
819 2400 1017 2427 conscientiam

226 2449 347 2482 pi-tetere
376 2452 472 2480 paraui
497 2450 523 2472 et
545 2445 694 2477 insontem,
711 2449 793 2479 atque
813 2445 845 2472 ad
863 2444 928 2479 quid
946 2452 1018 2471 coni-

226 2492 314 2527 parati
326 2499 423 2519 sumus
440 2491 512 2518 serio
529 2491 679 2518 revolvere.
693 2491 734 2517 Ad
753 2490 818 2524 quid
831 2494 922 2517 autent
942 2498 1017 2517 cont-

226 2538 314 2573 parati
329 2546 427 2565 sutuus
437 2538 449 2564 ?
461 2537 574 2565 Scilicet
589 2537 718 2565 servituri
735 2537 797 2563 viro
821 2544 854 2563 ac
873 2544 937 2563 vero
950 2535 1015 2570 Deo,

226 2590 253 2612 et
265 2585 446 2619 “spectaturi
458 2583 561 2610 Filium
577 2583 635 2618 ejus
652 2583 685 2609 de
698 2582 769 2610 caelis
783 2591 858 2615 quem
878 2583 1015 2609 suscitavit

225 2638 258 2657 ea:
284 2631 408 2660 mortuis,
434 2629 540 2661 .lesutn,
565 2629 609 2663 qui
633 2629 727 2661 eripuit
754 2636 800 2655 nos
830 2628 862 2654 ab
890 2628 932 2654 ira
956 2636 1016 2655 ocn-

227 2682 288 2702 tura
300 2676 333 2708 “,
350 2675 510 2703 auctoribus
521 2675 644 2702 Litteris.

261 2723 322 2749 Jam
339 2721 430 2749 nullus
445 2722 541 2748 Iterum
558 2729 653 2748 servus
666 2720 821 2755 opperiens,
832 2727 882 2748 nec
897 2720 1017 2755 judicent

228 2775 302 2800 retis,
322 2768 435 2800 dormit,
446 2771 473 2795 et
481 2767 565 2802 quieti
584 2773 665 2802 atque
680 2767 786 2795 facibus
805 2766 938 2802 indulget,
951 2766 1016 2802 quiti

1197 2270 1256 2288 rum
1276 2262 1421 2297 imaginata
1441 2262 1514 2288 cultu
1525 2267 1549 2288 et
1561 2263 1727 2289 adoratione.

1105 2306 1216 2334 Fratres
1232 2306 1382 2341 Patresque
1392 2327 1401 2339 ,
1426 2306 1483 2334 heri
1499 2306 1682 2334 Praecursoris
1697 2307 1866 2334 memoriam

1069 2353 1175 2381 feriatis
1192 2354 1307 2380 omnino
1325 2354 1400 2380 venit
1417 2354 1444 2379 in
1456 2356 1575 2380 mentetn
1588 2357 1615 2380 et
1629 2352 1711 2380 obita:
1726 2353 1754 2379 in
1768 2362 1867 2381 inuita-

1069 2399 1153 2427 sterio
1167 2399 1230 2426 vita:
1247 2398 1410 2431 recordatio,
1429 2403 1458 2424 nt
1479 2403 1536 2425 tum
1555 2398 1648 2425 cuncti
1673 2398 1700 2425 in
1718 2397 1767 2426 Dei
1781 2399 1869 2426 domo

1069 2453 1192 2478 eramus,
1208 2445 1360 2472 concordes
1373 2444 1516 2478 degentes,
1530 2448 1559 2470 tit
1569 2451 1642 2472 nunc
1656 2444 1728 2471 alius
1745 2444 1801 2471 alio
1818 2453 1869 2472 sn-

1071 2499 1132 2518 ntus
1159 2490 1296 2525 dispersi,
1329 2491 1355 2517 iii
1379 2490 1487 2517 diversa
1517 2490 1577 2518 loca
1607 2495 1690 2525 atque
1726 2491 1868 2525 regiones.

1070 2537 1231 2571 Ouanquatn
1247 2541 1304 2564 tum
1320 2536 1394 2571 quod
1407 2536 1442 2564 ob
1457 2535 1559 2563 Christi
1580 2544 1735 2564 sermonem
1766 2544 1867 2564 sumtis

1070 2583 1187 2618 dispersi
1210 2582 1329 2617 gaudere
1345 2583 1494 2616 debemus,
1516 2590 1549 2610 ex
1565 2583 1617 2610 hoc
1634 2583 1764 2617 praecepti
1786 2590 1868 2609 man-

1071 2629 1145 2661 dato,
1168 2629 1297 2660 Gaudete,
1317 2633 1341 2656 et
1360 2629 1507 2661 exsultate,
1525 2629 1650 2664 quoniam
1664 2636 1760 2655 merces
1780 2633 1870 2655 vestra

1071 2677 1176 2710 copiosa
1193 2679 1230 2702 est
1250 2676 1276 2701 in
1291 2675 1362 2702 cadis
1376 2676 1418 2707 ⁶’⁹;
1453 2679 1509 2701 tum
1540 2675 1623 2701 etiam
1653 2674 1726 2709 quod
1756 2674 1868 2701 Domini

1072 2721 1201 2755 quiddam
1231 2720 1318 2747 instar
1332 2720 1476 2752 habemus,
1498 2721 1578 2752 cujus
1597 2721 1655 2747 haec
1672 2725 1738 2748 sunt
1757 2722 1844 2748 verba
1860 2729 1866 2746 :

1073 2766 1102 2793 Si
1111 2775 1150 2794 me
1163 2766 1291 2801 persecuti
1301 2771 1405 2799 sunt,et
1420 2774 1463 2792 vos
1473 2771 1675 2801 persequentur;
1684 2767 1708 2793 si
1718 2774 1868 2793 sermonem

264 2838 286 2852 "
298 2837 376 2864 Joau.
389 2838 488 2869 ".22.
526 2838 550 2853 "
559 2837 630 2865 Psal.
648 2830 739 2869 ιιιβῶ.
778 2838 800 2853 ⁸⁸
812 2838 917 2865 Coloss.
938 2845 980 2871 tit,
995 2837 1037 2865 l6.
1077 2836 1115 2863 "l
1127 2836 1225 2865 Thess.
1243 2845 1262 2868 t,
1281 2837 1322 2864 10.
1362 2837 1399 2864 “l
1414 2835 1511 2864 Thess.
1529 2845 1564 2869 iv,
1584 2836 1627 2870 l5,
1642 2836 1684 2864 lli.
1724 2836 1747 2851 "
1763 2835 1866 2863 Psaltn.

229 2879 309 2905 uiti,
330 2876 352 2900 ι.
392 2874 415 2889 ⁸⁸
430 2873 451 2900 ll
469 2873 542 2901 Titii.
561 2882 591 2907 ii,
610 2874 653 2901 tt.
692 2874 715 2889 εν
731 2873 827 2901 Matth.
844 2881 870 2908 v,
889 2873 931 2900 12.
