1916 3075
75 105 161 157 529‘

646 137 801 173 SERMON
806 144 850 175 ES
870 144 1130 175 CA'I‘ECHETICI.

1653 146 1706 177 530

75 191 345 219 ιηειιιηκτυαυιηιηι,
356 193 381 214 et
392 193 670 226 restrumternabunt;
682 197 727 222 sed
741 198 796 224 Ita-c
809 208 866 225 um-
882 205 903 231 Α
920 204 1056 227 terrarum
1073 200 1168 227 orbem
1197 200 1303 232 vicere,
1334 201 1511 228 tenebrioues
1536 201 1706 228 illustrantes

74 229 118 254 nia
131 229 229 263 facient
248 232 318 259 vobis
332 240 439 268 propter
451 244 544 264 nomen
560 247 655 272 "reum,
670 242 733 276 quia
746 245 864 272 nesciunt

73 282 130 301 eum
145 277 191 310 qui
208 278 280 305 misit
297 287 338 306 me
351 280 392 311 7';
414 289 510 310 revera
530 291 649 320 namque
669 292 698 315 ut
712 287 798 317 Judaei
815 291 866 317 Pa-

75 324 141 346 trem
158 320 297 356 ignorant,
309 325 356 358 qui
370 324 471 353 Filiqu
488 328 654 363 defugerim,
671 332 712 360 sic
724 334 866 362 lconomao

74 366 116 392 chi
126 366 267 396 Christum
277 370 416 404 ignorant,
425 372 472 407 qui
481 373 541 407 ejus
550 374 692 411 imaginem
701 378 864 408 detractent.

75 411 207 446 Equidem
222 422 285 442 cum
300 418 445 450 perspicua
457 420 558 448 veritas
573 426 625 454 est,
637 427 694 450 tum
711 424 865 461 intelligens

76 466 145 486 unus
159 466 174 486 e
192 460 278 488 mille.
298 462 337 489 Ac
352 463 452 496 videte,
470 466 550 494 sultis
564 488 571 499 ,
589 467 746 502 bipartitam
767 460 864 500 eorum

74 505 236 540 sacrilegam
263 508 469 543 opinationem,
494 521 569 540 nunc
590 514 691 542 Christi
717 516 863 552 imaginem

73 551 176 578 nullam
191 552 411 589 depangendam,
430 565 504 585 nunc
519 559 736 596 depangendam,
755 551 802 590 sed
817 572 862 591 ve-

73 597 114 624 lut
127 605 189 632 quae
206 599 269 626 belli
291 608 323 627 ac
334 607 448 630 venatus
463 605 631 633 monimenta
641 606 775 637 locantur.
787 607 865 638 Unde

73 650 123 670 nec
137 644 310 673 adorandum
326 654 440 675 censent
452 658 459 677 :
473 650 607 685 siquidem
621 660 670 679 nec
683 654 746 686 equi
762 654 863 695 imitgo,

72 696 122 716 nec
137 688 228 723 bovis,
247 699 299 719 nec
313 692 410 726 leonis,
429 703 479 723 nec
496 697 616 730 pardalis
628 718 635 730 ,
651 706 700 726 nec
718 688 863 734 serpentis,

72 743 122 762 nec
144 735 236 769 alitis,
265 745 316 765 nec
331 738 416 774 piscis
439 741 581 769 adoretur.
608 743 708 779 Ecquis
737 747 863 780 (malum)

71 789 154 808 sensu
171 783 294 812 imbutus
312 790 368 817 est.
385 787 432 821 qui
449 795 501 814 non
520 788 563 816 his
583 789 769 824 ingemiscat?
786 792 833 826 qui
848 800 862 819 a

71 826 200 862 lacrymis
226 831 381 864 temperet?
398 831 471 859 itane
499 833 572 861 haud
598 836 686 863 vereri
716 837 862 872 imaginem

70 871 185 904 Christi,
197 881 279 908 quam
294 876 382 910 angeli
401 884 576 912 venerantur,
593 871 861 916 horrentdaaniones,

71 926 132 945 rum
151 918 218 948 feris
229 921 467 957 quadrupedibus,
492 927 684 961 serpentibus,
707 929 804 957 avibus
835 938 863 958 et

71 965 239 998 aquatilibus
247 974 413 1002 componere
421 977 454 998 ac
462 972 664 1001 condecorare?
675 982 691 1001 ο
702 975 860 1003 horribilem

71 1011 155 1038 anitni
173 1012 419 1048 deformationem,
445 1021 528 1052 atque
549 1019 752 1048 borribiliorem
778 1023 862 1050 auda-

70 1057 159 1086 ciaml
174 1059 243 1087 Tum
258 1061 324 1096 quid
341 1063 454 1090 autem?
470 1064 590 1092 hominis
611 1065 757 1101 imaginem
770 1067 860 1095 homi-

70 1112 130 1130 nem
144 1110 255 1138 vocant,
271 1107 367 1134 bovem
387 1108 477 1142 bovis,
495 1110 604 1137 asinum
620 1111 702 1145 asini,
721 1113 857 1140 camelum

69 1151 179 1183 cameli,
196 1152 334 1185 perdicem
349 1154 466 1188 perdicis
479 1175 487 1186 ,
498 1156 650 1193 eademque
666 1162 693 1184 et
712 1158 738 1184 in
753 1160 860 1187 caeteris

69 1201 123 1222 tam
135 1198 325 1232 comparibus,
339 1207 421 1234 quam
434 1201 591 1236 disparibus
604 1210 650 1230 seu
663 1204 858 1238 animantibus,

69 1250 116 1269 seu
136 1243 240 1277 plantis
261 1245 333 1272 ratio
348 1245 437 1279 valet;
462 1253 592 1275 cancrum
607 1248 722 1283 Christi,
741 1255 790 1277 aut
802 1250 860 1278 Dei-

68 1296 151 1322 ρει-ε,
173 1294 221 1316 aut
234 1290 370 1325 cujusque
384 1296 556 1326 sanctorum,
578 1302 668 1330 neque
684 1296 858 1331 primigenio,

69 1342 157 1369 neque
166 1334 290 1363 eﬂictitie
304 1338 441 1365 nominari
453 1340 606 1373 patiuntur,
616 1342 663 1368 sed
678 1341 729 1369 hoc
739 1347 858 1373 tantum.

69 1379 215 1414 imaginem
234 1386 350 1414 vocant,
380 1382 478 1417 cujus,
500 1392 554 1412 non
571 1385 720 1419 addentes,
741 1395 775 1415 ne
795 1387 859 1416 hinc

68 1429 233 1457 teneantur,
263 1430 338 1454 tanta
356 1427 496 1462 impietate
535 1434 563 1457 et
582 1430 717 1466 imperitia
741 1438 857 1461 scatent.

69 1471 120 1498 Sed
137 1477 234 1498 vacate
249 1472 294 1500 hic
307 1473 385 1505 mihi,
402 1473 511 1506 fratres,
527 1481 555 1503 et
574 1476 626 1504 hoc
647 1478 758 1509 insuper
776 1478 809 1506 ad
827 1487 858 1506 ea

916 246 1005 273 fatuos
1018 246 1150 273 salientes
1165 266 1171 277 ,
1184 254 1275 280 peram
1290 247 1380 279 modo,
1397 247 1580 282 baculumque
1595 252 1707 282 portan-

879 320 882 322 _
917 297 965 319 tes.
987 291 1062 325 Quos
1081 293 1215 325 :emulati,
1237 292 1347 325 fratres,
1369 293 1498 327 utrinque
1512 293 1620 320 laudem
1636 302 1707 328 qua~

915 345 1021 369 ramus,
1035 339 1214 372 praesentibus
1230 339 1368 370 contenti,
1390 346 1443 365 nou
1466 338 1590 373 pecuniis
1609 339 1704 370 dediti,

915 383 974 411 sine
989 384 1098 419 pnediis
1112 385 1195 419 (quod
1213 392 1265 412 non
1290 389 1378 412 vestra
1398 385 1527 420 equidem
1547 392 1639 416 causa,
1658 386 1705 412 scd

915 437 1043 456 errouum
1074 430 1190 463 dixerim
1206 431 1214 464 )
1246 437 1299 457 non
1318 430 1512 464 intempestive
1529 431 1704 464 prodeuntes,

915 484 969 503 non
989 476 1106 504 feminas
1133 476 1344 503 contubernales
1369 477 1517 508 habentes,
1543 475 1614 502 unde
1631 483 1706 502 mors

914 522 1030 549 conﬂata
1042 527 1094 549 est.
1115 522 1201 554 Quam
1224 523 1246 549 si
1261 522 1325 548 vita:
1339 522 1474 549 rationem
1496 529 1660 556 sequemur,
1679 526 1705 548 et

915 567 970 595 Deo
985 575 1034 602 per
1049 575 1099 595 nos
1116 568 1212 602 gloria,
1231 575 1264 595 ac
1279 567 1457 600 confessioni,
1475 575 1536 602 quae
1549 575 1605 602 pra:
1619 567 1706 594 manis

915 613 965 640 bus
976 618 1027 645 est,
1040 613 1184 641 celebritas
1196 618 1318 648 paretur,
1334 619 1361 641 et
1379 613 1472 641 hostes
1488 614 1544 648 jam
1555 615 1611 647 jam
1625 621 1704 640 vere-

913 658 1012 685 cundia
1033 659 1065 685 ad
1083 659 1186 694 frugem
1201 659 1256 686 sint
1271 659 1384 686 redituri
1401 667 1407 685 :
1427 659 1468 696 sin
1490 659 1582 686 minus
1605 667 1704 694 seque-

914 713 984 736 mur,
1003 706 1153 740 periculum
1169 711 1210 733 est
1239 714 1272 734 ne
1296 714 1346 741 pro
1373 706 1542 733 beatitudine
1571 714 1704 740 perennes

913 758 1010 786 pmnas
1024 751 1188 780 referamus.
1202 752 1339 780 Caeterum
1352 752 1427 787 pacis
1443 752 1524 784 Deus,
1545 752 1592 787 qui
1610 753 1703 780 omnia

913 798 1060 829 comertit,
1074 802 1156 832 atque
1172 798 1200 825 in
1217 798 1315 826 melius
1334 799 1458 832 dillingit,
1477 803 1533 825 tum
1553 797 1702 826 Ecclesiam

914 847 1074 877 componat,
1092 847 1148 870 tum
1162 851 1211 870 vos
1233 843 1338 870 imbuat
1355 843 1513 878 prudentia,
1534 847 1703 878 cunctosque

914 888 941 915 in
959 888 1068 916 cteleste
1091 896 1203 923 regnum
1221 893 1366 916 conservet
1382 896 1430 924 per
1444 888 1586 916 Christum
1609 888 1702 916 Jcsum
1741 903 1744 907 ~

915 934 1059 961 Dominum
1076 939 1200 962 nostrum
1220 944 1225 961 :
1243 935 1287 962 cui
1312 934 1398 970 gloria
1423 939 1451 962 et
1472 934 1616 968 imperium
1641 943 1702 962 cum

913 979 994 1008 Patre
1017 987 1050 1008 ac
1064 986 1160 1007 saneto
1177 978 1294 1015 Spiritu,
1310 987 1394 1012 nunc,
1409 985 1436 1007 et
1453 986 1576 1013 semper,
1592 979 1619 1006 in
1645 987 1703 1006 om-

913 1034 1029 1062 nemque
1040 1026 1260 1062 perpetuitatem.
1283 1026 1381 1054 Amen.

1211 1084 1327 1112 SERMO
1344 1084 1415 1112 XVI.

913 1128 945 1156 In
962 1129 1064 1157 aestatis
1080 1129 1197 1156 initium.
1222 1129 1259 1156 De
1271 1130 1397 1156 vitiorum
1422 1128 1580 1162 carnificina
1604 1135 1629 1157 et
1649 1131 1704 1165 spi-

1207 1165 1298 1191 rituali
1316 1173 1408 1192 messe.

947 1209 1056 1238 Fratres
1067 1211 1227 1246 Patresque,
1245 1215 1326 1239 aestas
1350 1213 1442 1248 agitur
1453 1233 1460 1245 .
1477 1218 1640 1248 tempusque
1662 1216 1703 1240 est

911 1256 1034 1283 laborum
1058 1264 1090 1283 ac
1112 1257 1242 1284 sudorum
1261 1266 1267 1284 :
1286 1265 1346 1284 nam
1366 1258 1502 1293 prodeunt
1517 1259 1647 1286 mortales
1668 1258 1702 1285 ad

910 1292 996 1336 opus,
1013 1302 1236 1338 functionemque
1252 1311 1329 1331 suam
1355 1305 1381 1331 in
1411 1313 1573 1340 vesperum,
1591 1304 1702 1339 obstipi,

911 1348 1021 1380 rective,
1034 1352 1174 1383 utcunque
1185 1349 1294 1383 expedit
1308 1359 1314 1376 :
1329 1356 1380 1377 nec
1400 1350 1547 1384 requietem
1566 1350 1616 1377 sibi
1641 1358 1702 1385 per-

910 1393 1031 1427 mittunt,
1047 1394 1112 1421 dum
1131 1395 1228 1422 messis
1245 1394 1300 1427 sit,
1322 1403 1354 1422 ac
1371 1395 1467 1422 tritura
1489 1401 1599 1430 peracta
1613 1416 1619 1428 ,
1642 1403 1703 1430 qua:

911 1445 966 1472 prae
987 1439 1115 1466 manibus
1138 1443 1204 1467 sunt
1229 1439 1255 1467 in
1281 1441 1409 1468 horreum
1429 1442 1534 1469 semina
1561 1448 1701 1476 congesta.

909 1484 979 1517 Quid
995 1492 1059 1520 ergo
1072 1485 1116 1512 hic
1129 1485 1220 1512 dicere
1237 1486 1300 1513 est?
1315 1487 1444 1514 nimirum
1461 1488 1483 1515 si
1502 1488 1529 1514 in
1546 1487 1703 1515 carnalibus

66 1524 127 1550 quae
137 1518 227 1544 sancti
238 1518 344 1552 Patres,
354 1527 459 1554 nosque
469 1521 678 1550 diximusuauci
692 1526 857 1559 cognoscite.
873 1544 893 1573 ο
912 1530 952 1558 sic
965 1538 1008 1557 res
1022 1518 1113 1562 liabet,
1129 1532 1217 1559 multo
1233 1533 1320 1567 magis
1341 1533 1367 1559 in
1392 1533 1582 1568 spiritualibus
1607 1541 1703 1560 neces—

68 1563 95 1589 Si
111 1564 183 1597 loca,
203 1564 231 1590 in
246 1564 348 1598 quibus
367 1566 458 1594 editus
483 1571 526 1594 est
543 1568 682 1601 Christus,
708 1571 856 1605 adoranda,

68 1614 149 1644 atque
165 1614 262 1637 sancta
278 1615 383 1638 etsunt
401 1616 429 1638 et
437 1611 578 1645 dicuntur,
591 1621 624 1641 ac
637 1615 776 1649 pulverem
794 1615 857 1643 inde

67 1660 113 1682 aut
127 1655 245 1689 lapidem
262 1661 371 1688 nactus,
397 1665 448 1684 ceu
468 1666 577 1686 sacrum
592 1661 782 1695 complectitur
797 1662 857 1689 the-

68 1708 194 1732 saurum,
208 1707 313 1735 quanto
337 1704 426 1738 magis
440 1703 542 1732 Christi
557 1707 722 1735 venerabilis
746 1713 774 1735 et
788 1709 856 1736 ado-

69 1745 153 1772 randa
165 1751 210 1773 est
224 1746 326 1782 imago,
341 1747 367 1774 in
380 1756 433 1783 qua
448 1749 530 1782 inest,
543 1750 615 1778 velut
632 1752 658 1778 in
674 1753 796 1787 speculo,
810 1755 857 1789 qui

67 1790 155 1819 elucet
183 1797 267 1826 atque
282 1793 435 1820 adorator?
449 1794 486 1822 Ea
503 1800 545 1823 est
559 1797 632 1824 enim
649 1802 747 1826 natura
761 1800 858 1836 imagi-

71 1838 123 1870 nis,
138 1843 169 1865 ut
181 1839 370 1872 repraisentaIi
392 1845 471 1875 gerat
487 1841 594 1870 faciem.
609 1842 679 1876 Quin
693 1845 745 1872 coli
766 1845 859 1874 Romae

68 1889 93 1911 et
109 1885 297 1919 apostolorum
322 1886 472 1921 principis,
496 1887 587 1921 Petri,
616 1890 709 1918 claves
737 1891 858 1928 intelligo

67 1938 227 1965 quanquatn
237 1930 370 1959 horninus
384 1933 404 1948 ⁷¹
415 1933 440 1960 ei
453 1942 624 1970 nequaquam
639 1936 730 1964 claves
749 1943 791 1965 est
803 1938 860 1965 lar-

67 1977 138 2011 gitus
155 1985 218 2011 qua:
232 1978 284 2005 sub
303 1986 414 2006 sensum
435 1986 499 2007 sunt
519 1981 657 2016 subjectae,
674 1984 722 2010 sed
736 1991 797 2019 quae
814 1986 857 2011 in-

67 2023 219 2058 telligentia
234 2029 371 2057 tenentur,
393 2026 511 2059 ligatum
527 2032 609 2062 atque
620 2029 756 2057 soluturo.
773 2030 806 2057 At
819 2030 858 2058 illi

65 2074 181 2104 argento
196 2070 372 2104 fabrefactas,
385 2079 540 2107 proponunt
554 2075 719 2108 adorandae,
733 2080 806 2103 tanta
817 2081 859 2104 est

64 2123 162 2143 eorum
185 2116 291 2152 religio.
320 2119 413 2154 Ibique
442 2120 583 2155 religionis
612 2121 692 2156 quasi
720 2122 857 2157 quoddam

65 2161 203 2196 irruptum
222 2171 321 2191 saxum
343 2172 377 2191 ex
393 2165 535 2192 Dominica
554 2167 690 2193 sententia
713 2166 856 2194 fundatum

910 1576 985 1603 sario
997 1576 1138 1603 theorema
1155 1577 1266 1610 habere,
1283 1578 1424 1612 proposita
1437 1583 1479 1606 est
1489 1580 1564 1606 enim
1578 1584 1604 1606 et
1621 1579 1702 1606 nobis

908 1626 998 1648 testas.
1011 1621 1071 1654 Quo
1085 1622 1201 1656 pertinet
1213 1623 1336 1656 Apostoli
1351 1623 1454 1650 dictum
1468 1632 1473 1650 :
1491 1623 1544 1656 Qui
1559 1632 1638 1657 parce
1660 1632 1702 1650 se-

909 1667 1004 1700 minat,
1020 1675 1099 1701 parte
1111 1673 1136 1694 et
1152 1673 1230 1695 metet
1244 1689 1252 1701 ,
1271 1673 1296 1695 et
1310 1669 1355 1703 qui
1369 1669 1481 1696 seminat
1497 1669 1525 1695 in
1540 1669 1699 1696 benedictio-

909 1712 995 1744 uibus,
1008 1712 1035 1739 in
1046 1713 1270 1741 benedictionibus
1283 1720 1307 1741 et
1324 1718 1401 1742 metet
1413 1715 1446 1741 "'.
1472 1714 1578 1741 Domini
1592 1722 1701 1749 quoque

908 1758 942 1785 ad
960 1758 1111 1793 discipulos
1127 1761 1185 1787 haec
1203 1760 1340 1787 sententia
1354 1765 1398 1787 est
1416 1769 1423 1788 :
1439 1759 1534 1787 Nonne
1556 1768 1599 1787 vos
1612 1760 1701 1786 dicitis

908 1804 978 1839 quod
991 1804 1078 1831 adhuc
1100 1809 1216 1840 quatuor
1229 1813 1330 1833 mentes
1348 1812 1420 1839 sunt,
1443 1811 1467 1833 et
1488 1807 1579 1833 mem:
1607 1806 1675 1833 venit
1690 1807 1703 1832 γ

911 1849 975 1877 Ecce
989 1850 1049 1877 dico
1060 1850 1141 1882 vobis,
1154 1850 1236 1878 levate
1250 1852 1341 1879 oculos
1354 1857 1464 1884 vestros,
1481 1858 1505 1879 et
1515 1853 1599 1879 videte
1614 1853 1701 1887 regio-

909 1903 954 1922 nes
967 1916 974 1928 ,
1000 1897 1063 1930 quia
1076 1895 1144 1923 nilne
1167 1903 1229 1923 tum
1246 1897 1303 1930 iam
1320 1899 1355 1925 ad
1377 1906 1496 1930 messem,
1516 1903 1541 1925 et
1558 1898 1603 1933 qui
1626 1898 1702 1924 metit

910 1943 1052 1969 mercedem
1069 1943 1166 1977 accipit
1183 1950 1192 1969 :
1207 1948 1232 1970 et
1260 1948 1401 1979 congregat
1428 1945 1543 1977 fructum
1565 1945 1593 1971 in
1620 1945 1700 1971 vitam

908 1992 1045 2020 wternnm,
1069 1992 1098 2014 ut
1115 1993 1140 2015 et
1154 1989 1201 2022 qui
1220 1989 1334 2016 sentiunt
1353 1989 1433 2016 simul
1450 1989 1582 2024 gaudeat,
1611 1994 1635 2016 et
1654 1989 1700 2023 qui

910 2034 983 2060 metit
993 2033 1026 2060 ⁷⁸.
1046 2033 1085 2060 En
1100 2034 1235 2069 obiectam
1252 2035 1331 2061 nobis
1348 2042 1476 2062 messem.

944 2078 1129 2112 Quamobrem
1154 2081 1319 2115 prodeamus
1350 2081 1457 2108 alacres
1490 2089 1541 2108 nos
1572 2089 1699 2116 quoque.

910 2125 1040 2159 messuri,
1069 2134 1101 2154 ac
1120 2127 1229 2155 fructus
1253 2135 1449 2162 congeramus,
1479 2135 1534 2154 non
1563 2128 1700 2158 carnales,

909 2170 957 2198 sed
971 2171 1142 2206 spiritualcs,
1159 2177 1186 2200 et
1200 2173 1244 2207 qui
1262 2180 1397 2208 perennes
1412 2174 1531 2206 durent;
1547 2174 1700 2200 sanctimo—

64 2211 116 2238 Cal,
134 2207 192 2240 hic,
209 2213 239 2235 ut
253 2215 376 2244 apparet,
396 2211 535 2239 cmuulata
551 2213 752 2248 irreligtositas,
765 2220 793 2242 et
810 2215 858 2242 im.
875 2212 896 2240 D
912 2218 1001 2249 niam.
1034 2225 1128 2252 pacem
1140 2238 1147 2251 ,
1165 2207 1330 2247 charitatem
1342 2240 1349 2252 ,
1374 2219 1520 2253 gaudium,
1541 2219 1679 2247 lenitatem
1692 2241 1699 2250 ,

65 2254 201 2287 probitas.
227 2255 411 2289 Quamobrem
440 2259 522 2286 nauci
550 2259 595 2285 hic
621 2266 672 2294 ego
686 2268 749 2287 cum
774 2260 859 2288 animi

65 2305 194 2333 incestus,
219 2305 276 2328 tum
299 2310 408 2337 poenam
428 2304 527 2331 timens
549 2304 672 2335 silentii,
697 2307 858 2334 necessitate

64 2345 163 2380 loquor
171 2353 235 2381 quae
243 2347 351 2382 loquor,
364 2349 466 2382 brevia,
477 2355 506 2376 et
516 2357 664 2385 perpauca.
677 2350 786 2379 Scilicet
795 2360 857 2380 cum

63 2391 164 2418 sectari
182 2392 266 2424 clam,
283 2393 439 2429 palatoque,
457 2399 484 2421 et
502 2395 620 2430 scripto,
636 2404 668 2423 ac
682 2397 741 2424 sine
755 2398 858 2432 scripto

63 2435 176 2471 impiam
192 2438 221 2465 in
237 2438 380 2467 Christum
402 2440 521 2475 linguam
539 2448 680 2475 moveant,
708 2451 758 2471 nos
781 2444 855 2472 domi

63 2485 166 2512 resides
195 2493 252 2513 non
282 2487 355 2514 serio
385 2488 457 2515 inter
476 2497 526 2515 nos
549 2489 657 2523 negotia
678 2494 826 2518 tractemus
845 2501 850 2518 :

62 2533 87 2555 et
100 2530 149 2564 qui
160 2530 272 2558 Domini
285 2531 405 2560 feremus
419 2533 487 2560 iratn
497 2534 508 2560 ?
519 2542 574 2568 quo
590 2539 670 2569 pacto
686 2535 856 2564 imitabimur

62 2576 156 2605 Patres
170 2597 178 2609 ,
193 2578 243 2612 qui
270 2578 297 2605 in
318 2579 457 2607 similibus
475 2581 644 2616 temporibus
662 2582 812 2614 subiicere,
829 2587 856 2610 ct

62 2624 172 2656 percelli
183 2644 191 2656 ,
207 2624 392 2659 proditionem
407 2627 556 2654 censebant
570 2627 714 2655 veritatis?
731 2628 855 2663 Loquen-

62 2667 128 2695 dum
142 2675 187 2697 est
205 2678 284 2705 ergo,
312 2671 550 2708 audiendumque,
574 2678 606 2700 et
626 2675 745 2701 sermoni
779 2676 855 2709 juxta

63 2722 96 2741 ac
111 2717 245 2749 operibus
267 2718 435 2752 vacandum;
457 2719 560 2746 etenim
579 2720 650 2747 beati
665 2721 786 2754 Apostoli
801 2729 855 2748 non

64 2760 153 2788 solum
168 2762 264 2790 divino
279 2765 432 2798 prec-enin,
450 2766 496 2792 sed
519 2766 656 2800 inculpata
676 2774 785 2802 quoque
801 2768 855 2794 vita

99 2852 122 2867 ⁷⁸
137 2851 216 2880 Joan.
233 2861 278 2886 sv,
293 2853 339 2881 20.
377 2855 399 2871 "
416 2854 509 2882 Matth.
527 2864 570 2883 xv:
597 2856 637 2884 i9.

679 2857 700 2872 “
715 2855 735 2882 ll
754 2858 807 2884 Cor
833 2864 868 2887 Ix,

911 2262 1096 2295 tolerantiam,
1118 2263 1326 2298 benignitatem.
1347 2263 1601 2295 mansuetudinem,
1617 2268 1699 2290 caete—

911 2316 956 2336 ras
972 2316 1070 2336 omnes
1085 2309 1213 2337 virtutes.
1227 2309 1259 2336 Hi
1277 2309 1392 2344 spiritus
1408 2313 1474 2337 sunt
1494 2310 1612 2340 fructus,
1630 2316 1700 2343 quos

909 2362 958 2389 per
973 2355 1111 2387 habitum,
1124 2363 1181 2390 quo
1193 2355 1398 2389 discernanius,
1415 2360 1548 2390 tanquam
1566 2355 1700 2382 ventilare

909 2407 1022 2428 necesse
1038 2406 1089 2433 est,
1111 2401 1162 2427 hoc
1182 2406 1235 2433 est,
1257 2401 1385 2428 virtutem
1408 2401 1609 2436 impermistam
1625 2401 1700 2428 vitiis

910 2453 1006 2480 parare
1027 2447 1155 2481 (exempli
1169 2455 1267 2479 causa,
1283 2455 1387 2479 amare,
1408 2455 1440 2475 ac
1455 2454 1509 2474 non
1526 2448 1697 2482 voluptarie;

910 2492 1032 2518 remulari
1047 2493 1190 2527 praeclara,
1211 2498 1238 2520 at
1257 2501 1311 2520 non
1335 2493 1440 2527 invide;
1460 2494 1494 2521 de
1507 2493 1592 2521 fratre
1614 2494 1697 2528 loqui,

909 2542 937 2564 at
958 2545 1013 2564 non
1031 2538 1189 2575 hostiliter),
1208 2539 1359 2574 potiusque
1382 2540 1489 2567 sincere
1512 2540 1625 2575 exsequi
1650 2539 1696 2566 Dei

910 2583 1091 2616 voluntatem,
1114 2585 1220 2617 bonum,
1237 2585 1300 2613 bene
1318 2585 1476 2620 placentem,
1495 2594 1526 2612 ac
1542 2586 1696 2620 perfectam,

908 2630 946 2657 uti
964 2631 1097 2664 scriptum
1121 2631 1205 2659 est".
1234 2631 1283 2659 Sin
1308 2636 1417 2667 oportet
1434 2632 1461 2658 in
1482 2631 1610 2659 horreum
1627 2640 1697 2665 quo-

906 2684 959 2710 que
979 2676 1115 2709 conferre,
1134 2677 1186 2705 hoc
1203 2678 1271 2705 illud
1290 2684 1333 2706 est
1347 2677 1477 2705 nimirum
1494 2678 1566 2712 quod
1584 2677 1696 2704 humili-

906 2725 961 2748 tate
986 2721 1120 2755 quzeritur
1138 2723 1308 2757 praesidium,
1339 2723 1474 2758 siquidem
1498 2724 1577 2758 jubet
1601 2724 1695 2750 Domi-

911 2773 963 2793 nus
979 2774 986 2794 :
1003 2765 1067 2792 Cum
1097 2767 1212 2800 feceritis
1238 2769 1327 2795 omnia
1341 2790 1347 2801 ,
1374 2769 1452 2795 dicite
1466 2777 1474 2794 .'
1490 2768 1562 2795 Servi
1589 2768 1695 2795 inutiles

889 2856 915 2884 6.
954 2856 1067 2884 "Joan.
1087 2866 1126 2890 tv,
1143 2858 1187 2890 55,
1202 2857 1245 2885 56.
1289 2857 1399 2886 "Rom.
1421 2866 1469 2890 Mt,
1490 2858 1515 2885 l.
