1916 3075
210 119 256 150 5Ἡ

814 123 845 153 S.
859 123 1058 153 THEODORI
1091 124 1265 154 STUDIT/E

1795 121 1847 153 532

206 185 308 208 sumus,
323 177 394 212 quod
408 177 544 206 debuimus
559 180 645 215 facere
657 180 766 215 fecimus
777 181 800 196 ”
812 190 819 214 ;
836 189 1004 216 rursumque
1018 185 1041 211 Α
1055 184 1195 218 operarios
1209 181 1335 210 carnales
1347 185 1489 216 promptos
1503 180 1612 215 opificia
1635 183 1752 207 tractare
1765 199 1773 210 .
1795 187 1847 206 nos

206 224 244 250 ait
259 222 411 258 Apostolus
428 233 434 250 :
453 224 524 256 Quid
545 225 625 253 habes
641 227 710 262 quod
737 235 790 254 non
812 227 956 262 accepisti;
978 227 1002 253 si

206 274 295 296 autem
319 270 456 304 accepisti,
481 271 545 305 quid
567 272 695 306 gloriaris
719 273 798 308 quasi
817 281 869 300 non
893 281 1001 307 accepe-

207 313 244 340 ris
256 313 300 340 7°?
317 314 380 342 Haec
395 323 427 342 ea
443 321 486 343 est
500 317 610 349 messis,
627 321 758 353 tantaque
775 319 917 353 proposita
934 326 1002 346 con-

209 361 297 388 tentio
323 366 376 395 est,
404 369 466 397 qua:
491 370 545 390 non
569 364 689 397 duobus,
713 365 835 393 tribusve
860 365 1002 392 mensibus

207 411 359 440 spectetur,
373 408 441 443 quin
460 409 493 436 ad
507 410 570 437 vitae
585 417 615 437 se
630 410 733 438 exitum
754 411 871 438 tendat:
889 411 1000 438 tametsi

205 457 366 486 comparata
392 454 425 481 ad
454 456 584 482 saeculum
611 455 747 489 futurum,
777 457 866 484 instar
892 457 1002 484 ducitur

208 498 290 526 unius
307 499 434 528 dieculae.
452 499 490 528 lbi
505 509 589 536 porro
604 502 667 530 finis
681 508 725 530 est
747 504 851 534 nullus,
869 503 906 530 ibi
926 503 1000 531 labo-

207 551 252 572 res
270 553 402 573 manuum
419 555 531 575 suarum
547 549 665 584 quisque
682 550 818 583 comedet,
833 550 869 577 ibi
886 550 1001 578 occabi-

207 598 270 617 mus
289 591 315 617 in
339 597 509 627 praepotente
527 595 576 621 ξιξνὶ
596 595 700 622 arbitro
724 600 751 623 et
769 595 834 623 hero
853 605 860 623 :
892 600 1000 624 tantum

208 636 299 664 adhuc
317 638 441 665 membra
464 639 521 666 ha-c
540 645 648 667 terrena
666 641 845 676 perimamus,
862 646 1000 677 stuprum,

208 681 364 714 libidinem,
381 684 594 719 impudicitiam,
611 677 731 720 pravam}
747 687 913 722 cupidinem,
937 695 1002 715 ava-

208 728 320 762 ritiam;
341 734 446 757 tantum
463 731 627 759 obedientia:
648 733 844 768 adhucjugum
866 733 1000 767 feramus,

208 774 340 803 benevole
357 776 427 803 alter
442 777 558 805 alterum
583 779 764 811 sustinentes,
785 787 924 815 oneraque
938 788 1000 807 mu-

207 825 255 847 tua
285 826 438 855 portantes,
465 831 498 850 ac
528 823 568 851 sic
595 824 696 851 Christi
726 824 872 859 implentes
898 825 998 860 legem,

207 867 442 900 quemadmodum
468 869 601 904 scriptum
620 869 706 896 est".
727 869 844 897 Felicem
866 877 932 898 vero
950 870 998 905 qui
1016 862 1036 889 Β

208 916 307 940 cuncta
323 921 378 947 pra:
389 914 518 942 cautione
533 919 660 946 veretur;
673 915 779 942 felicem
793 915 839 950 qui
851 916 1000 951 plurimum

207 959 371 986 contendit:
390 960 436 987 ubi
462 965 504 988 est
528 961 601 988 enim
625 961 714 996 major
732 962 883 994 contentio,
911 962 1001 996 majus

207 1011 318 1039 quoque
331 1008 357 1032 et
373 1006 514 1039 praemium
530 1011 583 1034 est.
602 1006 643 1034 Ac
659 1007 706 1042 qui
728 1007 881 1035 ministerio
895 1012 1002 1043 postre-

207 1057 268 1077 mas
287 1050 429 1085 deposcat,
445 1052 468 1079 is
484 1052 589 1087 primas
604 1052 722 1086 auferet,
740 1054 840 1088 quippe
855 1054 893 1081 ait
908 1053 1002 1081 Domi-

208 1104 261 1123 nus
275 1105 281 1123 :
297 1096 350 1129 Qui
365 1097 393 1124 in
409 1098 481 1125 vobis
494 1099 548 1125 uult
563 1107 619 1126 esse
636 1107 765 1131 summus,
781 1100 814 1126 sit
827 1101 943 1127 omnium
954 1109 1001 1133 po-

207 1146 322 1169 stremus
339 1147 364 1170 et
387 1144 504 1170 omnium
527 1145 651 1172 minis/er
665 1145 699 1172 ⁷⁸.
722 1144 766 1172 Sic
780 1145 871 1172 Filius
890 1147 1002 1173 hominis

209 1193 260 1212 non
275 1188 343 1213 uenit
364 1192 391 1214 ut
412 1189 611 1216 ministrarelnr
624 1191 659 1222 ei,
678 1191 724 1217 sed
737 1196 764 1218 ut
778 1192 956 1223 ministraret.
977 1197 1002 1219 et

209 1233 286 1259 daret
312 1234 431 1261 animam
457 1243 533 1262 suam
557 1237 764 1272 redemptionem
784 1245 832 1272 pro
855 1239 1001 1267 cunctis“.

209 1277 274 1305 Ilaec
291 1285 366 1310 cum,
388 1278 499 1313 fratres,
514 1281 679 1316 cogitemus,
696 1287 753 1309 tum
770 1291 852 1318 agere
873 1291 1003 1319 propere-

211 1332 284 1356 mus,
308 1332 401 1353 vocem
424 1326 495 1354 hanc
521 1327 647 1356 inaudire
662 1337 669 1355 :
685 1328 771 1364 Euge,
788 1337 860 1356 serve
884 1330 948 1357 bone
979 1335 1002 1357 et

210 1369 310 1403 ﬁdelis,
335 1379 413 1406 super
436 1380 522 1406 pauca
544 1373 620 1407 (uiui
643 1374 741 1408 ﬁdelis,
769 1382 848 1409 super
868 1375 953 1402 multa
979 1382 1004 1403 te

210 1418 379 1451 constituam,
405 1419 477 1445 intra
502 1420 528 1446 in
555 1419 686 1455 gaudium
711 1420 819 1448 Domini
843 1422 934 1448 tui":
959 1423 1003 1450 cui

210 1463 295 1498 gloria
310 1469 339 1492 et
360 1465 506 1499 imperium
522 1474 586 1493 cum
609 1466 690 1494 Patre
724 1474 756 1494 ac
773 1473 871 1495 sancto
887 1467 1002 1503 Spiritu.

211 1517 283 1537 nunc
314 1515 341 1538 et
369 1519 498 1547 semper,
529 1513 556 1540 in
584 1521 751 1549 omnemque
780 1516 1037 1561 perpetuitatemc

209 1556 308 1584 Amen.

495 1615 612 1644 SEMIO
634 1616 714 1645 XVII.

211 1659 242 1687 In
261 1665 390 1689 certatam.
418 1662 455 1690 De
471 1663 589 1700 spiritali
609 1671 691 1700 messe
716 1669 889 1700 contentaque
902 1665 1003 1693 Christi

416 1697 580 1732 famulorum
596 1699 795 1727 exercitatione.

245 1742 356 1771 Fratres
380 1742 543 1779 Patresque,
559 1745 625 1772 alitii
639 1750 747 1781 tempus
759 1751 802 1774 est
819 1748 957 1781 aestivum,
975 1753 1004 1775 ut

209 1790 320 1821 videtis.
337 1791 498 1825 passimque
509 1795 626 1826 surgunt
643 1791 677 1818 ad
700 1794 896 1827 comportanda
919 1801 1003 1829 grana

210 1835 313 1869 coloni,
341 1844 392 1864 nec
421 1841 568 1864 contentus
592 1836 680 1869 labor,
705 1841 753 1864 aut
781 1838 822 1865 sol
848 1838 1003 1874 deﬂagrans

210 1880 337 1915 opilicem
354 1880 466 1916 frangit,
483 1882 550 1916 quin
569 1881 723 1909 matutinus
742 1881 770 1908 in
792 1889 935 1917 vesperam
958 1884 1004 1911 de-

210 1931 316 1959 certat,
343 1935 417 1955 nunc
446 1928 589 1963 obstipus,
610 1935 685 1956 nunc
713 1932 819 1961 rectus,
845 1929 909 1956 dum
934 1937 1005 1964 opus

210 1978 334 2009 peragat,
361 1973 534 2002 incumbens.
562 1974 634 2006 Quid
663 1981 713 2002 nos
741 1982 817 2005 vero.
844 1974 890 2009 qui
909 1974 1005 2003 famuli

210 2027 403 2055 nuncupamur
432 2020 554 2048 Christi?
576 2020 674 2055 ecquid
705 2024 827 2048 aestatem
851 2019 1006 2048 habemus?

210 2065 260 2092 Pol
281 2073 348 2093 sane
367 2066 490 2101 quidem,
517 2073 550 2093 ac
575 2066 731 2101 cujusmodi
754 2065 889 2094 Dominus
911 2071 1005 2094 noster

209 2111 291 2138 Jesus
308 2111 437 2140 Christus
461 2112 604 2147 discipulis
621 2112 743 2140 ostendit
766 2114 793 2140 in
818 2114 876 2141 hac
898 2114 1003 2141 verba:

211 2156 308 2184 Nonne
326 2165 370 2185 vos
386 2159 476 2186 dicitis
493 2160 564 2194 quod
581 2160 668 2186 adhuc
689 2164 804 2194 quatuor
815 2168 916 2187 menses
930 2165 1003 2193 sunt,

209 2208 233 2230 et
255 2203 345 2230 messis
364 2204 455 2231 venit?
476 2212 534 2231 ecce
558 2204 618 2231 dico
642 2205 724 2236 vobis,
742 2206 825 2233 levate
843 2206 932 2233 oculos
956 2214 1005 2233 ve—
1019 2202 1043 2232 D

209 2255 292 2281 atros,
316 2255 340 2276 et
361 2250 446 2276 videte
474 2251 605 2285 regiones,
633 2252 696 2285 quia
719 2251 786 2279 albae
808 2257 870 2279 sunt
890 2253 950 2287 jam
969 2254 1004 2280 ad

211 2304 332 2328 inessent,
346 2303 369 2324 et
385 2297 431 2332 qui
447 2298 520 2324 metit
534 2299 678 2325 mercedem
698 2300 804 2334 accipit,
824 2305 849 2327 et
864 2305 1005 2336 congregat

212 2342 331 2375 fructum
347 2343 375 2369 in
396 2344 477 2369 vitam
492 2348 630 2377 aeternam,
648 2349 678 2371 ut
701 2349 726 2372 et
739 2346 785 2380 qui
799 2346 912 2373 seminat
925 2347 1006 2373 simul

212 2388 340 2422 gaudeat,
362 2393 388 2416 et
403 2390 448 2424 qui
465 2390 540 2417 metit
551 2391 583 2418 εί.
604 2390 688 2425 Igitur
703 2397 816 2426 apparet
829 2400 862 2419 ex
881 2392 963 2420 dictis
978 2397 1005 2420 et

213 2439 364 2462 sementem
382 2435 471 2468 nobis,
489 2441 516 2463 et
532 2445 649 2465 messem
668 2438 834 2473 propositas,
850 2446 939 2473 neque
957 2446 1006 2466 eas

213 2486 336 2515 tempore
349 2482 514 2517 descriptas,
530 2483 595 2518 quin
607 2484 688 2519 juges
701 2492 734 2511 ac
750 2490 908 2519 perpetuas.

249 2526 384 2554 Mctamus
404 2535 469 2562 ergo
494 2528 557 2555 hinc
570 2529 638 2563 jam,
656 2529 770 2562 fratres,
795 2529 935 2563 alacriter,
952 2530 1004 2558 hoc

213 2578 267 2604 est,
284 2573 439 2600 doctrinam
462 2573 575 2607 doctor;
602 2575 722 2602 studium
738 2575 895 2610 praefectus,
923 2577 1005 2604 mini-

214 2619 329 2647 sterium
352 2619 490 2652 minister,
514 2620 697 2648 obedientiam
725 2620 862 2653 subditus,
886 2622 1005 2656 quietem

215 2665 335 2700 quietus,
355 2665 561 2693 contentionem
578 2667 732 2701 precarius,
754 2671 852 2694 cuncta
867 2667 894 2694 in
916 2668 1007 2695 omni-

213 2711 267 2741 bus
294 2712 397 2745 cuncti,
426 2713 516 2748 quoad
547 2713 607 2748 ejus
632 2713 690 2740 fieri
717 2718 817 2748 potest.
845 2713 941 2741 Scelus
966 2718 1009 2742 est

252 2806 273 2819 7’
286 2805 350 2832 Luc.
371 2814 436 2837 xm,
454 2805 497 2833 l0.
535 2806 579 2832 ⁷⁸1
597 2806 660 2834 Cor.
680 2815 716 2837 IV,
733 2806 759 2832 'l.
799 2806 819 2821 ⁷⁷
832 2804 921 2832 Galal.
938 2813 974 2837 vr,
1002 2804 1031 2832 2.

217 2840 260 2866 2|.
301 2842 320 2855 '"
334 2840 411 2868 Joau.
428 2849 465 2874 iv,
484 2842 529 2875 35,
547 2842 591 2869 56.
631 2840 685 2861 "-7’
701 2841 773 2869 Psal.
786 2847 890 2874 cxxvn,
902 2840 929 2868 2.

969 2841 990 2856 ”
1007 2840 1079 2868 l'sal.
1095 2848 1160 2872 (χιι,
1174 2841 1198 2867 7.

1053 228 1190 263 spiritalia
1208 229 1299 256 studia
1329 236 1428 263 segnes
1464 231 1547 261 atque.
1573 226 1723 254 dissolutos
1752 225 1846 257 adire;

1053 275 1113 302 illos
1125 276 1226 302 sudore
1242 274 1356 302 ﬂuentes
1370 283 1384 302 a
1401 274 1541 302 laboribus
1557 280 1610 300 non
1626 273 1780 304 abstinere,
1798 279 1848 298 nos

1052 321 1236 348 contrutionis
1255 321 1414 348 monastica:
1437 319 1548 347 fastidio
1564 319 1638 346 duci.
1664 319 1762 345 Annon
1798 318 1848 344 ob-

1050 366 1152 401 jrctnm
1164 366 1275 393 caeleste
1291 373 1404 401 regnum
1420 365 1483 392 est?
1500 372 1537 391 an
1555 371 1609 391 non
1627 363 1682 390 vita
1699 361 1848 398 perennis?

1052 419 1143 439 annon
1172 411 1307 439 ineffabile
1317 411 1471 446 gaudium?
1490 410 1592 445 Ecquid
1612 409 1652 436 fas
1666 413 1709 436 est
1733 408 1847 441 igliawvs

1052 465 1158 484 summa
1190 462 1218 484 et
1235 457 1384 492 expetenda
1402 457 1519 491 parare?
1538 463 1722 490 nequaquam.
1737 453 1774 481 Ut
1791 453 1848 480 evi-

1051 503 1191 537 gilandum
1210 503 1246 530 sit
1259 503 1406 538 otnniope,
1426 502 1648 536 metendumqne,
1674 508 1726 527 non
1742 500 1847 527 caduca

1052 557 1083 575 ac
1100 549 1234 579 mortalia,
1253 548 1299 576 sed
1320 553 1434 580 aeterna,
1449 553 1477 575 et
1492 547 1667 578 immortalia,
1683 554 1738 581 quo
1753 546 1781 572 in
1799 554 1848 572 no-

1052 594 1094 622 bis
1111 595 1161 622 hoc
1179 598 1327 629 usurpetur
1342 601 1452 629 quoque
1472 593 1576 619 labores
1593 600 1721 619 manuum
1738 596 1847 617 tuarum

1051 639 1237 672 manducabis,
1253 639 1344 667 beatus
1359 647 1401 678 es,
1412 644 1437 665 et
1455 638 1517 665 bene
1533 638 1580 664 tibi
1596 637 1645 664 erit
1656 636 1776 663 ⁸¹-⁷¹.Νο
1784 636 1847 670 quis

1051 686 1216 721 dicat,ASger
1225 693 1298 717 sum,
1314 693 1365 712 nec
1376 688 1478 712 metere
1489 691 1559 719 queo
1581 692 1588 710 :
1602 690 1671 718 ager
1679 690 1709 710 es
1718 689 1846 716 corpore,

1052 736 1079 758 at
1092 732 1189 766 spiritu
1213 731 1350 765 siquidem
1381 731 1432 761 vis,
1452 730 1498 764 qui
1528 729 1600 756 bono
1624 728 1739 763 fungare
1757 728 1846 754 vales.

1051 777 1198 812 Lacrymas
1217 776 1312 807 habes,
1332 775 1574 810 compunctionem
1596 774 1691 805 habes,
1714 773 1848 800 excubias

1051 825 1151 850 mentis
1167 823 1260 854 habes.
1278 830 1372 858 pacem
1387 822 1481 852 habes,
1497 829 1529 848 ac
1545 821 1769 852 sanctimoniam,
1786 827 1848 854 qua:

1052 870 1078 897 in
1097 869 1192 904 primis
1199 869 1253 896 Deo
1263 877 1325 896 cara
1335 872 1407 896 sunt.
1418 867 1456 895 Ne
1465 868 1528 902 quis
1539 867 1628 894 dicat:
1642 865 1765 893 Aiﬂictus
1773 873 1848 896 sum,

1054 923 1143 950 neque
1158 922 1268 950 possum
1281 915 1307 941 in
1323 915 1403 949 pedes
1415 920 1599 947 consurgere;
1612 913 1766 939 relismodo
1779 917 1807 938 et
1821 916 1849 938 te

1052 962 1172 996 surriget
1186 962 1231 996 qui
1249 962 1361 988 suscitat
1377 969 1393 986 a
1411 965 1482 986 terra
1508 960 1631 994 inopem,
1648 964 1673 986 et
1688 958 1720 985 de
1733 962 1849 984 stercore

1052 1011 1129 1044 erigit
1157 1017 1308 1045 pauperem.
1327 1008 1457 1043 Nunquid
1487 1008 1533 1043 qui
1557 1007 1631 1034 cadit
1651 1015 1701 1033 non
1718 1011 1848 1040 resurget,

1053 1062 1099 1083 aut
1116 1057 1161 1091 qui
1176 1064 1285 1082 aversus
1297 1060 1335 1082 est
1348 1063 1399 1081 non
1415 1058 1558 1081 revertetur
1572 1053 1595 1069 ⁷⁸
1607 1053 1618 1080 τ
1636 1053 1692 1079 vivo
1706 1061 1763 1087 ego,
1782 1052 1849 1078 dicit

1053 1102 1204 1129 Dominus:
1220 1102 1280 1128 nolo
1296 1105 1405 1128 mortem
1421 1100 1567 1135 peccatoris
1578 1119 1586 1131 ,
1602 1099 1647 1126 sed
1663 1103 1691 1125 ut
1711 1104 1851 1125 converta-

1054 1154 1108 1181 tur,
1125 1153 1149 1175 et
1165 1149 1235 1175 vivat
1250 1148 1282 1174 7‘.
1299 1147 1397 1182 Ecquis
1413 1152 1455 1174 est
1465 1153 1530 1181 ergo
1547 1150 1695 1180 praetextus
1706 1145 1796 1172 serius
1810 1153 1851 1172 re

1054 1196 1152 1227 Iictus,
1172 1203 1233 1231 quae
1261 1195 1414 1230 plausibilis
1439 1194 1562 1222 defensio
1575 1213 1583 1225 ,
1601 1194 1750 1229 quominus
1771 1193 1850 1220 omni

1053 1243 1145 1271 studio
1160 1251 1221 1278 qua:
1244 1242 1375 1278 jnbemur
1391 1241 1534 1274 obeamus,
1552 1241 1685 1276 bonisque
1703 1248 1764 1275 quae
1781 1248 1851 1275 pro-

1055 1289 1139 1316 missa
1157 1293 1231 1319 sunt,
1248 1288 1405 1323 patiamur?
1422 1287 1462 1314 En
1483 1287 1641 1314 Iaboravere
1654 1286 1742 1314 sancti
1761 1287 1850 1313 nostri

1052 1335 1159 1366 Patres,
1175 1342 1325 1362 conserere
1338 1354 1346 1367 ,
1364 1341 1516 1365 messuere,
1530 1333 1614 1359 vitam
1636 1331 1663 1359 in
1687 1331 1785 1358 horrea
1802 1339 1836 1365 pe

1054 1389 1165 1409 rennem
1181 1388 1354 1415 congessere,
1374 1387 1406 1407 ac
1424 1387 1498 1407 nunc.
1511 1383 1626 1406 ovantes
1649 1384 1787 1412 supremae
1807 1383 1852 1403 re-

1053 1428 1294 1463 praesentationem
1321 1426 1391 1454 lucis
1411 1429 1581 1461 exspectant,
1601 1424 1627 1451 in
1656 1431 1710 1458 qua
1739 1423 1778 1449 uti
1808 1423 1852 1449 sol

1054 1473 1203 1501 micahunt.
1231 1472 1403 1508 Quapropter
1428 1480 1462 1499 ne
1483 1471 1707 1502 committamus,
1736 1468 1852 1500 fratres,

1054 1520 1193 1550 cohortor,
1207 1524 1236 1546 ut
1255 1526 1270 1545 a
1296 1519 1383 1546 beatis
1395 1518 1449 1545 illis
1459 1524 1629 1551 separemur,
1644 1523 1694 1542 neu
1719 1514 1852 1542 brevibus

1054 1569 1081 1592 et
1096 1565 1203 1600 exiguis
1218 1564 1326 1596 diebus,
1347 1568 1429 1598 atque
1450 1562 1639 1597 voluptatibus
1652 1562 1769 1589 salutent
1786 1567 1852 1595 pro-

1053 1611 1162 1642 damus,
1175 1610 1340 1645 supplicium
1356 1609 1453 1637 luitnri
1468 1608 1642 1635 immortale:
1654 1606 1701 1635 sed
1714 1611 1852 1641 quantum

1055 1661 1126 1691 pote,
1143 1657 1268 1684 certatim
1283 1664 1332 1684 eos
1349 1661 1518 1683 assectemur
1533 1654 1626 1682 omnia
1642 1653 1772 1684 ferentes.
1788 1659 1852 1679 0|“-

1054 1703 1099 1729 nia
1115 1702 1298 1734 sustinentes,
1330 1710 1386 1736 quo
1411 1701 1532 1729 cmlestis
1557 1700 1634 1735 regni
1659 1699 1852 1726 haereditatem

1054 1756 1199 1775 cernamus
1217 1755 1265 1783 per
1279 1747 1418 1782 Qhristum
1433 1746 1525 1774 Jesnm
1543 1745 1687 1773 Dominum
1701 1749 1828 1771 nostrum
1845 1753 1852 1770 :

1054 1794 1098 1821 cui
1111 1794 1195 1829 gloria
1208 1799 1235 1822 et
1249 1794 1392 1829 imperium
1407 1801 1469 1821 cum
1483 1794 1564 1820 Patre
1584 1799 1617 1819 ac
1626 1795 1724 1819 sancto
1733 1790 1853 1825 Spiritu,

1055 1848 1144 1872 nunc,
1168 1845 1195 1868 et
1223 1847 1350 1875 semper,
1380 1839 1408 1867 in
1432 1845 1599 1874 omnemque
1629 1836 1854 1872 perpetuitatem,

1054 1885 1153 1912 Amen.

1333 1939 1450 1968 SERMO
1471 1938 1565 1966 XVIII.

1083 1991 1115 2018 In
1131 1994 1260 2018 aestatem.
1288 1987 1324 2014 De
1341 1986 1495 2014 aversandis
1511 1993 1569 2020 qua:
1584 1985 1611 2012 in
1631 1986 1680 2011 hac
1695 1985 1750 2010 vita
1776 1985 1833 2011 sint

1139 2024 1273 2061 jucunda,
1287 2024 1412 2058 bonisque
1427 2021 1575 2048 ambiendis
1593 2020 1760 2055 perennibus.

1091 2073 1203 2100 Fratres
1226 2070 1396 2104 Patresqne,
1432 2067 1535 2102 frangit
1549 2066 1676 2094 aestivum
1698 2065 1764 2092 anni
1783 2070 1858 2092 tem-

1056 2127 1108 2155 pus
1119 2125 1246 2152 corpora,
1264 2115 1449 2143 labefactanle
1481 2114 1594 2148 insuper
1612 2117 1639 2140 et
1651 2112 1804 2147 pervigilio,
1821 2119 1858 2138 ac

1057 2164 1174 2191 fortasse
1190 2163 1223 2189 ad
1241 2159 1398 2188 Catechesis
1415 2158 1611 2186 inauditionem
1629 2161 1784 2191 torpemus.
1799 2155 1856 2183 Sed

1058 2209 1180 2245 profecto
1197 2216 1229 2235 ex
1252 2206 1375 2243 Apostoli
1394 2206 1485 2234 edicto
1498 2205 1581 2232 vitam
1595 2204 1663 2239 iussi
1690 2210 1858 2238 comparare

1057 2264 1106 2283 ceu
1126 2254 1250 2290 quotidie
1275 2252 1399 2283 obituri,
1428 2251 1595 2285 obituroque
1623 2249 1789 2277 Libitiuaria
1815 2250 1859 2276 Io-

1056 2306 1167 2336 quente,
1183 2305 1210 2328 et
1224 2305 1344 2327 attentos
1356 2298 1497 2326 auditores
1511 2297 1650 2330 reddente,
1664 2304 1713 2330 age
1725 2303 1777 2322 nos
1790 2304 1860 2330 quo-

1057 2356 1110 2383 que
1126 2347 1221 2374 audire
1229 2351 1399 2380 satagamus,
1412 2343 1548 2378 quiasique
1559 2347 1728 2371 testamento
1737 2342 1860 2377 legendo

1058 2394 1093 2422 iis
1107 2402 1169 2428 quae
1181 2393 1309 2420 dicantur
1326 2391 1522 2419 accendamus.

1097 2439 1181 2475 Igitur
1197 2443 1389 2465 testamentum
1405 2441 1447 2464 est
1462 2443 1554 2463 rerum
1578 2443 1639 2470 quae
1659 2435 1686 2462 in
1708 2441 1795 2461 carne
1808 2441 1861 2468 po-

1060 2484 1118 2511 sine
1133 2489 1207 2515 sunt,
1226 2486 1320 2515 utpote
1335 2481 1444 2508 carnale
1457 2485 1549 2515 etquo
1559 2480 1592 2507 de
1603 2480 1761 2508 carnalibus
1775 2479 1859 2514 jube-

1060 2535 1115 2562 tur,
1139 2529 1165 2556 id
1189 2533 1251 2561 est,
1278 2528 1423 2555 hmreditas
1441 2527 1606 2562 relinquitur
1632 2526 1723 2558 uxori,
1748 2526 1858 2556 liberis.

1060 2574 1202 2605 fratribus,
1221 2573 1356 2608 cognatis,
1373 2580 1405 2600 ac
1428 2572 1450 2599 si
1471 2572 1536 2606 quid
1551 2571 1625 2599 aliud
1642 2579 1702 2598 mos
1729 2572 1860 2606 praescri-

1062 2622 1126 2649 bere
1142 2625 1184 2648 est
1200 2630 1206 2648 :
1223 2624 1353 2647 caeterum
1366 2620 1419 2646 hoc
1436 2622 1562 2646 nostrum
1578 2618 1645 2645 nihil
1659 2617 1798 2652 ejusmodi
1811 2617 1861 2644 de-

1061 2669 1157 2699 clarat,
1171 2667 1217 2695 sed
1229 2666 1374 2701 quidnam?
1404 2665 1527 2700 hospites
1539 2672 1589 2692 nos
1603 2672 1664 2692 esse
1678 2665 1704 2690 in
1716 2664 1770 2691 hoe
1783 2664 1859 2695 solo,

1062 2719 1144 2749 atque
1160 2711 1330 2747 peregrinos,
1342 2714 1369 2737 et
1381 2710 1427 2745 qui
1443 2710 1470 2736 in
1486 2710 1559 2738 hunc
1569 2710 1663 2737 orbem
1680 2709 1860 2737 intulerimus

1196 2764 1214 2786 \

1070 2805 1092 2820 ⁷⁸
1106 2804 1188 2832 Marc.
1220 2813 1258 2834 tr.
1276 2805 1320 2832 δι.

1238 2841 1260 2855 ⁷³
1276 2840 1378 2868 .ierem.
1395 2848 1454 2873 rut,
1469 2839 1495 2866 ι.

1359 2806 1382 2820 τ’
1407 2804 1490 2831 Marc.
1509 2813 1537 2835 χ,
1553 2803 1596 2831 iii.
1637 2803 1659 2818 '"’
1673 2801 1769 2830 Matth.
1790 2811 1855 2830 ur.

1534 2840 1557 2855 7"
1570 2839 1669 2866 Ezech.
1692 2846 1790 2871 χχχιιι,
1808 2838 1852 2866 Η.
