1916 3075
66 122 116 154 53

641 127 845 157 SERMONES
862 128 1006 158 CATECH
1013 129 1126 158 ETICl.

1639 125 1692 156 534

66 185 81 202 ιι
95 176 142 207 hil.
163 176 345 211 proculdubio
360 185 449 211 neque
464 177 560 206 eli‘crre
576 178 681 213 aliquid
693 186 785 213 posse,
802 178 854 206 dif-
868 181 890 209 Λ
906 181 1105 208 munerationis
1120 180 1190 208 diem
1204 179 1326 214 justique
1343 178 1388 206 Dei
1403 177 1511 213 judicii,
1529 177 1562 205 ad
1579 178 1693 206 horren-

67 223 182 257 ﬁngique
196 229 213 250 ε
227 223 340 250 caducis
362 223 388 249 in
411 223 604 259 incorruptos,
628 232 661 251 ex
684 224 809 259 ingloriis
827 225 855 251 in

66 269 207 303 gloriosos,
223 276 239 296 e
258 268 422 296 mortalibus
439 270 464 296 in
479 269 655 298 immortales.

100 312 134 340 Ut
147 321 201 340 non
218 313 353 341 erraverit
366 314 413 348 qui
424 314 450 340 id
467 318 658 341 testamentum
670 315 772 342 bonum
785 322 855 341 nun-

68 359 131 386 tium
144 363 224 386 vocet
240 368 248 386 :
264 359 400 394 siquidem
412 364 440 387 et
452 360 599 393 Apostolus
621 361 714 388 multis
729 360 855 395 partibus

68 410 192 439 pnestare
204 409 299 432 censet
319 404 484 440 [discedere]
506 405 633 438 dissolvi,
659 412 684 433 et
711 414 766 433 esse
795 413 857 440 cum

67 450 169 477 Christo
181 451 220 482 7‘;
233 454 260 477 et
273 438 337 477 alibi
353 457 462 476 rursum
506 449 561 485 Ego
577 451 646 477 enim
658 451 719 484 jam
735 438 812 482 libo},
831 455 855 477 et

69 502 166 529 tempus
195 495 363 523 resolutionis
392 504 455 523 mea:
477 497 571 523 instat.
600 496 702 523 Bonum
724 501 854 524 certamen

68 541 162 567 certari
177 561 185 572 ,
202 549 312 568 cursant
328 543 519 574 consummavi,
535 541 615 576 ﬁdem
628 544 738 575 servavi,
752 543 784 570 de
795 544 857 570 reli-

68 595 116 620 quo
132 587 248 620 reposita
262 591 302 614 est
314 587 379 613 milii
394 594 491 613 corona
510 587 627 621 justitia
640 607 648 620 ,
672 595 752 622 quam
767 588 856 614 reddet

69 631 129 657 milii
141 630 270 658 Dominus
284 632 311 658 in
331 631 378 658 illa
392 632 445 661 die.
463 631 554 666 justus
569 631 664 666 judez.
694 631 756 658 Non
771 632 855 659 solum

69 683 154 704 autem
175 678 263 715 mihi,
290 677 335 704 sed
356 682 380 704 et
397 678 500 704 cunctis
515 677 560 712 qui
579 677 693 712 diligunt
716 678 857 705 adventant

70 724 166 758 ejus“.
178 723 307 756 Videtin‘,
327 728 357 751 ut
371 723 435 750 hinc
447 723 600 751 discessum
616 723 690 751 velut
701 723 772 751 bono
786 732 856 751 nun-

71 769 106 794 tio
119 768 265 802 pradicet?
280 768 372 802 itaque
384 775 446 794 cum
459 768 512 794 hoc
525 773 650 795 nostrum
661 772 855 796 testamentum

70 814 168 840 bonum
190 814 318 840 nuntium
336 814 381 845 sit,
396 814 512 840 libenter
531 813 677 840 audiamus
689 814 855 848 quaadicair

69 864 121 890 tur,
137 863 165 886 et
186 859 293 886 alacres
309 859 532 886 exercitationem
551 863 689 890 tueatnur,
704 859 798 886 animo
815 860 848 886 ad
874 858 896 885 Β
911 847 986 874 mi“
1011 846 1056 873 Si“
1081 846 1213 880 quamn"
1241 845 1324 879 parad

67 905 202 932 carnalem
218 904 320 932 nullam
333 904 490 932 aliinitatem
512 911 645 932 converso
656 924 665 937 ,
686 911 740 932 non
753 905 786 932 ad
809 913 856 939 pa-

70 956 170 984 rentes,
192 959 246 978 non
263 951 296 978 ad
314 950 425 983 fratres,
446 958 501 978 non
521 950 557 978 ad
584 953 726 985 cognatos.
744 950 778 978 Et
790 951 856 985 quid

68 1002 156 1025 autent
175 997 233 1024 haec
265 997 367 1032 illaque
381 997 588 1024 commemoro?
602 1004 636 1024 ne
648 997 682 1024 ad
697 996 784 1031 ipsam
796 998 856 1032 qui-

68 1045 127 1071 dem
145 1051 236 1071 rerum
249 1048 375 1070 naturam
391 1043 498 1070 animus
507 1042 687 1070 conferendus
696 1046 749 1071 est.
762 1042 852 1070 Enim-

69 1097 132 1117 vero
146 1089 260 1124 quidam
276 1094 434 1116 sanctorum
448 1088 568 1121 Patrum,
582 1088 628 1115 ubi
642 1088 710 1116 cella
724 1088 854 1123 prodiret,

69 1139 253 1169 tegumentum
268 1133 546 1168 capiti.imp0nebat,
567 1140 601 1160 ne
620 1133 708 1160 aciem
735 1132 762 1160 in
789 1134 856 1161 solis

66 1182 143 1214 jubar
166 1181 340 1212 intenderet,
373 1187 540 1214 causamque
567 1184 679 1213 rogatus
696 1180 854 1215 respondit:

69 1227 170 1262 Ecquid
195 1232 238 1254 est
267 1235 317 1254 cur
331 1226 526 1262 temporarium
547 1226 637 1253 lumen
650 1227 743 1254 videre
757 1227 856 1254 velim?

68 1274 106 1301 Ad
117 1273 243 1301 eumdem
259 1273 370 1300 modum
386 1277 412 1300 et
427 1272 472 1300 Dei
483 1272 633 1304 studiosus,
645 1273 752 1300 cunctis
762 1273 857 1300 dimis-

67 1321 115 1351 sis,
137 1319 197 1347 solo
218 1319 314 1346 divino
337 1326 430 1345 amore
451 1323 478 1345 et
500 1318 734 1352 contemplatione
749 1318 855 1351 nititur,

67 1371 97 1391 ac
112 1372 176 1392 cum
192 1363 283 1391 oculis
296 1368 412 1397 usurpet
429 1362 588 1389 universum
605 1362 656 1389 hoc
670 1370 762 1393 omne,
782 1363 856 1397 quod

66 1408 105 1435 eis
118 1407 220 1435 coelum
235 1406 365 1442 pertinet,
381 1406 444 1442 Opt.
456 1406 528 1433 Max.
544 1406 700 1434 molitorem
717 1407 800 1434 Deum
815 1407 858 1434 ad-

67 1453 181 1486 mirans,
195 1460 228 1480 ac
241 1452 401 1480 collaudans
413 1473 420 1483 ,
439 1456 497 1479 tum
514 1452 592 1479 ocius
621 1452 764 1485 prateritis
777 1471 785 1480 .
797 1460 858 1487 quae

66 1498 117 1525 sub
131 1505 245 1525 sensum
261 1497 395 1532 subjecta,
412 1497 439 1524 in
457 1496 493 1524 iis
512 1502 555 1524 est
570 1504 631 1531 quae
645 1496 786 1531 defugiant
805 1497 855 1524 ob-

67 1549 165 1577 lutum,
181 1543 229 1578 qui
244 1543 321 1575 hinc,
331 1542 451 1570 suaviter
464 1542 622 1575 bacchatus,
635 1542 757 1576 spiritale
771 1542 858 1577 qund-

66 1589 127 1616 dam
140 1589 291 1625 gaudium,
322 1591 350 1615 et
373 1588 495 1615 Imtitiam
515 1592 620 1623 carpat.
641 1587 716 1615 Talis
732 1592 791 1614 erat
811 1595 851 1621 pa-

67 1635 186 1662 triarcha
214 1634 390 1662 Abrahamus
407 1643 413 1660 :
432 1633 564 1668 scriptum
595 1639 637 1661 est
662 1633 756 1660 enim:
790 1632 858 1662 Fide

68 1681 201 1709 Abraham
213 1681 366 1708 demoratus
381 1685 420 1707 ut
436 1681 464 1707 in
479 1684 550 1707 terra
572 1680 783 1714 repromissionis
798 1684 858 1707 tan-

66 1736 142 1762 quam
158 1728 187 1754 in
206 1727 308 1759 aliena,
325 1727 352 1753 in
365 1725 463 1753 casulis
481 1725 627 1752 habitando
649 1733 708 1751 cum
724 1725 811 1759 Isaac,
833 1729 857 1753 et

67 1772 160 1804 Iacob,
184 1771 366 1799 cohwredibus
382 1771 593 1803 repromissionis
612 1770 749 1804 ejusdem;
767 1779 858 1806 exspe-

68 1818 154 1844 ctabat
178 1818 249 1845 enim
264 1817 439 1852 fundamenta
460 1816 598 1843 habentem
619 1816 766 1848 civitatem,
780 1817 857 1851 cujus

67 1865 162 1899 artifex
182 1868 207 1891 et
235 1863 367 1895 conditor,
388 1862 504 1889 Deus".
525 1862 600 1889 Talis
627 1868 653 1890 et
674 1870 790 1898 magnus
813 1863 858 1889 ille

68 1910 153 1938 Moses
167 1919 174 1936 :
187 1917 250 1936 nam
261 1909 313 1943 fide
325 1908 430 1944 reliquit
442 1908 599 1945 Egyptum,
622 1916 672 1935 non
681 1909 777 1935 veritus
789 1909 856 1935 iram

67 1957 132 1990 regis
143 1976 150 1987 ,
173 1955 334 1982 inuisibilem
351 1955 420 1981 enim
439 1960 565 1989 tanquam
584 1954 672 1981 uident
683 1954 810 1981 sustinuit
821 1955 854 1982 ⁷⁸.

67 2000 147 2029 Tales
165 2006 194 2028 et
213 2001 302 2029 sancti
322 2008 429 2032 omnes,
446 2008 618 2035 nequaquam
641 2008 702 2035 qua:
717 2008 856 2028 cerneren-

66 2053 108 2073 tur
121 2051 294 2081 spectantes,
320 2053 371 2073 nec
388 2046 535 2081 cupiditate
550 2045 626 2073 ducti
651 2046 855 2080 temporalium,

66 2091 111 2118 sed
123 2096 302 2122 aeternorum,
317 2090 345 2117 in
364 2090 417 2123 his,
437 2094 569 2125 quantum
586 2088 734 2124 plurimum
756 2093 855 2124 potest,

65 2136 98 2163 ad
112 2136 238 2163 divinam
256 2134 437 2162 imitationem
451 2134 607 2162 deformati.
626 2134 705 2167 Quod
726 2142 776 2162 nos
799 2139 858 2162 stu—

64 2181 139 2208 dium
155 2187 268 2216 quoque
281 2188 420 2215 paremus,
432 2188 482 2208 nec
496 2188 558 2215 qute
569 2180 682 2215 pulchra
694 2181 750 2207 sint
762 2181 790 2207 in
807 2180 857 2208 hac

64 2228 118 2256 vita
128 2227 297 2259 ambiemus,
305 2234 355 2254 nec
363 2226 509 2254 carnaliter
519 2227 642 2254 viventes
650 2225 855 2258 demirabimur,

63 2275 130 2309 quin
147 2274 183 2301 iis
198 2273 289 2309 potius
301 2273 386 2300 altum
400 2273 582 2308 ingememus,
599 2273 646 2307 qui
658 2273 856 2307 promissorum

64 2320 226 2348 hereditate
237 2319 371 2347 bonorum
389 2319 516 2347 condicta
531 2319 559 2346 in
575 2326 660 2351 auro,
683 2324 806 2353 argento,
825 2327 857 2347 ac

64 2365 204 2400 pestiferis
220 2365 406 2400 voluptatibus
424 2373 534 2400 operam
548 2365 653 2397 ludant,
668 2366 740 2392 ultro
750 2364 777 2391 in
789 2373 857 2399 pra:-

62 2412 203 2439 rlararum
219 2419 312 2439 rerum
331 2411 480 2438 caicitatem
494 2418 524 2438 se
550 2410 704 2439 induentes.
721 2410 856 2438 Caeterum

64 2466 114 2485 nos
132 2478 140 2490 ,
159 2457 278 2489 fratres,
305 2462 336 2485 ut
353 2457 503 2492 apostolice
518 2457 632 2491 loquar,
657 2457 770 2483 revelata
790 2457 857 2492 [acie

63 2505 178 2538 gloriam
195 2503 302 2531 Domini
326 2503 489 2537 speculantes
504 2503 527 2518 ⁷⁹
540 2522 548 2534 ,
575 2509 673 2536 supera
688 2510 855 2536 quaeramus,

64 2557 165 2584 supera
181 2549 323 2584 sapiamus
338 2548 383 2575 ubi
402 2548 528 2575 Christus
540 2551 592 2578 est,
608 2547 642 2573 ad
655 2547 702 2573 Dei
716 2547 855 2575 dexteram

63 2595 222 2628 consideras,
234 2599 266 2622 ut
279 2594 313 2622 de
328 2594 406 2622 nobis
420 2601 530 2628 quoque
545 2600 679 2628 usurpare
691 2593 789 2621 liceat:
804 2593 855 2620 Vos

64 2648 114 2667 non
129 2641 196 2668 estis
207 2640 241 2667 de
259 2639 308 2667 hoc
327 2639 425 2666 mundo
439 2639 474 2670 ⁸⁸,
494 2643 522 2666 et
543 2637 635 2666 Vestra
652 2639 814 2666 conversatio
832 2640 859 2666 in

906 226 971 252 dum
994 225 1096 252 Christi
1116 230 1143 253 et
1162 224 1377 252 indefraudabile
1388 223 1508 250 tribunal
1523 243 1531 255 ,
1545 223 1693 258 optandam

906 278 1000 298 vocem
1025 272 1174 302 audientes.
1187 271 1220 298 ad
1240 277 1410 306 regnumque
1425 268 1536 296 cteleste
1550 269 1627 296 asciti
1647 277 1694 302 per

906 317 1046 344 Christum
1062 316 1155 345 Jesum
1173 316 1317 343 Dominum
1332 321 1456 343 nostrum
1473 324 1478 342 :
1497 314 1541 342 cui
1561 315 1646 349 gloria
1669 321 1696 341 et

907 363 1051 398 imperium
1064 371 1125 390 cum
1144 363 1223 390 Patre
1246 370 1278 390 ac
1301 366 1398 390 sancto
1420 360 1536 396 Spiritu,
1571 369 1643 388 nunc
1669 365 1696 388 et

907 417 1026 444 semper,
1045 410 1071 437 in
1092 417 1256 443 omnemque
1271 408 1488 443 perpetuitatem.
1504 407 1601 434 Amen.

1204 453 1320 481 SERMO
1343 453 1413 480 XIX.

910 501 973 528 Post
998 506 1151 528 sanctorum
1180 500 1359 534 apostolorum
1386 499 1633 534 Quadragesimam.
1658 497 1698 534 [la

942 536 1102 568 tolerantia,
1126 542 1150 562 et
1173 533 1206 562 iis
1221 536 1265 570 qui
1286 539 1464 561 renuntiatum
1478 534 1581 561 veniunt
1598 533 1697 559 admitv

945 572 1041 598 tendis.

943 617 1055 645 Fratres
1093 615 1259 650 Patresque,
1284 615 1341 642 abit
1357 620 1476 649 tempus,
1509 621 1541 640 at:
1564 613 1695 640 decurrit.

909 664 980 697 Quin
998 663 1130 698 praeteriit
1147 667 1306 690 sanctorum
1322 661 1509 695 apostolorum
1534 659 1694 694 Quadi-age-

908 710 989 740 sima,
1007 708 1089 736 simul
1104 707 1225 742 pra-bitis
1239 706 1380 738 aerumnis,
1396 707 1431 732 ob
1445 710 1613 732 conti-artam
1627 709 1693 731 aestu

909 755 996 786 sitim,
1012 754 1148 788 simulque
1166 753 1275 785 solatio,
1293 752 1328 779 ob
1343 760 1418 786 spem
1432 761 1438 778 :
1455 759 1516 778 nam
1532 759 1563 778 ea
1577 750 1638 778 sitis
1649 758 1697 785 po-

910 806 966 827 tum
979 800 1059 827 nobis
1072 799 1203 826 conciliat
1217 798 1430 825 immortalitatis
1443 803 1469 824 et
1483 805 1543 831 qua:
1558 796 1599 822 ori
1619 803 1695 822 ama-

1327 845 1360 872 isi
1386 844 1557 871 dulcedinem
1576 842 1693 877 parabit.

908 894 996 928 Atque
1010 892 1037 919 id
1054 892 1174 919 scientes
1184 912 1192 924 ,
1215 893 1315 918 l’ratres
1325 910 1332 922 ,
1355 896 1453 918 cuneta
1471 897 1532 924 qua:
1544 889 1693 916 secundum

910 938 994 965 Deum
1021 937 1148 965 incidunt
1166 936 1263 963 acerba
1287 935 1340 963 laeti
1356 942 1404 969 spe
1431 934 1533 969 praunii
1562 933 1693 960 feramus.

907 983 1041 1011 Caeterum
1058 991 1115 1017 spes
1128 990 1187 1017 quw
1203 981 1315 1012 videtur,
1334 985 1364 1008 ut
1374 980 1426 1008 fert
1443 979 1564 1014 Apostoli
1578 979 1694 1010 dictum,

908 1037 959 1055 nou
974 1033 1012 1055 est
1028 1036 1086 1062 spes
1102 1035 1111 1055 .'
1125 1036 1186 1054 nam
1198 1027 1267 1062 quod
1283 1027 1351 1053 ridet
1372 1027 1442 1061 quia,
1463 1026 1525 1060 quid
1540 1025 1651 1058 sperat?
1666 1024 1696 1050 Si

909 1081 994 1100 autem
1009 1074 1078 1108 quod
1093 1082 1144 1100 non
1161 1073 1276 1100 videmus
1297 1079 1443 1106 speramus,
1461 1079 1506 1105 per
1526 1070 1695 1096 tolerantiam

906 1125 1087 1154 exspectamus
1101 1120 1133 1146 ⁸¹.
1157 1119 1250 1153 Itaque
1271 1118 1414 1145 tolerantia
1436 1117 1570 1144 virtutum
1586 1123 1694 1142 summa

908 1166 1060 1201 perfunctio
1073 1171 1126 1193 est.
1147 1165 1304 1192 Tolerantia
1322 1169 1455 1198 martyres
1468 1162 1627 1190 ctelestibus
1647 1162 1694 1188 de-

908 1212 993 1239 vincti
1019 1211 1184 1239 diadematis
1208 1215 1291 1243 sunt,
1320 1209 1465 1236 tolerantia
1481 1208 1568 1235 sancti
1582 1206 1696 1241 iustitiae

908 1258 1050 1293 praemium
1064 1257 1162 1285 tulere.
1180 1256 1352 1291 Quapropter
1380 1259 1489 1281 utantur
1514 1261 1564 1280 nos
1587 1260 1696 1287 quoque

909 1303 1051 1331 tolerantia
1066 1303 1100 1330 ad
1117 1302 1369 1339 morigerationem,
1389 1301 1585 1332 humilitatem,
1602 1299 1697 1325 leuita-

908 1356 973 1381 tem,
992 1350 1216 1377 exercitationem
1232 1350 1258 1375 in
1276 1347 1436 1375 ministeriis
1450 1368 1456 1378 ,
1470 1346 1618 1380 omniaque
1630 1345 1696 1371 olle-

908 1396 1018 1424 dientiee
1033 1396 1135 1428 studia,
1160 1404 1192 1423 ae
1206 1403 1297 1431 parem
1317 1395 1351 1422 iis
1374 1393 1527 1421 mercedi-in
1544 1392 1695 1427 capiemus.

911 1441 1042 1476 Equidem
1059 1449 1112 1469 non
1133 1449 1177 1469 me
1201 1442 1270 1476 fugit
1294 1441 1454 1468 obedientize
1472 1439 1567 1473 iugum
1585 1445 1634 1464 nec
1649 1445 1695 1472 qut

910 1488 945 1515 sit
976 1488 1130 1523 frangendae
1154 1488 1231 1514 labor
1256 1487 1422 1518 volunlatis;
1452 1486 1498 1513 sed
1524 1484 1695 1513 dulcedinem

911 1542 1018 1569 quoque
1040 1541 1148 1561 rursum
1166 1537 1244 1560 teneo
1257 1533 1327 1570 Δνὶμιε
1345 1542 1352 1560 :
1372 1540 1434 1559 nam
1454 1531 1499 1565 qui
1528 1531 1695 1557 voluntatem

913 1581 1019 1614 frangat
1032 1580 1056 1607 ei
1073 1587 1134 1606 eum
1153 1580 1204 1606 iter
1219 1579 1392 1609 facillimum,
1417 1583 1473 1605 tum
1502 1577 1576 1604 nullo
1590 1577 1697 1611 negotio

912 1627 986 1653 salus
999 1631 1146 1661 quaeratur.
1170 1624 1328 1652 Vacandum
1346 1629 1387 1651 est
1399 1631 1464 1659 ergo
1480 1623 1611 1650 voluntati
1622 1622 1698 1648 fran-

911 1672 1025 1707 gendae,
1050 1680 1081 1698 ac
1109 1671 1161 1697 vita
1186 1674 1369 1703 consequetur
1398 1668 1483 1700 felix,
1509 1671 1536 1694 et
1561 1666 1696 1700 expedita.

911 1719 1052 1746 Obeuntur
1072 1717 1100 1744 in
1121 1716 1248 1744 cmnubio
1266 1714 1392 1742 labores?
1407 1719 1434 1741 at
1450 1713 1557 1747 requies
1576 1720 1696 1747 quoque.

912 1765 976 1792 Plus
990 1764 1077 1791 altero
1095 1762 1224 1790 laboras?
1239 1767 1266 1788 at
1292 1761 1381 1794 majus
1402 1759 1541 1794 praemium
1561 1757 1672 1784 habebis
1690 1765 1695 1782 :

911 1810 1045 1846 siquidem
1063 1809 1253 1844 Unusquisque,
1277 1807 1374 1843 inquit,
1385 1806 1613 1833 mercedemsuam
1625 1804 1697 1830 acci-

911 1857 963 1891 piet
988 1856 1132 1883 secundum
1155 1863 1233 1882 ruunt
1259 1854 1374 1880 laborem
1392 1853 1426 1879 ³³.
1453 1851 1538 1878 Alteri
1569 1849 1698 1876 brucxole

912 1901 1090 1929 succumbis?
1106 1900 1209 1935 primas
1222 1900 1347 1927 tenebis:
1364 1906 1426 1925 natn
1440 1897 1493 1930 Qui
1505 1897 1615 1923 voluerit
1631 1896 1698 1921 inter

911 1955 955 1974 vos
977 1947 1079 1981 primus
1097 1954 1163 1977 esse,
1184 1946 1219 1972 sit
1234 1950 1316 1972 outer
1327 1952 1416 1971 seruus
1434 1944 1468 1970 ⁸³.
1486 1941 1648 1969 lmbeeillior
1669 1949 1699 1967 es

910 2001 993 2029 quam
1008 1997 1037 2020 ut
1051 2000 1133 2027 opera
1148 1996 1248 2019 tractes
1261 1990 1408 2024 graviora?
1423 1994 1450 2016 at
1474 1995 1535 2024 qua
1562 1992 1642 2022 putes
1666 1995 1700 2013 ne

912 2039 1026 2074 neglige,
1040 2046 1096 2074 quo
1110 2038 1138 2065 in
1155 2037 1263 2066 cunctis
1277 2036 1403 2064 laudetur
1414 2035 1497 2063 Deus.
1512 2033 1551 2062 Ne
1564 2033 1626 2069 quis
1639 2037 1700 2061 esto

911 2085 944 2113 ad
959 2085 1061 2112 bonum
1077 2091 1223 2112 commune
1244 2083 1347 2117 segnis.
1363 2081 1426 2109 Haec
1453 2087 1608 2115 quanquam
1635 2083 1701 2106 sunt

911 2138 1032 2166 persaepe
1043 2136 1212 2158 memorata:
1229 2135 1318 2157 tamen
1332 2136 1405 2156 nunc
1419 2135 1528 2163 quoque
1542 2125 1699 2154 necessario

911 2178 938 2204 in
959 2177 1118 2204 memoriam
1128 2179 1291 2203 revocantur
1302 2183 1309 2202 :
1321 2182 1410 2210 neque
1424 2175 1495 2201 enim
1513 2178 1555 2201 est
1568 2173 1698 2208 exiguum

911 2223 1073 2250 incumbens
1086 2226 1233 2249 ecrtatnen.
1247 2220 1315 2247 Ecce
1322 2220 1409 2254 posui,
1418 2220 1517 2254 inquit,
1526 2223 1587 2245 ante
1603 2218 1699 2252 {aciem

910 2275 985 2296 tuam
1000 2270 1082 2296 vitam
1105 2273 1130 2294 et
1147 2273 1257 2294 mortem
1270 2267 1304 2292 ⁸⁵.
1322 2266 1405 2300 Igitur
1428 2265 1511 2292 vitam
1535 2264 1697 2298 arrepturis,

912 2319 1083 2349 mortemque
1100 2318 1228 2341 aeternam
1255 2312 1385 2348 fugituris
1407 2314 1582 2346 comparatus
1597 2316 1697 2340 sermo,

910 2366 937 2388 et
955 2360 1110 2388 exhortatio
1133 2364 1192 2392 est,
1216 2366 1305 2393 neque
1322 2358 1435 2385 dubium
1454 2356 1520 2383 mihi
1539 2364 1581 2383 est
1597 2363 1699 2390 nequa-

911 2413 994 2440 quam
1009 2403 1067 2431 lnec
1091 2403 1132 2431 vel
1148 2403 1226 2430 nihili
1242 2402 1334 2434 nobis,
1354 2402 1396 2429 vel
1415 2401 1492 2429 vobis
1504 2401 1551 2436 qui
1568 2401 1697 2428 inauditis
1744 2400 1747 2406 “

910 2451 1024 2482 frustra,
1036 2457 1068 2477 ac
1086 2449 1145 2477 sine
1160 2449 1323 2483 compendio
1336 2448 1419 2475 dicta.
1438 2447 1584 2474 Enimvero
1600 2447 1695 2474 admo-

911 2495 992 2523 nendi
1006 2495 1084 2528 estis,
1095 2495 1202 2528 fratres,
1214 2493 1429 2529 quantumvisin
1444 2493 1541 2520 exsilio
1555 2500 1699 2520 versamur

910 2542 946 2569 ob
959 2541 1009 2568 Dei
1024 2548 1191 2573 sermonem,
1205 2540 1385 2567 nihilominus
1405 2539 1483 2574 quasi
1495 2539 1542 2573 qui
1561 2539 1588 2565 in
1600 2546 1697 2566 mona-

910 2589 995 2617 sterio
1011 2589 1153 2624 degamus,
1171 2588 1356 2615 renuntiatum
1375 2586 1515 2614 venientes
1532 2593 1586 2613 non
1602 2592 1698 2612 aman-

906 2639 1004 2666 demus
1020 2644 1028 2664 :
1043 2636 1070 2663 id
1090 2636 1162 2671 quod
1177 2643 1224 2670 per
1241 2635 1341 2662 fratres
1353 2634 1454 2668 ubique
1469 2633 1608 2668 dispersos
1627 2640 1698 2666 prae—-

65 2686 136 2713 stetis
151 2692 191 2713 est
208 2686 243 2714 ".
261 2685 292 2713 in
310 2693 364 2720 qua
381 2690 408 2713 et
421 2685 554 2713 sistamur
570 2685 720 2713 indemnati
746 2685 798 2713 Sub
819 2693 862 2714 re-
907 2683 1053 2716 stabimus,
1067 2683 1161 2718 jussos
1172 2682 1318 2718 ejusmodi,
1333 2685 1466 2716 quantum
1485 2684 1582 2715 potest,
1598 2679 1697 2706 admit-

102 2799 125 2814 ⁷⁸
143 2799 261 2834 Philipp.
278 2808 296 2828 ι.
313 2799 359 2826 25.
398 2799 421 2814 ⁷⁸
440 2797 460 2825 ΙΙ
478 2798 548 2825 Tim.
560 2806 595 2830 tv,
607 2799 634 2830 6,
652 2799 678 2825 8.

74 2833 119 2860 I‘J.
160 2835 182 2849 "
199 2834 308 2869 Philipp
338 2842 378 2866 in,
394 2834 438 2861 ΞΟ.
477 2835 499 2850 ⁸³
515 2833 594 2861 Rom.
614 2842 672 2867 vnI,
688 2833 734 2861 25.

716 2799 738 2814 ⁷⁷
755 2798 836 2825 ΙΙυιπ.
855 2807 894 2832 xt,
908 2799 934 2831 9,
951 2800 994 2826 10.

773 2834 795 2850 ⁸³
810 2833 818 2860 Ι
833 2834 897 2862 Cor.
913 2843 954 2869 In,
969 2835 1010 2863 Η.

1036 2799 1057 2815 ⁷⁸
1076 2798 1198 2825 ibid.‘27.
1237 2798 1260 2813 ⁷⁸
1277 2796 1297 2822 ll
1312 2796 1419 2826 (ἴοι-ΛΗ,
1439 2795 1482 2821 l8.
1519 2794 1543 2809 ⁸ο
1556 2793 1633 2820 Joan.
1652 2801 1696 2826 tr,

1049 2835 1072 2850 ⁸⁵
1085 2833 1179 2861 Matth.
1193 2841 1238 2865 xx,
1252 2832 1295 2858 “2-7.
1334 2831 1355 2847 ⁸⁵
1369 2831 1445 2857 Deut.
1460 2837 1522 2860 xxx.
1542 2830 1583 2856 ll).
