1916 3075
209 110 263 140 535

804 113 835 142 S.
852 112 1050 143 THEODORI
1070 114 1245 145 STUDITrE

1791 119 1843 150 51⁵6

208 171 284 197 tore,
302 171 384 201 atque
409 166 436 205 in
457 167 668 195 contubernium
686 173 826 204 cooptare.
849 170 921 197 Sane
937 177 999 196 cum
1015 174 1036 200 Α
1052 179 1111 203 seu,
1131 177 1161 199 ut
1174 173 1265 200 verius
1292 172 1392 206 dicam,
1418 175 1573 209 corruptela
1613 182 1645 202 ac
1661 174 1842 203 mutabilitas.

207 212 351 240 decessere
368 213 466 247 multi,
483 217 541 240 tum
559 214 648 241 allecti
675 222 785 249 quoque
813 220 878 242 sttnt
908 216 998 248 mttlti,

209 266 352 294 meusque
372 263 477 291 noster,
494 263 550 286 tam
567 259 714 288 defunctus
744 268 827 295 quam
849 266 998 296 superstes,

209 305 412 339 fiequeutatur.
432 312 465 332 ac
475 312 524 340 per
538 313 588 333 nos
602 305 798 333 cohonestatur
817 305 899 336 Deus.
913 308 958 340 qui
972 311 1000 333 et

208 359 259 377 nos
274 349 475 382 cohonestabit,
493 355 522 378 ut
544 350 597 378 fert
620 351 796 385 promissum.
811 351 850 378 Ac
874 359 936 378 cum
952 351 999 386 qui

208 402 250 422 est
266 401 354 424 rector
369 396 392 424 si
405 399 460 424 slnt
471 401 498 424 et
511 397 622 429 subditi,
632 398 772 429 cohortor,
786 402 868 432 caput
883 398 998 430 caeteris,

208 447 236 469 et
251 447 379 478 tanquam
400 443 491 478 regula
503 444 610 475 statuti.
626 450 732 477 sancte,
745 445 819 479 juste
853 450 935 480 atque
957 445 1000 480 pie

210 487 345 520 vivamus,
358 487 404 522 qui
414 488 482 516 alios
494 495 543 523 per
555 495 606 515 nos
621 489 654 516 ad
672 489 817 516 sanitatem
832 497 886 524 qua
897 489 1001 517 doctri-

210 540 261 562 nar.
277 540 331 567 qua
352 532 415 560 vitae
431 533 593 568 dirigamus.
610 534 705 569 Itaque
718 534 823 562 clamor
837 535 931 562 nullus
940 535 1000 562 obi-

210 582 252 605 tor
265 578 333 606 citra
346 579 474 606 decorum
487 599 494 612 ,
517 587 568 606 neu
589 580 791 608 contentiosum
817 581 998 615 colloquium,

209 631 262 651 neu
290 624 402 659 putidus
427 632 518 652 sermo
534 626 628 653 exiens
654 625 689 652 ab
717 633 774 659 ore,
791 627 838 654 sed
857 627 998 660 honestus,

211 669 243 696 ad
255 669 502 697 exaedificationem
530 670 598 705 frugi
614 675 642 697 et
657 671 746 702 utilis,
772 679 805 698 ne
829 672 901 707 quod
924 672 998 707 operi

209 721 305 742 nostro
319 723 368 751 per
381 724 413 743 ea
435 716 538 743 crimen
555 716 688 744 conﬂetur
699 737 707 750 ,
728 718 793 752 quin
812 718 928 746 Domino
944 719 999 746 Deo

211 766 306 789 nostro
328 762 354 789 in
372 762 500 789 omnibus
512 762 668 797 placeamus
687 773 694 791 :
715 765 758 791 cui
772 765 856 799 gloria
870 769 898 792 et
914 765 999 800 impe-

211 806 280 832 rintn
297 814 359 833 cum
373 805 453 834 Patre
476 815 508 834 ac
521 812 616 834 sancto
643 807 773 842 Spriritu,
796 817 868 837 nunc
885 815 912 837 et
927 817 999 837 sem-

211 859 269 886 per,
286 852 312 879 in
326 859 492 888 omnemque
505 854 723 887 perpetuitatem.
739 855 836 882 Amen.

507 898 624 926 SEIUIO
639 899 699 927 XX.

211 941 244 968 In
258 941 541 980 Trans/igurationem.
557 944 682 979 Oporlere
694 953 740 973 nos
753 946 836 973 animi
852 946 1000 980 pale/tritu—

245 978 333 1004 dinem
349 984 427 1019 atque
443 978 606 1020 renustatem
629 981 686 1007 sine
709 981 815 1008 macula
841 978 909 1009 tueri
925 990 934 1009 .'
950 984 994 1010 de-

244 1020 293 1047 que
314 1018 478 1047 pauitantia.
833 1030 835 1032 ι

247 1058 359 1087 Fratres
385 1059 546 1096 Patresque,
563 1061 643 1089 hodie
658 1063 705 1097 qui
723 1062 873 1098 profestum
886 1071 999 1099 agamus

211 1104 471 1140 Transfigurationis
498 1107 683 1143 divinaz,age,
705 1116 739 1136 ex
767 1117 797 1137 ea
826 1110 998 1138 Calechesim

211 1155 360 1184 struamus.
375 1153 470 1187 paucis
477 1153 599 1181 debitum
610 1154 701 1182 verbis
711 1162 901 1191 exsequentes.
916 1156 1000 1192 Igitur

211 1201 317 1225 cunt-ta:
335 1198 408 1226 feriae
419 1198 567 1226 Dominicte
579 1201 731 1235 corporalis
746 1201 893 1237 degressus
905 1202 1001 1230 Serva-

212 1244 280 1271 toris
294 1245 381 1272 nostri
399 1245 463 1272 Jesu
479 1245 582 1273 Christi
611 1251 762 1282 suggerunt
777 1255 892 1281 arcana,
922 1253 998 1284 puta,

211 1289 285 1324 quod
300 1291 390 1318 editus
404 1292 439 1318 sit
458 1291 485 1318 in
501 1291 601 1325 lucem,
623 1294 696 1327 quod
711 1294 824 1325 tinctus,
841 1294 913 1329 quod
933 1302 998 1321 cru-

212 1334 322 1369 ciﬁxus,
348 1337 420 1371 quod
436 1337 571 1377 sepultus,
586 1339 660 1373 quod
679 1340 758 1366 tertia
775 1339 819 1367 die
839 1340 998 1371 suscitatus,

211 1381 284 1416 quod
298 1387 455 1416 assumptus
469 1382 606 1417 gloriose;
623 1388 751 1412 caeterum
770 1383 999 1420 Transfiguratio-

212 1427 256 1454 nis
268 1426 368 1456 festum
388 1427 473 1455 futuri
488 1429 537 1456 atri
555 1433 655 1456 statum
671 1429 800 1465 depingit.
821 1430 889 1458 Nam
901 1439 999 1465 quem-

212 1474 358 1501 admodum
376 1474 437 1509 ejus
453 1473 538 1502 facies
553 1480 583 1502 ut
597 1475 638 1503 sol
649 1475 758 1508 reluxit,
774 1475 946 1503 vestimentis
957 1476 999 1503 Iu-

212 1520 253 1548 cis
268 1520 354 1548 instar
369 1521 567 1554 candentibus,
582 1521 653 1549 haud
676 1529 756 1549 set-us
768 1526 795 1549 et
807 1529 823 1549 e
835 1523 906 1550 caelo
920 1522 1001 1557 quasi

213 1566 305 1601 fulgur
315 1571 448 1594 venturus
461 1572 512 1600 est,
521 1572 686 1603 praepotens,
700 1572 726 1594 et
735 1568 859 1601 illustris,
873 1569 1002 1596 ontnibus

211 1612 389 1647 judicandis,
413 1617 495 1647 atque
518 1618 548 1640 ut
561 1614 585 1640 ei
616 1614 730 1642 comites
757 1614 783 1641 in
813 1622 893 1642 sacro
910 1618 1003 1642 monte

214 1658 290 1685 fuere
300 1658 409 1690 Petrus,
424 1657 557 1690 Joannes,
568 1663 596 1685 et
607 1659 726 1686 lacubus
740 1679 748 1692 ,
761 1659 797 1686 ita
813 1659 879 1686 socii
893 1666 1003 1694 quoque

214 1709 279 1732 sunt
294 1705 373 1732 electi
395 1704 422 1732 iu
443 1705 549 1733 caelesti
565 1713 649 1741 regno
663 1705 756 1737 futuri.
773 1713 874 1733 arcana
895 1705 1004 1740 appari-

215 1752 289 1780 tione
304 1751 407 1782 divina.
421 1756 448 1779 et
462 1752 591 1780 ineffabili
603 1753 703 1787 gaudio
718 1751 853 1780 fruentes.
866 1751 925 1779 Jam
941 1752 1004 1787 quis

216 1797 250 1825 ad
261 1797 318 1824 haec
332 1801 508 1832 comparatus
522 1797 582 1824 est?
595 1797 657 1832 quis
675 1797 708 1824 ad
726 1805 787 1824 cam
804 1797 924 1825 lzetitiam
942 1805 1005 1832 per-

216 1842 308 1870 venire
327 1842 447 1878 dignus?
461 1842 529 1875 Quis
544 1843 614 1870 alius
628 1863 636 1875 ,
662 1847 742 1878 putas
755 1863 762 1876 ,
791 1843 842 1870 nisi
857 1843 904 1878 qui
920 1843 1002 1870 vitam

215 1890 314 1918 habeat
328 1897 424 1925 puram
450 1897 483 1918 ac
497 1889 556 1917 sine
575 1890 702 1919 macula?
717 1889 854 1924 siquidem
870 1889 942 1917 Deus
956 1898 1003 1916 no-

215 1941 283 1970 ster,
297 1944 383 1972 purus
393 1945 460 1965 cum
475 1938 521 1970 sit,
534 1945 581 1965 seu
595 1937 686 1971 potius
702 1936 750 1963 lux
765 1944 905 1971 supretna,
921 1936 1002 1963 etiam

215 1991 299 2018 puros
315 1983 446 2017 asciscit;
460 1983 608 2017 animoque
622 1982 701 2010 nobis
714 1990 783 2017 puro
795 1983 890 2016 indito,
904 1990 1003 2017 purqu

215 2038 278 2058 eum
295 2037 406 2065 quoque
417 2037 432 2057 a
451 2029 530 2057 nobis
542 2030 630 2065 exiget
647 2038 653 2056 :
674 2037 738 2056 nam
752 2029 786 2056 ad
802 2029 948 2064 imaginem
965 2030 1004 2056 di-

215 2078 306 2106 vinam
328 2081 356 2104 et
381 2075 495 2112 efﬁgiem
520 2081 642 2107 creatus,
658 2075 771 2103 dubium
786 2083 840 2102 non
864 2079 907 2102 est
925 2075 1002 2110 quin,

214 2124 262 2160 qui
281 2123 458 2152 simulacrum
472 2123 508 2150 sit
521 2123 620 2150 divinae
633 2121 856 2157 pulchritudinis.
872 2121 1003 2156 praeditus

213 2171 250 2198 sit
264 2174 291 2197 et
307 2169 365 2204 ipse
383 2167 599 2204 pulchritudine.
615 2167 704 2201 Atque
719 2167 744 2194 id
761 2166 912 2201 intelligens
921 2166 1003 2194 Mclo-
1019 2175 1042 2204 ι)

213 2215 265 2242 dus
275 2214 311 2241 ait
331 2221 340 2241 :
358 2213 479 2245 Domine,
491 2213 518 2240 in
537 2212 672 2240 uoluntate
688 2216 734 2239 tua
747 2212 898 2247 prtestitisti
914 2211 1003 2238 decori

214 2268 271 2287 meo
285 2260 411 2287 virtutem
424 2258 448 2274 “
462 2268 469 2286 :
487 2259 538 2287 hoc
555 2263 607 2289 est.
627 2258 713 2285 attimi
727 2258 779 2285 mei
790 2257 895 2289 decori,
912 2265 946 2284 ne
969 2257 1002 2285 ad

213 2306 303 2334 fcedas
318 2306 422 2341 peccati
437 2306 566 2333 libidines
583 2313 687 2340 pronus
697 2324 706 2337 ,
720 2304 854 2332 deformis
869 2304 1002 2336 redditus,

215 2353 271 2381 Deo
300 2360 333 2380 ac
356 2352 476 2387 praemiis
504 2352 612 2379 excidat
630 2351 741 2379 divinis.
764 2350 834 2386 Ergo
859 2351 1004 2386 explorare

214 2399 326 2434 cognito
339 2399 418 2426 talem
438 2406 487 2426 nos
511 2398 632 2426 animum
653 2402 745 2425 tenere
759 2418 767 2430 ,
796 2397 941 2432 pulchrum
977 2400 1005 2423 et

215 2445 383 2477 formosum,
400 2445 533 2480 quasique
549 2444 704 2480 depositum
719 2443 775 2471 Deo
800 2443 957 2471 reddituros
977 2443 1004 2469 in

215 2499 343 2527 suprema
363 2490 573 2520 resurrectionis
586 2490 647 2523 die,
671 2491 767 2518 hortor
804 2496 836 2516 ac
859 2488 1004 2520 admoneo,

215 2545 282 2565 sane
298 2544 422 2565 amemus
442 2536 686 2572 pulchritudinem,
716 2535 787 2562 hanc
805 2534 1004 2562 formositatem

215 2589 352 2616 tueamur,
366 2590 537 2618 nequaquam
554 2583 587 2609 ad
608 2582 689 2615 hujus
697 2581 788 2609 seculi
805 2580 885 2613 bella,
900 2583 927 2607 et
942 2587 1003 2607 car-

215 2629 259 2656 nis
271 2648 278 2660 ,
306 2633 388 2663 atque
405 2628 547 2663 sanguinis
572 2631 728 2654 venustates
749 2625 874 2654 conversi
893 2633 900 2651 :
916 2631 1006 2660 neque

215 2675 287 2701 enim
299 2678 365 2701 sunt
380 2679 537 2702 venustates
551 2693 559 2705 ,
583 2672 631 2701 sed
649 2676 820 2700 venustatum
847 2671 1006 2704 simulacra,

1050 216 1139 251 Atque
1159 217 1185 244 id
1203 225 1295 245 rerum
1308 226 1359 246 nos
1373 219 1464 248 exitus
1475 220 1584 248 docebit
1599 230 1606 248 :
1623 229 1684 248 nam
1697 222 1744 256 qui
1761 222 1844 249 hodie

1051 262 1157 296 lepidus
1176 264 1388 299 cstetelegans,
1401 273 1462 293 eras
1478 266 1504 293 in
1515 266 1671 301 sepulcrum
1687 267 1841 304 conjectus,

1051 307 1172 341 fwtidus,
1196 314 1278 344 atque
1301 312 1430 338 omnibus
1450 312 1528 339 dirus
1546 313 1687 340 estzadeo
1696 313 1842 348 pulchrum

1050 361 1109 386 est,
1124 363 1157 382 ac
1180 356 1297 384 amabile
1321 358 1524 393 nihil,solaque
1550 360 1714 388 venerabilis
1742 361 1840 388 virtus.

1050 401 1117 434 Quae
1131 403 1157 429 in
1175 402 1272 436 primis
1296 405 1490 435 consectamla.
1515 404 1614 432 fratres
1632 415 1638 433 :
1655 406 1698 433 sin
1717 407 1842 433 animum

1051 448 1168 475 subinde
1181 448 1381 476 claudicantem
1391 450 1533 485 contingat
1550 450 1632 478 foedis
1647 452 1775 486 cogitatis
1784 453 1843 487 pol-

1051 493 1099 525 lui,
1115 494 1187 528 quod
1218 495 1370 528 negandum
1395 503 1448 523 non
1478 502 1520 523 est
1549 500 1630 531 (nam
1649 498 1711 532 quis
1733 503 1839 525 castam

1050 539 1152 566 habere
1167 543 1286 566 mentem
1302 540 1471 576 glorietur?)
1494 545 1522 567 at
1544 542 1732 577 repurgandus
1755 551 1840 577 quant

1051 585 1180 620 primum,
1197 585 1261 613 etin
1277 586 1420 621 antiquum
1435 591 1536 614 statum
1550 587 1723 616 reducendus
1738 595 1790 620 est,
1806 597 1842 616 ne

1050 631 1145 658 sceleri
1158 631 1321 659 immoratus
1335 633 1480 660 contrahat
1498 638 1624 661 mortem.
1648 633 1740 669 Neque
1756 635 1779 662 si
1796 635 1841 662 di-

1050 683 1094 706 cat
1108 678 1253 712 quisquam
1266 679 1410 714 expurgari
1427 679 1551 714 nequire,
1565 679 1659 707 multis
1671 679 1843 708 facinoribus

1050 728 1244 758 compunctum
1258 744 1264 755 ,
1291 725 1358 758 quin
1399 725 1492 752 audiat
1515 725 1650 752 dicentem
1665 735 1672 753 :
1690 725 1720 753 Si
1741 726 1841 759 fuerint

1049 774 1156 804 peccata
1176 774 1262 796 vestra
1281 775 1310 796 ut
1325 770 1480 803 puniceum,
1496 771 1574 806 quasi
1592 771 1676 798 nivem
1690 772 1842 802 dealbabo;

1051 817 1073 843 si
1088 822 1177 843 autem
1192 816 1290 850 fuerint
1304 817 1372 844 sicut
1393 818 1555 850 coccineum,
1576 819 1645 844 relut
1661 818 1750 844 lauant
1763 819 1841 845 deal-

1051 862 1117 889 babo
1132 863 1165 890 ⁸⁷.
1186 861 1282 890 Videte
1296 863 1390 898 ingens
1409 863 1453 890 Dei
1471 863 1643 896 beneficium,
1663 865 1841 900 ntpteniteu-

1051 915 1104 936 tem
1119 917 1172 936 non
1197 916 1349 944 expurgare
1365 909 1509 943 pollicetur
1524 910 1614 940 modo,
1636 910 1683 937 sed
1697 910 1730 936 ad
1743 910 1841 937 florem

1050 963 1161 991 quoque
1178 955 1330 982 venustatis
1350 955 1510 989 perducere.
1531 954 1626 990 Neque
1644 956 1760 983 obscura
1773 960 1842 983 sunt

1049 1001 1184 1036 exempla.
1201 1001 1285 1028 David
1307 1006 1382 1028 vates
1398 1006 1468 1033 erat,
1492 1001 1640 1036 lapsusque
1655 1002 1683 1028 in
1709 1001 1839 1030 adulterii

1050 1054 1077 1076 et
1094 1048 1233 1076 homicidii
1248 1048 1364 1082 crimen,
1377 1048 1449 1075 haud
1461 1047 1611 1082 despondit
1624 1048 1758 1079 animum,
1771 1049 1841 1083 quin

1050 1095 1127 1122 ocius
1149 1094 1318 1129 paenitudine
1337 1101 1415 1125 usus,
1445 1093 1546 1120 iteruttt
1562 1093 1721 1120 vaticinium
1736 1101 1842 1121 tnunus

1050 1141 1163 1175 recepit.
1182 1139 1321 1166 Mauasscs
1335 1139 1435 1166 lsraele
1462 1138 1570 1166 duobus
1592 1144 1619 1166 et
1636 1139 1841 1174 quinquaginta

1049 1188 1128 1214 annis
1143 1187 1181 1222 (6)
1194 1187 1305 1213 demoto
1320 1186 1352 1213 ad
1367 1185 1473 1220 frugem
1491 1193 1633 1217 reversus,
1661 1186 1777 1213 salutem
1797 1192 1842 1213 est

1050 1238 1226 1260 consecutus.
1243 1232 1435 1266 Apostolorum
1450 1232 1614 1267 coryphzeus
1637 1236 1698 1267 post
1720 1232 1842 1267 abnega-

1049 1279 1150 1307 tionem
1167 1279 1349 1314 Iaerymarum
1365 1278 1500 1305 medicina
1530 1285 1641 1305 rursum
1668 1278 1842 1313 apostolatus

1050 1325 1113 1353 tulit
1122 1332 1204 1353 onus.
1217 1324 1300 1352 Maria
1309 1323 1482 1359 Egyptiaca,
1495 1328 1525 1352 ut
1540 1324 1611 1352 alios
1620 1329 1780 1360 praeteream
1798 1324 1842 1351 in-

1050 1371 1231 1406 tinitos,qua3
1262 1370 1296 1398 ad
1324 1376 1477 1397 extremam
1507 1370 1650 1397 mollitiem
1684 1370 1840 1402 evasisset,

1051 1423 1231 1453 posteaquam
1253 1416 1388 1451 condigne
1416 1423 1446 1443 se
1462 1416 1571 1450 deiecit,
1600 1416 1671 1443 utad
1697 1424 1842 1444 summum

1050 1463 1159 1491 virtutis
1174 1463 1283 1490 culmen
1299 1461 1490 1489 conscenderit
1503 1462 1611 1489 tenetis.
1628 1462 1720 1497 Itaque
1735 1463 1843 1490 servari

1016 1507 1037 1536 C
1056 1508 1158 1535 volenti
1185 1506 1353 1542 impotentia).
1367 1511 1514 1541 prmtcxtus
1536 1506 1628 1534 nttllus
1647 1512 1690 1534 est
1709 1507 1763 1534 nisi
1777 1508 1845 1543 quis

1052 1555 1210 1589 deploratus
1229 1553 1302 1580 ultro
1319 1560 1348 1580 se
1365 1553 1459 1579 induat
1478 1553 1504 1579 in
1526 1557 1653 1580 mortem.
1679 1551 1731 1580 Sed
1751 1562 1801 1580 cur
1817 1559 1845 1581 te

1052 1601 1074 1628 is
1091 1599 1232 1634 perditum,
1247 1598 1355 1625 Israelt's
1380 1606 1462 1633 genus
1475 1597 1521 1625 “‘3
1546 1598 1675 1626 audimus
1690 1608 1696 1626 :
1714 1608 1765 1626 cur
1784 1600 1845 1627 vita

1052 1645 1191 1681 propoSita
1209 1644 1332 1678 perenni,
1353 1648 1483 1670 teteruam
1508 1649 1625 1670 mortem
1649 1643 1847 1679 praeferimus?

1052 1691 1158 1719 Clamat
1174 1690 1296 1725 quotidie
1308 1690 1442 1725 benignus
1469 1694 1562 1717 noster
1573 1689 1679 1717 Herus:
1702 1690 1794 1717 Venite
1807 1691 1846 1717 ad

1053 1746 1093 1765 me
1107 1745 1193 1764 omnes
1206 1736 1250 1771 qui
1267 1735 1395 1763 laboratis
1407 1739 1432 1762 et
1447 1735 1551 1762 onerati
1574 1736 1637 1762 estis
1649 1756 1656 1768 ,
1673 1740 1698 1763 et
1714 1744 1762 1771 ego
1777 1737 1844 1771 reﬁ-

1053 1785 1120 1811 ciant
1134 1792 1177 1811 vos
1193 1783 1228 1815 3',
1248 1788 1274 1810 et
1291 1790 1342 1810 nos
1365 1790 1437 1810 onus
1468 1783 1585 1817 abjicere
1602 1787 1778 1817 peccatorum
1793 1791 1848 1810 no-

1054 1831 1154 1858 lumus.
1169 1828 1241 1856 Idem
1257 1828 1421 1856 vociferatur
1437 1837 1444 1856 :
1458 1828 1514 1863 Ego
1529 1837 1588 1855 sum
1602 1829 1648 1855 lux
1666 1829 1758 1855 mundi
1772 1836 1782 1855 .'
1797 1830 1847 1864 qui

1053 1877 1170 1912 sequitur
1181 1883 1232 1908 me,
1252 1883 1303 1902 non
1320 1873 1467 1901 ambulabit
1488 1875 1514 1902 in
1531 1874 1652 1907 tenebris,
1676 1876 1720 1901 sed
1736 1874 1848 1901 habebit

1053 1922 1141 1949 (unum
1153 1921 1213 1948 vitm
1225 1920 1248 1936 ’θ
1261 1939 1268 1951 ,
1293 1923 1321 1946 et
1344 1926 1395 1946 nos
1410 1919 1437 1945 in
1455 1919 1594 1946 diversum
1610 1919 1720 1946 animus
1734 1939 1742 1950 ,
1760 1919 1848 1946 rebus

1053 1967 1121 2002 ipsis
1132 1967 1234 1998 testati,
1247 1964 1302 1992 Iter
1316 1968 1393 1992 tuum
1407 1964 1478 1992 scire
1493 1964 1792 1998 noltunus.'Reliquum
1802 1969 1848 1991 est

1052 2019 1118 2047 ergo
1129 2012 1223 2039 audire
1238 2018 1289 2039 nos
1301 2019 1307 2037 :
1321 2009 1462 2037 Ambulate
1478 2010 1505 2036 in
1519 2010 1617 2037 lumine
1636 2009 1704 2045 ignis
1719 2010 1800 2036 uestri
1819 2014 1848 2036 et

1053 2060 1081 2086 in
1093 2058 1202 2091 ﬂamma
1217 2065 1297 2092 quant
1311 2056 1484 2085 succendistis
1496 2056 1517 2072 “
1529 2054 1620 2090 :atqui
1638 2055 1694 2082 hac
1727 2060 1848 2090 patrari-

1053 2108 1090 2130 εει
1101 2123 1109 2135 ,
1141 2101 1178 2129 ait
1207 2101 1261 2134 ille,
1274 2109 1383 2136 regnum
1401 2100 1447 2127 Dei
1468 2107 1519 2126 non
1534 2105 1725 2135 consequentur
1736 2100 1760 2115 "
1773 2109 1782 2133 ;
1796 2101 1848 2127 sed

1054 2148 1112 2175 hate
1126 2146 1199 2174 absit
1222 2146 1255 2173 de
1280 2146 1361 2173 nobis
1372 2145 1437 2173 dici.
1454 2144 1505 2171 Vos
1518 2146 1587 2172 enim
1600 2145 1679 2171 amici
1696 2145 1747 2171 mei
1763 2145 1848 2178 estis,

1056 2193 1144 2228 inquit
1160 2191 1293 2219 Dotuinus
1307 2211 1314 2224 ,
1336 2191 1359 2218 si
1385 2191 1501 2225 feceritis
1526 2198 1687 2226 quaecunque
1716 2190 1850 2224 prtuipio

1056 2239 1126 2265 vobis
1137 2238 1170 2265 ³³,
1190 2237 1272 2272 Igitur
1286 2245 1347 2272 qua:
1359 2237 1489 2272 jubemur
1502 2237 1594 2264 omnia
1613 2236 1761 2269 faciamus,
1774 2237 1851 2264 unde

1057 2285 1137 2312 amici
1158 2284 1341 2316 nominamur,
1358 2291 1412 2319 quo
1429 2283 1539 2311 cmleste
1548 2291 1660 2318 regnum
1674 2283 1852 2310 erciscamur

1057 2340 1104 2367 per
1114 2331 1254 2359 Christum
1269 2330 1363 2358 .Iesum
1380 2329 1524 2357 Dominum
1538 2334 1660 2356 nostrum
1679 2338 1685 2355 :
1699 2329 1743 2356 cui
1759 2329 1850 2364 gloria

1057 2382 1084 2405 et
1104 2377 1250 2412 imperium
1272 2384 1335 2404 cum
1350 2377 1431 2404 Patre
1454 2384 1488 2403 ac
1501 2381 1597 2403 sancto
1623 2375 1740 2410 Spiritu,
1771 2383 1850 2403 nunc

1055 2429 1082 2452 et
1098 2430 1216 2459 semper,
1232 2422 1258 2449 in
1274 2429 1440 2457 omnemque
1455 2422 1674 2457 perpetuitatem.
1689 2421 1794 2448 Arnen.

1349 2485 1466 2514 SERMO
1478 2485 1550 2514 XXI.

1057 2544 1090 2573 In
1105 2545 1197 2572 mortis
1215 2543 1398 2570 recordatione
1416 2543 1465 2569 :iu
1481 2550 1532 2577 quo
1549 2546 1573 2568 et
1584 2541 1617 2577 tle
1634 2541 1707 2568 obitu
1730 2540 1851 2568 Michae-

1142 2580 1176 2606 lis
1193 2579 1356 2606 sanctissimi
1368 2577 1565 2612 metropolitani
1579 2576 1753 2612 Syuadeusis.

1095 2625 1206 2653 Fratres
1233 2624 1394 2658 I‘atresqne,
1415 2631 1478 2650 cum
1505 2623 1598 2650 multa:
1621 2622 1796 2650 celebritates
1819 2621 1850 2648 in

1061 2672 1114 2699 hoc
1130 2678 1188 2698 aevo
1200 2674 1330 2705 agunturI
1343 2668 1446 2696 divinae
1465 2673 1492 2696 et
1505 2669 1640 2700 humanae,
1657 2672 1713 2694 tum
1733 2674 1789 2693 una
1803 2671 1851 2693 est

250 2732 274 2747 ⁸⁸
293 2730 364 2758 Psal.
378 2739 452 2761 xxtx.
473 2730 500 2758 8.
538 2731 561 2747 ⁸⁷
583 2730 636 2757 Isa.
652 2729 732 2762 t,.18.
769 2715 792 2746 δ⁸
810 2729 909 2757 Ezech.
931 2737 972 2762 IlI,
989 2729 998 2756 I

1070 2729 1092 2745 "
1110 2727 1204 2755 Matth.
1218 2734 1255 2758 ιιι,
1271 2725 1316 2753 28.
1355 2725 1377 2741 ὀ
1397 2724 1476 2752 .Ioau.
1493 2732 1551 2757 vui,
1569 2723 1612 2750 I2.
1650 2723 1671 2739 ⁹¹
1690 2723 1740 2750 lsa.
1757 2729 1785 2754 ι,
1802 2720 1847 2749 ll.

221 2767 242 2782 "
268 2767 354 2794 Galat.
388 2774 415 2798 v,
430 2766 475 2794 2|.
513 2767 537 2782 ”
550 2764 629 2792 Joau.
647 2773 692 2798 xv,
707 2765 750 2792 H.

251 2827 288 2859 (ti)
310 2826 422 2854 S'cilicet
435 2824 491 2853 veri
505 2829 532 2852 et
547 2824 707 2860 immortalis
720 2823 765 2851 Dei
777 2823 863 2855 cultu,
877 2822 933 2857 lrge
946 2821 1005 2849 Cat.
1022 2820 1079 2848 115.
