1916 3075
62 123 114 154 5¹ὶ7

636 127 839 157 SERMONES
854 127 1113 157 CATECHETICI.

1643 130 1694 162 538

68 179 147 214 longa
165 186 198 207 ac
223 180 361 208 laboriosa
373 201 381 214 ,
397 182 461 209 vitae
478 181 620 209 hominum
637 182 774 216 cujusque
789 190 854 209 cur—
868 189 890 217 Α
906 189 959 216 que
976 181 1066 208 danda
1078 190 1111 220 np
1123 189 1204 216 quem
1219 182 1290 210 diem
1306 182 1436 210 horamve
1449 188 1552 212 temere
1567 189 1692 212 transea-

64 223 206 251 riculum:
232 232 248 252 a
271 233 325 260 qua
343 225 494 260 profectus,
514 233 597 261 porro
624 227 708 253 obeas
737 227 852 258 nullam,

64 270 110 297 sed
127 278 242 299 necesse
266 272 302 299 sit
326 272 398 299 diem
422 273 549 300 ultimum
568 280 689 304 manere,
708 273 854 308 ignemque

64 321 235 349 supremum,
248 317 294 350 qui
316 322 410 344 nostra
425 318 517 344 onmia
532 318 635 351 judicet
646 338 653 351 ,
667 323 693 345 et
709 323 852 353 expurget.

65 358 119 387 llac
133 360 298 394 perfunctus
314 367 341 389 et
357 363 491 397 spiritalis
506 368 582 398 pater
597 363 721 394 Michael,
737 363 854 391 sanctis-

64 407 153 433 simus
164 408 392 442 metropolitanus
408 409 587 444 Synadensis.
600 410 633 437 ad
645 409 728 436 Demn
741 416 855 436 conces-

64 452 119 480 sit:
135 453 217 486 cujus
234 457 262 480 et
285 454 393 481 laudata
421 455 487 487 vita,
505 460 532 483 et
555 456 671 483 illustris
686 463 778 482 sermo
799 459 853 488 est,

64 506 181 533 eumque
197 499 338 527 credimus
356 500 427 527 inter
444 505 559 528 caeteros
571 501 669 528 Patres
697 509 729 528 ac
746 501 854 529 confes-

64 552 140 572 sores
153 545 188 572 ad
205 545 291 572 Deum
304 546 498 580 opitulatorcm
515 547 617 575 habere
634 548 661 574 in
680 547 854 575 confessione

64 591 203 626 praesenti.
219 590 405 624 Quamobrem
418 591 490 619 haud
505 592 744 627 triumphentcum
755 593 854 620 animis

65 635 179 664 infausti
196 635 370 664 lconomachi
384 658 392 670 ,
426 636 549 665 defectos
578 638 729 672 gloriantes
750 638 852 666 Christi

64 682 255 715 confessores,
276 683 342 718 quin
359 689 529 719 cognoscant
544 685 655 719 insuper
683 685 780 712 horum
807 686 854 712 de-

65 736 172 756 cessum
188 729 234 757 Dei
251 728 586 758 Ecclesiaeinconcussum
603 730 708 763 haberi,
720 731 854 766 nobisque

64 774 263 808 superstitibus
276 775 333 802 veri
352 776 591 803 conﬁrmationem
605 796 612 808 ,
639 784 733 804 errore
757 784 851 804 eorum

64 827 136 847 caro
152 821 322 854 despuenda.
339 821 378 849 Ac
400 821 466 848 dum
486 828 535 856 per
557 822 717 849 charitatem
741 827 852 857 operata

907 234 985 260 mus;
1007 226 1055 254 sed
1083 227 1178 254 intenti
1202 231 1285 262 atque
1303 228 1463 262 vigilantes.
1484 229 1646 265 lustratique
1661 239 1693 258 ac

905 272 1027 307 purgati,
1046 280 1108 299 cum
1132 272 1186 300 Deo
1213 273 1393 307 copulemur,
1423 279 1453 301 ut
1480 275 1560 303 nobis
1583 283 1693 311 quoque

906 325 1037 353 usurpare
1061 318 1157 349 liceat,
1175 318 1292 346 Adluesit
1313 320 1403 346 anima
1425 328 1483 347 mea
1502 326 1561 355 post
1582 326 1624 354 te,
1653 330 1694 349 me

903 365 1016 398 suscepit
1025 364 1188 391 deateratua
1200 365 1233 398 ",
1245 372 1276 391 ac
1285 365 1324 392 sic
1337 366 1444 400 egregie
1453 373 1513 400 qua:
1531 366 1575 393 hic
1590 366 1693 393 obean-

904 415 948 437 tur
957 410 1092 443 det-ursis,
1109 418 1171 438 cum
1187 418 1235 445 spe
1256 411 1326 438 bona
1352 411 1476 446 profecti,
1502 412 1613 439 caeleste
1648 419 1693 438 re—

905 464 988 491 gnum
1007 463 1210 491 consequamur
1226 463 1274 492 per
1287 456 1424 484 Christum
1440 456 1532 484 Jesum
1548 457 1691 484 Dominum

904 505 1028 528 nostrum
1048 502 1114 528 :cui
1136 502 1222 536 gloria
1244 507 1272 530 et
1294 503 1438 538 imperium
1457 512 1522 532 cum
1549 503 1629 531 Patre
1662 512 1693 532 ac

904 552 1000 573 sancto
1014 546 1127 581 Spiritu,
1144 555 1216 576 nunc
1230 553 1257 575 et
1271 556 1388 584 semper,
1403 549 1431 576 iu
1448 557 1613 585 omnemque
1630 557 1691 584 per-

904 591 1073 626 petuitatem.
1088 593 1185 619 Amen.

1185 672 1301 700 SERMO
1330 671 1413 700 XXII.

905 737 943 765 De
953 739 1032 774 robitu
1047 738 1176 771 Joannis,
1187 739 1358 766 'sanclisaimi
1372 740 1568 774 metropolitani
1582 740 1692 767 Chalce-

939 773 1016 800 donis
1030 793 1037 805 ,
1063 779 1088 801 et
1114 776 1334 809 quemadmodum
1355 775 1461 802 rediuivi
1479 775 1588 802 invicem
1609 783 1691 811 agno-

939 817 1051 836 κεηιιιε.

64 866 130 893 ﬁdes
147 865 266 893 salutem
288 866 391 894 homini
411 872 529 902 qua-.rat,
542 867 672 895 cohortor
688 875 760 895 nunc
778 876 849 903 quo-

935 873 1044 902 Fratres
1066 875 1229 910 Patresque,
1251 876 1440 909 superioribus
1479 876 1583 911 aliquot
1593 877 1691 905 diebus

63 918 126 944 que,
144 915 175 937 ut
187 911 257 939 alias
278 919 405 946 semper,
423 911 470 939 Dei
496 912 609 947 exsequi
630 917 766 947 prmcepta
780 932 787 944 ,
816 913 850 940 ad

64 955 170 990 iterque
188 963 250 983 esse
266 956 435 991 procinctos,
447 957 483 984 ob
497 957 718 984 incertitudinem
736 958 850 986 mortis:

63 1003 142 1030 scitis
150 1004 225 1029 enim
238 1008 265 1030 et
275 1003 436 1037 praedictum
449 1003 558 1030 Patrem
577 1008 733 1038 correptum
743 1007 853 1037 repente

65 1048 177 1076 acribus
190 1048 333 1076 doloribus
345 1069 353 1082 ,
367 1053 395 1076 et
409 1049 487 1084 ignea
506 1048 573 1076 febri
586 1069 594 1081 ,
620 1049 752 1083 postridie
777 1048 852 1076 fandi

65 1093 205 1128 impotem,
223 1094 304 1121 tertio
319 1094 364 1121 die
383 1094 509 1129 spiritum
525 1093 687 1122 reddidisse.
702 1094 773 1127 Quin
790 1098 853 1121 ante

64 1148 126 1167 eum
144 1145 173 1167 et
186 1139 366 1172 Athanasius,
381 1140 497 1174 insignis
512 1139 680 1174 Paulopetrii
696 1139 852 1174 praefectus,

64 1194 113 1214 nec
126 1186 201 1213 diem
219 1186 374 1221 aegritudini
391 1186 499 1213 suﬂecit
512 1205 520 1219 ,
545 1186 592 1213 sed
607 1193 640 1213 ex
664 1185 822 1213 hominibus
839 1194 854 1213 e

65 1233 178 1267 vestigio
201 1236 245 1260 est
271 1232 405 1260 sublatus.
433 1232 569 1259 Audimus
580 1239 647 1259 vero
662 1236 692 1259 et
705 1232 854 1260 nonnullos

64 1279 174 1314 fulgure
193 1282 346 1314 praeventas
361 1278 526 1313 deﬂagrasse
538 1299 546 1311 ,
569 1278 727 1313 multosque
740 1279 854 1306 omnino

64 1334 145 1353 casus
163 1326 303 1360 inopiuos.
327 1324 501 1359 Quapropter
517 1324 680 1356 timendum,
697 1329 725 1351 et
745 1325 854 1352 animus

64 1370 228 1406 arrigendus
243 1374 295 1403 est,
311 1370 420 1397 diabolo
429 1369 463 1396 de
474 1369 519 1396 die
531 1369 557 1396 in
572 1369 644 1396 diem
660 1377 710 1396 nos
725 1369 853 1402 lactante,

64 1417 128 1444 dum
146 1416 266 1444 adducat
282 1417 309 1444 in
328 1417 439 1444 anxiam
466 1416 541 1443 illam
572 1423 728 1450 supremam
745 1416 853 1449 horam,

65 1464 91 1490 in
115 1471 170 1498 qua
194 1463 296 1490 frustm
329 1468 357 1491 et
389 1463 465 1490 iners
480 1462 517 1490 sit
537 1462 656 1490 studium
678 1461 853 1496 paenitentiae.

65 1508 150 1542 Igitur
160 1515 216 1535 non
234 1515 284 1535 vos
299 1512 439 1535 exterrent
465 1507 593 1543 praedicta
619 1506 744 1541 exempla
760 1526 768 1538 ,
798 1514 852 1532 non

67 1555 181 1582 horrore
191 1554 341 1589 complent,
361 1554 515 1589 cogitantes
528 1558 558 1581 ut
574 1561 636 1580 cum
655 1553 747 1587 lingua
765 1552 854 1578 divin-
867 1544 888 1572 C

65 1604 108 1627 ω
121 1599 213 1633 eloqui
228 1599 334 1634 nequit,
355 1603 384 1626 ut
410 1599 519 1626 animus
542 1606 558 1626 e
587 1605 703 1633 corpore
730 1598 855 1624 revulsus

68 1644 140 1671 exit?
169 1651 232 1671 cum
259 1642 339 1670 multi
362 1647 484 1670 astantes
510 1643 614 1675 forsan,
650 1650 682 1669 ac
706 1642 855 1677 plorantes,

70 1697 144 1725 opem
197 1689 304 1718 ferente
323 1709 332 1723 ,
368 1690 423 1718 nisi
462 1690 534 1717 bona
575 1688 742 1717 conscientia
762 1708 770 1721 ,
807 1696 856 1715 ne-

71 1743 148 1763 mine.

102 1790 192 1824 Quare
205 1789 349 1820 admoneo.
367 1794 394 1817 et
413 1789 556 1817 obtestor:
581 1790 677 1818 horam
703 1798 763 1818 eam
788 1799 858 1826 βισκ-

71 1841 205 1861 vertamus
226 1833 418 1865 confessione,
445 1833 591 1868 lacrymis,
619 1833 856 1868 comprecatione,

71 1880 234 1911 obedientia,
247 1879 446 1912 submissione,
460 1883 590 1907 contento
602 1879 768 1912 ministerio,
782 1879 856 1905 onmi

71 1926 185 1961 denique
199 1925 317 1952 honesto
332 1923 457 1951 instituto
470 1943 478 1955 ,
495 1931 530 1950 ne
546 1923 684 1955 socordia,
697 1931 730 1950 ac
743 1922 858 1957 segnitie

71 1972 210 2007 praventi,
225 1976 327 1998 aeterna
343 1975 431 1997 morte
445 1970 588 2004 sopiamur
603 1970 638 2001 “,
656 1969 728 2004 quod
745 1974 857 1996 sanctus

71 2017 152 2045 David
164 2015 404 2052 deprecatur.,Sed
416 2016 533 2043 fortasse
544 2015 616 2043 dicet
631 2015 730 2050 aliquis
738 2015 806 2042 velle
817 2023 857 2048 se,

69 2072 157 2101 neque
172 2072 262 2100 posse.
276 2063 379 2099 thuae
394 2064 452 2092 haec
463 2063 589 2099 (malum)
605 2067 648 2090 est
659 2062 782 2090 insania?
795 2071 857 2090 nam

69 2113 90 2140 si
105 2112 132 2139 in
149 2111 186 2138 iis
201 2111 290 2146 posita
308 2114 374 2138 sunt
393 2117 454 2145 qua:
470 2114 596 2137 naturam
615 2113 744 2143 superant
755 2128 762 2141 ,
779 2109 857 2143 equi-

68 2159 127 2186 dem
146 2158 236 2185 fateor
250 2164 361 2192 quoque
377 2156 449 2184 haud
473 2155 514 2183 fas
528 2163 589 2183 esse
609 2155 635 2182 in
650 2162 740 2182 aerem
758 2154 859 2181 subvo-

68 2203 124 2231 lare
143 2207 192 2230 aut
214 2201 385 2229 inambulare
403 2207 486 2235 super
499 2207 611 2234 aequor,
628 2199 695 2246 quin
714 2206 764 2226 nec
781 2198 854 2232 loqui
873 2219 894 2246 υ

69 2249 192 2280 naribus,
205 2254 256 2274 nec
271 2246 381 2274 odorari
396 2246 488 2281 lingua
501 2253 572 2280 ,quaz
587 2245 726 2276 inusitata,
742 2248 824 2278 atque
839 2251 854 2270 a

68 2299 166 2321 natura
183 2293 241 2321 sint
251 2291 352 2320 aliena.
371 2291 418 2319 Sin
434 2292 462 2318 in
476 2291 510 2318 iis
523 2298 583 2325 quae
598 2298 660 2318 cum
676 2294 775 2317 natura
792 2293 857 2316 sunt

67 2339 235 2373 conjuncta,
261 2338 288 2365 in
310 2342 460 2372 nostraque
478 2336 620 2364 voluntate
649 2336 719 2367 sita,
740 2335 856 2362 mendax

68 2386 158 2413 oratio
181 2388 233 2412 est.
264 2382 298 2410 Ut
313 2383 385 2410 enim
402 2390 549 2418 possumus
564 2381 678 2409 diffundi
700 2388 732 2408 ac
752 2380 856 2410 ridere,

69 2431 104 2458 ita
127 2430 254 2458 contrahi
271 2437 398 2464 quoque,
415 2433 496 2464 atque
515 2427 676 2463 lacrymari;
697 2431 728 2454 ut
751 2425 858 2453 vitiosis

69 2476 246 2507 libidinibus,
270 2482 302 2502 ac
325 2474 457 2502 ftedarum
478 2473 674 2508 cogitationum
693 2470 859 2499 commercio

71 2521 154 2556 pollui
165 2541 173 2553 ,
188 2521 227 2549 ita
246 2520 359 2548 lustrari
375 2524 403 2547 et
417 2528 431 2547 a
449 2519 523 2547 vitiis
539 2517 705 2554 expurgari;
729 2522 758 2544 ut
771 2517 858 2544 obdu-

70 2575 194 2602 rescere,
212 2574 244 2594 ac
258 2566 410 2594 sceleribus
426 2565 567 2597 insistere,
591 2564 627 2591 ita
644 2563 677 2591 ad
698 2562 802 2597 frugem
817 2570 860 2589 re-

71 2613 128 2640 dire
142 2633 151 2645 ,
171 2617 199 2640 et
217 2611 377 2646 compungi.
394 2610 447 2638 Sed
470 2609 574 2637 nefaria
595 2605 698 2638 libido.’
719 2607 812 2634 habitu
832 2607 858 2634 in

72 2659 148 2686 nobis
165 2661 320 2690 contracto,
336 2664 398 2684 cum
412 2656 446 2683 ad
462 2656 590 2683 virtutem
608 2653 739 2685 imbelles,
757 2657 812 2679 tum
831 2653 857 2678 in

72 2703 134 2729 vitia
147 2703 271 2729 valentes
284 2701 411 2729 reddidit.
429 2701 484 2728 Nec
499 2699 699 2735 desperandum
712 2703 754 2725 est
769 2703 858 2725 tamen

75 2748 202 2780 (utuinime
215 2747 366 2783 gentium),
381 2747 447 2782 quin
459 2747 549 2774 denuo
567 2745 749 2780 incipiendum
765 2751 862 2779 opera-

108 2838 128 2854 "
145 2839 218 2866 Psal.
236 2845 290 2869 xu,
309 2837 324 2864 1
373 2836 395 2852 ³⁸
414 2834 485 2863 Psal.
500 2842 569 2866 un,
589 2834 615 2860 9.
671 2854 681 2867 ,

903 919 1068 954 peregrinati
1083 927 1115 947 ac
1131 921 1244 952 reversi,
1260 928 1354 955 pacem
1370 921 1441 948 inter
1454 929 1503 949 vos
1516 927 1626 955 agentes
1637 944 1645 955 ,
1665 927 1693 950 et

902 965 1069 999 compositos
1086 965 1158 993 nacti
1169 985 1177 998 ,
1194 971 1285 1000 grates
1296 967 1403 1001 egimus
1419 966 1473 994 Deo
1489 967 1535 1002 qui
1551 968 1578 994 in
1597 969 1692 995 mode-

903 1011 955 1038 stia
971 1016 1059 1038 vestra
1072 1011 1264 1046 gauderemus,
1279 1012 1306 1039 id
1319 1013 1392 1047 quod
1408 1017 1451 1041 est
1464 1014 1612 1048 proborum
1627 1015 1692 1041 obe-

902 1055 1034 1083 dientium
1046 1076 1053 1086 ,
1070 1063 1103 1083 ac
1115 1056 1254 1084 stabilium
1272 1058 1299 1084 in
1316 1058 1451 1091 honesto;
1471 1059 1498 1085 in
1515 1066 1570 1092 quo
1584 1064 1611 1086 et
1624 1067 1692 1086 cou-

903 1097 1048 1125 firmemini
1077 1100 1165 1134 magis
1195 1100 1337 1135 magisque
1366 1101 1473 1129 Domini
1510 1104 1596 1130 nostri
1627 1102 1690 1131 Jesu

903 1143 1005 1171 Christi
1032 1144 1181 1177 beneflcio,
1198 1150 1228 1173 ut
1255 1147 1484 1180 quemadmodum
1501 1148 1529 1175 in
1548 1148 1624 1175 nihili
1642 1157 1691 1176 no-

903 1186 958 1216 stra
983 1191 1123 1223 praesentia
1138 1212 1145 1224 ,
1169 1191 1210 1219 sic
1230 1191 1257 1219 in
1279 1193 1401 1220 absentia
1421 1201 1529 1228 quoque
1551 1194 1691 1223 indemnes

904 1243 951 1262 vos
961 1257 968 1269 ,
980 1240 1006 1262 et
1017 1235 1075 1262 sine
1088 1243 1157 1263 noxa
1172 1238 1351 1266 conservetis.
1369 1238 1511 1266 Discessus
1523 1247 1587 1266 vero
1597 1247 1690 1272 causa,

903 1281 941 1307 uti
957 1281 1043 1312 scitis,
1058 1281 1150 1309 obitus
1165 1288 1223 1310 erat
1235 1281 1350 1311 Joannis
1363 1284 1564 1318 metropolitani
1577 1285 1691 1312 Chalce-

903 1326 983 1354 donis
996 1347 1003 1358 ,
1030 1326 1076 1362 qui
1107 1328 1238 1362 praeclaro
1257 1329 1408 1356 Certamine
1423 1329 1562 1357 decertan
1574 1350 1581 1362 ,
1608 1337 1690 1357 cursu

903 1377 1013 1406 peracto
1026 1392 1032 1404 ,
1056 1372 1107 1399 fide
1124 1377 1246 1406 servata,
1270 1373 1337 1401 abiit
1351 1374 1385 1401 ad
1403 1373 1487 1402 Detrm
1503 1380 1578 1410 parta
1594 1375 1691 1402 illustri

903 1417 1085 1446 confessionis
1100 1426 1199 1446 cor0na
1218 1426 1280 1446 cum
1299 1419 1492 1449 decessoribus
1510 1421 1611 1448 nostris
1629 1428 1692 1448 san-

902 1464 954 1491 ctis
966 1463 1092 1492 Patribns
1107 1473 1138 1492 ac
1151 1464 1293 1494 fratribus.
1308 1466 1360 1493 Sed
1375 1467 1505 1501 quoniam
1522 1467 1692 1495 scatentihus

904 1510 1023 1545 pusmlis
1035 1510 1162 1541 decessit.
1176 1511 1317 1546 ambigunt
1333 1511 1444 1546 quidam
1460 1519 1494 1539 an
1511 1513 1605 1546 probe.
1621 1512 1691 1545 Quid

905 1555 932 1582 ni
947 1556 1044 1583 obierit
1061 1556 1164 1590 probe?
1179 1556 1267 1591 Atque
1287 1557 1414 1592 equidem
1434 1557 1561 1584 laborare
1585 1557 1602 1584 ii
1625 1558 1692 1584 mihi

906 1600 1057 1635 ignorantia
1073 1600 1218 1628 videntur:
1236 1608 1310 1632 nam,
1324 1601 1419 1635 probe,
1435 1609 1469 1628 an
1486 1601 1630 1636 improbe?
1645 1610 1693 1629 no-

906 1654 1041 1681 quaquam
1056 1646 1083 1673 in
1099 1647 1151 1674 hoc
1166 1647 1290 1678 vertitur,
1307 1646 1347 1674 sic
1363 1654 1398 1674 an
1415 1647 1455 1675 sic
1468 1647 1633 1682 dcfungare,
1646 1647 1692 1674 sed

906 1699 940 1719 an
956 1692 1136 1719 orthodoxnm
1153 1692 1232 1719 fidem
1256 1697 1282 1720 et
1303 1692 1468 1727 inculpatam
1485 1692 1584 1719 habeas
1598 1692 1692 1719 vitam.

906 1737 973 1770 Quae
990 1737 1037 1772 qui
1051 1742 1143 1764 teneat
1157 1758 1165 1770 ,
1182 1737 1358 1772 quantumvis
1372 1737 1541 1765 scatentibus
1557 1737 1672 1771 pustulis
1685 1756 1694 1768 .

907 1782 1086 1817 quantumvis
1110 1782 1164 1809 alio
1186 1789 1352 1817 quocunque
1374 1782 1471 1809 morbo
1488 1785 1617 1813 vexatus,
1637 1781 1695 1809 sive

907 1828 934 1854 in
953 1833 1040 1859 terra,
1057 1827 1113 1854 sive
1130 1827 1156 1854 in
1173 1826 1241 1854 mari
1257 1828 1366 1862 expiet,
1385 1826 1486 1854 nullam
1508 1826 1572 1853 hinc
1587 1830 1693 1853 contra-

909 1875 954 1901 hat
969 1873 1109 1900 infamiam
1125 1881 1132 1898 :
1155 1873 1211 1900 haec
1226 1873 1299 1900 enim
1317 1880 1370 1899 non
1392 1872 1419 1899 in
1433 1871 1547 1899 arbitrio
1565 1874 1629 1898 sunt
1646 1878 1696 1897 no-

909 1925 976 1952 stro,
989 1919 1054 1954 quin
1069 1918 1156 1954 posit'a
1167 1919 1193 1945 in
1205 1918 1353 1952 exploratis
1366 1917 1412 1944 Dei
1425 1916 1550 1951 judiciis,
1562 1916 1609 1951 qui
1621 1915 1697 1942 novit

908 1974 963 2001 quo
984 1971 1062 2001 pacto
1075 1965 1147 2000 quod
1168 1965 1195 1992 in
1211 1965 1348 1992 rationem
1364 1963 1400 1992 sit
1415 1963 1550 1997 cujusque
1566 1967 1620 1989 tam
1636 1962 1698 1988 vitze

909 2012 1110 2048 prorogatione,
1123 2019 1206 2046 quam
1218 2011 1315 2038 mortis
1328 2018 1428 2045 genere
1441 2009 1625 2036 administret.
1637 2007 1697 2034 lam

908 2059 936 2086 in
951 2059 1005 2085 alio
1020 2057 1146 2085 nonnulli
1162 2057 1303 2092 disputant
1319 2056 1353 2083 ad
1367 2055 1536 2083 audientium
1555 2053 1676 2081 fratnlem
1690 2073 1697 2085 ,

910 2104 1023 2132 minime
1045 2111 1075 2131 se
1096 2103 1239 2137 agnituros
1263 2102 1389 2129 homines
1404 2100 1555 2132 redivivos,
1572 2107 1634 2126 cum
1652 2098 1698 2125 Dei

909 2149 995 2177 Filius
1011 2149 1118 2176 cunctis
1131 2147 1288 2183 judicandis
1306 2146 1465 2179 advenerit;
1488 2146 1563 2173 aiunt
1580 2145 1696 2179 quippe:

910 2196 1018 2225 Scilicet
1030 2196 1125 2223 mutati
1145 2203 1160 2223 ε·
1177 2195 1289 2223 caducis
1304 2195 1331 2222 in
1347 2194 1520 2228 incorruptos
1546 2198 1573 2220 et
1586 2193 1700 2219 immor-

908 2243 976 2270 tales
987 2250 1048 2270 cum
1063 2241 1184 2274 Graecus,
1200 2237 1320 2273 Judm‘us,
1339 2239 1488 2272 Barbarus,
1505 2237 1605 2273 Scytha
1616 2257 1624 2270 ,
1639 2244 1700 2264 ser-

909 2297 970 2322 vus,
986 2289 1064 2320 liber,
1082 2295 1151 2320 mas,
1167 2287 1269 2314 femina
1285 2294 1338 2313 non
1353 2285 1425 2318 erit,
1446 2291 1595 2318 omnesque
1613 2283 1702 2310 instar

909 2339 990 2362 erunt
1006 2334 1148 2369 geniorum
1162 2354 1170 2366 ,
1186 2337 1282 2359 mutuo
1299 2329 1498 2367 agnoscamus?
1522 2329 1573 2356 Sed
1596 2328 1623 2355 in
1643 2327 1700 2363 pri-

913 2380 966 2407 mis
984 2379 1205 2414 respondcndum
1223 2378 1296 2414 quod
1313 2377 1388 2405 nefas
1405 2377 1441 2404 sit
1456 2382 1539 2411 penes
1561 2374 1700 2404 homines,

912 2425 939 2452 id
954 2432 1035 2460 penes
1052 2425 1135 2452 Deum
1155 2423 1195 2451 fas
1210 2431 1271 2451 esse
1286 2432 1293 2450 :
1312 2430 1374 2450 nam
1394 2422 1428 2449 ad
1444 2428 1507 2448 eum
1524 2419 1634 2447 modum
1651 2425 1700 2445 uec

909 2470 1137 2498 resurrectionem
1152 2469 1309 2500 fatebimur,
1322 2467 1451 2495 humanis
1463 2465 1619 2494 rationibus
1631 2464 1701 2492 sub-

909 2517 978 2544 nixi.
999 2515 1051 2549 Qui
1072 2515 1144 2543 enim
1169 2520 1258 2550 potest
1280 2515 1421 2541 dillluxum
1442 2519 1542 2547 corpus
1556 2532 1564 2544 ,
1588 2518 1621 2537 ac
1642 2509 1703 2536 fors

909 2561 1052 2595 depastum
1068 2567 1083 2586 a
1097 2559 1178 2592 feris,
1196 2567 1244 2586 seu
1258 2558 1321 2585 alite
1335 2565 1382 2586 seu
1395 2557 1478 2592 pisce,
1497 2562 1579 2590 atque
1593 2554 1619 2581 id
1634 2553 1700 2587 qni-

910 2605 971 2632 dcm
988 2604 1156 2632 multimodis
1167 2609 1194 2631 et
1209 2604 1234 2630 in
1250 2604 1361 2635 seriem,
1378 2607 1508 2635 supremo
1518 2600 1545 2626 in
1559 2599 1602 2626 die
1617 2596 1700 2625 simul

911 2652 991 2687 cogi?
1005 2655 1032 2678 et
1048 2655 1136 2678 tamen
1152 2658 1250 2678 arcana
1270 2650 1315 2676 Dei
1339 2652 1471 2683 potestate
1487 2651 1545 2673 tum
1562 2647 1675 2679 cogetur
1691 2663 1699 2675 ,

913 2705 945 2725 ac
960 2701 1093 2730 resurget,
1107 2701 1162 2723 tum
1175 2696 1284 2723 animus
1298 2702 1378 2723 suum
1391 2693 1507 2728 quisque
1519 2697 1619 2726 corpus
1629 2710 1635 2722 ,
1652 2689 1703 2724 qui

915 2750 978 2770 cum
998 2742 1081 2775 vixit,
1103 2745 1244 2777 agnoscet.
