1916 3075
308 86 321 96 κ

224 111 277 141 539

799 114 828 144 S.
846 113 1041 144 'l‘lIEODORI
1069 114 1242 144 STUDITE

1798 113 1850 145 5l0

257 167 280 200 Q
293 167 335 193 ‘o'l
351 168 372 194 si
394 174 486 200 suum,
501 167 613 195 dubium
627 176 680 196 non
701 174 743 197 est
768 170 832 215 quin
852 175 879 197 et
894 169 1009 204 proximi
1024 173 1047 198 Α
1061 169 1170 203 quidem
1186 168 1382 202 aliquantisper
1424 175 1589 203 rursumque
1609 168 1755 195 solvuntur
1772 178 1778 195 :
1798 177 1850 195 cae-

222 212 337 239 noverit.
361 211 430 239 Tum
453 217 543 239 autem
571 213 693 240 futui‘um
718 211 853 249 judicium
877 214 928 241 hac
952 215 1011 249 opi—

223 259 305 285 nione
318 258 442 290 tollitur;
464 266 526 285 nam
543 258 677 292 judicium
702 260 728 286 in
745 260 869 294 personis
891 260 1011 294 cognitis

221 305 324 331 obitur.
355 303 441 331 Nemo
455 304 527 331 errinr
546 305 591 340 qui
618 313 647 332 se
672 313 725 332 non
754 307 860 333 noverit
881 306 966 333 trahit
983 306 1009 333 in

221 350 367 383 judicium,
388 351 434 377 sed
458 358 528 385 qrros
550 352 666 383 noverit,
689 352 920 386 quemadmodum
939 352 1009 380 scri-

222 401 297 430 ptrrm
315 400 357 423 est
380 405 386 422 :
413 396 532 431 Argrmm
559 401 593 429 te,
611 401 635 423 et
659 402 777 424 statuam
796 403 888 424 contra
913 399 1009 433 faciem

223 447 295 468 tuam
312 446 420 476 peccata
440 446 486 468 tua
498 443 530 469 ".
552 442 636 477 Igitur
656 443 678 470 si
696 449 791 470 mutrro
806 452 858 470 non
877 451 1010 478 agnosce-

223 495 295 518 rrrrrs,
316 494 367 514 nec
385 487 580 521 judicabirnur,
600 493 726 515 caeterum
745 497 798 516 non
811 489 939 523 judicati,
958 497 1008 517 nec

222 539 284 566 quae
299 533 326 558 in
350 532 420 559 vivis
442 533 645 568 promernimus
667 533 796 561 feremus.
811 533 871 561 .larn
895 535 941 569 qui
959 536 1010 561 im-

223 577 340 611 plebitur
352 577 404 605 hoc
417 576 523 604 Domini
538 578 570 605 ad
586 579 724 612 apostolos
736 579 839 606 dictum
856 589 862 606 :
880 579 1009 607 Sedebilis

222 628 247 649 et
269 631 313 650 vos
334 631 412 657 super
432 622 505 649 sedes
530 623 680 655 duodecim,
700 624 848 655 iudicante:
871 625 1009 651 duodecim

224 670 307 696 tribui
329 668 457 702 Israel",
475 669 498 696 si
512 677 583 704 quos
599 670 761 705 judicabuut
777 677 830 697 non
844 671 1010 705 agnoscent?

222 712 283 745 Quo
297 718 376 747 pacto
392 717 483 740 autem
500 718 527 740 et
540 713 636 741 beatus
651 713 736 741 Jobus
749 714 846 748 duplos
858 714 959 741 liberos
967 718 1010 741 est

222 763 394 792 recepturus,
410 757 432 785 si
449 758 475 784 in
490 758 596 785 cmlesti
613 766 695 793 regno
719 766 768 785 eos
782 766 836 785 non
857 758 1010 793 agnoscet?

222 803 358 837 siquidem
378 804 478 838 partim
506 805 550 832 hic
577 804 691 838 recepit,
714 810 812 838 partrrn
840 804 1006 839 promissum

221 854 264 876 est
280 849 339 876 fore
361 854 390 877 ut
405 855 590 886 consequente
612 850 713 878 saeculo
731 850 872 885 reciperet.
892 850 924 878 Et
939 851 1008 878 alio-

221 895 267 929 qui
286 900 397 923 sanctus
413 894 496 922 David
517 894 801 923 iisverbis":Frater
820 903 870 923 non
891 896 1007 927 redierit.

223 940 335 968 redimet
346 941 443 968 homo?
458 941 568 969 fratrem
581 940 701 969 ostendit
715 942 872 975 agniturum
886 941 1007 968 fratrem.

223 987 293 1021 Ergo
311 987 430 1022 undique
445 987 590 1014 collectum
613 994 645 1014 ac
661 986 866 1013 constabilitum
882 989 924 1012 est
938 986 1008 1014 stul-

223 1037 279 1059 trrrn
298 1040 360 1060 esse
386 1033 411 1059 id
436 1033 587 1068 problema,
614 1037 641 1059 et
655 1032 793 1066 impietate
814 1039 863 1066 par
884 1031 1009 1066 Origenis

222 1078 335 1106 fabulis.
362 1077 463 1106 Verum
490 1086 552 1111 nos,
577 1078 687 1111 fratres,
712 1078 795 1105 etiam
819 1082 901 1112 alque
925 1078 1007 1105 etiam

221 1124 368 1152 credamus
383 1129 411 1151 et
427 1132 634 1152 resurrecturos
649 1129 677 1152 et
700 1124 873 1158 incorruptos
888 1123 1007 1154 futuros.

220 1173 249 1196 et
277 1169 421 1203 agnituros
451 1174 556 1201 mutuo.
584 1177 638 1196 non
666 1169 693 1196 in
719 1169 883 1203 corruptela:
907 1169 1008 1203 Quibus

221 1215 327 1249 praediti
345 1222 453 1248 sumus,
474 1215 624 1246 idiornatis,
637 1215 684 1242 sed
702 1214 906 1249 pulchritudine
919 1215 1009 1242 ali‘ecti

221 1260 391 1295 incorrupta,
418 1260 569 1288 secundum
600 1267 729 1288 arcanam
758 1259 803 1287 Dei
828 1260 1007 1292 voluntatem,

220 1306 259 1333 uti
288 1311 315 1333 et
344 1306 462 1341 majores
488 1306 574 1334 nostri
598 1306 625 1333 in
652 1306 792 1341 paradiso,
822 1305 871 1340 qui
895 1310 923 1332 et
946 1310 1010 1334 ante

219 1352 467 1387 transgressionem
495 1360 524 1379 se
560 1352 748 1386 agnoscebant
781 1352 953 1385 incorrupti,
981 1357 1008 1378 et

220 1402 283 1433 post
305 1398 553 1433 transgressionem
579 1405 658 1432 teque
675 1397 727 1424 sub
745 1397 928 1432 corruptelam
943 1397 1008 1425 sub~

218 1444 296 1479 jecti.
316 1444 368 1471 Sed
395 1444 421 1471 lri
448 1443 539 1477 aliter,
562 1444 640 1470 aliter
665 1443 715 1470 illi.
740 1443 818 1470 Unde
841 1443 1008 1471 credendum

221 1491 281 1518 fore
296 1494 325 1518 ut
340 1489 452 1517 fratrem
468 1494 600 1524 agnoscat
612 1489 706 1522 frater,
721 1489 823 1516 liberos
835 1494 922 1524 pater,
938 1497 1008 1517 uxor

223 1535 366 1569 maritum,
383 1535 487 1562 amicus
501 1535 628 1568 amicum,
649 1535 719 1562 addo
734 1539 761 1562 et
779 1535 931 1562 monachus
947 1544 1006 1563 rno-

221 1582 358 1614 nachum,
385 1580 571 1608 confessorem
597 1580 758 1612 coirfessor,
787 1581 1007 1609 commilitonem

221 1631 336 1662 martyr,
361 1627 502 1662 apostolus
527 1626 731 1661 coapostolum,
758 1627 850 1654 cuncti
874 1633 1007 1660 cunctos,

221 1681 277 1708 quo
295 1674 418 1701 omnium
437 1673 464 1700 in
487 1672 544 1700 Deo
562 1674 654 1700 laetum
676 1674 847 1701 domicilium
871 1675 917 1707 sit,
938 1675 1009 1702 inter

220 1723 318 1746 caetera
334 1718 466 1746 beneﬁcia
482 1718 607 1745 notitiam
621 1725 733 1753 quoque
749 1719 820 1746 inter
834 1723 885 1746 nos
899 1719 1007 1754 largita.

220 1765 315 1799 ltaqrre
338 1764 482 1796 cohortor,
510 1764 619 1796 fratres,
645 1771 707 1792 eum
732 1764 812 1792 fidem
836 1769 1008 1793 constantem

221 1813 346 1836 tueamur
364 1809 437 1843 (nam
455 1814 523 1842 quot
538 1808 700 1836 diverticula
715 1809 823 1842 videtis,
845 1814 1009 1844 quantaeque

222 1853 353 1880 habendae
377 1852 432 1880 Deo
453 1854 546 1888 gratia:
567 1854 640 1887 quod
663 1861 759 1880 errore
778 1854 902 1880 obstricti
923 1855 1008 1887 nullo,

224 1898 303 1926 ﬁdem
330 1899 510 1926 orthodoxam
537 1899 699 1933 tenemus),
729 1903 785 1925 tum
815 1899 874 1927 sine
901 1901 1007 1927 macula

221 1945 324 1970 vitam:
344 1944 422 1971 scitis
441 1944 512 1971 enim
530 1944 760 1978 quemadmodum
788 1944 816 1971 in
847 1951 897 1972 nos
925 1945 1009 1979 spirct

221 1994 304 2017 noctu
318 1993 344 2016 et
359 1989 479 2017 interdiu
495 1989 634 2017 diabolus.
658 1990 693 2016 At
715 1990 817 2017 valebit
851 1991 931 2022 nihil,
957 1991 1009 2018 lide

220 2043 252 2062 ac
267 2043 362 2063 amore
378 2035 404 2062 in
426 2036 510 2063 Deum
523 2036 663 2069 reperiens
675 2036 807 2064 munitos.
822 2035 1006 2069 Quamobrem

221 2080 310 2108 adhuc
324 2086 438 2115 stemus,
453 2086 480 2109 et
495 2081 620 2116 arrfugiet
635 2089 650 2108 a
661 2082 739 2109 nobis
754 2082 856 2113 draco;
873 2082 1007 2117 lacrynre-

221 2135 292 2160 mur,
315 2133 343 2155 et
361 2128 437 2163 ignea
454 2127 514 2162 ejus
536 2128 588 2154 tela
604 2127 773 2162 voluptatum
791 2128 1006 2162 exstinguemus,

1064 218 1151 240 terum
1166 220 1227 247 quae
1244 212 1271 239 in
1288 212 1380 239 animo
1395 211 1484 247 posita
1501 217 1544 240 est
1555 211 1709 243 celebritas,
1726 219 1780 239 una
1796 218 1850 245 est,

1062 266 1152 293 neque
1175 258 1314 290 solubilis,
1344 266 1406 293 quae
1429 266 1458 285 se
1481 265 1544 285 cum
1571 258 1706 292 cujusque
1726 259 1851 293 porrigat

1060 304 1127 336 vita,
1143 311 1196 338 qua
1212 311 1265 330 non
1280 311 1391 335 aurum,
1419 311 1473 330 non
1490 309 1646 338 argentum,
1670 311 1725 331 non
1747 310 1850 335 restes,

1061 357 1115 376 non
1136 349 1210 376 aliud
1238 349 1340 376 ﬂuxum
1366 357 1398 376 ac
1421 350 1556 376 eadrrcrrrn
1580 350 1773 383 nundinemur,
1801 351 1850 378 sed

1060 394 1142 421 animi
1156 395 1282 426 salutem,
1293 395 1375 421 vitam
1387 395 1592 429 sempiternam,
1603 395 1714 423 cwleste
1723 403 1849 430 regnum.

1061 439 1090 466 lrr
1110 447 1165 474 qua
1183 447 1246 467 cum
1264 440 1422 467 horninibus
1444 440 1535 475 omnis
1559 440 1683 474 ponenda
1708 449 1791 475 opera
1815 442 1851 468 sit

1061 484 1184 519 plerique
1204 485 1238 512 de
1264 492 1296 512 ea
1320 492 1416 519 parum
1440 489 1505 512 sunt
1525 485 1635 513 solliciti
1651 506 1659 517 ,
1684 494 1850 521 omnemque

1061 529 1193 562 studium,
1216 537 1249 557 ac
1273 530 1436 557 industriam
1460 531 1487 557 in
1512 531 1651 565 perituris,
1674 536 1701 558 et
1721 532 1851 560 inanibus

1059 580 1234 604 consumunt.
1244 575 1390 603 Enimvero
1403 584 1464 608 nos,
1476 576 1583 610 fratres,
1595 585 1610 604 ιι
1626 585 1719 612 scopo,
1733 585 1765 605 ac
1778 586 1849 613 pra:-

1060 621 1135 647 claro
1151 621 1333 649 mercimonio
1351 629 1405 649 non
1420 622 1596 655 aberremus,
1615 623 1681 657 quin
1705 623 1850 650 audientes

1060 667 1205 695 Dominum
1234 668 1368 696 dicentem
1384 678 1390 695 :
1406 668 1523 703 Regnum
1552 669 1677 696 calorum
1699 669 1772 696 intra
1804 677 1850 696 vos

1059 717 1096 740 eu
1108 713 1141 744 ”,
1162 713 1307 747 diligenter
1322 713 1348 740 id
1366 713 1489 748 quotidie
1509 721 1649 748 paremus,
1665 721 1719 740 non
1747 721 1848 741 aurum

1061 766 1112 785 nec
1136 763 1279 793 argentrrrn
1309 759 1467 791 solventes,
1496 759 1544 786 sed
1573 759 1652 787 fidem
1681 759 1850 794 genuinam,

1061 804 1144 831 vitam
1170 809 1334 839 purgatam,
1358 805 1600 839 morigeralioncm
1614 825 1622 838 ,
1653 805 1851 837 tolerantiam,

1061 849 1296 882 subnrissiorrem,
1328 850 1487 883 lenitatem,
1515 855 1542 878 et
1574 858 1637 885 qua:
1671 850 1852 884 perfectionis

1060 895 1196 929 quoddam
1212 895 1291 928 quasi
1307 895 1448 923 vinculum
1464 901 1516 928 est,
1529 896 1721 924 charitatem‘.
1737 895 1764 923 Id
1781 898 1852 923 adeo

1060 942 1140 968 docet
1155 941 1182 967 in
1195 940 1351 975 Evangeliis
1367 942 1499 970 Dominus
1509 942 1535 969 in
1553 943 1610 970 haec
1628 943 1710 970 verba
1725 951 1732 969 :
1750 942 1848 970 Simile

1059 991 1097 1012 est
1119 994 1227 1021 regnum
1252 987 1378 1013 calorum
1402 987 1503 1014 [taurini
1527 988 1698 1022 negotiatori,
1720 990 1850 1023 qua’rcnti

1060 1032 1141 1059 bona:
1159 1033 1340 1067 margaritas;
1357 1033 1461 1059 inventa
1477 1038 1564 1060 autem
1578 1041 1632 1060 una
1646 1034 1761 1068 pretiom
1777 1042 1851 1061 mar-

1058 1080 1146 1114 garita
1162 1080 1239 1110 abiit.
1258 1084 1283 1106 et
1302 1080 1418 1106 vendidit
1438 1080 1526 1106 omnia
1545 1088 1603 1114 quae
1620 1080 1722 1113 habuit,
1739 1086 1766 1107 et
1787 1082 1852 1108 emit

1059 1125 1149 1151 earn'.
1173 1125 1212 1151 En
1228 1125 1295 1152 estis
1319 1133 1368 1152 vos
1392 1130 1483 1152 autem
1507 1125 1570 1153 belli
1593 1131 1771 1158 mercatores,
1789 1127 1850 1161 qui,

1058 1170 1186 1198 omnibus
1220 1170 1364 1203 dimissis,
1396 1178 1429 1198 ac
1458 1179 1515 1206 prae
1543 1172 1671 1204 cunctis,
1702 1172 1850 1206 pulclrrunr

1059 1220 1141 1250 atque
1171 1216 1323 1250 pretiosum
1354 1217 1482 1244 unionem
1519 1217 1695 1249 redemistis,
1723 1217 1775 1245 hoc
1810 1223 1853 1245 est

1058 1262 1212 1293 Christum,
1238 1261 1358 1288 tollenda
1379 1269 1473 1294 cruce,
1499 1266 1525 1289 et
1545 1269 1579 1289 eo
1602 1269 1673 1296 pone
1695 1264 1851 1297 sequendo,

1060 1307 1177 1334 ineunda
1194 1307 1376 1334 sanctimonia
1400 1315 1432 1334 ac
1448 1307 1596 1342 probitate.
1620 1307 1681 1334 .lam
1703 1316 1770 1335 vero
1786 1317 1851 1336 cum

1058 1352 1206 1380 celebritas
1225 1357 1333 1388 tempus
1348 1353 1384 1380 sit
1406 1353 1503 1385 hilare,
1523 1360 1555 1380 ac
1575 1353 1649 1388 vigil,
1665 1358 1692 1380 et
1715 1355 1852 1385 excitum,

1059 1399 1161 1427 hilares
1183 1399 1271 1426 simus
1288 1407 1338 1427 nos
1361 1406 1483 1434 quoque,
1507 1403 1535 1427 et
1557 1400 1639 1427 exciri
1666 1400 1693 1426 in
1710 1400 1762 1426 hac
1777 1400 1853 1427 cele-

1060 1445 1176 1477 britate,
1203 1445 1323 1478 fratres,
1349 1445 1397 1480 qui
1423 1446 1541 1473 salutem
1570 1453 1733 1473 mercemur.
1764 1445 1853 1480 Igitur

1058 1492 1184 1526 egregius
1204 1491 1373 1518 nurrdirrator
1387 1496 1430 1518 est
1452 1491 1500 1526 qui
1524 1495 1623 1518 cuneta
1645 1499 1701 1526 prae
1719 1492 1854 1519 cautione

1060 1542 1179 1569 veretur,
1197 1545 1332 1572 nusquam
1355 1538 1520 1570 concitatus,
1542 1537 1668 1573 egregius
1680 1543 1789 1573 emptor
1807 1544 1855 1566 est

1058 1583 1105 1618 qui
1131 1583 1273 1610 infamiam
1298 1583 1378 1610 bonis
1399 1584 1491 1611 verbis
1525 1588 1698 1616 commutat,
1722 1584 1855 1619 egregius

1059 1628 1155 1655 artifex
1180 1633 1222 1656 est
1249 1633 1422 1661 contractus,
1449 1629 1496 1663 qui
1525 1628 1685 1663 sanguinem
1713 1629 1853 1663 repudiat.

1059 1682 1092 1702 ac
1116 1674 1246 1709 spiritum
1274 1674 1417 1709 pracipit,
1454 1675 1581 1702 obeundo
1605 1675 1746 1702 continere
1769 1675 1855 1702 mini-

1059 1720 1152 1747 sterio.
1170 1720 1210 1747 Ac
1232 1720 1362 1754 quoniam
1379 1720 1407 1747 in
1429 1720 1575 1747 ministerii
1597 1720 1765 1747 mentionem
1782 1721 1855 1748 inci-

1059 1765 1162 1798 dirrrus,
1178 1773 1240 1792 cum
1256 1765 1445 1799 amplexernur
1462 1773 1510 1793 eos
1530 1766 1576 1800 qui
1596 1766 1622 1792 in
1638 1765 1757 1800 coquina
1775 1766 1855 1793 diur-

1060 1819 1124 1838 num
1153 1810 1315 1838 dctrrensum
1344 1811 1502 1843 instruant,
1526 1819 1576 1838 ceu
1601 1812 1662 1846 plus
1693 1812 1855 1839 laborantes

1059 1863 1196 1889 oneraque
1210 1861 1305 1883 mutua
1321 1861 1474 1891 portantes,
1491 1864 1524 1883 ac
1540 1856 1580 1883 sic
1602 1856 1688 1892 legem
1703 1857 1855 1891 i-uplentes

1058 1901 1197 1934 cantatis,
1222 1905 1279 1928 tum
1305 1902 1353 1937 qui
1379 1907 1527 1936 procurent
1557 1902 1584 1929 in
1616 1910 1763 1929 commune
1791 1911 1856 1937 qua:

1059 1955 1136 1980 rrsus,
1160 1952 1189 1974 et
1207 1948 1358 1975 necessitas
1376 1947 1457 1980 ferat,
1479 1953 1511 1975 ut
1527 1948 1655 1979 eximios,
1680 1948 1854 1983 probosque,

1059 2000 1092 2020 ac
1106 1993 1133 2020 iu
1150 1993 1266 2021 Domino
1288 2001 1461 2021 mcorrornos.
1482 1993 1577 2029 Neque
1593 2001 1754 2021 averserrrur
1778 2002 1853 2029 quo-

1059 2045 1112 2071 que
1128 2038 1175 2072 qui
1200 2038 1227 2065 in
1250 2038 1410 2073 psalmodiis
1427 2038 1510 2066 chare
1528 2044 1555 2066 et
1574 2039 1663 2066 excite
1687 2040 1851 2070 concinam,

1059 2083 1133 2110 velut
1148 2084 1262 2118 pratmio
1278 2084 1382 2118 majore
1398 2084 1506 2119 dignos.
1524 2085 1563 2112 Ac
1580 2085 1681 2112 videsis
1695 2085 1854 2119 cujusmodi

1060 2132 1094 2156 sit
1108 2131 1162 2157 vita
1187 2135 1292 2163 nostra,
1313 2130 1389 2164 quod
1413 2131 1591 2158 institutum?
1615 2130 1680 2157 felix
1702 2132 1856 2158 mercimo-

221 2174 432 2200 sucoumbamus
446 2174 497 2200 sub
512 2173 768 2208 praepotenteuvDei
787 2181 899 2200 manum
914 2178 941 2201 et
957 2182 1007 2201 nos
1024 2176 1045 2203 Ι)
1061 2175 1148 2207 nium,
1171 2176 1244 2210 quod
1268 2176 1422 2210 peralacres
1445 2178 1532 2205 sancti
1548 2178 1645 2206 Patres
1669 2183 1734 2205 sunt
1750 2179 1855 2210 secuti,

220 2219 549 2254 erigetzperseveremus
569 2219 604 2246 ad
637 2223 801 2250 extremum,
827 2224 855 2246 et
877 2219 1007 2247 abscedet

221 2265 357 2298 diabolus,
374 2273 405 2292 ac
420 2273 469 2292 nos
488 2264 515 2291 in
534 2266 646 2292 creleste
668 2273 781 2300 regnum
799 2267 947 2294 evademus
961 2274 1007 2300 per

222 2310 362 2337 Christum
387 2309 480 2338 Jesum
492 2310 638 2338 Dominum
652 2317 775 2339 nostrum
794 2321 800 2338 :
816 2313 860 2340 cui
878 2313 964 2347 gloria
981 2318 1008 2340 et

223 2355 378 2389 imperium,
404 2363 466 2382 cum
489 2355 567 2382 Patre
582 2364 615 2383 ac
629 2361 724 2384 sancto
748 2356 852 2392 Spiritu
875 2366 959 2391 nunc,
981 2363 1008 2385 et

221 2406 340 2435 seraper,
355 2400 382 2428 ln
402 2404 566 2436 omnemque
581 2403 801 2437 perpetuitatem.
820 2404 919 2431 Arnen.

499 2467 615 2497 SERMO
633 2470 730 2498 XXIII.

224 2537 256 2564 1η
287 2542 448 2573 appetentem
479 2540 655 2567 sanctissian
679 2541 800 2573 Deiparm
826 2542 936 2569 obitum.
971 2543 1008 2569 De

257 2574 400 2612 spirituali
422 2581 480 2612 qua;
504 2574 546 2612 lric
571 2581 667 2609 agatur
695 2574 846 2604 celebritate
877 2585 1007 2612 regnoque

258 2609 417 2643 acquirendo
433 2609 540 2636 caelesti.

260 2653 370 2681 Fratres
394 2653 544 2690 Patresque
559 2675 567 2688 ,
593 2656 768 2684 Celebritates
792 2657 848 2690 hic,
877 2658 933 2685 illic
958 2666 1008 2692 pro

223 2704 346 2733 tempore
361 2705 489 2735 aguntur,
509 2701 546 2727 uti
560 2706 587 2728 et
602 2709 676 2729 nunc
692 2701 868 2735 Nicornedirc,
884 2702 917 2730 ad
939 2711 1008 2738 quas

224 2746 364 2773 conlinunt
379 2747 508 2774 mortales
531 2748 678 2775 vcndentes
711 2752 738 2775 et
760 2752 892 2781 eruentes,
914 2749 960 2776 sed
979 2749 1005 2777 id

256 2807 280 2821 "
298 2805 369 2834 Psal.
392 2815 464 2837 xux,
480 2807 523 2834 21.
560 2808 583 2823 ’⁷
604 2807 697 2835 Matth.
717 2815 772 2840 xix,
790 2808 834 2835 28.

223 2848 284 2874 xm,
305 2842 349 2875 45,
370 2842 414 2869 46.
451 2842 542 2869 διἐιςιΙ.
561 2850 633 2874 ωιιν,
650 2842 676 2868 7.

873 2809 895 2824 "
907 2807 978 2835 Psal.
995 2815 1089 2841 XLVIII,
1103 2807 1128 2834 8.
1167 2808 1189 2824 "
1201 2808 1267 2836 Luc.
1287 2816 1351 2840 uti,
1367 2808 1411 2835 ‘ll.

1060 2228 1148 2255 eoque
1168 2225 1194 2248 ct
1217 2228 1267 2248 uos
1289 2222 1340 2248 rite
1362 2222 1438 2249 obito
1463 2231 1496 2250 ac
1516 2227 1640 2257 peracto,
1663 2224 1716 2251 laati
1737 2224 1854 2251 domuur

1061 2272 1240 2299 revertemur,
1262 2274 1295 2294 ex
1313 2268 1364 2295 Irae
1385 2269 1457 2295 beati
1474 2269 1585 2297 Davidis
1604 2270 1760 2297 sententia:
1779 2270 1854 2297 Can-

1062 2316 1168 2344 r'ertere,
1189 2312 1281 2338 anima
1308 2321 1377 2345 mea,
1394 2313 1421 2340 in
1440 2314 1554 2348 requiem
1573 2319 1657 2346 luant,
1677 2314 1739 2349 quia
1756 2315 1855 2342 Domi-

1061 2365 1110 2383 nus
1134 2357 1259 2391 benefecr't
1275 2358 1322 2384 tibi
1333 2358 1354 2384 ³.
1373 2357 1459 2390 Quam
1480 2366 1530 2386 nos
1545 2367 1655 2394 quoque
1676 2360 1728 2387 sub
1745 2360 1856 2388 obitum

1060 2402 1153 2429 cuncti
1169 2410 1338 2437 supremam,
1365 2408 1392 2430 et
1413 2408 1544 2439 tarrquanr
1562 2406 1734 2440 peregrinam
1753 2413 1855 2434 vocem

1062 2456 1243 2483 rumpamus,
1270 2449 1409 2484 vitamque
1430 2452 1625 2485 sempiternam
1651 2452 1776 2479 ineamus
1804 2459 1857 2486 per

1060 2493 1198 2520 Christum
1213 2493 1306 2521 Jesum
1324 2493 1468 2522 Dominum
1485 2500 1608 2523 nostrum
1623 2505 1630 2523 :
1647 2497 1691 2523 cui
1716 2497 1803 2532 gloria
1827 2503 1856 2524 et

1063 2540 1206 2574 iurperium
1226 2548 1288 2567 cum
1308 2540 1389 2568 Patre
1411 2549 1444 2569 ac
1468 2547 1565 2569 sancto
1592 2541 1707 2576 Spiritu,
1735 2551 1810 2570 nunc
1826 2549 1856 2570 et

1062 2593 1180 2620 semper,
1194 2585 1220 2613 in
1233 2593 1397 2621 omnemque
1410 2589 1628 2622 perpetuitatem.
1643 2589 1744 2615 Arnen.

1341 2631 1457 2661 SERMO
1477 2633 1573 2660 XXIV.

1062 2677 1156 2704 Priora
1185 2678 1800 2714 indictione.DeinexsupcrabiliDcilvencﬁcio,
1827 2686 1854 2706 et

1098 2721 1187 2753 arnore
1201 2721 1264 2748 erga
1285 2722 1343 2740 eum
1366 2722 1396 2740 ac
1419 2715 1518 2742 diaboli
1538 2715 1609 2747 odio,
1630 2716 1712 2748 deque
1737 2715 1855 2742 submit-

1098 2756 1181 2775 διυηε.

1449 2807 1454 2821 ¹
1469 2807 1575 2834 Coloss.
1589 2814 1631 2838 ιιι,
1650 2806 1690 2834 Η.
1730 2808 1739 2822 ²
1753 2806 1852 2834 Matth.
