1916 3075
60 114 108 148 5i]

635 122 836 152 SERMONES
856 122 1115 153 CATECHETICI-

1638 125 1690 157 542

97 175 205 203 Fratres
224 175 386 211 Patresque.
404 177 469 204 anni
484 178 540 212 jam
557 178 664 214 primus
681 183 726 206 est
742 179 844 213 ingres-
861 180 884 208 Α
899 179 1011 213 plicium
1033 184 1125 215 potest
1144 180 1300 215 castigans,
1326 184 1356 208 ut
1373 188 1511 209 meremur
1524 202 1531 215 ,
1551 183 1598 217 qui
1617 183 1689 210 hosti

62 230 118 252 sus.
139 229 195 256 quo
223 222 288 249 falix
319 224 445 250 nuntium
473 224 573 259 legitur
599 225 626 252 in
656 225 714 252 haec
741 225 848 251 verba:

63 266 177 300 Spiritus
200 266 307 294 Domini
326 275 404 302 super
418 273 583 302 me.propter
607 268 676 303 quod
690 269 767 294 unxit
796 276 847 300 me,

61 313 247 347 euangelizare
268 313 429 347 pauperibus
451 313 524 340 misit
544 322 595 345 nte,
612 322 709 340 sanare
723 314 850 340 contritas

63 358 149 397 tarde,
175 357 324 392 pra’dicare
350 358 462 392 captiuis
489 359 690 390 remissionem,
726 362 750 384 et
774 358 850 384 cwcit

64 404 158 435 risum,
179 404 316 430 dimittere
332 404 484 438 confractos
498 404 524 430 in
541 405 732 436 remissionem,
750 403 849 438 pradi-

65 457 122 475 σοι-ε
157 457 258 475 annum
288 449 394 476 Domini
424 449 590 484 acceptum‘.
623 450 707 484 Igitur
733 449 849 485 unigena

66 495 109 522 Dei
130 495 202 522 Filio
228 496 407 530 propitiatore
434 496 460 521 in
488 495 581 522 orbem
605 503 619 521 a
649 495 729 522 Patre
753 495 849 528 misso,

64 546 89 567 et
102 541 168 568 caci
197 541 351 572 videamus.
371 545 399 568 et
424 540 525 576 captivi
549 540 708 573 liberemur,
733 545 761 568 et
786 548 851 568 cou-

66 586 140 613 fracti
159 586 342 613 dimittamur.
366 585 467 620 Ecquis
488 591 529 614 est
545 591 636 613 autem
662 586 775 614 caecus?
803 586 850 621 qui

66 633 235 666 voluptatum
267 632 359 658 studio
385 633 504 660 caecutit.
532 631 601 665 Quis
632 632 779 666 captivus"
803 632 850 666 qui

66 686 118 712 pne
144 677 226 704 foedis
247 677 467 712 cogitationibus
491 682 535 705 est
550 678 668 705 invisus.
693 677 761 710 Quis
783 685 850 705 con-

66 723 189 750 fractus?
210 723 256 757 qui
280 723 431 750 sceleribus
454 723 599 758 protritus.
623 723 699 756 Quos
724 723 849 757 equidem

65 774 140 796 curat
166 768 301 796 Dominus
323 778 330 796 :
354 776 442 804 neque
465 769 537 796 enim
559 776 706 802 corporum
731 773 848 802 tantum,

65 817 127 851 quin
159 817 317 843 animorum
347 822 458 850 quoque
487 815 610 842 medicus
640 819 695 846 est,
712 822 762 841 nec
791 818 848 841 tum

65 863 157 888 aderat
188 862 277 888 solum
310 865 491 895 corporatus;
517 860 565 888 sed
593 860 671 888 adest
698 864 726 887 et
754 867 847 892 nunc,

64 907 188 934 obtutum
205 907 313 942 fugiens
328 906 484 938 oculorum,
501 906 548 941 qui
563 905 658 934 eadem
674 906 734 933 laeta
752 906 847 932 nuntia

64 954 154 989 rulget
168 975 176 986 ,
195 953 348 988 mundique
364 953 470 980 auferat
496 960 592 984 noxas,
619 953 716 979 morbo
733 952 807 979 onmi
833 960 848 979 a

65 999 198 1034 languore
213 999 347 1026 sanando.
363 998 458 1034 Itaque
473 1006 508 1026 ne
525 999 587 1033 quis
608 1002 736 1026 emaneto
749 1004 849 1032 expers

64 1044 141 1075 lucis,
163 1048 191 1071 et
207 1043 330 1077 medelas,
352 1044 418 1078 quin
443 1043 530 1071 ﬁdens
546 1043 632 1076 adito,
652 1043 699 1070 Dei
715 1050 849 1070 sensurus

64 1090 240 1122 beneficium,
259 1090 358 1124 suique
378 1089 568 1117 liberalitatem
587 1089 751 1117 Servatoris.
779 1088 849 1124 Ergo

63 1137 127 1162 nihil
144 1143 196 1163 nos
211 1138 239 1169 (ο
263 1135 461 1163 humanitatem
474 1135 651 1172 inauditaml)
679 1135 795 1171 protulit.
821 1135 847 1162 in

63 1182 167 1214 lucem,
198 1182 335 1216 collapsos
353 1181 454 1208 iterum
483 1181 582 1212 erexit.
610 1181 720 1208 tertium
747 1189 849 1209 munus

64 1227 176 1262 largitus
196 1231 249 1259 est,
273 1227 468 1262 perfectionem
488 1226 751 1262 monasticam,jam
781 1235 847 1262 pec-

63 1278 154 1300 cantes
181 1273 295 1307 insuper
315 1279 367 1299 nec
393 1277 450 1299 tum
480 1276 623 1299 aversatur
650 1272 772 1306 quidem,
800 1273 848 1300 sed

64 1319 182 1351 asciscit,
208 1318 326 1346 aﬂlictos
344 1318 501 1350 continual,
519 1323 633 1346 mosstos
651 1318 767 1350 solatur,
786 1326 848 1346 cur-

65 1370 153 1392 rrntes
179 1364 288 1394 delinit,
315 1363 417 1391 fractos
437 1364 585 1396 instaurat,
608 1364 686 1391 laetos
707 1367 848 1398 persanat,

66 1410 90 1436 in
105 1409 169 1437 Orci
197 1409 312 1436 fundum
334 1409 461 1444 lapsuros
486 1409 603 1444 puniens
627 1409 745 1444 benigne
767 1409 849 1444 eripit

66 1456 237 1490 periculis,ut
251 1455 349 1482 merito
364 1455 436 1482 haud
451 1455 501 1482 abs
518 1463 547 1482 re
560 1454 706 1490 quisquam
723 1455 823 1482 dixerit
839 1464 846 1482 ι

67 1501 124 1528 Nisi
142 1502 207 1536 quia
229 1500 358 1527 Dominus
383 1500 486 1535 adjuvit
507 1508 559 1532 me,
575 1499 655 1534 paulo
671 1500 757 1526 minus
772 1499 849 1526 habi-

67 1553 143 1575 tasset
162 1549 190 1574 in
203 1547 309 1582 inferno
323 1547 414 1574 anima
433 1546 531 1579 mea';
551 1550 579 1573 et
596 1554 602 1572 :
626 1545 761 1580 lmpulsus
777 1554 850 1573 ener-

67 1601 108 1620 ιιι
126 1601 186 1619 sum
206 1597 235 1618 ut
255 1591 385 1625 caderem,
406 1595 431 1618 et
453 1591 579 1618 Dominus
596 1591 710 1625 suscepit
726 1599 765 1618 me
776 1591 796 1618 ⁸.
817 1590 852 1618 At

68 1643 167 1665 norunt
184 1637 287 1672 singuli
314 1637 341 1663 in
358 1644 428 1671 quas
453 1636 620 1663 tentationes
636 1641 700 1663 sunt
730 1636 850 1670 prolapsi

68 1690 145 1720 atque
161 1689 192 1711 ut
217 1684 380 1711 clementem
397 1682 483 1710 Deum
505 1682 532 1709 in
554 1682 686 1709 aerumnis
701 1682 850 1716 opitulato-

69 1739 120 1758 rrm
137 1730 195 1758 sint
210 1730 344 1764 evestigio
369 1729 452 1757 nacti.
478 1729 580 1756 Adhtec
598 1728 752 1760 famelicus,
776 1728 851 1763 quod

69 1777 161 1804 attinet
178 1776 211 1803 ad
237 1783 349 1810 corpus,
375 1774 475 1802 annuis
499 1779 579 1802 terra!
601 1773 729 1809 frugibus
752 1773 850 1808 pascit,

69 1824 135 1857 quod
163 1822 197 1848 ad
229 1822 372 1853 animum,
403 1820 490 1847 sacris
521 1820 678 1855 mysteriis,
706 1827 772 1847 cura
797 1827 852 1854 prae

69 1874 152 1895 matre
164 1875 198 1895 ac
212 1867 320 1894 nutrice
334 1871 510 1901 prosecutus,
527 1870 554 1892 et
565 1866 653 1892 amice
669 1865 829 1900 complexus
843 1874 849 1893 :

68 1921 126 1940 nam
147 1917 237 1940 mater
261 1912 332 1939 lacte
354 1911 554 1946 aliquantisper
577 1911 626 1939 alit
647 1911 790 1946 infantem,
809 1913 853 1940 hic

67 1967 145 1987 verus
160 1963 265 1990 noster,
280 1962 307 1985 et
320 1959 414 1990 herus,
431 1965 543 1992 parens,
561 1966 642 1984 suum
658 1966 759 1993 corpus
770 1963 852 1992 atque

68 2005 226 2041 sanguinem
251 2004 278 2031 in
305 2004 396 2032 cibum
411 2011 444 2031 ac
460 2008 555 2038 potum
581 2003 748 2038 impertitur,
771 2004 853 2039 idque

66 2055 209 2086 perpetuo.
229 2050 252 2078 0
265 2050 540 2086 impervestigabilem
558 2050 724 2078 bonitatem!
745 2058 761 2077 o
775 2051 852 2078 inex-

66 2097 221 2132 superabile
257 2097 378 2124 munus!
408 2096 503 2131 ergon'
530 2103 679 2130 possumus
708 2104 763 2123 non
788 2105 851 2123 eum

65 2151 165 2175 amare,
177 2147 261 2178 atque
268 2143 401 2173 colere,et
410 2142 543 2169 irrevulse
552 2142 755 2169 coluerescere?
765 2141 811 2169 Pol
825 2144 851 2169 ni

900 232 931 252 ac
943 226 1042 253 sicario
1055 226 1217 260 jungamur.
1233 226 1286 254 Sed
1301 227 1335 253 ab
1350 235 1383 254 eo
1399 227 1537 262 fugiamus
1547 249 1556 260 ,
1572 229 1671 256 fratres
1681 249 1688 259 .

901 272 1038 306 fugiamus
1049 280 1130 307 quam
1147 272 1317 307 longissime.
1335 273 1367 300 Et
1378 281 1439 308 quae
1453 279 1496 301 est
1508 280 1598 302 autem
1609 275 1689 309 fuga?

901 325 1046 351 pravarum
1062 326 1117 353 qua
1132 319 1339 353 cogitationum
1350 339 1358 350 ,
1377 327 1430 353 qua
1447 320 1586 346 actionum
1604 320 1686 347 absti-

901 363 1008 394 nentia,
1028 368 1058 390 ut
1073 372 1136 391 cum
1152 364 1207 391 Deo
1223 365 1449 395 contubernium.
1466 364 1601 392 bonorum
1623 373 1689 400 ope-

902 416 962 435 rum
986 409 1142 444 perfunctio
1166 414 1217 437 est.
1240 409 1428 442 Quamobrem
1446 410 1614 437 asciscamus
1640 410 1689 437 bo-

901 463 982 488 num,
1000 463 1062 482 cum
1079 457 1153 483 omni
1171 456 1355 484 submissionc
1367 476 1375 488 ,
1392 457 1611 489 mansuetudine,
1630 465 1690 484 mo-

900 500 987 528 destia
1002 500 1047 528 Del
1066 502 1227 533 servientes,
1243 501 1315 528 haud
1336 501 1422 536 ignari
1439 501 1522 528 inane
1533 510 1595 529 esse
1609 502 1689 536 quid-

900 546 966 580 quid
981 547 1111 581 prteclare
1125 547 1241 574 obeatur
1252 567 1259 579 ,
1283 547 1328 574 cui
1356 555 1409 574 non
1427 548 1555 582 praesidio
1572 548 1608 575 sit
1622 549 1689 575 sub-

902 591 1007 618 missio.
1028 590 1112 626 Igitur
1132 592 1177 626 qui
1200 591 1320 618 inﬂatam
1347 591 1431 618 animi
1451 596 1589 623 mentem,
1612 597 1688 619 tene-

901 643 962 663 mus
976 655 984 667 ,
1000 636 1052 662 sub
1065 640 1258 672 praepotentem
1275 635 1320 662 Dei
1337 643 1448 663 manum
1465 637 1688 667 succumbat-nus,

902 689 935 708 ne
956 680 1056 708 frustra
1074 681 1298 714 cucurrerimus,
1319 681 1386 716 quin
1406 681 1486 708 mact-i
1500 689 1596 709 omnes
1613 681 1688 708 festi-

901 734 998 754 nemus
1009 748 1017 760 ,
1032 734 1243 762 persequamur,
1259 735 1372 754 ruamus
1387 727 1528 762 adepturi,
1543 735 1597 762 quo
1607 727 1690 754 coale-

901 777 942 800 ste
961 780 1076 808 regnum
1087 773 1258 800 ereiscamur
1275 780 1323 807 per
1338 772 1475 800 Christum
1489 771 1581 799 Jesum
1596 772 1689 799 Domi-

900 825 965 844 num
983 821 1107 845 nostrum
1124 825 1131 844 :
1147 817 1190 844 cui
1204 817 1291 852 gloria
1307 822 1335 845 et
1350 817 1496 852 imperium
1523 825 1584 844 cum
1609 817 1688 844 Patre

900 870 933 890 ac
948 867 1043 890 sancto
1060 863 1183 898 Spiritu,
1207 871 1280 891 nunc
1293 868 1321 891 et
1339 871 1464 898 semper,
1481 864 1508 891 in
1523 871 1688 898 omnemque

899 908 1118 943 perpetuitatem.
1131 907 1239 934 AnienJ

1184 962 1303 991 SERMO
1321 962 1406 990 XXV.

900 1008 934 1035 In
957 1008 1135 1038 vindemiam,
1159 1015 1190 1034 ne
1216 1008 1339 1034 uitiorum
1365 1008 1456 1042 spinas
1477 1012 1555 1042 atque
1577 1008 1687 1036 tribulos

986 1043 1109 1074 edamus,
1122 1042 1167 1069 sed
1180 1042 1284 1069 virtutis
1294 1043 1383 1069 botros
1396 1043 1439 1077 [ru
1446 1043 1600 1077 ctiﬁcemus.

934 1087 1044 1115 Fratres
1068 1088 1227 1123 Patresque,
1235 1088 1361 1123 equidem
1373 1088 1439 1122 quid
1452 1089 1562 1116 assidue
1580 1091 1686 1124 loquar.

898 1134 997 1170 quidve
1012 1134 1123 1162 aﬂ'eram
1140 1141 1242 1161 novtun
1259 1141 1318 1169 pra:
1335 1133 1369 1161 iis
1393 1141 1455 1169 quae
1482 1142 1498 1161 a
1514 1135 1618 1162 sanctis
1637 1135 1687 1162 Pa-

900 1180 988 1206 tribus
1003 1179 1074 1206 dicta
1096 1184 1238 1206 teneamus
1249 1198 1256 1210 ,
1272 1178 1342 1205 nihil
1357 1179 1408 1205 nisi
1427 1186 1458 1205 ea
1468 1171 1532 1213 ipsa
1547 1184 1687 1214 repetere.

900 1226 1034 1260 vobisque
1060 1225 1094 1253 de
1118 1224 1216 1252 iisdem
1239 1224 1397 1256 disserere,
1422 1224 1449 1251 in
1468 1224 1565 1252 melius
1587 1225 1642 1252 dux
1661 1229 1689 1252 et

899 1271 1027 1306 praevius.
1051 1271 1136 1306 Igitur
1157 1269 1257 1306 agesis,
1269 1269 1349 1297 hodie
1371 1277 1458 1305 pauca
1480 1277 1590 1305 quoque
1613 1277 1689 1297 eom-

899 1318 1049 1352 plectamur
1061 1337 1069 1348 ,
1089 1324 1121 1344 ac
1144 1317 1167 1344 si
1188 1316 1297 1343 videtur
1308 1335 1316 1348 ,
1342 1323 1376 1343 ex
1393 1316 1427 1343 iis
1443 1323 1505 1351 quae
1520 1316 1547 1343 in
1563 1316 1689 1343 manibus

899 1368 964 1391 sunt
979 1371 1135 1390 sermonem
1150 1363 1358 1390 contrahamus.
1377 1361 1449 1397 Ergo
1464 1362 1540 1389 adest
1554 1361 1689 1390 vindemia

898 1412 1044 1446 onustique
1060 1411 1150 1437 fructu
1169 1410 1312 1445 palmites.
1333 1409 1386 1437 laeti
1405 1415 1488 1444 atque
1516 1408 1614 1440 fausti,
1635 1409 1689 1435 rari

899 1465 931 1485 ac
949 1456 1060 1491 maligni
1073 1475 1081 1488 ,
1105 1455 1199 1483 tristes
1222 1460 1289 1482 sunt
1306 1460 1334 1482 ct
1354 1455 1466 1490 ingrati.
1492 1454 1554 1482 llaec
1576 1448 1640 1489 quid
1657 1454 1691 1481 ad

864 1513 885 1542 ρ
902 1509 953 1529 nos
977 1500 1062 1528 Vero?
1088 1499 1164 1527 dicat
1186 1499 1357 1527 audientium
1383 1499 1531 1534 quispiam.
1560 1498 1606 1525 l’ol
1624 1506 1692 1533 qua-

900 1548 981 1575 drant
1013 1546 1145 1581 perbene,
1175 1545 1309 1580 siquidem
1343 1549 1371 1572 et
1404 1551 1454 1572 nos
1470 1545 1572 1579 tropice
1589 1544 1634 1571 Dei
1652 1544 1691 1571 vi-

901 1600 950 1622 nea
963 1599 1104 1620 vocamur.
1113 1591 1219 1626 Ecquid
1234 1590 1304 1626 fugit
1316 1597 1366 1617 vos
1378 1597 1489 1618 carmen
1506 1590 1579 1624 quod
1591 1597 1692 1624 reprae-

901 1638 1058 1667 sentatione
1091 1636 1210 1672 gerenda
1235 1637 1411 1663 decantatum
1441 1635 1501 1662 est?
1525 1642 1615 1661 annon
1641 1635 1693 1662 hoc

901 1684 1050 1712 incinimtts
1058 1683 1174 1710 omnes?
1201 1681 1309 1716 Respice
1321 1681 1352 1708 de
1368 1680 1443 1713 caelo,
1457 1685 1481 1707 et
1496 1681 1562 1709 vide.
1575 1685 1600 1706 et
1616 1680 1692 1707 visita

901 1732 1003 1758 vineam
1018 1730 1098 1756 istam
1111 1748 1118 1761 ,
1139 1733 1164 1755 et
1180 1728 1275 1763 perfice
1291 1736 1365 1759 eam,
1382 1735 1462 1762 quam
1477 1726 1607 1762 plantavit
1626 1726 1692 1753 dea:-

902 1782 957 1804 tera
974 1781 1019 1803 tua
1033 1776 1056 1802 ⁸.
1071 1775 1179 1802 Domini
1195 1782 1304 1809 quoque
1322 1774 1349 1800 in
1367 1773 1523 1808 Evangeliis
1551 1774 1608 1800 hate
1627 1778 1693 1800 sunt

901 1823 982 1850 verba
997 1831 1004 1849 :
1017 1821 1073 1856 Ego
1085 1829 1142 1848 sunt
1157 1821 1227 1852 vitis,
1241 1828 1284 1846 vos
1295 1813 1417 1854 palmites
1427 1827 1437 1846 :
1448 1820 1492 1854 qui
1503 1823 1590 1845 manet
1602 1819 1628 1845 in
1641 1827 1691 1850 me,

903 1873 928 1895 et
943 1875 989 1902 ego
1004 1867 1033 1894 in
1045 1875 1074 1894 eo
1086 1888 1093 1899 ,
1110 1867 1153 1893 hic
1166 1866 1216 1901 fert
1232 1865 1349 1900 fructum
1365 1864 1477 1891 multum
1487 1885 1494 1897 ,
1510 1865 1572 1899 quia
1586 1864 1641 1890 sine
1653 1872 1693 1890 me

903 1915 968 1941 nihil
985 1914 1093 1948 potestis
1108 1913 1194 1948 facere
1208 1912 1230 1939 '.
1256 1911 1350 1946 Itaque
1375 1918 1554 1942 maneamus,
1580 1909 1691 1942 fratres,

903 1961 929 1988 in
950 1960 1067 1994 benigno
1087 1958 1160 1986 Hero
1175 1962 1271 1986 nostro
1283 1979 1290 1990 ,
1306 1965 1355 1984 ceu
1374 1957 1408 1984 ab
1423 1964 1456 1984 eo
1471 1956 1594 1992 quaedam
1613 1956 1692 1991 quasi

902 2007 973 2033 vites
988 2005 1101 2038 consiti,
1136 2004 1218 2039 eique
1229 2004 1358 2030 virtutem
1371 2007 1504 2037 tanquam
1522 2001 1618 2029 botros
1633 2001 1693 2028 fru-

903 2052 1072 2083 ctificemus,
1091 2058 1147 2086 quo
1170 2050 1332 2077 felicitemur
1349 2057 1402 2076 neu
1423 2048 1537 2076 edendis
1564 2048 1692 2074 vitiorum

903 2097 1011 2132 spinis,
1035 2101 1118 2131 atque
1145 2095 1253 2122 tribulis
1269 2117 1276 2128 ,
1301 2099 1446 2122 teneamur
1464 2094 1517 2121 bac
1537 2093 1691 2121 sententia:

905 2143 998 2171 Omnis
1010 2149 1071 2177 ergo
1083 2141 1163 2168 arbol'
1172 2149 1224 2168 non
1240 2141 1339 2174 faciens
1351 2139 1469 2175 fructum
1480 2139 1575 2166 bonum
1588 2139 1693 2166 exscin-

66 2190 102 2216 sic
115 2189 206 2216 affecti
221 2188 320 2220 simus,
333 2187 518 2214 conclamabit
531 2188 558 2214 in
573 2195 624 2215 nos
647 2187 758 2221 caelum,
773 2193 845 2215 terra
863 2186 884 2214 D
897 2190 982 2222 ditur,
1011 2192 1035 2216 et
1069 2188 1097 2214 in
1124 2187 1209 2222 ignem
1231 2186 1366 2218 mittitur;
1389 2185 1553 2212 exscinditur
1571 2184 1692 2218 inquam,

66 2234 235 2270 ingemiseet.
245 2233 351 2274 ipsique
359 2231 562 2267 nimiistuporis
569 2232 853 2267 lapidesaccusabunt.

97 2279 177 2312 Quod
194 2287 230 2306 ne
246 2279 292 2305 ﬁat
306 2299 313 2310 ,
329 2285 451 2306 amorem
471 2286 536 2312 erga
557 2285 620 2305 eum
641 2279 751 2305 tirmum
773 2282 853 2306 tuea-

65 2333 123 2353 mur
136 2345 143 2358 ,
162 2326 226 2358 jure
242 2324 319 2351 exosi
333 2344 341 2356 ,
358 2328 386 2350 et
403 2323 539 2351 adversati
558 2323 695 2350 diabolum
709 2333 715 2351 :
744 2331 806 2350 nam
825 2329 854 2350 ut

64 2372 202 2399 beneficus
226 2374 416 2404 competenter
436 2377 486 2405 pro
519 2369 651 2396 beneﬁcio
674 2369 798 2404 diligitur
821 2377 853 2396 ac

63 2423 193 2450 amatur,
216 2418 259 2444 sic
280 2416 417 2450 malignus
437 2422 487 2450 pro
505 2415 564 2442 suis
583 2423 661 2450 teque
681 2415 852 2442 facinOribus

64 2464 124 2491 odio
139 2464 176 2490 sit
197 2461 352 2490 habendus.
368 2461 475 2496 Quippe
492 2462 536 2488 hic
552 2461 598 2488 ille
614 2466 657 2489 est
673 2462 735 2488 vitae
752 2467 853 2489 nostrae

64 2509 215 2543 pernicies,
231 2512 315 2542 atque
332 2508 366 2534 ab
385 2507 462 2534 initio
480 2507 618 2534 homicida
634 2507 656 2539 ⁷,
675 2511 705 2534 ut
725 2505 778 2534 fert
802 2506 854 2534 Do-

65 2555 127 2581 mini
144 2554 252 2582 dictum
263 2573 271 2584 ,
287 2553 331 2580 hic
349 2553 395 2580 ille
411 2557 469 2583 est,
485 2553 532 2588 qui
547 2560 634 2587 genus
656 2552 807 2580 humanum
826 2553 852 2579 in

66 2599 135 2626 mille
150 2598 308 2627 sententias
321 2597 466 2630 distraxit,
481 2597 631 2632 multisque
645 2597 774 2625 vitiorum
786 2605 852 2625 sau-

66 2644 115 2670 ciat
131 2644 211 2675 telis,
238 2648 267 2670 et
282 2645 376 2670 orbem
392 2647 531 2670 terrarum
555 2642 690 2678 deglutire
707 2643 800 2677 cupit:
823 2643 850 2670 in

67 2696 143 2723 quem
162 2689 185 2716 si
200 2688 297 2716 odium
315 2697 368 2716 non
382 2689 551 2716 conferimus
561 2707 569 2720 ,
587 2696 639 2716 nec
653 2689 768 2716 inveniri
785 2697 851 2724 sup-

102 2778 111 2792 ⁸
130 2777 180 2804 ha.
200 2786 256 2809 ut,
270 2777 413 2810 I,2;Luc.
432 2776 528 2809 tv.18,
546 2776 590 2803 19.

75 2813 126 2840 16..
149 2814 159 2828 ’
174 2813 255 2841 Joan.
278 2821 321 2845 xv,
335 2813 360 2839 5.
399 2813 421 2828 ¹⁰
438 2811 505 2840 Luc.
521 2820 569 2844 ill,
585 2811 612 2840 9.

627 2777 720 2805 'Psal.
740 2785 814 2810 xcut,
834 2777 877 2803 l7.

651 2813 670 2828 “
689 2812 752 2840 Jud.
769 2821 823 2845 sn,
841 2813 883 2839 15.

907 2242 956 2270 per
993 2237 1129 2263 mortem,
1185 2237 1210 2259 et
1238 2232 1266 2258 in
1289 2231 1375 2267 ignem
1401 2231 1518 2258 mittitur
1531 2231 1568 2264 ‘°,
1591 2229 1694 2257 scilicet

905 2287 1072 2315 perennem,
1097 2279 1124 2306 in
1140 2286 1221 2314 quem
1239 2277 1423 2313 conjicientur
1434 2277 1480 2311 qui
1495 2276 1583 2311 turpia
1601 2280 1694 2310 patra-

902 2328 986 2356 runt,
1008 2323 1055 2359 qui
1071 2323 1161 2350 foedus
1175 2320 1557 2357 projecere.quicorruptela¢
1577 2327 1626 2346 sua
1646 2319 1695 2346 de-

902 2370 967 2397 dere
978 2376 1106 2404 corpora,
1124 2367 1203 2395 nubes
1216 2368 1272 2393 sine
1289 2374 1370 2401 aqua,
1386 2366 1424 2392 ait
1436 2365 1492 2398 ille,
1507 2372 1566 2400 qua?
1581 2373 1597 2391 a
1611 2364 1694 2391 uentis

901 2415 1142 2451 circumferuntur,
1165 2413 1270 2452 arbores
1284 2411 1450 2440 autunmales
1469 2411 1642 2446 infructuosa
1655 2410 1694 2436 bis

902 2467 1023 2494 martum,
1037 2460 1194 2491 eradicatw,
1213 2459 1314 2494 {ructus
1328 2458 1378 2492 fari
1394 2457 1492 2489 muris,
1509 2456 1694 2490 despumantes

902 2517 966 2536 suas
982 2507 1151 2542 confusiones
1163 2526 1171 2538 ,
1188 2505 1276 2532 sidera
1289 2505 1406 2532 errantia
1416 2523 1424 2536 ,
1446 2503 1539 2538 quibus
1556 2502 1641 2536 caligo
1657 2506 1694 2528 le-

902 2553 1043 2581 uebrarum
1058 2557 1163 2579 servata
1172 2556 1209 2578 est
1223 2551 1250 2577 in
1263 2556 1387 2577 (sternunt
1399 2549 1430 2574 ”.
1449 2548 1538 2580 Quare.
1548 2546 1694 2581 Apostolus

904 2599 1023 2626 clamat:
1037 2596 1133 2632 Fugite
1146 2596 1367 2631 fornicationem:
1379 2602 1453 2621 onme
1466 2597 1601 2627 peccatum
1611 2590 1694 2625 quod-

904 2651 1004 2677 cunque
1013 2642 1105 2677 fecerit
1116 2644 1203 2674 homo,
1213 2645 1289 2668 extra
1298 2647 1393 2674 corpus
1410 2643 1446 2665 est
1458 2647 1468 2671 ;
1482 2638 1527 2672 qui
1538 2641 1625 2664 autent
1637 2635 1694 2669 for-

906 2690 1027 2722 nicatur,
1042 2689 1069 2714 in
1084 2696 1178 2722 corpus
1191 2695 1266 2714 suum
1281 2690 1381 2721 peccat.
1396 2685 1437 2712 An
1450 2684 1555 2711 nescitis
1569 2682 1693 2717 quoniam

915 2777 924 2793 ⁸
945 2777 1109 2811 Psal.cxvu,
1131 2777 1170 2804 l5.
1213 2776 1222 2790 "
1242 2775 1322 2803 Joan.
1339 2781 1397 2805 VIII,
1420 2773 1459 2800 ll.
1482 2772 1492 2788 ⁸
1509 2771 1582 2800 l‘sal.
1599 2777 1692 2802 Lxxtx,
