1916 3075
216 119 269 150 5L1

807 117 839 147 S.
856 116 1056 148 THEODORI
1081 117 1256 149 STUDIT/E

1808 118 1864 152 5H

215 179 332 206 membra
347 180 434 204 vestra
451 175 574 210 templum
592 181 652 203 sunt
665 175 783 210 Spiritus
800 177 901 207 sancti,
920 177 965 211 qui
987 176 1013 202 in
1029 178 1052 205 Α
1067 175 1152 204 Nobis
1172 176 1283 210 quidem
1299 183 1342 207 ea,
1364 175 1472 207 fratres,
1494 177 1684 204 conservanda
1697 177 1785 212 gratia
1809 184 1864 205 est.

216 226 288 254 vobis
304 230 361 256 est,
381 232 456 260 quem
474 224 578 251 habetis
593 233 609 250 a
627 223 695 256 Deo,
717 229 741 250 et
762 232 814 250 non
831 225 894 251 estis
910 223 989 250 uestri
1003 224 1014 249 ?

216 272 297 306 empn‘
313 272 382 298 enim
396 272 459 297 estis
474 271 558 305 pretio
577 270 609 296 “.
624 269 701 305 ,Ergo
714 271 815 297 ca’lum
837 278 890 298 ιιι-ιι
907 278 1015 297 revere-

218 327 281 346 mur
292 338 300 350 ,
316 322 399 353 atque
413 321 516 344 terram
533 338 540 350 ,
557 317 603 351 qui
620 317 742 352 pretioso
756 317 859 344 Christi
880 318 1014 351 sanguine

219 364 336 400 coempti
359 370 434 398 terga
451 368 601 396 vertamus,
617 372 649 390 ac
667 364 849 398 repedemus?
861 371 914 391 non
927 364 1014 391 nostri

219 418 271 438 nos
287 410 371 445 pudet
385 410 524 444 pigetque,
537 410 584 444 qui
602 409 669 436 foris
684 410 771 437 sancti
787 410 929 437 videamur
941 410 1015 436 intus

220 455 293 490 pleni
325 454 479 482 fmditatis?
508 453 630 488 quandiu
674 459 792 488 utroque
829 462 899 489 genu
937 454 1015 482 clau-

220 501 368 528 dicamus?
388 507 535 535 quousque
559 507 645 527 ttnum
688 500 738 527 iter
764 508 818 527 non
839 501 1014 533 insistimus,

228 547 288 581 Vat,
314 547 420 581 inquit,
442 547 544 574 duabus
565 547 614 573 viis
634 547 793 582 ingredienti
809 547 850 578 ¹³,
876 547 1004 574 vitiorutn

222 599 298 628 puta,
316 600 347 620 ac
361 592 471 620 virtutis
485 601 491 620 :
507 593 564 619 haec
579 592 651 619 enim
667 593 742 620 nulla
758 597 852 620 mutua
868 599 1015 620 consuetu-

222 639 286 666 dine
304 643 442 665 tcnentur.
459 637 544 665 Nemo
562 638 688 664 addictus
703 645 801 664 servus
812 638 912 672 partim
929 638 995 665 hero
1006 658 1014 670 ,

222 685 322 721 partim
338 684 534 712 hostiserviat.
558 683 683 718 integros
696 691 747 712 nos
763 684 829 717 Deo,
847 684 894 712 filii
916 692 1015 712 conse-

223 737 334 757 cremus
356 733 487 764 oportet:
509 737 572 756 nam
598 729 638 756 sic
664 729 727 756 vita:
748 729 897 756 reddantur
916 729 1016 756 divina:

223 781 376 811 compotes.
388 776 573 810 Quamobrem
584 784 618 802 ne
627 775 806 802 imutoremur
815 775 841 802 iu
854 775 1014 809 sensilibus,

223 830 273 850 cett
293 822 380 849 bruta:
399 821 565 853 animantes.
582 820 628 849 sed
645 820 820 849 facultatibus
836 822 920 849 animi
934 823 1016 850 cccle-

224 868 276 896 stia
295 872 432 901 tueamur,
449 875 549 896 sensus
572 873 733 903 torquentes
763 877 778 896 a
799 869 912 896 caducis
933 874 1016 904 atque

224 913 307 942 fluxis
328 915 361 941 ad
377 914 548 947 incorrupta,
564 919 590 940 et
607 914 764 948 imperdita,
783 923 835 942 neu
858 916 1016 943 committa-

225 968 287 988 mus
301 965 332 988 ιιι
342 960 544 996 cogitationum
560 961 703 989 fraudibus
713 962 748 989 ab
762 961 867 989 artiﬁce
881 962 1016 989 scelerum

224 1006 316 1033 denuo
333 1006 510 1039 fascinemur,
531 1008 597 1041 quin
613 1006 660 1034 ubi
676 1007 855 1041 voluptatem,
881 1014 928 1034 seu
944 1007 1016 1041 quod

225 1052 299 1078 aliud
316 1051 448 1086 ﬂagitium
465 1057 549 1084 serat,
565 1052 697 1087 evestigio
713 1052 866 1087 exigendus
881 1057 1018 1080 veterator

225 1104 278 1125 est.
298 1098 359 1131 Quo
375 1099 476 1132 pacto?
491 1099 630 1133 precibus,
653 1099 800 1134 supplicio,
826 1099 957 1135 lacrymis
985 1107 1017 1126 ac

225 1143 449 1178 compunctione.
481 1144 572 1178 Atque
602 1143 660 1171 hate
685 1151 716 1171 ea
744 1149 785 1171 est
815 1144 1018 1179 inaspectahilis

226 1188 299 1215 lucta
330 1192 493 1223 tantumque
521 1189 694 1224 implacabile
717 1189 818 1218 bellum
847 1195 898 1217 est.
928 1190 1019 1224 Quare

227 1234 315 1261 instar
334 1235 483 1262 carnaliter
514 1236 712 1270 pugnantium,
741 1236 839 1270 spiritu
866 1236 1017 1269 ferventes,

229 1280 331 1308 invitos
343 1281 518 1316 profligemus
533 1281 646 1309 hostes?
659 1288 742 1316 atque
754 1287 784 1309 ut
796 1282 834 1309 illi
851 1290 899 1317 spe
913 1283 1018 1318 praemii

229 1334 280 1354 nec
299 1327 337 1354 ita
353 1327 500 1358 decedunt,
523 1328 564 1355 sic
585 1335 635 1354 nos
650 1336 758 1362 quoque
777 1337 826 1355 nec
846 1329 920 1356 mille
940 1337 1019 1356 acce-

229 1371 284 1405 ptis
300 1371 460 1399 vulneribus
482 1377 661 1404 revertamur,
680 1373 727 1400 sed
752 1379 888 1401 restomus
908 1374 1020 1410 insuper

227 1419 255 1442 et
283 1416 407 1451 pra‘lium
439 1417 644 1451 instauremus,
674 1418 719 1446 Dei
746 1420 876 1454 prmsidio
906 1421 1018 1448 firmati.

228 1461 296 1489 Date
324 1463 375 1491 hoc
396 1463 476 1491 sultis
497 1463 576 1497 mihi,
602 1464 722 1492 fratres:
739 1474 801 1493 nam
827 1475 860 1494 eo
885 1467 1018 1500 allaboro,

227 1516 315 1544 pauca
333 1510 390 1538 haec
410 1511 608 1549 sermocinans.
634 1511 766 1547 Equidem
783 1522 845 1541 cum
861 1515 887 1542 in
907 1515 941 1542 iis
953 1524 1019 1551 gau—
1032 1526 1054 1554 ς

228 1556 280 1583 deo
302 1557 355 1591 'qui
379 1556 498 1585 feliciter
521 1564 646 1591 currant,
671 1565 727 1586 tum
752 1560 861 1596 ingenio
882 1561 928 1588 ubi
956 1562 1018 1597 quis

227 1605 429 1640 prosternatur.
460 1602 596 1631 Caeterum
629 1605 717 1632 simus
749 1606 841 1634 cuncti
873 1609 1017 1641 pernices,

227 1648 310 1675 dediti
333 1654 406 1677 recte
422 1649 513 1683 factis,
540 1651 689 1680 tolerantes
710 1652 736 1679 in
758 1653 920 1687 psalmodiis
938 1653 1019 1680 mini-

228 1693 333 1724 steriis,
356 1694 524 1728 obedientia,
547 1697 713 1728 humilitate,
736 1705 769 1724 ac
785 1698 860 1732 pacis
877 1697 949 1726 Deus
970 1707 1020 1726 no-

228 1737 335 1765 biscum
351 1738 461 1767 futurus
479 1744 520 1767 est
533 1749 580 1774 per
603 1741 743 1769 Christum
756 1742 850 1769 .lesum
874 1743 1019 1770 Dominum

229 1788 353 1811 nostrum
371 1794 378 1812 :
393 1785 437 1812 cui
457 1787 545 1821 gloria
568 1791 595 1814 et
619 1787 766 1822 imperium
790 1797 852 1816 cum
884 1789 965 1817 Patre
989 1798 1021 1818 ac

229 1835 327 1858 sancto
358 1831 474 1866 Spiritu,
501 1841 575 1861 nunc
609 1839 636 1861 ct
659 1842 780 1870 semper,
807 1835 835 1863 in
856 1843 1021 1872 omnemque

230 1876 449 1911 perpetuitatem.
470 1877 568 1905 Amen.

507 1934 624 1963 SERMO
644 1935 739 1964 XXVI,

230 1978 264 2005 In
291 1978 463 2007 Exaltatione
479 1988 488 2008 :
506 1989 537 2019 ne
559 1982 585 2008 in
609 1982 680 2019 {teda
707 1983 772 2010 vitia
797 1992 843 2010 nos
872 1985 1020 2019 prwcipites

266 2022 388 2049 agamus,
408 2023 457 2042 neu
473 2017 632 2050 voluptatem
647 2017 797 2051 jucundam
815 2017 983 2047 arbitremur.

266 2059 375 2088 Fratres
397 2060 565 2097 Patresque,
590 2063 718 2097 gaudium
750 2064 888 2099 agitamus
917 2065 1018 2093 adven-

230 2109 306 2133 tante
331 2105 402 2133 festo
425 2108 556 2142 quopiam
582 2108 737 2142 Dominico,
762 2117 814 2137 nec
835 2110 948 2145 injuria,
974 2112 1021 2146 qui

231 2155 289 2178 tum
307 2151 512 2186 collustremur,
528 2155 602 2188 quod
619 2155 691 2182 inest
707 2155 735 2183 in
757 2163 790 2183 eo
805 2164 937 2184 arcanum
953 2165 1022 2184 cott-

230 2197 405 2231 templantes,
432 2202 462 2225 ut
489 2207 561 2227 nunc
582 2208 692 2235 quoque
711 2201 737 2228 in
762 2201 937 2230 Exaltatione
957 2211 1020 2238 pre-
1037 2197 1059 2225 1)

231 2241 310 2269 tiosze
328 2250 361 2270 ac
379 2243 495 2271 vivilicze
508 2245 620 2278 crucis;
634 2252 755 2281 quantus
770 2252 812 2275 est
823 2248 907 2281 enim,
923 2257 1022 2284 quam-

230 2293 283 2321 que
300 2287 424 2315 insolens
439 2289 608 2324 triumphus,
634 2291 738 2326 lignum
754 2300 815 2324 nos,
830 2294 856 2320 in
872 2301 927 2328 quo
939 2295 1023 2329 pedes

231 2338 333 2361 stt-tere
355 2334 464 2363 Domini
492 2338 579 2364 nostri
604 2337 669 2365 Jesu
693 2337 809 2372 Christi,
836 2340 864 2366 iu
878 2348 934 2375 quo
964 2341 1023 2369 suf-

231 2380 302 2407 ﬁxus
317 2380 426 2408 vitalem
446 2389 527 2409 suum
551 2384 712 2419 sanguinem
727 2385 863 2419 profudit,
885 2394 941 2413 non
958 2395 1021 2422 spe-

230 2430 306 2452 ctare
332 2427 433 2459 modo,
465 2428 512 2456 sed
544 2429 627 2457 etiam
652 2431 822 2465 complecti?
850 2430 937 2464 Quem
967 2441 1021 2460 non

230 2469 352 2498 laborem
370 2471 441 2500 feras
462 2481 518 2508 quo
536 2482 635 2501 aurum
653 2483 738 2511 cogas
754 2476 930 2510 periturum?
950 2482 978 2504 at
994 2477 1020 2505 in

230 2520 357 2552 promptu
372 2517 453 2546 nobis
473 2519 636 2548 beneficium
651 2526 692 2548 est
709 2531 715 2548 :
731 2529 794 2549 nam
811 2521 894 2549 simul
913 2523 938 2550 id
955 2530 1023 2550 con-

231 2563 387 2595 traximus,
416 2565 555 2600 simulque
580 2567 818 2595 collustrationem
834 2589 841 2601 ,
872 2569 1023 2597 sanctimo-

226 2610 324 2641 niam,
355 2611 520 2639 libertatem.
545 2611 612 2639 Tam
636 2614 761 2649 exposita
785 2614 940 2650 benignitas
961 2621 1022 2648 est,

224 2660 284 2681 tam
297 2656 419 2690 proclive
431 2664 532 2685 tnunus
546 2658 673 2693 religiose
687 2659 861 2686 adeuntibus.
876 2659 908 2687 Et
920 2665 1019 2695 optan-

230 2701 295 2728 dum
322 2702 358 2728 sit
385 2707 477 2730 tatnen
506 2703 681 2738 imperditatn
708 2706 776 2733 tueri
803 2705 1019 2734 liberalitatem:

227 2746 299 2773 solet
324 2747 398 2774 enim
419 2748 492 2783 quod
519 2748 598 2776 facile
614 2750 733 2778 donetur
758 2751 903 2785 rejiculum
925 2752 1020 2779 videri.

269 2802 315 2839 "_l
330 2803 394 2830 Cor.
413 2813 449 2834 vI,
465 2804 556 2832 l8-20.
596 2806 617 2822 ”
633 2805 714 2834 Ercli.
733 2815 751 2835 ιι
766 2827 772 2839 ,
792 2807 834 2834 Η.

227 2844 277 2866 ιιι.
296 2837 322 2866 7.
363 2839 469 2867 "l'sal.
491 2848 552 2874 xcv,
568 2841 594 2869 5.

876 2808 896 2824 "
910 2807 988 2835 Rom.
1007 2815 1042 2841 vr,
1065 2809 1106 2841 l2,
1122 2808 1165 2836 Η.

1067 223 1253 255 Quamobrem
1286 229 1320 249 ne
1349 227 1442 249 sancta
1470 226 1563 249 tmstra
1588 223 1660 250 labia
1682 224 1868 252 mendacibus

1066 268 1252 299 sermonibus,
1273 275 1304 295 ac
1329 269 1389 296 sine
1407 267 1486 303 fruge
1508 268 1601 296 verbis
1621 269 1790 304 polluamus,
1811 279 1868 298 neu

1067 319 1177 349 aspectu
1195 314 1353 341 meretricio
1368 314 1546 342 collustratos
1567 315 1662 343 oculos
1681 316 1867 352 prmstringa.

1067 368 1141 391 mus,
1159 368 1211 387 neu
1229 361 1352 387 animum
1377 360 1511 387 nitentem
1530 360 1639 388 vitiosis
1663 362 1794 395 cogitatis
1820 362 1867 389 in-

1067 407 1224 442 quinemus,
1240 414 1304 438 neu,
1325 411 1354 433 ut
1369 406 1518 440 Apostolus
1534 407 1645 437 clamat.
1663 413 1752 443 regnet
1768 417 1866 442 pecca-

1069 458 1125 480 tum
1140 453 1167 479 in
1187 457 1278 479 nostra
1295 452 1404 479 mortali
1419 460 1540 486 corpore,
1563 457 1592 479 ut
1616 454 1771 481 obedianms
1796 455 1821 481 ci
1838 455 1867 481 in

1068 498 1290 532 concupiscentiis
1308 497 1426 533 [scilicet
1451 498 1600 534 corporis]
1618 499 1689 534 ejus,
1711 509 1760 527 neu
1783 501 1866 528 exhi-

1069 545 1175 571 beanms
1202 543 1318 570 membra
1347 548 1440 570 nostra
1465 552 1543 570 arma
1566 545 1717 580 iniquitatis
1742 552 1867 581 peccato,

1069 590 1113 617 sed
1128 589 1297 617 ezltibeamus
1310 597 1357 616 nos
1378 589 1432 616 Deo
1450 594 1577 625 tanquam
1599 599 1632 618 ex
1649 592 1761 618 mortuis
1775 593 1868 619 uiuen-

1069 642 1117 666 tes,
1133 641 1157 662 et
1172 636 1287 662 membra
1308 641 1401 662 nostra
1418 643 1495 662 arma
1504 636 1623 670 justitiw
1641 637 1705 669 Deo,
1724 643 1869 671 peceatum

1068 683 1138 709 enim
1155 682 1226 709 vobis
1243 690 1294 708 non
1308 681 1462 708 dominetur
1477 689 1486 709 :
1501 690 1552 709 non
1569 683 1639 709 enin:
1652 683 1700 710 sub
1718 684 1772 719 lege
1786 686 1867 716 estis,

1069 727 1113 755 sed
1128 727 1174 755 sub
1186 729 1274 762 gratia
1288 728 1320 754 ιδ.
1337 727 1431 755 Viden'
1448 732 1477 755 ut
1495 733 1639 763 peccatum
1656 729 1682 756 in
1699 729 1756 765 lege
1770 730 1869 757 domi-

1070 781 1163 808 netur,
1187 779 1216 802 at
1242 782 1360 809 regnans
1385 774 1412 801 in
1442 775 1529 808 gratia
1557 775 1666 809 justitia
1687 783 1758 804 noxa
1788 778 1868 804 omni

1071 821 1178 854 liberet,
1203 825 1231 849 et
1250 821 1398 848 absolvat?
1425 821 1463 848 uti
1487 822 1619 856 scriptum
1636 826 1690 855 est,
1711 822 1763 850 Sed
1778 823 1870 850 abluti

1068 868 1142 900 estis,
1171 867 1218 894 sed
1239 868 1402 902 sanctificati
1426 868 1501 900 estis,
1527 870 1572 895 sed
1588 869 1735 903 justi/irati
1753 870 1819 896 estis
1841 871 1871 896 in

1068 914 1174 940 nomine
1198 912 1304 940 Domini
1329 912 1407 945 Jesu,
1435 918 1460 940 et
1489 914 1515 940 in
1540 914 1638 948 spiritu
1660 915 1708 941 Dei
1731 916 1817 942 nostri
1832 916 1869 944 ".

1068 958 1244 993 Quapropter
1258 958 1487 992 expurgationetn
1505 959 1626 991 reveriti,
1648 960 1869 988 sanctimoniam

1069 1009 1206 1031 lueanmr.
1225 1004 1296 1036 Quid
1312 1011 1362 1030 nos
1377 1003 1403 1030 in
1422 1001 1563 1030 infamiam
1579 1004 1734 1039 dejicimus,
1750 1005 1870 1040 gloriosi

1069 1049 1210 1077 instituti?
1229 1049 1295 1084 quid
1311 1056 1413 1084 corpus
1430 1048 1621 1083 amplexamur
1641 1049 1702 1083 plus
1715 1057 1799 1084 quam
1816 1050 1870 1078 de-

1069 1101 1140 1128 ccat,
1166 1096 1247 1130 paulo
1272 1102 1333 1130 post
1352 1095 1379 1122 iu
1409 1095 1538 1130 sepulcro
1561 1095 1775 1124 dimittendum?
1799 1097 1871 1131 quid

1068 1143 1238 1177 voluptatem
1263 1142 1414 1176 jucundam
1443 1142 1624 1176 arbitramur,
1653 1143 1701 1178 qui
1725 1143 1806 1170 dolor
1833 1144 1873 1171 sit

1069 1198 1164 1217 revera
1188 1188 1340 1217 mortiferi?
1370 1197 1433 1216 nam
1460 1189 1588 1224 equidem
1611 1189 1737 1224 voluptas
1764 1190 1872 1218 hamus

1069 1242 1111 1265 est
1134 1237 1255 1269 diaboli,
1285 1234 1444 1263 inexstincti
1478 1235 1550 1271 ignis
1580 1235 1808 1268 suscitahulum;
1843 1243 1874 1263 et

1070 1288 1161 1310 tamen
1178 1282 1302 1317 rapimur
1315 1282 1348 1309 ad
1362 1289 1421 1309 eam
1439 1281 1570 1308 mct‘tales
1591 1282 1671 1316 quasi
1686 1281 1800 1316 quidam
1819 1281 1874 1308 de-

1069 1328 1151 1356 dititii
1174 1327 1256 1355 servi.
1277 1327 1426 1354 Enimvero
1439 1327 1586 1362 quemdam
1602 1327 1694 1353 audivi
1713 1327 1871 1359 dicentem,

1070 1375 1136 1402 vitio
1154 1381 1324 1409 possessum,
1340 1373 1492 1408 optabilius
1503 1381 1565 1400 esse
1581 1373 1729 1408 suspendio
1746 1379 1872 1401 mortem

1070 1429 1192 1456 quaerere
1204 1428 1287 1456 quam
1302 1425 1413 1455 peccato
1426 1420 1530 1447 servire
1543 1428 1550 1448 :
1563 1424 1591 1447 ut
1602 1419 1675 1447 enim
1688 1428 1769 1447 servo
1782 1421 1873 1448 herus

1071 1468 1187 1502 imperat
1209 1467 1334 1499 acerbus,
1346 1466 1410 1499 Abi,
1430 1470 1458 1493 et
1475 1466 1543 1499 abit,
1560 1464 1638 1498 Vetti,
1652 1470 1681 1493 et
1699 1467 1790 1498 venit;
1814 1466 1874 1494 Fac

1072 1514 1134 1546 hoc,
1152 1518 1178 1541 et
1191 1513 1257 1540 facit
1272 1514 1305 1541 ad
1324 1512 1452 1540 eumdem
1473 1512 1598 1543 modum,
1616 1519 1649 1539 ac
1670 1513 1759 1540 tnulto
1775 1513 1873 1548 impo-

1072 1560 1183 1593 tentius,
1203 1559 1282 1594 jubet
1305 1558 1356 1586 sub
1370 1566 1398 1585 se
1419 1558 1545 1592 subjecto
1563 1562 1719 1593 peccatum,
1741 1557 1874 1593 Loquere

1072 1606 1154 1639 foeda,
1177 1610 1204 1634 ct
1225 1606 1365 1641 loquitur;
1387 1605 1498 1632 Nefaria
1526 1605 1652 1640 dcsigna,
1672 1609 1697 1632 et
1726 1605 1872 1640 designat.

1071 1652 1141 1685 Quin
1154 1659 1264 1687 gemere
1290 1655 1372 1686 atquc
1387 1651 1525 1685 trepidare
1540 1642 1620 1678 Caini
1641 1650 1728 1678 instar
1748 1651 1873 1681 videtur,

1072 1699 1141 1726 tnari
1166 1699 1297 1726 devectus
1326 1697 1501 1732 naufragium
1526 1701 1652 1730 veretur,
1677 1705 1725 1731 per
1756 1696 1870 1724 deserta

1073 1743 1211 1778 profectus
1226 1741 1402 1769 latrocinium
1419 1742 1513 1774 timet;
1528 1746 1615 1773 tonat,
1631 1748 1663 1768 ac
1679 1741 1785 1768 tonitru
1802 1749 1874 1777 pro-

1072 1795 1132 1824 pter
1145 1797 1174 1816 se
1188 1788 1323 1816 accidisse
1336 1787 1445 1820 credit;
1461 1787 1594 1822 fulgurat,
1607 1795 1639 1814 ac
1654 1795 1689 1814 ne
1701 1788 1873 1815 atnburatur

1072 1841 1166 1871 pavet;
1183 1836 1280 1862 videns
1293 1842 1347 1862 non
1360 1834 1445 1867 videt,
1462 1834 1578 1861 audiens
1593 1841 1645 1861 non
1660 1833 1749 1866 audit,
1766 1842 1875 1862 sensus

1071 1883 1202 1910 distortos
1222 1889 1330 1916 gerens.
1358 1880 1429 1914 Quid
1452 1880 1503 1908 hac
1522 1880 1628 1907 tristius
1641 1880 1717 1907 vita?
1736 1880 1874 1915 equidem

1072 1935 1171 1956 censeo
1191 1927 1261 1954 tradi
1277 1926 1374 1955 bestiis
1384 1930 1515 1961 prmstare
1530 1933 1612 1961 quam
1629 1925 1766 1961 pestiferis
1782 1927 1875 1958 vitiis,

1072 1981 1136 2002 nam
1148 1974 1186 2001 ibi
1196 1980 1309 2007 corpus,
1327 1972 1370 1999 hic
1382 1972 1493 1999 animus
1505 1979 1568 1998 cum
1582 1979 1702 2005 corpore
1715 1972 1798 2006 perit.
1810 1974 1877 2000 An—

1074 2028 1127 2048 non
1154 2025 1182 2048 et
1209 2019 1312 2055 probus
1328 2027 1419 2053 aeque,
1444 2019 1492 2054 qui
1517 2019 1628 2053 quidem
1653 2019 1722 2046 liber
1752 2026 1876 2053 peccato

1074 2067 1136 2102 (nec
1155 2066 1294 2100 voluptate
1310 2065 1400 2092 solum
1416 2066 1516 2097 sentio,
1539 2065 1606 2099 quiti
1623 2065 1688 2092 aliis
1702 2065 1814 2093 cunctis
1832 2067 1878 2093 vi-

1073 2112 1142 2146 tiis),
1161 2111 1270 2146 gaudet,
1295 2110 1470 2145 laetaturque,
1484 2114 1581 2145 regnat
1591 2117 1640 2144 pro
1659 2109 1808 2144 probitate,
1832 2111 1879 2138 in-

1075 2158 1185 2184 territus
1212 2164 1266 2191 qua
1293 2155 1320 2183 in
1354 2155 1444 2187 mari,
1477 2162 1531 2190 qua
1562 2155 1588 2182 in
1616 2156 1876 2190 terrazsiquidem

1073 2201 1299 2230 contubernalem
1317 2200 1400 2228 habet
1425 2199 1523 2232 Deum,
1548 2199 1583 2227 ad
1603 2207 1686 2235 quem
1710 2200 1816 2229 clamat
1848 2203 1878 2230 in

1073 2248 1210 2280 adversis,
1237 2245 1299 2273 Non
1324 2246 1419 2273 timebo
1443 2245 1533 2279 mala,
1556 2246 1681 2281 quoniam
1706 2250 1735 2272 tu
1764 2255 1878 2274 Hircum

1073 2294 1144 2327 es”,
1164 2293 1225 2320 Non
1244 2292 1339 2319 timebo
1358 2292 1443 2319 millia
1458 2291 1549 2326 populi
1565 2291 1762 2318 circumdautis
1785 2295 1873 2320 me".

1075 2338 1137 2366 Non
1151 2338 1246 2365 timebo
1266 2339 1329 2364 dum
1350 2337 1500 2364 tut-habitur
1523 2343 1604 2369 terra,
1625 2341 1649 2363 et
1667 2337 1880 2371 transferentur

1073 2390 1173 2411 montes
1185 2383 1211 2410 in
1240 2391 1285 2409 car
1306 2381 1435 2408 maris".
1465 2380 1564 2408 Eccam
1591 2382 1674 2408 vitam
1695 2382 1877 2416 jucundam,

1071 2437 1164 2458 eccam
1181 2428 1287 2456 felicem
1304 2434 1405 2462 :quam
1424 2431 1451 2454 et
1465 2427 1564 2458 secuti,
1580 2426 1692 2457 fratres,
1710 2425 1759 2453 Dei
1783 2428 1879 2456 mise-

1072 2475 1203 2507 ricordia,
1235 2480 1383 2508 urgeamus
1407 2479 1527 2507 quoque,
1552 2476 1580 2499 et
1609 2471 1696 2507 magis
1722 2472 1878 2507 magisque

1072 2525 1273 2552 consectemur,
1287 2523 1386 2546 cuncta
1402 2525 1457 2552 pra:
1473 2517 1601 2544 cautione
1617 2520 1754 2548 verentes,
1773 2519 1877 2544 omni-

1072 2574 1142 2602 geua
1165 2565 1321 2593 obedientia
1348 2563 1482 2597 perfuncti
1509 2563 1680 2598 :omnigena
1709 2563 1878 2591 humilitate

1072 2612 1185 2648 compti,
1199 2611 1372 2646 omnigenam
1387 2610 1471 2638 animi
1492 2610 1639 2645 puritatem
1656 2609 1875 2643 contrahentes,

1073 2659 1120 2695 qui
1142 2658 1253 2694 quidem
1277 2665 1332 2692 prae
1357 2656 1445 2684 oculis
1468 2656 1539 2683 obiri
1567 2661 1681 2682 mortem
1702 2663 1873 2684 cernamus.

1071 2706 1131 2733 Jam
1147 2706 1219 2733 enim
1244 2709 1271 2732 et
1295 2703 1430 2738 spiritalis
1445 2711 1497 2730 nos
1512 2701 1594 2729 Pater
1611 2702 1733 2736 reliquit,
1755 2702 1874 2736 Petrus,

1073 2751 1266 2780 sanctissimus
1282 2749 1510 2783 metropolitanus
1522 2747 1618 2775 Nicata:
1634 2756 1640 2773 :
1657 2747 1736 2782 cujus
1759 2752 1789 2774 et
1805 2748 1874 2775 hea-

1206 2808 1226 2823 "
1239 2807 1248 2835 ι
1263 2806 1328 2834 Cor.
1344 2815 1381 2841 vr,
1399 2807 1441 2835 ll.
1482 2806 1502 2822 "
1514 2805 1584 2834 Psal.
1604 2813 1670 2837 sui,
1688 2804 1714 2832 4.
1756 2805 1778 2821 ¹⁷
1793 2803 1873 2834 Pal.
