1916 3075
66 147 107 177 555

65 212 99 231 tus
107 203 185 230 etitus
198 207 249 233 est,
260 202 286 228 in
296 200 488 236 persecutione
501 199 640 230 exstincti,
656 206 719 225 cum
736 206 826 233 coque

65 249 164 277 caelestis
184 247 257 282 regni
277 247 436 274 litercditate
459 247 596 281 potiamur
615 253 662 280 per
687 245 826 271 Christum

64 295 138 322 Iesum
155 293 296 321 Dominum
313 297 437 319 nostrum
452 301 458 318 :
472 292 516 318 cui
533 291 619 326 gloria
634 296 662 318 et
679 291 826 325 imperium

64 348 111 367 cum
128 339 199 366 Patre
212 346 245 366 ac
272 342 372 366 saneto
400 337 517 372 Spiritu,
533 344 605 364 nunc
620 340 648 363 et
664 344 783 371 semper,
799 336 827 363 in

64 391 203 419 omnemque
217 383 436 418 perpetuitatem.
452 382 552 408 Amen.

307 437 425 465 SERMO
444 437 555 465 XXVII.

64 485 88 512 In
104 490 240 513 sementem.
263 484 301 511 De
319 484 436 518 spiritali
458 488 572 510 semente
595 491 626 510 ae
641 484 776 518 perrigilio
798 492 826 510 tn

257 519 472 546 meditationibus
489 519 597 546 divinis.

90 577 184 604 Fratres
198 575 360 611 Patresque,
381 575 567 603 semcntinum
591 579 700 610 tempus
723 576 824 611 agitur,

63 622 188 649 seminibus
213 621 337 649 serendis
367 629 429 656 quae
455 628 488 648 ex
517 622 633 648 materia
667 622 824 654 colt-.et-ettt,

63 669 186 699 frumento,
207 667 326 702 aliisque
345 675 400 702 qua
424 671 586 702 tempestate
608 667 734 695 homines
749 668 826 695 vide-

62 723 109 741 mus
121 722 134 741 a
150 719 224 741 nocte
240 714 269 741 in
297 717 404 740 ttoctetn
427 713 460 740 ad
475 720 559 748 opera
578 718 777 746 commeantes,
793 722 825 742 ac

62 760 117 787 serio
134 764 283 795 satagentes
297 764 327 786 ut
339 766 422 793 quam
436 759 541 793 optime
552 763 579 786 et
591 758 694 786 affatim
712 764 823 794 serant;

62 805 117 831 unde
139 803 259 839 praesidia
289 803 399 838 corpori
429 803 604 838 conquirant.
639 802 744 838 Ecquid
774 812 824 832 nos

61 850 135 883 igitur,
151 849 280 879 sementis
294 849 385 877 coloui
397 849 543 884 spiritalis,
565 853 757 882 sterteremus,
774 857 824 877 nec

60 903 106 929 qua:
123 903 165 929 par
184 903 322 926 seremus.
341 900 369 922 et
391 895 437 930 qui
452 894 555 922 famem
580 895 719 930 patiamur
743 901 822 923 arti-r-

59 949 116 974 nam,
133 950 246 976 quamve
260 942 437 969 inveniamus
452 942 586 968 rationem
600 942 717 969 reddere
732 950 822 970 socor-

60 987 111 1013 dia?
122 986 299 1020 Quamobrem
316 995 378 1015 cutn
394 987 543 1014 carnaliter
556 988 713 1015 serentibus
728 989 822 1015 acrius

59 1041 191 1067 surgamus,
218 1039 278 1061 tum
299 1033 403 1068 largius
430 1040 577 1061 seramus:
594 1033 744 1068 siquidem,
770 1032 822 1066 Qui

58 1086 118 1110 parte
128 1080 242 1112 seminat,
258 1087 339 1114 parce
359 1083 384 1106 et
399 1083 492 1111 metet;
507 1083 533 1105 et
549 1079 596 1113 qui
609 1080 723 1106 seminat
738 1080 765 1106 in
779 1080 822 1106 be-

59 1123 234 1156 nedictionibus,
250 1124 279 1151 in
294 1122 518 1150 benedictionibus
529 1128 554 1150 et
569 1128 647 1150 metet
666 1124 741 1149 ".At
757 1123 821 1158 quid

58 1168 175 1195 seremus?
190 1175 298 1202 preces,
318 1167 461 1202 supplicia.
479 1167 705 1199 intercessiones,
717 1168 821 1202 gratia-

59 1221 103 1240 rum
116 1214 254 1246 actionem,
268 1214 363 1247 fidem,
380 1221 468 1249 spent,
486 1213 649 1241 charitatem
667 1223 673 1240 :
690 1214 747 1242 haec
757 1217 823 1241 sunt

58 1261 144 1293 pietatis
158 1262 273 1293 sentina,
295 1261 353 1289 haec
366 1261 452 1288 animi
470 1261 580 1295 pabula.
596 1260 657 1288 Jam
674 1261 701 1287 in
715 1260 820 1288 carnali

58 1313 156 1335 semente
168 1309 287 1335 sustinet
302 1307 418 1335 colonus
436 1307 551 1334 imbrem
563 1312 739 1341 exspectans,
755 1307 820 1334 dum

58 1353 150 1388 accipiat
176 1353 370 1389 tempestivum
405 1359 438 1380 ac
470 1352 623 1380 serotinum
641 1361 648 1379 :
664 1357 693 1379 at
721 1352 748 1379 in
772 1352 823 1379 hac

58 1403 130 1425 nostra
149 1399 197 1434 ipsi
226 1399 337 1427 arbitrii
359 1399 445 1426 sinuts
473 1398 566 1433 pluere
590 1401 618 1425 et
646 1398 746 1433 rigare,
770 1398 823 1426 hoc

56 1448 88 1469 est
103 1445 238 1479 compungi
261 1449 347 1480 atque
365 1444 521 1480 lacrymari,
544 1449 570 1471 et
596 1451 659 1471 cum
682 1444 821 1475 volumus,

57 1494 77 1515 et
90 1495 209 1524 quantum
231 1491 320 1518 Iubet.
340 1491 407 1524 Qua:
427 1498 490 1518 cum
517 1490 543 1517 iu
570 1495 665 1518 nostra
689 1495 823 1525 potestate

57 1536 97 1562 sita
115 1537 146 1564 sit
164 1536 257 1569 lidibo,
288 1536 430 1569 cohortor,
455 1535 565 1569 fratres,
587 1543 712 1564 seramus
737 1536 823 1570 pluri-

59 1589 116 1609 mum
131 1590 176 1610 nos
191 1590 317 1618 quoque,
341 1589 373 1609 ac
389 1582 540 1617 plurimttm
565 1581 697 1616 rigemus,
710 1581 825 1616 justitiaz

39 1648 41 1650 μ
58 1632 164 1662 tanquam
179 1628 316 1663 stirpibus
333 1628 476 1663 augendis,
492 1634 548 1662 quo
562 1630 707 1662 appetente
722 1627 824 1658 messe,

58 1679 105 1706 quae
124 1674 225 1709 ingeulo
250 1672 432 1706 deformetur,
458 1673 630 1708 spiritalibus
653 1679 762 1704 manus,
785 1671 826 1699 si-

60 1725 158 1754 numque
181 1718 331 1754 manipulis
347 1718 547 1752 compleamus.
568 1722 597 1744 ut
614 1717 710 1744 audire
724 1724 827 1744 merea-

59 1771 105 1790 mur
123 1765 295 1792 :Benedictio
315 1764 422 1791 Domini
449 1771 528 1798 super
555 1771 612 1797 vos,
645 1762 825 1790 bent-diximus

59 1810 113 1837 robii
125 1813 153 1838 de
170 1813 246 1839 domo
266 1810 378 1838 Domini
389 1810 422 1837 ".
435 1809 552 1837 Laborea
570 1817 697 1836 manuum
717 1814 826 1836 tuarum

60 1856 217 1890 mendicabis,
230 1858 324 1884 beatus
337 1864 374 1887 es.
387 1861 412 1883 et
425 1855 487 1883 bene
499 1855 546 1882 tibi
560 1855 610 1881 erit
621 1855 654 1882 ".
669 1854 757 1888 Atque
769 1854 827 1880 hac

60 1900 192 1930 hactenus:
209 1910 285 1931 nunc
308 1902 466 1929 admonitos
490 1901 583 1932 velim,
601 1899 712 1930 fratres.
735 1899 826 1927 brevi-

60 1952 123 1974 tatem
162 1949 269 1977 dierum
287 1955 423 1980 crescere,
441 1952 470 1975 et
490 1946 631 1975 exundare
653 1950 758 1977 noctes,
775 1945 826 1972 uti-

58 2000 99 2026 que
114 1994 221 2022 tabescit
236 1994 385 2030 pervigilio
404 1999 516 2027 corpus,
535 1992 576 2020 sic
587 1990 827 2020 somniculositate

59 2043 132 2066 cutem
152 2041 262 2073 curari;
296 2038 419 2067 curanda
445 2044 536 2066 autetn
559 2042 633 2068 cute,
660 2036 742 2064 simul
763 2036 827 2063 vitia

59 2085 226 2114 subolescunt.
251 2085 361 2120 Ecquid
376 2090 418 2113 est
437 2092 503 2120 ergo
523 2082 634 2111 dicere?
648 2082 730 2110 habet
744 2081 828 2117 quili-

59 2128 95 2156 bet
104 2137 218 2160 nostrum
234 2131 388 2168 psalmum,
406 2129 611 2158 meditationem
626 2129 718 2161 habet,
735 2135 829 2163 preces

59 2174 141 2204 habet?
161 2184 257 2206 cuncta
309 2179 448 2206 moderate
497 2175 651 2206 obeuntor.
671 2180 769 2202 cuncta
795 2174 829 2201 ad

60 2222 127 2250 animi
147 2232 320 2260 compagem,
339 2231 372 2251 ac
384 2222 615 2258 complementum
651 2220 774 2255 spiritus,
796 2228 830 2247 ne

61 2275 101 2296 nos
126 2270 237 2299 Satanas
265 2278 316 2306 per
339 2269 481 2296 libidinem
509 2271 604 2295 tentet.
629 2266 724 2301 Neque
751 2266 777 2293 id
804 2266 832 2293 in

61 2322 142 2343 somno
165 2317 302 2345 duntaxat
327 2316 428 2348 sentio,
456 2314 523 2349 qttin
551 2318 579 2341 et
605 2313 632 2339 in
664 2312 737 2343 cibo,
756 2316 831 2346 potu,

62 2363 201 2398 meritique
240 2362 372 2396 cunctis;
409 2360 656 2397 praesentissimum
690 2362 733 2385 est.
759 2357 832 2385 enitn

61 2408 232 2443 moderatum,
267 2409 343 2444 quod
368 2408 404 2435 ab
429 2406 548 2434 utrinvis
581 2405 708 2440 digressu
732 2403 833 2430 immu-

63 2459 101 2480 nes
117 2463 173 2488 nos,
190 2461 218 2484 et
236 2455 381 2483 indemnes
397 2458 518 2481 tueatur.
541 2452 689 2482 (la-terum,
715 2449 834 2485 impera-

64 2504 110 2528 tore
127 2501 158 2529 ab
174 2502 351 2537 expeditione
374 2507 497 2532 reverso,
522 2498 702 2534 c0gitationes
717 2496 834 2524 fortasse

64 2544 84 2571 in
96 2547 192 2576 anintos
208 2549 376 2582 subrepunt,
391 2546 519 2575 sollicitis
530 2545 596 2580 quid
612 2543 740 2571 Ecclesiae
754 2543 835 2570 rebus

64 2592 91 2618 sit
111 2593 223 2622 futurum
236 2615 244 2627 ,
275 2594 304 2621 id
323 2599 384 2626 est,
411 2592 527 2620 nostris.
548 2591 597 2618 Pol
616 2590 749 2624 scriptum
772 2593 833 2616 est:

64 2637 127 2667 lucta
138 2650 212 2676 super
229 2640 375 2667 Dominum
390 2647 483 2666 curam
499 2643 582 2669 tuam,
599 2642 623 2664 et
636 2637 692 2670 ipse
704 2635 834 2670 faciet";

65 2686 142 2713 (διιεῖ
161 2687 228 2715 Deus
253 2695 304 2722 pro
325 2686 397 2713 nobis
409 2706 416 2718 ,
434 2686 493 2721 quis
517 2689 610 2712 contra
632 2682 728 2710 nos"?
743 2681 788 2716 qui
807 2685 836 2708 ut

64 2733 231 2764 Superioribus
248 2733 333 2760 annis
357 2733 441 2759 vitam
463 2731 543 2759 nobis
562 2728 730 2765 procuravit,
750 2727 834 2754 vat-iis

93 2820 138 2848 "ll
150 2822 210 2849 Cor.
230 2832 270 2855 ix,
287 2823 316 2850 6.
352 2822 374 2838 '°
383 2821 457 2848 Psal.
476 2828 591 2852 cxxvut,
608 2820 635 2846 ὃ.
673 2818 778 2845 “Psal.
790 2825 892 2849 cxxvtt,
908 2818 935 2845 ἓ.

103 2855 126 2881 9-
160 2858 181 2872 “
195 2858 280 2886 Hebr.
297 2866 334 2888 ιι.
347 2857 444 2885 53-35.
482 2856 505 2872 "
516 2856 581 2883 ibid.
597 2855 623 2881 1.
662 2855 682 2870 ’⁷
695 2853 763 2881 Dan.
776 2862 811 2885 vr,
827 2861 885 2888 seq.

66 2859 90 2886 tt,
103 2855 126 2881 9.
160 2858 181 2872 “
195 2858 280 2886 Hebr.
297 2866 334 2891 st,
347 2857 444 2885 53-35.
482 2856 505 2872 "
516 2856 581 2883 ibid.
597 2855 623 2881 1.

616 140 821 170 SERMONES
840 141 1102 172 CATECHETICI.

1619 140 1672 172 540

842 204 864 230 Α
879 200 1093 233 tentutionibus,
1124 206 1156 226 ac
1185 198 1305 226 miseriis
1328 198 1448 233 ereptis,
1476 198 1517 226 sit.
1541 198 1671 233 deinceps

880 247 1038 280 procurabit
1053 254 1175 281 quoquc.
1193 245 1311 272 Tantum
1327 244 1408 278 digne
1432 243 1578 279 Evangelia
1593 246 1671 272 viva-

879 300 950 324 mus,
969 293 1076 319 cmlesti
1093 292 1222 320 obeundo
1257 291 1394 323 instituto,
1417 292 1589 318 terrestrium
1620 292 1672 319 lto-

879 340 964 374 spites
988 347 1015 367 et
1039 341 1176 367 advenae:
1199 340 1246 367 hic
1274 339 1347 366 enim
1385 339 1465 365 nobis
1502 339 1611 373 portio,
1639 347 1672 367 ac

879 385 1026 412 Iuereditas
1043 385 1117 412 nulla
1140 389 1192 413 est.
1213 384 1280 412 Nam
1304 384 1367 420 quis
1388 384 1415 411 in
1435 385 1510 411 omni
1537 386 1671 412 memoria

878 432 962 459 vitam
993 432 1135 467 ingressus
1162 432 1273 465 restitit,
1302 439 1358 467 quo
1381 431 1565 459 erciscerctur
1589 431 1670 466 quid-

878 477 979 512 quam?
992 485 1083 504 aunon
1106 485 1202 504 omnes
1221 472 1274 512 qui'
1303 475 1421 511 ingressi
1438 479 1541 506 essent,
1559 483 1671 502 rursum

877 530 927 550 ceu
948 531 980 550 ex
997 523 1088 550 alieno
1112 523 1172 551 solo
1194 529 1259 551 sunt
1280 521 1408 557 egressi?
1433 521 1519 557 Igitur
1535 521 1578 548 ltic
1595 521 1671 560 egi-

877 569 943 596 lium
964 568 1083 604 degitur,
1100 576 1252 604 verumque
1271 568 1454 599 domicilium,
1482 567 1629 594 Itaareditas
1644 571 1672 594 et

878 614 989 648 adeptio
1016 615 1042 640 Ill
1064 615 1157 641 l'uturo
1182 614 1283 642 seculo
1303 619 1346 641 est
1363 622 1370 640 :
1385 614 1411 640 in
1435 621 1490 648 qtto
1511 612 1670 645 constituti,

877 667 940 686 cum
956 661 1060 687 sanctis
1075 661 1205 687 omnibus
1224 661 1335 687 sceleste
1353 667 1466 694 regnum
1482 659 1608 686 ineamus
1622 666 1672 694 per

875 706 1015 733 Christum
1032 705 1125 733 .lesum
1143 706 1288 733 Dominum
1314 712 1439 733 nostrum
1458 707 1521 733 :cui
1540 706 1627 740 gloria
1641 709 1670 732 et

877 751 1022 785 imperium
1047 758 1109 777 cutn
1143 750 1223 778 Patre
1244 758 1275 778 ac
1305 755 1401 778 sancto
1417 751 1534 785 Spiritu,
1555 757 1629 777 nuttc
1642 754 1670 777 et

876 804 996 832 semper,
1009 796 1036 823 in
1054 805 1222 833 omnemque
1237 798 1459 833 perpetuitatem.
1473 798 1570 824 Amen.

842 876 861 903 Β
882 899 893 903 _
1108 900 1123 903 Α
1143 853 1261 903 Sillim)
1281 853 1402 882 XXVIII.

877 899 908 926 In
928 905 1078 928 sementem.
1103 900 1141 927 De
1157 901 1221 935 ﬁde,
1247 909 1297 927 neu
1320 906 1424 934 temere,
1454 908 1485 926 ac
1517 900 1574 926 sine
1593 899 1668 935 fruge

912 937 994 962 t'ilnnt
1009 944 1203 966 constituamus,
1222 936 1393 970 umbramque
1417 943 1484 968 esse,
1499 940 1577 970 atque
1594 943 1667 962 som-

914 971 986 997 nium
1000 970 1142 1004 prwsentia
1158 971 1192 997 ad
1204 971 1307 1005 futura.

912 1026 1023 1054 Fratres
1038 1027 1196 1062 Patresque,
1212 1027 1295 1054 semel
1308 1026 1460 1061 quotannis
1473 1031 1545 1053 terra
1560 1025 1666 1053 consita

877 1073 1006 1106 agricola:
1024 1072 1133 1100 fructus
1153 1080 1262 1100 annuos
1277 1073 1400 1108 praebet,
1418 1072 1528 1099 animus
1542 1071 1667 1106 quotidie

876 1122 966 1145 satum
983 1119 1137 1154 suscipiens
1157 1119 1290 1146 doctrina:
1304 1119 1332 1145 in
1347 1118 1422 1145 omni
1438 1118 1492 1145 vita
1513 1124 1593 1152 aegrae
1607 1118 1666 1143 vir-

877 1165 945 1192 tutis
971 1166 1108 1192 culturam
1134 1165 1256 1193 reddat:
1281 1165 1397 1200 ejusque
1421 1165 1480 1192 haec
1506 1169 1550 1191 est
1569 1170 1665 1195 causa,

876 1210 948 1244 quod
969 1217 984 1237 a
1006 1211 1122 1245 pueritia
1141 1210 1262 1238 ltotninis
1286 1211 1425 1245 ingenium
1444 1209 1536 1237 studio
1560 1209 1667 1243 rapitur

876 1257 910 1283 ad
931 1264 1024 1292 prava.
1044 1256 1121 1284 Unde
1143 1257 1272 1284 humanae
1297 1262 1403 1284 natura:
1421 1256 1514 1284 minus
1534 1255 1666 1291 parabilis

875 1306 917 1329 cst
940 1303 1037 1334 vlrtus.
1062 1310 1112 1329 nec
1136 1302 1264 1329 vitiorum
1290 1302 1372 1336 potiri
1396 1303 1542 1337 quisquam
1566 1301 1665 1336 possit,

876 1349 922 1383 qui
946 1356 1000 1375 non
1042 1348 1161 1376 luctatus
1183 1349 1219 1376 sit
1247 1353 1275 1375 et
1298 1348 1443 1375 alliictatus
1467 1348 1561 1375 labore
1585 1347 1667 1383 longo

876 1399 958 1430 atque
981 1395 1124 1423 diuturno.
1150 1395 1177 1423 Id
1196 1396 1265 1423 adeo
1287 1395 1374 1423 sancti
1400 1396 1460 1423 suis
1475 1396 1557 1423 rebus
1582 1396 1666 1430 gestis

876 1442 1037 1474 ostendunt,
1062 1442 1141 1477 quasi
1159 1443 1270 1477 quidam
1293 1443 1462 1470 exercitores
1478 1449 1511 1469 ac
1535 1443 1665 1475 athletae,

877 1494 967 1521 pugna
981 1495 1044 1514 eum
1061 1493 1174 1522 pecrato
1190 1487 1322 1515 defuncti.
1339 1488 1410 1521 Quid
1425 1492 1548 1520 aventes,
1566 1487 1667 1522 quidve

877 1534 1047 1566 quaerentes?
1067 1532 1141 1560 Bona
1158 1534 1307 1568 promissa,
1323 1542 1384 1568 quae
1404 1541 1455 1561 nec
1469 1534 1536 1561 vidit
1557 1534 1666 1566 oculus,

878 1585 929 1606 nec
945 1578 1051 1605 audivit
1070 1579 1158 1612 auris,
1173 1587 1223 1606 nec
1238 1579 1395 1606 mortalium
1414 1579 1543 1613 cuiquam
1568 1586 1668 1606 venere

877 1626 904 1653 in
919 1630 1037 1653 nteutent
1049 1625 1082 1654 “.
1099 1626 1179 1659 Quod
1193 1626 1407 1661 exspectationis
1428 1633 1485 1653 suae
1502 1626 1602 1661 pignus
1615 1626 1667 1653 ba-

878 1671 993 1699 bentes‘l
1012 1671 1092 1699 lldem
1109 1681 1115 1699 :
1133 1679 1195 1699 nam
1212 1672 1259 1706 qui
1278 1672 1330 1699 rite
1349 1672 1464 1699 credere
1483 1676 1525 1698 est
1540 1671 1666 1706 largitus,

878 1717 951 1745 idem
967 1717 1080 1745 indubie
1099 1725 1212 1752 sperare
1227 1718 1334 1750 tribuit,
1349 1726 1402 1753 qua
1419 1717 1458 1745 illi
1479 1725 1527 1752 spe
1541 1717 1667 1753 prodigia

876 1764 989 1790 ederent
1005 1767 1033 1790 et
1052 1767 1174 1790 ostenta.
1192 1763 1272 1794 Iliuc,
1297 1769 1326 1790 ut
1342 1763 1380 1790 ait
1401 1771 1479 1791 sacer
1495 1763 1664 1798 Apostolus:

878 1808 1033 1836 Det-icerant
1048 1817 1138 1844 regna,
1157 1809 1245 1844 adepti
1261 1814 1322 1836 sunt
1347 1809 1571 1844 repromissiones,
1590 1809 1668 1836 obtu-

878 1859 1001 1882 ruverunt
1024 1863 1071 1882 ora
1094 1855 1209 1887 leonum,
1231 1856 1414 1882 exstinxerunt
1436 1856 1563 1890 impetum
1586 1856 1668 1890 ignis,

877 1902 1026 1936 effugerunt
1045 1903 1129 1928 aciem
1140 1902 1236 1936 gladii,
1253 1902 1444 1929 convaluerunt
1457 1902 1489 1929 de
1502 1902 1668 1936 inﬁrmitate,

879 1947 962 1982 fortes
979 1947 1044 1981 facti
1066 1951 1128 1973 sunt
1146 1947 1173 1973 in
1200 1946 1277 1980 bello,
1303 1951 1392 1974 castra
1417 1951 1549 1973 verterunt
1565 1951 1671 1974 extero-

879 2001 949 2025 rttm,
971 1997 1128 2027 acceperunt
1152 1993 1275 2020 mulieres
1294 1993 1326 2020 de
1345 1993 1537 2020 resurrectione
1552 1997 1669 2020 mortuos

878 2047 957 2071 suos;
985 2038 1033 2065 alii
1059 2042 1149 2065 autem
1167 2038 1276 2065 distenti
1304 2043 1384 2071 sunt,
1415 2046 1466 2064 non
1497 2038 1670 2073 suscipientes

880 2084 1098 2119 redemptionem,
1121 2090 1149 2110 ut
1175 2083 1308 2110 meliorem
1326 2083 1470 2110 invenirent
1496 2083 1670 2110 resurrectio-

880 2139 937 2158 nem
947 2131 980 2157 “.

918 2176 1022 2204 Videtis
1048 2184 1110 2212 quae
1150 2181 1309 2212 quantaque
1333 2176 1394 2205 lidei
1421 2175 1566 2204 facinora?
1590 2175 1674 2203 Fides

847 2226 869 2254 ι)
883 2230 947 2249 vero
960 2228 998 2250 est
1014 2228 1181 2257 speratarum
1196 2224 1347 2251 substantia
1368 2231 1468 2256 rerum,
1484 2228 1673 2258 argumentum

883 2277 932 2295 non
953 2269 1138 2303 apparentium
1150 2269 1183 2296 ".
1211 2269 1267 2297 Hac
1295 2269 1394 2297 lirmati
1419 2274 1447 2296 et
1469 2277 1530 2301 nos,
1561 2268 1676 2300 fratres..

882 2323 944 2341 eum
961 2315 1070 2342 diabolo
1085 2315 1266 2348 decertemus,
1288 2316 1418 2343 vitiorum
1441 2320 1531 2350 pestes
1546 2315 1671 2350 proﬂige-

882 2367 956 2386 ntus.
986 2359 1059 2395 Ignis
1085 2368 1157 2388 nunc
1181 2368 1315 2388 accensus
1339 2369 1449 2396 quoque
1470 2361 1562 2388 carnis
1586 2360 1675 2387 libido

882 2409 935 2437 est,
951 2412 1034 2439 quam
1058 2405 1081 2432 si
1109 2405 1238 2441 lacrymis
1257 2411 1339 2440 atque
1359 2406 1488 2440 precibus
1512 2408 1673 2441 exstingua-

884 2458 956 2482 ntus,
975 2451 1076 2479 choros
1091 2459 1153 2478 cum
1172 2452 1266 2487 pueris
1281 2459 1406 2487 agemus.
1424 2452 1498 2480 Ferte
1517 2457 1582 2479 sttnt
1596 2459 1675 2479 atro-

883 2503 929 2523 ces
950 2496 1022 2524 fteda
1042 2497 1224 2524 immansueta
1250 2498 1315 2524 vitia
1332 2506 1339 2525 :
1356 2505 1418 2532 qum
1447 2498 1470 2525 si
1498 2497 1674 2532 subjugauda

883 2550 976 2575 carne,
998 2547 1026 2570 et
1044 2543 1191 2571 obediente
1205 2544 1260 2571 vita
1274 2545 1467 2580 capistrctnus,
1484 2552 1546 2571 cum
1563 2543 1680 2571 Daniele

885 2587 1162 2623 triumphahimus".
1189 2589 1229 2617 Ac
1253 2590 1318 2625 quid
1344 2590 1370 2616 in
1399 2589 1505 2623 exiguis
1532 2589 1679 2616 laboribus

885 2633 1021 2667 promissa
1045 2634 1221 2662 erciscamur
1248 2634 1369 2661 aeterna?
1384 2641 1474 2660 annon
1492 2633 1588 2660 umbra
1606 2641 1613 2659 :
1631 2637 1677 2659 at-

888 2686 942 2713 que
957 2679 1096 2706 somnium
1110 2684 1176 2706 sunt
1189 2679 1346 2715 prtesentia,
1358 2679 1381 2706 si
1395 2686 1457 2706 cum
1470 2678 1569 2705 futuris
1584 2678 1677 2705 confe—

889 2725 1004 2752 rantur?
1030 2726 1193 2761 Quanquam
1223 2726 1282 2755 haec
1304 2733 1415 2761 quoque
1436 2724 1507 2752 infra
1531 2725 1680 2752 veritatem

976 2817 996 2833 "
1015 2817 1087 2846 Psal.
1099 2825 1153 2850 ιιγ,
1169 2817 1215 2845 25.
1253 2816 1276 2832 ’³
1288 2817 1367 2844 Rom.
1381 2823 1439 2849 \‘lll,
1456 2814 1501 2842 5|.
1555 2814 1577 2829 "'
1590 2813 1599 2840 I
1611 2813 1680 2841 Cor.
