1916 3075
215 141 266 172 547

803 138 832 167 S.
852 136 1049 167 TIIEODORI
1076 135 1253 167 STUDITE

1793 132 1848 165 5L8

215 199 386 235 comparatio
411 196 536 232 esttqui
567 196 640 224 enim
665 200 754 231 potest
779 196 885 222 finitum
916 202 1002 222 :evnm
1020 197 1042 224 Α
1059 194 1103 221 Dei
1134 194 1233 221 Filium
1260 201 1370 221 (‘arncm
1397 193 1501 221 factum
1511 193 1545 225 ",
1571 193 1610 220 uti
1638 193 1739 220 clamat
1765 192 1851 221 Joan-

215 254 278 273 cmn
298 243 413 272 inllnitis
426 242 572 277 componi?
587 250 643 277 quo
658 247 737 276 pacto
753 249 814 268 cum
831 240 1006 275 sempiternis

216 289 355 320 multdus,
385 288 433 322 qui
463 294 525 313 mox
554 286 690 313 liniendus
718 286 770 317 sit,
796 284 1009 312 committatur?

217 334 298 368 Quod
323 337 460 367 superest,
481 332 577 367 ingens
596 337 623 358 et
641 330 784 358 infandum
809 330 940 365 gaudium
964 337 1008 356 re-

218 378 362 405 volvamus
388 383 484 403 eorum
501 376 548 410 qui
573 375 630 402 illic
652 375 823 409 gaudebunt,
840 382 873 401 ac
893 374 1010 409 punien-

218 423 317 450 dorum
345 429 461 456 poenas:
477 428 594 456 quarum
618 420 640 447 si
658 420 701 447 vel
721 420 889 454 cogitatione
913 419 1010 446 obstu-

220 476 329 504 pemus,
355 472 460 502 quanto
492 467 580 501 magis
607 471 648 493 est
675 466 858 493 intolerabilis
888 464 1011 493 sensus?

221 514 306 551 Igilur
330 521 363 540 ne
379 513 442 547 quis
454 512 584 546 deinceps
600 511 661 539 dies
681 516 795 544 temere,
818 516 898 545 atque
918 510 1010 538 disso-

221 560 278 586 lute
305 559 422 588 labatur,
451 556 499 592 qui
527 557 642 584 inertem
669 556 748 584 nobis
790 561 818 583 et
846 556 907 583 sine
933 556 1010 591 fruge

221 605 306 631 vitam
322 607 480 634 consumat,
492 602 557 636 quin
575 602 667 629 omnis
684 609 829 637 supremus
846 602 965 633 ducitor,
979 609 1011 628 ex

221 649 276 676 divi
294 648 407 675 Antonii
421 651 569 681 praecepto,
587 646 659 673 unde
674 646 853 673 emendentur
864 645 1012 681 procincti-

222 702 275 729 que
290 699 486 727 comparemur
503 691 537 718 ad
561 691 623 718 iter.
642 693 677 718 At
700 691 748 725 qui
768 691 795 718 id
815 691 863 723 ait,
889 691 1013 718 contlteri

222 744 284 774 pote
309 739 336 766 in
354 738 496 769 coenobio.
513 746 593 765 suum
613 745 752 773 quemque
766 737 915 764 distinente
931 737 1011 763 mini-

222 784 325 812 sterio?
339 784 465 818 equidem
491 783 614 818 apprime
639 787 711 818 pote,
727 782 750 810 si
768 783 896 814 velimus,
910 789 942 810 ac
961 789 1015 816 prae

223 831 269 863 iis,
293 830 410 864 amplius
430 829 476 864 qui
502 829 625 863 quietem
654 833 719 855 sunt
744 828 854 856 secuti:
873 835 934 854 nam
960 828 1015 854 illic

1059 247 1127 272 nes,
1159 245 1186 267 et
1216 248 1300 268 carne
1324 239 1537 270 circumscribi,
1574 244 1601 266 et
1632 239 1780 274 imaginem
1813 244 1853 267 tc-

1059 293 1123 312 nere
1140 290 1165 313 et
1181 286 1206 312 in
1226 286 1344 320 imagine
1363 285 1428 312 coli.
1451 285 1519 312 Nam
1532 290 1600 320 quot
1615 289 1742 312 exsortes
1758 285 1854 312 Evan-

1059 331 1121 365 gelii
1145 331 1172 358 in
1199 339 1293 358 errore
1321 331 1476 366 irreligioso
1504 331 1629 358 homines
1651 331 1771 365 degunt?
1791 331 1852 363 alii,

1061 376 1147 403 all‘ecti
1166 377 1326 411 Evangelia.
1344 376 1371 403 in
1387 376 1518 411 religione
1534 375 1657 411 naufragi
1668 381 1695 403 et
1712 384 1852 404 errones:

1061 429 1110 449 ceu
1146 422 1338 454 lconontachi,
1365 422 1505 449 Christum
1549 427 1678 457 negantes
1707 422 1854 457 descripti-

1062 469 1142 500 tium,
1167 474 1214 496 aut
1237 469 1384 503 imaginem
1402 472 1507 501 tenere,
1527 473 1574 495 aut
1591 468 1619 495 in
1641 468 1763 503 imagine
1782 468 1851 499 coli,

1061 518 1144 548 atque
1174 514 1238 541 hinc
1264 513 1433 540 salutiferam
1460 513 1682 548 procurationem
1710 512 1853 544 divinam,

1066 565 1198 594 quantum
1224 559 1250 586 in
1276 567 1306 586 sc
1333 563 1386 592 est,
1405 558 1544 586 demoliri.
1567 559 1633 591 Quae
1657 558 1854 593 recogitantes,

1064 605 1176 637 fratres,
1194 605 1311 640 impigre
1329 604 1385 632 Deo
1401 604 1503 639 gratias
1518 611 1644 638 agamus,
1660 603 1773 638 agendis
1789 610 1854 637 gra-

1064 652 1110 679 tiis
1137 651 1324 681 slimulemur,
1345 650 1477 676 stimulati
1501 649 1692 684 lacrymemur,
1707 648 1856 683 lacrymati

1064 697 1271 728 collustremur,
1287 695 1438 723 collustrati
1452 695 1567 722 salutem
1585 694 1796 726 contrahamus,
1814 693 1857 720 uti

1066 743 1204 777 pollicitus
1221 750 1313 769 sermo
1334 746 1387 769 est.
1410 740 1504 775 Neque
1520 742 1594 767 enim
1621 741 1702 767 Iidem
1725 745 1859 775 putemus

1066 789 1232 816 nniformem
1248 796 1256 816 :
1273 796 1335 816 nam
1351 796 1406 816 una
1425 792 1468 815 est
1487 795 1564 820 sane,
1580 791 1696 822 augetur
1708 790 1801 813 tamen
1823 794 1860 813 ac

1066 835 1210 866 minuitur,
1232 835 1369 862 intellecta
1392 839 1439 861 ant
1465 842 1519 860 non
1539 834 1693 868 jntellecta,
1717 832 1859 867 siquidem

225 874 336 901 libertas
346 893 354 906 ,
384 877 410 899 et
437 872 589 899 auctoritas
620 871 810 906 irreprehensa
824 892 831 903 ,
857 871 890 897 ad
919 871 1016 898 mortis
1033 869 1053 896 ll
1067 881 1103 908 an
1114 890 1121 907 ε
1133 881 1245 908 Modica,
1253 881 1327 914 ﬁdei,
1340 889 1421 916 quare
1432 880 1563 906 dum-la,“
1574 879 1614 905 ll?
1626 884 1654 906 el
1664 879 1743 906 alibi:
1754 878 1862 913 Magna

225 919 417 954 cogitationem
440 918 533 953 segnis
553 922 614 950 est;
635 918 689 948 hic.
708 925 771 952 qua-
784 918 870 944 instar
888 917 1013 951 martyrii

226 967 273 997 sit,
300 965 438 1000 repressio
464 964 623 997 voluntatis,
647 968 807 991 contentum
830 963 1012 990 ministerium

225 1015 310 1046 atque
333 1011 458 1039 incidens
480 1010 606 1041 infamia.
625 1018 706 1045 quam
729 1010 846 1037 maxime
863 1010 965 1037 habent
987 1009 1014 1036 in

226 1057 340 1091 proclivi
358 1056 454 1083 mortis
470 1055 646 1083 sententiam.
664 1055 736 1082 Sane
756 1056 852 1082 beatus
868 1055 1016 1089 Apostolus

225 1103 320 1130 dicens
333 1111 340 1128 :
354 1101 479 1134 Quotidie
497 1103 615 1132 morior,
634 1109 679 1135 per
692 1101 877 1136 gloriationem
892 1107 1014 1132 vestram,

226 1155 307 1181 quam
321 1147 403 1174 habeo
425 1147 452 1173 iu
467 1146 579 1174 Christo
592 1145 656 1173 Jcsu
671 1145 786 1173 Domino
802 1151 893 1173 nostra
904 1146 937 1179 ’³,
961 1153 1015 1172 non

227 1193 254 1220 id
271 1200 338 1220 usus
355 1192 447 1227 quiete
468 1191 534 1226 quin
560 1191 634 1218 mille
659 1191 859 1218 tentationibus
875 1190 1017 1218 districtus

229 1238 353 1273 protulit.
379 1237 565 1270 Quamobrem
594 1242 739 1264 teneamus
757 1236 832 1271 quod
855 1236 1016 1270 quarimus,

231 1291 280 1311 nec
301 1284 397 1311 mortis
420 1283 560 1310 recordari
587 1283 647 1310 dies
672 1288 822 1317 noctesque
835 1282 1016 1314 omittamus;

230 1331 268 1357 ita
291 1329 363 1356 enim
389 1334 417 1356 et
433 1337 545 1364 pravam
570 1328 739 1363 cupidinem,
765 1333 792 1355 et
807 1328 951 1355 ministerii
973 1335 1020 1354 ne-

231 1377 360 1412 glectum,
384 1381 411 1403 et
427 1375 542 1410 ignmiaa
568 1376 719 1407 tristitiam,
740 1379 767 1402 ct
787 1374 933 1401 scelestum
949 1373 1019 1401 livo-

231 1430 301 1454 rem,
327 1422 437 1456 aliaque
459 1426 558 1449 cuncta
575 1421 642 1448 vitia
663 1420 708 1447 Dei
735 1420 922 1448 misericordia
937 1420 1021 1455 pelle-

232 1475 305 1494 nms.
330 1467 399 1494 'l‘um
426 1472 528 1499 autem,
555 1471 585 1494 ut
603 1466 637 1493 ad
660 1467 767 1493 exitum
794 1466 847 1493 erit
861 1466 1019 1498 deventum,

231 1521 280 1541 ceu
302 1521 335 1541 eo
350 1514 541 1541 recordatione
560 1514 659 1540 mortis
675 1518 824 1548 praevento,
844 1520 1018 1548 nequaquam

233 1564 336 1587 terrore
361 1560 553 1595 percellemur,
574 1560 621 1588 sed
645 1560 752 1595 placide
777 1563 887 1586 sanctos
907 1559 1021 1594 angelos

233 1604 428 1638 spectabimus,
446 1612 479 1631 ac
490 1611 640 1639 perennem
656 1605 738 1631 vitam
757 1611 959 1638 consequemur
974 1611 1022 1638 per

232 1649 375 1677 Christum
389 1649 483 1679 Jesum
499 1650 646 1678 Dominum
659 1655 786 1677 nostrum
805 1650 870 1677 :cui
894 1649 982 1684 gloria
997 1656 1024 1677 et

233 1696 378 1731 imperium
400 1704 465 1723 cum
481 1695 563 1723 Patre
584 1703 618 1723 ac
642 1700 738 1724 sancto
761 1695 878 1731 Spiritu,
901 1703 974 1723 nunc
996 1699 1024 1723 et

233 1749 351 1776 semper,
368 1742 395 1768 in
413 1749 578 1776 omnemque
591 1742 812 1776 perpetuitatem.
826 1742 925 1769 Amen.

512 1796 629 1823 SEllMO
649 1796 745 1824 XXIX.

236 1842 274 1869 De
287 1843 435 1877 gratiarum
448 1842 561 1874 actione,
578 1842 660 1877 deque
688 1843 833 1869 adoranda:
843 1842 943 1870 Christi
957 1843 1026 1870 ima-

270 1878 338 1912 ginis
355 1877 488 1908 doctrina,
508 1884 539 1903 ac
553 1878 648 1911 fratris
672 1877 800 1904 Tlmdda'i
817 1877 989 1912 confessione.

271 1922 382 1950 Fratres
399 1923 569 1957 Patresque,
579 1931 642 1950 cum
666 1924 755 1951 salute
774 1927 870 1951 nostra
886 1923 1023 1950 molienda

235 1969 392 2004 complures
416 1967 513 1995 modos
540 1967 654 2003 largitus
679 1969 752 1996 Deus
777 1973 829 2001 est,
858 1973 914 1996 tum
942 1976 1023 2000 unus,

237 2014 397 2050 primusque
416 2018 468 2045 est,
489 2014 639 2048 gratiarum
658 2015 748 2048 actio;
763 2015 803 2041 ait
816 2015 891 2041 enim
907 2014 1026 2048 Aposto-

238 2061 280 2087 lus
296 2070 301 2086 :
321 2060 438 2086 Primum
457 2061 558 2094 gratias
574 2069 624 2096 ago
645 2060 699 2088 Deo
716 2069 772 2088 meo
785 2069 832 2095 per
843 2060 935 2087 Jesum
949 2060 1026 2087 Cltri-

236 2111 306 2132 stum
320 2113 367 2140 pro
380 2107 501 2133 omnibus
521 2108 602 2138 vobis,
618 2108 681 2142 quia
698 2107 764 2141 fides
776 2111 863 2133 uestra
880 2107 1026 2133 annuntia-

238 2157 282 2177 tur
298 2152 325 2177 in
344 2151 463 2178 universo
480 2153 578 2178 mundo
592 2153 627 2185 ",
643 2160 676 2180 ac
699 2160 836 2187 nusquam
855 2159 910 2180 non
932 2155 1026 2180 osten-

237 2198 311 2224 ditur
324 2205 408 2233 agens
423 2199 535 2233 gratias.

272 2254 344 2287 Quin
373 2259 464 2282 exstat
492 2260 519 2281 ct
548 2255 574 2282 in
604 2256 676 2283 scala
711 2255 839 2290 praemitti
872 2255 1023 2290 gratiarum

238 2300 374 2327 actionem
404 2301 532 2334 precibus
560 2307 695 2336 oportere.
725 2301 812 2336 Igitur
839 2301 894 2329 Deo
923 2301 1025 2336 gratias

238 2354 361 2379 agamus,
375 2347 493 2381 primum
509 2347 581 2382 quod
598 2347 674 2374 nihili
691 2355 742 2375 nos
757 2347 871 2382 protulit
884 2347 911 2374 in
925 2347 1025 2379 lucem,

239 2392 272 2418 ad
280 2392 390 2427 egregia
403 2392 524 2420 facinora
535 2397 652 2425 creatos,
660 2401 721 2427 qua:
732 2393 878 2428 praestituit
889 2392 1026 2424 obeunda,

239 2438 337 2464 deinde
363 2438 436 2472 quod
466 2439 614 2473 adoptione
647 2447 695 2473 per
732 2446 838 2466 sacram
868 2438 1026 2465 tinctionem

239 2483 373 2510 donavit:
392 2491 467 2515 nam,
488 2484 623 2519 Quotquot
649 2488 818 2517 susceperunt
839 2490 911 2514 eum,
929 2482 1026 2517 inquit,

238 2529 309 2556 dedit
320 2531 357 2556 eis
373 2535 528 2564 potestatem
536 2530 608 2565 ﬁlios
622 2530 670 2557 Dei
686 2530 744 2564 ﬁeri
760 2537 769 2561 ;
783 2529 829 2563 qui
844 2537 895 2555 non
912 2536 945 2554 ea:
963 2537 1027 2555 san-

238 2575 383 2608 guinibus,
415 2583 497 2610 neque
522 2583 555 2602 ea:
586 2575 721 2602 voluntate
744 2574 853 2605 carnis,
886 2581 968 2608 neque
995 2581 1028 2599 ea:

239 2620 372 2647 uoluntate
405 2621 476 2654 uiri,
510 2621 556 2648 sed
586 2628 619 2648 ea:
650 2620 705 2647 Deo
738 2620 794 2646 nati
820 2624 880 2646 sunt
893 2619 926 2646 '°.
955 2617 1025 2646 Nec-

239 2673 293 2692 non
325 2666 398 2700 quod
434 2666 466 2693 ad
497 2666 568 2693 hanc
597 2665 799 2693 confessionem
828 2672 938 2699 quoque
964 2668 1026 2698 post

238 2712 409 2746 superiorem
436 2712 548 2740 deduxit
569 2721 576 2738 :
606 2712 634 2739 in
658 2719 714 2746 quo
735 2711 847 2738 minime
879 2710 1022 2742 fallamur,

238 2762 265 2784 et
292 2765 435 2789 erremus,
467 2758 534 2793 quin
564 2758 705 2792 explorate
732 2757 852 2784 sciamus
880 2757 1025 2791 unigcuam

273 2815 296 2829 "
317 2813 401 2842 ICor.
419 2824 463 2846 xv.
479 2816 523 2843 3i.
567 2816 589 2831 ”
599 2815 677 2842 Rom.
696 2823 714 2847 ι,
731 2815 757 2842 8.

242 2850 264 2866 ³⁸
290 2850 385 2878 Matth.

796 2814 941 2850 animi,
961 2814 1061 2847 sats.
1100 2814 1120 2831 ιι
1135 2814 1199 2842 ibid.
1222 2815 1263 2843 tt.
1301 2814 1563 2850 "Matth.xtv,5l.

423 2859 481 2884 vnt,
499 2852 541 2878 l0.
581 2851 603 2867 ³⁵
615 2851 625 2877 l
639 2851 702 2879 Cor.
718 2859 737 2883 ι,
752 2850 849 2878 26ι28.
886 2851 908 2866 ³*
920 2849 1020 2884 Ephes.
1037 2857 1073 2883 tv,
1091 2850 1133 2877 l5.

1063 932 1103 954 est
1117 928 1182 962 ﬁdes
1199 932 1255 960 tua,
1276 927 1324 960 ﬁat
1340 927 1388 954 tibi
1402 927 1471 953 sicut
1485 926 1620 953 credidisti
1631 925 1671 958 ³¹;
1687 932 1719 952 ac
1736 931 1836 951 rursus
1850 933 1858 950 :

1066 972 1128 999 Non
1146 974 1232 1000 inueni
1254 977 1358 1000 tantum
1378 973 1457 1007 fidem
1477 973 1504 998 in
1523 971 1652 999 Israel“.
1672 971 1710 997 En
1725 975 1858 1005 augetur,

1066 1025 1099 1045 ac
1120 1018 1261 1044 minuitur.
1279 1016 1334 1045 Nec
1361 1018 1435 1045 dicat
1459 1017 1616 1052 quisquam:
1634 1016 1721 1043 ldiota
1736 1023 1811 1046 sum,
1829 1019 1861 1041 et

1065 1065 1113 1098 qni
1136 1063 1289 1099 intelligere
1313 1071 1410 1098 queam
1443 1063 1542 1090 fidem?
1565 1063 1613 1089 Pol
1638 1062 1758 1089 clemens
1782 1061 1862 1088 Deus

1068 1108 1161 1135 radios
1191 1108 1299 1135 cunctis
1324 1107 1443 1142 explicat
1473 1107 1612 1134 bonitatis.
1641 1105 1702 1133 Jam
1728 1113 1790 1140 quae
1815 1110 1864 1132 est

1069 1154 1193 1190 Apostoli
1206 1155 1362 1181 sententia?
1377 1153 1466 1181 Videte
1480 1153 1641 1180 vocationem
1653 1157 1778 1184 vestram,
1801 1152 1865 1186 fra-

1069 1206 1131 1233 tres,
1153 1201 1216 1232 quia
1240 1209 1291 1227 non
1314 1201 1392 1227 multi
1416 1200 1547 1235 sapientes
1573 1199 1715 1226 secundum
1738 1206 1862 1231 carnem,

1070 1255 1122 1273 non
1147 1247 1226 1273 multi
1250 1251 1381 1281 potentes,
1408 1254 1461 1273 non
1492 1245 1570 1272 multi
1597 1244 1708 1276 nobiles,
1732 1243 1778 1271 sed
1802 1251 1867 1278 qua:

1069 1293 1153 1320 stulta
1169 1297 1230 1318 sunt
1242 1292 1334 1318 mundi
1351 1292 1429 1327 elegit
1444 1291 1526 1323 Deus,
1542 1296 1572 1317 ut
1587 1291 1731 1324 confundat
1751 1290 1866 1324 sapien-

1070 1343 1128 1371 tes,
1162 1342 1188 1364 et
1214 1338 1322 1372 infirma
1347 1338 1440 1365 mundi
1470 1337 1546 1372 elegit
1571 1336 1661 1370 Deus,
1688 1341 1716 1370 ut
1746 1337 1866 1370 confun-

1069 1385 1116 1410 dat
1137 1384 1232 1419 fortia,
1261 1389 1284 1411 et
1310 1384 1439 1419 ignobilia
1469 1384 1572 1414 mundi,
1597 1388 1622 1410 et
1650 1383 1866 1416 contemptibilia

1071 1430 1149 1465 elegit
1169 1430 1248 1462 Deus,
1274 1435 1299 1457 et
1322 1439 1353 1457 ea
1369 1438 1427 1465 qua:
1446 1438 1498 1456 non
1523 1435 1596 1462 sunt,
1625 1434 1653 1456 ut
1669 1437 1701 1456 ea
1717 1437 1777 1464 qua:
1799 1434 1867 1456 sunt

1071 1477 1217 1503 destrueret
1248 1476 1282 1503 ".
1308 1475 1366 1503 Non
1396 1476 1424 1503 in
1450 1476 1527 1503 vobis
1548 1476 1616 1511 ipsis
1638 1476 1769 1511 spectatis
1786 1476 1868 1510 quod

1072 1522 1208 1549 disserui?
1222 1530 1275 1549 non
1294 1521 1388 1550 fratris
1401 1522 1528 1550 Thaddad
1542 1522 1734 1554 recordamini,
1748 1527 1779 1549 ut
1793 1522 1870 1548 alios

1074 1572 1243 1603 praeteream,
1276 1575 1368 1595 annon
1399 1567 1501 1604 Scytha
1539 1573 1611 1600 erat,
1647 1572 1675 1595 et
1701 1568 1870 1595 servitutem

1076 1614 1181 1646 serviit,
1200 1615 1445 1649 emancipatusque
1465 1622 1495 1642 se
1512 1614 1538 1641 in
1561 1613 1761 1641 monasterium
1775 1613 1870 1644 dedit,

1073 1667 1106 1686 ac
1131 1659 1306 1687 confesslone
1336 1665 1391 1687 tam
1420 1667 1525 1695 nupera
1557 1667 1640 1694 quam
1668 1659 1798 1694 praesenti
1823 1664 1873 1686 est

1074 1704 1255 1739 perfunctus?
1273 1706 1355 1741 igitur
1366 1706 1413 1740 qui
1429 1705 1508 1733 tidem
1525 1706 1688 1741 intelligeret
1703 1712 1795 1737 suam,
1813 1713 1870 1732 ceu

1074 1756 1173 1778 auctus
1189 1756 1241 1783 est,
1259 1756 1315 1778 tum
1340 1759 1385 1784 ea,
1407 1752 1445 1779 uti
1462 1759 1510 1786 par
1526 1756 1577 1784 est,
1603 1750 1744 1786 complera
1759 1758 1870 1778 corona

1076 1803 1187 1830 quoque
1206 1796 1343 1831 obligatus
1362 1796 1496 1832 martyrii,
1518 1800 1579 1831 post
1600 1796 1722 1823 triduum
1741 1795 1807 1822 hinc
1820 1797 1870 1823 sui

1075 1841 1234 1869 certaminis
1256 1841 1406 1876 profectus.
1422 1842 1463 1869 Ad
1485 1842 1610 1869 eumdem
1625 1841 1737 1868 modum
1755 1845 1782 1867 et
1800 1848 1870 1873 nos,

1075 1886 1188 1921 fratres,
1204 1887 1338 1919 vivamus,
1357 1896 1410 1915 non
1425 1888 1591 1922 imperitiam
1607 1891 1799 1922 prietexentes.
1815 1887 1872 1914 sed

1076 1938 1242 1967 quaerentes,
1258 1934 1413 1968 cdoctique,
1437 1938 1465 1961 et
1489 1934 1561 1961 aucti
1587 1940 1637 1968 pro
1655 1933 1707 1960 fide
1721 1941 1728 1960 :
1742 1932 1769 1959 id
1790 1933 1872 1967 quod

1076 1980 1219 2014 continget
1235 1980 1258 2007 si
1279 1980 1357 2006 tidem
1379 1980 1435 2006 vita
1454 1984 1639 2014 consequetur
1653 1979 1777 2006 honesta.
1794 1978 1872 2005 Nam

1077 2032 1126 2060 per
1163 2025 1325 2053 charitatcm
1357 2031 1467 2060 operata
1495 2025 1562 2052 ﬁdes
1592 2025 1708 2053 salutem
1740 2029 1872 2052 nostram

1077 2070 1196 2105 complet
1212 2078 1244 2098 ac
1269 2071 1387 2098 absolvit
1403 2079 1411 2098 :
1427 2071 1528 2106 quippe
1543 2071 1628 2098 animi
1648 2075 1777 2106 tanquam
1802 2078 1870 2098 cor-

1077 2123 1130 2150 pus
1144 2124 1160 2144 e
1173 2116 1282 2143 duobus
1297 2117 1425 2149 cohaeret,
1442 2122 1539 2151 noque,
1554 2122 1599 2144 aut
1615 2125 1662 2152 per
1679 2125 1709 2144 se
1724 2117 1803 2149 ﬁdes.
1819 2122 1874 2146 aut

1078 2170 1127 2197 per
1143 2169 1172 2189 se
1190 2163 1244 2190 vita
1259 2167 1378 2196 tueatur,
1397 2163 1444 2191 sed
1461 2163 1622 2190 alterutrum
1639 2163 1771 2190 alterutro
1788 2164 1873 2191 inco-

1040 2201 1064 2231 D
1078 2209 1152 2235 lume
1165 2213 1193 2236 et
1209 2211 1401 2237 constrictum.
1418 2211 1478 2244 Quo
1497 2210 1538 2238 sic
1554 2211 1707 2238 incolumes
1729 2217 1781 2237 nos
1798 2218 1874 2245 quo-

1077 2262 1131 2288 que
1150 2255 1300 2283 evadamus
1321 2256 1348 2282 in
1364 2257 1452 2284 virum
1479 2257 1640 2291 perfectum,
1661 2257 1689 2282 in
1711 2264 1874 2283 mensuram

1079 2299 1167 2325 aetatis
1183 2299 1355 2333 planitudinis
1373 2300 1472 2328 Christi
1483 2301 1517 2332 ³⁸,
1542 2300 1685 2335 promissis
1706 2301 1789 2328 bullis
1804 2302 1876 2336 poti~

1081 2345 1134 2372 turi
1156 2353 1219 2372 cum
1245 2346 1348 2373 sanctis
1373 2354 1422 2381 per
1442 2347 1583 2374 Christum
1605 2345 1699 2374 Jesum
1720 2346 1874 2375 Dominum

1079 2397 1205 2418 nostrum
1222 2400 1229 2418 :
1244 2392 1288 2418 cui
1311 2392 1397 2427 gloria
1417 2397 1445 2419 et
1466 2393 1610 2427 imperium
1637 2400 1699 2420 cum
1728 2391 1813 2419 Patre
1841 2401 1876 2420 ac

1078 2443 1174 2464 sancto
1199 2437 1315 2472 Spiritu.
1340 2447 1414 2466 nunc
1436 2443 1464 2466 et
1491 2447 1610 2474 semper,
1648 2439 1676 2466 in
1701 2446 1876 2475 omnemque

1078 2484 1299 2518 perpetuitatem.
1316 2484 1414 2512 Amen.

1084 2532 1088 2536 ’
1359 2539 1476 2568 SERMO
1503 2539 1589 2567 XXX.

1079 2593 1112 2621 In
1131 2593 1162 2621 S.
1177 2594 1292 2621 Paulum
1303 2594 1493 2630 Confessorem.
1505 2596 1543 2622 De
1551 2592 1676 2624 immenso
1689 2597 1757 2624 Heri
1770 2596 1876 2625 Christi

1113 2630 1141 2670 in
1160 2638 1206 2690 np:
1223 2630 1325 2690 (studio
1350 2631 1461 2666 uitaque
1485 2632 1653 2659 accuratione
1674 2631 1773 2660 divinte
1792 2638 1877 2668 atque

1115 2672 1173 2690 "lc"
1188 2672 1220 2690 va
1233 2673 1266 2690 ω.

1115 2672 1266 2698 inculpata.

1114 2710 1222 2738 Fratres
1240 2711 1397 2747 Patresque,
1423 2712 1520 2747 ingens
1535 2717 1618 2740 estet
1637 2712 1802 2741 immensum
1819 2713 1876 2741 Do-

1081 2756 1148 2783 mini
1166 2756 1252 2784 nostri
1274 2755 1337 2784 Jesu
1352 2756 1453 2784 Christi
1469 2758 1497 2785 in
1522 2765 1573 2786 nos
1589 2759 1721 2792 studium.
1747 2760 1797 2795 qui
1817 2767 1872 2788 non

1612 2817 1635 2834 ³³
1646 2817 1742 2846 Matth.
1766 2826 1812 2852 av.
1825 2819 1872 2847 5i.
