1916 3075
70 143 112 175 549

627 140 829 170 SERMONES
844 140 1102 171 CATECHETICI-

1627 140 1680 172 550

69 202 142 229 solum
159 200 312 235 degressus,
331 205 414 234 prope
434 197 569 233 longoque
587 197 701 230 dissitis,
717 199 754 225 uti
768 198 835 225 seri-
851 200 873 226 Α
888 199 914 224 in
933 199 1061 232 sanguine
1076 206 1132 225 meo
1151 197 1214 224 dum
1230 198 1357 224 descendo
1374 198 1401 224 in
1425 197 1619 232 corruptionem
1635 198 1658 214 ιο
1669 199 1680 222 ‘t

68 252 128 281 ptum
151 250 199 276 est,
228 251 321 279 pacem
351 243 532 278 promulgarit
552 243 585 275 ",
616 243 663 270 sed
690 243 717 269 in
749 244 835 270 ctelos

65 298 158 326 quoque
169 290 414 317 sublatussanctos
424 289 564 323 apostolos
580 288 729 323 reliquerit,
740 288 835 315 eodetn

66 337 146 363 nuntio
160 343 190 363 ac
210 335 344 370 legatione
360 334 515 369 fungentes.
534 333 564 361 Β.
588 333 710 369 Apostoli
725 334 834 368 quidem

67 383 112 410 luce
123 388 181 409 sunt
191 382 272 408 verba
285 390 291 408 :
306 381 358 408 Pro
368 380 474 409 Christo
488 380 619 415 legatione
628 380 764 415 fungimur
774 385 835 407 tart-

66 436 129 462 qttam
138 427 186 454 Deo
194 427 349 454 exhortante
361 435 407 462 per
416 435 473 459 nos,
485 428 650 453 obsecramus
658 434 706 460 pro
717 425 833 458 Christo,

67 473 252 500 reconciliamim'
271 472 350 499 Deo:
376 480 438 498 nam
453 479 511 498 eum
532 471 578 506 qui
591 479 642 498 non
657 476 762 498 noverat
775 479 834 506 pec<

66 524 138 545 totum
152 526 198 553 pro
216 518 292 546 nobis
304 523 440 552 peccatum
457 517 530 552 fecit,
557 522 585 544 ut
609 525 656 544 nos
677 518 834 552 efﬁcerentur

66 565 151 595 iustitia
165 564 210 591 Dei
220 565 248 591 in
262 565 318 599 ipso
328 564 362 591 ³³.
377 563 400 591 Ο
419 564 581 591 immensam
597 564 833 598 procurationetn,

66 618 79 636 o
88 609 233 637 inelabilem
246 609 436 636 liberalitatem
451 609 525 636 lenm
540 609 585 643 qui
599 617 649 635 non
659 616 765 635 noverat
779 616 834 642 pec-

65 661 138 682 catum
150 663 194 688 pro
209 655 283 682 nobis
292 661 429 689 peccatum
451 655 525 689 fecit.
541 655 603 687 Qui,
623 659 651 682 et
662 662 717 689 quo
729 661 808 690 pacto
823 655 834 681 ?

66 709 217 737 nequaquam
238 702 350 729 noxium
362 705 502 736 peccatum
524 700 606 728 sentit
627 700 752 734 (minime
766 708 833 736 gen-

65 751 129 781 tium,
148 748 281 783 siquidem
304 739 445 782 peccatum
471 755 524 775 non
542 747 662 779 admisit,
678 755 727 775 nec
744 747 770 774 in
786 755 833 775 ore

64 795 112 828 ejus
125 795 245 822 inventus
262 795 343 822 dolus
357 794 420 828 est).
438 793 485 820 sed
500 793 574 828 qttod
592 797 747 828 corruptam
768 801 832 828 pec-

64 845 112 867 cato
131 845 246 867 nostram
274 840 364 867 induit
383 844 510 867 naturam
532 839 741 874 aegritudinibus
755 839 781 865 in
802 846 832 866 se

65 886 165 920 rejectis,
183 886 353 920 morbisque.
379 893 428 920 pro
441 885 521 912 nobis
545 885 668 916 saucius,
683 892 716 912 ac
737 884 834 912 ftedis-
851 885 871 912 Β
888 888 1000 919 Lamina,
1020 887 1174 915 audivimus
1198 894 1266 914 non-

63 932 119 958 sima
144 939 208 959 ttece
238 931 372 958 multatus
400 939 407 957 :
437 930 489 957 hoc
516 935 568 960 est.
595 936 731 964 peccatum
762 929 835 964 fuit.

64 976 226 1009 Quamobrem
243 986 251 1005 :
270 982 298 1004 ut
313 985 361 1004 nos
373 977 534 1012 eﬂiceremur
547 975 596 1003 Dei
602 977 709 1011 justitia
726 977 753 1003 in
767 977 836 1010 ipso.

63 1023 209 1055 Quomodo?
228 1023 279 1058 qui
306 1023 389 1050 noxio
415 1023 523 1050 liberati
543 1027 667 1057 peccato,
685 1023 837 1049 viveremus

65 1068 85 1094 in
101 1075 138 1098 eo,
149 1076 179 1096 ac
193 1072 380 1095 moveremur.
396 1067 569 1103 Quapropter
589 1072 616 1095 et
631 1068 707 1095 addit
720 1068 747 1095 in
763 1069 838 1095 hunc

63 1121 180 1141 sensum:
197 1114 364 1148 Adjuvantea
384 1118 473 1140 autem
496 1118 522 1140 et
548 1114 729 1144 exhortamur,
755 1122 786 1140 ne
809 1114 837 1141 in

64 1167 155 1186 rusum
174 1160 222 1186 Dei
236 1160 354 1195 gratiam
365 1160 537 1194 recipiamus.
553 1159 648 1187 Videte
663 1165 692 1186 ut
713 1160 837 1187 hortatus

64 1206 205 1238 praemuniat
227 1215 235 1232 :
268 1206 335 1241 quid
361 1210 413 1239 est,
436 1214 468 1232 ne
484 1207 510 1233 in
532 1214 642 1233 vacuum
661 1207 708 1234 Dei
722 1208 837 1242 gratiam

64 1251 201 1285 recipiamus
219 1253 233 1280 .’
253 1252 308 1279 hoc
327 1257 378 1283 est,
404 1259 438 1279 tte
475 1252 575 1279 iterum
598 1254 804 1280 retrocedamus
828 1263 834 1280 :

64 1304 104 1322 neu
118 1297 208 1324 iisdem
224 1297 315 1330 vitiis,
329 1297 431 1332 quibus
451 1298 577 1325 nuntiutn
590 1298 750 1331 dixerimus,
767 1299 836 1326 obli-

63 1350 151 1376 (temur,
173 1351 226 1371 neu
244 1344 331 1371 ictum
356 1343 422 1377 Deo,
438 1349 465 1370 et
478 1344 584 1379 angelis
608 1345 725 1372 testibus
748 1345 837 1373 foedus

63 1388 189 1421 violemus,
217 1390 287 1424 quin
313 1389 402 1425 quid?
422 1390 505 1417 vitam
536 1390 669 1418 obeamus
694 1392 836 1424 novitiam,

62 1435 158 1462 t'tsteste
181 1436 341 1463 instittttutn
379 1436 521 1471 piumque.
548 1436 588 1464 Ac
623 1437 686 1464 volo
711 1437 837 1472 equidem

63 1480 126 1508 vobis
146 1481 227 1508 fando
241 1482 298 1509 huc
311 1481 435 1509 defectus
450 1482 661 1509 reconditiorem
689 1483 836 1517 quamdam

62 1529 106 1555 vim
129 1536 281 1564 proponere
302 1529 453 1561 sententitu,
469 1536 500 1556 ea
522 1532 564 1556 est
583 1529 750 1564 hujusmodi.
769 1530 837 1557 Ani-

62 1581 112 1601 mus
127 1579 218 1603 noster
242 1575 333 1602 tribus
355 1582 388 1602 ex
413 1575 538 1610 partibus
561 1579 681 1608 constat,
703 1577 837 1611 participe

62 1619 170 1652 rationis,
186 1621 335 1653 irascente,
351 1626 378 1647 et
397 1625 551 1655 appetente.
564 1619 700 1656 Participe
711 1622 836 1656 rationis,

62 1668 85 1690 ut
97 1669 162 1692 recte
176 1665 201 1692 in
214 1670 341 1693 sanctam
352 1665 515 1692 Trinitatem
523 1668 668 1694 credamus
677 1675 684 1699 ;
693 1667 836 1700 irascente,

62 1712 85 1734 ut
94 1709 116 1735 in
125 1714 278 1744 serpentem
291 1710 531 1742 incandescamus,
541 1717 574 1737 eo
583 1718 708 1745 prorsum
723 1719 777 1738 non
789 1712 838 1738 ad-

63 1754 175 1782 mittendo
185 1775 193 1788 ,
210 1759 370 1791 appetente.
385 1760 425 1789 ut,
441 1756 488 1791 qui
509 1763 560 1783 nos
575 1756 769 1785 architectatus
784 1765 835 1791 est,

63 1799 130 1827 Deum
150 1802 314 1837 diligamus,
337 1809 369 1829 ac
386 1809 520 1830 amemus.
546 1802 597 1830 His
611 1803 737 1831 diabolus
753 1804 835 1831 animi

61 1844 217 1875 facultatibus
233 1848 389 1878 conversis.
408 1852 436 1875 et
450 1848 584 1881 distortis,
599 1848 726 1876 fabricari
741 1850 767 1877 in
786 1858 837 1878 nos

61 1892 191 1925 perniciem
217 1893 306 1928 cepit
333 1893 369 1921 ab
401 1898 534 1922 extremo.
565 1894 625 1928 Quo
653 1896 761 1930 pacto?
789 1903 836 1930 per

60 1938 249 1971 appetitionem,
275 1938 392 1971 Adamo,
410 1938 555 1967 decessore
583 1944 678 1967 nostro
693 1948 740 1967 esu
758 1941 836 1968 dece-

60 1986 114 2016 pto;
134 1991 179 2019 per
195 1984 277 2016 iram,
292 1984 379 2012 Caino
387 1985 420 2011 ad
434 1985 544 2012 Abelem
551 1985 662 2012 fratrem
671 1985 836 2013 interﬁcien-

60 2028 111 2055 dum
134 2031 240 2064 excito;
260 2038 312 2066 per
338 2031 482 2062 rationem,
508 2032 654 2067 provoluta
671 2039 771 2066 genere
787 2033 836 2059 hu-

60 2081 128 2101 manu
153 2075 185 2102 ad
209 2076 319 2103 cultum
354 2079 504 2103 astrorum.
531 2078 621 2111 Atque
644 2077 701 2104 lucc
725 2077 767 2104 via
793 2081 835 2105 est

59 2126 102 2153 qua
114 2121 138 2146 in
153 2129 201 2149 nos
211 2122 318 2149 caedem
339 2127 380 2149 cst
397 2121 508 2149 molitus
525 2122 623 2150 hostis.
636 2122 770 2150 Caeterum
783 2130 834 2150 nos

60 2173 205 2196 maneamus
231 2167 260 2195 in
279 2175 337 2202 quo
353 2168 440 2196 simus
458 2168 581 2201 conditi,
604 2167 723 2200 fratres.
747 2168 794 2203 qui
817 2175 833 2195 a

59 2212 221 2240 ternisanimi
247 2212 429 2240 facultatibus
454 2212 609 2248 praesidium
623 2213 833 2243 contrahamus.

58 2264 84 2283 ac
100 2258 219 2292 spiritum
237 2266 418 2290 coornemus,
436 2266 487 2286 neu
504 2259 654 2286 claritatem
678 2258 834 2293 perdamus,

59 2310 102 2336 qua
113 2311 160 2332 nos
173 2305 256 2332 lterus
274 2304 440 2336 nobilitavit,
451 2304 518 2336 Deo,
531 2303 660 2338 Patrique
674 2304 834 2338 adoptatus;

60 2356 130 2377 nam:
146 2350 282 2386 Quotquot
305 2354 475 2385 susceperunt
499 2358 569 2381 eum,
589 2349 688 2384 inquit,
712 2349 783 2376 dedit
799 2350 836 2376 eis

58 2400 195 2426 potestatem
221 2395 295 2430 ﬁlios
323 2395 369 2422 Dei
397 2395 455 2429 ﬁeri
467 2394 500 2422 ".
523 2393 706 2428 Quamobrem
727 2395 773 2429 qui
788 2393 835 2421 Dei

60 2439 97 2466 filii
111 2449 248 2475 vocemur,
267 2449 302 2468 ne
330 2441 656 2484 bareditatemjneamus
671 2440 743 2475 ignis
756 2440 834 2468 inex-

59 2485 144 2519 stincti,
169 2495 221 2515 neu
246 2487 295 2522 qui
320 2487 421 2514 Christi
440 2486 562 2514 ntembra
584 2487 770 2519 nominentur,
787 2486 834 2513 fla-

60 2537 108 2558 mus
131 2534 252 2560 membra
283 2533 445 2560 meretricis.
467 2532 506 2560 Ne
525 2533 551 2560 in
577 2534 720 2564 mundutn,
747 2539 834 2567 eaqtte

59 2584 108 2609 qua
130 2580 182 2606 sint
197 2580 226 2607 in
251 2579 358 2607 ntuudo
378 2580 581 2614 despeetemus,
603 2587 656 2606 neu
669 2579 696 2605 in
715 2579 765 2606 hac
776 2579 831 2606 vita

59 2622 163 2653 formosa
194 2626 287 2653 oculis
312 2633 478 2661 usurpemus
503 2633 565 2660 quae
599 2625 691 2652 inania
720 2625 776 2652 sint
800 2633 832 2652 ac

59 2670 153 2699 caduca.
180 2671 255 2700 Sane
287 2673 361 2698 enim
389 2672 469 2706 exple
489 2676 516 2698 te
547 2679 596 2706 per
624 2671 831 2699 concessionem

59 2712 153 2745 libidine
168 2718 245 2746 omni
267 2718 361 2746 carnis
376 2723 458 2753 atque
470 2718 614 2753 sanguinis
630 2726 637 2744 :
653 2717 718 2750 Qui:
728 2717 831 2744 utilitas

102 2813 120 2829 ³⁷
134 2814 231 2849 Ephes.
264 2823 295 2843 tt.
336 2815 358 2831 ³⁵
385 2814 407 2842 ll
421 2814 485 2843 Cor.
504 2823 531 2847 v,
546 2814 593 2846 20,
614 2814 660 2842 21.

60 2854 104 2880 ur,
118 2849 153 2875 t8.

892 242 1043 278 Despicesis
1067 244 1094 270 in
1121 243 1256 278 sepulcra,
1270 247 1299 270 et
1328 243 1375 277 qui
1404 242 1572 276 voluptatum
1589 243 1680 270 exitus

889 293 978 315 tuere.
995 288 1078 321 Esto,
1101 289 1201 323 prsidia
1220 296 1350 323 cogamus
1384 295 1417 315 ac
1437 289 1588 322 pecunias:
1613 289 1678 323 quid

889 337 946 361 tum
970 340 1062 369 postea
1079 334 1090 360 τ
1110 334 1215 361 scilicet
1231 334 1296 361 nudi
1320 334 1346 360 in
1361 334 1456 361 orbem
1471 333 1597 368 ingressi.
1614 342 1679 369 pro-

888 380 1017 408 culdubio
1031 379 1095 406 nudi
1104 379 1239 407 exibimus
1248 387 1367 414 quoque,
1376 379 1442 406 nihil
1452 383 1550 415 praeter
1559 379 1680 407 actiones

888 429 1102 460 comportantes,
1135 432 1182 452 seu
1206 424 1328 456 dextras,
1351 432 1398 452 seu
1421 424 1559 451 sinistras.
1589 424 1681 459 Itaque

887 472 987 498 clamat
996 476 1105 499 sanctus
1115 471 1199 498 David
1214 479 1222 498 :
1236 469 1321 497 Unam
1330 471 1394 505 petii
1405 479 1420 496 a
1429 470 1552 503 Domino,
1560 472 1629 497 hanc
1637 479 1680 497 re-

887 518 1003 553 quirant,
1020 522 1048 544 ut
1063 517 1207 544 inhabilem
1221 517 1249 544 in
1267 517 1345 543 domo
1361 516 1467 543 Domini
1486 516 1606 543 omnibus
1622 516 1681 543 die-

888 563 934 590 bus
961 564 1022 590 vita:
1040 571 1114 590 meum
1145 562 1180 589 Ut
1200 562 1301 589 rideam
1330 562 1492 589 uoluntatem
1515 562 1632 594 Domini,
1653 566 1678 589 et

887 610 988 636 visitem
1007 609 1260 643 tentplnmsanctum
1270 609 1326 643 ejus
1337 609 1371 635 ⁵¹.
1394 607 1456 635 Haec
1467 608 1521 635 vita
1534 613 1575 635 est
1586 608 1677 640 beata,

888 657 945 683 hac
958 663 1022 690 pars
1040 656 1128 690 potior
1139 663 1220 689 quam
1241 662 1392 690 praecepere
1417 656 1505 682 sancti
1517 654 1624 687 Patres,

885 706 913 729 et
925 702 952 729 in
963 702 1067 736 primis,
1075 701 1121 736 qui
1137 708 1210 728 nunc
1224 706 1266 729 est
1337 701 1443 736 Ὥσπερ
1467 701 1514 727 καὶ
1530 700 1545 726 ὁ
1566 700 1613 726 νῦν
1630 701 1677 726 εὑ-

887 748 1024 781 laudatus,
1035 752 1148 775 sanctus
1157 747 1260 774 Paulus
1302 746 1441 782 φημηθεὶς
1463 746 1569 777 Παῦλος
1585 746 1600 772 ὁ
1623 754 1677 781 μα-

1092 793 1172 828 cujus
1217 793 1263 828 qui
1303 794 1398 829 χάριος
1435 793 1622 828 ὁμολογητὴς,
1646 789 1678 820 οὗ

1302 841 1352 866 ὅσα.
1366 840 1414 866 καὶ
1428 839 1505 875 ἡλίκα
1513 839 1546 866 τὰ
1561 839 1676 871 iiuna,

1301 888 1350 914 καὶ
1364 887 1388 913 οἱ
1401 887 1506 921 ἀγῶνες
1521 887 1553 913 ὲκ
1578 886 1677 922 υικροῦ

1302 933 1470 968 ἠκούσαμεν,
1486 932 1532 965 οὓς
1543 933 1591 959 καὶ
1597 933 1678 968 ἡμεῖς

1302 979 1479 1014 μιμούμενοι,
1491 983 1546 1006 etc.

887 1029 914 1052 et
926 1032 975 1052 nos
994 1024 1095 1052 fratres
1109 1024 1334 1052 exercitationem
1358 1024 1428 1051 hanc
1442 1028 1574 1055 nostram,
1589 1030 1677 1057 oppu-

887 1071 1058 1105 gnationem,
1084 1078 1138 1105 qtta
1158 1070 1247 1097 allecti
1275 1077 1383 1102 sumus,
1408 1077 1543 1104 omneque
1555 1072 1617 1097 vitae
1633 1070 1675 1096 in-

888 1117 1014 1144 stitutum
1031 1121 1184 1150 teneamus,
1206 1121 1317 1144 strenue
1333 1119 1490 1148 currentes;
1505 1115 1546 1142 sin
1560 1122 1676 1142 corrua-

889 1170 960 1195 mus,
987 1163 1066 1190 ocius
1093 1166 1248 1197 surgentes,
1263 1162 1335 1188 victo
1361 1161 1630 1196 perduellediabolo,
1646 1166 1676 1188 ut

887 1216 948 1235 cum
976 1208 1079 1236 sanctis
1104 1208 1234 1235 omnibus
1259 1207 1374 1242 palmam
1396 1213 1446 1234 nos
1457 1213 1567 1241 quoque
1582 1206 1676 1241 probi-

888 1256 952 1282 tatis
971 1255 1092 1282 feramus
1117 1262 1165 1289 per
1186 1254 1326 1281 Christum
1347 1252 1440 1280 Jesum
1465 1252 1611 1279 Dominum
1627 1259 1675 1278 no-

888 1305 976 1328 strum
997 1310 1004 1328 :
1024 1301 1068 1328 cui
1096 1301 1182 1336 gloria
1212 1305 1239 1327 et
1273 1299 1418 1334 imperium
1448 1306 1511 1326 cum
1539 1299 1628 1330 Patre,
1643 1306 1676 1326 ac

888 1353 984 1376 saneto
997 1348 1111 1382 Spiritu,
1135 1355 1208 1374 nunc
1225 1350 1253 1374 et
1266 1352 1383 1380 semper,
1396 1346 1422 1372 in
1440 1352 1603 1380 omnemque
1618 1352 1676 1379 per-

889 1394 1058 1429 petuitatem.
1076 1393 1171 1420 Amen.

1166 1448 1283 1477 SERMO
1298 1448 1397 1475 XXXI.

889 1499 957 1525 Ante
969 1497 1070 1523 obitum
1098 1497 1183 1523 sancti
1198 1495 1288 1522 Patris
1305 1494 1446 1522 Theodori.
1466 1493 1502 1520 De
1511 1494 1615 1529 judicio
1631 1494 1675 1528 fu-

925 1538 996 1563 turo.
1014 1540 1045 1558 ac
1057 1531 1276 1565 quemadmodum
1297 1538 1411 1564 prazsens
1434 1530 1596 1564 oppugnatio
1609 1529 1673 1556 aliis

885 794 1027 822 confessor
1038 814 1046 826 ,

886 840 1035 875 quantique
1045 840 1163 871 labores,
1171 847 1201 867 ac
1208 847 1264 866 cer-

888 934 966 961 nihil.
979 934 1054 967 Quos
1065 933 1160 961 imitati

928 1567 1040 1594 materia
1054 1567 1083 1601 fit
1101 1567 1215 1597 uirtutis,
1233 1566 1293 1592 aliis
1303 1566 1439 1592 scelerum.

926 1613 1036 1640 Fratres
1101 1611 1261 1646 Pntresque,

888 1667 951 1687 cutn
963 1659 1103 1695 aegrotavi,
1118 1663 1176 1686 tttm
1192 1665 1262 1693 pre-

888 1705 967 1732 cibus
974 1704 1072 1731 vestris
1082 1710 1190 1730 rursum
1198 1710 1263 1730 cott-

887 1750 973 1777 valui.
990 1750 1024 1777 At
1048 1757 1192 1784 quousque
1221 1749 1264 1775 in-

889 1796 991 1824 ibimus
1000 1796 1052 1823 hoc
1059 1802 1167 1822 rursum
1177 1795 1189 1821 ?
1198 1803 1263 1822 sane

887 1843 977 1871 veniet
995 1843 1108 1870 omnino
1120 1842 1178 1869 dies
1193 1841 1262 1869 fata-

888 1890 931 1923 lis,
959 1897 1021 1917 cum
1052 1889 1105 1916 hoc
1135 1896 1258 1921 rursum,

887 1938 976 1965 locum
987 1945 1040 1964 non
1069 1936 1188 1968 habebit,
1201 1944 1262 1969 qua:

887 1983 1041 2018 sejuttctum
1057 1982 1073 2009 it
1096 1982 1174 2009 vobis
1199 1982 1263 2008 hinc

1338 1610 1462 1644 ’Δδελφοὶ
1482 1610 1530 1636 καὶ
1540 1610 1674 1645 Πατέρες,

1298 1655 1447 1691 ἠσθένησα,
1463 1656 1511 1682 καὶ
1531 1655 1612 1682 πάλιν
1626 1655 1673 1681 εὑ-

1300 1704 1362 1738 χαϊς
1376 1703 1454 1738 ὑμῶν
1469 1701 1671 1737 ἁνακέκλημαι.

1304 1748 1373 1775 Ἀλλ’
1388 1748 1441 1780 ἓως
1462 1748 1527 1774 πότι
1540 1748 1675 1783 μέλλομεν

1298 1794 1428 1830 [placeat
1453 1795 1500 1821 ἐπὶ
1523 1795 1554 1821 τὸ
1572 1795 1674 1829 nam;

1297 1841 1438 1868 ἐλεύσεται
1461 1841 1493 1876 δὴ
1523 1840 1633 1872 πάντως
1656 1841 1674 1876 ἡ

1298 1887 1474 1919 ἑπιθανάσιος
1499 1887 1602 1922 ἡμέρα,
1628 1887 1673 1914 ὅτε

1298 1935 1346 1970 οὐχ
1361 1935 1416 1968 ἔξει
1432 1934 1523 1970 χώραν
1539 1934 1570 1960 τὸ
1581 1934 1674 1965 πάλιν,

1298 1981 1454 2016 χωρίζουσὰ
1477 1989 1510 2015 με
1529 1980 1576 2015 ἀφ’
1598 1981 1675 2015 ὑμῶν

698 2814 720 2830 ³³
739 2813 816 2842 Joan.
832 2822 851 2846 ι,
870 2813 912 2841 η.

886 2031 1002 2065 ablegat.
1018 2027 1111 2063 Neque
1124 2035 1155 2054 ea
1171 2032 1260 2054 tamen
1299 2027 1346 2053 καὶ
1382 2026 1606 2062 παραπέμπουσα
1642 2028 1676 2054 ὲκ

886 2077 1003 2104 viduitas
1017 2073 1139 2102 ducenda
1153 2077 1196 2101 est
1213 2081 1220 2099 :
1297 2073 1354 2099 τῶν
1369 2072 1485 2099 ἐνθένδε.
1503 2073 1540 2099 οὐ
1555 2073 1610 2109 μὴν
1630 2073 1676 2099 διὰ

884 2122 963 2149 τοῦτο
995 2119 1133 2153 λογιστέον
1164 2118 1307 2153 ὀρφανίαν,
1322 2122 1376 2145 etc.
1397 2116 1516 2153 [Fanum
1545 2118 1596 2146 loc.
1627 2119 1672 2145 cit.

883 2166 977 2202 284.]-
1500 2189 1501 2192 η

891 2211 1027 2247 siquidem
1046 2210 1162 2238 mendax
1182 2216 1235 2237 non
1255 2214 1299 2236 est
1321 2209 1367 2244 qui
1393 2209 1570 2237 dimissurum
1590 2217 1619 2237 se
1636 2210 1676 2237 vi-

888 2259 957 2285 duos
974 2256 1085 2291 negavit
1097 2256 1131 2287 δ’,
1156 2255 1223 2290 quitt
1249 2255 1390 2282 nobiseum
1408 2255 1527 2282 futurum
1547 2255 1675 2283 omnibus

887 2303 993 2334 diebus,
1014 2302 1046 2329 ad
1063 2300 1154 2328 saeculi
1170 2300 1318 2327 decttrsum
1335 2300 1367 2327 ⁵⁸.
1398 2300 1467 2327 Tum
1493 2306 1584 2328 autetn
1600 2302 1672 2336 quod

888 2354 984 2376 tnutuo
1016 2353 1082 2375 tunc
1107 2354 1261 2378 cernemus.
1275 2351 1356 2381 atque
1373 2346 1441 2374 adeo
1456 2346 1496 2374 fas
1515 2347 1552 2374 sit
1572 2347 1674 2379 dicere,

884 2393 1065 2421 inenarrabili
1085 2393 1197 2428 gaudio,
1216 2393 1326 2427 vitaque
1345 2392 1450 2427 praediti
1463 2393 1522 2420 sine
1536 2392 1598 2421 fine.
1613 2392 1674 2420 Jam

887 2440 952 2475 quid
972 2446 1069 2474 passus
1088 2439 1139 2466 sim
1154 2439 1181 2466 in
1206 2439 1368 2473 aegritudine
1393 2439 1492 2472 nostis,
1522 2445 1552 2467 ut
1575 2440 1676 2475 frigore

889 2491 1031 2521 correptus
1047 2485 1146 2513 ftedam
1162 2486 1397 2513 succussationem
1425 2486 1533 2521 pertuli,
1549 2487 1612 2514 inde
1627 2494 1674 2514 ar-

887 2532 961 2560 denti
982 2531 1057 2559 febre
1084 2531 1156 2558 diem
1171 2531 1288 2558 solidttm
1313 2531 1425 2566 petitus.
1454 2531 1525 2566 Ergo
1552 2532 1578 2559 in
1595 2531 1674 2560 malis

889 2578 994 2612 positus
1007 2584 1114 2604 ntecum
1131 2576 1270 2611 cogitavi,
1298 2576 1354 2603 itan
1373 2576 1400 2603 itt
1422 2576 1515 2603 futuro
1534 2576 1639 2611 judicio
1658 2584 1674 2603 a

887 2623 993 2650 Tartari
1012 2622 1100 2658 pinnis
1120 2621 1154 2649 ad
1169 2622 1239 2657 ignis
1259 2623 1410 2656 gehennam
1436 2622 1616 2652 revolventur,
1631 2622 1673 2649 hi-

888 2670 986 2704 nisque
1004 2668 1062 2696 fors
1087 2668 1238 2703 suppliciis,
1254 2673 1301 2695 aut
1327 2668 1422 2700 etiam,
1450 2668 1574 2702 pluribus
1592 2668 1676 2695 miser

887 2716 996 2743 futurus
1010 2720 1053 2742 est
1080 2714 1236 2742 obnoxius?
1252 2718 1325 2741 certe
1351 2721 1399 2741 seu
1417 2714 1487 2746 unis,
1516 2721 1564 2741 seu
1591 2713 1674 2747 binis,

968 2814 990 2831 “
1005 2814 1077 2842 Psal.
1093 2822 1169 2847 xxix,
1203 2814 1244 2841 10.
1259 2814 1280 2830 “
1308 2813 1378 2842 Psal.
1399 2821 1472 2845 nrt,
1487 2813 1514 2840 4.
1553 2813 1575 2830 δ·
1592 2811 1671 2841 Joan.
