1916 3075
214 130 262 162 551

808 128 839 157 S.
856 127 908 158 TH
914 127 1055 157 EODORI
1076 126 1252 157 STUDITIE

1797 130 1852 160 552

215 195 249 214 ex
272 187 315 214 his
333 187 396 213 vitm
414 185 546 213 aerumnis
570 185 781 219 coniectandum
808 191 851 213 est
875 185 1006 212 intolera-
1022 188 1044 216 Α
1060 186 1189 220 grassati,
1207 185 1341 221 condigna
1359 185 1393 213 iis
1409 186 1521 221 praemia
1546 186 1853 216 daturus?contrar-is

214 233 298 261 bilem
319 232 378 259 fore
392 231 439 258 Dei
455 231 483 258 in
499 231 596 258 noxios
612 232 692 262 irant,
720 230 880 265 ingentique
904 230 931 256 in
952 234 1007 257 ler-

214 287 287 311 rore,
297 283 379 312 atque
404 277 583 312 trepidatione
598 277 621 292 "
638 276 759 312 [Fannio
772 276 876 303 loc.cit.
886 275 951 310 284]
965 280 1007 302 te-

216 326 287 356 lteri,
305 333 339 351 ne
359 325 386 351 in
404 329 513 351 atroces
525 330 572 350 ras
588 330 684 358 poenas
702 323 838 349 labantur.
860 322 1006 349 Enimvero

215 378 340 406 pra-setis
355 369 523 404 oppugnatio
543 369 605 396 aliis
618 368 746 395 materies
763 368 863 395 accidit
887 367 1007 398 virtutis.

219 425 246 443 Ill
269 423 322 450 qua
352 419 482 448 tanquam
500 414 603 441 lumina
619 422 666 448 per
681 414 775 441 orbem
795 413 930 444 effulsere,
945 413 1008 440 vitae

217 462 304 488 instar
321 461 462 491 habentes,
484 467 573 490 meus.
588 459 610 486 si
623 458 769 486 dicendum
781 463 834 489 cst.
852 458 1008 492 triumphus

215 507 242 534 in
258 506 360 533 Christi
377 506 461 537 diem,
477 505 542 539 quid
569 512 624 532 non
654 505 793 539 egregium
810 503 957 531 exsecuti?
972 503 1006 530 ad

214 560 296 587 quam
313 560 366 579 non
380 552 598 578 emendationem
613 550 752 585 progressi
766 550 778 576 ‘l
799 550 846 584 qui
865 555 922 576 tum
942 557 1003 577 sese

215 606 268 633 qua
284 601 419 630 tutantur,
432 597 560 632 periculis
575 596 700 628 exerciti,
716 596 835 623 miseriis
850 600 879 622 ut
907 603 1006 622 aurum

214 643 406 679 deflagrantes,
426 647 483 669 tum
507 642 577 668 alios
606 642 747 668 asciscunt
777 641 926 674 multisque
951 640 1006 668 visi

214 688 347 716 salutiferi
364 692 439 720 sunt,
452 692 479 714 et
493 695 550 714 suae
563 687 674 719 classis,
689 691 716 714 et
724 686 861 713 extraneis
872 693 934 713 cum
945 686 1008 720 qui-

215 735 267 762 bus
283 735 335 761 sim
354 734 419 761 Sane
434 733 591 768 partiarius,
618 740 650 759 ac
667 733 702 766 (si
717 732 760 759 cui
788 733 920 766 probatur
948 739 1007 758 tne-

216 789 278 808 cum
292 780 432 814 collocari)
454 779 525 811 aliis,
540 783 566 806 et
583 778 618 806 iis
634 778 789 813 perpaucis,
810 778 921 805 occasio
943 785 1006 806 sce-

216 827 316 859 lerum,
335 827 382 862 qui
409 827 472 854 vitae
498 825 583 853 dediti
609 826 712 857 licenti,
729 826 863 860 quasique
886 825 921 852 ab
939 825 1006 852 obe-

216 873 321 900 dientia
341 872 438 907 refugi,
455 872 597 899 infamiam
614 871 641 898 in
656 879 686 898 se
700 872 862 898 concivere:
881 876 911 898 ut
922 878 1006 906 appo-

216 920 269 947 site
285 927 347 946 cum
389 919 529 953 Scriptura
558 919 703 952 loquamur
721 927 727 944 :
744 917 946 953 Caligatvultus
963 917 1006 952 fa-

217 967 270 993 cies
288 974 378 992 eorum
394 966 464 992 sicut
480 965 564 1000 fuligo
580 965 602 980 “
619 973 627 992 :
645 965 720 997 Quos
732 965 858 999 equidem
878 964 1008 999 ltaurﬁahs

218 1019 248 1038 re
260 1011 429 1038 inclamarim
448 1018 568 1046 qunque.
581 1009 702 1045 Nequam
717 1009 777 1042 ﬁlii,
793 1009 889 1037 lterum
900 1009 1007 1044 reliqui-

216 1058 278 1090 stis,
291 1058 351 1084 vita:
367 1057 430 1091 jnra
446 1056 606 1083 monasticae
623 1055 755 1087 vertistis,
772 1063 825 1082 non
852 1056 903 1083 rite
917 1054 1006 1082 curri-

217 1104 262 1135 tis,
279 1104 326 1131 sed
338 1103 411 1130 velut
423 1103 513 1130 claudi
534 1102 683 1134 divertitis,
697 1101 766 1136 rapti
783 1101 837 1128 huc
850 1101 915 1128 illuc
926 1108 1004 1129 sece-

216 1151 307 1178 ditise
321 1150 463 1182 comitatu,
482 1148 644 1176 mulieribus
676 1149 789 1180 vacatis,
817 1148 862 1175 alii
890 1148 941 1175 soli
957 1148 1005 1175 de-

217 1200 321 1230 gentes,
333 1195 378 1222 alii
394 1203 487 1222 servos
506 1194 616 1228 insuper
632 1199 768 1228 parantes,
786 1193 909 1221 nonnulli
922 1194 1005 1220 vitam

218 1240 351 1268 obeuntes
375 1239 579 1272 mercatoriam,
601 1247 656 1274 prae
673 1239 793 1266 avaritiae
809 1239 910 1266 studio.
947 1237 1006 1266 Non

217 1293 266 1313 vos
293 1290 376 1313 terret
402 1292 451 1312 nec
481 1285 640 1319 imprecatio
673 1285 789 1312 vaticina
808 1305 816 1317 ,
846 1292 896 1312 nec
926 1284 1008 1312 minae

219 1331 400 1365 apostolicae,
430 1337 482 1357 nee
521 1338 580 1358 mea
613 1330 680 1357 nihil
706 1330 880 1358 cohortatio?
910 1330 981 1363 Quin
998 1349 1007 1362 ,

219 1384 248 1404 ut
283 1377 416 1412 intelligo,
448 1376 559 1411 quidam
590 1383 683 1403 eorum
714 1384 824 1411 quoque
851 1376 918 1403 inita
944 1383 1007 1402 eum

219 1422 306 1456 puclla
324 1421 531 1453 consuetudine,
549 1419 583 1447 ad
601 1425 707 1455 raptum
736 1421 840 1455 Deique
863 1421 1008 1455 repudium

219 1467 301 1503 pedes
316 1467 469 1494 adornavit.
488 1466 540 1493 Ain
557 1474 632 1499 vero,
646 1467 731 1493 misrr
742 1471 823 1502 atque
838 1467 1009 1494 aerumnose?

219 1513 328 1547 quoties
342 1512 464 1540 cecinisti
485 1520 492 1539 :
515 1511 573 1544 Quo
598 1511 640 1538 ibo
655 1520 672 1538 a
687 1512 784 1546 spiritu
808 1517 862 1545 tuo,
886 1518 910 1539 et
925 1521 976 1548 quo
992 1521 1008 1539 α

221 1609 301 1630 tatem
310 1611 371 1630 cum
383 1608 509 1637 serpente
521 1603 607 1635 coire,
626 1605 671 1637 qui
682 1602 764 1630 Evam
774 1604 890 1638 decepit,
902 1612 1011 1638 unaque

221 1649 391 1676 decessorem
414 1648 551 1676 Adamum
573 1649 698 1683 pomario
711 1649 829 1678 extrusit
844 1650 855 1677 ?
881 1650 934 1676 ten'
949 1658 1011 1677 omo

222 1695 287 1722 nino
305 1695 436 1729 cogitare,
449 1695 493 1722 cui
509 1699 573 1722 voto
587 1702 617 1722 es
634 1696 786 1729 desponsus
808 1696 948 1731 virginali,
963 1704 1012 1723 ne-

222 1748 286 1775 gare
300 1740 453 1771 Christum,
468 1748 501 1767 ac
526 1745 638 1775 peccato
668 1741 863 1774 coliaerescere,
896 1742 968 1768 unde
983 1742 1011 1769 in

221 1787 314 1813 orbem
331 1793 382 1812 nex
399 1785 520 1812 invasit?
550 1784 608 1811 Non
623 1785 728 1812 litteras
762 1785 841 1812 audis
862 1785 1012 1813 clamantes

222 1833 250 1860 in
269 1839 318 1859 eos
331 1832 379 1866 qui
395 1831 453 1858 haec
466 1831 611 1858 admittant
625 1837 631 1855 :
656 1829 758 1857 i'ermis
775 1839 865 1858 eorunt
884 1839 936 1858 non
953 1840 1010 1858 mo-

221 1879 316 1908 rietur,
335 1882 359 1904 et
376 1877 444 1912 ignis
460 1884 513 1903 non
525 1876 1011 1912 exstinguetur“‘lnonApostolisen—

222 1924 335 1950 tentiam
354 1927 429 1950 tenes
453 1930 460 1948 :
479 1920 666 1948 Fornicatoru
689 1927 714 1948 et
729 1921 865 1949 adulteros
878 1923 1012 1957 jndicabit

223 1969 294 1996 Deus
312 1969 332 1984 ’⁵⁷
345 1968 357 1995 ?
368 1967 428 1995 Jam
439 1967 503 2003 quid
518 1972 628 2002 peracto
638 1967 740 1994 scelere
750 1967 871 1996 offendes
883 1969 895 1995 ‘I
907 1977 941 1996 an
957 1977 1011 1996 non

222 2015 362 2048 tenebras,
376 2019 404 2042 et
428 2014 475 2049 qui
503 2013 670 2048 lransadigat
687 2021 734 2042 cor
753 2021 869 2048 ensem;
895 2023 930 2042 an
955 2024 1009 2043 non

222 2060 422 2096 desperationis
435 2059 570 2092 scrobem,
588 2060 786 2094 ipsumquequi
805 2064 831 2087 te
848 2060 876 2088 in
888 2060 1010 2088 fraudem

223 2107 341 2141 impulit,
370 2110 509 2141 urgentem
541 2104 670 2132 Satanam
699 2105 848 2140 suspendio
893 2111 1009 2134 mortem

223 2159 356 2186 qumrcre,
373 2156 403 2177 ut
419 2151 482 2178 olim
498 2149 596 2178 ludam
613 2150 624 2176 ‘.’
643 2149 792 2184 Resipisco,
804 2151 935 2183 tenebrio,
950 2151 1012 2187 fuge

1059 232 1225 266 comparatis
1243 232 1269 259 in
1284 239 1331 259 eos
1345 233 1434 267 poenis
1447 232 1559 268 iugibus
1579 232 1696 260 affectis.
1713 233 1852 262 Caeterum

1059 285 1108 305 vos
1122 277 1173 304 rite
1193 278 1306 310 obitote,
1327 277 1439 310 fratres,
1463 278 1605 311 cohortor,
1625 284 1655 307 ut
1669 279 1704 306 ab
1728 280 1807 306 vobis
1823 281 1852 307 in

1059 323 1198 358 improbos
1215 331 1324 358 quoque
1345 324 1456 351 virtutis
1470 324 1608 360 divulgata
1620 325 1709 352 oratio
1724 325 1758 352 ad
1772 327 1855 360 agni-

1060 367 1160 394 tionem
1191 375 1239 395 eos
1265 367 1386 396 deducat
1403 370 1538 401 veritatis,
1560 370 1690 397 omnibus
1713 371 1851 402 contenti,

1058 415 1150 442 omnia
1162 415 1314 448 credentes,
1335 416 1429 443 omnia
1459 417 1615 450 tolerantes,
1629 425 1685 452 quo
1711 418 1805 444 cuncti
1822 418 1851 444 in

1059 461 1189 488 omnibus
1203 461 1259 488 Deo
1285 462 1434 496 placentes,
1455 467 1483 488 et
1501 462 1668 497 supplicium
1696 462 1850 497 fugiamus.

1058 510 1085 533 et
1097 506 1207 534 caeleste
1224 514 1338 542 regnum
1359 513 1562 540 consequamur
1586 515 1634 542 per
1649 507 1789 534 Christum
1802 506 1853 534 Je-

1058 560 1119 580 sum
1131 552 1276 580 Dominum
1291 557 1433 580 nostrum:
1445 553 1489 580 cui
1500 553 1586 587 gloria
1594 557 1621 580 et
1629 553 1774 588 imperium
1785 561 1852 580 cum

1061 597 1141 625 Patre
1171 606 1203 626 ac
1218 603 1315 626 sancto
1330 598 1445 633 Spiritu.
1460 605 1534 626 nunc
1567 603 1594 626 et
1609 606 1728 635 semper,
1744 599 1772 626 in
1788 606 1854 626 om-

1058 651 1175 679 nemque
1194 644 1415 679 perpetuitatem.
1431 646 1529 671 Amen.

1328 721 1446 749 SERMO
1465 722 1572 749 XXXII.

1059 780 1127 807 Ante
1143 778 1243 807 Christi
1254 781 1371 806 natalem
1385 788 1394 806 :
1412 779 1448 807 De
1465 781 1550 807 natali
1566 780 1725 812 Servatoris,
1741 781 1853 809 adstre-

1217 822 1267 841 mte
1289 815 1342 841 vita
1370 815 1510 842 retinenda
1530 817 1690 842 monastica.

1024 855 1045 883 Β
1095 870 1204 898 Fratres
1231 869 1391 905 Patresque,
1405 871 1461 905 jam
1478 871 1524 899 Dei
1546 871 1671 899 imminet
1698 872 1848 905 adventus,

1059 916 1176 952 laetaque
1196 921 1239 944 est
1253 924 1302 951 pro
1318 916 1424 944 foribus
1439 917 1496 944 dies
1509 926 1516 944 :
1531 918 1626 953 ingens
1654 922 1697 945 est
1711 918 1787 945 enim
1801 919 1853 946 ke-

1060 963 1131 995 titia,
1147 962 1274 997 qualisin
1286 963 1359 989 omni
1372 964 1506 990 memoria
1520 963 1622 991 accidit
1643 964 1730 996 nulla,
1745 964 1794 992 Dei
1812 965 1851 992 ad

1059 1015 1111 1035 nos
1119 1007 1187 1035 Filio
1198 1008 1343 1043 degresso:
1356 1008 1403 1042 qui
1417 1015 1470 1035 non
1484 1016 1531 1043 per
1544 1014 1649 1043 spectra
1662 1014 1745 1044 atque
1758 1010 1853 1045 signa,

1061 1059 1090 1082 ut
1109 1054 1174 1081 olim
1200 1054 1364 1088 majoribus,
1392 1058 1533 1087 cernatur,
1556 1055 1602 1082 sed
1631 1062 1680 1089 per
1699 1056 1819 1082 natalem
1837 1063 1855 1081 e

1060 1097 1171 1133 Virgine
1185 1105 1277 1125 coram
1299 1097 1454 1131 spectabilis
1471 1098 1584 1132 prodeat
1605 1098 1633 1126 itt
1646 1098 1733 1126 lucem
1745 1106 1802 1134 quo
1815 1099 1856 1126 ab

1059 1144 1135 1171 omni
1149 1144 1306 1171 a:ternitate
1319 1151 1407 1178 neque
1437 1143 1544 1171 felicius
1572 1144 1733 1179 quidquam,
1759 1152 1855 1179 neque

1059 1198 1075 1218 e
1093 1190 1200 1218 cunctis
1229 1189 1382 1221 miraculis,
1400 1197 1460 1224 qua
1476 1189 1511 1217 ah
1543 1198 1601 1221 avo
1630 1191 1748 1225 patravit
1764 1190 1854 1222 Deus,

1060 1236 1225 1263 mirabilius.
1240 1235 1312 1270 Ergo
1324 1235 1452 1263 nuntiant
1478 1243 1608 1263 arcanum
1623 1237 1723 1272 angeli,
1736 1241 1856 1264 natum-

1059 1290 1114 1317 que
1128 1282 1154 1309 in
1171 1287 1243 1309 terra
1266 1282 1405 1310 ctelestem
1422 1282 1499 1310 stella
1531 1283 1644 1315 imlicat,
1665 1290 1698 1311 ac
1725 1291 1855 1318 praecur-

1062 1333 1126 1356 runt
1140 1333 1262 1364 pastores
1277 1329 1366 1356 edicta
1389 1329 1518 1356 intuenda
1541 1330 1640 1362 salute,
1669 1331 1855 1365 praebentque

1062 1374 1149 1409 regias
1166 1375 1250 1409 magi,
1267 1379 1294 1401 et
1310 1373 1432 1401 insolens
1446 1374 1472 1401 iu
1489 1382 1518 1401 re
1529 1374 1664 1402 insolente
1674 1382 1787 1402 carmen
1801 1375 1856 1402 de-

1061 1424 1197 1452 cantatur,
1210 1420 1391 1448 venerabilem
1407 1419 1434 1446 in
1447 1421 1582 1454 supremis
1592 1420 1674 1448 Deum
1685 1428 1781 1456 pacem
1793 1421 1858 1449 edi-

1062 1470 1130 1493 tum.
1151 1465 1279 1493 Testatur
1293 1466 1319 1492 id
1336 1465 1483 1500 Apostolus
1494 1465 1522 1491 in
1538 1466 1594 1493 lucc
1613 1466 1694 1492 verba
1708 1475 1715 1493 :
1730 1465 1794 1501 Ipse
1813 1472 1858 1493 est

1022 1530 1043 1559 ο
1061 1519 1116 1546 pas:
1130 1517 1231 1544 nostra,
1246 1512 1291 1546 qui
1307 1512 1369 1547 fecit
1383 1517 1495 1547 utraque
1520 1520 1600 1539 unum
1619 1517 1644 1540 ει
1671 1513 1790 1540 medium
1805 1521 1861 1547 pa-

221 1559 289 1593 facie
300 1562 344 1584 tua
364 1557 466 1592 fugiam
477 1556 522 1584 ⁸⁵7
547 1558 601 1584 ten‘
620 1557 762 1585 inductum
782 1565 896 1593 prorsus
919 1559 1024 1586 socie»

1061 1558 1150 1585 rietem
1166 1559 1286 1585 maceria:
1311 1558 1424 1591 solvens,
1450 1558 1616 1595 inimicitias,
1647 1557 1674 1585 in
1689 1565 1740 1585 sua
1771 1566 1860 1586 canta

1060 1604 1144 1639 legem
1164 1605 1352 1631 mandatorum
1368 1604 1479 1631 decretis
1494 1612 1635 1634 concitans,
1649 1608 1678 1630 ιιι
1700 1604 1768 1630 duos
1787 1612 1859 1630 cau-

1060 1649 1105 1676 dat
1122 1650 1149 1676 in
1164 1650 1302 1684 semetipso
1323 1650 1351 1677 in
1367 1657 1450 1677 unum
1478 1657 1572 1676 itovum
1588 1649 1730 1678 hominem.
1749 1649 1859 1683 faciens

1060 1703 1162 1728 pacem,
1177 1700 1202 1722 et
1218 1695 1369 1723 reconciliet
1384 1696 1475 1722 ambos
1495 1696 1524 1722 in
1537 1703 1589 1722 uno
1608 1702 1716 1729 corpore
1739 1694 1794 1721 Deo
1807 1704 1861 1728 per

1061 1749 1174 1774 crucem,
1191 1742 1351 1776 interﬁciens
1363 1743 1518 1769 inimicitias
1533 1743 1562 1768 in
1582 1742 1723 1775 semetipso
1736 1740 1769 1767 “.
1790 1740 1861 1769 Haec

1061 1794 1124 1813 cum
1143 1787 1234 1814 videre
1247 1787 1339 1815 cuncti
1355 1787 1419 1814 olim
1434 1792 1509 1815 vates
1529 1795 1561 1814 ac
1576 1787 1696 1822 religiosi
1712 1787 1860 1821 cupivere.

1062 1833 1119 1856 tum
1133 1838 1304 1865 nequaquam
1320 1830 1422 1863 videre,
1438 1831 1490 1858 nisi
1504 1838 1550 1866 per
1566 1831 1658 1862 fidem,
1679 1839 1730 1858 nos
1761 1835 1792 1858 et
1807 1832 1855 1858 vi-

1061 1876 1164 1908 dimus,
1180 1881 1207 1903 et
1227 1884 1310 1904 manu
1337 1878 1517 1905 tractavimus
1537 1886 1544 1904 :
1563 1878 1602 1904 uti
1627 1877 1662 1904 de
1676 1877 1760 1904 verbo
1786 1878 1864 1904 scri-

1062 1926 1137 1957 ptum
1155 1922 1229 1949 vitali
1241 1928 1283 1950 est
1298 1930 1330 1950 ac
1344 1923 1399 1950 vita
1411 1923 1550 1958 apparuit,
1561 1927 1589 1950 et
1603 1923 1777 1958 adoptionem
1792 1924 1865 1951 tuli-

1063 1975 1134 1995 mus.
1165 1968 1219 1995 Sed
1237 1968 1309 2003 quod
1340 1969 1395 1996 Deo
1422 1969 1621 1997 hostimentum
1651 1970 1780 1997 dabimus
1805 1979 1864 2005 pro

1063 2014 1171 2042 cunctis
1207 2015 1350 2042 beneficiis
1389 2015 1437 2043 Pol
1470 2016 1596 2050 princeps
1620 2012 1745 2043 elocutus
1771 2015 1863 2044 David

1062 2064 1105 2087 est
1119 2069 1126 2086 :
1143 2060 1259 2087 Calicem
1280 2061 1409 2087 salutaris
1424 2061 1564 2095 accipiam,
1586 2066 1611 2088 et
1627 2069 1719 2088 nomen
1745 2061 1863 2090 Domini

1065 2107 1196 2134 invocabo
1208 2108 1242 2135 δ’.
1258 2108 1441 2140 Quamobrem
1458 2108 1636 2143 gaudeamus,
1648 2108 1759 2140 fratres,
1779 2111 1862 2143 quod

1063 2152 1215 2179 meruimus
1233 2160 1283 2178 nos
1298 2159 1408 2186 quoque
1431 2153 1628 2180 hostimentum
1655 2152 1712 2180 Deo
1741 2153 1865 2182 reddere

223 2196 324 2224 diaboli
347 2196 487 2231 laqueum,
505 2195 619 2230 perdite,
637 2203 690 2222 neu
705 2195 790 2230 plagis
805 2195 923 2224 irretitor
939 2197 1012 2230 Orci,
1030 2197 1051 2226 D
1066 2203 1115 2230 pro
1131 2197 1237 2224 cunctis
1253 2196 1404 2225 beneficiis.

224 2243 297 2269 unde
307 2247 335 2269 et
351 2241 428 2269 Caini
445 2241 489 2268 hic
501 2241 652 2276 defungare
665 2242 730 2272 vita,
745 2246 875 2272 tremens.
888 2250 1013 2277 gemens-

224 2297 278 2323 que
293 2297 325 2316 ac
342 2292 420 2315 notos
447 2286 594 2322 refugiens,
610 2292 637 2314 et
666 2287 692 2314 in
714 2287 808 2315 futuro
835 2289 937 2316 saeculo
967 2297 1014 2323 ge-

225 2335 321 2362 hennm
333 2334 386 2369 igni
400 2333 542 2360 damnerc.
561 2331 613 2360 Sed
627 2333 693 2367 quid
705 2340 783 2367 agant
802 2334 937 2368 praedictis
953 2342 1013 2362 om-

225 2381 306 2407 nibus
319 2379 411 2406 infelix
422 2372 480 2405 uno
493 2378 520 2405 in
537 2378 598 2406 loco
609 2379 736 2405 deﬁxus?
752 2378 818 2413 quid
841 2379 914 2406 aliud
930 2387 1012 2414 quam

224 2433 343 2460 gemam,
362 2433 394 2451 ac
413 2424 611 2456 contristabor,
636 2425 744 2451 venturi
772 2425 886 2452 nuntius
902 2433 1013 2452 mucro-

225 2471 291 2498 nis?
306 2471 356 2503 Qui
372 2471 393 2497 si
410 2470 569 2503 inaudient;
585 2474 667 2504 atque
679 2470 713 2497 ab
732 2477 848 2497 erronea
870 2475 898 2497 et
913 2470 939 2497 in
951 2478 1014 2504 per-

225 2518 323 2545 niciem
339 2516 441 2544 ferente
457 2516 499 2542 via
518 2515 655 2547 redibunt,
671 2516 722 2543 sibi
741 2516 864 2550 hospites
880 2521 945 2544 sunt
960 2517 1012 2544 mi-

226 2563 307 2598 hiqne
319 2562 424 2595 futuri;
448 2562 490 2589 sin
510 2562 611 2594 minus,
638 2562 687 2589 soli
708 2562 778 2588 mala
810 2563 1011 2596 exantlabttnt,

225 2608 276 2635 soli
292 2615 374 2642 quam
395 2607 543 2634 accendere
556 2606 665 2634 flamma
691 2607 859 2642 gradientur,
891 2609 939 2635 soli
953 2610 1013 2635 exi-

227 2655 293 2681 tium
311 2661 431 2687 perenne
457 2653 553 2685 luent;
575 2653 718 2681 Duminica
749 2653 817 2681 facie
837 2662 869 2681 ac
893 2655 1012 2688 gloriosa

226 2701 369 2734 majestate
380 2703 515 2732 extorres,
530 2707 594 2727 cum
612 2699 727 2727 illustris
742 2704 770 2727 et
785 2701 955 2730 admirabilis
969 2711 1015 2730 ve-

227 2745 283 2773 niet
309 2746 336 2772 in
352 2744 491 2776 omnibus,
518 2745 565 2779 qui
590 2752 674 2780 prope
690 2744 750 2780 ejus
778 2748 918 2782 praeceptis
948 2753 1015 2776 sunt

262 2802 285 2817 "
302 2801 395 2828 Matth.
408 2801 558 2833 xxvntﬂo.
597 2802 621 2817 ⁸⁸
638 2802 785 2830 'l‘lrrcn.|v.

226 2835 254 2863 ι.
293 2836 314 2851 δ’
332 2837 400 2872 Εριι.
418 2844 446 2870 ιι,
467 2836 557 2864 ιι-ιιι.

1101 2241 1210 2275 Ecquod
1218 2247 1260 2270 est
1270 2247 1359 2270 autem
1369 2242 1566 2270 hostimentum
1577 2243 1589 2270 Ἰ
1602 2243 1755 2278 crucigera,
1768 2252 1862 2279 quam

1065 2287 1219 2319 intulimus,
1240 2287 1305 2319 vita,
1319 2292 1346 2314 et
1361 2287 1508 2319 confessio.
1524 2288 1551 2316 in
1566 2296 1621 2323 qua
1637 2294 1753 2319 stamus.
1769 2297 1803 2316 ac
1817 2291 1864 2317 di-

1065 2332 1135 2359 vina-
1155 2340 1203 2366 spe
1228 2334 1322 2367 gloria:
1351 2332 1555 2367 triumphamus
1571 2341 1578 2359 :
1596 2333 1670 2368 quod
1686 2333 1802 2361 indubie
1815 2340 1864 2362 est

1065 2379 1236 2414 martyrium.
1255 2377 1282 2406 ld
1295 2383 1336 2406 est
1346 2379 1414 2406 adeo
1430 2386 1483 2406 non
1506 2379 1533 2405 in
1551 2378 1622 2406 diem
1641 2378 1742 2410 feriati,
1761 2380 1812 2408 sed
1833 2381 1863 2408 in

1064 2433 1174 2454 omnem
1202 2428 1286 2453 vitam
1303 2427 1459 2461 :siqnidem
1485 2425 1531 2461 qui
1559 2434 1643 2453 carne
1671 2432 1820 2460 regantur,
1835 2434 1866 2455 et

1065 2474 1175 2509 flagitiis
1194 2474 1347 2507 capiantur,
1373 2479 1423 2499 nec
1440 2472 1533 2499 feriari
1551 2477 1676 2506 possunt,
1704 2478 1866 2507 quantum—

1066 2521 1106 2548 vis
1121 2520 1211 2548 feriati
1239 2519 1377 2551 videntur,
1392 2526 1442 2545 nec
1457 2518 1535 2545 liberi
1552 2523 1617 2545 sunt
1633 2526 1641 2551 ;
1671 2519 1774 2553 quippe
1787 2521 1866 2547 servi

1065 2567 1192 2594 vitiorum
1207 2565 1259 2593 sub
1287 2570 1430 2599 peccatum
1449 2564 1598 2591 venundati
1615 2572 1622 2595 ς
1650 2571 1713 2591 nam
1727 2565 1866 2599 equidem

1067 2613 1198 2647 scriptum
1221 2615 1284 2638 est:
1304 2610 1397 2638 Omnis
1417 2610 1461 2644 qui
1473 2609 1537 2643 facit
1550 2615 1696 2643 peccatum,
1713 2617 1807 2637 seruus
1822 2617 1866 2637 cu

1066 2658 1166 2692 peccati
1181 2665 1190 2689 ,'
1208 2665 1297 2684 servas
1310 2661 1397 2683 autem
1414 2657 1524 2683 sustinet
1542 2656 1570 2682 in
1580 2656 1660 2682 domo
1674 2656 1701 2683 in
1715 2660 1866 2690 ωιηιηιηι,

1069 2702 1156 2730 Filius
1175 2707 1262 2729 manet
1278 2702 1305 2728 in
1321 2706 1447 2728 wternum
1459 2701 1492 2727 ".
1512 2700 1659 2736 igiturnos
1671 2708 1798 2736 quoque,
1813 2704 1866 2737 qui

1067 2748 1115 2776 Dei
1140 2747 1187 2774 filii
1197 2746 1282 2782 gratia
1288 2753 1428 2779 vocamur,
1438 2746 1608 2774 manebimus
1616 2747 1644 2774 in
1653 2746 1735 2774 domo
1745 2746 1773 2773 in
1783 2752 1870 2775 teter-

824 2803 846 2819 "
861 2803 933 2831 Psal.
948 2812 1081 2837 cxxxvut,
1097 2805 1122 2831 7.
1159 2804 1182 2819 “
1198 2803 1250 2831 lsa.
1263 2811 1336 2835 vat,
1349 2802 1384 2830 24
1397 2811 1406 2836 ;
1420 2802 1504 2830 Marc.
1527 2811 1564 2836 Ix,
1577 2802 1622 2829 45.
1660 2803 1681 2819 ⁸⁷
1698 2802 1782 2831 llebr.
1801 2813 1868 2838 xui,

597 2837 619 2853 δ’
636 2836 697 2864 Psal
716 2845 778 2872 cxv,
794 2838 834 2866 f3.
873 2840 895 2855 '°
915 2839 994 2868 Joun.
1014 2836 1130 2873 vnum.
