1916 3075
74 166 127 197 553

653 160 856 192 SERMONES
869 161 1136 192 CATECHETICI.

1661 164 1712 196 551

74 230 152 254 num,
163 221 187 249 si
197 228 281 256 quam
295 219 368 248 nacti
379 219 512 255 originem
524 225 631 252 sumus,
645 223 815 246 constantem
831 219 865 247 ad
880 221 903 251 Α
918 219 997 254 periit
1005 221 1039 246 ".
1055 218 1093 247 Ita
1115 218 1231 247 marcidi
1248 225 1299 246 nos
1310 225 1421 254 quoque
1436 218 1500 247 hinc
1517 219 1712 250 abscedemus.

71 271 228 295 extremum
245 265 410 292 tenebimus.

108 311 287 346 Quapropter
306 314 403 338 sancto
429 309 531 343 Spiritu
557 309 668 341 ﬁrmati,
685 309 868 337 monasticum

73 359 124 386 hoc
133 361 261 384 nostrum
274 356 430 383 institutum
445 360 581 388 tueamur,
592 359 743 389 mutuoque
759 361 870 382 monea-

72 402 206 435 mus,ad
235 402 340 428 amoris
363 408 395 428 ac
419 401 553 428 bonorum
574 407 688 436 operum
713 400 870 436 instigatio-

73 457 149 481 nem,
185 447 381 480 obedientiam,
402 447 597 479 humilitatem,
629 447 869 476 mansuetudinem

74 495 183 529 aliaque
194 497 294 521 cuncta
308 493 401 520 studia
416 493 558 528 praeclara,
578 500 755 527 nequaquam
770 500 786 520 a
805 500 871 527 pro-

75 542 166 576 posito
191 540 375 572 .abescentes,
404 539 471 574 quin
488 539 575 574 magis
599 539 744 574 magisque
771 539 868 572 exciti,

75 588 198 615 maxime
211 587 284 622 quod
302 587 374 614 diem
391 587 580 614 imminentem
597 586 738 614 cernimus
753 594 759 612 :
777 586 870 613 immi-

76 638 120 660 net
136 633 212 660 enim
229 631 341 658 Domini
365 631 426 658 dies
441 632 538 666 ingens
553 635 584 658 et
599 631 726 662 illustris,
741 638 797 665 qua
814 638 873 658 om-

75 680 151 706 nium
166 678 250 713 judex
266 677 385 713 pateﬁet,
401 685 434 705 ac
453 685 516 705 cum
539 677 629 712 gloria
645 678 794 710 videbitur,
806 685 870 706 eum

75 734 130 760 qua
146 729 191 752 est
211 724 350 759 Apostolis
376 724 404 751 in
423 723 514 751 divina
539 724 778 759 lransliguratione
800 732 869 752 con-

75 776 199 806 spectus,
216 778 351 805 omneque
374 775 502 798 coactum
532 770 692 805 figmentum
721 769 869 805 ju'dicabit,

74 818 134 845 suis
165 817 266 852 cuique
289 816 369 852 digna
397 816 476 844 factis
504 816 671 844 redditurus.
707 816 793 849 Quem
828 816 870 844 fus

74 863 111 889 sit
127 870 178 889 nos
195 869 308 897 quoque
331 868 393 888 cum
408 861 512 889 sanctis
538 861 676 889 universis
687 861 741 888 leni
764 861 870 889 intuen-

75 915 129 937 tem
139 910 228 939 vultu,
248 908 281 935 ad
300 914 469 942 regnumque
484 907 597 934 caeleste
610 911 804 941 reccptantcm,
814 915 868 942 qua

73 960 116 983 est
136 954 339 985 benevolentia,
355 953 557 985 misericordia,
580 953 713 986 bonitate,
735 957 869 988 spectare,
888 943 908 971 Β

76 1005 200 1028 mactum
213 999 306 1031 laude,
320 1004 348 1027 et
360 1000 478 1030 honore,
496 1003 579 1034 atque
595 999 682 1030 cultu,
702 1007 764 1026 cum
780 999 871 1031 Patre,

77 1056 110 1074 ac
124 1051 223 1074 srtncto
238 1046 354 1081 Spiritu,
366 1053 440 1073 nunc
461 1050 489 1073 et
515 1052 635 1080 semper.
664 1045 691 1072 in
707 1052 873 1080 omnemque

78 1093 303 1128 perpetuitatem.
316 1093 414 1120 Amen.

347 1159 464 1187 SERMO
485 1158 607 1187 XXXIII.

79 1217 118 1244 De
144 1217 239 1244 mortis
271 1216 453 1243 recordatione
482 1224 513 1242 uc
541 1217 747 1250 compunctione,
769 1215 874 1242 habitus

148 1252 280 1286 postridie
305 1252 437 1278 memoria:
460 1251 531 1278 beati
556 1251 647 1278 Patris
670 1250 802 1278 Platonis.

113 1297 227 1324 Fratres
258 1297 418 1331 Patrcsque,
442 1297 501 1324 lteri
523 1297 684 1324 memoriam
713 1297 820 1332 egimus
842 1296 872 1325 Β.

80 1344 169 1371 Patris
189 1343 312 1371 Platonis
335 1351 386 1370 nec
408 1343 538 1376 indebitc,
557 1347 665 1378 oportet
677 1343 750 1371 enim
765 1343 875 1377 spirita-

81 1390 119 1416 les
128 1389 199 1416 lilios
210 1388 295 1420 Patri,
316 1397 375 1423 qua:
388 1397 436 1424 par
444 1393 495 1421 est,
505 1389 636 1416 tribuere.
650 1388 743 1424 Neque
752 1389 778 1416 id
786 1389 875 1416 cnim-

81 1442 146 1462 vero
174 1435 244 1462 satis
263 1442 324 1461 esse
340 1437 373 1461 ad
394 1435 554 1461 memoriam
580 1433 691 1466 ducere,
706 1434 728 1461 si
744 1442 876 1462 canamus

81 1481 173 1512 modo,
203 1487 236 1507 ac
262 1480 451 1507 consolatione
477 1480 602 1507 fruamur
620 1480 777 1515 corporali;
807 1480 874 1515 quin

81 1527 244 1561 spiritaliter
267 1535 378 1561 quoque
401 1527 530 1561 gaudere,
550 1527 590 1554 uti
607 1527 729 1562 postulat
741 1527 793 1554 hoc
808 1526 875 1555 effa-

80 1578 137 1600 tum
156 1582 164 1600 :
180 1572 328 1599 Luudunda
345 1573 420 1607 justo
443 1574 532 1607 populi
545 1573 749 1606 lcetabuntur“,
772 1573 876 1601 scilicet

919 266 1097 296 desentenlia
1123 269 1283 293 sanctorum
1308 273 1316 292 :

922 313 1134 342 memoravimus
1155 312 1290 347 exempla.

958 358 1012 386 Sed
1033 357 1139 384 felicem
1149 356 1198 391 qui
1216 357 1299 391 sapit,
1309 355 1450 392 Deumque
1462 357 1587 393 requirit,
1608 357 1712 385 felicem

920 405 967 440 qui
983 410 1014 432 se
1035 403 1137 439 premit
1154 402 1277 438 quotidie
1287 403 1315 430 in
1330 402 1491 430 obedientire
1507 403 1712 434 certaminibus.

921 457 1097 486 nequaquam
1123 448 1314 481 refractarius,
1340 454 1388 476 aut
1407 449 1631 481 obmurmurans,
1648 449 1712 484 quin

921 497 1036 524 audiens
1057 495 1142 528 dicto,
1159 495 1193 522 ad
1216 502 1297 530 opera
1314 499 1469 530 promptus,
1485 495 1573 523 otlicio
1588 495 1713 531 impiger,

921 541 1109 573 stimulabilis,
1129 540 1276 576 benignus.
1290 541 1419 574 alfabilis,
1439 542 1538 574 comis,
1561 542 1596 569 ad
1610 542 1713 569 exitum

921 587 1081 623 procinctus
1099 595 1105 614 :
1127 587 1230 622 quippe
1254 586 1358 620 veniet,
1379 586 1496 621 fratres,
1518 587 1607 615 veniet
1640 587 1712 617 linis.

922 640 974 660 nec
988 632 1175 664 cunctabitur,
1187 632 1277 659 veniet
1293 631 1424 660 terribilis
1437 633 1536 660 mortis
1547 632 1616 665 dies,
1636 633 1712 668 quasi

921 678 1036 714 quidam
1049 678 1190 713 apparitor
1206 678 1307 712 regius,
1320 684 1375 705 non
1391 677 1532 710 deorsum,
1547 677 1595 706 sed
1608 685 1624 705 e
1636 678 1714 705 caelis

921 731 1091 757 commeans,
1111 728 1138 750 ct
1151 723 1274 750 animum
1295 723 1475 758 compellans.
1492 723 1601 756 Erisis,
1618 724 1714 758 quierit

922 773 948 796 te
959 773 1123 796 cunctormn
1148 767 1216 799 Rex,
1239 767 1377 803 Deosque.
1401 768 1458 796 Nos
1482 769 1592 804 quidem
1614 769 1656 797 fas
1679 770 1714 797 sit

921 815 1048 850 precibus
1064 815 1134 842 beati
1148 814 1239 842 Patris
1258 815 1287 842 in
1303 822 1364 842 eam
1384 815 1481 842 horam
1499 815 1650 843 instructos
1670 823 1714 843 rev

922 861 1015 896 periri,
1031 865 1112 895 atque
1126 860 1192 887 hinc
1213 860 1348 895 intrepide
1368 859 1508 895 profectos
1524 861 1550 888 in
1566 868 1713 896 perennem

921 907 1008 934 vitam
1030 906 1211 942 commigrare
1235 914 1282 941 per
1300 906 1438 934 Christum
1457 906 1551 934 Jesum
1571 907 1713 934 Dominum

923 956 1048 980 nostrum
1063 961 1070 980 :
1088 952 1132 979 cui
1154 952 1241 986 gloria
1255 956 1282 979 et
1300 952 1446 987 imperium
1459 960 1521 980 cum
1543 952 1622 980 Patre
1635 960 1668 980 ac
1683 953 1711 979 S.

925 998 1040 1033 Spiritu,
1058 1006 1141 1030 nunc,
1161 1002 1189 1025 et
1208 1005 1327 1033 semper,
1344 997 1372 1025 in
1396 1005 1562 1033 omnemque
1576 997 1715 1033 perpetui-

924 1049 1019 1072 tatem.
1036 1045 1134 1071 Amen.

1340 272 1404 292 nam
1435 272 1531 292 eorum
1558 270 1622 293 sunt
1653 272 1714 301 quae

1189 1109 1306 1138 SEIIMO
1329 1109 1449 1137 XXXIV.

925 1166 1022 1194 Mediis
1052 1165 1152 1194 Fastis.
1181 1165 1219 1193 De
1243 1174 1276 1193 ex
1307 1167 1356 1193 hac
1379 1167 1433 1194 rita
1458 1166 1564 1193 decessu
1590 1166 1713 1201 regnique

1193 1203 1306 1236 requiete
1325 1201 1448 1229 caelestis.

961 1249 1073 1277 Fratres
1096 1248 1256 1284 Patresque,
1274 1255 1306 1275 en
1332 1248 1367 1276 ab
1385 1255 1458 1275 anno
1470 1248 1497 1275 in
1515 1255 1617 1275 annum
1631 1248 1715 1275 revol-

926 1297 1029 1329 vimur,
1055 1303 1071 1323 a
1092 1299 1254 1331 tempestate
1282 1296 1309 1322 in
1334 1299 1532 1329 tempestatem,
1558 1301 1572 1321 a
1593 1293 1662 1321 festo
1686 1294 1712 1320 iu

927 1341 1038 1372 festum,
1066 1348 1156 1375 neque
1171 1344 1260 1368 status
1276 1344 1314 1366 cst
1331 1339 1358 1366 in
1384 1339 1435 1366 hac
1459 1339 1524 1371 vita,
1545 1345 1607 1373 quas
1634 1338 1713 1365 nobis

927 1387 1056 1414 onmibus
1081 1385 1227 1421 linquenda
1253 1390 1305 1418 est,
1331 1385 1542 1419 intrandumque
1561 1384 1586 1411 in
1608 1383 1653 1411 Dei
1670 1391 1714 1411 re-

926 1433 1057 1468 quietem.
1084 1431 1136 1464 Qui
1158 1435 1245 1458 autem
1260 1431 1393 1465 ingressus
1411 1435 1449 1456 est
1462 1431 1490 1456 in
1507 1431 1620 1464 requiem
1644 1429 1712 1464 ejus.

926 1483 952 1506 et
966 1478 1020 1512 ipse
1048 1477 1173 1512 requierit
1191 1477 1223 1503 ab
1253 1476 1373 1512 operibus
1402 1477 1468 1508 suis,
1482 1477 1549 1503 sicut
1565 1480 1589 1502 et
1614 1485 1630 1502 u
1658 1476 1713 1502 suis

928 1523 997 1551 Deus
1011 1523 1046 1556 ⁵⁷,
1062 1522 1292 1558 quemadmodum
1324 1522 1455 1556 scriptum
1476 1526 1527 1548 est.
1546 1520 1646 1556 Ecqua:
1673 1525 1714 1548 est

927 1573 1019 1597 autem
1037 1568 1166 1603 requies?
1180 1568 1308 1594 nimirum
1322 1569 1433 1595 cmleste
1448 1575 1561 1601 regnum
1576 1576 1583 1594 :
1599 1567 1631 1594 ad
1640 1568 1712 1602 quod

79 1619 176 1647 laetitia
194 1618 310 1654 spiritali
325 1623 353 1646 et
366 1619 481 1647 durabili
496 1629 503 1647 :
520 1628 583 1647 nam
608 1619 761 1654 corporalis
775 1620 873 1647 sensui
888 1615 909 1645 (ἶ
927 1615 1059 1650 instigans
1084 1614 1245 1649 Apostolus,
1261 1613 1299 1641 ait
1314 1622 1321 1640 :
1345 1612 1513 1640 Festinamus
1535 1621 1596 1648 ergo
1612 1614 1714 1648 ingredi

79 1666 223 1700 paulisper
234 1665 355 1698 adulata,
372 1666 462 1694 avolat
484 1675 492 1698 ς
512 1667 568 1694 lucc
586 1666 750 1694 insatiabilis
774 1674 806 1694 ac
822 1667 874 1694 llll-

81 1710 188 1745 perdita
201 1715 253 1736 est.
263 1710 292 1736 Si
311 1710 375 1745 quis
385 1715 507 1737 vestrum
520 1711 688 1746 lacrymatus
705 1716 756 1744 cst,
773 1712 795 1739 si
813 1711 875 1746 quis

79 1758 277 1787 compunctus,
289 1753 312 1780 si
331 1754 394 1788 quis
410 1754 491 1782 corde
507 1756 653 1787 contritus,
672 1756 694 1783 si
710 1756 772 1791 quis
785 1756 874 1791 Spiri-

81 1805 139 1826 tum
163 1799 287 1832 attraxil,
317 1807 343 1827 et
367 1808 380 1826 a
403 1801 476 1828 vitiis
508 1802 631 1835 recessit,
652 1802 708 1829 vim
732 1802 876 1830 sententiae

81 1848 168 1877 tenet,
190 1852 223 1872 ac
240 1845 286 1880 pol
308 1845 383 1872 novit
403 1847 488 1881 patris
507 1847 655 1882 fratrisque
668 1848 798 1876 memoria
816 1856 876 1883 per-

81 1890 175 1926 fringi;
191 1891 374 1918 recordamini
393 1893 476 1925 enim,
501 1893 612 1926 fratres,
628 1894 802 1929 superiorum
818 1895 875 1922 die-

81 1944 155 1969 rum,
178 1936 281 1970 quibus
304 1942 465 1971 przesentcm
484 1938 663 1971 habebamus,
688 1943 715 1966 et
729 1939 875 1966 nobiscum

81 1982 230 2009 obeuntem
259 1982 490 2018 loquentemque;
518 1988 575 2010 tum
597 1989 687 2012 autem
714 1993 788 2012 nunc
808 1992 875 2013 con-

81 2028 248 2062 templemur
261 2029 306 2055 ubi
321 2029 368 2060 sit,
390 2029 490 2063 quibus
505 2030 625 2063 intersit,
642 2038 704 2058 cum
721 2032 801 2066 queis
817 2039 876 2058 Ver-

83 2081 160 2102 setur
191 2082 255 2102 cum
282 2075 350 2109 ipse.
379 2079 437 2102 tum
459 2076 575 2104 fratrum
590 2077 701 2112 singuli.
717 2078 758 2104 An
777 2086 830 2106 non
849 2079 874 2105 id

81 2121 216 2157 cogitanti
245 2128 276 2148 ac
305 2129 433 2149 sermone
459 2123 615 2157 usurpanti,
643 2128 737 2158 stupor
764 2124 876 2151 incessit

81 2167 306 2199 animumYQuin
319 2167 340 2195 si
353 2167 468 2200 videtur,
480 2172 507 2195 et
517 2176 567 2195 nos
578 2168 652 2203 ipsos
663 2169 852 2203 despectcmus
868 2179 874 2196 :

82 2220 115 2239 an
140 2220 197 2239 non
225 2220 275 2239 nus
300 2220 409 2247 quoque
430 2214 509 2248 paulo
526 2219 586 2248 post
607 2214 670 2241 hinc
692 2215 830 2248 cedemus,
850 2220 878 2243 et

82 2259 143 2286 aliis
173 2259 310 2286 memoria
346 2260 511 2290 recolenmr,
539 2261 771 2295 quemadmodum
803 2270 875 2290 llIlllC

82 2306 247 2332 decessorcs
274 2305 446 2333 recolimus‘!
466 2315 543 2339 sane,
567 2306 678 2339 fratres,
700 2307 757 2334 limc
780 2307 806 2334 in
826 2315 876 2335 nos

83 2354 248 2385 (omparata
269 2350 324 2377 vita
345 2355 397 2382 est,
415 2352 594 2387 hominesqu
615 2361 712 2380 sumus
736 2354 877 2386 mortales,

83 2397 128 2430 qui
140 2396 298 2423 crastinum
312 2397 480 2432 ignoremus.
492 2398 562 2426 Nam
575 2406 635 2434 quae
645 2404 686 2427 est
699 2400 752 2426 vita
765 2401 879 2428 nostra?

85 2442 176 2477 \‘apor
190 2442 227 2475 “,
253 2442 293 2468 uti
312 2443 445 2478 scriptum
466 2449 519 2476 cst,
532 2445 578 2479 qui
601 2445 799 2480 aliquantisper
811 2435 878 2474 εὸτι-

84 2493 195 2523 ψεειυς
207 2488 280 2523 perit
298 2488 368 2521 ;tlos
393 2497 506 2522 vernus,
522 2490 569 2525 qui
587 2498 668 2518 mane
687 2491 799 2525 florens,
815 2499 878 2520 eve-

85 2535 168 2570 stigio
183 2539 291 2561 marcet
304 2535 338 2561 ".
364 2534 448 2562 Homo
463 2536 531 2563 sicut
551 2536 642 2571 fenum
656 2537 713 2565 dies
730 2538 799 2572 ejus,
822 2543 881 2566 tan-

85 2589 162 2615 quam
177 2582 230 2615 flos
240 2582 299 2616 agri
313 2581 353 2608 sic
367 2581 489 2616 eﬂlorebit
501 2583 534 2610 ".
546 2583 635 2611 Ποιιιο
650 2584 763 2612 vanitati
784 2585 882 2613 similis

87 2627 174 2654 lactus
187 2631 244 2660 est,
258 2626 319 2654 dies
332 2627 393 2662 ejus
407 2627 477 2655 sicut
492 2629 589 2656 umbra
600 2633 772 2664 prauereunt.
790 2630 882 2658 Omnis

86 2677 147 2697 caro
173 2674 202 2696 ut
230 2670 332 2704 ferrum,
360 2675 385 2697 et
407 2672 492 2698 omnis
512 2673 597 2707 gloria
616 2673 730 2701 hominis
755 2679 881 2710 tanquam

87 2715 133 2748 ﬂos
156 2715 213 2750 [cui
228 2716 269 2742 "z
310 2722 419 2743 exortus
432 2722 470 2744 est
497 2718 537 2744 sal
553 2726 612 2745 cum
626 2720 733 2751 ardore,
745 2725 769 2747 et
784 2721 879 2748 arescit

86 2761 176 2794 fenum
192 2766 218 2788 et
234 2762 284 2796 ﬂos
296 2762 354 2797 ejus
378 2763 494 2797 decidit,
517 2769 541 2790 et
562 2765 640 2791 decor
654 2765 740 2792 rullus
765 2766 820 2801 ejus
835 2767 881 2794 de-

139 2852 161 2868 "
184 2850 266 2878 Prov.
288 2850 400 2883 “11,2.
441 2851 464 2867 "
480 2851 617 2884 Jacoh.|v.
635 2854 679 2884 Η,
709 2854 753 2882 15.

89 2887 109 2902 ⁸⁸
131 2887 227 2914 Jacob.
242 2894 260 2918 l,
294 2886 340 2913 Η.
377 2886 480 2913 "ibid.
504 2888 546 2913 10.
585 2889 607 2905 ¹⁹
622 2889 688 2916 ibid.
707 2889 750 2916 ll.

254 2932 395 2962 PATROL.
419 2933 477 2963 Gn.
501 2934 607 2964 XCIX.

801 2854 824 2870 "
842 2854 914 2881 Psal.
940 2863 1050 2886 Lsxxu,
1077 2855 1105 2883 6.

788 2890 811 2906 ⁸⁹
826 2889 899 2918 Psal.
916 2898 988 2925 xcrv,
1009 2891 1049 2926 l0,
1068 2891 1111 2920 11.
1148 2891 1170 2908 ⁶⁶
1187 2891 1270 2920 llcbr.
1290 2899 1317 2925 ι,
1334 2892 1380 2925 23,
1398 2892 1441 2920 ‘29.

926 1661 954 1688 in
973 1660 1048 1687 illam
1066 1660 1191 1695 requiem,
1208 1665 1237 1686 ut
1258 1668 1288 1686 ne
1302 1660 1329 1686 in
1348 1659 1463 1694 idipsum
1479 1660 1537 1694 quis
1552 1660 1654 1686 incidat
1673 1661 1715 1686 in-

926 1706 1092 1734 credulitatis
1111 1705 1301 1740 exemplum".
1317 1705 1388 1739 Quid
1412 1705 1463 1733 sibi
1478 1705 1717 1734 volens‘LSCilicct

927 1758 957 1781 ut
972 1753 1112 1781 lsraelitas
1126 1753 1230 1787 recepit
1245 1751 1318 1780 Deus
1331 1752 1553 1779 introducturum
1566 1759 1596 1779 se
1611 1752 1637 1779 in
1654 1760 1717 1787 pro-

925 1801 1042 1829 missum
1068 1800 1167 1833 solum,
1189 1803 1317 1826 ctcterum
1343 1797 1564 1830 contumacibus,
1586 1802 1613 1824 ct
1637 1797 1671 1824 ab
1683 1805 1717 1825 eo

927 1849 1040 1881 aversis,
1056 1854 1230 1882 nequaquam
1248 1845 1362 1880 contigit
1385 1845 1465 1877 inire,
1477 1844 1518 1872 sic
1540 1851 1574 1871 ne
1593 1851 1643 1871 nos
1656 1844 1718 1879 qui-

926 1895 999 1928 dem,
1012 1894 1102 1921 minus
1113 1892 1256 1920 audientes
1272 1891 1426 1926 praeceptis,
1440 1891 1467 1917 in
1483 1889 1595 1918 cmleste
1605 1898 1716 1926 regnum

927 1940 1100 1968 intrabimus.

963 1985 1232 2021 Quadraginlaatmis
1245 1984 1383 2015 prosimus
1390 1983 1429 2017 fui
1442 1982 1684 2018 generationihuic,
1693 1989 1719 2010 et

926 2034 983 2060 dixi
990 2040 1100 2066 semper,
1110 2031 1146 2058 Ili
1155 2035 1245 2058 errant
1255 2030 1333 2057 corde
1342 2038 1351 2062 ,'
1360 2029 1410 2064 ipsi
1416 2037 1473 2056 vero
1485 2037 1535 2056 non
1545 2035 1718 2064 cognoverunt

927 2079 982 2106 vias
998 2086 1080 2110 nicas,
1095 2085 1140 2112 ego
1156 2076 1248 2110 jnravi
1263 2076 1290 2102 in
1303 2076 1345 2101 ira
1360 2083 1418 2102 mea
1434 2074 1457 2101 si
1473 2075 1622 2101 introibunt
1635 2076 1662 2103 in
1677 2085 1721 2103 re-

927 2125 1012 2160 quiem
1029 2131 1114 2150 meam
1126 2123 1148 2139 ”
1167 2132 1174 2149 ;
1191 2123 1234 2148 lllC
1247 2129 1300 2149 non
1316 2128 1450 2148 annorum
1464 2119 1646 2155 quadraginta
1663 2121 1721 2156 agi-

929 2177 973 2197 tur
991 2177 1079 2202 mora,
1093 2168 1141 2196 sed
1157 2174 1289 2202 quantum
1305 2167 1494 2200 longissimum
1504 2170 1546 2194 est
1556 2166 1617 2194 vitae
1626 2166 1720 2201 cujus-

928 2224 981 2251 que
990 2216 1108 2251 spatium
1121 2222 1128 2241 :
1139 2214 1318 2250 quamobrem
1335 2213 1358 2240 si
1369 2213 1461 2240 minus
1469 2221 1580 2248 operam
1593 2213 1720 2240 dabimus

929 2267 959 2289 ut
973 2262 1065 2289 omnia
1083 2261 1131 2288 Dei
1156 2264 1291 2296 praecepta
1314 2267 1508 2294 exsequamur,
1525 2259 1652 2287 allabitur
1669 2267 1720 2287 nos

932 2315 1054 2344 quoque,
1069 2306 1184 2339 scilicet,
1195 2306 1334 2333 Nemeum
1346 2306 1445 2333 ineatis
1456 2313 1581 2340 regnum.
1591 2305 1653 2333 Jam
1666 2306 1722 2334 illis

933 2361 987 2381 non
1003 2353 1146 2388 ingressis,
1161 2359 1293 2380 corruere
1311 2353 1432 2379 membra
1448 2354 1475 2379 in
1487 2352 1607 2385 deserto,
1631 2356 1658 2379 at
1672 2360 1721 2380 no-

933 2400 976 2427 bis
1001 2407 1057 2426 non
1085 2398 1226 2432 ingressis,
1256 2402 1284 2424 et
1306 2405 1407 2432 corpus
1430 2403 1458 2425 et
1484 2398 1575 2426 anima
1598 2399 1625 2425 in
1649 2398 1721 2434 ignis

933 2445 1086 2480 gehennam
1102 2444 1282 2472 detrudentur
1300 2444 1394 2479 :quod
1415 2451 1510 2472 eorum
1534 2444 1645 2480 gravius
1658 2453 1722 2480 sup-

933 2493 1015 2527 plicio
1029 2497 1081 2520 est.
1096 2492 1238 2526 Siquidem
1251 2492 1385 2526 scriptum
1397 2497 1439 2520 est
1455 2501 1462 2519 :
1480 2493 1592 2520 Irritam
1606 2495 1664 2529 quis
1680 2495 1722 2529 fa-

934 2539 1005 2565 ciens
1022 2538 1104 2573 legem
1120 2537 1217 2573 Moysi,
1235 2538 1292 2565 sine
1308 2538 1365 2565 ulla
1379 2539 1668 2570 miseratione,duobus
1684 2540 1722 2566 vel

934 2584 1017 2610 tribus
1024 2584 1144 2615 testibus,
1153 2584 1278 2615 moritur;
1286 2588 1385 2619 quanto
1393 2586 1476 2619 magis
1484 2585 1584 2618 putatis
1591 2585 1722 2612 deteriora

935 2630 1030 2656 mereri
1043 2629 1174 2664 supplicia
1188 2630 1233 2664 qui
1243 2629 1345 2656 Filium
1355 2629 1404 2657 Dei
1415 2631 1616 2664 conculcaverit,
1625 2636 1650 2658 et
1658 2639 1723 2658 sau-

934 2675 1039 2710 guiuem
1053 2675 1202 2702 testamenti
1216 2675 1346 2708 pollutum
1360 2675 1478 2707 duaerit,
1495 2676 1523 2702 in
1535 2684 1585 2711 quo
1601 2677 1723 2712 sanctifi-

934 2725 1009 2747 catus
1023 2724 1061 2746 est
1073 2739 1081 2752 ,
1110 2725 1136 2747 et
1153 2720 1260 2754 spiritui
1275 2721 1369 2754 gratia
1383 2721 1570 2749 contumeliam
1586 2721 1723 2757 fecerit“?

937 2766 991 2795 Sed
1014 2776 1141 2803 quaenam
1163 2768 1205 2796 eis
1236 2775 1327 2796 causae
1354 2768 1508 2803 ingressum
1537 2769 1723 2804 ptacluserc?

1156 2856 1178 2872 ”
1195 2855 1267 2883 Psal.
1288 2863 1335 2889 cn,
1358 2856 1401 2884 15.
1457 2856 1503 2884 ⁵⁸1
1530 2855 1602 2885 Pctr.
1628 2865 1647 2890 I,
1677 2857 1722 2884 24.

1466 2938 1504 2970 18
