1916 3075
230 165 278 196 5ξῶ

266 167 281 197 5
816 153 846 182 S.
861 149 1057 182 THEODORI
1079 145 1250 176 STUDITE
1808 133 1862 163 .556

231 217 411 249 Incredulitas
427 236 433 248 ,
462 221 587 241 murmur
600 233 607 245 ,
629 210 799 244 obloquium,
827 204 1020 235 contradictio,
1037 205 1057 233 Α
1074 210 1151 229 mus:
1165 209 1228 228 nam
1244 198 1321 226 multi
1334 205 1363 224 ex
1374 197 1425 223 hoc
1437 193 1555 222 culmine
1564 196 1621 220 tum
1635 197 1707 218 nunc
1718 195 1862 217 corruere.

231 265 358 294 durities,
373 261 499 296 superbia
512 279 519 291 ,
543 264 668 292 stuprum
686 265 694 284 :
712 257 769 282 haec
794 257 859 281 sunt
887 258 948 286 qua:
971 258 1018 276 eos

235 311 386 347 perdidere.
402 309 487 344 Igitur
503 307 561 333 lucc
578 312 628 332 nos
645 309 755 338 quoque
773 299 882 328 lethalia
904 298 970 324 vitia
991 300 1020 323 ut

235 343 325 392 ignem
346 355 483 389 fugiamus
496 372 504 385 ,
530 351 642 378 minime
661 348 812 376 difﬁdentes
832 345 865 372 de
886 343 932 370 Dei
956 350 1019 378 pro-

236 391 329 431 missis
340 423 348 434 ,
367 401 432 436 quin
450 398 591 427 credentes
608 403 669 431 qua:
700 391 878 428 spoponderit
894 394 1022 425 praestare

237 453 318 479 etiam
335 456 424 484 posse,
442 455 493 474 neu
510 450 714 473 murmuremus
727 462 734 473 .
759 448 812 468 neu
828 439 1021 472 obloquatnur,

239 506 290 525 neu
306 495 536 524 contradicamus,
554 499 604 518 neu
622 489 849 519 obdurcseamus,
863 492 915 512 neu
930 490 1025 518 super-

241 544 357 574 Itiamus,
373 541 520 576 potiusque
535 537 651 564 invicem
667 542 719 562 nos
735 533 869 568 benignos
895 538 927 557 ac
944 529 1026 556 bene-

240 590 317 616 volos
332 587 514 622 praebeamus.
530 584 598 610 alter
614 581 694 608 alteri
711 579 908 607 condonantes,
928 581 1026 610 quem-

241 633 385 661 admodum
403 637 430 659 et
446 630 524 657 nobis
536 636 585 664 per
599 627 738 654 Christum
761 621 926 651 condonavit
944 620 1026 651 Deus,

242 688 348 715 semper
364 677 473 706 Domini
490 675 554 702 .lesu
570 680 663 700 necem
688 672 715 698 in
744 676 858 704 corpore
879 667 1029 700 circumge-

243 712 358 756 stantes,
377 724 409 750 ad
426 727 597 756 mortemque
612 726 661 754 pro
677 718 787 745 Christo
803 714 946 750 procincti,
962 712 1030 739 assi-

245 773 298 799 due
308 769 485 804 redintegrati
501 766 640 802 precibus,
653 763 798 798 supplicio,
817 760 957 796 lacrymis,
974 765 1031 785 caa-

245 817 355 844 lestium
371 812 631 848 contentplationum
650 808 815 844 spectaculis
832 814 839 834 :
858 806 957 841 quippe
976 804 1032 831 vita

247 861 299 888 hac
313 858 445 890 defuncti,
457 864 523 888 non,
534 860 563 882 tit
574 855 624 887 illi,
637 858 737 881 terram
750 852 907 879 invademus
918 856 1032 876 manan-

248 911 303 934 tem
318 905 398 932 melle
422 908 502 937 atque
521 902 598 932 lacte,
626 900 672 927 sed
694 902 900 926 mansuetorum
915 896 1033 930 plagam.

250 951 295 978 nhi
307 951 369 977 vitae
382 954 410 976 et
428 946 640 976 immortalitatis
652 944 789 979 scaturigo
808 947 867 975 est,
886 941 932 968 ubi
953 940 1036 967 cmle-

249 998 299 1025 stis
314 995 491 1029 Jerosolymaa
501 991 688 1028 pulchritudo,
706 990 753 1017 ubi
772 988 928 1022 triumphus
955 990 1038 1020 atque

249 1044 389 1078 gaudium,
411 1041 456 1069 ubi
469 1039 618 1068 illustratio
630 1039 716 1066 beatae
739 1044 772 1063 ac
786 1033 961 1070 praepotentis
977 1032 1038 1059 Tri-

250 1090 353 1122 uitatis,
366 1096 413 1123 per
425 1087 564 1115 Christum
577 1085 669 1113 Jesum
682 1083 826 1111 Dominum
840 1085 965 1107 nostrum
977 1088 983 1105 :
994 1078 1038 1106 cui

251 1136 335 1172 gloria
355 1141 382 1162 et
397 1133 541 1168 imperium
561 1139 624 1159 cum
638 1130 737 1160 Patre,
759 1135 790 1155 ac
809 1130 904 1154 saneto
921 1124 1038 1160 Spiritu,

254 1189 336 1215 nunc,
343 1185 371 1209 et
380 1187 496 1214 semper,
503 1179 530 1206 in
539 1183 704 1211 omnemque
716 1174 934 1210 perpetuitatem.
943 1171 1039 1198 Amen.

534 1221 650 1250 SERMO
664 1219 773 1248 XXXV.

256 1273 287 1300 In
303 1273 356 1299 diei
370 1270 466 1298 Basilii
483 1269 646 1296 memoriam.
664 1267 703 1294 De
717 1266 883 1300 virginitate,
899 1273 931 1291 ac
947 1264 1040 1298 fratris

409 1305 555 1332 Memnonis
573 1304 606 1330 ad
622 1303 724 1338 frugem
743 1301 881 1327 reditione.

289 1353 397 1380 Fratres
416 1352 576 1385 Patresque,
594 1349 640 1385 qui
656 1349 683 1375 in
708 1347 797 1375 stadio
812 1346 970 1376 decurrunt,
988 1351 1041 1370 non

257 1400 317 1434 plus
333 1398 416 1427 semel
432 1405 479 1432 per
493 1403 593 1423 annum
615 1395 765 1422 decurrunt
785 1399 894 1427 unoque
914 1389 1044 1425 tetnporis

257 1448 405 1474 momento,
420 1449 451 1468 ac
466 1441 507 1468 sic
525 1440 627 1467 abeunt
642 1446 657 1466 e
673 1437 832 1467 certamine,
849 1443 896 1463 seu
912 1435 1042 1466 victores,

258 1496 304 1516 seu
320 1487 394 1514 victi.
413 1486 548 1514 Caeterum
564 1483 611 1519 qui
622 1481 787 1518 virginitatis
803 1480 937 1516 quoddam
965 1478 1043 1513 quasi

258 1533 377 1560 stadium
395 1532 546 1566 permeant,
559 1529 577 1555 ii
593 1535 646 1555 non
664 1534 749 1554 unum
761 1525 844 1557 diem,
860 1525 925 1560 quin
938 1528 1044 1551 :etatem

259 1582 383 1609 currunt,
402 1583 435 1603 ac
453 1575 498 1610 pol
514 1581 627 1602 cursum
649 1572 696 1608 qui
711 1572 835 1599 obtutum
850 1570 937 1605 fugiat
950 1569 1044 1597 oculo-

259 1631 332 1656 rum,
349 1623 448 1657 quippe
464 1621 490 1647 in
508 1627 620 1647 arenam
635 1617 774 1654 progressi
789 1609 886 1644 contra
899 1616 991 1642 hostes
1006 1614 1047 1641 in-

259 1670 345 1697 visos.
365 1667 400 1695 Ut
417 1665 596 1702 proculdubio
610 1662 776 1698 virginitatis
797 1661 915 1688 maxima
938 1658 1047 1694 perfun—

259 1716 316 1743 ctio
332 1715 388 1747 sit,
411 1721 460 1741 ceu
478 1719 540 1747 quae
555 1710 617 1738 coeli
632 1710 739 1737 culmen
762 1707 886 1741 attingat.
906 1705 1046 1740 Siquidem

261 1763 379 1789 humana
393 1760 447 1785 vita
459 1758 486 1784 itt
497 1758 551 1784 duo
566 1756 677 1787 tributa,
693 1754 897 1781 matrimonium
924 1759 956 1778 ac
975 1750 1048 1778 cali-

263 1809 367 1838 batum,
384 1804 451 1831 illud
462 1803 586 1830 citimum
597 1800 737 1835 componit
750 1800 854 1831 orbem,
865 1799 908 1825 hic
919 1804 1047 1832 superum

263 1851 401 1886 complet;
423 1848 488 1876 illud
505 1846 685 1882 praestitutum
701 1845 749 1880 qui
761 1844 923 1879 corruptelae
938 1843 1048 1876 serviat,

265 1897 310 1924 hic
329 1895 376 1930 qtti
392 1893 599 1921 immortalitate
618 1891 802 1926 resplendeat.
819 1891 858 1917 Ac
872 1889 1050 1924 quemadmo-

264 1945 328 1971 dum
358 1941 380 1969 si
404 1940 540 1968 hominem
557 1938 619 1973 quis
632 1941 726 1965 cernat
748 1937 839 1963 alitem
853 1955 860 1968 ,
878 1943 932 1962 non
950 1934 1049 1969 injuria

265 1989 391 2020 miretur,
407 1991 437 2013 ut
453 1987 502 2013 hac
515 1984 645 2016 hominis,
661 1983 712 2010 hac
729 1982 818 2017 angeli
835 1986 910 2017 gerat
930 1981 1027 2008 faciem
1041 2001 1049 2013 ,

266 2039 302 2064 ita
318 2044 383 2064 sane
397 2035 444 2070 qui
461 2033 646 2069 virginitatem
661 2035 798 2064 exerceat,
811 2030 932 2057 insolens
946 2034 984 2057 est
1003 2028 1051 2055 ho-

265 2083 385 2111 minibus
403 2082 482 2117 juxta
505 2084 532 2108 et
549 2078 652 2114 angelis
675 2076 863 2112 spectaculum
882 2085 889 2103 :
910 2076 937 2102 in
967 2082 1052 2102 carne

266 2132 309 2155 est
322 2135 354 2153 ac
365 2133 447 2160 supra
463 2132 584 2157 carnem,
600 2123 627 2150 in
647 2122 748 2149 mundo
762 2129 794 2148 ac
810 2127 892 2154 supra
906 2119 1049 2151 mundum,

266 2181 321 2208 qua
335 2172 368 2199 de
383 2178 466 2199 causa
479 2175 506 2197 et
521 2169 652 2196 mundutn
670 2167 784 2203 liquisse
795 2167 897 2194 dicitur
907 2185 914 2198 ,
938 2169 968 2192 ut
990 2165 1053 2191 vitae

1071 250 1097 276 hi
1116 247 1242 282 superbia
1253 244 1362 276 confixi,
1378 243 1415 269 illi
1431 247 1529 275 segnes
1557 246 1589 266 ac
1605 238 1726 264 inertes:
1741 240 1863 269 quorum

1071 293 1175 321 utrovis
1195 291 1286 319 animo
1299 289 1435 325 pernicies
1460 285 1651 314 centrahatur.
1667 280 1811 314 Quodnam
1822 283 1865 306 est

1071 347 1136 374 ergo
1147 335 1324 372 praesidium?
1339 334 1387 360 Avi
1416 332 1443 359 in
1460 331 1551 358 volatu
1569 329 1687 364 positum
1704 325 1865 361 praesidium

1073 390 1125 418 est,
1157 392 1218 419 qua:
1239 381 1354 416 aucupis
1368 379 1515 407 adventum
1528 375 1660 404 sentiens.
1674 372 1772 407 pennis
1782 370 1867 397 didu-

1075 417 1136 464 ctis,
1155 417 1324 464 supervolat,
1339 434 1371 454 ac
1396 429 1539 460 eapturam
1562 420 1671 455 effugit;
1689 418 1722 445 ad
1736 417 1866 445 eumdent

1077 478 1186 504 modum
1211 483 1260 502 nos
1278 479 1402 508 quoque,
1428 469 1510 497 simul
1535 467 1689 495 animorum
1705 467 1867 491 nostrorum

1077 527 1200 558 captator
1213 520 1338 548 imminet
1349 516 1488 547 diabolus,
1509 521 1558 541 ceu
1571 512 1697 539 volucres
1710 508 1821 544 spiritu,
1837 515 1868 534 su

1077 569 1154 598 blimi
1167 570 1274 602 arrepta
1285 561 1527 598 contemplatione,
1537 565 1635 593 supera
1643 562 1809 591 quazramus.
1818 561 1869 580 su-

1078 623 1143 652 pera
1159 599 1322 650 spectemus.
1342 610 1479 637 Laevorem
1496 607 1541 633 ille
1553 603 1699 639 voluptatis
1712 599 1873 635 subiectat?

1079 647 1134 690 iVos
1167 647 1337 687 nobilitatem
1372 660 1543 682 revereamut
1582 649 1679 677 animi.
1713 647 1761 673 ille
1791 652 1874 672 noxa:

1081 707 1309 744 pcrpetrationcm
1337 700 1480 737 suggerit?
1504 698 1561 726 Nos
1577 696 1672 732 iudicii
1693 700 1805 730 poenam
1827 700 1874 718 re-

1082 738 1235 782 volvamus.
1260 751 1349 785 Atquc
1374 749 1432 776 lucc
1459 747 1511 774 illis
1534 747 1717 779 opponentes,
1743 745 1770 767 et
1796 738 1875 773 cogi-

1083 801 1148 829 tatis
1178 799 1295 832 eogitata
1322 795 1501 830 repellentes,
1526 792 1560 819 ab
1585 789 1718 823 sacrilego
1750 785 1876 814 servabi-

1086 855 1157 874 mur.
1187 845 1248 873 Iam
1271 843 1335 879 quis
1357 840 1537 869 certaminum
1553 836 1634 865 finis?
1655 835 1706 868 Qui
1725 832 1877 860 carnaliter

1085 895 1211 922 currant,
1238 886 1402 922 temporaria
1420 891 1521 912 corona
1533 903 1540 914 ,
1565 890 1615 908 nos
1633 879 1819 913 sempiterna;
1839 876 1877 902 illi

1086 937 1186 973 gaudio
1216 934 1335 966 mortali,
1358 940 1408 959 nos
1436 928 1581 958 immortali
1605 925 1744 960 triumpho
1769 927 1877 950 macta—

1087 992 1158 1011 mur.
1174 982 1214 1009 Ac
1228 989 1289 1011 nos,
1309 979 1419 1011 fratres,
1436 976 1541 1006 beatos,
1557 974 1579 1000 si
1600 979 1675 1006 spem
1691 991 1697 1003 ,
1725 977 1779 1004 qua
1808 976 1878 1002 pra:-

1089 1031 1130 1059 fisi
1146 1029 1361 1063 triumphamus,
1376 1025 1410 1052 ad
1421 1028 1574 1051 extremum
1591 1022 1761 1048 constantem
1775 1016 1878 1043 retine-

1089 1088 1162 1108 mus.
1178 1078 1265 1113 lgitur
1280 1077 1427 1105 instemus,
1441 1072 1548 1101 hortor,
1566 1068 1705 1104 precibus,
1728 1064 1877 1100 supplicio,

1089 1110 1307 1159 cornpunctioni,
1333 1117 1482 1154 lacrymis,
1513 1113 1676 1144 humilitati,
1701 1110 1879 1139 obedientitr,

1090 1168 1270 1200 confessioni,
1289 1165 1456 1195 ministerio.
1475 1162 1638 1195 caaterisque
1659 1157 1803 1186 laboribus
1824 1163 1882 1182 mo-

1091 1216 1216 1248 nasticis,
1237 1222 1269 1242 ac
1286 1213 1340 1240 Deo
1365 1211 1434 1240 duce
1450 1214 1546 1238 contra
1563 1207 1666 1234 hostem
1689 1203 1805 1230 victoria
1834 1209 1882 1236 po-

1093 1264 1204 1291 tiemur.
1232 1259 1285 1288 Sed
1311 1259 1367 1286 haec
1391 1257 1538 1284 hactenus.
1559 1251 1636 1285 Quod
1652 1249 1810 1286 proximum
1827 1252 1882 1278 est,

1093 1309 1125 1335 de
1154 1307 1240 1334 fratre
1268 1303 1422 1332 Memnone.
1452 1305 1630 1336 posteaquam
1660 1301 1802 1328 utcunque
1824 1293 1883 1326 jam

1094 1353 1219 1388 resipuit,
1244 1348 1452 1385 amplectendus
1474 1346 1554 1374 nobis
1577 1348 1630 1377 est,
1655 1349 1689 1370 ne
1715 1348 1796 1376 :equo
1821 1339 1883 1367 lou-

1095 1401 1172 1436 giore
1198 1397 1309 1426 tristitia
1348 1395 1492 1422 obruatur.
1523 1392 1686 1426 Quanquam
1715 1389 1766 1416 hoc
1796 1389 1885 1415 habeo

1094 1447 1196 1478 dicere,
1230 1444 1276 1479 qui
1305 1446 1447 1477 peccatum
1477 1439 1558 1467 faciat
1587 1446 1642 1465 non
1671 1443 1781 1463 servum
1802 1435 1886 1461 modo

1095 1499 1155 1520 esse
1187 1490 1292 1526 peccati
1304 1489 1338 1520 ⁶¹,
1366 1492 1397 1514 ut
1424 1486 1476 1513 fert
1503 1484 1612 1512 Domini
1641 1482 1796 1513 sententia,
1839 1480 1886 1507 scd

1058 1546 1080 1576 ο
1096 1539 1177 1566 etiam
1202 1537 1256 1571 piis
1277 1533 1486 1566 exsecrabilem,
1502 1539 1534 1558 ac
1559 1530 1615 1558 fors
1638 1529 1721 1564 pudet
1744 1535 1797 1555 nos
1821 1535 1886 1555 eum

1097 1585 1140 1611 vel
1169 1583 1300 1613 salutare,
1327 1588 1360 1608 ne
1388 1579 1453 1614 quid
1474 1581 1588 1613 peccato
1614 1576 1803 1610 inquinentur.
1834 1573 1887 1600 Sed

1097 1630 1228 1666 quoniam
1246 1627 1380 1654 Dominus
1398 1630 1492 1652 uoster
1506 1622 1586 1650 Iesus
1599 1621 1726 1648 Christus
1742 1624 1888 1654 nepotem,

1099 1675 1275 1702 facultatibus
1290 1673 1317 1699 in
1335 1670 1495 1699 meretrices
1519 1667 1814 1704 profusis,‘reversum
1833 1672 1888 1690 non

1098 1725 1141 1748 est
1156 1723 1309 1750 aversatus,
1323 1725 1373 1744 ttec
1387 1723 1438 1744 nos
1454 1721 1626 1745 aversemur,
1645 1712 1755 1746 lzctique
1774 1709 1889 1737 fratrem

1099 1766 1299 1800 amplexemur,
1327 1770 1359 1790 ac
1387 1765 1477 1797 grates
1502 1763 1613 1795 agentes
1638 1758 1671 1784 de
1695 1756 1891 1784 emendatione

1100 1811 1283 1847 gratulemur,
1303 1809 1383 1842 eique
1401 1814 1461 1842 quae
1480 1806 1506 1832 in
1522 1812 1579 1832 rem
1595 1803 1650 1830 sint
1666 1809 1836 1837 poscamus:
1854 1801 1890 1827 ita

1101 1846 1174 1884 enim
1191 1862 1252 1890 qua:
1264 1853 1413 1888 jubeamur
1429 1854 1550 1885 agentes,
1569 1856 1618 1875 ceu
1642 1847 1722 1874 Verbi
1747 1846 1890 1880 discipuli,

1101 1902 1213 1930 cmleste
1239 1906 1353 1934 regnum
1370 1897 1538 1924 erciscemur
1560 1901 1608 1929 per
1625 1892 1769 1920 Christum
1795 1890 1891 1918 Jesnm

1103 1947 1249 1975 Dominum
1265 1949 1401 1974 nostrum,
1420 1942 1464 1969 cui
1486 1941 1572 1976 gloria
1599 1943 1627 1966 ct
1648 1938 1796 1972 imperium
1828 1945 1891 1964 cum

1102 1994 1193 2024 Patre,
1209 1999 1241 2019 ac
1263 1995 1358 2018 sancto
1375 1988 1491 2023 Spiritu,
1511 1993 1583 2013 nunc
1599 1991 1627 2012 et
1642 1991 1764 2019 semper,
1783 1983 1811 2010 in
1830 1990 1893 2010 ont-

1103 2046 1222 2074 nemque
1233 2036 1457 2073 perpetuitatem.
1476 2033 1574 2060 Amen.

1365 2079 1480 2108 SEltMO
1504 2077 1625 2106 XXXVI.

1103 2132 1168 2159 Post
1185 2131 1298 2158 lumina.
1309 2128 1348 2154 Ad
1357 2125 1535 2153 constantiam
1545 2124 1571 2150 in
1584 2121 1893 2159 confessioneobeunda,

1119 2157 1200 2201 deque
1213 2166 1298 2199 fratre
1312 2159 1664 2189 Tlieodulidecessu,dictus
1678 2157 1774 2184 mediis
1787 2157 1875 2191 festis.

270 2220 428 2246 institutum
445 2217 546 2244 mundo
562 2214 708 2242 sublimius
722 2213 875 2248 amplexus.
899 2211 1054 2239 Ostendunt
1071 2209 1091 2236 D
1141 2211 1251 2238 Fratres
1275 2210 1437 2243 Patresque,
1470 2205 1660 2240 superioribus
1686 2203 1768 2230 annis
1793 2203 1896 2233 feriati,

267 2265 293 2292 id
318 2265 386 2291 adeo
406 2264 465 2290 haec
493 2261 600 2289 Domini
626 2261 654 2287 in
677 2259 831 2294 Evangeliis
860 2258 964 2285 verba:
988 2257 1055 2284 Sunt

268 2309 391 2340 eunuchi,
420 2308 465 2343 qui
488 2307 519 2334 de
539 2310 614 2333 utero
630 2306 724 2332 matris
742 2305 780 2332 sic
794 2304 850 2331 nati
867 2308 938 2335 sunt,
953 2307 977 2330 et
995 2307 1056 2329 sunt

270 2355 392 2386 eunuchi,
407 2354 451 2388 qui
467 2354 580 2380 castrati
589 2355 650 2379 sunt
667 2351 699 2377 ab
716 2351 874 2383 hominibus,
890 2353 914 2376 et
934 2353 994 2375 sunt
1011 2357 1057 2375 eu-

276 2399 364 2432 nuchi,
378 2400 422 2434 qui
438 2400 535 2433 seipsos
550 2401 729 2425 castraverunt
757 2401 863 2431 propter
886 2403 993 2429 regnum
1007 2402 1057 2421 cm-

278 2447 382 2479 lorum;
399 2447 443 2481 qui
455 2450 539 2480 potest
556 2453 657 2480 capere,
670 2444 758 2478 capiat
771 2444 803 2469 σί.

310 2491 416 2519 Videtis
440 2495 469 2517 ut
488 2491 540 2518 hoc
559 2491 642 2525 vulgo
659 2489 775 2523 incapax
793 2488 895 2515 donum
912 2491 954 2514 est
976 2487 1057 2514 solis-

275 2546 330 2574 que
349 2538 482 2564 tribulum
495 2537 540 2570 qui
559 2537 642 2563 vitam
661 2534 747 2561 iniere
760 2532 940 2560 crucifixam?
954 2531 1057 2564 Quam-

269 2584 362 2611 obrem
383 2582 518 2613 laetemur,
536 2585 560 2608 et
579 2581 651 2607 inter
673 2587 724 2606 nos
745 2577 922 2610 colitetemur,
947 2577 1056 2609 fratres.

269 2628 383 2663 agendis
394 2629 478 2655 etiam
495 2626 604 2662 gratiis,
627 2625 699 2660 quod
717 2624 763 2652 Dei
782 2624 914 2651 beneficio
930 2623 963 2651 ad
984 2623 1054 2651 hanc

267 2675 428 2710 dignitatem
444 2680 541 2701 sumus
559 2672 660 2705 vocati,
677 2679 731 2706 qtta
753 2671 907 2698 illnstretur
925 2669 1006 2701 Deus,
1028 2674 1055 2697 ct

269 2719 393 2747 homines
406 2718 589 2746 admiratione
602 2717 748 2744 ducantur.
764 2715 857 2750 Neque
871 2715 896 2742 id
909 2718 1055 2746 duntaxat,

271 2767 316 2793 sed
335 2774 417 2801 quam
434 2768 523 2800 potest
535 2762 813 2798 circumspectissime
828 2762 910 2788 vitam
923 2761 1055 2796 perduca-

306 2867 326 2882 “
350 2866 440 2892 Matth.
460 2873 514 2897 xix,
534 2865 576 2891 1'2.
615 2863 637 2879 "
656 2863 734 2891 Joan.
757 2871 814 2895 \‘lll,
832 2862 876 2889 5i.

1105 2257 1227 2286 nondum
1257 2255 1341 2282 ferias
1367 2258 1397 2280 ut
1429 2259 1501 2279 nunc
1532 2251 1664 2285 temporis
1689 2249 1809 2276 Domino
1839 2248 1897 2274 Deo

1104 2308 1201 2332 nostro
1212 2301 1379 2337 peregimus,
1394 2298 1500 2326 scilicet
1513 2297 1539 2323 in
1553 2297 1609 2323 aede
1623 2303 1712 2325 sacra,
1731 2302 1762 2321 ac
1776 2294 1897 2321 fratrum

1105 2349 1209 2384 majore
1233 2346 1346 2374 comitio
1372 2354 1380 2372 :
1408 2343 1507 2371 videtis
1537 2342 1609 2369 enirn
1636 2346 1663 2368 et
1691 2340 1898 2375 frequentiores

1106 2395 1216 2425 choros,
1243 2397 1271 2420 et
1294 2392 1387 2427 plures
1412 2397 1532 2422 mensas,
1562 2389 1654 2423 idque.
1675 2386 1722 2422 qui
1750 2386 1780 2414 in
1807 2387 1899 2413 alieno

1108 2441 1167 2468 solo
1181 2441 1322 2474 degamus.
1340 2437 1369 2464 lu
1387 2444 1441 2470 quo
1462 2440 1505 2463 est
1522 2442 1571 2462 cur
1595 2433 1777 2469 gaudeamus.
1799 2440 1832 2459 ac
1844 2437 1899 2458 tre-

1109 2494 1218 2514 mantus
1231 2491 1359 2520 quoque;
1376 2482 1454 2514 illud,
1472 2482 1518 2516 qui
1539 2481 1584 2508 Dei
1603 2479 1808 2515 promissorum
1823 2478 1899 2505 frua-

1108 2541 1169 2560 mur
1186 2535 1303 2563 eventu;
1323 2531 1385 2561 hoc,
1406 2528 1453 2563 qui
1474 2527 1578 2562 indigni
1604 2526 1692 2553 simus
1707 2525 1846 2559 accipere,
1863 2531 1901 2549 ne

1107 2579 1283 2605 immemores
1323 2575 1480 2604 bonorum,
1522 2571 1674 2599 beneficum
1713 2575 1901 2604 provocemus

1107 2631 1185 2651 suam
1200 2621 1284 2649 nostri
1301 2619 1521 2655 procurationem
1534 2617 1677 2647 claudere;
1692 2623 1755 2642 nam
1770 2615 1899 2649 equidem

1108 2670 1132 2697 si
1159 2669 1291 2696 beneticia
1317 2673 1454 2694 memores
1478 2671 1613 2696 tenemus,
1647 2663 1743 2690 timide
1767 2670 1832 2689 eum
1871 2667 1900 2687 et

1109 2715 1288 2743 formidolosc
1305 2714 1439 2744 colentes,
1468 2712 1549 2739 etiam
1577 2711 1718 2744 etiamque
1751 2708 1899 2736 confirmat

1110 2760 1183 2789 Deus
1208 2767 1258 2788 nec
1288 2759 1424 2786 defectum
1452 2757 1486 2784 iri
1517 2756 1612 2783 farinae
1639 2753 1820 2789 capedinem,
1847 2760 1897 2778 nec
