1916 3075
81 141 130 173 L57

655 139 856 170 SERMONES
870 139 1127 170 CATECHETICI.

1649 143 1701 175 558

80 197 215 224 minutum
241 195 294 223 olei
321 195 469 230 ampullam
482 195 514 222 ".
544 195 582 223 Dc
609 200 709 223 caetero
732 201 862 230 spectate.
879 201 899 227 Λ
915 205 976 224 rum
998 196 1143 229 bonorum,
1169 203 1197 225 et
1221 197 1386 232 perduellem
1414 205 1504 225 meum
1533 198 1700 226 colneredem

80 245 188 275 tratres,
211 246 241 269 ut
257 241 330 269 feria:
347 242 493 273 decedunt,
517 242 689 269 celebritates
710 243 864 276 solvuntur,

79 289 139 316 dies
163 292 368 323 przetermeant,
398 292 481 322 atque
503 287 566 314 hinc
591 288 707 322 quilibet
732 289 863 316 abimus:

77 337 132 371 jam
149 336 220 362 obiit
234 339 262 361 et
277 334 361 361 frater
379 334 547 366 Theodolus,
563 339 645 369 atque
667 335 711 362 hic
726 343 741 363 e
758 335 864 371 primis,

79 386 105 408 ct
115 380 274 408 obedientia
287 383 438 414 spectatus.
453 383 480 406 et
493 380 520 406 ιιι
536 379 708 407 confessione
724 386 866 414 constans,

80 427 173 462 flagris
194 427 230 453 ob
246 425 401 458 Christum,
416 433 449 452 ac
465 433 576 453 carcere
597 426 739 458 multatus,
758 427 867 461 vitaque

80 474 106 499 in
130 471 324 506 persecutione
346 470 516 498 defunctus:
542 478 598 505 quo
623 471 687 505 quid
713 471 867 498 illustrius?

81 522 120 544 tot
146 522 258 544 nostros
277 515 377 543 fratres
398 515 543 551 (siquidem
568 515 600 542 ad
626 521 736 542 centum
758 520 785 543 et
809 524 867 543 am-

80 564 152 599 plius
165 563 266 590 crescit
282 561 440 596 numerus),
457 561 601 589 stellarum
619 561 707 588 instar
719 561 865 596 fulgentes,

80 610 106 635 in
137 616 200 643 quae
225 607 325 641 abjccti
355 606 414 634 loca
449 611 531 638 sunt,
560 606 680 634 indidem
709 614 787 634 sacra
818 614 868 634 sua

79 661 197 688 corpora
214 658 271 680 tum
290 653 398 685 coaevis,
420 657 476 679 tum
503 653 623 686 posteris
644 652 678 680 ad
701 653 869 680 ortltodoxia:

79 700 268 727 testimonium
284 699 439 734 reliquisse.

114 745 212 780 Neque
229 745 319 772 solum
335 744 369 771 de
389 745 439 771 hac
455 748 549 772 nostra
574 749 706 780 tanquam
729 745 869 780 republica

79 791 197 826 loquor,
223 790 271 817 sed
300 789 382 816 etiam
404 789 452 824 qui
475 797 508 817 ex
534 790 594 816 aliis
620 791 810 818 contuberniis
835 791 869 818 ad

80 843 176 863 necem
193 835 269 869 petiti
290 834 433 861 decessere
449 843 455 860 :
473 841 536 860 nam
557 833 601 868 pol
615 841 664 860 eos
683 833 757 861 haud
770 841 870 861 accen‘

917 243 1050 278 coepistis.
1075 243 1153 276 Quod
1178 248 1319 278 superest,
1347 243 1429 275 abite,
1461 243 1648 276 detestabiles,
1673 244 1700 271 itt

918 290 1006 324 ignem
1053 294 1210 324 perpetem,
1244 289 1353 316 diabolo
1386 289 1499 324 ejusque
1539 289 1701 317 satellitibus

917 340 1043 370 paratum
1056 335 1089 363 ⁸⁸.
1117 335 1170 362 Sed
1197 342 1381 370 nequaquam,
1408 334 1517 366 fratres,
1538 335 1626 362 diram
1641 344 1701 363 eam

917 389 1032 413 vocem,
1055 389 1087 408 ac
1112 386 1232 409 atrocem
1253 383 1425 409 stomachum
1449 382 1618 415 sentiamus,
1635 383 1701 417 quin

917 426 992 453 omni
1011 433 1063 460 ope
1078 433 1209 453 conemttr
1222 427 1303 453 vitam
1323 426 1466 460 anteactis,
1489 432 1702 454 consentaneatn

917 472 1027 504 ducere,
1038 474 1184 507 puritatem
1198 473 1342 507 complexi,
1351 473 1486 508 lacrymas
1497 473 1703 508 profundentes,

919 517 1003 544 animi
1018 521 1149 552 tanquam
1165 518 1284 544 stimulis
1299 522 1448 549 scatentes,
1465 525 1525 551 qua:
1537 518 1563 544 in
1577 518 1704 545 manibus

920 565 976 591 sint
992 564 1078 592 officia
1106 568 1286 599 peragentes,
1312 563 1429 591 sollicite
1453 564 1481 591 in
1504 571 1588 598 opere
1610 564 1704 591 divino

926 615 1007 637 noctu
1040 615 1067 638 et
1094 610 1212 637 interdiu
1237 610 1419 642 excubantes,
1454 617 1486 637 ne
1514 618 1568 645 qua
1591 610 1704 645 illapsus

920 657 1007 684 hostis
1022 656 1144 684 anitnum
1161 656 1340 691 negligentem
1358 655 1477 683 trucidet
1492 665 1498 683 :
1517 663 1579 682 nam
1597 657 1703 683 utinam

919 703 961 729 vel
980 703 1126 737 vigilantes
1150 703 1298 730 draconem
1324 702 1474 738 fugiamus,
1498 707 1604 730 tantum
1628 703 1705 730 abest

921 752 950 775 ut
965 748 1075 783 paulum
1097 748 1296 775 dormitantes!
1314 748 1417 776 Socors
1441 748 1585 782 labilisque
1608 753 1705 775 natura

920 799 973 827 est,
993 795 1067 822 dicet
1098 795 1247 829 quispiam.
1266 795 1365 822 Fateor
1390 795 1515 829 equidem
1541 802 1651 829 quoque
1666 794 1706 820 uti

922 840 948 867 in
960 841 1083 867 eamdem
1096 841 1147 868 sim
1160 841 1350 874 conscriptus;
1364 840 1410 867 sed
1429 840 1537 875 quoties
1552 840 1577 867 id
1590 840 1705 872 accidet,

79 889 168 912 scam,
182 880 231 914 qui
245 884 309 906 ante
330 879 559 913 oppugnationem
574 878 694 905 sedatam
716 878 749 906 ad
767 885 868 905 mona-

922 886 1002 913 toties
1020 885 1172 920 expeditior
1198 873 1353 918 confessio,
1385 873 1547 919 ptetiitndo,
1578 885 1706 912 contritio

78 927 164 954 steria
182 931 331 958 revertere,
347 925 426 959 quasi
445 925 556 959 quidatn
571 924 727 952 desertores
742 924 844 952 milites
859 933 866 952 :

79 975 183 1008 quippe
209 973 343 1006 scriptum
366 975 428 998 est:
445 970 514 1003 Pax,
535 975 627 997 etnon
647 969 868 1004 eratpax“;et:

82 1019 133 1046 Ubi
148 1024 173 1045 te
184 1018 327 1049 inveniam,
342 1016 398 1043 illic
412 1021 434 1043 te
444 1014 572 1050 judicabo
582 1015 617 1041 “.
634 1014 703 1049 Ergo
717 1014 762 1042 hic
775 1013 870 1049 ingens

79 1070 124 1094 est
140 1065 186 1092 Dei
205 1064 337 1091 Ecclesia;
359 1063 471 1094 tibicen,
497 1066 602 1089 tantam
618 1061 750 1088 habuisse
769 1061 868 1088 nubem

81 1117 236 1146 martyrum
261 1116 311 1144 pro
336 1108 442 1136 Domini
474 1107 561 1135 nostri
583 1106 648 1134 Jesu
666 1107 780 1139 Christi,
808 1107 869 1134 Dei-—

79 1165 165 1193 parte,
182 1158 363 1191 omniumque
389 1154 509 1189 imagine
533 1158 694 1181 sanctorum
719 1152 868 1180 adoranda.

81 1203 270 1238 Quamobrem
294 1206 324 1228 ut
348 1201 447 1236 pignus
464 1200 538 1227 aliud
555 1199 661 1226 nullum
684 1202 821 1233 suppetat,
843 1197 869 1225 id

79 1257 170 1277 unum
186 1249 255 1276 satis
273 1252 316 1275 est
330 1246 450 1275 cordatis
468 1245 616 1280 probandae
629 1245 748 1272 veritati.

117 1296 293 1330 Quapropter
307 1294 401 1321 hostes
423 1293 534 1328 pudeat,
551 1292 598 1327 qui
613 1292 749 1319 diversam
763 1290 870 1326 opinio-

79 1351 145 1370 nem
163 1345 229 1370 sunt
251 1340 339 1368 secuti
355 1349 362 1367 :
380 1339 480 1366 etenim
502 1339 565 1373 quis
583 1337 732 1373 (malum!)
753 1338 800 1372 qui
824 1344 871 1365 eo-

79 1398 144 1418 rum
162 1388 325 1423 religionem
348 1389 544 1421 propugnaret,
559 1391 698 1412 aerumnas
712 1391 759 1411 eas
774 1390 871 1411 susce-

78 1436 146 1472 pit?
163 1434 279 1462 Minime
293 1439 370 1464 vero,
386 1432 452 1466 quin
466 1430 540 1458 velut
556 1430 706 1464 noctivaga:
718 1429 871 1456 animantes

78 1484 110 1510 in
124 1486 207 1510 nocte
221 1479 334 1507 lizeresis
345 1478 447 1509 volant,
462 1485 494 1505 ac
506 1477 661 1512 praelidunt,
675 1480 704 1503 at
716 1476 871 1503 luccscente

77 1529 138 1560 die,
163 1531 282 1560 ortuque
309 1523 436 1551 Lucifero
460 1521 640 1554 orthodoxize,
665 1521 768 1549 abdunt
790 1528 820 1548 se
843 1520 870 1548 in

79 1580 218 1601 cavernas
241 1570 382 1604 sacrilegae
416 1576 472 1596 sum
498 1568 597 1595 mentis
621 1572 649 1595 et
675 1567 787 1602 ingenii.
818 1565 871 1594 Sed

79 1620 216 1648 nimirum
236 1618 308 1652 ignis
323 1616 366 1643 sui
386 1616 457 1647 luce,
478 1619 506 1642 et
517 1621 600 1648 quam
617 1613 779 1645 accendere,
792 1613 870 1640 llam—

79 1674 127 1694 ma
152 1668 317 1700 grassantur
332 1672 341 1690 :
358 1669 419 1693 nos,
447 1661 547 1687 fratres
572 1659 749 1692 cltarissimi,
775 1666 791 1686 a
816 1657 871 1686 Deo

79 1710 235 1740 constructi
259 1716 342 1744 super
360 1708 547 1742 apostolorum
576 1710 722 1740 vatumque
747 1712 780 1732 ac
801 1703 871 1731 divi-

79 1765 181 1786 norum
208 1756 322 1783 Patrum
348 1753 542 1784 fundamento,
572 1751 642 1778 firmi
669 1750 870 1782 consistamus,

79 1804 223 1838 nullisque
257 1802 428 1836 inposterum
469 1797 598 1826 humanis
635 1796 871 1825 terriculamentis

78 1849 231 1886 prafracti.

115 1896 256 1922 Caeterum
275 1891 385 1919 infracti
416 1891 516 1921 simus,
545 1889 568 1917 si
592 1896 624 1917 ex
649 1888 772 1923 Apostoli
799 1895 870 1923 prae-

76 1942 198 1976 scripto,
211 1946 321 1970 aurum,
338 1941 495 1972 argentum,
507 1935 642 1970 pretiosos
655 1934 759 1969 lapides
776 1941 870 1968 super-

77 1993 237 2017 struamus,
262 1991 317 2011 non
343 1983 433 2018 ligna,
460 1981 565 2014 fenum,
585 1980 724 2015 stipulam,
743 1979 814 2014 ignis
830 1979 871 2006 fo—

76 2032 240 2062 menta“:
270 2037 332 2058 nam
360 2029 400 2056 sic
435 2028 586 2055 stabilitum
621 2026 689 2053 nihil
722 2031 764 2054 est
796 2025 870 2060 quod

76 2082 230 2108 demovere
242 2078 269 2104 in
283 2076 367 2103 Deum
381 2074 508 2101 fiduciam
523 2077 616 2108 queat.
632 2072 671 2099 Ac
685 2078 869 2103 revereamur,

77 2127 192 2156 fratres,
210 2128 237 2150 et
252 2122 314 2149 festi
338 2121 410 2155 quod
434 2119 554 2146 obiimus
581 2125 723 2145 arcanum.
748 2116 869 2144 Christus

76 2180 128 2200 nos
148 2169 262 2197 redemit
285 2167 318 2193 de
339 2165 478 2192 maledicto
510 2164 583 2199 legis,
613 2163 701 2198 [actus
724 2170 772 2196 pro
796 2161 869 2188 nobis

76 2216 254 2244 maledictum
263 2214 296 2246 ⁸⁷,
320 2213 360 2239 uti
378 2212 512 2246 scriptum
533 2213 575 2238 est
593 2218 600 2236 :
620 2209 712 2244 itaque
731 2215 764 2235 ne
781 2208 868 2235 simus
885 2202 906 2229 Ι)

75 2264 154 2290 ultra
169 2259 320 2292 maledicti,
336 2259 462 2285 Christus
478 2264 528 2284 nos
548 2257 575 2283 in
588 2263 639 2283 suo
653 2254 789 2289 sanguine
806 2253 871 2281 lavit

76 2316 130 2344 per
165 2305 384 2342 regenerationis
412 2304 571 2334 lavacrum,
602 2309 635 2328 ac
665 2300 870 2327 renovationem

75 2354 207 2390 spiritus,
223 2359 256 2379 ne
268 2351 301 2378 ad
316 2351 388 2378 foeda
404 2349 538 2381 facinora,
559 2347 696 2378 detestati,
713 2345 868 2373 redeamus.

77 2389 130 2428 Sin
150 2399 257 2430 minus,
274 2394 454 2431 apparitionis
479 2401 536 2422 suae
555 2393 599 2421 die
616 2389 802 2428 (crediderim)
820 2397 870 2417 nos

75 2446 213 2474 aﬂabitur
236 2444 263 2471 in
287 2443 346 2470 haec
361 2442 443 2469 verba
461 2439 612 2474 :Equidem
632 2444 814 2472 concorpores
839 2443 872 2464 ac

75 2492 240 2522 conformes
253 2497 302 2517 vos
319 2487 436 2520 reddidi,
453 2491 481 2514 et
497 2493 556 2513 mea
573 2484 697 2512 membra
717 2482 870 2510 meretricis

75 2538 206 2566 membra
222 2535 373 2566 effecistis;
391 2541 406 2560 a
423 2531 544 2567 peccatis
560 2530 644 2562 ablui,
662 2529 769 2556 macula
783 2527 868 2560 nulla,

75 2591 127 2613 aut
141 2591 223 2618 ruga,
249 2586 298 2609 aut
320 2579 405 2608 simili
421 2585 562 2613 quoquam
580 2576 719 2611 praeditos,
736 2579 763 2602 et
786 2573 868 2601 vitio-

75 2639 141 2659 rum
163 2629 302 2664 padorem
319 2624 500 2660 redamplexi,
523 2622 658 2651 scelerum
678 2620 790 2655 fuligine
807 2625 868 2646 sor-

74 2678 173 2709 detis;
189 2675 310 2702 animam
330 2673 411 2700 beata
436 2671 506 2702 luce,
530 2673 656 2697 sanctum
676 2667 791 2702 largitus
807 2665 869 2700 Spi-

75 2723 177 2753 ritum,
195 2719 318 2754 rcplevi,
357 2721 384 2745 et
415 2721 533 2744 mentem
562 2712 742 2741 redltibuistis
775 2710 868 2738 sedem

75 2766 298 2804 grassatricibus
320 2763 419 2796 noxis;
441 2761 563 2789 heredes
587 2757 726 2794 designavi
750 2761 867 2784 aeterno-

921 931 1026 965 cordis,
1054 931 1088 958 ad
1114 931 1219 965 frugem
1244 931 1352 962 reditio,
1380 931 1406 957 in
1434 931 1578 965 antiquum
1604 935 1705 958 statuat

920 977 1075 1004 revertendi
1094 977 1229 1004 celeritas.
1251 977 1340 1012 Atque
1357 977 1400 1004 his
1415 977 1536 1011 quotidie
1559 977 1705 1011 perfuncti,

920 1031 982 1051 cum
1001 1023 1056 1050 voti
1082 1027 1223 1058 compotes
1249 1023 1368 1055 ﬁamus,
1394 1026 1471 1054 tum,
1497 1022 1617 1056 optanda
1641 1030 1706 1050 voce

920 1069 1067 1099 audienda.
1085 1076 1198 1104 regnum
1218 1069 1344 1096 ineamus
1362 1069 1484 1096 divinum
1503 1076 1551 1104 per
1565 1068 1705 1096 Christum

923 1115 1017 1143 Jesum
1031 1114 1177 1142 Dominum
1191 1119 1314 1142 nostrum
1329 1124 1336 1142 :
1353 1114 1397 1142 cui
1412 1115 1498 1150 gloria
1514 1118 1541 1142 et
1561 1115 1705 1150 imperium

920 1168 983 1188 cum
999 1161 1090 1192 Patre,
1107 1168 1139 1187 ac
1154 1164 1251 1188 sancto
1275 1159 1390 1194 Spiritu,
1415 1166 1489 1187 nunc
1502 1163 1529 1187 et
1542 1166 1659 1194 semper,
1678 1159 1705 1186 in

920 1213 1086 1241 omnemque
1101 1206 1320 1241 perpetuitatem.
1337 1207 1435 1233 Amen.

1195 1261 1311 1290 SERMO
1326 1261 1458 1289 XXXVII.

921 1307 986 1335 Post
1004 1308 1117 1335 lumina.
1137 1307 1312 1343 Nequaquam
1337 1307 1483 1342 feriundum
1500 1307 1610 1341 crapula
1629 1311 1706 1342 atque

1043 1343 1155 1377 poculis,
1174 1343 1255 1377 deque
1270 1343 1451 1370 recordatione
1468 1343 1570 1369 mortis.

957 1388 1068 1416 Fratres
1080 1389 1240 1424 Patresque,
1257 1389 1313 1423 jam
1330 1389 1405 1416 feria:
1424 1389 1567 1421 transiere,
1579 1396 1641 1416 cum
1651 1388 1706 1416 Na-

922 1434 984 1462 talis
1009 1438 1066 1461 tum
1085 1434 1234 1469 Epiphania
1247 1455 1254 1466 ,
1279 1441 1348 1469 quas
1367 1439 1394 1462 et
1415 1442 1494 1470 agere
1511 1435 1660 1462 meruimus
1680 1435 1706 1461 in

922 1480 973 1507 hac
988 1488 1037 1508 ora
1054 1480 1081 1507 id
1104 1480 1176 1515 quod
1195 1480 1339 1507 molestum
1353 1487 1408 1508 non
1423 1484 1477 1511 est,
1491 1480 1557 1515 quin
1572 1481 1598 1507 in
1613 1481 1708 1515 primis

884 1537 906 1567 α
923 1525 1131 1560 perjucundum,
1141 1525 1214 1560 quod
1225 1525 1285 1559 ejus
1298 1525 1394 1559 gratia,
1410 1525 1456 1559 qui
1469 1533 1499 1552 se
1513 1525 1639 1558 inanivit,
1651 1533 1709 1553 scr-

924 1570 1004 1604 vique
1020 1569 1136 1597 formam
1150 1570 1270 1605 suscepit
1283 1574 1422 1604 nostrapte
1435 1578 1517 1598 causa
1531 1571 1563 1602 ⁶⁸,
1575 1577 1707 1604 extorres,

923 1615 1012 1650 capite
1037 1622 1069 1643 ac
1091 1615 1210 1643 fortunis
1228 1623 1431 1650 oppugnantur.
1461 1615 1528 1642 Nam
1550 1617 1614 1650 quid
1635 1617 1708 1644 aliud

923 1665 964 1688 est
979 1660 1071 1688 feriari
1091 1668 1174 1695 quam
1192 1660 1247 1688 Deo
1257 1660 1461 1688 cohaerescere?
1475 1660 1642 1688 Colmreseit
1657 1669 1708 1688 au-

922 1713 975 1735 tem
989 1707 1050 1742 quis
1068 1706 1123 1734 Deo
1148 1706 1190 1733 vel
1205 1707 1321 1733 maxime
1337 1714 1429 1733 rerum
1452 1715 1513 1740 quae
1536 1708 1656 1735 materite
1671 1712 1710 1736 te.

921 1758 1021 1781 nentur
1040 1752 1112 1788 fuga,
1124 1759 1205 1788 atque
1219 1753 1302 1788 hujus
1315 1754 1409 1781 mundi
1426 1755 1550 1787 repudio.
1569 1754 1628 1781 Jam
1642 1755 1707 1790 quid

921 1799 955 1826 de
969 1799 1002 1825 iis
1013 1798 1137 1825 dicemus
1151 1798 1197 1832 qui
1216 1798 1243 1824 in
1263 1798 1379 1825 desertis
1390 1803 1417 1825 et
1428 1799 1525 1832 antris,
1537 1805 1617 1833 atque
1630 1807 1709 1826 mon-

923 1844 994 1871 tibus
1008 1851 1040 1871 ac
1064 1848 1142 1871 terr-.e
1153 1843 1278 1870 cavernis
1290 1844 1433 1871 victitant?
1449 1844 1562 1871 mininte
1573 1853 1620 1872 eos
1629 1845 1710 1872 feria-

921 1890 965 1917 ri?
978 1890 1012 1916 At
1026 1896 1082 1924 pra:
1098 1889 1159 1917 aliis
1173 1889 1323 1921 feriantur,
1348 1889 1374 1915 in
1390 1889 1480 1924 quiete
1494 1889 1575 1924 positi
1603 1897 1635 1916 ac
1663 1890 1708 1925 pol

921 1936 1067 1963 sublimius
1081 1940 1109 1963 et
1125 1935 1246 1963 divinius
1260 1954 1267 1967 ,
1283 1935 1416 1969 siquidetn
1432 1936 1478 1970 qui
1498 1936 1589 1963 feriari
1607 1936 1708 1964 ducant

921 1982 948 2009 in
964 1982 1078 2014 deliciis,
1095 1982 1217 2016 crapula,
1235 1981 1493 2014 comessationibus,
1523 1982 1637 2016 poculis.
1654 1982 1707 2010 sibi

921 2035 951 2055 se
979 2027 1102 2054 fraudem
1127 2033 1232 2055 struere
1258 2026 1394 2060 ignorant.
1416 2026 1487 2058 Quos
1512 2032 1538 2053 et
1564 2028 1708 2062 deplorant

921 2080 1006 2100 sacrm
1026 2073 1135 2100 Litterae
1149 2073 1175 2099 in
1194 2072 1252 2099 haec
1271 2073 1353 2099 verba
1371 2079 1379 2099 :
1401 2071 1510 2106 Epulati
1535 2074 1598 2100 estis
1630 2082 1708 2109 super

921 2124 1030 2151 terram,
1044 2123 1068 2146 et
1084 2118 1109 2145 in
1128 2118 1242 2145 luxuriis
1257 2119 1393 2145 enutt‘istis
1418 2119 1497 2145 corda
1511 2123 1611 2153 vestra,
1634 2125 1662 2147 ut
1680 2121 1707 2148 in

921 2164 962 2191 die
983 2165 1120 2192 occisionis
1133 2164 1155 2180 ⁷ο
1170 2173 1177 2191 ε
1194 2164 1296 2192 similes
1312 2169 1376 2192 sunt
1386 2164 1458 2191 enim
1473 2166 1564 2199 porcis
1579 2166 1612 2192 ad
1626 2166 1708 2193 lanie-

921 2219 983 2238 nam
999 2210 1177 2246 comparatis,
1196 2218 1314 2245 quorum
1331 2210 1399 2238 deus
1418 2211 1561 2245 ingluvies,
1577 2217 1604 2238 et
1618 2212 1645 2238 in
1664 2212 1707 2239 in-

919 2256 1001 2283 famia
1022 2256 1188 2291 triumphus.
1218 2256 1400 2289 Quamobrem
1428 2257 1520 2284 verius
1544 2265 1628 2292 penes
1657 2266 1707 2285 nos

919 2306 960 2330 est
989 2302 1094 2334 feriari,
1121 2303 1143 2329 si
1173 2302 1358 2333 attendimus.
1384 2302 1550 2337 dignamque
1576 2308 1642 2330 voto
1674 2311 1707 2331 ac

919 2349 1022 2376 Christi
1036 2347 1210 2375 confessione
1225 2348 1308 2375 vitam
1329 2347 1466 2375 ducimus.
1485 2347 1614 2383 Equidem
1631 2349 1706 2376 vidc-

920 2402 992 2426 mur,
1006 2393 1120 2425 fratres,
1147 2398 1178 2421 ut
1194 2394 1252 2421 dies
1275 2394 1514 2428 praeterequitrnt,
1545 2399 1707 2430 tempusque

920 2444 987 2467 rotae
1006 2439 1092 2467 instar
1111 2439 1232 2466 volutum
1248 2439 1298 2466 hos
1314 2439 1432 2467 adducat
1448 2447 1496 2474 per
1510 2446 1619 2472 ortum,
1645 2441 1706 2468 illos

921 2484 1041 2513 abducat
1056 2492 1105 2519 per
1129 2490 1244 2511 mortem
1258 2505 1265 2518 ,
1282 2489 1361 2511 aetate
1379 2493 1433 2511 non
1449 2493 1502 2512 una
1535 2490 1561 2512 et
1589 2486 1704 2520 aequali;

919 2530 985 2564 quin
1002 2537 1082 2557 senes
1093 2533 1156 2556 ante
1168 2529 1294 2564 juvenes,
1311 2533 1338 2556 et
1352 2529 1467 2564 juvenes
1483 2535 1545 2557 aute
1558 2538 1645 2562 senes,
1662 2538 1706 2564 pa-

920 2580 1011 2603 rentes
1023 2580 1086 2602 ante
1101 2575 1212 2608 liberos,
1226 2583 1258 2603 ac
1276 2575 1376 2603 liberos
1392 2581 1455 2603 ante
1472 2579 1608 2610 parentes,
1625 2583 1706 2603 omne

924 2626 1005 2656 caput
1016 2622 1180 2656 promiscue,
1199 2621 1254 2648 Deo
1269 2622 1309 2649 sic
1322 2626 1496 2656 procurante,
1512 2629 1567 2656 quo
1577 2621 1708 2648 obincer-

924 2665 1066 2693 titudinem
1086 2665 1181 2693 mortis
1194 2665 1301 2692 cunctis
1316 2665 1516 2692 inslrueremur
1526 2664 1558 2691 ad
1572 2664 1634 2690 iter.
1655 2663 1707 2690 Ita-

922 2717 975 2745 que
990 2710 1133 2745 vigilemus
1143 2729 1150 2743 ,
1170 2714 1197 2737 et
1212 2709 1333 2736 animum
1348 2709 1513 2744 arrigamus,
1527 2716 1560 2735 ne
1578 2716 1652 2735 ntors
1665 2709 1707 2736 in-

921 2763 1022 2791 gruens
1041 2760 1153 2790 repente
1168 2755 1259 2783 minus
1276 2760 1385 2790 paratos
1402 2754 1535 2785 offendat,
1550 2753 1706 2789 frustraque

127 2858 150 2872 ει
167 2857 197 2883 ill
216 2856 283 2890 Reg.
304 2862 372 2890 xvu,
391 2853 465 2890 lz.__
481 2851 510 2890 ff
529 2850 631 2890 Jerem_._
649 2847 751 2890 venit.
804 2845 868 2890 "~E

921 2846 946 2874 h.
964 2854 1010 2879 vn,
1027 2846 1053 2873 5.
1108 2847 1129 2862 Μ
1150 2845 1159 2872 l
1179 2845 1241 2873 Cor.
1270 2853 1311 2878 tu,
1338 2845 1380 2872 12.
1429 2845 1450 2860 θ’
1471 2824 1574 2873 Galata
1589 2853 1630 2879 ιιι,
1659 2846 1703 2872 15.

78 2894 105 2909 ιι
122 2882 217 2919 Matth.
239 2882 303 2923 xiv,
319 2882 371 2917 tt.’
402 2889 423 2905 συ
437 2887 554 2921 Philipp.
570 2893 599 2920 ιι,
616 2885 642 2911 7.
681 2885 703 2900 το
719 2883 777 2911 .lac.
796 2890 822 2915 ν,
837 2882 863 2909 5.
