1916 3075
234 154 287 184 559

829 153 859 183 S.
877 151 1074 183 THEODORI
1095 148 1278 181 STUDITE’

1811 152 1860 182 560

234 218 266 238 ac
281 210 340 237 sine
356 209 432 245 fruge
448 210 609 245 poenitentia
621 210 763 238 ducamur.
786 209 904 237 Nescitis
925 214 956 236 ut
978 216 1024 236 su-
1038 211 1060 238 Α
1076 206 1316 234 ambirenttulere.
1337 205 1430 241 Atque
1446 210 1475 233 ut
1490 206 1614 234 omittam
1645 211 1750 235 veteres
1775 208 1860 235 histo-

233 256 390 291 perioribus
405 256 502 283 diebus
516 256 607 283 subito
624 256 650 282 in
662 255 845 283 valetudinem
861 255 957 288 incidi,
974 262 1024 282 nec

235 304 314 338 longe
330 302 417 329 abfuit
435 303 500 337 quin
517 303 607 329 anima
623 303 681 330 haec
695 303 722 329 in
745 301 852 329 inferno
872 301 1025 328 habitaret?

235 348 292 376 Etsi
307 348 334 375 in
350 355 472 382 prmscris
493 355 558 375 vero
579 348 703 375 convalui
714 368 721 381 ,
737 355 790 375 non
806 347 919 375 omnino
935 347 962 373 in
978 354 1025 381 po-

235 399 338 422 sterum
356 398 458 424 tamen.
474 394 541 428 quin
557 401 668 421 necesse
679 398 720 421 est
731 393 788 428 jam
813 393 877 420 inde
901 400 994 420 senem
1010 400 1024 419 a

233 439 313 466 vobis
332 438 490 471 abscedere,
506 444 587 473 atque
600 438 634 465 ad
655 443 747 473 patres
771 438 926 473 fratresque
941 438 1024 472 profl-

234 486 300 513 cisci
315 495 321 512 :
340 489 446 512 tantum
460 485 612 520 pt‘ecatnini
626 489 655 512 ut
666 485 751 520 probe
761 485 901 517 conscius,
914 484 1026 518 vitaque

234 531 308 558 obita
333 531 481 565 inculpata.
503 530 587 565 Igitur
610 531 700 558 adhuc
711 530 854 558 doloribus
869 529 1023 561 distentus,

234 577 436 610 cogitabundus
449 584 555 603 mecum
583 577 622 603 sic
649 577 780 611 loquebar
796 585 801 602 :
819 576 848 604 Si
867 575 911 602 hic
933 580 1025 602 tantus

235 623 313 649 labor
325 627 376 654 est,
406 627 528 657 quantus
548 623 717 650 imminentis
732 622 829 657 judicii
844 621 976 649 futurus?
993 630 1026 649 ac

235 667 258 693 si
276 672 332 693 tres
348 672 502 702 quatuorve
525 667 584 694 dies
607 675 745 694 aerumnas
772 675 826 694 non
844 667 1024 702 perpetimur,

235 711 283 745 qui
299 719 418 746 perenne
441 713 604 747 supplicium
628 712 771 740 feramus?
787 711 850 740 Hac
866 720 929 740 cum
947 713 1025 740 vobis

234 758 377 785 consulam
391 766 502 793 quoque
518 758 656 790 meditari,
672 763 698 786 et
712 759 852 786 revolvere
865 779 872 791 ,
893 763 951 786 tum
973 759 1026 786 cir-

235 808 393 838 cumspecte
404 804 514 838 degere,
535 805 609 839 quod
621 805 654 832 ad
670 805 808 832 hominem
825 808 922 832 attinet
933 809 1025 832 exter-

235 857 317 882 num,
338 857 401 876 cum
425 850 502 877 omni
528 850 680 885 probitate,
702 850 875 883 humilitate,
899 850 1023 877 laborum

1076 252 1141 283 rias,
1154 252 1225 279 intra
1255 255 1361 279 aetatem
1378 256 1498 279 nostram
1516 252 1659 288 exigamus
1696 262 1860 281 sermonem.

1076 297 1180 333 Ecquid
1200 298 1344 331 Psalterio,
1365 299 1412 333 qui
1427 298 1580 332 dicebatur,
1597 299 1701 334 profuit
1717 301 1750 327 ad
1765 301 1860 336 stylum

1076 344 1232 379 profectio?
1248 352 1283 371 an
1302 352 1355 371 non
1372 345 1503 372 reductus
1517 345 1580 372 inde
1599 350 1642 373 est
1657 351 1748 373 mente
1766 352 1860 382 captus

1076 399 1108 418 ac
1118 391 1173 424 jam
1190 399 1240 418 nec
1251 391 1377 419 subditus
1391 396 1443 423 est,
1460 399 1510 419 nec
1532 392 1646 427 stylita?
1663 392 1734 426 Quid
1749 393 1862 428 Sapritre

1076 435 1148 462 idem
1165 436 1281 463 contulit
1295 436 1403 471 stylus?
1420 444 1454 463 an
1470 445 1523 463 non
1537 437 1684 470 degressus
1700 438 1762 465 inde
1773 443 1819 466 est
1829 439 1860 466 oh

1076 480 1280 513 orthodoxiam,
1291 481 1440 516 lapsusque
1448 481 1475 508 in
1489 481 1626 515 haeresim,
1640 483 1764 517 proditor
1774 483 1860 511 factus

1077 525 1207 557 veritatis,
1226 533 1257 553 ac
1274 534 1347 553 nunc
1362 530 1534 562 oppugnator
1561 532 1603 554 est
1618 528 1788 555 acerrimus?
1811 528 1860 556 Sed

1076 576 1200 599 nostram
1244 573 1440 607 rempublicam
1467 574 1654 609 inspectemus
1684 582 1803 610 quoque.
1825 576 1861 602 An

1075 625 1130 645 non
1153 617 1259 650 Petrus,
1270 618 1382 653 quijam
1397 619 1462 646 olim
1476 619 1560 654 probe
1567 620 1708 647 subditum
1722 621 1862 655 gessisset.

1075 663 1185 697 pietatis
1197 671 1291 696 causa,
1316 664 1432 697 scilicet,
1465 665 1491 692 in
1514 665 1689 693 solitudinem
1710 666 1864 694 discessit?

1076 709 1147 736 unde
1161 710 1358 743 cujusmodisit
1373 717 1510 743 reversus,
1521 719 1635 745 quemve
1647 712 1754 739 dederit
1770 712 1863 746 finem,

1076 756 1155 784 scitis
1169 756 1216 791 qui
1237 757 1342 791 experti
1360 757 1435 784 estis.
1454 758 1495 783 An
1511 763 1565 784 non
1589 761 1616 784 et
1639 757 1862 792 Amphilochius,

1075 802 1122 837 qui
1138 803 1228 830 adhuc
1245 808 1385 837 superest,
1403 803 1495 838 stylita
1525 803 1551 830 in
1582 803 1689 838 primis,
1719 811 1752 831 ac
1767 804 1865 832 deinde

1077 848 1165 876 factus
1188 848 1308 881 Clusius,
1326 856 1399 875 nunc
1431 848 1561 876 indecore
1581 849 1635 876 huc
1654 849 1719 877 illuc
1739 850 1865 884 palatur?

231 896 420 926 contentione,
439 895 600 930 tolerantia;
626 896 697 931 quod
723 897 756 923 ad
777 897 928 928 internum,
942 903 1023 931 quam
1042 886 1062 914 Β
1077 900 1203 928 noxaque
1215 893 1272 920 haec
1286 893 1388 920 diaboli
1406 897 1448 920 est
1462 893 1551 921 aliena
1568 894 1715 927 subjicere.
1733 903 1791 930 (tuo
1808 897 1865 923 suis

234 941 388 968 arctissime
404 941 526 968 animum
537 949 657 974 servare,
675 949 727 968 neu
739 946 921 969 veteratorem
934 941 1024 968 sinere

235 992 402 1021 serpentem,
423 987 568 1014 draconem
587 987 661 1014 illum
679 988 820 1022 grandem,
839 988 1023 1018 insusurrare,

234 1037 262 1060 et
277 1034 303 1059 in
325 1040 375 1060 nos
387 1033 502 1065 insilire,
518 1041 570 1060 neu
580 1033 626 1060 Dei
642 1033 740 1060 famem
757 1033 849 1061 sedem
866 1040 1025 1068 comparare

233 1079 377 1111 vitiorum,
390 1079 454 1113 quin
465 1087 550 1114 puros
563 1079 687 1114 pra'bere
700 1080 764 1110 Deo,
780 1084 861 1114 atque
872 1079 935 1106 hinc
942 1079 1024 1106 vitam

235 1131 316 1158 agere
332 1124 440 1151 beatam
457 1125 540 1152 etiam
561 1129 625 1152 ante
641 1125 772 1152 futuram.
794 1124 863 1152 Nam
882 1125 946 1160 quid
963 1124 1025 1151 bea-

235 1170 290 1196 tius
307 1177 388 1204 quain
407 1177 476 1205 puro
490 1176 518 1198 et
533 1171 643 1198 insonte
655 1172 746 1198 animo
760 1171 915 1206 praestando
929 1178 1024 1206 pacem

234 1222 298 1242 cum
312 1216 368 1243 Deo
383 1216 509 1251 agitare?
521 1216 594 1251 quod
619 1224 792 1252 nequaquam
812 1217 859 1244 ﬁat
881 1216 910 1244 ni
924 1223 1024 1252 praece-

235 1260 301 1288 dant
316 1261 402 1294 labor,
418 1269 523 1296 preces,
533 1262 670 1298 lacrymte,
684 1263 869 1297 compunctio,
885 1262 1023 1294 alacritas,

235 1307 327 1333 fervor
342 1306 456 1341 spiritus
471 1315 479 1334 :
498 1308 633 1342 siquidem
648 1315 737 1343 neque
759 1308 802 1335 his
820 1308 969 1335 instructos
980 1315 1025 1334 ca-

234 1357 314 1387 ptare
323 1353 410 1380 hostis
419 1359 519 1386 cessat,
534 1354 691 1389 bellumque
703 1354 875 1389 implacabile
894 1353 1022 1381 conﬂare.

236 1399 324 1433 Atque
337 1399 363 1426 id
381 1399 474 1432 faciet,
490 1400 537 1434 qui
552 1399 579 1426 in
593 1400 679 1427 cwlos
695 1400 837 1428 tendentes
852 1405 954 1427 cernat.
972 1399 1024 1427 Sed

235 1444 361 1478 profecto
383 1445 454 1472 haud
468 1450 531 1472 sunt
549 1453 630 1480 pares
651 1446 734 1480 hujus
752 1446 881 1480 temporis
897 1453 1025 1473 terumnze

235 1490 260 1517 ei
272 1498 333 1525 qua:
345 1491 372 1517 in
387 1498 437 1519 nos
451 1492 613 1519 ostendetur
628 1492 729 1527 gloriae.
740 1492 831 1525 Quare
845 1493 951 1520 cunctis
963 1500 1026 1519 con-

235 1537 331 1563 tractis
348 1538 436 1572 copiis
451 1545 532 1573 atque
547 1538 654 1566 viribus
666 1559 673 1571 ,
692 1546 753 1574 quae
784 1539 810 1566 in
840 1547 887 1574 spe
917 1539 1024 1574 ﬁdeque

236 1583 305 1615 sitae,
323 1584 466 1618 proﬂigare
487 1585 589 1612 bellum
606 1590 633 1613 et
648 1585 787 1613 vafriciem
812 1585 945 1613 daemonis
966 1585 1024 1613 dis-

235 1630 340 1657 solvere
351 1635 499 1662 certemus,
521 1631 619 1658 imitati
637 1632 664 1658 in
683 1631 772 1660 stadio
784 1637 926 1659 currentes
938 1651 946 1664 ,
977 1631 1024 1666 qui

236 1679 311 1702 tanta
328 1676 504 1704 contentione
518 1677 680 1712 confligunt,
698 1683 728 1705 ut
749 1678 776 1704 in
800 1683 923 1705 extremo
941 1684 1023 1704 cursu

237 1721 376 1754 anhelent,
392 1729 425 1749 ac
437 1722 482 1749 vix
497 1723 623 1756 spiritum
641 1724 761 1750 trahant.
777 1723 865 1758 Atque
890 1723 933 1750 his
950 1723 1026 1750 diur-

235 1775 287 1795 nus
302 1769 410 1796 interim
423 1777 521 1796 cursus
532 1775 559 1797 et
575 1769 698 1797 mortalis
708 1769 848 1804 proposita
861 1776 962 1796 corona
973 1774 1023 1799 est,

236 1814 316 1841 nobis
329 1814 450 1848 quandiu
471 1814 614 1847 vivamus‘,
631 1822 717 1849 eaque
732 1815 765 1841 de
779 1822 862 1842 causa
878 1818 906 1841 et
923 1821 1024 1841 corona

237 1860 401 1887 immortalis
413 1860 556 1894 quaeritur,
571 1864 597 1887 et
611 1860 754 1895 praemium
769 1867 866 1895 perpes
879 1869 885 1886 :
898 1859 983 1895 quod,
999 1864 1024 1886 et

236 1909 349 1939 peracto
368 1904 475 1932 fcrtitcr
490 1913 573 1933 cursu
591 1906 701 1941 assequi
717 1913 813 1933 omnes
828 1905 1025 1940 eontingatpcr

233 1950 376 1978 Christum
410 1949 502 1978 Jesum
528 1950 672 1978 Dominum
704 1955 843 1980 nostrum,
860 1950 905 1978 cui
926 1950 1024 1985 gloria,

234 2000 262 2022 et
278 1995 435 2030 imperium,
453 2004 515 2023 cum
533 1995 624 2030 Patre,
650 2003 681 2024 ac
702 2001 798 2023 sancto
812 1996 932 2030 Spiritu,
951 2003 1025 2022 nunc

235 2046 262 2069 et
275 2048 394 2076 semper,
408 2042 435 2069 in
450 2049 615 2078 omnemque
640 2042 859 2077 perpetuitatem.
881 2042 978 2071 Amen.

483 2097 599 2126 SERMO
618 2097 761 2125 XXXVIII.

272 2142 309 2169 De
328 2141 442 2169 Patrum
457 2144 596 2170 imitandis
612 2144 682 2175 vitis,
698 2144 879 2179 manendoque
900 2144 927 2170 in
939 2151 990 2178 quo

459 2179 547 2205 vocati
562 2179 690 2206 divinitus
705 2187 808 2207 sumus.

1075 940 1163 974 privet
1185 943 1212 967 et
1239 939 1384 974 cxspoliet.
1406 939 1577 975 Quapropter
1593 940 1692 967 clamat
1705 941 1864 976 Apostolus,

1076 984 1261 1020 Unusquisque
1272 986 1298 1012 in
1313 994 1363 1021 quo
1376 991 1483 1012 vocatus
1503 990 1552 1018 est,
1569 986 1677 1021 fratres,
1697 987 1724 1013 in
1743 987 1793 1013 hoc
1808 995 1865 1022 per-

1075 1037 1181 1059 maneat
1199 1032 1269 1066 apud
1285 1032 1365 1059 Deum
1379 1033 1413 1059 ⁷¹.
1431 1032 1552 1060 Vocatus
1569 1040 1600 1060 cs
1619 1033 1667 1068 qui
1694 1038 1719 1060 te
1748 1034 1866 1061 dederes

1075 1079 1182 1113 quieti?
1198 1086 1232 1105 ne
1258 1086 1323 1106 cura
1349 1079 1499 1106 subditum.
1517 1078 1636 1107 Vocatus
1663 1087 1694 1107 es
1720 1080 1767 1115 qui
1800 1081 1864 1108 sub-

1075 1125 1161 1152 ditum
1197 1125 1324 1160 gereres?
1358 1132 1392 1151 ne
1441 1132 1506 1152 cura
1543 1124 1676 1159 quietum.
1709 1125 1738 1152 In
1783 1133 1865 1160 quam

1075 1171 1190 1206 quisque
1219 1171 1333 1198 classem
1362 1174 1403 1198 est
1429 1171 1611 1205 conscriptus,
1645 1171 1700 1199 Deo
1733 1172 1865 1206 placeto:

1075 1217 1157 1244 habet
1192 1217 1294 1244 utervis
1324 1217 1446 1251 exempla
1484 1224 1532 1244 sua
1553 1237 1561 1250 ,
1593 1217 1626 1244 ad
1659 1225 1719 1252 qua:
1754 1225 1867 1245 necesse

1074 1269 1116 1290 est
1145 1264 1230 1290 vitam
1262 1267 1416 1297 componat.
1451 1262 1543 1298 Itaque
1579 1267 1606 1290 tu
1643 1271 1758 1298 sequere
1800 1264 1865 1290 obe—

1075 1309 1176 1336 dicntia
1189 1309 1368 1343 praelustres:
1392 1309 1486 1344 quos?
1507 1309 1630 1344 inquam.
1670 1308 1730 1336 Non
1757 1309 1866 1344 priscos

1075 1354 1266 1381 tantummodo
1281 1360 1402 1386 sanctos,
1421 1355 1488 1389 quin
1513 1354 1601 1382 nestri
1618 1361 1728 1389 quoque
1754 1359 1865 1382 «rtus:

1076 1399 1183 1426 imitare
1199 1399 1308 1426 beatum
1325 1399 1522 1432 Domitianum,
1548 1399 1627 1434 cujus
1654 1400 1757 1428 fervida
1778 1401 1865 1433 ﬁdes;

1076 1446 1182 1475 imitare
1196 1445 1306 1472 beatum
1324 1445 1476 1477 Zosimum.
1502 1446 1561 1474 sine
1587 1445 1649 1474 fuco
1668 1447 1842 1482 morigerum
1858 1456 1865 1479 ;

1076 1491 1184 1519 imitare
1205 1492 1315 1519 beatum
1343 1492 1476 1523 Marcum,
1506 1492 1552 1527 qui
1578 1492 1684 1527 probris
1710 1500 1743 1520 ac
1768 1498 1868 1520 contu-

1076 1536 1165 1563 meliis
1176 1543 1226 1571 pro
1237 1536 1309 1564 bono
1325 1537 1417 1563 omine
1447 1537 1547 1567 ductis.
1565 1542 1695 1565 constans
1719 1538 1746 1564 in
1769 1538 1866 1566 habitu

1076 1592 1126 1612 suo
1147 1584 1314 1619 permansit:
1336 1585 1444 1612 itnitare
1477 1585 1587 1613 beatum
1618 1585 1790 1619 Terentium,
1821 1587 1868 1621 qui

1075 1631 1230 1666 complures
1247 1639 1335 1658 annos
1346 1633 1426 1666 aegris
1446 1631 1473 1658 in
1491 1632 1607 1667 coquina
1624 1632 1785 1664 famulatus,
1812 1641 1867 1660 non

1075 1676 1154 1704 taedio
1169 1675 1270 1704 fractus
1285 1677 1457 1710 claudicavit,
1484 1677 1530 1704 sed
1545 1678 1676 1704 invitatus
1699 1686 1817 1713 quoque
1840 1684 1868 1705 ut

1075 1722 1138 1749 inde
1153 1729 1182 1749 se
1197 1722 1342 1754 conferret.
1362 1723 1434 1750 haud
1458 1722 1566 1750 induxit
1587 1724 1721 1755 animum,
1751 1725 1862 1752 malens

1075 1768 1196 1796 divexari
1212 1768 1382 1801 ministerio;
1411 1769 1520 1797 imitare
1539 1774 1652 1797 caeteros
1676 1770 1789 1803 fratres,
1806 1779 1870 1806 per-

1075 1814 1188 1844 multos.
1207 1818 1235 1841 et
1256 1814 1409 1842 obedientia
1442 1815 1575 1851 insignes,
1593 1824 1710 1851 quorum
1740 1822 1809 1844 sunt
1843 1817 1868 1844 in

1075 1860 1136 1887 vita:
1155 1860 1225 1887 libro
1239 1862 1350 1887 nomina
1365 1870 1371 1888 :
1389 1861 1564 1894 hosimitare,
1578 1869 1630 1889 non
1644 1862 1867 1891 solitudinarios.

1076 1904 1161 1941 Igitur
1186 1906 1360 1933 solitudinem
1400 1914 1562 1943 montesque
1592 1908 1674 1935 Pater
1702 1907 1870 1937 Joannicius

1075 1959 1137 1978 cum
1161 1952 1280 1979 subditis
1308 1953 1424 1986 habeto,
1456 1958 1483 1981 tu
1506 1958 1566 1980 tene
1590 1957 1633 1986 te,
1657 1954 1817 1981 obedientia
1843 1961 1870 1982 et

1075 1997 1166 2023 alieno
1183 1997 1242 2024 solo
1257 2002 1412 2025 contentus.
1429 1996 1489 2025 Non
1517 2002 1690 2033 oppugnatur
1717 2006 1794 2026 nunc
1811 2000 1868 2031 ille,

1077 2047 1104 2069 tu
1121 2051 1280 2078 oppugnare
1306 2044 1341 2071 ob
1365 2044 1518 2080 justitiam:
1539 2045 1582 2073 ille
1596 2047 1624 2072 in
1654 2053 1797 2073 carcerem
1814 2055 1869 2073 non

1075 2089 1273 2124 compingitur,
1292 2094 1320 2116 tu
1336 2097 1385 2124 pro
1405 2090 1521 2118 Domino
1539 2091 1565 2117 in
1589 2098 1726 2119 carcerem
1744 2099 1775 2119 es
1791 2100 1871 2119 com-

1077 2139 1193 2168 pactus;
1206 2143 1260 2162 non
1274 2135 1387 2163 caeditur
1403 2136 1458 2167 ille,
1471 2141 1499 2163 tu
1516 2143 1602 2164 caesus
1619 2144 1649 2164 es
1661 2141 1768 2172 propter
1787 2138 1872 2165 Chri-

1076 2185 1149 2207 stum
1168 2189 1174 2207 :
1193 2186 1295 2215 quanto
1311 2182 1368 2209 haec
1389 2182 1443 2210 illis
1459 2183 1615 2210 antistant?
1631 2183 1669 2210 Ac
1679 2183 1771 2210 dicam
1789 2185 1871 2219 equi-

272 2223 380 2250 Fratres
411 2223 572 2259 Patresque,
602 2225 717 2252 lectione
730 2225 841 2253 Patrum
861 2226 931 2254 vitas
947 2234 1022 2254 reco-
1038 2233 1060 2262 ι)
1076 2226 1137 2253 dem
1156 2231 1183 2253 et
1201 2227 1235 2254 de
1251 2235 1295 2254 me
1311 2227 1442 2263 quiddam
1458 2228 1602 2262 inglorius,
1615 2233 1799 2264 posteaquam
1823 2237 1872 2256 vo—

236 2268 341 2301 lentes,
359 2273 515 2304 stupemus,
532 2277 583 2297 nec
607 2270 746 2298 immerito
761 2280 767 2298 :
798 2272 924 2306 stupendi
953 2272 1024 2299 enim

236 2319 311 2347 sunt,
326 2315 373 2348 qui
388 2315 439 2342 hac
457 2315 562 2350 praediti
574 2323 668 2348 carne,
696 2316 819 2352 angelica
839 2317 958 2352 quadam
972 2318 1025 2344 vita

235 2359 374 2391 obeunda,
398 2359 530 2394 omnique
544 2359 610 2386 vitio
624 2360 716 2392 soluti,
735 2359 789 2388 Deo
802 2361 1025 2396 complacuerint.

237 2406 398 2440 Quanquam
415 2413 467 2432 non
485 2411 595 2440 stupere
605 2407 734 2434 convenit
744 2407 845 2439 solum,
858 2407 923 2442 quin
937 2407 1026 2434 debite

236 2459 345 2486 quoque
359 2451 497 2479 imitemur
522 2459 632 2480 necesse
646 2457 707 2486 est;
727 2453 779 2480 hoc
810 2457 862 2485 est,
893 2453 1024 2480 subditus

236 2497 387 2530 subditum,
404 2498 518 2533 quietus
533 2499 668 2532 quietum,
694 2499 903 2527 solitudinarius
926 2499 1023 2526 solitu—

235 2544 385 2578 diuarium,
401 2545 546 2579 prmfeclus
563 2545 722 2580 praefectum
738 2554 744 2572 :
760 2553 822 2572 nam
845 2546 891 2581 qui
919 2545 1024 2574 fructus

237 2589 273 2616 sit
285 2597 457 2625 nequaquam
483 2598 540 2618 sua:
552 2595 682 2625 tanquam
710 2592 818 2624 classis,
839 2592 885 2619 sed
904 2592 1022 2619 alienum

236 2636 313 2670 sequi
329 2641 357 2663 et
382 2637 532 2672 ellingere?
550 2638 614 2665 hinc
623 2642 806 2673 praeterquam
821 2639 892 2674 quod
903 2638 1021 2666 fructum

238 2682 321 2710 facias
338 2683 464 2716 nullum,
491 2685 519 2711 in
541 2685 709 2719 exploratam
742 2686 890 2723 perniciem
912 2686 1022 2720 ferare;

238 2727 301 2755 hinc
321 2729 398 2756 multi
413 2730 603 2758 contuberniis
626 2731 684 2758 suis
710 2731 912 2766 peregrinandi,
931 2732 953 2759 si
969 2732 1023 2759 diis

237 2773 335 2811 placet,
366 2775 458 2804 studio
475 2776 587 2810 relictis,
621 2778 706 2813 gradu
733 2778 866 2810 cecidere,
899 2785 948 2806 nec
962 2786 1023 2814 quae

273 2861 294 2878 “
310 2861 321 2889 I
335 2862 398 2890 Cor.
417 2863 520 2898 vn,‘26.

1076 2272 1118 2299 bis
1130 2273 1239 2308 indigne
1256 2278 1337 2308 caput
1349 2281 1410 2301 sum
1431 2274 1589 2309 impositus.
1612 2274 1723 2310 Ecquid,
1735 2275 1869 2303 deseram

1074 2317 1266 2352 praefecturam
1291 2324 1318 2347 et
1348 2319 1376 2347 in
1404 2320 1582 2349 solitudinem
1608 2320 1772 2354 concedam,
1823 2327 1872 2349 aut

1075 2364 1155 2391 aliam
1167 2365 1249 2392 ullam
1264 2373 1323 2400 qure
1335 2373 1365 2393 se
1378 2365 1474 2393 offeret
1488 2366 1572 2393 vitam
1585 2366 1597 2392 Υ
1612 2366 1646 2393 At
1665 2374 1721 2393 non
1743 2366 1771 2393 id
1794 2368 1872 2401 capi-

1075 2410 1108 2436 tis
1122 2415 1164 2437 cst
1186 2418 1274 2445 neque
1291 2411 1422 2446 pastoris,
1438 2419 1518 2445 quem
1539 2419 1588 2446 par
1621 2417 1663 2439 est
1685 2419 1734 2447 pro
1767 2413 1873 2441 ovibus

1077 2456 1160 2483 vitam
1177 2456 1342 2491 impendere.
1360 2457 1451 2490 Quare
1469 2465 1521 2485 nec
1536 2465 1584 2485 vos
1601 2458 1675 2485 aliud
1692 2466 1777 2494 quam
1795 2459 1872 2493 quod

1077 2502 1144 2530 estis
1168 2502 1292 2530 meditari
1317 2510 1350 2530 ac
1368 2503 1458 2530 moliri
1475 2504 1553 2531 decet
1568 2513 1574 2531 :
1589 2505 1690 2540 quippe
1702 2505 1767 2532 hinc
1783 2507 1873 2532 steri-

1076 2548 1147 2581 litas.
1165 2553 1191 2576 et
1205 2550 1353 2585 proposita
1367 2550 1528 2578 dissidentia
1543 2550 1616 2582 vitae.
1637 2550 1712 2577 illinc
1727 2551 1869 2578 obedien-

1076 2593 1136 2626 tiaa,
1158 2602 1239 2628 quam
1256 2595 1441 2628 requirimus,
1463 2594 1616 2622 fecunditas
1645 2599 1745 2621 manat.
1763 2595 1873 2628 Quam—

1077 2640 1170 2667 obrem
1186 2644 1215 2666 ut
1236 2641 1336 2675 cuique
1352 2641 1464 2675 largitus
1482 2640 1552 2668 Deus
1567 2645 1619 2672 est,
1641 2641 1750 2675 qualem
1766 2649 1872 2676 quem-

1077 2693 1130 2720 que
1142 2686 1259 2717 vocavit,
1273 2687 1312 2714 sic
1325 2686 1410 2719 obito,
1428 2687 1468 2715 sic
1483 2687 1566 2714 vitam
1586 2687 1733 2720 instituito,
1756 2688 1798 2715 sic
1813 2687 1873 2715 Deo

1078 2732 1192 2766 placeto,
1201 2739 1256 2766 quo
1264 2732 1359 2760 audire
1369 2737 1519 2760 mereatur:
1528 2732 1610 2767 Euge,
1618 2741 1688 2760 serve
1695 2733 1760 2760 bone
1769 2738 1794 2759 et
1801 2733 1873 2767 ﬁde-

1078 2778 1126 2812 Iis;
1145 2786 1222 2813 super
1235 2786 1320 2812 pauca
1336 2779 1412 2813 fuisti
1426 2778 1513 2814 ﬁdelis
1537 2787 1614 2806 morr
1628 2778 1713 2806 "uultu
1728 2784 1753 2806 te
1767 2780 1873 2806 consti-
