  <div class='ocr_page' id='page_1' title='image "/cluster/home/n/w/nwhite01/storage/ocr_20150623/99/njp.32101010943858/300.png"; bbox 0 0 1916 3075; ppageno 0'>
   <div class='ocr_carea' id='block_1_1' title="bbox 89 155 138 188">
    <p class='ocr_par' dir='ltr' id='par_1_1' title="bbox 89 155 138 188">
     <span class='ocr_line' id='line_1_1' title="bbox 89 155 138 188; baseline -0.02 0"><span class='ocrx_word' id='word_1_1' title='bbox 89 155 138 188; x_wconf 83' lang='lat'><strong>561</strong></span> 
     </span>
    </p>
   </div>
   <div class='ocr_carea' id='block_1_2' title="bbox 668 163 1145 196">
    <p class='ocr_par' dir='ltr' id='par_1_2' title="bbox 668 163 1145 196">
     <span class='ocr_line' id='line_1_2' title="bbox 668 163 1145 196; baseline 0.006 -3"><span class='ocrx_word' id='word_1_2' title='bbox 668 163 871 194; x_wconf 81' lang='lat' dir='ltr'><strong>SERMONES</strong></span> <span class='ocrx_word' id='word_1_3' title='bbox 885 164 1145 196; x_wconf 76' lang='lat' dir='ltr'><strong>CATECHETICI.</strong></span> 
     </span>
    </p>
   </div>
   <div class='ocr_carea' id='block_1_3' title="bbox 1671 167 1723 199">
    <p class='ocr_par' dir='ltr' id='par_1_3' title="bbox 1671 167 1723 199">
     <span class='ocr_line' id='line_1_3' title="bbox 1671 167 1723 199; baseline -0.077 1"><span class='ocrx_word' id='word_1_4' title='bbox 1671 167 1723 199; x_wconf 71' lang='lat'><strong>562</strong></span> 
     </span>
    </p>
   </div>
   <div class='ocr_carea' id='block_1_4' title="bbox 89 212 1718 255">
    <p class='ocr_par' dir='ltr' id='par_1_4' title="bbox 89 212 1718 255">
     <span class='ocr_line' id='line_1_4' title="bbox 89 212 1718 255; baseline 0.007 -17"><span class='ocrx_word' id='word_1_5' title='bbox 89 217 174 243; x_wconf 73' lang='lat' dir='ltr'><strong>tuam,</strong></span> <span class='ocrx_word' id='word_1_6' title='bbox 188 212 261 239; x_wconf 83' lang='lat' dir='ltr'><strong>intra</strong></span> <span class='ocrx_word' id='word_1_7' title='bbox 276 212 303 240; x_wconf 93' lang='lat' dir='ltr'><strong>in</strong></span> <span class='ocrx_word' id='word_1_8' title='bbox 317 214 444 248; x_wconf 79' lang='lat' dir='ltr'><strong>gaudium</strong></span> <span class='ocrx_word' id='word_1_9' title='bbox 462 214 569 242; x_wconf 79' lang='lat' dir='ltr'><strong>Domini</strong></span> <span class='ocrx_word' id='word_1_10' title='bbox 586 217 622 242; x_wconf 85' lang='lat' dir='ltr'><strong>tui</strong></span> <span class='ocrx_word' id='word_1_11' title='bbox 634 217 656 232; x_wconf 87' lang='grc'>⁷¹</span> <span class='ocrx_word' id='word_1_12' title='bbox 670 226 677 249; x_wconf 86' lang='grc'>;</span> <span class='ocrx_word' id='word_1_13' title='bbox 698 219 741 245; x_wconf 92' lang='lat' dir='ltr'><strong>cui</strong></span> <span class='ocrx_word' id='word_1_14' title='bbox 756 219 842 253; x_wconf 77' lang='lat' dir='ltr'><strong>gloria</strong></span> <span class='ocrx_word' id='word_1_15' title='bbox 854 223 880 245; x_wconf 91' lang='lat' dir='ltr'><strong>et</strong></span> <span class='ocrx_word' id='word_1_16' title='bbox 900 221 920 249; x_wconf 76' lang='grc' dir='ltr'><strong>Α</strong></span> <span class='ocrx_word' id='word_1_17' title='bbox 934 220 1077 247; x_wconf 86' lang='lat' dir='ltr'><strong>evanuerit</strong></span> <span class='ocrx_word' id='word_1_18' title='bbox 1108 219 1218 254; x_wconf 80' lang='lat' dir='ltr'><strong>injuria,</strong></span> <span class='ocrx_word' id='word_1_19' title='bbox 1257 223 1358 255; x_wconf 90' lang='lat' dir='ltr'><strong>tuaque</strong></span> <span class='ocrx_word' id='word_1_20' title='bbox 1384 227 1483 255; x_wconf 76' lang='lat' dir='ltr'><strong>petpcs</strong></span> <span class='ocrx_word' id='word_1_21' title='bbox 1501 227 1610 249; x_wconf 87' lang='lat' dir='ltr'><strong>maneat</strong></span> <span class='ocrx_word' id='word_1_22' title='bbox 1624 223 1718 250; x_wconf 78' lang='lat' dir='ltr'><strong>virtus.</strong></span> 
     </span>
    </p>
   </div>
   <div class='ocr_carea' id='block_1_5' title="bbox 88 257 878 296">
    <p class='ocr_par' dir='ltr' id='par_1_5' title="bbox 88 257 878 296">
     <span class='ocr_line' id='line_1_5' title="bbox 88 257 878 296; baseline 0.013 -13"><span class='ocrx_word' id='word_1_23' title='bbox 88 257 233 292; x_wconf 89' lang='lat' dir='ltr'><strong>imperium</strong></span> <span class='ocrx_word' id='word_1_24' title='bbox 254 265 316 285; x_wconf 88' lang='lat' dir='ltr'><strong>cum</strong></span> <span class='ocrx_word' id='word_1_25' title='bbox 333 259 423 292; x_wconf 79' lang='lat' dir='ltr'><strong>Patre,</strong></span> <span class='ocrx_word' id='word_1_26' title='bbox 449 268 483 288; x_wconf 87' lang='lat' dir='ltr'><strong>ac</strong></span> <span class='ocrx_word' id='word_1_27' title='bbox 501 267 598 289; x_wconf 84' lang='lat' dir='ltr'><strong>sancto</strong></span> <span class='ocrx_word' id='word_1_28' title='bbox 627 262 741 296; x_wconf 79' lang='lat' dir='ltr'><strong>Spiritu,</strong></span> <span class='ocrx_word' id='word_1_29' title='bbox 763 273 836 293; x_wconf 89' lang='lat' dir='ltr'><strong>nunc</strong></span> <span class='ocrx_word' id='word_1_30' title='bbox 851 270 878 293; x_wconf 89' lang='lat' dir='ltr'><strong>et</strong></span> 
     </span>
    </p>
   </div>
   <div class='ocr_carea' id='block_1_6' title="bbox 87 304 774 342">
    <p class='ocr_par' dir='ltr' id='par_1_6' title="bbox 87 304 774 342">
     <span class='ocr_line' id='line_1_6' title="bbox 87 304 774 342; baseline 0.009 -12"><span class='ocrx_word' id='word_1_31' title='bbox 87 311 205 338; x_wconf 79' lang='lat' dir='ltr'><strong>semper.</strong></span> <span class='ocrx_word' id='word_1_32' title='bbox 221 304 250 331; x_wconf 94' lang='lat' dir='ltr'><strong>in</strong></span> <span class='ocrx_word' id='word_1_33' title='bbox 261 311 424 340; x_wconf 82' lang='lat' dir='ltr'><strong>omnemque</strong></span> <span class='ocrx_word' id='word_1_34' title='bbox 439 308 659 342; x_wconf 78' lang='lat' dir='ltr'><strong>perpetuitatem.</strong></span> <span class='ocrx_word' id='word_1_35' title='bbox 677 309 774 337; x_wconf 82' lang='lat' dir='ltr'><strong>Amen.</strong></span> 
     </span>
    </p>
   </div>
   <div class='ocr_carea' id='block_1_7' title="bbox 353 351 611 381">
    <p class='ocr_par' dir='ltr' id='par_1_7' title="bbox 353 351 611 381">
     <span class='ocr_line' id='line_1_7' title="bbox 353 351 611 381; baseline 0.008 -2"><span class='ocrx_word' id='word_1_36' title='bbox 353 351 468 380; x_wconf 80' lang='lat' dir='ltr'><strong>SERMO</strong></span> <span class='ocrx_word' id='word_1_37' title='bbox 489 353 611 381; x_wconf 77' lang='lat' dir='ltr'><strong>XXXIX.</strong></span> 
     </span>
    </p>
   </div>
   <div class='ocr_carea' id='block_1_8' title="bbox 103 395 860 461">
    <p class='ocr_par' dir='ltr' id='par_1_8' title="bbox 103 395 860 461">
     <span class='ocr_line' id='line_1_8' title="bbox 103 395 860 461; baseline 0.011 -39"><span class='ocrx_word' id='word_1_38' title='bbox 103 395 136 423; x_wconf 89' lang='lat' dir='ltr'><strong>In</strong></span> <span class='ocrx_word' id='word_1_39' title='bbox 149 396 263 424; x_wconf 82' lang='lat' dir='ltr'><strong>Patrum</strong></span> <span class='ocrx_word' id='word_1_40' title='bbox 276 398 355 425; x_wconf 80' lang='lat' dir='ltr'><strong>vitas.</strong></span> <span class='ocrx_word' id='word_1_41' title='bbox 378 398 538 461; x_wconf 51' lang='lat' dir='ltr'><strong>sanctoruim</strong></span> <span class='ocrx_word' id='word_1_42' title='bbox 564 401 638 428; x_wconf 79' lang='lat' dir='ltr'><strong>nobis</strong></span> <span class='ocrx_word' id='word_1_43' title='bbox 660 400 773 428; x_wconf 84' lang='lat' dir='ltr'><strong>Patrum</strong></span> <span class='ocrx_word' id='word_1_44' title='bbox 793 403 860 430; x_wconf 79' lang='lat' dir='ltr'><strong>vitas</strong></span> 
     </span>
     <span class='ocr_line' id='line_1_9' title="bbox 403 440 559 461; baseline 0.006 -1"><span class='ocrx_word' id='word_1_45' title='bbox 403 440 497 461; x_wconf 76' lang='grc' dir='ltr'>ιηιιιαη</span> <span class='ocrx_word' id='word_1_46' title='bbox 519 444 559 461; x_wconf 65' lang='grc' dir='ltr'><strong>ας.</strong></span> 
     </span>
    </p>
   </div>
   <div class='ocr_carea' id='block_1_9' title="bbox 403 440 559 464">
    <p class='ocr_par' dir='ltr' id='par_1_9' title="bbox 403 440 559 464">
     <span class='ocr_line' id='line_1_10' title="bbox 403 440 559 464; baseline 0.013 -4"><span class='ocrx_word' id='word_1_47' title='bbox 403 443 438 461; x_wconf 77' lang='lat' dir='ltr'><strong>tm</strong></span> <span class='ocrx_word' id='word_1_48' title='bbox 443 444 449 462; x_wconf 86' lang='grc' dir='ltr'><strong>ι</strong></span> <span class='ocrx_word' id='word_1_49' title='bbox 454 440 559 464; x_wconf 78' lang='lat' dir='ltr'><strong>luridas.</strong></span> 
     </span>
    </p>
   </div>
   <div class='ocr_carea' id='block_1_10' title="bbox 122 476 880 514">
    <p class='ocr_par' dir='ltr' id='par_1_10' title="bbox 122 476 880 514">
     <span class='ocr_line' id='line_1_11' title="bbox 122 476 880 514; baseline 0.011 -11"><span class='ocrx_word' id='word_1_50' title='bbox 122 476 233 505; x_wconf 80' lang='lat' dir='ltr'><strong>Fratres</strong></span> <span class='ocrx_word' id='word_1_51' title='bbox 258 479 421 514; x_wconf 87' lang='lat' dir='ltr'><strong>Patresque,</strong></span> <span class='ocrx_word' id='word_1_52' title='bbox 441 481 509 508; x_wconf 83' lang='lat' dir='ltr'><strong>nihil</strong></span> <span class='ocrx_word' id='word_1_53' title='bbox 522 486 564 509; x_wconf 92' lang='lat' dir='ltr'><strong>est</strong></span> <span class='ocrx_word' id='word_1_54' title='bbox 576 483 619 510; x_wconf 86' lang='lat' dir='ltr'><strong>vel</strong></span> <span class='ocrx_word' id='word_1_55' title='bbox 632 482 740 511; x_wconf 80' lang='lat' dir='ltr'><strong>felicius</strong></span> <span class='ocrx_word' id='word_1_56' title='bbox 757 488 880 512; x_wconf 85' lang='lat' dir='ltr'><strong>nostrate</strong></span> 
     </span>
    </p>
   </div>
   <div class='ocr_carea' id='block_1_11' title="bbox 86 523 880 564">
    <p class='ocr_par' dir='ltr' id='par_1_11' title="bbox 86 523 880 564">
     <span class='ocr_line' id='line_1_12' title="bbox 86 523 880 564; baseline 0.013 -16"><span class='ocrx_word' id='word_1_57' title='bbox 86 523 150 554; x_wconf 84' lang='lat' dir='ltr'><strong>vita,</strong></span> <span class='ocrx_word' id='word_1_58' title='bbox 168 523 212 550; x_wconf 87' lang='lat' dir='ltr'><strong>vel</strong></span> <span class='ocrx_word' id='word_1_59' title='bbox 228 523 354 551; x_wconf 90' lang='lat' dir='ltr'><strong>instituto</strong></span> <span class='ocrx_word' id='word_1_60' title='bbox 373 526 532 558; x_wconf 82' lang='lat' dir='ltr'><strong>sublimius,</strong></span> <span class='ocrx_word' id='word_1_61' title='bbox 551 528 573 555; x_wconf 91' lang='lat' dir='ltr'><strong>si</strong></span> <span class='ocrx_word' id='word_1_62' title='bbox 590 529 686 564; x_wconf 84' lang='lat' dir='ltr'><strong>quales</strong></span> <span class='ocrx_word' id='word_1_63' title='bbox 704 530 880 557; x_wconf 84' lang='lat' dir='ltr'><strong>nominamur</strong></span> 
     </span>
    </p>
   </div>
   <div class='ocr_carea' id='block_1_12' title="bbox 84 569 878 603">
    <p class='ocr_par' dir='ltr' id='par_1_12' title="bbox 84 569 878 603">
     <span class='ocr_line' id='line_1_13' title="bbox 84 569 878 603; baseline 0.014 -10"><span class='ocrx_word' id='word_1_64' title='bbox 84 569 216 600; x_wconf 74' lang='lat' dir='ltr'><strong>vivimus,</strong></span> <span class='ocrx_word' id='word_1_65' title='bbox 236 577 287 597; x_wconf 91' lang='lat' dir='ltr'><strong>nec</strong></span> <span class='ocrx_word' id='word_1_66' title='bbox 299 571 516 599; x_wconf 76' lang='lat' dir='ltr'><strong>nomenclatura:</strong></span> <span class='ocrx_word' id='word_1_67' title='bbox 537 574 705 601; x_wconf 73' lang='lat' dir='ltr'><strong>contrariam</strong></span> <span class='ocrx_word' id='word_1_68' title='bbox 730 575 814 603; x_wconf 88' lang='lat' dir='ltr'><strong>vitam</strong></span> <span class='ocrx_word' id='word_1_69' title='bbox 830 575 878 603; x_wconf 87' lang='lat' dir='ltr'><strong>de-</strong></span> 
     </span>
    </p>
   </div>
   <div class='ocr_carea' id='block_1_13' title="bbox 85 615 879 654">
    <p class='ocr_par' dir='ltr' id='par_1_13' title="bbox 85 615 879 654">
     <span class='ocr_line' id='line_1_14' title="bbox 85 615 879 654; baseline 0.01 -13"><span class='ocrx_word' id='word_1_70' title='bbox 85 615 186 650; x_wconf 78' lang='lat' dir='ltr'><strong>gimus.</strong></span> <span class='ocrx_word' id='word_1_71' title='bbox 201 615 348 644; x_wconf 88' lang='lat' dir='ltr'><strong>Monachus</strong></span> <span class='ocrx_word' id='word_1_72' title='bbox 362 622 405 645; x_wconf 85' lang='lat' dir='ltr'><strong>est</strong></span> <span class='ocrx_word' id='word_1_73' title='bbox 421 618 494 645; x_wconf 93' lang='lat' dir='ltr'><strong>enim</strong></span> <span class='ocrx_word' id='word_1_74' title='bbox 513 620 560 654; x_wconf 93' lang='lat' dir='ltr'><strong>qui</strong></span> <span class='ocrx_word' id='word_1_75' title='bbox 577 621 603 647; x_wconf 93' lang='lat' dir='ltr'><strong>in</strong></span> <span class='ocrx_word' id='word_1_76' title='bbox 626 629 710 648; x_wconf 88' lang='lat' dir='ltr'><strong>unum</strong></span> <span class='ocrx_word' id='word_1_77' title='bbox 727 626 879 649; x_wconf 73' lang='lat' dir='ltr'><strong>contuetur</strong></span> 
     </span>
    </p>
   </div>
   <div class='ocr_carea' id='block_1_14' title="bbox 86 661 879 701">
    <p class='ocr_par' dir='ltr' id='par_1_14' title="bbox 86 661 879 701">
     <span class='ocr_line' id='line_1_15' title="bbox 86 661 879 701; baseline 0.013 -14"><span class='ocrx_word' id='word_1_78' title='bbox 86 661 183 693; x_wconf 84' lang='lat' dir='ltr'><strong>Deum.</strong></span> <span class='ocrx_word' id='word_1_79' title='bbox 214 669 299 690; x_wconf 89' lang='lat' dir='ltr'><strong>unum</strong></span> <span class='ocrx_word' id='word_1_80' title='bbox 328 664 499 697; x_wconf 86' lang='lat' dir='ltr'><strong>desiderans,</strong></span> <span class='ocrx_word' id='word_1_81' title='bbox 527 667 574 694; x_wconf 91' lang='lat' dir='ltr'><strong>uni</strong></span> <span class='ocrx_word' id='word_1_82' title='bbox 602 668 766 701; x_wconf 88' lang='lat' dir='ltr'><strong>imminens,</strong></span> <span class='ocrx_word' id='word_1_83' title='bbox 793 677 879 697; x_wconf 92' lang='lat' dir='ltr'><strong>unum</strong></span> 
     </span>
    </p>
   </div>
   <div class='ocr_carea' id='block_1_15' title="bbox 84 713 878 745">
    <p class='ocr_par' dir='ltr' id='par_1_15' title="bbox 84 713 878 745">
     <span class='ocr_line' id='line_1_16' title="bbox 84 713 878 745; baseline 0.013 -12"><span class='ocrx_word' id='word_1_84' title='bbox 84 714 235 741; x_wconf 85' lang='lat' dir='ltr'><strong>procurare</strong></span> <span class='ocrx_word' id='word_1_85' title='bbox 248 713 392 745; x_wconf 74' lang='lat' dir='ltr'><strong>satagens,</strong></span> <span class='ocrx_word' id='word_1_86' title='bbox 414 718 510 745; x_wconf 88' lang='lat' dir='ltr'><strong>pacem</strong></span> <span class='ocrx_word' id='word_1_87' title='bbox 528 717 554 740; x_wconf 88' lang='lat' dir='ltr'><strong>et</strong></span> <span class='ocrx_word' id='word_1_88' title='bbox 569 713 622 740; x_wconf 89' lang='lat' dir='ltr'><strong>sibi</strong></span> <span class='ocrx_word' id='word_1_89' title='bbox 643 722 704 742; x_wconf 94' lang='lat' dir='ltr'><strong>cum</strong></span> <span class='ocrx_word' id='word_1_90' title='bbox 723 714 778 742; x_wconf 89' lang='lat' dir='ltr'><strong>Deo</strong></span> <span class='ocrx_word' id='word_1_91' title='bbox 798 715 878 742; x_wconf 91' lang='lat' dir='ltr'><strong>moli-</strong></span> 
     </span>
    </p>
   </div>
   <div class='ocr_carea' id='block_1_16' title="bbox 86 752 880 794">
    <p class='ocr_par' dir='ltr' id='par_1_16' title="bbox 86 752 880 794">
     <span class='ocr_line' id='line_1_17' title="bbox 86 752 880 794; baseline 0.014 -16"><span class='ocrx_word' id='word_1_92' title='bbox 86 758 140 784; x_wconf 83' lang='lat' dir='ltr'><strong>tus.</strong></span> <span class='ocrx_word' id='word_1_93' title='bbox 160 758 187 780; x_wconf 87' lang='lat' dir='ltr'><strong>et</strong></span> <span class='ocrx_word' id='word_1_94' title='bbox 202 754 264 782; x_wconf 84' lang='lat' dir='ltr'><strong>aliis</strong></span> <span class='ocrx_word' id='word_1_95' title='bbox 280 760 377 783; x_wconf 89' lang='lat' dir='ltr'><strong>auctor</strong></span> <span class='ocrx_word' id='word_1_96' title='bbox 399 752 533 793; x_wconf 82' lang='lat' dir='ltr'><strong>quoque:</strong></span> <span class='ocrx_word' id='word_1_97' title='bbox 561 763 589 787; x_wconf 88' lang='lat' dir='ltr'><strong>at</strong></span> <span class='ocrx_word' id='word_1_98' title='bbox 606 760 652 794; x_wconf 87' lang='lat' dir='ltr'><strong>qui</strong></span> <span class='ocrx_word' id='word_1_99' title='bbox 678 761 736 788; x_wconf 61' lang='lat' dir='ltr'><strong>haec</strong></span> <span class='ocrx_word' id='word_1_100' title='bbox 761 762 880 789; x_wconf 86' lang='lat' dir='ltr'><strong>minime</strong></span> 
     </span>
    </p>
   </div>
   <div class='ocr_carea' id='block_1_17' title="bbox 85 803 880 838">
    <p class='ocr_par' dir='ltr' id='par_1_17' title="bbox 85 803 880 838">
     <span class='ocr_line' id='line_1_18' title="bbox 85 803 880 838; baseline 0.013 -14"><span class='ocrx_word' id='word_1_101' title='bbox 85 803 198 832; x_wconf 83' lang='lat' dir='ltr'><strong>teneat,</strong></span> <span class='ocrx_word' id='word_1_102' title='bbox 220 806 372 837; x_wconf 85' lang='lat' dir='ltr'><strong>contraque</strong></span> <span class='ocrx_word' id='word_1_103' title='bbox 391 805 578 838; x_wconf 65' lang='lat' dir='ltr'><strong>aemulatione,</strong></span> <span class='ocrx_word' id='word_1_104' title='bbox 599 806 677 836; x_wconf 77' lang='lat' dir='ltr'><strong>rixis.</strong></span> <span class='ocrx_word' id='word_1_105' title='bbox 691 806 807 834; x_wconf 84' lang='lat' dir='ltr'><strong>dissidio</strong></span> <span class='ocrx_word' id='word_1_106' title='bbox 830 807 880 834; x_wconf 80' lang='lat' dir='ltr'><strong>du-</strong></span> 
     </span>
    </p>
   </div>
   <div class='ocr_carea' id='block_1_18' title="bbox 83 847 878 888">
    <p class='ocr_par' dir='ltr' id='par_1_18' title="bbox 83 847 878 888">
     <span class='ocr_line' id='line_1_19' title="bbox 83 847 878 888; baseline 0.011 -17"><span class='ocrx_word' id='word_1_107' title='bbox 83 849 172 877; x_wconf 82' lang='lat' dir='ltr'><strong>catur,</strong></span> <span class='ocrx_word' id='word_1_108' title='bbox 209 854 251 874; x_wconf 69' lang='lat' dir='ltr'><strong>na:</strong></span> <span class='ocrx_word' id='word_1_109' title='bbox 276 847 300 874; x_wconf 91' lang='lat' dir='ltr'><strong>is</strong></span> <span class='ocrx_word' id='word_1_110' title='bbox 324 856 408 877; x_wconf 74' lang='lat' dir='ltr'><strong>caecus</strong></span> <span class='ocrx_word' id='word_1_111' title='bbox 432 855 482 881; x_wconf 82' lang='lat' dir='ltr'><strong>cst,</strong></span> <span class='ocrx_word' id='word_1_112' title='bbox 498 855 523 877; x_wconf 85' lang='lat' dir='ltr'><strong>et</strong></span> <span class='ocrx_word' id='word_1_113' title='bbox 550 860 630 878; x_wconf 87' lang='lat' dir='ltr'><strong>manu</strong></span> <span class='ocrx_word' id='word_1_114' title='bbox 653 857 754 880; x_wconf 83' lang='lat' dir='ltr'><strong>tentnns</strong></span> <span class='ocrx_word' id='word_1_115' title='bbox 773 853 821 888; x_wconf 81' lang='lat'><strong>(7),</strong></span> <span class='ocrx_word' id='word_1_116' title='bbox 840 853 878 881; x_wconf 91' lang='lat' dir='ltr'><strong>uti</strong></span> 
     </span>
    </p>
   </div>
   <div class='ocr_carea' id='block_1_19' title="bbox 82 889 914 932">
    <p class='ocr_par' dir='ltr' id='par_1_19' title="bbox 82 889 914 932">
     <span class='ocr_line' id='line_1_20' title="bbox 82 889 914 932; baseline 0.014 -17"><span class='ocrx_word' id='word_1_117' title='bbox 82 890 219 924; x_wconf 87' lang='lat' dir='ltr'><strong>scriptum</strong></span> <span class='ocrx_word' id='word_1_118' title='bbox 229 896 282 924; x_wconf 88' lang='lat' dir='ltr'><strong>est,</strong></span> <span class='ocrx_word' id='word_1_119' title='bbox 300 892 458 921; x_wconf 81' lang='lat' dir='ltr'><strong>oblivionem</strong></span> <span class='ocrx_word' id='word_1_120' title='bbox 482 897 615 930; x_wconf 73' lang='lat' dir='ltr'><strong>accipiens</strong></span> <span class='ocrx_word' id='word_1_121' title='bbox 627 899 796 932; x_wconf 81' lang='lat' dir='ltr'><strong>purgationis</strong></span> <span class='ocrx_word' id='word_1_122' title='bbox 809 904 876 926; x_wconf 82' lang='lat' dir='ltr'><strong>vete-</strong></span> <span class='ocrx_word' id='word_1_123' title='bbox 894 889 914 916; x_wconf 71' lang='grc' dir='ltr'><strong>Β</strong></span> 
     </span>
    </p>
   </div>
   <div class='ocr_carea' id='block_1_20' title="bbox 83 939 876 974">
    <p class='ocr_par' dir='ltr' id='par_1_20' title="bbox 83 939 876 974">
     <span class='ocr_line' id='line_1_21' title="bbox 83 939 876 974; baseline 0.014 -12"><span class='ocrx_word' id='word_1_124' title='bbox 83 944 142 962; x_wconf 89' lang='lat' dir='ltr'><strong>rum</strong></span> <span class='ocrx_word' id='word_1_125' title='bbox 167 945 278 964; x_wconf 82' lang='lat' dir='ltr'><strong>suorum</strong></span> <span class='ocrx_word' id='word_1_126' title='bbox 302 939 496 968; x_wconf 85' lang='lat' dir='ltr'><strong>delictorum&quot;.</strong></span> <span class='ocrx_word' id='word_1_127' title='bbox 515 941 581 974; x_wconf 63' lang='lat' dir='ltr'><strong>Quae</strong></span> <span class='ocrx_word' id='word_1_128' title='bbox 604 951 652 970; x_wconf 92' lang='lat' dir='ltr'><strong>cur</strong></span> <span class='ocrx_word' id='word_1_129' title='bbox 666 944 782 972; x_wconf 83' lang='lat' dir='ltr'><strong>dixerim</strong></span> <span class='ocrx_word' id='word_1_130' title='bbox 799 946 876 974; x_wconf 80' lang='lat' dir='ltr'><strong>scitis</strong></span> 
     </span>
    </p>
   </div>
   <div class='ocr_carea' id='block_1_21' title="bbox 82 983 874 1024">
    <p class='ocr_par' dir='ltr' id='par_1_21' title="bbox 82 983 874 1024">
     <span class='ocr_line' id='line_1_22' title="bbox 82 983 874 1024; baseline 0.014 -17"><span class='ocrx_word' id='word_1_131' title='bbox 82 983 131 1016; x_wconf 86' lang='lat' dir='ltr'><strong>qui</strong></span> <span class='ocrx_word' id='word_1_132' title='bbox 160 983 272 1010; x_wconf 79' lang='lat' dir='ltr'><strong>obnoxii</strong></span> <span class='ocrx_word' id='word_1_133' title='bbox 292 985 369 1012; x_wconf 81' lang='lat' dir='ltr'><strong>estis.</strong></span> <span class='ocrx_word' id='word_1_134' title='bbox 389 985 443 1014; x_wconf 87' lang='lat' dir='ltr'><strong>Nec</strong></span> <span class='ocrx_word' id='word_1_135' title='bbox 460 987 522 1014; x_wconf 85' lang='lat' dir='ltr'><strong>dico</strong></span> <span class='ocrx_word' id='word_1_136' title='bbox 542 989 668 1023; x_wconf 77' lang='lat' dir='ltr'><strong>equidem</strong></span> <span class='ocrx_word' id='word_1_137' title='bbox 697 997 752 1024; x_wconf 87' lang='lat' dir='ltr'><strong>quo</strong></span> <span class='ocrx_word' id='word_1_138' title='bbox 776 991 874 1018; x_wconf 87' lang='lat' dir='ltr'><strong>iterum</strong></span> 
     </span>
    </p>
   </div>
   <div class='ocr_carea' id='block_1_22' title="bbox 83 1028 875 1069">
    <p class='ocr_par' dir='ltr' id='par_1_22' title="bbox 83 1028 875 1069">
     <span class='ocr_line' id='line_1_23' title="bbox 83 1028 875 1069; baseline 0.014 -15"><span class='ocrx_word' id='word_1_139' title='bbox 83 1028 257 1062; x_wconf 88' lang='lat' dir='ltr'><strong>contristem,</strong></span> <span class='ocrx_word' id='word_1_140' title='bbox 279 1030 345 1064; x_wconf 89' lang='lat' dir='ltr'><strong>quin</strong></span> <span class='ocrx_word' id='word_1_141' title='bbox 369 1036 399 1058; x_wconf 94' lang='lat' dir='ltr'><strong>ut</strong></span> <span class='ocrx_word' id='word_1_142' title='bbox 419 1033 446 1059; x_wconf 94' lang='lat' dir='ltr'><strong>in</strong></span> <span class='ocrx_word' id='word_1_143' title='bbox 463 1039 605 1068; x_wconf 87' lang='lat' dir='ltr'><strong>posterum</strong></span> <span class='ocrx_word' id='word_1_144' title='bbox 620 1037 821 1069; x_wconf 75' lang='lat' dir='ltr'><strong>communium,</strong></span> <span class='ocrx_word' id='word_1_145' title='bbox 841 1045 875 1066; x_wconf 87' lang='lat' dir='ltr'><strong>ne</strong></span> 
     </span>
    </p>
   </div>
   <div class='ocr_carea' id='block_1_23' title="bbox 84 1073 876 1109">
    <p class='ocr_par' dir='ltr' id='par_1_23' title="bbox 84 1073 876 1109">
     <span class='ocr_line' id='line_1_24' title="bbox 84 1073 876 1109; baseline 0.013 -10"><span class='ocrx_word' id='word_1_146' title='bbox 84 1074 112 1099; x_wconf 92' lang='lat' dir='ltr'><strong>in</strong></span> <span class='ocrx_word' id='word_1_147' title='bbox 130 1073 228 1101; x_wconf 88' lang='lat' dir='ltr'><strong>eadem</strong></span> <span class='ocrx_word' id='word_1_148' title='bbox 244 1075 360 1103; x_wconf 89' lang='lat' dir='ltr'><strong>crimina</strong></span> <span class='ocrx_word' id='word_1_149' title='bbox 380 1078 477 1105; x_wconf 90' lang='lat' dir='ltr'><strong>ruatis.</strong></span> <span class='ocrx_word' id='word_1_150' title='bbox 488 1077 601 1106; x_wconf 83' lang='lat' dir='ltr'><strong>Patrum</strong></span> <span class='ocrx_word' id='word_1_151' title='bbox 620 1081 752 1108; x_wconf 86' lang='lat' dir='ltr'><strong>memoria</strong></span> <span class='ocrx_word' id='word_1_152' title='bbox 765 1082 876 1109; x_wconf 81' lang='lat' dir='ltr'><strong>exsula-</strong></span> 
     </span>
    </p>
   </div>
   <div class='ocr_carea' id='block_1_24' title="bbox 84 1119 876 1156">
    <p class='ocr_par' dir='ltr' id='par_1_24' title="bbox 84 1119 876 1156">
     <span class='ocr_line' id='line_1_25' title="bbox 84 1119 876 1156; baseline 0.014 -11"><span class='ocrx_word' id='word_1_153' title='bbox 84 1119 132 1146; x_wconf 81' lang='lat' dir='ltr'><strong>bat</strong></span> <span class='ocrx_word' id='word_1_154' title='bbox 153 1120 300 1153; x_wconf 79' lang='lat' dir='ltr'><strong>detractio,</strong></span> <span class='ocrx_word' id='word_1_155' title='bbox 320 1126 347 1149; x_wconf 90' lang='lat' dir='ltr'><strong>et</strong></span> <span class='ocrx_word' id='word_1_156' title='bbox 363 1122 538 1152; x_wconf 83' lang='lat' dir='ltr'><strong>detrahentes</strong></span> <span class='ocrx_word' id='word_1_157' title='bbox 562 1126 677 1155; x_wconf 87' lang='lat' dir='ltr'><strong>audiens</strong></span> <span class='ocrx_word' id='word_1_158' title='bbox 697 1128 739 1154; x_wconf 90' lang='lat' dir='ltr'><strong>vel</strong></span> <span class='ocrx_word' id='word_1_159' title='bbox 763 1129 876 1156; x_wconf 87' lang='lat' dir='ltr'><strong>obtura-</strong></span> 
     </span>
    </p>
   </div>
   <div class='ocr_carea' id='block_1_25' title="bbox 84 1166 876 1206">
    <p class='ocr_par' dir='ltr' id='par_1_25' title="bbox 84 1166 876 1206">
     <span class='ocr_line' id='line_1_26' title="bbox 84 1166 876 1206; baseline 0.015 -15"><span class='ocrx_word' id='word_1_160' title='bbox 84 1166 132 1192; x_wconf 83' lang='lat' dir='ltr'><strong>bat</strong></span> <span class='ocrx_word' id='word_1_161' title='bbox 144 1173 238 1200; x_wconf 83' lang='lat' dir='ltr'><strong>aures,</strong></span> <span class='ocrx_word' id='word_1_162' title='bbox 260 1168 303 1195; x_wconf 86' lang='lat' dir='ltr'><strong>vel</strong></span> <span class='ocrx_word' id='word_1_163' title='bbox 321 1168 394 1196; x_wconf 90' lang='lat' dir='ltr'><strong>bono</strong></span> <span class='ocrx_word' id='word_1_164' title='bbox 411 1171 619 1206; x_wconf 85' lang='lat' dir='ltr'><strong>commutabat;</strong></span> <span class='ocrx_word' id='word_1_165' title='bbox 646 1181 719 1201; x_wconf 92' lang='lat' dir='ltr'><strong>nunc</strong></span> <span class='ocrx_word' id='word_1_166' title='bbox 734 1173 814 1202; x_wconf 80' lang='lat' dir='ltr'><strong>facile</strong></span> <span class='ocrx_word' id='word_1_167' title='bbox 828 1183 876 1202; x_wconf 88' lang='lat' dir='ltr'><strong>ca-</strong></span> 
     </span>
    </p>
   </div>
   <div class='ocr_carea' id='block_1_26' title="bbox 86 1212 877 1253">
    <p class='ocr_par' dir='ltr' id='par_1_26' title="bbox 86 1212 877 1253">
     <span class='ocr_line' id='line_1_27' title="bbox 86 1212 877 1253; baseline 0.015 -16"><span class='ocrx_word' id='word_1_168' title='bbox 86 1212 199 1240; x_wconf 92' lang='lat' dir='ltr'><strong>lumniis</strong></span> <span class='ocrx_word' id='word_1_169' title='bbox 224 1221 319 1241; x_wconf 87' lang='lat' dir='ltr'><strong>aurem</strong></span> <span class='ocrx_word' id='word_1_170' title='bbox 347 1215 511 1250; x_wconf 62' lang='lat' dir='ltr'><strong>praebemus,</strong></span> <span class='ocrx_word' id='word_1_171' title='bbox 539 1221 650 1253; x_wconf 82' lang='lat' dir='ltr'><strong>tamque</strong></span> <span class='ocrx_word' id='word_1_172' title='bbox 666 1220 745 1248; x_wconf 90' lang='lat' dir='ltr'><strong>avide</strong></span> <span class='ocrx_word' id='word_1_173' title='bbox 767 1221 877 1249; x_wconf 87' lang='lat' dir='ltr'><strong>inaudi-</strong></span> 
     </span>
    </p>
   </div>
   <div class='ocr_carea' id='block_1_27' title="bbox 85 1261 875 1299">
    <p class='ocr_par' dir='ltr' id='par_1_27' title="bbox 85 1261 875 1299">
     <span class='ocr_line' id='line_1_28' title="bbox 85 1261 875 1299; baseline 0.014 -15"><span class='ocrx_word' id='word_1_174' title='bbox 85 1265 159 1290; x_wconf 86' lang='lat' dir='ltr'><strong>mus,</strong></span> <span class='ocrx_word' id='word_1_175' title='bbox 175 1267 257 1293; x_wconf 79' lang='lat' dir='ltr'><strong>quam</strong></span> <span class='ocrx_word' id='word_1_176' title='bbox 273 1267 327 1287; x_wconf 87' lang='lat' dir='ltr'><strong>non</strong></span> <span class='ocrx_word' id='word_1_177' title='bbox 343 1261 486 1290; x_wconf 85' lang='lat' dir='ltr'><strong>lectionem</strong></span> <span class='ocrx_word' id='word_1_178' title='bbox 505 1266 632 1299; x_wconf 84' lang='lat' dir='ltr'><strong>usurpari</strong></span> <span class='ocrx_word' id='word_1_179' title='bbox 650 1267 806 1294; x_wconf 84' lang='lat' dir='ltr'><strong>audiamus.</strong></span> <span class='ocrx_word' id='word_1_180' title='bbox 822 1267 875 1295; x_wconf 83' lang='lat' dir='ltr'><strong>Pa-</strong></span> 
     </span>
    </p>
   </div>
   <div class='ocr_carea' id='block_1_28' title="bbox 86 1307 876 1348">
    <p class='ocr_par' dir='ltr' id='par_1_28' title="bbox 86 1307 876 1348">
     <span class='ocr_line' id='line_1_29' title="bbox 86 1307 876 1348; baseline 0.014 -18"><span class='ocrx_word' id='word_1_181' title='bbox 86 1308 160 1331; x_wconf 89' lang='lat' dir='ltr'><strong>trum</strong></span> <span class='ocrx_word' id='word_1_182' title='bbox 191 1309 353 1340; x_wconf 85' lang='lat' dir='ltr'><strong>tempestate</strong></span> <span class='ocrx_word' id='word_1_183' title='bbox 381 1307 449 1334; x_wconf 90' lang='lat' dir='ltr'><strong>nihil</strong></span> <span class='ocrx_word' id='word_1_184' title='bbox 478 1310 592 1344; x_wconf 83' lang='lat' dir='ltr'><strong>sequius</strong></span> <span class='ocrx_word' id='word_1_185' title='bbox 619 1311 783 1345; x_wconf 86' lang='lat' dir='ltr'><strong>dicebatur,</strong></span> <span class='ocrx_word' id='word_1_186' title='bbox 809 1313 876 1348; x_wconf 90' lang='lat' dir='ltr'><strong>quin</strong></span> 
     </span>
    </p>
   </div>
   <div class='ocr_carea' id='block_1_29' title="bbox 87 1350 875 1391">
    <p class='ocr_par' dir='ltr' id='par_1_29' title="bbox 87 1350 875 1391">
     <span class='ocr_line' id='line_1_30' title="bbox 87 1350 875 1391; baseline 0.014 -15"><span class='ocrx_word' id='word_1_187' title='bbox 87 1350 205 1385; x_wconf 76' lang='lat' dir='ltr'><strong>benigne</strong></span> <span class='ocrx_word' id='word_1_188' title='bbox 230 1351 428 1388; x_wconf 84' lang='lat' dir='ltr'><strong>modesteque;</strong></span> <span class='ocrx_word' id='word_1_189' title='bbox 458 1362 531 1382; x_wconf 91' lang='lat' dir='ltr'><strong>nunc</strong></span> <span class='ocrx_word' id='word_1_190' title='bbox 555 1356 698 1390; x_wconf 87' lang='lat' dir='ltr'><strong>clamose,</strong></span> <span class='ocrx_word' id='word_1_191' title='bbox 731 1358 875 1391; x_wconf 89' lang='lat' dir='ltr'><strong>iracunde,</strong></span> 
     </span>
    </p>
   </div>
   <div class='ocr_carea' id='block_1_30' title="bbox 86 1395 872 1435">
    <p class='ocr_par' dir='ltr' id='par_1_30' title="bbox 86 1395 872 1435">
     <span class='ocr_line' id='line_1_31' title="bbox 86 1395 872 1435; baseline 0.014 -14"><span class='ocrx_word' id='word_1_192' title='bbox 86 1395 163 1422; x_wconf 71' lang='lat' dir='ltr'><strong>vultu</strong></span> <span class='ocrx_word' id='word_1_193' title='bbox 179 1396 218 1431; x_wconf 83' lang='lat'><strong>(8)</strong></span> <span class='ocrx_word' id='word_1_194' title='bbox 239 1397 357 1425; x_wconf 90' lang='lat' dir='ltr'><strong>distorto</strong></span> <span class='ocrx_word' id='word_1_195' title='bbox 372 1408 378 1426; x_wconf 88' lang='lat'><strong>:</strong></span> <span class='ocrx_word' id='word_1_196' title='bbox 396 1407 452 1434; x_wconf 92' lang='lat' dir='ltr'><strong>quo</strong></span> <span class='ocrx_word' id='word_1_197' title='bbox 466 1401 531 1435; x_wconf 89' lang='lat' dir='ltr'><strong>quid</strong></span> <span class='ocrx_word' id='word_1_198' title='bbox 545 1402 745 1431; x_wconf 90' lang='lat' dir='ltr'><strong>inhonestius?</strong></span> <span class='ocrx_word' id='word_1_199' title='bbox 759 1403 872 1432; x_wconf 89' lang='lat' dir='ltr'><strong>Patrum</strong></span> 
     </span>
    </p>
   </div>
   <div class='ocr_carea' id='block_1_31' title="bbox 85 1443 879 1483">
    <p class='ocr_par' dir='ltr' id='par_1_31' title="bbox 85 1443 879 1483">
     <span class='ocr_line' id='line_1_32' title="bbox 85 1443 879 1483; baseline 0.013 -16"><span class='ocrx_word' id='word_1_200' title='bbox 85 1446 168 1468; x_wconf 65' lang='lat' dir='ltr'><strong>state</strong></span> <span class='ocrx_word' id='word_1_201' title='bbox 191 1448 245 1469; x_wconf 89' lang='lat' dir='ltr'><strong>non</strong></span> <span class='ocrx_word' id='word_1_202' title='bbox 272 1443 426 1478; x_wconf 76' lang='lat' dir='ltr'><strong>agitabatur</strong></span> <span class='ocrx_word' id='word_1_203' title='bbox 451 1453 587 1479; x_wconf 80' lang='lat' dir='ltr'><strong>murmur,</strong></span> <span class='ocrx_word' id='word_1_204' title='bbox 605 1447 653 1475; x_wconf 88' lang='lat' dir='ltr'><strong>sed</strong></span> <span class='ocrx_word' id='word_1_205' title='bbox 668 1449 741 1483; x_wconf 88' lang='lat' dir='ltr'><strong>quod</strong></span> <span class='ocrx_word' id='word_1_206' title='bbox 764 1449 879 1477; x_wconf 89' lang='lat' dir='ltr'><strong>daretur</strong></span> 
     </span>
    </p>
   </div>
   <div class='ocr_carea' id='block_1_32' title="bbox 84 1488 878 1528">
    <p class='ocr_par' dir='ltr' id='par_1_32' title="bbox 84 1488 878 1528">
     <span class='ocr_line' id='line_1_33' title="bbox 84 1488 878 1528; baseline 0.011 -14"><span class='ocrx_word' id='word_1_207' title='bbox 84 1488 206 1523; x_wconf 60' lang='lat' dir='ltr'><strong>quique</strong></span> <span class='ocrx_word' id='word_1_208' title='bbox 220 1489 347 1524; x_wconf 85' lang='lat' dir='ltr'><strong>capiebat</strong></span> <span class='ocrx_word' id='word_1_209' title='bbox 372 1498 434 1518; x_wconf 92' lang='lat' dir='ltr'><strong>cum</strong></span> <span class='ocrx_word' id='word_1_210' title='bbox 452 1492 603 1527; x_wconf 80' lang='lat' dir='ltr'><strong>gratiarum</strong></span> <span class='ocrx_word' id='word_1_211' title='bbox 625 1494 744 1528; x_wconf 88' lang='lat' dir='ltr'><strong>actione,</strong></span> <span class='ocrx_word' id='word_1_212' title='bbox 769 1499 799 1522; x_wconf 95' lang='lat' dir='ltr'><strong>ut</strong></span> <span class='ocrx_word' id='word_1_213' title='bbox 814 1495 878 1523; x_wconf 90' lang='lat' dir='ltr'><strong>hinc</strong></span> 
     </span>
    </p>
   </div>
   <div class='ocr_carea' id='block_1_33' title="bbox 86 1534 878 1573">
    <p class='ocr_par' dir='ltr' id='par_1_33' title="bbox 86 1534 878 1573">
     <span class='ocr_line' id='line_1_34' title="bbox 86 1534 878 1573; baseline 0.01 -12"><span class='ocrx_word' id='word_1_214' title='bbox 86 1534 281 1562; x_wconf 81' lang='lat' dir='ltr'><strong>dulcesecrcnt</strong></span> <span class='ocrx_word' id='word_1_215' title='bbox 300 1543 404 1568; x_wconf 84' lang='lat' dir='ltr'><strong>amara,</strong></span> <span class='ocrx_word' id='word_1_216' title='bbox 429 1537 601 1566; x_wconf 85' lang='lat' dir='ltr'><strong>oblectarent</strong></span> <span class='ocrx_word' id='word_1_217' title='bbox 623 1539 782 1573; x_wconf 68' lang='lat' dir='ltr'><strong>inamwna;</strong></span> <span class='ocrx_word' id='word_1_218' title='bbox 804 1548 878 1569; x_wconf 94' lang='lat' dir='ltr'><strong>nunc</strong></span> 
     </span>
    </p>
   </div>
   <div class='ocr_carea' id='block_1_34' title="bbox 87 1581 877 1620">
    <p class='ocr_par' dir='ltr' id='par_1_34' title="bbox 87 1581 877 1620">
     <span class='ocr_line' id='line_1_35' title="bbox 87 1581 877 1620; baseline 0.009 -14"><span class='ocrx_word' id='word_1_219' title='bbox 87 1587 309 1612; x_wconf 88' lang='lat' dir='ltr'><strong>murmuramus,</strong></span> <span class='ocrx_word' id='word_1_220' title='bbox 337 1581 394 1609; x_wconf 66' lang='lat' dir='ltr'><strong>haec</strong></span> <span class='ocrx_word' id='word_1_221' title='bbox 418 1582 520 1617; x_wconf 88' lang='lat' dir='ltr'><strong>illaque</strong></span> <span class='ocrx_word' id='word_1_222' title='bbox 542 1588 700 1616; x_wconf 86' lang='lat' dir='ltr'><strong>causantes,</strong></span> <span class='ocrx_word' id='word_1_223' title='bbox 731 1593 820 1620; x_wconf 88' lang='lat' dir='ltr'><strong>neque</strong></span> <span class='ocrx_word' id='word_1_224' title='bbox 851 1586 877 1613; x_wconf 89' lang='lat' dir='ltr'><strong>id</strong></span> 
     </span>
    </p>
   </div>
   <div class='ocr_carea' id='block_1_35' title="bbox 88 1625 879 1665">
    <p class='ocr_par' dir='ltr' id='par_1_35' title="bbox 88 1625 879 1665">
     <span class='ocr_line' id='line_1_36' title="bbox 88 1625 879 1665; baseline 0.009 -14"><span class='ocrx_word' id='word_1_225' title='bbox 88 1625 245 1658; x_wconf 85' lang='lat' dir='ltr'><strong>nobiscum,</strong></span> <span class='ocrx_word' id='word_1_226' title='bbox 260 1626 308 1653; x_wconf 86' lang='lat' dir='ltr'><strong>sed</strong></span> <span class='ocrx_word' id='word_1_227' title='bbox 329 1626 356 1653; x_wconf 90' lang='lat' dir='ltr'><strong>in</strong></span> <span class='ocrx_word' id='word_1_228' title='bbox 372 1627 492 1661; x_wconf 83' lang='lat' dir='ltr'><strong>publico,</strong></span> <span class='ocrx_word' id='word_1_229' title='bbox 509 1635 565 1662; x_wconf 92' lang='lat' dir='ltr'><strong>quo</strong></span> <span class='ocrx_word' id='word_1_230' title='bbox 579 1628 672 1662; x_wconf 86' lang='lat' dir='ltr'><strong>plures</strong></span> <span class='ocrx_word' id='word_1_231' title='bbox 689 1636 817 1663; x_wconf 76' lang='lat' dir='ltr'><strong>paremus</strong></span> <span class='ocrx_word' id='word_1_232' title='bbox 832 1631 879 1665; x_wconf 87' lang='lat' dir='ltr'><strong>qui</strong></span> 
     </span>
    </p>
   </div>
   <div class='ocr_carea' id='block_1_36' title="bbox 88 1672 780 1709">
    <p class='ocr_par' dir='ltr' id='par_1_36' title="bbox 88 1672 780 1709">
     <span class='ocr_line' id='line_1_37' title="bbox 88 1672 780 1709; baseline 0.007 -12"><span class='ocrx_word' id='word_1_233' title='bbox 88 1676 338 1704; x_wconf 87' lang='lat' dir='ltr'><strong>commurmurent,</strong></span> <span class='ocrx_word' id='word_1_234' title='bbox 357 1680 388 1699; x_wconf 88' lang='lat' dir='ltr'><strong>ac</strong></span> <span class='ocrx_word' id='word_1_235' title='bbox 402 1672 485 1700; x_wconf 89' lang='lat' dir='ltr'><strong>Deum</strong></span> <span class='ocrx_word' id='word_1_236' title='bbox 503 1674 615 1709; x_wconf 79' lang='lat' dir='ltr'><strong>gravius</strong></span> <span class='ocrx_word' id='word_1_237' title='bbox 627 1674 780 1703; x_wconf 85' lang='lat' dir='ltr'><strong>irritemus.</strong></span> 
     </span>
    </p>
   </div>
   <div class='ocr_carea' id='block_1_37' title="bbox 125 1717 880 1752">
    <p class='ocr_par' dir='ltr' id='par_1_37' title="bbox 125 1717 880 1752">
     <span class='ocr_line' id='line_1_38' title="bbox 125 1717 880 1752; baseline 0.008 -9"><span class='ocrx_word' id='word_1_238' title='bbox 125 1717 185 1744; x_wconf 79' lang='lat' dir='ltr'><strong>Non</strong></span> <span class='ocrx_word' id='word_1_239' title='bbox 205 1717 274 1749; x_wconf 69' lang='lat' dir='ltr'><strong>haec,</strong></span> <span class='ocrx_word' id='word_1_240' title='bbox 297 1717 416 1751; x_wconf 75' lang='lat' dir='ltr'><strong>fratres,</strong></span> <span class='ocrx_word' id='word_1_241' title='bbox 442 1719 481 1746; x_wconf 79' lang='lat' dir='ltr'><strong>sic</strong></span> <span class='ocrx_word' id='word_1_242' title='bbox 499 1720 540 1747; x_wconf 88' lang='lat' dir='ltr'><strong>fas</strong></span> <span class='ocrx_word' id='word_1_243' title='bbox 557 1719 614 1747; x_wconf 83' lang='lat' dir='ltr'><strong>fieri</strong></span> <span class='ocrx_word' id='word_1_244' title='bbox 635 1724 688 1752; x_wconf 91' lang='lat' dir='ltr'><strong>cst,</strong></span> <span class='ocrx_word' id='word_1_245' title='bbox 711 1729 761 1749; x_wconf 88' lang='lat' dir='ltr'><strong>nec</strong></span> <span class='ocrx_word' id='word_1_246' title='bbox 784 1729 880 1749; x_wconf 88' lang='lat' dir='ltr'><strong>mona-</strong></span> 
     </span>
    </p>
   </div>
   <div class='ocr_carea' id='block_1_38' title="bbox 90 1761 881 1801">
    <p class='ocr_par' dir='ltr' id='par_1_38' title="bbox 90 1761 881 1801">
     <span class='ocr_line' id='line_1_39' title="bbox 90 1761 881 1801; baseline 0.006 -12"><span class='ocrx_word' id='word_1_247' title='bbox 90 1761 166 1789; x_wconf 83' lang='lat' dir='ltr'><strong>stica:</strong></span> <span class='ocrx_word' id='word_1_248' title='bbox 187 1762 251 1789; x_wconf 68' lang='lat' dir='ltr'><strong>vitae</strong></span> <span class='ocrx_word' id='word_1_249' title='bbox 269 1762 327 1790; x_wconf 75' lang='lat' dir='ltr'><strong>haec</strong></span> <span class='ocrx_word' id='word_1_250' title='bbox 353 1763 470 1801; x_wconf 60' lang='lat' dir='ltr'><strong>insignia</strong></span> <span class='ocrx_word' id='word_1_251' title='bbox 489 1770 563 1791; x_wconf 88' lang='lat' dir='ltr'><strong>sunt.</strong></span> <span class='ocrx_word' id='word_1_252' title='bbox 581 1764 659 1792; x_wconf 79' lang='lat' dir='ltr'><strong>Haud</strong></span> <span class='ocrx_word' id='word_1_253' title='bbox 681 1766 810 1800; x_wconf 80' lang='lat' dir='ltr'><strong>exiguum</strong></span> <span class='ocrx_word' id='word_1_254' title='bbox 826 1767 881 1794; x_wconf 85' lang='lat' dir='ltr'><strong>cri-</strong></span> 
     </span>
    </p>
   </div>
   <div class='ocr_carea' id='block_1_39' title="bbox 91 1808 881 1847">
    <p class='ocr_par' dir='ltr' id='par_1_39' title="bbox 91 1808 881 1847">
     <span class='ocr_line' id='line_1_40' title="bbox 91 1808 881 1847; baseline 0.008 -13"><span class='ocrx_word' id='word_1_255' title='bbox 91 1815 154 1835; x_wconf 89' lang='lat' dir='ltr'><strong>men</strong></span> <span class='ocrx_word' id='word_1_256' title='bbox 173 1808 337 1836; x_wconf 83' lang='lat' dir='ltr'><strong>maledicere</strong></span> <span class='ocrx_word' id='word_1_257' title='bbox 363 1814 414 1837; x_wconf 89' lang='lat' dir='ltr'><strong>est.</strong></span> <span class='ocrx_word' id='word_1_258' title='bbox 442 1809 581 1844; x_wconf 85' lang='lat' dir='ltr'><strong>Siquidem</strong></span> <span class='ocrx_word' id='word_1_259' title='bbox 596 1831 604 1844; x_wconf 93' lang='lat'><strong>,</strong></span> <span class='ocrx_word' id='word_1_260' title='bbox 625 1811 757 1844; x_wconf 79' lang='lat' dir='ltr'><strong>Malediei,</strong></span> <span class='ocrx_word' id='word_1_261' title='bbox 781 1812 881 1847; x_wconf 85' lang='lat' dir='ltr'><strong>inquit,</strong></span> 
     </span>
    </p>
   </div>
   <div class='ocr_carea' id='block_1_40' title="bbox 93 1853 880 1892">
    <p class='ocr_par' dir='ltr' id='par_1_40' title="bbox 93 1853 880 1892">
     <span class='ocr_line' id='line_1_41' title="bbox 93 1853 880 1892; baseline 0.008 -13"><span class='ocrx_word' id='word_1_262' title='bbox 93 1853 140 1880; x_wconf 84' lang='lat' dir='ltr'><strong>Dei</strong></span> <span class='ocrx_word' id='word_1_263' title='bbox 157 1862 268 1888; x_wconf 78' lang='lat' dir='ltr'><strong>regnum</strong></span> <span class='ocrx_word' id='word_1_264' title='bbox 284 1862 336 1881; x_wconf 87' lang='lat' dir='ltr'><strong>non</strong></span> <span class='ocrx_word' id='word_1_265' title='bbox 355 1855 567 1890; x_wconf 76' lang='lat' dir='ltr'><strong>possidebunt&quot;.</strong></span> <span class='ocrx_word' id='word_1_266' title='bbox 584 1855 639 1884; x_wconf 87' lang='lat' dir='ltr'><strong>Nec</strong></span> <span class='ocrx_word' id='word_1_267' title='bbox 662 1857 720 1884; x_wconf 89' lang='lat' dir='ltr'><strong>leve</strong></span> <span class='ocrx_word' id='word_1_268' title='bbox 736 1863 880 1892; x_wconf 87' lang='lat' dir='ltr'><strong>peccatum</strong></span> 
     </span>
    </p>
   </div>
   <div class='ocr_carea' id='block_1_41' title="bbox 92 1900 883 1936">
    <p class='ocr_par' dir='ltr' id='par_1_41' title="bbox 92 1900 883 1936">
     <span class='ocr_line' id='line_1_42' title="bbox 92 1900 883 1936; baseline 0.006 -11"><span class='ocrx_word' id='word_1_269' title='bbox 92 1907 287 1926; x_wconf 87' lang='lat' dir='ltr'><strong>murmurare:</strong></span> <span class='ocrx_word' id='word_1_270' title='bbox 305 1908 378 1934; x_wconf 85' lang='lat' dir='ltr'><strong>nam,</strong></span> <span class='ocrx_word' id='word_1_271' title='bbox 395 1900 452 1928; x_wconf 83' lang='lat' dir='ltr'><strong>Nec</strong></span> <span class='ocrx_word' id='word_1_272' title='bbox 480 1901 730 1936; x_wconf 81' lang='lat' dir='ltr'><strong>murmuraveritis,</strong></span> <span class='ocrx_word' id='word_1_273' title='bbox 748 1903 798 1936; x_wconf 85' lang='lat' dir='ltr'><strong>ait,</strong></span> <span class='ocrx_word' id='word_1_274' title='bbox 814 1904 883 1930; x_wconf 77' lang='lat' dir='ltr'><strong>sicut</strong></span> 
     </span>
    </p>
   </div>
   <div class='ocr_carea' id='block_1_42' title="bbox 91 1945 886 1982">
    <p class='ocr_par' dir='ltr' id='par_1_42' title="bbox 91 1945 886 1982">
     <span class='ocr_line' id='line_1_43' title="bbox 91 1945 886 1982; baseline 0.008 -12"><span class='ocrx_word' id='word_1_275' title='bbox 91 1945 202 1979; x_wconf 79' lang='lat' dir='ltr'><strong>quidam</strong></span> <span class='ocrx_word' id='word_1_276' title='bbox 215 1953 307 1972; x_wconf 83' lang='lat' dir='ltr'><strong>eorum</strong></span> <span class='ocrx_word' id='word_1_277' title='bbox 322 1952 564 1980; x_wconf 78' lang='lat' dir='ltr'><strong>murmuracerunt,</strong></span> <span class='ocrx_word' id='word_1_278' title='bbox 577 1953 601 1974; x_wconf 91' lang='lat' dir='ltr'><strong>et</strong></span> <span class='ocrx_word' id='word_1_279' title='bbox 613 1948 746 1982; x_wconf 84' lang='lat' dir='ltr'><strong>perierunt</strong></span> <span class='ocrx_word' id='word_1_280' title='bbox 760 1948 792 1976; x_wconf 86' lang='lat' dir='ltr'><strong>ab</strong></span> <span class='ocrx_word' id='word_1_281' title='bbox 802 1954 886 1976; x_wconf 74' lang='lat' dir='ltr'><strong>exter-</strong></span> 
     </span>
    </p>
   </div>
   <div class='ocr_carea' id='block_1_43' title="bbox 93 1990 886 2031">
    <p class='ocr_par' dir='ltr' id='par_1_43' title="bbox 93 1990 886 2031">
     <span class='ocr_line' id='line_1_44' title="bbox 93 1990 886 2031; baseline 0.009 -15"><span class='ocrx_word' id='word_1_282' title='bbox 93 1991 266 2017; x_wconf 79' lang='lat' dir='ltr'><strong>minatore&quot;.</strong></span> <span class='ocrx_word' id='word_1_283' title='bbox 276 1990 345 2024; x_wconf 81' lang='lat' dir='ltr'><strong>Quir:</strong></span> <span class='ocrx_word' id='word_1_284' title='bbox 357 1999 408 2019; x_wconf 91' lang='lat' dir='ltr'><strong>nec</strong></span> <span class='ocrx_word' id='word_1_285' title='bbox 417 1992 562 2020; x_wconf 90' lang='lat' dir='ltr'><strong>minimum</strong></span> <span class='ocrx_word' id='word_1_286' title='bbox 572 1993 655 2021; x_wconf 86' lang='lat' dir='ltr'><strong>futire</strong></span> <span class='ocrx_word' id='word_1_287' title='bbox 663 1994 770 2028; x_wconf 86' lang='lat' dir='ltr'><strong>scelus;</strong></span> <span class='ocrx_word' id='word_1_288' title='bbox 784 1995 886 2031; x_wconf 82' lang='lat' dir='ltr'><strong>quippe</strong></span> 
     </span>
    </p>
   </div>
   <div class='ocr_carea' id='block_1_44' title="bbox 92 2037 884 2077">
    <p class='ocr_par' dir='ltr' id='par_1_44' title="bbox 92 2037 884 2077">
     <span class='ocr_line' id='line_1_45' title="bbox 92 2037 884 2077; baseline 0.006 -14"><span class='ocrx_word' id='word_1_289' title='bbox 92 2041 184 2063; x_wconf 65' lang='lat' dir='ltr'><strong>cx~tat</strong></span> <span class='ocrx_word' id='word_1_290' title='bbox 210 2037 269 2064; x_wconf 63' lang='lat' dir='ltr'><strong>haec</strong></span> <span class='ocrx_word' id='word_1_291' title='bbox 297 2038 433 2065; x_wconf 88' lang='lat' dir='ltr'><strong>sententia</strong></span> <span class='ocrx_word' id='word_1_292' title='bbox 455 2047 462 2065; x_wconf 88' lang='lat'><strong>:</strong></span> <span class='ocrx_word' id='word_1_293' title='bbox 489 2039 581 2066; x_wconf 86' lang='lat' dir='ltr'><strong>Omnis</strong></span> <span class='ocrx_word' id='word_1_294' title='bbox 608 2047 694 2067; x_wconf 85' lang='lat' dir='ltr'><strong>sermo</strong></span> <span class='ocrx_word' id='word_1_295' title='bbox 719 2040 807 2067; x_wconf 82' lang='lat' dir='ltr'><strong>malus</strong></span> <span class='ocrx_word' id='word_1_296' title='bbox 836 2041 884 2077; x_wconf 64' lang='grc' dir='ltr'><strong>(δ’)</strong></span> 
     </span>
    </p>
   </div>
   <div class='ocr_carea' id='block_1_45' title="bbox 93 2084 886 2119">
    <p class='ocr_par' dir='ltr' id='par_1_45' title="bbox 93 2084 886 2119">
     <span class='ocr_line' id='line_1_46' title="bbox 93 2084 886 2119; baseline 0.004 -10"><span class='ocrx_word' id='word_1_297' title='bbox 93 2090 126 2109; x_wconf 74' lang='lat' dir='ltr'><strong>es:</strong></span> <span class='ocrx_word' id='word_1_298' title='bbox 138 2090 186 2109; x_wconf 88' lang='lat' dir='ltr'><strong>ore</strong></span> <span class='ocrx_word' id='word_1_299' title='bbox 210 2087 294 2110; x_wconf 80' lang='lat' dir='ltr'><strong>uestra</strong></span> <span class='ocrx_word' id='word_1_300' title='bbox 317 2091 370 2110; x_wconf 86' lang='lat' dir='ltr'><strong>non</strong></span> <span class='ocrx_word' id='word_1_301' title='bbox 393 2084 529 2118; x_wconf 81' lang='lat' dir='ltr'><strong>procedat,</strong></span> <span class='ocrx_word' id='word_1_302' title='bbox 560 2084 606 2111; x_wconf 88' lang='lat' dir='ltr'><strong>sed</strong></span> <span class='ocrx_word' id='word_1_303' title='bbox 620 2085 643 2112; x_wconf 84' lang='lat' dir='ltr'><strong>si</strong></span> <span class='ocrx_word' id='word_1_304' title='bbox 659 2085 717 2119; x_wconf 89' lang='lat' dir='ltr'><strong>quis</strong></span> <span class='ocrx_word' id='word_1_305' title='bbox 747 2085 840 2118; x_wconf 81' lang='lat' dir='ltr'><strong>bonus,</strong></span> <span class='ocrx_word' id='word_1_306' title='bbox 853 2087 886 2112; x_wconf 86' lang='lat' dir='ltr'><strong>ad</strong></span> 
     </span>
    </p>
   </div>
   <div class='ocr_carea' id='block_1_46' title="bbox 94 2128 884 2165">
    <p class='ocr_par' dir='ltr' id='par_1_46' title="bbox 94 2128 884 2165">
     <span class='ocr_line' id='line_1_47' title="bbox 94 2128 884 2165; baseline 0.004 -11"><span class='ocrx_word' id='word_1_307' title='bbox 94 2128 302 2161; x_wconf 68' lang='lat' dir='ltr'><strong>aediﬁcationem</strong></span> <span class='ocrx_word' id='word_1_308' title='bbox 320 2129 391 2163; x_wconf 82' lang='lat' dir='ltr'><strong>frugi</strong></span> <span class='ocrx_word' id='word_1_309' title='bbox 404 2129 454 2164; x_wconf 87' lang='lat'><strong>(9),</strong></span> <span class='ocrx_word' id='word_1_310' title='bbox 476 2134 500 2156; x_wconf 89' lang='lat' dir='ltr'><strong>et</strong></span> <span class='ocrx_word' id='word_1_311' title='bbox 525 2129 609 2162; x_wconf 72' lang='lat' dir='ltr'><strong>utilis,</strong></span> <span class='ocrx_word' id='word_1_312' title='bbox 639 2133 668 2156; x_wconf 88' lang='lat' dir='ltr'><strong>ut</strong></span> <span class='ocrx_word' id='word_1_313' title='bbox 686 2129 730 2156; x_wconf 87' lang='lat' dir='ltr'><strong>det</strong></span> <span class='ocrx_word' id='word_1_314' title='bbox 757 2130 884 2165; x_wconf 83' lang='lat' dir='ltr'><strong>gratiam.</strong></span> 
     </span>
    </p>
   </div>
   <div class='ocr_carea' id='block_1_47' title="bbox 95 2175 888 2210">
    <p class='ocr_par' dir='ltr' id='par_1_47' title="bbox 95 2175 888 2210">
     <span class='ocr_line' id='line_1_48' title="bbox 95 2175 888 2210; baseline 0.001 -9"><span class='ocrx_word' id='word_1_315' title='bbox 95 2175 278 2207; x_wconf 79' lang='lat' dir='ltr'><strong>audientibus,</strong></span> <span class='ocrx_word' id='word_1_316' title='bbox 292 2179 318 2202; x_wconf 86' lang='lat' dir='ltr'><strong>et</strong></span> <span class='ocrx_word' id='word_1_317' title='bbox 340 2175 420 2202; x_wconf 78' lang='lat' dir='ltr'><strong>nolite</strong></span> <span class='ocrx_word' id='word_1_318' title='bbox 433 2176 594 2203; x_wconf 68' lang='lat' dir='ltr'><strong>contristare</strong></span> <span class='ocrx_word' id='word_1_319' title='bbox 614 2175 747 2210; x_wconf 80' lang='lat' dir='ltr'><strong>Spiritum</strong></span> <span class='ocrx_word' id='word_1_320' title='bbox 763 2181 888 2202; x_wconf 81' lang='lat' dir='ltr'><strong>sanctum</strong></span> 
     </span>
    </p>
   </div>
   <div class='ocr_carea' id='block_1_48' title="bbox 930 263 1720 301">
    <p class='ocr_par' dir='ltr' id='par_1_48' title="bbox 930 263 1720 301">
     <span class='ocr_line' id='line_1_49' title="bbox 930 263 1720 301; baseline 0.006 -10"><span class='ocrx_word' id='word_1_321' title='bbox 930 263 1048 292; x_wconf 77' lang='lat' dir='ltr'><strong>Vescum</strong></span> <span class='ocrx_word' id='word_1_322' title='bbox 1076 265 1152 300; x_wconf 88' lang='lat' dir='ltr'><strong>quid,</strong></span> <span class='ocrx_word' id='word_1_323' title='bbox 1176 271 1305 300; x_wconf 80' lang='lat' dir='ltr'><strong>potnmve</strong></span> <span class='ocrx_word' id='word_1_324' title='bbox 1332 274 1413 294; x_wconf 91' lang='lat' dir='ltr'><strong>secus</strong></span> <span class='ocrx_word' id='word_1_325' title='bbox 1440 274 1522 301; x_wconf 89' lang='lat' dir='ltr'><strong>quam</strong></span> <span class='ocrx_word' id='word_1_326' title='bbox 1537 267 1620 295; x_wconf 83' lang='lat' dir='ltr'><strong>velles</strong></span> <span class='ocrx_word' id='word_1_327' title='bbox 1642 276 1720 296; x_wconf 84' lang='lat' dir='ltr'><strong>acce-</strong></span> 
     </span>
    </p>
   </div>
   <div class='ocr_carea' id='block_1_49' title="bbox 931 311 1720 348">
    <p class='ocr_par' dir='ltr' id='par_1_49' title="bbox 931 311 1720 348">
     <span class='ocr_line' id='line_1_50' title="bbox 931 311 1720 348; baseline 0.005 -11"><span class='ocrx_word' id='word_1_328' title='bbox 931 311 1013 345; x_wconf 86' lang='lat' dir='ltr'><strong>pisti?</strong></span> <span class='ocrx_word' id='word_1_329' title='bbox 1043 311 1182 346; x_wconf 86' lang='lat' dir='ltr'><strong>gratulare</strong></span> <span class='ocrx_word' id='word_1_330' title='bbox 1206 311 1240 338; x_wconf 81' lang='lat' dir='ltr'><strong>de</strong></span> <span class='ocrx_word' id='word_1_331' title='bbox 1263 312 1446 346; x_wconf 63' lang='lat' dir='ltr'><strong>prmsentibus</strong></span> <span class='ocrx_word' id='word_1_332' title='bbox 1463 321 1470 339; x_wconf 87' lang='lat'><strong>:</strong></span> <span class='ocrx_word' id='word_1_333' title='bbox 1490 313 1627 348; x_wconf 80' lang='lat' dir='ltr'><strong>siquidem</strong></span> <span class='ocrx_word' id='word_1_334' title='bbox 1647 315 1720 348; x_wconf 88' lang='lat' dir='ltr'><strong>quod</strong></span> 
     </span>
    </p>
   </div>
   <div class='ocr_carea' id='block_1_50' title="bbox 931 357 1722 393">
    <p class='ocr_par' dir='ltr' id='par_1_50' title="bbox 931 357 1722 393">
     <span class='ocr_line' id='line_1_51' title="bbox 931 357 1722 393; baseline 0.005 -11"><span class='ocrx_word' id='word_1_335' title='bbox 931 360 959 382; x_wconf 93' lang='lat' dir='ltr'><strong>tu</strong></span> <span class='ocrx_word' id='word_1_336' title='bbox 974 363 1100 384; x_wconf 80' lang='lat' dir='ltr'><strong>aversare</strong></span> <span class='ocrx_word' id='word_1_337' title='bbox 1116 364 1186 391; x_wconf 65' lang='lat' dir='ltr'><strong>saepe</strong></span> <span class='ocrx_word' id='word_1_338' title='bbox 1198 378 1204 389; x_wconf 94' lang='lat'><strong>,</strong></span> <span class='ocrx_word' id='word_1_339' title='bbox 1224 357 1329 385; x_wconf 84' lang='lat' dir='ltr'><strong>habens</strong></span> <span class='ocrx_word' id='word_1_340' title='bbox 1346 365 1396 392; x_wconf 91' lang='lat' dir='ltr'><strong>pro</strong></span> <span class='ocrx_word' id='word_1_341' title='bbox 1418 358 1500 389; x_wconf 83' lang='lat' dir='ltr'><strong>malo,</strong></span> <span class='ocrx_word' id='word_1_342' title='bbox 1516 358 1558 385; x_wconf 81' lang='lat' dir='ltr'><strong>vel</strong></span> <span class='ocrx_word' id='word_1_343' title='bbox 1576 358 1722 393; x_wconf 78' lang='lat' dir='ltr'><strong>degustare</strong></span> 
     </span>
    </p>
   </div>
   <div class='ocr_carea' id='block_1_51' title="bbox 931 402 1722 437">
    <p class='ocr_par' dir='ltr' id='par_1_51' title="bbox 931 402 1722 437">
     <span class='ocr_line' id='line_1_52' title="bbox 931 402 1722 437; baseline 0.006 -11"><span class='ocrx_word' id='word_1_344' title='bbox 931 402 1090 436; x_wconf 71' lang='lat' dir='ltr'><strong>optentalii.</strong></span> <span class='ocrx_word' id='word_1_345' title='bbox 1102 403 1141 430; x_wconf 86' lang='lat' dir='ltr'><strong>Ac</strong></span> <span class='ocrx_word' id='word_1_346' title='bbox 1151 403 1177 429; x_wconf 93' lang='lat' dir='ltr'><strong>ni</strong></span> <span class='ocrx_word' id='word_1_347' title='bbox 1191 403 1248 430; x_wconf 72' lang='lat' dir='ltr'><strong>hace</strong></span> <span class='ocrx_word' id='word_1_348' title='bbox 1257 402 1421 437; x_wconf 87' lang='lat' dir='ltr'><strong>adsint,quo</strong></span> <span class='ocrx_word' id='word_1_349' title='bbox 1432 403 1617 431; x_wconf 87' lang='lat' dir='ltr'><strong>obedientiam</strong></span> <span class='ocrx_word' id='word_1_350' title='bbox 1627 412 1722 431; x_wconf 85' lang='lat' dir='ltr'><strong>cense-</strong></span> 
     </span>
    </p>
   </div>
   <div class='ocr_carea' id='block_1_52' title="bbox 931 448 1722 484">
    <p class='ocr_par' dir='ltr' id='par_1_52' title="bbox 931 448 1722 484">
     <span class='ocr_line' id='line_1_53' title="bbox 931 448 1722 484; baseline 0.004 -11"><span class='ocrx_word' id='word_1_351' title='bbox 931 455 993 474; x_wconf 91' lang='lat' dir='ltr'><strong>mus</strong></span> <span class='ocrx_word' id='word_1_352' title='bbox 1007 457 1013 474; x_wconf 90' lang='lat'>:</span> <span class='ocrx_word' id='word_1_353' title='bbox 1028 448 1128 482; x_wconf 79' lang='lat' dir='ltr'><strong>quidve</strong></span> <span class='ocrx_word' id='word_1_354' title='bbox 1140 449 1190 475; x_wconf 87' lang='lat' dir='ltr'><strong>hac</strong></span> <span class='ocrx_word' id='word_1_355' title='bbox 1202 449 1354 483; x_wconf 78' lang='lat' dir='ltr'><strong>gloriamur</strong></span> <span class='ocrx_word' id='word_1_356' title='bbox 1365 448 1376 474; x_wconf 68' lang='grc' dir='ltr'><strong>’ἔ</strong></span> <span class='ocrx_word' id='word_1_357' title='bbox 1386 456 1474 484; x_wconf 88' lang='lat' dir='ltr'><strong>neque</strong></span> <span class='ocrx_word' id='word_1_358' title='bbox 1491 449 1564 476; x_wconf 91' lang='lat' dir='ltr'><strong>enim</strong></span> <span class='ocrx_word' id='word_1_359' title='bbox 1581 449 1623 476; x_wconf 88' lang='lat' dir='ltr'><strong>vel</strong></span> <span class='ocrx_word' id='word_1_360' title='bbox 1633 449 1722 476; x_wconf 90' lang='lat' dir='ltr'><strong>conti-</strong></span> 
     </span>
    </p>
   </div>
   <div class='ocr_carea' id='block_1_53' title="bbox 931 494 1720 530">
    <p class='ocr_par' dir='ltr' id='par_1_53' title="bbox 931 494 1720 530">
     <span class='ocr_line' id='line_1_54' title="bbox 931 494 1720 530; baseline 0 -10"><span class='ocrx_word' id='word_1_361' title='bbox 931 494 1034 526; x_wconf 89' lang='lat' dir='ltr'><strong>nentia,</strong></span> <span class='ocrx_word' id='word_1_362' title='bbox 1045 494 1086 521; x_wconf 88' lang='lat' dir='ltr'><strong>vel</strong></span> <span class='ocrx_word' id='word_1_363' title='bbox 1096 494 1296 528; x_wconf 78' lang='lat' dir='ltr'><strong>pervigilio,vel</strong></span> <span class='ocrx_word' id='word_1_364' title='bbox 1306 494 1452 527; x_wconf 84' lang='lat' dir='ltr'><strong>solicubio,</strong></span> <span class='ocrx_word' id='word_1_365' title='bbox 1463 495 1505 522; x_wconf 84' lang='lat' dir='ltr'><strong>vel</strong></span> <span class='ocrx_word' id='word_1_366' title='bbox 1520 495 1574 522; x_wconf 88' lang='lat' dir='ltr'><strong>alio</strong></span> <span class='ocrx_word' id='word_1_367' title='bbox 1582 502 1720 530; x_wconf 87' lang='lat' dir='ltr'><strong>quoquam</strong></span> 
     </span>
    </p>
   </div>
   <div class='ocr_carea' id='block_1_54' title="bbox 932 539 1721 575">
    <p class='ocr_par' dir='ltr' id='par_1_54' title="bbox 932 539 1721 575">
     <span class='ocr_line' id='line_1_55' title="bbox 932 539 1721 575; baseline 0.003 -9"><span class='ocrx_word' id='word_1_368' title='bbox 932 539 1023 567; x_wconf 84' lang='lat' dir='ltr'><strong>labore</strong></span> <span class='ocrx_word' id='word_1_369' title='bbox 1045 541 1248 567; x_wconf 83' lang='lat' dir='ltr'><strong>commendatio</strong></span> <span class='ocrx_word' id='word_1_370' title='bbox 1272 541 1416 575; x_wconf 56' lang='lat' dir='ltr'><strong>quaeritur,</strong></span> <span class='ocrx_word' id='word_1_371' title='bbox 1438 545 1543 575; x_wconf 87' lang='lat' dir='ltr'><strong>quanta</strong></span> <span class='ocrx_word' id='word_1_372' title='bbox 1572 541 1721 568; x_wconf 87' lang='lat' dir='ltr'><strong>voluntatis</strong></span> 
     </span>
    </p>
   </div>
   <div class='ocr_carea' id='block_1_55' title="bbox 930 585 1720 622">
    <p class='ocr_par' dir='ltr' id='par_1_55' title="bbox 930 585 1720 622">
     <span class='ocr_line' id='line_1_56' title="bbox 930 585 1720 622; baseline 0.003 -10"><span class='ocrx_word' id='word_1_373' title='bbox 930 585 1106 619; x_wconf 78' lang='lat' dir='ltr'><strong>coercitione,</strong></span> <span class='ocrx_word' id='word_1_374' title='bbox 1119 587 1253 621; x_wconf 84' lang='lat' dir='ltr'><strong>quasique</strong></span> <span class='ocrx_word' id='word_1_375' title='bbox 1269 587 1392 622; x_wconf 86' lang='lat' dir='ltr'><strong>martyrii</strong></span> <span class='ocrx_word' id='word_1_376' title='bbox 1408 587 1553 621; x_wconf 87' lang='lat' dir='ltr'><strong>cujusdam</strong></span> <span class='ocrx_word' id='word_1_377' title='bbox 1569 587 1720 614; x_wconf 74' lang='lat' dir='ltr'><strong>ctenobiaci</strong></span> 
     </span>
    </p>
   </div>
   <div class='ocr_carea' id='block_1_56' title="bbox 931 631 1722 667">
    <p class='ocr_par' dir='ltr' id='par_1_56' title="bbox 931 631 1722 667">
     <span class='ocr_line' id='line_1_57' title="bbox 931 631 1722 667; baseline 0.001 -10"><span class='ocrx_word' id='word_1_378' title='bbox 931 631 1170 664; x_wconf 71' lang='lat' dir='ltr'><strong>repraasentatione</strong></span> <span class='ocrx_word' id='word_1_379' title='bbox 1211 632 1371 660; x_wconf 87' lang='lat' dir='ltr'><strong>certaminis</strong></span> <span class='ocrx_word' id='word_1_380' title='bbox 1401 641 1409 659; x_wconf 94' lang='lat'><strong>:</strong></span> <span class='ocrx_word' id='word_1_381' title='bbox 1438 631 1599 667; x_wconf 83' lang='lat' dir='ltr'><strong>Deponentes</strong></span> <span class='ocrx_word' id='word_1_382' title='bbox 1639 633 1722 667; x_wconf 79' lang='lat' dir='ltr'><strong>igitur</strong></span> 
     </span>
    </p>
   </div>
   <div class='ocr_carea' id='block_1_57' title="bbox 931 677 1721 710">
    <p class='ocr_par' dir='ltr' id='par_1_57' title="bbox 931 677 1721 710">
     <span class='ocr_line' id='line_1_58' title="bbox 931 677 1721 710; baseline 0.003 -8"><span class='ocrx_word' id='word_1_383' title='bbox 931 683 1031 703; x_wconf 87' lang='lat' dir='ltr'><strong>omnem</strong></span> <span class='ocrx_word' id='word_1_384' title='bbox 1045 677 1188 708; x_wconf 83' lang='lat' dir='ltr'><strong>malitiam,</strong></span> <span class='ocrx_word' id='word_1_385' title='bbox 1213 682 1237 704; x_wconf 85' lang='lat' dir='ltr'><strong>et</strong></span> <span class='ocrx_word' id='word_1_386' title='bbox 1252 686 1354 704; x_wconf 84' lang='lat' dir='ltr'><strong>onmem</strong></span> <span class='ocrx_word' id='word_1_387' title='bbox 1373 677 1473 710; x_wconf 84' lang='lat' dir='ltr'><strong>dolum,</strong></span> <span class='ocrx_word' id='word_1_388' title='bbox 1498 678 1682 705; x_wconf 84' lang='lat' dir='ltr'><strong>simulationes</strong></span> <span class='ocrx_word' id='word_1_389' title='bbox 1696 683 1721 704; x_wconf 88' lang='lat' dir='ltr'><strong>et</strong></span> 
     </span>
    </p>
   </div>
   <div class='ocr_carea' id='block_1_58' title="bbox 931 722 1720 758">
    <p class='ocr_par' dir='ltr' id='par_1_58' title="bbox 931 722 1720 758">
     <span class='ocr_line' id='line_1_59' title="bbox 931 722 1720 758; baseline 0.003 -10"><span class='ocrx_word' id='word_1_390' title='bbox 931 722 1054 755; x_wconf 82' lang='lat' dir='ltr'><strong>invidias,</strong></span> <span class='ocrx_word' id='word_1_391' title='bbox 1079 727 1104 749; x_wconf 87' lang='lat' dir='ltr'><strong>et</strong></span> <span class='ocrx_word' id='word_1_392' title='bbox 1134 731 1221 750; x_wconf 80' lang='lat' dir='ltr'><strong>omnes</strong></span> <span class='ocrx_word' id='word_1_393' title='bbox 1252 723 1440 757; x_wconf 76' lang='lat' dir='ltr'><strong>detractiones,</strong></span> <span class='ocrx_word' id='word_1_394' title='bbox 1474 728 1504 750; x_wconf 94' lang='lat' dir='ltr'><strong>ut</strong></span> <span class='ocrx_word' id='word_1_395' title='bbox 1524 723 1720 758; x_wconf 78' lang='lat' dir='ltr'><strong>Apostolorum</strong></span> 
     </span>
    </p>
   </div>
   <div class='ocr_carea' id='block_1_59' title="bbox 929 767 1722 804">
    <p class='ocr_par' dir='ltr' id='par_1_59' title="bbox 929 767 1722 804">
     <span class='ocr_line' id='line_1_60' title="bbox 929 767 1722 804; baseline 0.003 -10"><span class='ocrx_word' id='word_1_396' title='bbox 929 767 1007 802; x_wconf 87' lang='lat' dir='ltr'><strong>jubet</strong></span> <span class='ocrx_word' id='word_1_397' title='bbox 1019 768 1190 803; x_wconf 80' lang='lat' dir='ltr'><strong>eoryplneus,</strong></span> <span class='ocrx_word' id='word_1_398' title='bbox 1219 769 1288 795; x_wconf 81' lang='lat' dir='ltr'><strong>sicut</strong></span> <span class='ocrx_word' id='word_1_399' title='bbox 1308 770 1386 796; x_wconf 87' lang='lat' dir='ltr'><strong>modo</strong></span> <span class='ocrx_word' id='word_1_400' title='bbox 1405 769 1486 804; x_wconf 83' lang='lat' dir='ltr'><strong>geniti</strong></span> <span class='ocrx_word' id='word_1_401' title='bbox 1507 770 1621 804; x_wconf 77' lang='lat' dir='ltr'><strong>infantes</strong></span> <span class='ocrx_word' id='word_1_402' title='bbox 1642 770 1722 796; x_wconf 85' lang='lat' dir='ltr'><strong>ratio-</strong></span> 
     </span>
    </p>
   </div>
   <div class='ocr_carea' id='block_1_60' title="bbox 932 813 1722 848">
    <p class='ocr_par' dir='ltr' id='par_1_60' title="bbox 932 813 1722 848">
     <span class='ocr_line' id='line_1_61' title="bbox 932 813 1722 848; baseline 0.003 -9"><span class='ocrx_word' id='word_1_403' title='bbox 932 813 1018 839; x_wconf 86' lang='lat' dir='ltr'><strong>nabile</strong></span> <span class='ocrx_word' id='word_1_404' title='bbox 1039 814 1094 840; x_wconf 83' lang='lat' dir='ltr'><strong>sine</strong></span> <span class='ocrx_word' id='word_1_405' title='bbox 1112 813 1173 840; x_wconf 87' lang='lat' dir='ltr'><strong>dolo</strong></span> <span class='ocrx_word' id='word_1_406' title='bbox 1190 814 1232 840; x_wconf 84' lang='lat' dir='ltr'><strong>lac</strong></span> <span class='ocrx_word' id='word_1_407' title='bbox 1250 817 1475 848; x_wconf 82' lang='lat' dir='ltr'><strong>concupiscamus,</strong></span> <span class='ocrx_word' id='word_1_408' title='bbox 1492 819 1521 841; x_wconf 85' lang='lat' dir='ltr'><strong>ut</strong></span> <span class='ocrx_word' id='word_1_409' title='bbox 1534 815 1560 841; x_wconf 90' lang='lat' dir='ltr'><strong>in</strong></span> <span class='ocrx_word' id='word_1_410' title='bbox 1572 822 1602 841; x_wconf 85' lang='lat' dir='ltr'><strong>eo</strong></span> <span class='ocrx_word' id='word_1_411' title='bbox 1618 823 1722 841; x_wconf 74' lang='lat' dir='ltr'><strong>cresca-</strong></span> 
     </span>
    </p>
   </div>
   <div class='ocr_carea' id='block_1_61' title="bbox 932 859 1720 896">
    <p class='ocr_par' dir='ltr' id='par_1_61' title="bbox 932 859 1720 896">
     <span class='ocr_line' id='line_1_62' title="bbox 932 859 1720 896; baseline 0 -10"><span class='ocrx_word' id='word_1_412' title='bbox 932 867 1000 893; x_wconf 86' lang='lat' dir='ltr'><strong>mus,</strong></span> <span class='ocrx_word' id='word_1_413' title='bbox 1013 859 1036 886; x_wconf 80' lang='lat' dir='ltr'><strong>si</strong></span> <span class='ocrx_word' id='word_1_414' title='bbox 1056 864 1143 887; x_wconf 86' lang='lat' dir='ltr'><strong>tamen</strong></span> <span class='ocrx_word' id='word_1_415' title='bbox 1160 861 1321 896; x_wconf 72' lang='lat' dir='ltr'><strong>gustauimus</strong></span> <span class='ocrx_word' id='word_1_416' title='bbox 1345 861 1469 895; x_wconf 84' lang='lat' dir='ltr'><strong>quoniam</strong></span> <span class='ocrx_word' id='word_1_417' title='bbox 1493 860 1579 888; x_wconf 78' lang='lat' dir='ltr'><strong>dulcis</strong></span> <span class='ocrx_word' id='word_1_418' title='bbox 1602 861 1658 896; x_wconf 78' lang='lat'><strong>(10)</strong></span> <span class='ocrx_word' id='word_1_419' title='bbox 1683 865 1720 886; x_wconf 72' lang='lat' dir='ltr'><strong>eet</strong></span> 
     </span>
    </p>
   </div>
   <div class='ocr_carea' id='block_1_62' title="bbox 930 905 1719 940">
    <p class='ocr_par' dir='ltr' id='par_1_62' title="bbox 930 905 1719 940">
     <span class='ocr_line' id='line_1_63' title="bbox 930 905 1719 940; baseline 0.001 -9"><span class='ocrx_word' id='word_1_420' title='bbox 930 906 1056 933; x_wconf 88' lang='lat' dir='ltr'><strong>Dominus</strong></span> <span class='ocrx_word' id='word_1_421' title='bbox 1071 906 1105 937; x_wconf 80' lang='grc'><strong>⁷⁸,</strong></span> <span class='ocrx_word' id='word_1_422' title='bbox 1128 907 1245 940; x_wconf 67' lang='lat' dir='ltr'><strong>vitaeque</strong></span> <span class='ocrx_word' id='word_1_423' title='bbox 1272 905 1411 933; x_wconf 87' lang='lat' dir='ltr'><strong>desiderio</strong></span> <span class='ocrx_word' id='word_1_424' title='bbox 1438 910 1581 934; x_wconf 80' lang='lat' dir='ltr'><strong>teneamur</strong></span> <span class='ocrx_word' id='word_1_425' title='bbox 1616 906 1719 940; x_wconf 86' lang='lat' dir='ltr'><strong>sempi-</strong></span> 
     </span>
    </p>
   </div>
   <div class='ocr_carea' id='block_1_63' title="bbox 927 951 1721 984">
    <p class='ocr_par' dir='ltr' id='par_1_63' title="bbox 927 951 1721 984">
     <span class='ocr_line' id='line_1_64' title="bbox 927 951 1721 984; baseline 0 -6"><span class='ocrx_word' id='word_1_426' title='bbox 927 955 1030 984; x_wconf 67' lang='lat' dir='ltr'><strong>ternae;</strong></span> <span class='ocrx_word' id='word_1_427' title='bbox 1049 959 1100 979; x_wconf 89' lang='lat' dir='ltr'><strong>neu</strong></span> <span class='ocrx_word' id='word_1_428' title='bbox 1116 952 1259 979; x_wconf 84' lang='lat' dir='ltr'><strong>admoneri</strong></span> <span class='ocrx_word' id='word_1_429' title='bbox 1277 952 1476 983; x_wconf 80' lang='lat' dir='ltr'><strong>dctrcctemus,</strong></span> <span class='ocrx_word' id='word_1_430' title='bbox 1502 960 1551 979; x_wconf 90' lang='lat' dir='ltr'><strong>nee</strong></span> <span class='ocrx_word' id='word_1_431' title='bbox 1575 951 1721 979; x_wconf 70' lang='lat' dir='ltr'><strong>defetisca-</strong></span> 
     </span>
    </p>
   </div>
   <div class='ocr_carea' id='block_1_64' title="bbox 927 997 1721 1032">
    <p class='ocr_par' dir='ltr' id='par_1_64' title="bbox 927 997 1721 1032">
     <span class='ocr_line' id='line_1_65' title="bbox 927 997 1721 1032; baseline 0 -8"><span class='ocrx_word' id='word_1_432' title='bbox 927 1005 1000 1028; x_wconf 90' lang='lat' dir='ltr'><strong>mus.</strong></span> <span class='ocrx_word' id='word_1_433' title='bbox 1020 997 1130 1026; x_wconf 87' lang='lat' dir='ltr'><strong>assidue</strong></span> <span class='ocrx_word' id='word_1_434' title='bbox 1146 1006 1196 1025; x_wconf 91' lang='lat' dir='ltr'><strong>nos</strong></span> <span class='ocrx_word' id='word_1_435' title='bbox 1213 1006 1229 1025; x_wconf 85' lang='lat' dir='ltr'><strong>a</strong></span> <span class='ocrx_word' id='word_1_436' title='bbox 1242 999 1318 1032; x_wconf 90' lang='lat' dir='ltr'><strong>lapsu</strong></span> <span class='ocrx_word' id='word_1_437' title='bbox 1335 1003 1505 1025; x_wconf 86' lang='lat' dir='ltr'><strong>revocantes.</strong></span> <span class='ocrx_word' id='word_1_438' title='bbox 1522 997 1582 1030; x_wconf 84' lang='lat' dir='ltr'><strong>Qua</strong></span> <span class='ocrx_word' id='word_1_439' title='bbox 1601 997 1721 1029; x_wconf 59' lang='lat' dir='ltr'><strong>insignes</strong></span> 
     </span>
    </p>
   </div>
   <div class='ocr_carea' id='block_1_65' title="bbox 926 1042 1719 1077">
    <p class='ocr_par' dir='ltr' id='par_1_65' title="bbox 926 1042 1719 1077">
     <span class='ocr_line' id='line_1_66' title="bbox 926 1042 1719 1077; baseline 0 -9"><span class='ocrx_word' id='word_1_440' title='bbox 926 1042 1042 1075; x_wconf 84' lang='lat' dir='ltr'><strong>adorea,</strong></span> <span class='ocrx_word' id='word_1_441' title='bbox 1074 1042 1278 1070; x_wconf 88' lang='lat' dir='ltr'><strong>immortalitate</strong></span> <span class='ocrx_word' id='word_1_442' title='bbox 1305 1043 1468 1070; x_wconf 86' lang='lat' dir='ltr'><strong>donabimur</strong></span> <span class='ocrx_word' id='word_1_443' title='bbox 1499 1050 1546 1077; x_wconf 85' lang='lat' dir='ltr'><strong>per</strong></span> <span class='ocrx_word' id='word_1_444' title='bbox 1581 1042 1719 1069; x_wconf 81' lang='lat' dir='ltr'><strong>Christum</strong></span> 
     </span>
    </p>
   </div>
   <div class='ocr_carea' id='block_1_66' title="bbox 925 1087 1719 1123">
    <p class='ocr_par' dir='ltr' id='par_1_66' title="bbox 925 1087 1719 1123">
     <span class='ocr_line' id='line_1_67' title="bbox 925 1087 1719 1123; baseline 0 -9"><span class='ocrx_word' id='word_1_445' title='bbox 925 1088 1018 1115; x_wconf 67' lang='lat' dir='ltr'><strong>Jcsum</strong></span> <span class='ocrx_word' id='word_1_446' title='bbox 1049 1087 1194 1115; x_wconf 91' lang='lat' dir='ltr'><strong>Dominum</strong></span> <span class='ocrx_word' id='word_1_447' title='bbox 1210 1093 1345 1120; x_wconf 89' lang='lat' dir='ltr'><strong>nostrum,</strong></span> <span class='ocrx_word' id='word_1_448' title='bbox 1361 1089 1405 1116; x_wconf 88' lang='lat' dir='ltr'><strong>cui</strong></span> <span class='ocrx_word' id='word_1_449' title='bbox 1420 1088 1510 1123; x_wconf 77' lang='lat' dir='ltr'><strong>gloria</strong></span> <span class='ocrx_word' id='word_1_450' title='bbox 1527 1092 1554 1116; x_wconf 93' lang='lat' dir='ltr'><strong>et</strong></span> <span class='ocrx_word' id='word_1_451' title='bbox 1572 1087 1719 1122; x_wconf 89' lang='lat' dir='ltr'><strong>imperium</strong></span> 
     </span>
    </p>
   </div>
   <div class='ocr_carea' id='block_1_67' title="bbox 926 1133 1720 1169">
    <p class='ocr_par' dir='ltr' id='par_1_67' title="bbox 926 1133 1720 1169">
     <span class='ocr_line' id='line_1_68' title="bbox 926 1133 1720 1169; baseline -0.001 -8"><span class='ocrx_word' id='word_1_452' title='bbox 926 1141 988 1161; x_wconf 89' lang='lat' dir='ltr'><strong>cum</strong></span> <span class='ocrx_word' id='word_1_453' title='bbox 1008 1133 1098 1166; x_wconf 84' lang='lat' dir='ltr'><strong>Patre,</strong></span> <span class='ocrx_word' id='word_1_454' title='bbox 1126 1141 1158 1161; x_wconf 88' lang='lat' dir='ltr'><strong>ac</strong></span> <span class='ocrx_word' id='word_1_455' title='bbox 1183 1138 1280 1162; x_wconf 85' lang='lat' dir='ltr'><strong>sancto</strong></span> <span class='ocrx_word' id='word_1_456' title='bbox 1304 1135 1408 1169; x_wconf 81' lang='lat' dir='ltr'><strong>Spiritu</strong></span> <span class='ocrx_word' id='word_1_457' title='bbox 1423 1154 1429 1166; x_wconf 91' lang='lat'><strong>,</strong></span> <span class='ocrx_word' id='word_1_458' title='bbox 1455 1142 1530 1162; x_wconf 90' lang='lat' dir='ltr'><strong>nunc</strong></span> <span class='ocrx_word' id='word_1_459' title='bbox 1554 1138 1582 1162; x_wconf 89' lang='lat' dir='ltr'><strong>et</strong></span> <span class='ocrx_word' id='word_1_460' title='bbox 1600 1141 1720 1169; x_wconf 86' lang='lat' dir='ltr'><strong>semper,</strong></span> 
     </span>
    </p>
   </div>
   <div class='ocr_carea' id='block_1_68' title="bbox 927 1179 1492 1214">
    <p class='ocr_par' dir='ltr' id='par_1_68' title="bbox 927 1179 1492 1214">
     <span class='ocr_line' id='line_1_69' title="bbox 927 1179 1492 1214; baseline 0.002 -8"><span class='ocrx_word' id='word_1_461' title='bbox 927 1179 954 1206; x_wconf 91' lang='lat' dir='ltr'><strong>in</strong></span> <span class='ocrx_word' id='word_1_462' title='bbox 975 1186 1139 1213; x_wconf 89' lang='lat' dir='ltr'><strong>omnemque</strong></span> <span class='ocrx_word' id='word_1_463' title='bbox 1155 1180 1376 1214; x_wconf 84' lang='lat' dir='ltr'><strong>perpetuitatem.</strong></span> <span class='ocrx_word' id='word_1_464' title='bbox 1393 1181 1492 1207; x_wconf 77' lang='lat' dir='ltr'><strong>Amen.</strong></span> 
     </span>
    </p>
   </div>
   <div class='ocr_carea' id='block_1_69' title="bbox 1226 1224 1419 1252">
    <p class='ocr_par' dir='ltr' id='par_1_69' title="bbox 1226 1224 1419 1252">
     <span class='ocr_line' id='line_1_70' title="bbox 1226 1224 1419 1252; baseline -0.005 0"><span class='ocrx_word' id='word_1_465' title='bbox 1226 1224 1341 1252; x_wconf 74' lang='lat' dir='ltr'><strong>SERMO</strong></span> <span class='ocrx_word' id='word_1_466' title='bbox 1363 1225 1419 1252; x_wconf 85' lang='lat' dir='ltr'><strong>XL.</strong></span> 
     </span>
    </p>
   </div>
   <div class='ocr_carea' id='block_1_70' title="bbox 928 1270 1721 1303">
    <p class='ocr_par' dir='ltr' id='par_1_70' title="bbox 928 1270 1721 1303">
     <span class='ocr_line' id='line_1_71' title="bbox 928 1270 1721 1303; baseline 0 -5"><span class='ocrx_word' id='word_1_467' title='bbox 928 1271 961 1298; x_wconf 86' lang='lat' dir='ltr'><strong>In</strong></span> <span class='ocrx_word' id='word_1_468' title='bbox 984 1270 1094 1297; x_wconf 84' lang='lat' dir='ltr'><strong>Patrum</strong></span> <span class='ocrx_word' id='word_1_469' title='bbox 1111 1272 1189 1298; x_wconf 79' lang='lat' dir='ltr'><strong>vitas.</strong></span> <span class='ocrx_word' id='word_1_470' title='bbox 1208 1271 1244 1298; x_wconf 89' lang='lat' dir='ltr'><strong>De</strong></span> <span class='ocrx_word' id='word_1_471' title='bbox 1266 1272 1321 1298; x_wconf 79' lang='lat' dir='ltr'><strong>vita</strong></span> <span class='ocrx_word' id='word_1_472' title='bbox 1343 1271 1460 1298; x_wconf 87' lang='lat' dir='ltr'><strong>obeunda</strong></span> <span class='ocrx_word' id='word_1_473' title='bbox 1476 1271 1586 1303; x_wconf 79' lang='lat' dir='ltr'><strong>nouitio,</strong></span> <span class='ocrx_word' id='word_1_474' title='bbox 1605 1275 1631 1297; x_wconf 80' lang='lat' dir='ltr'><strong>ut</strong></span> <span class='ocrx_word' id='word_1_475' title='bbox 1645 1279 1721 1298; x_wconf 73' lang='lat' dir='ltr'><strong>sacra</strong></span> 
     </span>
    </p>
   </div>
   <div class='ocr_carea' id='block_1_71' title="bbox 1156 1307 1490 1341">
    <p class='ocr_par' dir='ltr' id='par_1_71' title="bbox 1156 1307 1490 1341">
     <span class='ocr_line' id='line_1_72' title="bbox 1156 1307 1490 1341; baseline 0 -9"><span class='ocrx_word' id='word_1_476' title='bbox 1156 1307 1247 1333; x_wconf 78' lang='lat' dir='ltr'><strong>habitu</strong></span> <span class='ocrx_word' id='word_1_477' title='bbox 1264 1307 1347 1333; x_wconf 76' lang='lat' dir='ltr'><strong>simus</strong></span> <span class='ocrx_word' id='word_1_478' title='bbox 1369 1307 1490 1341; x_wconf 74' lang='lat' dir='ltr'><strong>professi.</strong></span> 
     </span>
    </p>
   </div>
   <div class='ocr_carea' id='block_1_72' title="bbox 964 1353 1723 1388">
    <p class='ocr_par' dir='ltr' id='par_1_72' title="bbox 964 1353 1723 1388">
     <span class='ocr_line' id='line_1_73' title="bbox 964 1353 1723 1388; baseline -0.001 -8"><span class='ocrx_word' id='word_1_479' title='bbox 964 1353 1072 1382; x_wconf 81' lang='lat' dir='ltr'><strong>Fratres</strong></span> <span class='ocrx_word' id='word_1_480' title='bbox 1105 1353 1253 1388; x_wconf 79' lang='lat' dir='ltr'><strong>Patresque</strong></span> <span class='ocrx_word' id='word_1_481' title='bbox 1270 1372 1277 1385; x_wconf 89' lang='lat'><strong>,</strong></span> <span class='ocrx_word' id='word_1_482' title='bbox 1303 1353 1534 1387; x_wconf 88' lang='lat' dir='ltr'><strong>quemadmodum</strong></span> <span class='ocrx_word' id='word_1_483' title='bbox 1568 1354 1723 1380; x_wconf 83' lang='lat' dir='ltr'><strong>esurientes</strong></span> 
     </span>
    </p>
   </div>
   <div class='ocr_carea' id='block_1_73' title="bbox 927 1398 1723 1435">
    <p class='ocr_par' dir='ltr' id='par_1_73' title="bbox 927 1398 1723 1435">
     <span class='ocr_line' id='line_1_74' title="bbox 927 1398 1723 1435; baseline -0.003 -8"><span class='ocrx_word' id='word_1_484' title='bbox 927 1399 1019 1427; x_wconf 90' lang='lat' dir='ltr'><strong>cibum</strong></span> <span class='ocrx_word' id='word_1_485' title='bbox 1038 1407 1147 1435; x_wconf 83' lang='lat' dir='ltr'><strong>capere,</strong></span> <span class='ocrx_word' id='word_1_486' title='bbox 1160 1407 1192 1427; x_wconf 92' lang='lat' dir='ltr'><strong>ac</strong></span> <span class='ocrx_word' id='word_1_487' title='bbox 1209 1399 1333 1426; x_wconf 89' lang='lat' dir='ltr'><strong>sitientes</strong></span> <span class='ocrx_word' id='word_1_488' title='bbox 1345 1399 1438 1426; x_wconf 88' lang='lat' dir='ltr'><strong>bibere</strong></span> <span class='ocrx_word' id='word_1_489' title='bbox 1454 1406 1578 1431; x_wconf 87' lang='lat' dir='ltr'><strong>avemus,</strong></span> <span class='ocrx_word' id='word_1_490' title='bbox 1595 1399 1634 1426; x_wconf 88' lang='lat' dir='ltr'><strong>sic</strong></span> <span class='ocrx_word' id='word_1_491' title='bbox 1651 1398 1723 1426; x_wconf 79' lang='lat' dir='ltr'><strong>divi-</strong></span> 
     </span>
    </p>
   </div>
   <div class='ocr_carea' id='block_1_74' title="bbox 928 1444 1721 1479">
    <p class='ocr_par' dir='ltr' id='par_1_74' title="bbox 928 1444 1721 1479">
     <span class='ocr_line' id='line_1_75' title="bbox 928 1444 1721 1479; baseline -0.001 -7"><span class='ocrx_word' id='word_1_492' title='bbox 928 1446 955 1472; x_wconf 94' lang='lat' dir='ltr'><strong>ni</strong></span> <span class='ocrx_word' id='word_1_493' title='bbox 972 1446 1100 1473; x_wconf 82' lang='lat' dir='ltr'><strong>audiendi</strong></span> <span class='ocrx_word' id='word_1_494' title='bbox 1124 1444 1261 1473; x_wconf 86' lang='lat' dir='ltr'><strong>sermonis</strong></span> <span class='ocrx_word' id='word_1_495' title='bbox 1274 1445 1413 1472; x_wconf 69' lang='lat' dir='ltr'><strong>desiderio</strong></span> <span class='ocrx_word' id='word_1_496' title='bbox 1433 1448 1577 1472; x_wconf 79' lang='lat' dir='ltr'><strong>teneamur</strong></span> <span class='ocrx_word' id='word_1_497' title='bbox 1594 1449 1721 1479; x_wconf 85' lang='lat' dir='ltr'><strong>oportet:</strong></span> 
     </span>
    </p>
   </div>
   <div class='ocr_carea' id='block_1_75' title="bbox 929 1490 1722 1526">
    <p class='ocr_par' dir='ltr' id='par_1_75' title="bbox 929 1490 1722 1526">
     <span class='ocr_line' id='line_1_76' title="bbox 929 1490 1722 1526; baseline -0.001 -9"><span class='ocrx_word' id='word_1_498' title='bbox 929 1499 992 1518; x_wconf 89' lang='lat' dir='ltr'><strong>nam</strong></span> <span class='ocrx_word' id='word_1_499' title='bbox 1020 1496 1154 1526; x_wconf 50' lang='lat' dir='ltr'><strong>quantum</strong></span> <span class='ocrx_word' id='word_1_500' title='bbox 1180 1490 1314 1518; x_wconf 71' lang='lat' dir='ltr'><strong>faciemus</strong></span> <span class='ocrx_word' id='word_1_501' title='bbox 1336 1490 1473 1518; x_wconf 88' lang='lat' dir='ltr'><strong>audiendo</strong></span> <span class='ocrx_word' id='word_1_502' title='bbox 1491 1490 1654 1522; x_wconf 83' lang='lat' dir='ltr'><strong>maximum,</strong></span> <span class='ocrx_word' id='word_1_503' title='bbox 1674 1490 1722 1524; x_wconf 90' lang='lat' dir='ltr'><strong>qui</strong></span> 
     </span>
    </p>
   </div>
   <div class='ocr_carea' id='block_1_76' title="bbox 929 1535 1720 1571">
    <p class='ocr_par' dir='ltr' id='par_1_76' title="bbox 929 1535 1720 1571">
     <span class='ocr_line' id='line_1_77' title="bbox 929 1535 1720 1571; baseline -0.004 -7"><span class='ocrx_word' id='word_1_504' title='bbox 929 1545 977 1564; x_wconf 85' lang='lat' dir='ltr'><strong>seu</strong></span> <span class='ocrx_word' id='word_1_505' title='bbox 996 1537 1085 1571; x_wconf 68' lang='lat' dir='ltr'><strong>ignavi</strong></span> <span class='ocrx_word' id='word_1_506' title='bbox 1100 1537 1197 1568; x_wconf 78' lang='lat' dir='ltr'><strong>simus.</strong></span> <span class='ocrx_word' id='word_1_507' title='bbox 1212 1536 1347 1571; x_wconf 77' lang='lat' dir='ltr'><strong>ignaviam</strong></span> <span class='ocrx_word' id='word_1_508' title='bbox 1362 1543 1507 1570; x_wconf 84' lang='lat' dir='ltr'><strong>ponamus,</strong></span> <span class='ocrx_word' id='word_1_509' title='bbox 1523 1543 1570 1563; x_wconf 91' lang='lat' dir='ltr'><strong>seu</strong></span> <span class='ocrx_word' id='word_1_510' title='bbox 1590 1535 1720 1570; x_wconf 88' lang='lat' dir='ltr'><strong>prompti,</strong></span> 
     </span>
    </p>
   </div>
   <div class='ocr_carea' id='block_1_77' title="bbox 931 1582 1722 1619">
    <p class='ocr_par' dir='ltr' id='par_1_77' title="bbox 931 1582 1722 1619">
     <span class='ocr_line' id='line_1_78' title="bbox 931 1582 1722 1619; baseline -0.003 -8"><span class='ocrx_word' id='word_1_511' title='bbox 931 1584 1115 1619; x_wconf 88' lang='lat' dir='ltr'><strong>promptiores</strong></span> <span class='ocrx_word' id='word_1_512' title='bbox 1127 1583 1275 1611; x_wconf 77' lang='lat' dir='ltr'><strong>reddantur</strong></span> <span class='ocrx_word' id='word_1_513' title='bbox 1288 1592 1294 1610; x_wconf 86' lang='lat'><strong><em>:</em></strong></span> <span class='ocrx_word' id='word_1_514' title='bbox 1308 1587 1338 1609; x_wconf 94' lang='lat' dir='ltr'><strong>ut</strong></span> <span class='ocrx_word' id='word_1_515' title='bbox 1358 1583 1444 1617; x_wconf 85' lang='lat' dir='ltr'><strong>probe</strong></span> <span class='ocrx_word' id='word_1_516' title='bbox 1459 1590 1503 1609; x_wconf 88' lang='lat' dir='ltr'><strong>res</strong></span> <span class='ocrx_word' id='word_1_517' title='bbox 1521 1582 1620 1609; x_wconf 87' lang='lat' dir='ltr'><strong>habeat</strong></span> <span class='ocrx_word' id='word_1_518' title='bbox 1633 1582 1722 1609; x_wconf 91' lang='lat' dir='ltr'><strong>utrin-</strong></span> 
     </span>
    </p>
   </div>
   <div class='ocr_carea' id='block_1_78' title="bbox 930 1626 1725 1664">
    <p class='ocr_par' dir='ltr' id='par_1_78' title="bbox 930 1626 1725 1664">
     <span class='ocr_line' id='line_1_79' title="bbox 930 1626 1725 1664; baseline -0.004 -8"><span class='ocrx_word' id='word_1_519' title='bbox 930 1629 982 1656; x_wconf 88' lang='lat' dir='ltr'><strong>vis.</strong></span> <span class='ocrx_word' id='word_1_520' title='bbox 1010 1628 1109 1663; x_wconf 84' lang='lat' dir='ltr'><strong>Ecquis</strong></span> <span class='ocrx_word' id='word_1_521' title='bbox 1141 1629 1224 1664; x_wconf 86' lang='lat' dir='ltr'><strong>igitur</strong></span> <span class='ocrx_word' id='word_1_522' title='bbox 1251 1635 1372 1662; x_wconf 72' lang='lat' dir='ltr'><strong>prtesens</strong></span> <span class='ocrx_word' id='word_1_523' title='bbox 1407 1627 1515 1654; x_wconf 89' lang='lat' dir='ltr'><strong>futurus</strong></span> <span class='ocrx_word' id='word_1_524' title='bbox 1543 1634 1635 1654; x_wconf 82' lang='lat' dir='ltr'><strong>sermo</strong></span> <span class='ocrx_word' id='word_1_525' title='bbox 1662 1626 1725 1654; x_wconf 79' lang='lat' dir='ltr'><strong>est?</strong></span> 
     </span>
    </p>
   </div>
   <div class='ocr_carea' id='block_1_79' title="bbox 931 1671 1724 1707">
    <p class='ocr_par' dir='ltr' id='par_1_79' title="bbox 931 1671 1724 1707">
     <span class='ocr_line' id='line_1_80' title="bbox 931 1671 1724 1707; baseline -0.004 -6"><span class='ocrx_word' id='word_1_526' title='bbox 931 1675 976 1702; x_wconf 84' lang='lat' dir='ltr'><strong>Sic</strong></span> <span class='ocrx_word' id='word_1_527' title='bbox 990 1674 1058 1701; x_wconf 78' lang='lat' dir='ltr'><strong>Deus</strong></span> <span class='ocrx_word' id='word_1_528' title='bbox 1069 1675 1162 1701; x_wconf 67' lang='lat' dir='ltr'><strong>dilexit</strong></span> <span class='ocrx_word' id='word_1_529' title='bbox 1183 1673 1321 1704; x_wconf 82' lang='lat' dir='ltr'><strong>mundum,</strong></span> <span class='ocrx_word' id='word_1_530' title='bbox 1346 1673 1445 1707; x_wconf 88' lang='lat' dir='ltr'><strong>inquit,</strong></span> <span class='ocrx_word' id='word_1_531' title='bbox 1473 1677 1501 1699; x_wconf 86' lang='lat' dir='ltr'><strong>ut</strong></span> <span class='ocrx_word' id='word_1_532' title='bbox 1520 1671 1622 1698; x_wconf 85' lang='lat' dir='ltr'><strong>Filium</strong></span> <span class='ocrx_word' id='word_1_533' title='bbox 1646 1681 1724 1698; x_wconf 75' lang='lat' dir='ltr'><strong>suum</strong></span> 
     </span>
    </p>
   </div>
   <div class='ocr_carea' id='block_1_80' title="bbox 931 1718 1724 1754">
    <p class='ocr_par' dir='ltr' id='par_1_80' title="bbox 931 1718 1724 1754">
     <span class='ocr_line' id='line_1_81' title="bbox 931 1718 1724 1754; baseline -0.004 -7"><span class='ocrx_word' id='word_1_534' title='bbox 931 1720 1093 1754; x_wconf 85' lang='lat' dir='ltr'><strong>unigenitum</strong></span> <span class='ocrx_word' id='word_1_535' title='bbox 1118 1719 1206 1751; x_wconf 84' lang='lat' dir='ltr'><strong>daret,</strong></span> <span class='ocrx_word' id='word_1_536' title='bbox 1238 1724 1267 1745; x_wconf 88' lang='lat' dir='ltr'><strong>ut</strong></span> <span class='ocrx_word' id='word_1_537' title='bbox 1281 1720 1366 1746; x_wconf 82' lang='lat' dir='ltr'><strong>omnis</strong></span> <span class='ocrx_word' id='word_1_538' title='bbox 1392 1719 1437 1752; x_wconf 84' lang='lat' dir='ltr'><strong>qui</strong></span> <span class='ocrx_word' id='word_1_539' title='bbox 1455 1718 1539 1745; x_wconf 81' lang='lat' dir='ltr'><strong>credit</strong></span> <span class='ocrx_word' id='word_1_540' title='bbox 1556 1719 1583 1745; x_wconf 87' lang='lat' dir='ltr'><strong>in</strong></span> <span class='ocrx_word' id='word_1_541' title='bbox 1600 1727 1659 1746; x_wconf 88' lang='lat' dir='ltr'><strong>eum</strong></span> <span class='ocrx_word' id='word_1_542' title='bbox 1672 1726 1724 1745; x_wconf 87' lang='lat' dir='ltr'><strong>non</strong></span> 
     </span>
    </p>
   </div>
   <div class='ocr_carea' id='block_1_81' title="bbox 931 1765 1478 1800">
    <p class='ocr_par' dir='ltr' id='par_1_81' title="bbox 931 1765 1478 1800">
     <span class='ocr_line' id='line_1_82' title="bbox 931 1765 1478 1800; baseline -0.002 -7"><span class='ocrx_word' id='word_1_543' title='bbox 931 1770 1030 1800; x_wconf 81' lang='lat' dir='ltr'><strong>pereat,</strong></span> <span class='ocrx_word' id='word_1_544' title='bbox 1044 1766 1089 1793; x_wconf 74' lang='lat' dir='ltr'><strong>sed</strong></span> <span class='ocrx_word' id='word_1_545' title='bbox 1102 1766 1196 1793; x_wconf 77' lang='lat' dir='ltr'><strong>[tabent</strong></span> <span class='ocrx_word' id='word_1_546' title='bbox 1210 1766 1291 1792; x_wconf 81' lang='lat' dir='ltr'><strong>vitam</strong></span> <span class='ocrx_word' id='word_1_547' title='bbox 1309 1770 1434 1792; x_wconf 79' lang='lat' dir='ltr'><strong>teternam</strong></span> <span class='ocrx_word' id='word_1_548' title='bbox 1444 1765 1478 1792; x_wconf 65' lang='grc' dir='ltr'><strong>τ’.</strong></span> 
     </span>
    </p>
   </div>
   <div class='ocr_carea' id='block_1_82' title="bbox 967 1812 1724 1848">
    <p class='ocr_par' dir='ltr' id='par_1_82' title="bbox 967 1812 1724 1848">
     <span class='ocr_line' id='line_1_83' title="bbox 967 1812 1724 1848; baseline -0.001 -8"><span class='ocrx_word' id='word_1_549' title='bbox 967 1812 1059 1848; x_wconf 82' lang='lat' dir='ltr'><strong>Neque</strong></span> <span class='ocrx_word' id='word_1_550' title='bbox 1077 1813 1141 1846; x_wconf 88' lang='lat' dir='ltr'><strong>hoc,</strong></span> <span class='ocrx_word' id='word_1_551' title='bbox 1157 1813 1232 1840; x_wconf 90' lang='lat' dir='ltr'><strong>dedit</strong></span> <span class='ocrx_word' id='word_1_552' title='bbox 1250 1813 1342 1844; x_wconf 88' lang='lat' dir='ltr'><strong>modo,</strong></span> <span class='ocrx_word' id='word_1_553' title='bbox 1359 1813 1406 1840; x_wconf 89' lang='lat' dir='ltr'><strong>sed</strong></span> <span class='ocrx_word' id='word_1_554' title='bbox 1422 1813 1455 1840; x_wconf 90' lang='lat' dir='ltr'><strong>ad</strong></span> <span class='ocrx_word' id='word_1_555' title='bbox 1471 1817 1586 1839; x_wconf 81' lang='lat' dir='ltr'><strong>mortem</strong></span> <span class='ocrx_word' id='word_1_556' title='bbox 1602 1819 1724 1847; x_wconf 81' lang='lat' dir='ltr'><strong>quoque,</strong></span> 
     </span>
    </p>
   </div>
   <div class='ocr_carea' id='block_1_83' title="bbox 933 1858 1725 1894">
    <p class='ocr_par' dir='ltr' id='par_1_83' title="bbox 933 1858 1725 1894">
     <span class='ocr_line' id='line_1_84' title="bbox 933 1858 1725 1894; baseline -0.003 -8"><span class='ocrx_word' id='word_1_557' title='bbox 933 1862 960 1886; x_wconf 90' lang='lat' dir='ltr'><strong>et</strong></span> <span class='ocrx_word' id='word_1_558' title='bbox 972 1866 1033 1885; x_wconf 89' lang='lat' dir='ltr'><strong>eam</strong></span> <span class='ocrx_word' id='word_1_559' title='bbox 1046 1858 1148 1886; x_wconf 89' lang='lat' dir='ltr'><strong>crucis.</strong></span> <span class='ocrx_word' id='word_1_560' title='bbox 1164 1858 1224 1891; x_wconf 87' lang='lat' dir='ltr'><strong>Quo</strong></span> <span class='ocrx_word' id='word_1_561' title='bbox 1238 1859 1339 1894; x_wconf 83' lang='lat' dir='ltr'><strong>pacto?</strong></span> <span class='ocrx_word' id='word_1_562' title='bbox 1355 1858 1431 1886; x_wconf 81' lang='lat' dir='ltr'><strong>Servi</strong></span> <span class='ocrx_word' id='word_1_563' title='bbox 1448 1858 1559 1885; x_wconf 86' lang='lat' dir='ltr'><strong>diabolo</strong></span> <span class='ocrx_word' id='word_1_564' title='bbox 1576 1858 1612 1885; x_wconf 90' lang='lat' dir='ltr'><strong>ob</strong></span> <span class='ocrx_word' id='word_1_565' title='bbox 1628 1858 1725 1884; x_wconf 86' lang='lat' dir='ltr'><strong>Adami</strong></span> 
     </span>
    </p>
   </div>
   <div class='ocr_carea' id='block_1_84' title="bbox 935 1904 1725 1938">
    <p class='ocr_par' dir='ltr' id='par_1_84' title="bbox 935 1904 1725 1938">
     <span class='ocr_line' id='line_1_85' title="bbox 935 1904 1725 1938; baseline -0.001 -7"><span class='ocrx_word' id='word_1_566' title='bbox 935 1912 1034 1932; x_wconf 82' lang='lat' dir='ltr'><strong>nosam</strong></span> <span class='ocrx_word' id='word_1_567' title='bbox 1048 1904 1220 1936; x_wconf 85' lang='lat' dir='ltr'><strong>tenebamur,</strong></span> <span class='ocrx_word' id='word_1_568' title='bbox 1237 1904 1318 1930; x_wconf 86' lang='lat' dir='ltr'><strong>morti</strong></span> <span class='ocrx_word' id='word_1_569' title='bbox 1346 1904 1540 1938; x_wconf 68' lang='lat' dir='ltr'><strong>regnabamur,</strong></span> <span class='ocrx_word' id='word_1_570' title='bbox 1559 1904 1608 1931; x_wconf 90' lang='lat' dir='ltr'><strong>sub</strong></span> <span class='ocrx_word' id='word_1_571' title='bbox 1625 1911 1725 1938; x_wconf 85' lang='lat' dir='ltr'><strong>pecca-</strong></span> 
     </span>
    </p>
   </div>
   <div class='ocr_carea' id='block_1_85' title="bbox 935 1949 1725 1983">
    <p class='ocr_par' dir='ltr' id='par_1_85' title="bbox 935 1949 1725 1983">
     <span class='ocr_line' id='line_1_86' title="bbox 935 1949 1725 1983; baseline -0.004 -6"><span class='ocrx_word' id='word_1_572' title='bbox 935 1956 992 1977; x_wconf 91' lang='lat' dir='ltr'><strong>tum</strong></span> <span class='ocrx_word' id='word_1_573' title='bbox 1013 1949 1160 1977; x_wconf 87' lang='lat' dir='ltr'><strong>venundati</strong></span> <span class='ocrx_word' id='word_1_574' title='bbox 1175 1968 1183 1980; x_wconf 87' lang='lat'><strong><em>.</em></strong></span> <span class='ocrx_word' id='word_1_575' title='bbox 1208 1949 1319 1976; x_wconf 81' lang='lat' dir='ltr'><strong>obnoxii</strong></span> <span class='ocrx_word' id='word_1_576' title='bbox 1341 1949 1514 1983; x_wconf 62' lang='lat' dir='ltr'><strong>corruptela},</strong></span> <span class='ocrx_word' id='word_1_577' title='bbox 1542 1952 1568 1975; x_wconf 89' lang='lat' dir='ltr'><strong>et</strong></span> <span class='ocrx_word' id='word_1_578' title='bbox 1593 1953 1725 1983; x_wconf 83' lang='lat' dir='ltr'><strong>tanquam</strong></span> 
     </span>
    </p>
   </div>
   <div class='ocr_carea' id='block_1_86' title="bbox 935 1994 1725 2030">
    <p class='ocr_par' dir='ltr' id='par_1_86' title="bbox 935 1994 1725 2030">
     <span class='ocr_line' id='line_1_87' title="bbox 935 1994 1725 2030; baseline -0.004 -7"><span class='ocrx_word' id='word_1_579' title='bbox 935 1995 1060 2023; x_wconf 79' lang='lat' dir='ltr'><strong>dedititii.</strong></span> <span class='ocrx_word' id='word_1_580' title='bbox 1076 1995 1147 2030; x_wconf 82' lang='lat' dir='ltr'><strong>Ergo</strong></span> <span class='ocrx_word' id='word_1_581' title='bbox 1162 1995 1236 2022; x_wconf 90' lang='lat' dir='ltr'><strong>venit</strong></span> <span class='ocrx_word' id='word_1_582' title='bbox 1257 1995 1374 2030; x_wconf 80' lang='lat' dir='ltr'><strong>unigena</strong></span> <span class='ocrx_word' id='word_1_583' title='bbox 1391 1994 1436 2021; x_wconf 87' lang='lat' dir='ltr'><strong>Dei</strong></span> <span class='ocrx_word' id='word_1_584' title='bbox 1453 1994 1550 2026; x_wconf 88' lang='lat' dir='ltr'><strong>Filius,</strong></span> <span class='ocrx_word' id='word_1_585' title='bbox 1570 2002 1619 2028; x_wconf 88' lang='lat' dir='ltr'><strong>pro</strong></span> <span class='ocrx_word' id='word_1_586' title='bbox 1635 1994 1725 2021; x_wconf 84' lang='lat' dir='ltr'><strong>enmi-</strong></span> 
     </span>
    </p>
   </div>
   <div class='ocr_carea' id='block_1_87' title="bbox 937 2039 1726 2075">
    <p class='ocr_par' dir='ltr' id='par_1_87' title="bbox 937 2039 1726 2075">
     <span class='ocr_line' id='line_1_88' title="bbox 937 2039 1726 2075; baseline -0.004 -7"><span class='ocrx_word' id='word_1_587' title='bbox 937 2041 988 2068; x_wconf 90' lang='lat' dir='ltr'><strong>bus</strong></span> <span class='ocrx_word' id='word_1_588' title='bbox 1013 2048 1043 2069; x_wconf 88' lang='lat' dir='ltr'><strong>se</strong></span> <span class='ocrx_word' id='word_1_589' title='bbox 1067 2040 1238 2075; x_wconf 85' lang='lat' dir='ltr'><strong>impendens.</strong></span> <span class='ocrx_word' id='word_1_590' title='bbox 1262 2040 1308 2074; x_wconf 92' lang='lat' dir='ltr'><strong>qui</strong></span> <span class='ocrx_word' id='word_1_591' title='bbox 1323 2047 1376 2066; x_wconf 89' lang='lat' dir='ltr'><strong>non</strong></span> <span class='ocrx_word' id='word_1_592' title='bbox 1393 2039 1483 2066; x_wconf 89' lang='lat' dir='ltr'><strong>solum</strong></span> <span class='ocrx_word' id='word_1_593' title='bbox 1508 2039 1605 2066; x_wconf 88' lang='lat' dir='ltr'><strong>mortis</strong></span> <span class='ocrx_word' id='word_1_594' title='bbox 1622 2039 1726 2074; x_wconf 76' lang='lat' dir='ltr'><strong>obliga-</strong></span> 
     </span>
    </p>
   </div>
   <div class='ocr_carea' id='block_1_88' title="bbox 938 2083 1726 2119">
    <p class='ocr_par' dir='ltr' id='par_1_88' title="bbox 938 2083 1726 2119">
     <span class='ocr_line' id='line_1_89' title="bbox 938 2083 1726 2119; baseline -0.005 -6"><span class='ocrx_word' id='word_1_595' title='bbox 938 2087 1012 2114; x_wconf 84' lang='lat' dir='ltr'><strong>tione</strong></span> <span class='ocrx_word' id='word_1_596' title='bbox 1039 2085 1154 2116; x_wconf 89' lang='lat' dir='ltr'><strong>solutos.</strong></span> <span class='ocrx_word' id='word_1_597' title='bbox 1182 2085 1228 2112; x_wconf 85' lang='lat' dir='ltr'><strong>scd</strong></span> <span class='ocrx_word' id='word_1_598' title='bbox 1255 2093 1270 2111; x_wconf 91' lang='lat' dir='ltr'><strong>a</strong></span> <span class='ocrx_word' id='word_1_599' title='bbox 1304 2084 1424 2119; x_wconf 85' lang='lat' dir='ltr'><strong>peccatis</strong></span> <span class='ocrx_word' id='word_1_600' title='bbox 1445 2084 1555 2111; x_wconf 83' lang='lat' dir='ltr'><strong>ablutos</strong></span> <span class='ocrx_word' id='word_1_601' title='bbox 1573 2092 1682 2118; x_wconf 83' lang='lat' dir='ltr'><strong>quoque</strong></span> <span class='ocrx_word' id='word_1_602' title='bbox 1700 2083 1726 2109; x_wconf 93' lang='lat' dir='ltr'><strong>in</strong></span> 
     </span>
    </p>
   </div>
   <div class='ocr_carea' id='block_1_89' title="bbox 939 2128 1728 2165">
    <p class='ocr_par' dir='ltr' id='par_1_89' title="bbox 939 2128 1728 2165">
     <span class='ocr_line' id='line_1_90' title="bbox 939 2128 1728 2165; baseline -0.008 -7"><span class='ocrx_word' id='word_1_603' title='bbox 939 2139 989 2159; x_wconf 90' lang='lat' dir='ltr'><strong>suo</strong></span> <span class='ocrx_word' id='word_1_604' title='bbox 1016 2132 1160 2165; x_wconf 82' lang='lat' dir='ltr'><strong>sanguine,</strong></span> <span class='ocrx_word' id='word_1_605' title='bbox 1182 2137 1309 2164; x_wconf 81' lang='lat' dir='ltr'><strong>regnum,</strong></span> <span class='ocrx_word' id='word_1_606' title='bbox 1330 2133 1413 2163; x_wconf 86' lang='lat' dir='ltr'><strong>atque</strong></span> <span class='ocrx_word' id='word_1_607' title='bbox 1437 2129 1597 2156; x_wconf 85' lang='lat' dir='ltr'><strong>sacerdotes</strong></span> <span class='ocrx_word' id='word_1_608' title='bbox 1618 2128 1683 2160; x_wconf 74' lang='lat' dir='ltr'><strong>Deo,</strong></span> <span class='ocrx_word' id='word_1_609' title='bbox 1701 2132 1728 2153; x_wconf 74' lang='lat' dir='ltr'><strong>ot</strong></span> 
     </span>
    </p>
   </div>
   <div class='ocr_carea' id='block_1_90' title="bbox 940 2174 1726 2210">
    <p class='ocr_par' dir='ltr' id='par_1_90' title="bbox 940 2174 1726 2210">
     <span class='ocr_line' id='line_1_91' title="bbox 940 2174 1726 2210; baseline -0.006 -6"><span class='ocrx_word' id='word_1_610' title='bbox 940 2177 1013 2204; x_wconf 86' lang='lat' dir='ltr'><strong>Patri</strong></span> <span class='ocrx_word' id='word_1_611' title='bbox 1029 2184 1079 2204; x_wconf 90' lang='lat' dir='ltr'><strong>suo</strong></span> <span class='ocrx_word' id='word_1_612' title='bbox 1109 2175 1182 2208; x_wconf 88' lang='lat' dir='ltr'><strong>fecit,</strong></span> <span class='ocrx_word' id='word_1_613' title='bbox 1209 2176 1248 2202; x_wconf 89' lang='lat' dir='ltr'><strong>uti</strong></span> <span class='ocrx_word' id='word_1_614' title='bbox 1264 2175 1398 2210; x_wconf 86' lang='lat' dir='ltr'><strong>scriptum</strong></span> <span class='ocrx_word' id='word_1_615' title='bbox 1414 2175 1498 2202; x_wconf 77' lang='lat' dir='ltr'><strong>est&quot;.</strong></span> <span class='ocrx_word' id='word_1_616' title='bbox 1522 2174 1617 2202; x_wconf 78' lang='lat' dir='ltr'><strong>Viden&#39;</strong></span> <span class='ocrx_word' id='word_1_617' title='bbox 1634 2181 1726 2200; x_wconf 83' lang='lat' dir='ltr'><strong>acrem</strong></span> 
     </span>
    </p>
   </div>
   <div class='ocr_carea' id='block_1_91' title="bbox 97 2220 1728 2258">
    <p class='ocr_par' dir='ltr' id='par_1_91' title="bbox 97 2220 1728 2258">
     <span class='ocr_line' id='line_1_92' title="bbox 97 2220 1728 2258; baseline -0.001 -11"><span class='ocrx_word' id='word_1_618' title='bbox 97 2221 157 2252; x_wconf 86' lang='lat' dir='ltr'><strong>Dei,</strong></span> <span class='ocrx_word' id='word_1_619' title='bbox 177 2222 204 2247; x_wconf 87' lang='lat' dir='ltr'><strong>in</strong></span> <span class='ocrx_word' id='word_1_620' title='bbox 217 2229 268 2256; x_wconf 86' lang='lat' dir='ltr'><strong>quo</strong></span> <span class='ocrx_word' id='word_1_621' title='bbox 282 2222 381 2256; x_wconf 84' lang='lat' dir='ltr'><strong>signati</strong></span> <span class='ocrx_word' id='word_1_622' title='bbox 389 2223 453 2248; x_wconf 79' lang='lat' dir='ltr'><strong>estis</strong></span> <span class='ocrx_word' id='word_1_623' title='bbox 466 2222 492 2248; x_wconf 88' lang='lat' dir='ltr'><strong>in</strong></span> <span class='ocrx_word' id='word_1_624' title='bbox 507 2223 574 2248; x_wconf 86' lang='lat' dir='ltr'><strong>diem</strong></span> <span class='ocrx_word' id='word_1_625' title='bbox 588 2222 773 2257; x_wconf 80' lang='lat' dir='ltr'><strong>redemptionis</strong></span> <span class='ocrx_word' id='word_1_626' title='bbox 783 2222 816 2249; x_wconf 78' lang='grc'><strong>⁷⁸.</strong></span> <span class='ocrx_word' id='word_1_627' title='bbox 829 2221 887 2250; x_wconf 87' lang='lat' dir='ltr'><strong>Non</strong></span> <span class='ocrx_word' id='word_1_628' title='bbox 905 2223 926 2249; x_wconf 83' lang='grc' dir='ltr'><strong>Ι)</strong></span> <span class='ocrx_word' id='word_1_629' title='bbox 943 2223 1116 2258; x_wconf 60' lang='lat' dir='ltr'><strong>praepotentis</strong></span> <span class='ocrx_word' id='word_1_630' title='bbox 1143 2222 1286 2249; x_wconf 86' lang='lat' dir='ltr'><strong>amorem?</strong></span> <span class='ocrx_word' id='word_1_631' title='bbox 1311 2220 1401 2249; x_wconf 82' lang='lat' dir='ltr'><strong>viden’</strong></span> <span class='ocrx_word' id='word_1_632' title='bbox 1423 2221 1594 2249; x_wconf 87' lang='lat' dir='ltr'><strong>humanitate</strong></span> <span class='ocrx_word' id='word_1_633' title='bbox 1610 2220 1728 2248; x_wconf 87' lang='lat' dir='ltr'><strong>clemen-</strong></span> 
     </span>
    </p>
   </div>
   <div class='ocr_carea' id='block_1_92' title="bbox 96 2265 889 2303">
    <p class='ocr_par' dir='ltr' id='par_1_92' title="bbox 96 2265 889 2303">
     <span class='ocr_line' id='line_1_93' title="bbox 96 2265 889 2303; baseline 0.003 -10"><span class='ocrx_word' id='word_1_634' title='bbox 96 2266 340 2294; x_wconf 82' lang='lat' dir='ltr'><strong>comminationem</strong></span> <span class='ocrx_word' id='word_1_635' title='bbox 362 2265 482 2298; x_wconf 72' lang='lat' dir='ltr'><strong>semitis,</strong></span> <span class='ocrx_word' id='word_1_636' title='bbox 502 2267 550 2295; x_wconf 87' lang='lat' dir='ltr'><strong>Dei</strong></span> <span class='ocrx_word' id='word_1_637' title='bbox 573 2275 624 2295; x_wconf 91' lang='lat' dir='ltr'><strong>nos</strong></span> <span class='ocrx_word' id='word_1_638' title='bbox 639 2275 790 2302; x_wconf 86' lang='lat' dir='ltr'><strong>provocare</strong></span> <span class='ocrx_word' id='word_1_639' title='bbox 806 2268 889 2303; x_wconf 90' lang='lat' dir='ltr'><strong>spiri-</strong></span> 
     </span>
    </p>
   </div>
   <div class='ocr_carea' id='block_1_93' title="bbox 97 2311 889 2345">
    <p class='ocr_par' dir='ltr' id='par_1_93' title="bbox 97 2311 889 2345">
     <span class='ocr_line' id='line_1_94' title="bbox 97 2311 889 2345; baseline 0.004 -7"><span class='ocrx_word' id='word_1_640' title='bbox 97 2318 156 2338; x_wconf 86' lang='lat' dir='ltr'><strong>tum</strong></span> <span class='ocrx_word' id='word_1_641' title='bbox 187 2311 335 2339; x_wconf 83' lang='lat' dir='ltr'><strong>futicntes?</strong></span> <span class='ocrx_word' id='word_1_642' title='bbox 352 2320 407 2339; x_wconf 93' lang='lat' dir='ltr'><strong>non</strong></span> <span class='ocrx_word' id='word_1_643' title='bbox 432 2313 559 2340; x_wconf 90' lang='lat' dir='ltr'><strong>timemus</strong></span> <span class='ocrx_word' id='word_1_644' title='bbox 571 2332 578 2345; x_wconf 88' lang='lat'><strong>,</strong></span> <span class='ocrx_word' id='word_1_645' title='bbox 599 2313 732 2340; x_wconf 89' lang='lat' dir='ltr'><strong>rationem</strong></span> <span class='ocrx_word' id='word_1_646' title='bbox 751 2313 794 2341; x_wconf 90' lang='lat' dir='ltr'><strong>vel</strong></span> <span class='ocrx_word' id='word_1_647' title='bbox 808 2314 889 2341; x_wconf 89' lang='lat' dir='ltr'><strong>otiosi</strong></span> 
     </span>
    </p>
   </div>
   <div class='ocr_carea' id='block_1_94' title="bbox 97 2358 888 2394">
    <p class='ocr_par' dir='ltr' id='par_1_94' title="bbox 97 2358 888 2394">
     <span class='ocr_line' id='line_1_95' title="bbox 97 2358 888 2394; baseline 0.003 -10"><span class='ocrx_word' id='word_1_648' title='bbox 97 2358 206 2385; x_wconf 83' lang='lat' dir='ltr'><strong>verbuli</strong></span> <span class='ocrx_word' id='word_1_649' title='bbox 220 2358 310 2385; x_wconf 92' lang='lat' dir='ltr'><strong>daturi</strong></span> <span class='ocrx_word' id='word_1_650' title='bbox 338 2359 365 2385; x_wconf 89' lang='lat' dir='ltr'><strong>in</strong></span> <span class='ocrx_word' id='word_1_651' title='bbox 382 2358 498 2394; x_wconf 90' lang='lat' dir='ltr'><strong>judicio,</strong></span> <span class='ocrx_word' id='word_1_652' title='bbox 517 2359 556 2386; x_wconf 91' lang='lat' dir='ltr'><strong>uti</strong></span> <span class='ocrx_word' id='word_1_653' title='bbox 579 2359 710 2386; x_wconf 89' lang='lat' dir='ltr'><strong>Dominus</strong></span> <span class='ocrx_word' id='word_1_654' title='bbox 726 2359 888 2386; x_wconf 87' lang='lat' dir='ltr'><strong>intermina-</strong></span> 
     </span>
    </p>
   </div>
   <div class='ocr_carea' id='block_1_95' title="bbox 99 2403 891 2440">
    <p class='ocr_par' dir='ltr' id='par_1_95' title="bbox 99 2403 891 2440">
     <span class='ocr_line' id='line_1_96' title="bbox 99 2403 891 2440; baseline 0.001 -10"><span class='ocrx_word' id='word_1_655' title='bbox 99 2404 164 2431; x_wconf 85' lang='lat' dir='ltr'><strong>tur?</strong></span> <span class='ocrx_word' id='word_1_656' title='bbox 178 2403 235 2431; x_wconf 88' lang='lat' dir='ltr'><strong>Cur</strong></span> <span class='ocrx_word' id='word_1_657' title='bbox 252 2411 306 2431; x_wconf 88' lang='lat' dir='ltr'><strong>non</strong></span> <span class='ocrx_word' id='word_1_658' title='bbox 323 2404 407 2440; x_wconf 83' lang='lat' dir='ltr'><strong>igitur</strong></span> <span class='ocrx_word' id='word_1_659' title='bbox 427 2404 556 2440; x_wconf 87' lang='lat' dir='ltr'><strong>deinceps</strong></span> <span class='ocrx_word' id='word_1_660' title='bbox 579 2405 726 2440; x_wconf 78' lang='lat' dir='ltr'><strong>arrigimus</strong></span> <span class='ocrx_word' id='word_1_661' title='bbox 745 2404 891 2432; x_wconf 83' lang='lat' dir='ltr'><strong>animum?</strong></span> 
     </span>
    </p>
   </div>
   <div class='ocr_carea' id='block_1_96' title="bbox 99 2450 890 2486">
    <p class='ocr_par' dir='ltr' id='par_1_96' title="bbox 99 2450 890 2486">
     <span class='ocr_line' id='line_1_97' title="bbox 99 2450 890 2486; baseline 0.001 -9"><span class='ocrx_word' id='word_1_662' title='bbox 99 2458 149 2477; x_wconf 89' lang='lat' dir='ltr'><strong>cur</strong></span> <span class='ocrx_word' id='word_1_663' title='bbox 166 2457 221 2477; x_wconf 90' lang='lat' dir='ltr'><strong>non</strong></span> <span class='ocrx_word' id='word_1_664' title='bbox 249 2457 414 2485; x_wconf 87' lang='lat' dir='ltr'><strong>apparamur</strong></span> <span class='ocrx_word' id='word_1_665' title='bbox 427 2470 434 2482; x_wconf 90' lang='lat'><strong>,</strong></span> <span class='ocrx_word' id='word_1_666' title='bbox 461 2450 508 2485; x_wconf 89' lang='lat' dir='ltr'><strong>qui</strong></span> <span class='ocrx_word' id='word_1_667' title='bbox 524 2450 557 2477; x_wconf 86' lang='lat' dir='ltr'><strong>ad</strong></span> <span class='ocrx_word' id='word_1_668' title='bbox 586 2450 741 2486; x_wconf 79' lang='lat' dir='ltr'><strong>ingruentia</strong></span> <span class='ocrx_word' id='word_1_669' title='bbox 756 2451 890 2485; x_wconf 87' lang='lat' dir='ltr'><strong>procincti</strong></span> 
     </span>
    </p>
   </div>
   <div class='ocr_carea' id='block_1_97' title="bbox 101 2496 892 2532">
    <p class='ocr_par' dir='ltr' id='par_1_97' title="bbox 101 2496 892 2532">
     <span class='ocr_line' id='line_1_98' title="bbox 101 2496 892 2532; baseline 0.001 -9"><span class='ocrx_word' id='word_1_670' title='bbox 101 2496 297 2523; x_wconf 78' lang='lat' dir='ltr'><strong>offendamus?</strong></span> <span class='ocrx_word' id='word_1_671' title='bbox 324 2496 455 2532; x_wconf 87' lang='lat' dir='ltr'><strong>lnjuriam</strong></span> <span class='ocrx_word' id='word_1_672' title='bbox 479 2496 616 2524; x_wconf 85' lang='lat' dir='ltr'><strong>sensisti?</strong></span> <span class='ocrx_word' id='word_1_673' title='bbox 634 2496 675 2524; x_wconf 87' lang='lat' dir='ltr'><strong>fer</strong></span> <span class='ocrx_word' id='word_1_674' title='bbox 698 2504 777 2531; x_wconf 77' lang='lat' dir='ltr'><strong>:equo</strong></span> <span class='ocrx_word' id='word_1_675' title='bbox 798 2497 892 2524; x_wconf 86' lang='lat' dir='ltr'><strong>animo</strong></span> 
     </span>
    </p>
   </div>
   <div class='ocr_carea' id='block_1_98' title="bbox 102 2541 891 2577">
    <p class='ocr_par' dir='ltr' id='par_1_98' title="bbox 102 2541 891 2577">
     <span class='ocr_line' id='line_1_99' title="bbox 102 2541 891 2577; baseline 0.003 -9"><span class='ocrx_word' id='word_1_676' title='bbox 102 2541 309 2574; x_wconf 83' lang='lat' dir='ltr'><strong>contumeliam,</strong></span> <span class='ocrx_word' id='word_1_677' title='bbox 330 2542 357 2570; x_wconf 86' lang='lat' dir='ltr'><strong>in</strong></span> <span class='ocrx_word' id='word_1_678' title='bbox 375 2546 401 2569; x_wconf 89' lang='lat' dir='ltr'><strong>te</strong></span> <span class='ocrx_word' id='word_1_679' title='bbox 419 2542 595 2577; x_wconf 88' lang='lat' dir='ltr'><strong>opprobrium</strong></span> <span class='ocrx_word' id='word_1_680' title='bbox 629 2542 769 2570; x_wconf 78' lang='lat' dir='ltr'><strong>sull‘ocans</strong></span> <span class='ocrx_word' id='word_1_681' title='bbox 788 2551 795 2576; x_wconf 91' lang='lat'><strong>;</strong></span> <span class='ocrx_word' id='word_1_682' title='bbox 816 2551 891 2577; x_wconf 86' lang='lat' dir='ltr'><strong>nam,</strong></span> 
     </span>
    </p>
   </div>
   <div class='ocr_carea' id='block_1_99' title="bbox 104 2586 891 2623">
    <p class='ocr_par' dir='ltr' id='par_1_99' title="bbox 104 2586 891 2623">
     <span class='ocr_line' id='line_1_100' title="bbox 104 2586 891 2623; baseline 0.003 -10"><span class='ocrx_word' id='word_1_683' title='bbox 104 2586 237 2614; x_wconf 79' lang='lat' dir='ltr'><strong>Turbatus</strong></span> <span class='ocrx_word' id='word_1_684' title='bbox 264 2595 333 2620; x_wconf 79' lang='lat' dir='ltr'><strong>sum,</strong></span> <span class='ocrx_word' id='word_1_685' title='bbox 358 2587 457 2623; x_wconf 86' lang='lat' dir='ltr'><strong>inquit,</strong></span> <span class='ocrx_word' id='word_1_686' title='bbox 475 2592 499 2615; x_wconf 84' lang='lat' dir='ltr'><strong>et</strong></span> <span class='ocrx_word' id='word_1_687' title='bbox 529 2596 582 2615; x_wconf 86' lang='lat' dir='ltr'><strong>non</strong></span> <span class='ocrx_word' id='word_1_688' title='bbox 602 2596 659 2615; x_wconf 78' lang='lat' dir='ltr'><strong>sum</strong></span> <span class='ocrx_word' id='word_1_689' title='bbox 686 2588 834 2620; x_wconf 79' lang='lat' dir='ltr'><strong>locutus&quot;;</strong></span> <span class='ocrx_word' id='word_1_690' title='bbox 855 2589 891 2616; x_wconf 86' lang='lat' dir='ltr'><strong>ita</strong></span> 
     </span>
    </p>
   </div>
   <div class='ocr_carea' id='block_1_100' title="bbox 138 2674 883 2707">
    <p class='ocr_par' dir='ltr' id='par_1_100' title="bbox 138 2674 883 2707">
     <span class='ocr_line' id='line_1_101' title="bbox 138 2674 883 2707; baseline -0.003 -4"><span class='ocrx_word' id='word_1_691' title='bbox 138 2677 161 2692; x_wconf 87' lang='lat'>&quot;</span> <span class='ocrx_word' id='word_1_692' title='bbox 174 2676 268 2703; x_wconf 78' lang='lat' dir='ltr'><strong>Matth.</strong></span> <span class='ocrx_word' id='word_1_693' title='bbox 281 2684 343 2707; x_wconf 82' lang='lat' dir='ltr'><strong>xxv,</strong></span> <span class='ocrx_word' id='word_1_694' title='bbox 357 2675 401 2701; x_wconf 70' lang='lat'><strong>2|.</strong></span> <span class='ocrx_word' id='word_1_695' title='bbox 440 2675 493 2702; x_wconf 75' lang='lat' dir='ltr'><strong>&quot;ll</strong></span> <span class='ocrx_word' id='word_1_696' title='bbox 506 2675 562 2702; x_wconf 79' lang='lat' dir='ltr'><strong>Pct.</strong></span> <span class='ocrx_word' id='word_1_697' title='bbox 581 2683 598 2706; x_wconf 82' lang='grc' dir='ltr'><strong>ι,</strong></span> <span class='ocrx_word' id='word_1_698' title='bbox 609 2675 635 2702; x_wconf 88' lang='lat'><strong>9.</strong></span> <span class='ocrx_word' id='word_1_699' title='bbox 674 2675 716 2701; x_wconf 81' lang='lat' dir='ltr'><strong>&quot;l</strong></span> <span class='ocrx_word' id='word_1_700' title='bbox 731 2675 794 2702; x_wconf 88' lang='lat' dir='ltr'><strong>Cor.</strong></span> <span class='ocrx_word' id='word_1_701' title='bbox 804 2682 841 2706; x_wconf 90' lang='lat' dir='ltr'><strong>vt,</strong></span> <span class='ocrx_word' id='word_1_702' title='bbox 857 2674 883 2701; x_wconf 88' lang='lat'><strong>9.</strong></span> 
     </span>
    </p>
   </div>
   <div class='ocr_carea' id='block_1_101' title="bbox 104 2710 863 2744">
    <p class='ocr_par' dir='ltr' id='par_1_101' title="bbox 104 2710 863 2744">
     <span class='ocr_line' id='line_1_102' title="bbox 104 2710 863 2744; baseline -0.004 -5"><span class='ocrx_word' id='word_1_703' title='bbox 104 2710 129 2727; x_wconf 84' lang='grc'><strong>⁷³</strong></span> <span class='ocrx_word' id='word_1_704' title='bbox 149 2711 258 2744; x_wconf 77' lang='lat' dir='ltr'><strong>ll’etr.,</strong></span> <span class='ocrx_word' id='word_1_705' title='bbox 274 2719 304 2743; x_wconf 85' lang='lat' dir='ltr'><strong>tl,</strong></span> <span class='ocrx_word' id='word_1_706' title='bbox 327 2711 370 2737; x_wconf 76' lang='lat' dir='ltr'><strong>l5.</strong></span> <span class='ocrx_word' id='word_1_707' title='bbox 389 2711 411 2726; x_wconf 90' lang='lat'><strong>&quot;’</strong></span> <span class='ocrx_word' id='word_1_708' title='bbox 427 2710 507 2738; x_wconf 80' lang='lat' dir='ltr'><strong>Joau.</strong></span> <span class='ocrx_word' id='word_1_709' title='bbox 526 2718 565 2743; x_wconf 88' lang='grc' dir='ltr'>ιιι,</span> <span class='ocrx_word' id='word_1_710' title='bbox 581 2711 623 2736; x_wconf 81' lang='grc'><strong>16.</strong></span> <span class='ocrx_word' id='word_1_711' title='bbox 662 2710 685 2726; x_wconf 71' lang='grc' dir='ltr'><strong><em>⁸ο</em></strong></span> <span class='ocrx_word' id='word_1_712' title='bbox 700 2710 782 2744; x_wconf 86' lang='lat' dir='ltr'><strong>Apoc.</strong></span> <span class='ocrx_word' id='word_1_713' title='bbox 800 2718 818 2741; x_wconf 90' lang='grc' dir='ltr'>ι,</span> <span class='ocrx_word' id='word_1_714' title='bbox 836 2711 863 2736; x_wconf 77' lang='lat' dir='ltr'><strong>li.</strong></span> 
     </span>
    </p>
   </div>
   <div class='ocr_carea' id='block_1_102' title="bbox 143 2765 895 2804">
    <p class='ocr_par' dir='ltr' id='par_1_102' title="bbox 143 2765 895 2804">
     <span class='ocr_line' id='line_1_103' title="bbox 143 2765 895 2804; baseline -0.007 -9"><span class='ocrx_word' id='word_1_715' title='bbox 143 2769 181 2803; x_wconf 79' lang='lat'><strong>(7)</strong></span> <span class='ocrx_word' id='word_1_716' title='bbox 197 2768 390 2804; x_wconf 85' lang='lat' dir='ltr'><strong>Hallncinatur</strong></span> <span class='ocrx_word' id='word_1_717' title='bbox 412 2776 418 2794; x_wconf 88' lang='lat'><strong>:</strong></span> <span class='ocrx_word' id='word_1_718' title='bbox 442 2775 503 2804; x_wconf 84' lang='lat' dir='ltr'><strong>nam</strong></span> <span class='ocrx_word' id='word_1_719' title='bbox 540 2767 632 2804; x_wconf 51' lang='lat' dir='ltr'><strong>Graece</strong></span> <span class='ocrx_word' id='word_1_720' title='bbox 642 2771 699 2804; x_wconf 30' lang='lat' dir='ltr'><strong>Acst</strong></span> <span class='ocrx_word' id='word_1_721' title='bbox 726 2765 895 2804; x_wconf 64' lang='grc' dir='ltr'><strong>μυιιιποὶζῳνἶ</strong></span> 
     </span>
    </p>
   </div>
   <div class='ocr_carea' id='block_1_103' title="bbox 142 2801 895 2839">
    <p class='ocr_par' dir='ltr' id='par_1_103' title="bbox 142 2801 895 2839">
     <span class='ocr_line' id='line_1_104' title="bbox 142 2801 895 2839; baseline -0.005 -9"><span class='ocrx_word' id='word_1_722' title='bbox 195 2803 347 2838; x_wconf 68' lang='grc' dir='ltr'><strong>Διαστοφῆς</strong></span> <span class='ocrx_word' id='word_1_723' title='bbox 362 2803 507 2838; x_wconf 69' lang='grc' dir='ltr'>προσώπου</span> <span class='ocrx_word' id='word_1_724' title='bbox 518 2807 575 2829; x_wconf 86' lang='lat' dir='ltr'><strong>erat</strong></span> <span class='ocrx_word' id='word_1_725' title='bbox 592 2803 617 2829; x_wconf 87' lang='lat' dir='ltr'><strong>in</strong></span> <span class='ocrx_word' id='word_1_726' title='bbox 637 2801 745 2832; x_wconf 77' lang='lat' dir='ltr'><strong>Grteco;</strong></span> <span class='ocrx_word' id='word_1_727' title='bbox 757 2801 895 2827; x_wconf 83' lang='lat' dir='ltr'><strong>emendavi</strong></span> 
     </span>
    </p>
   </div>
   <div class='ocr_carea' id='block_1_104' title="bbox 104 2839 284 2873">
    <p class='ocr_par' dir='ltr' id='par_1_104' title="bbox 104 2839 284 2873">
     <span class='ocr_line' id='line_1_105' title="bbox 104 2839 284 2873; baseline -0.017 -6"><span class='ocrx_word' id='word_1_728' title='bbox 104 2839 284 2873; x_wconf 70' lang='grc' dir='ltr'><strong>διαστροφῆς.</strong></span> 
     </span>
    </p>
   </div>
   <div class='ocr_carea' id='block_1_105' title="bbox 145 2873 334 2910">
    <p class='ocr_par' dir='ltr' id='par_1_105' title="bbox 145 2873 334 2910">
     <span class='ocr_line' id='line_1_106' title="bbox 145 2873 334 2910; baseline 0 -10"><span class='ocrx_word' id='word_1_729' title='bbox 145 2875 192 2910; x_wconf 58' lang='grc' dir='ltr'><strong>ιε’)</strong></span> <span class='ocrx_word' id='word_1_730' title='bbox 207 2873 334 2902; x_wconf 78' lang='lat' dir='ltr'><strong>Putidus.</strong></span> 
     </span>
    </p>
   </div>
   <div class='ocr_carea' id='block_1_106' title="bbox 943 2262 1727 2302">
    <p class='ocr_par' dir='ltr' id='par_1_106' title="bbox 943 2262 1727 2302">
     <span class='ocr_line' id='line_1_107' title="bbox 943 2262 1727 2302; baseline -0.006 -8"><span class='ocrx_word' id='word_1_731' title='bbox 943 2268 1008 2294; x_wconf 87' lang='lat' dir='ltr'><strong>tiam</strong></span> <span class='ocrx_word' id='word_1_732' title='bbox 1050 2267 1203 2302; x_wconf 85' lang='lat' dir='ltr'><strong>majorem?</strong></span> <span class='ocrx_word' id='word_1_733' title='bbox 1233 2266 1321 2299; x_wconf 84' lang='lat' dir='ltr'><strong>Quam</strong></span> <span class='ocrx_word' id='word_1_734' title='bbox 1355 2265 1525 2300; x_wconf 77' lang='lat' dir='ltr'><strong>inexplorata</strong></span> <span class='ocrx_word' id='word_1_735' title='bbox 1552 2262 1727 2299; x_wconf 68' lang='lat' dir='ltr'><strong>benignitas?</strong></span> 
     </span>
    </p>
   </div>
   <div class='ocr_carea' id='block_1_107' title="bbox 942 2309 1727 2348">
    <p class='ocr_par' dir='ltr' id='par_1_107' title="bbox 942 2309 1727 2348">
     <span class='ocr_line' id='line_1_108' title="bbox 942 2309 1727 2348; baseline -0.006 -8"><span class='ocrx_word' id='word_1_736' title='bbox 942 2321 1025 2348; x_wconf 89' lang='lat' dir='ltr'><strong>quam</strong></span> <span class='ocrx_word' id='word_1_737' title='bbox 1042 2312 1298 2348; x_wconf 81' lang='lat' dir='ltr'><strong>impervestigabilis</strong></span> <span class='ocrx_word' id='word_1_738' title='bbox 1313 2312 1432 2344; x_wconf 88' lang='lat' dir='ltr'><strong>bonitas,</strong></span> <span class='ocrx_word' id='word_1_739' title='bbox 1449 2318 1531 2346; x_wconf 80' lang='lat' dir='ltr'><strong>quam</strong></span> <span class='ocrx_word' id='word_1_740' title='bbox 1550 2311 1575 2336; x_wconf 93' lang='lat' dir='ltr'><strong>in</strong></span> <span class='ocrx_word' id='word_1_741' title='bbox 1592 2317 1642 2336; x_wconf 87' lang='lat' dir='ltr'><strong>nos</strong></span> <span class='ocrx_word' id='word_1_742' title='bbox 1657 2309 1727 2336; x_wconf 78' lang='lat' dir='ltr'><strong>cffu-</strong></span> 
     </span>
    </p>
   </div>
   <div class='ocr_carea' id='block_1_108' title="bbox 942 2355 1730 2394">
    <p class='ocr_par' dir='ltr' id='par_1_108' title="bbox 942 2355 1730 2394">
     <span class='ocr_line' id='line_1_109' title="bbox 942 2355 1730 2394; baseline -0.008 -8"><span class='ocrx_word' id='word_1_743' title='bbox 942 2360 982 2386; x_wconf 92' lang='lat' dir='ltr'><strong>dit</strong></span> <span class='ocrx_word' id='word_1_744' title='bbox 1006 2359 1146 2394; x_wconf 85' lang='lat' dir='ltr'><strong>copiosam</strong></span> <span class='ocrx_word' id='word_1_745' title='bbox 1179 2366 1227 2393; x_wconf 87' lang='lat' dir='ltr'><strong>per</strong></span> <span class='ocrx_word' id='word_1_746' title='bbox 1245 2358 1336 2386; x_wconf 72' lang='lat' dir='ltr'><strong>Iesum</strong></span> <span class='ocrx_word' id='word_1_747' title='bbox 1362 2357 1503 2385; x_wconf 88' lang='lat' dir='ltr'><strong>Christum</strong></span> <span class='ocrx_word' id='word_1_748' title='bbox 1533 2355 1730 2382; x_wconf 82' lang='lat' dir='ltr'><strong>Servatorcm&#39;.’</strong></span> 
     </span>
    </p>
   </div>
   <div class='ocr_carea' id='block_1_109' title="bbox 942 2398 1734 2438">
    <p class='ocr_par' dir='ltr' id='par_1_109' title="bbox 942 2398 1734 2438">
     <span class='ocr_line' id='line_1_110' title="bbox 942 2398 1734 2438; baseline -0.009 -6"><span class='ocrx_word' id='word_1_749' title='bbox 942 2404 1012 2438; x_wconf 87' lang='lat' dir='ltr'><strong>Quid</strong></span> <span class='ocrx_word' id='word_1_750' title='bbox 1037 2412 1088 2432; x_wconf 89' lang='lat' dir='ltr'><strong>nos</strong></span> <span class='ocrx_word' id='word_1_751' title='bbox 1111 2403 1220 2431; x_wconf 88' lang='lat' dir='ltr'><strong>tandem</strong></span> <span class='ocrx_word' id='word_1_752' title='bbox 1237 2404 1270 2430; x_wconf 86' lang='lat' dir='ltr'><strong>ad</strong></span> <span class='ocrx_word' id='word_1_753' title='bbox 1287 2403 1343 2430; x_wconf 71' lang='lat' dir='ltr'><strong>haae</strong></span> <span class='ocrx_word' id='word_1_754' title='bbox 1360 2402 1439 2429; x_wconf 88' lang='lat' dir='ltr'><strong>nauci</strong></span> <span class='ocrx_word' id='word_1_755' title='bbox 1467 2401 1603 2432; x_wconf 79' lang='lat' dir='ltr'><strong>dicamus,</strong></span> <span class='ocrx_word' id='word_1_756' title='bbox 1630 2398 1734 2434; x_wconf 82' lang='lat' dir='ltr'><strong>quidve</strong></span> 
     </span>
    </p>
   </div>
   <div class='ocr_carea' id='block_1_110' title="bbox 941 2446 1732 2486">
    <p class='ocr_par' dir='ltr' id='par_1_110' title="bbox 941 2446 1732 2486">
     <span class='ocr_line' id='line_1_111' title="bbox 941 2446 1732 2486; baseline -0.009 -8"><span class='ocrx_word' id='word_1_757' title='bbox 941 2450 1262 2486; x_wconf 60' lang='lat' dir='ltr'><strong>cogitemusﬂterumne</strong></span> <span class='ocrx_word' id='word_1_758' title='bbox 1278 2449 1351 2476; x_wconf 86' lang='lat' dir='ltr'><strong>ultro</strong></span> <span class='ocrx_word' id='word_1_759' title='bbox 1374 2448 1403 2475; x_wconf 89' lang='lat' dir='ltr'><strong>in</strong></span> <span class='ocrx_word' id='word_1_760' title='bbox 1418 2448 1484 2475; x_wconf 84' lang='lat' dir='ltr'><strong>vitia</strong></span> <span class='ocrx_word' id='word_1_761' title='bbox 1519 2446 1649 2478; x_wconf 81' lang='lat' dir='ltr'><strong>feramur,</strong></span> <span class='ocrx_word' id='word_1_762' title='bbox 1670 2452 1732 2472; x_wconf 81' lang='lat' dir='ltr'><strong>scr-</strong></span> 
     </span>
    </p>
   </div>
   <div class='ocr_carea' id='block_1_111' title="bbox 942 2492 1730 2526">
    <p class='ocr_par' dir='ltr' id='par_1_111' title="bbox 942 2492 1730 2526">
     <span class='ocr_line' id='line_1_112' title="bbox 942 2492 1730 2526; baseline -0.01 -3"><span class='ocrx_word' id='word_1_763' title='bbox 942 2497 1056 2523; x_wconf 88' lang='lat' dir='ltr'><strong>vitutem</strong></span> <span class='ocrx_word' id='word_1_764' title='bbox 1081 2495 1246 2526; x_wconf 87' lang='lat' dir='ltr'><strong>ambiamus,</strong></span> <span class='ocrx_word' id='word_1_765' title='bbox 1267 2493 1421 2525; x_wconf 86' lang='lat' dir='ltr'><strong>infamiam,</strong></span> <span class='ocrx_word' id='word_1_766' title='bbox 1442 2492 1636 2526; x_wconf 86' lang='lat' dir='ltr'><strong>corruptelam,</strong></span> <span class='ocrx_word' id='word_1_767' title='bbox 1663 2496 1730 2523; x_wconf 87' lang='lat' dir='ltr'><strong>sup—</strong></span> 
     </span>
    </p>
   </div>
   <div class='ocr_carea' id='block_1_112' title="bbox 943 2533 1732 2575">
    <p class='ocr_par' dir='ltr' id='par_1_112' title="bbox 943 2533 1732 2575">
     <span class='ocr_line' id='line_1_113' title="bbox 943 2533 1732 2575; baseline -0.01 -9"><span class='ocrx_word' id='word_1_768' title='bbox 943 2541 1054 2575; x_wconf 90' lang='lat' dir='ltr'><strong>plicium</strong></span> <span class='ocrx_word' id='word_1_769' title='bbox 1073 2540 1242 2567; x_wconf 79' lang='lat' dir='ltr'><strong>asciscamus</strong></span> <span class='ocrx_word' id='word_1_770' title='bbox 1255 2539 1266 2565; x_wconf 89' lang='lat'><strong>?</strong></span> <span class='ocrx_word' id='word_1_771' title='bbox 1277 2537 1365 2569; x_wconf 79' lang='lat' dir='ltr'><strong>Absit,</strong></span> <span class='ocrx_word' id='word_1_772' title='bbox 1385 2538 1423 2565; x_wconf 90' lang='lat' dir='ltr'><strong>ait</strong></span> <span class='ocrx_word' id='word_1_773' title='bbox 1434 2536 1595 2572; x_wconf 77' lang='lat' dir='ltr'><strong>Apostolus,</strong></span> <span class='ocrx_word' id='word_1_774' title='bbox 1609 2534 1653 2569; x_wconf 83' lang='lat' dir='ltr'><strong>qui</strong></span> <span class='ocrx_word' id='word_1_775' title='bbox 1662 2533 1732 2560; x_wconf 77' lang='lat' dir='ltr'><strong>enim</strong></span> 
     </span>
    </p>
   </div>
   <div class='ocr_carea' id='block_1_113' title="bbox 944 2579 1732 2620">
    <p class='ocr_par' dir='ltr' id='par_1_113' title="bbox 944 2579 1732 2620">
     <span class='ocr_line' id='line_1_114' title="bbox 944 2579 1732 2620; baseline -0.011 -7"><span class='ocrx_word' id='word_1_776' title='bbox 944 2587 1042 2614; x_wconf 81' lang='lat' dir='ltr'><strong>mortui</strong></span> <span class='ocrx_word' id='word_1_777' title='bbox 1058 2594 1149 2613; x_wconf 83' lang='lat' dir='ltr'><strong>sumus</strong></span> <span class='ocrx_word' id='word_1_778' title='bbox 1170 2589 1288 2620; x_wconf 74' lang='lat' dir='ltr'><strong>peccato,</strong></span> <span class='ocrx_word' id='word_1_779' title='bbox 1314 2583 1446 2619; x_wconf 77' lang='lat' dir='ltr'><strong>quainodo</strong></span> <span class='ocrx_word' id='word_1_780' title='bbox 1469 2582 1554 2609; x_wconf 83' lang='lat' dir='ltr'><strong>adhuc</strong></span> <span class='ocrx_word' id='word_1_781' title='bbox 1572 2581 1685 2608; x_wconf 74' lang='lat' dir='ltr'><strong>vivemus</strong></span> <span class='ocrx_word' id='word_1_782' title='bbox 1705 2579 1732 2604; x_wconf 80' lang='lat' dir='ltr'><strong>in</strong></span> 
     </span>
    </p>
   </div>
   <div class='ocr_carea' id='block_1_114' title="bbox 923 2667 1733 2707">
    <p class='ocr_par' dir='ltr' id='par_1_114' title="bbox 923 2667 1733 2707">
     <span class='ocr_line' id='line_1_115' title="bbox 923 2667 1733 2707; baseline -0.011 -6"><span class='ocrx_word' id='word_1_783' title='bbox 923 2675 945 2689; x_wconf 80' lang='grc'><strong>⁷⁸</strong></span> <span class='ocrx_word' id='word_1_784' title='bbox 966 2674 974 2701; x_wconf 95' lang='lat' dir='ltr'><strong>l</strong></span> <span class='ocrx_word' id='word_1_785' title='bbox 989 2674 1051 2701; x_wconf 81' lang='lat' dir='ltr'><strong>Cor.</strong></span> <span class='ocrx_word' id='word_1_786' title='bbox 1068 2682 1095 2705; x_wconf 64' lang='grc' dir='ltr'><strong>κ,</strong></span> <span class='ocrx_word' id='word_1_787' title='bbox 1114 2673 1155 2700; x_wconf 74' lang='grc'><strong>10.</strong></span> <span class='ocrx_word' id='word_1_788' title='bbox 1195 2672 1216 2687; x_wconf 79' lang='grc'><strong>⁷³</strong></span> <span class='ocrx_word' id='word_1_789' title='bbox 1232 2671 1331 2707; x_wconf 82' lang='lat' dir='ltr'><strong>Ephes.</strong></span> <span class='ocrx_word' id='word_1_790' title='bbox 1343 2679 1379 2704; x_wconf 86' lang='lat' dir='ltr'><strong>tv,</strong></span> <span class='ocrx_word' id='word_1_791' title='bbox 1397 2670 1440 2697; x_wconf 85' lang='grc'><strong>50.</strong></span> <span class='ocrx_word' id='word_1_792' title='bbox 1480 2668 1580 2696; x_wconf 79' lang='lat' dir='ltr'><strong>&quot;Psal.</strong></span> <span class='ocrx_word' id='word_1_793' title='bbox 1597 2675 1688 2698; x_wconf 75' lang='lat' dir='ltr'><strong>Lxxvt,</strong></span> <span class='ocrx_word' id='word_1_794' title='bbox 1705 2667 1733 2693; x_wconf 79' lang='grc'><strong>5.</strong></span> 
     </span>
    </p>
   </div>
   <div class='ocr_carea' id='block_1_115' title="bbox 981 2753 1731 2798">
    <p class='ocr_par' dir='ltr' id='par_1_115' title="bbox 981 2753 1731 2798">
     <span class='ocr_line' id='line_1_116' title="bbox 981 2753 1731 2798; baseline -0.013 -9"><span class='ocrx_word' id='word_1_795' title='bbox 981 2764 1018 2797; x_wconf 84' lang='grc'><strong>(9)</strong></span> <span class='ocrx_word' id='word_1_796' title='bbox 1034 2761 1143 2796; x_wconf 76' lang='grc' dir='ltr'><strong>Χρείας,</strong></span> <span class='ocrx_word' id='word_1_797' title='bbox 1166 2764 1260 2798; x_wconf 72' lang='lat' dir='ltr'><strong>auctor</strong></span> <span class='ocrx_word' id='word_1_798' title='bbox 1277 2763 1305 2798; x_wconf 75' lang='lat' dir='ltr'><strong>et</strong></span> <span class='ocrx_word' id='word_1_799' title='bbox 1325 2758 1424 2798; x_wconf 69' lang='lat' dir='ltr'><strong>vulgati</strong></span> <span class='ocrx_word' id='word_1_800' title='bbox 1448 2757 1509 2785; x_wconf 84' lang='lat' dir='ltr'><strong>cod.</strong></span> <span class='ocrx_word' id='word_1_801' title='bbox 1541 2755 1650 2798; x_wconf 73' lang='lat' dir='ltr'><strong>habent.</strong></span> <span class='ocrx_word' id='word_1_802' title='bbox 1674 2753 1731 2780; x_wconf 68' lang='grc' dir='ltr'><strong>νει.</strong></span> 
     </span>
    </p>
   </div>
   <div class='ocr_carea' id='block_1_116' title="bbox 948 2795 1674 2834">
    <p class='ocr_par' dir='ltr' id='par_1_116' title="bbox 948 2795 1674 2834">
     <span class='ocr_line' id='line_1_117' title="bbox 948 2795 1674 2834; baseline -0.015 -8"><span class='ocrx_word' id='word_1_803' title='bbox 948 2795 1065 2832; x_wconf 69' lang='lat' dir='ltr'><strong>interpr.</strong></span> <span class='ocrx_word' id='word_1_804' title='bbox 1076 2797 1138 2830; x_wconf 65' lang='grc' dir='ltr'><strong>[κάει</strong></span> <span class='ocrx_word' id='word_1_805' title='bbox 1153 2797 1242 2825; x_wconf 86' lang='lat' dir='ltr'><strong>vertit,</strong></span> <span class='ocrx_word' id='word_1_806' title='bbox 1261 2795 1340 2820; x_wconf 88' lang='lat' dir='ltr'><strong>aliam</strong></span> <span class='ocrx_word' id='word_1_807' title='bbox 1357 2795 1500 2834; x_wconf 71' lang='lat' dir='ltr'><strong>lectionem</strong></span> <span class='ocrx_word' id='word_1_808' title='bbox 1517 2796 1638 2818; x_wconf 83' lang='lat' dir='ltr'><strong>secutus.</strong></span> 
     </span>
    </p>
   </div>
   <div class='ocr_carea' id='block_1_117' title="bbox 983 2829 1740 2868">
    <p class='ocr_par' dir='ltr' id='par_1_117' title="bbox 983 2829 1740 2868">
     <span class='ocr_line' id='line_1_118' title="bbox 983 2829 1740 2868; baseline -0.012 -8"><span class='ocrx_word' id='word_1_809' title='bbox 983 2829 1039 2868; x_wconf 67' lang='lat' dir='ltr'><strong>(lli)</strong></span> <span class='ocrx_word' id='word_1_810' title='bbox 1056 2829 1211 2865; x_wconf 81' lang='lat' dir='ltr'><strong>Incorruptc</strong></span> <span class='ocrx_word' id='word_1_811' title='bbox 1225 2835 1284 2857; x_wconf 85' lang='lat' dir='ltr'><strong>erat</strong></span> <span class='ocrx_word' id='word_1_812' title='bbox 1297 2837 1323 2855; x_wconf 70' lang='grc' dir='ltr'><strong>ιιι</strong></span> <span class='ocrx_word' id='word_1_813' title='bbox 1341 2835 1435 2856; x_wconf 76' lang='lat' dir='ltr'><strong>nostro</strong></span> <span class='ocrx_word' id='word_1_814' title='bbox 1456 2829 1498 2862; x_wconf 77' lang='grc' dir='ltr'><strong>χέ,</strong></span> <span class='ocrx_word' id='word_1_815' title='bbox 1516 2834 1579 2854; x_wconf 81' lang='lat' dir='ltr'><strong>nam</strong></span> <span class='ocrx_word' id='word_1_816' title='bbox 1591 2829 1740 2852; x_wconf 69' lang='grc' dir='ltr'>νυιιιιιιυεε.</span> 
     </span>
    </p>
   </div>
   <div class='ocr_carea' id='block_1_118' title="bbox 948 2869 1076 2905">
    <p class='ocr_par' dir='ltr' id='par_1_118' title="bbox 948 2869 1076 2905">
     <span class='ocr_line' id='line_1_119' title="bbox 948 2869 1076 2905; baseline 0.008 -11"><span class='ocrx_word' id='word_1_817' title='bbox 948 2869 1076 2905; x_wconf 65' lang='grc' dir='ltr'><strong>χρηστός.</strong></span> 
     </span>
    </p>
   </div>
  </div>
