1916 3075
212 150 264 180 563

208 206 278 233 illo?
291 207 331 232 Au
360 206 487 240 ignoratis
501 227 507 238 ,
523 207 585 241 quia
599 209 747 242 quicunque
763 208 891 242 baptizati
907 217 997 236 sumus
1012 211 1036 240 Α

208 255 236 279 in
250 253 356 280 Christo
373 253 450 285 Jesu,
468 254 495 280 in
521 260 604 281 morte
631 255 714 290 ipsius
733 255 859 289 baptismi
883 264 974 283 sumus
986 257 1001 283 ?

209 299 353 332 consepulli
379 307 439 334 ergo
466 308 557 327 sumus
578 309 638 327 cum
663 301 709 327 illo
734 308 779 334 per
795 300 954 333 baptismum
971 301 999 328 in

208 348 330 376 mortem,
360 348 389 370 ut
417 344 546 378 quomodo
577 343 702 371 Christus
732 345 847 371 surrexit
879 353 896 371 a
927 352 1000 371 mor-

210 389 263 416 tuis
276 397 322 424 per
336 390 451 423 gloriam
469 389 569 422 Patris,
587 390 626 416 ita
642 393 667 416 et
681 397 728 416 nos
751 390 778 416 in
807 390 923 417 novitate
940 389 999 418 vita:

209 434 371 461 ambulemus
383 435 416 460 ⁸¹.

246 479 340 514 ltaque
356 480 453 511 vitam,
480 480 588 512 fratres,
605 481 737 508 obeamus
755 481 898 513 novitiam,
918 481 955 507 ttti
972 485 1000 508 et

211 525 307 552 habitu
327 534 423 553 sumus
435 525 563 560 professi.
573 526 651 560 justi,
662 527 752 561 piique
760 527 895 559 vivamus,
904 534 1000 561 quem-

211 571 361 599 admodum
391 578 503 600 sanctos
530 572 630 604 decet,
663 580 729 607 pace
777 581 810 600 ac
852 573 1000 600 concordia

211 616 328 652 praediti,
343 618 463 651 augusti,
480 617 682 651 circumspecti.
699 617 834 650 insontes,
845 618 904 644 sine
917 617 1000 650 vitiis,

212 663 258 698 qui
274 671 327 690 non
341 663 378 690 uti
388 663 452 690 olim
466 663 493 690 in
503 670 606 694 errore,
622 663 764 690 fraudibus
779 663 923 696 ducamur,
935 663 999 690 dum

211 710 453 745 prmsumptionem
482 709 629 744 fugiamus,
647 714 676 736 ut
703 710 803 745 ignem,
839 718 923 745 super
938 710 1001 738 fidei

212 763 280 790 rupe
306 761 408 783 nostra:
442 755 544 782 defixi:
577 763 640 782 natn
661 756 716 783 hoc
741 756 849 783 nevitss
866 761 918 784 est.
934 756 1001 789 Quae

212 801 381 836 antiquitas?
397 801 539 836 Voluptas,
549 809 602 836 qtta
614 806 710 835 captus
723 801 852 830 deCessor
866 802 999 836 Adamus,

210 847 336 881 pomario
345 846 473 879 extorris,
485 846 695 880 flebilem;subiit
706 846 790 873 vitam
800 855 808 880 ;
818 847 931 880 invidia,
945 855 1000 882 qua

211 894 314 922 Cainus
336 899 467 925 aestuans,
491 893 602 921 Abelem
621 901 783 928 germanum
801 895 836 921 ob
861 901 999 929 praeroga-
1015 885 1037 914 Β

212 940 294 967 tivam
333 947 476 967 munerum
501 939 689 974 peremit:ex
717 946 772 973 quo
802 943 925 966 tremens
955 947 1000 974 ge-

211 993 342 1021 mensque
356 986 484 1020 pervixit.
499 985 537 1012 Ex
556 985 600 1013 his
618 984 733 1020 geminis
759 985 910 1012 sceleribus
926 985 1001 1013 mille

210 1032 280 1059 mala
295 1032 428 1059 inltaasere
453 1031 566 1064 mundo,
583 1032 647 1059 hinc
668 1031 813 1063 diluvium,
835 1031 910 1066 qttod
924 1032 1000 1059 orbis

208 1083 345 1105 terrarum
367 1077 479 1112 stirpem
510 1077 698 1104 internecione
725 1076 840 1109 delevit,
869 1077 934 1103 hinc
953 1076 1002 1104 So-

208 1122 291 1150 dnuta
307 1127 334 1151 et
346 1122 498 1150 Gomorrha
512 1122 573 1158 igne
588 1127 671 1157 atque
686 1122 818 1157 sulphure
840 1121 999 1156 cinefactte,

505 1190 622 1217 SERMO
639 1190 708 1218 XLI.

227 1237 265 1264 De
284 1236 397 1264 Patrum
415 1237 617 1306 eontemplandra
634 1237 697 1278 vita,
718 1238 875 1266 wntulandt's
892 1247 983 1266 eorum

507 1278 577 1299 recte
603 1277 682 1299 actis.

507 1278 577 1299 recte
591 1277 682 1299 tactis.

246 1350 355 1378 Fratres
365 1350 528 1384 Patresque,
549 1357 597 1384 per
611 1350 660 1377 hos
676 1349 735 1377 dies
750 1354 910 1378 sanctorum
925 1349 997 1378 vitas

208 1397 322 1425 Patrum
336 1397 456 1432 legentes
469 1396 523 1423 dici
536 1404 591 1423 non
607 1400 696 1430 potest
716 1404 798 1430 quem
813 1395 932 1424 frttctum
953 1404 999 1424 ca-

209 1443 328 1479 piamtts,
353 1450 441 1478 quove
468 1442 567 1477 gaudio
599 1441 809 1469 fruamur.Cedo
823 1442 908 1474 enim,
933 1442 998 1477 quid

209 1490 244 1517 sit
267 1488 416 1522 jucundius
440 1495 522 1523 quam
545 1495 641 1514 eorum
672 1487 853 1522 contemplari
882 1487 996 1515 immor-

211 1535 279 1563 tales
294 1535 427 1567 actioncs,
449 1533 594 1566 miracula,
622 1539 716 1561 contra
742 1535 883 1562 daemones
909 1534 1034 1582 victo-c

209 1582 287 1609 rias'!
307 1582 341 1610 Ut
362 1582 466 1616 lapides
493 1582 555 1616 ipsi,
571 1581 679 1609 medius
701 1581 792 1615 lidius,
808 1582 910 1609 sentire
930 1582 998 1610 ntihi

209 1628 328 1656 fructum
338 1629 482 1655 videantur
498 1637 504 1655 :
523 1632 626 1663 quanto
641 1629 766 1656 homines
781 1628 869 1664 magis
886 1629 912 1655 in
933 1629 1000 1664 qui-

209 1675 261 1703 bus
277 1675 348 1702 inest
360 1675 442 1707 ratio,
456 1680 484 1702 et
497 1675 637 1710 ingenium
651 1675 665 1702 Υ
679 1675 752 1710 Ergo
765 1675 830 1702 hinc
842 1675 998 1704 illustratur

209 1728 287 1748 tnetts
308 1721 438 1753 humana,
460 1728 532 1748 caeco
547 1721 624 1756 quasi
658 1721 778 1755 quodam
806 1721 897 1749 carnis
916 1729 998 1749 sensu

209 1766 344 1802 deposito,
361 1767 425 1793 hinc
435 1767 544 1793 animus
561 1767 729 1799 stimttlatur,
745 1767 778 1794 ad
793 1775 914 1794 amorem
929 1768 1000 1795 divi-

210 1820 276 1839 num
298 1812 482 1847 plumescens.
499 1812 589 1846 Atque
615 1817 644 1838 ut
672 1812 763 1839 verius
780 1813 879 1845 dicam,
899 1813 917 1840 ii
936 1818 1001 1841 sunt

210 1857 258 1884 Dei
272 1857 297 1884 in
308 1857 380 1885 Eden
391 1857 557 1892 pomarium,
571 1864 625 1884 non
635 1857 935 1893 materiatisstirpihus,
952 1860 999 1886 sed

211 1903 326 1938 spiritus
339 1909 468 1937 tanquam
485 1903 621 1930 fructibus
641 1904 743 1938 pictum
761 1908 788 1930 et
799 1909 937 1938 ornatunt,
952 1905 999 1933 ubi

210 1949 315 1984 fragrat
330 1949 420 1975 vitalis
432 1949 510 1981 odor,
526 1949 571 1976 ubi
584 1957 695 1984 serpens
712 1957 766 1976 non
786 1950 885 1978 vulnus
897 1951 998 1983 intulit,

210 1994 257 2022 sed
270 1994 385 2029 accepit,
397 2001 451 2021 non
463 1995 559 2030 exegit,
574 1995 619 2022 sed
636 1999 676 2027 ut,
687 2003 735 2030 par
744 2000 813 2028 erat,
830 1997 1000 2031 proscriptus

209 2046 262 2069 est.
280 2041 341 2068 Jam
356 2049 417 2068 cutn
435 2041 491 2068 tneo
515 2041 621 2068 Domini
651 2041 687 2068 sit
704 2042 837 2069 sententia
852 2052 859 2069 :
879 2042 999 2078 Regnum

210 2087 335 2114 cwlorum
351 2088 423 2114 intra
437 2095 481 2113 vos
492 2092 529 2114 est
539 2087 574 2118 ⁸¹,
587 2095 640 2114 non
665 2087 798 2114 erraverit
827 2088 873 2122 qui
888 2089 999 2116 cmleste

210 2141 324 2168 regnum
340 2141 388 2161 eos
414 2137 562 2168 nuncupet,
590 2133 617 2159 in
641 2133 741 2168 quibus
761 2133 896 2169 benignus
929 2135 1000 2163 resi-

209 2179 277 2207 dens
298 2178 380 2211 Deus,
403 2187 454 2207 ceu
485 2187 532 2206 rex
547 2180 659 2214 quidam
688 2179 844 2211 muniﬁcus.
866 2181 996 2209 donativa

208 2225 312 2252 tribuat
329 2225 355 2251 in
371 2232 475 2252 servos.
496 2225 566 2258 Quid
583 2225 712 2261 deinceps
728 2227 794 2254 mihi
809 2235 870 2254 cum
892 2227 935 2255 his
951 2228 998 2255 de-
1015 2222 1036 2249 Ῑ)

210 2271 286 2298 texis
299 2271 391 2306 regiis,
408 2271 460 2298 levi
485 2271 582 2306 gloria,
603 2276 752 2307 ventreque
770 2274 893 2308 perituro
906 2275 918 2301 ’ἶ
932 2275 996 2309 quid

209 2325 271 2343 cum
282 2324 360 2349 auro,
379 2321 505 2351 argento,
521 2317 665 2351 peliucidis
681 2318 814 2350 vestibus,
827 2325 854 2346 et
870 2327 930 2353 qua:
943 2320 997 2347 alia

209 2366 274 2390 sunt
290 2362 369 2389 tinea:
380 2362 479 2396 pabula
495 2363 506 2389 '.'
520 2362 586 2396 quid
600 2370 661 2389 cum
684 2363 792 2398 plausu,
815 2365 949 2397 susurris,
965 2373 996 2393 ac

209 2408 283 2435 inani
305 2415 415 2435 sursum
431 2408 557 2436 deorsum
572 2410 733 2437 vectationis
743 2410 833 2438 studio
843 2411 854 2437 ?
865 2410 997 2446 Equidem

209 2462 259 2482 ttec
282 2455 362 2489 digna
377 2459 441 2482 sunt
472 2456 689 2490 comparatione,
706 2456 757 2483 nisi
780 2464 842 2491 quae
868 2462 909 2484 est
927 2457 997 2486 lucis

207 2508 271 2528 cum
287 2500 418 2533 tenebris,
445 2501 505 2528 vita:
520 2509 580 2528 cum
597 2506 694 2533 morte,
723 2502 847 2530 veritatis
873 2512 935 2531 cum
956 2505 999 2531 in-

208 2547 335 2574 somniis.
355 2546 421 2580 Qua:
441 2555 505 2573 cum
522 2547 558 2574 ita
577 2548 642 2578 sint.
661 2547 759 2575 fratres
773 2567 780 2580 ,
799 2549 928 2584 gaudium
945 2551 999 2586 agi-

208 2597 296 2620 temus
310 2593 405 2628 ingens
418 2597 445 2619 et
477 2593 593 2624 illustre,
609 2593 656 2627 qui
682 2594 816 2627 potiorem
837 2596 909 2623 nacti
933 2604 998 2631 par-

208 2643 273 2670 tem,
297 2638 364 2664 tanti
387 2638 472 2672 stirpe
499 2638 608 2672 generis
640 2645 803 2665 censeamttr
830 2641 935 2674 selecti,
965 2650 998 2670 ac

210 2683 350 2711 nobilitate
364 2682 458 2717 fulgidi
478 2684 580 2710 divina.
597 2683 666 2716 Quin
685 2685 776 2712 aemuli
797 2693 907 2722 quoque
921 2688 997 2716 cmu-

252 2771 276 2786 “
294 2770 373 2798 Rom.
389 2779 425 2802 vt,
438 2771 495 2797 9-4.
534 2771 556 2786 ⁸³
572 2771 639 2798 Luc.
657 2780 722 2804 xm,
734 2772 779 2798 “ll.

807 154 836 195 S-
853 154 1052 184 THEODORI
1067 155 1243 186 STUDthE

1788 156 1842 188 filii

1050 211 1204 245 exemplum
1221 216 1285 238 sunt
1301 211 1391 239 nobis.
1411 210 1515 238 Videtis
1538 211 1601 246 quid
1618 212 1762 239 admiserit
1777 220 1844 247 pec-

1050 263 1142 285 catum
1170 258 1306 292 appetitus
1327 258 1470 285 oculorum
1487 277 1494 289 ,
1522 265 1554 285 ac
1588 258 1748 292 impotentia
1760 259 1844 286 vitae?

1051 303 1102 330 Sed
1116 307 1205 330 tamen
1219 307 1250 330 ut
1268 303 1426 338 praedictum
1452 308 1505 336 est,
1519 303 1568 331 Dei
1588 304 1777 331 misericordia
1802 312 1843 332 re-

1051 350 1140 378 vocati
1167 354 1194 377 et
1207 350 1317 383 asserti,
1340 351 1367 377 in
1384 350 1559 385 adoptionem
1584 350 1728 378 rediimus.
1745 351 1844 385 Itaque

1051 395 1234 423 consistamus
1268 395 1296 422 in
1323 395 1449 423 libertate
1477 396 1504 422 in
1527 403 1610 430 quam
1640 403 1690 424 nos
1713 396 1843 424 Christus

1050 442 1210 474 vindicavit,
1226 449 1259 469 ac
1273 450 1327 477 qua
1342 441 1376 469 ab
1387 449 1419 469 eo
1431 442 1601 470 cohonestati
1617 450 1713 470 sumus
1725 442 1842 476 gloriam

1052 493 1189 522 tueamur,
1211 493 1309 516 cuncta
1326 488 1384 515 haec
1400 487 1493 515 inania
1512 492 1793 523 respuentes,cuncta
1807 488 1845 514 ob

1051 533 1190 561 Christum
1223 534 1249 561 in
1279 534 1408 562 secundis
1437 533 1569 561 habentes
1588 553 1596 564 ,
1620 542 1668 561 seu
1697 534 1843 561 infamiam

1051 588 1102 615 pro
1123 581 1237 613 honore,
1254 589 1301 607 sett
1326 580 1531 608 aﬂiictationem
1546 588 1596 616 pro
1619 581 1774 616 triumpho,
1793 589 1844 609 seu

1052 626 1165 654 verbera
1179 634 1229 662 pro
1252 626 1368 658 deliciis,
1387 634 1435 654 seu
1452 626 1684 661 oppugnationem
1706 634 1754 659 pro
1777 626 1848 654 bea-

1052 674 1178 706 titudine,
1201 681 1249 700 seu
1273 678 1388 700 mortem
1412 680 1461 708 pro
1476 673 1533 700 vita
1547 672 1690 705 ducentes,
1706 673 1845 706 quemadn

1053 719 1164 746 modum
1186 723 1212 746 et
1236 719 1385 754 protulere,
1400 726 1470 754 quos
1484 718 1567 746 hodie
1582 718 1762 750 recoluimus,
1785 718 1842 745 SS.

1052 765 1148 793 Patres
1178 764 1331 800 fratresque
1358 765 1458 797 nostri,
1493 772 1610 800 quorum
1635 768 1700 792 sunt
1724 765 1751 791 in
1780 764 1846 792 vita:

1052 811 1125 839 libro
1135 812 1258 838 nomina.
1281 811 1342 844 Quo
1359 818 1411 838 nos
1425 818 1536 846 quoque
1548 810 1669 837 ittenndo
1687 810 1749 837 vitm
1764 809 1848 837 insti-

1053 862 1122 889 tuto,
1143 865 1206 885 cum
1240 857 1286 884 hic
1316 861 1446 892 tanquam
1476 856 1624 884 luminaria
1647 856 1846 891 apparebimus

1052 906 1080 933 in
1109 905 1215 936 orbem,
1244 905 1308 931 vitae
1340 904 1427 930 instar
1454 903 1596 935 habentes,
1615 906 1673 929 tum
1705 902 1731 929 in
1747 901 1846 929 futuro

1052 951 1153 980 smculo
1170 951 1283 979 caeleste
1309 958 1423 985 regnum
1456 949 1625 977 erciscemttr
1639 956 1686 983 per
1698 948 1845 975 Christum

1051 997 1145 1025 Jesum
1162 997 1307 1024 Dominum
1322 1000 1446 1024 nostrum
1464 1017 1470 1029 ,
1490 995 1533 1023 cui
1548 995 1634 1030 gloria
1650 999 1677 1022 et
1696 994 1847 1028 imperium

1051 1051 1114 1071 cum
1133 1043 1224 1075 Patre,
1239 1050 1271 1070 ac
1289 1046 1384 1070 sancto
1399 1041 1514 1075 Spiritu,
1538 1049 1623 1074 nunc,
1643 1045 1671 1068 et
1684 1048 1795 1075 semper
1813 1041 1845 1067 in

1051 1097 1216 1125 omnemque
1230 1088 1452 1125 perpetuitatem.
1467 1088 1565 1116 Amen.

1340 1179 1450 1207 ΛΟΓΟΣ
1471 1179 1540 1206 MA'.

1050 1229 1120 1264 Περὶ
1133 1227 1186 1255 τοῦ
1200 1226 1380 1264 ἀναθεωρεῖν¹
1393 1225 1475 1264 ᾐιίᾶς
1487 1224 1558 1264 τοὺς
1568 1225 1658 1264 ,βζους
1677 1222 1738 1249 τῶν
1751 1222 1848 1264 Πειςᾷ-

1082 1259 1161 1299 ῥων’
1189 1263 1264 1299 πρὸς
1293 1259 1326 1289 τὸ
1351 1259 1463 1295 ζηλοῦν
1488 1259 1525 1287 τὰ
1554 1260 1667 1286 τούτων
1694 1259 1849 1292 κατορθώ-

1083 1298 1164 1334 ματα
1178 1298 1264 1334 (10“).

1092 1357 1214 1392 Ἀδελφοὶ
1238 1356 1287 1383 καὶ
1311 1354 1453 1390 Πατέρες·
1472 1354 1501 1379 ὲν
1515 1352 1627 1384 ταύταις
1648 1353 1710 1382 ταῖς
1723 1351 1850 1386 ἡμέραις

1050 1401 1144 1438 ἐπειδὴ
1163 1401 1386 1435 ἀναγινώσκομεν
1404 1399 1468 1430 τοὺς
1484 1397 1558 1433 βίους
1576 1397 1632 1423 τῶν
1648 1396 1733 1431 ἁγίων
1755 1396 1850 1422 Πατέ-

1050 1456 1106 1483 ρων
1127 1446 1217 1482 ἡμῶν,
1233 1447 1300 1481 ὅσης
1317 1444 1450 1480 ὠφελείας
1471 1442 1656 1477 ἀπολαύομεν,
1677 1441 1725 1468 καὶ
1740 1441 1851 1476 ὀπός-ης

1050 1493 1221 1529 εὐφροσύνης
1244 1490 1500 1527 μεταλαμϐάνομεν,
1525 1489 1586 1516 οὐδὲ
1609 1489 1683 1514 ἔστιν
1697 1489 1804 1514 εἰπεῖν·
1821 1488 1851 1513 τί

1050 1539 1105 1575 γᾲρ
1114 1539 1292 1574 γλυκύτερον,
1306 1537 1368 1564 ειπέ
1382 1545 1438 1572 μοι,
1448 1536 1496 1563 τοῦ
1508 1535 1674 1569 ἀναθεωρεῖν
1685 1533 1733 1565 τὰς
1740 1533 1851 1560 τούτων

1050 1586 1202 1617 ἀθανάτους
1227 1584 1358 1620 πράξεις,
1376 1583 1412 1610 τά
1433 1591 1463 1610 τε
1486 1581 1624 1616 θαύματα,
1640 1580 1688 1607 καὶ
1713 1580 1746 1607 τὰ
1773 1580 1852 1607 κατὰ

1050 1632 1105 1659 τῶν
1131 1631 1266 1666 δαιμόνων
1285 1629 1453 1665 νικητήρια;
1478 1627 1555 1662 Ἐμοὶ
1572 1627 1646 1653 δοκεῖ
1672 1625 1765 1656 λίθους
1793 1626 1852 1651 ὲπ-

1052 1678 1228 1706 αισθάνεσθαι
1244 1676 1295 1712 τῆς
1307 1675 1452 1710 ὠφελείας,
1471 1674 1507 1710 μὴ
1520 1676 1561 1702 ὅτι
1573 1681 1605 1708 γε
1618 1672 1728 1706 λογικὸν
1743 1671 1852 1706 ἄνθρω-

1051 1733 1112 1752 πον.
1135 1723 1276 1751 Ἐντεῦθεν
1290 1721 1336 1749 οὖν
1353 1721 1500 1757 φωτίζεται
1517 1720 1580 1752 νοῦς
1596 1718 1741 1754 ἀνθρώπου
1752 1737 1760 1749 ,
1777 1718 1851 1744 ἀπο-

1051 1771 1194 1805 τιθέμενος
1206 1770 1236 1795 τὸ
1249 1769 1299 1804 τῆς
1311 1768 1413 1804 σαρκὸς
1427 1766 1544 1801 ζοφῶδες
1561 1765 1689 1801 φρόνημα
1699 1773 1708 1780 ο
1720 1763 1852 1790 ἐντεῦθεν

1051 1815 1252 1842 κατανύσσεται
1267 1812 1352 1848 ψυχὴ,
1366 1810 1590 1846 ἀναπτερουμένη
1609 1810 1678 1845 πρὸς
1692 1808 1764 1836 θεῖον
1778 1808 1852 1843 ἐρω-

1051 1869 1095 1888 τα,
1112 1860 1168 1885 Καὶ
1185 1859 1210 1885 εἰ
1228 1858 1270 1884 δεῖ
1281 1856 1479 1892 τάληθέστερον
1493 1856 1597 1882 εἰπεῖν·
1616 1851 1690 1880 οὗτοί
1702 1855 1773 1880 εισιν
1787 1854 1802 1879 ό
1821 1854 1852 1879 ἐν

1057 1902 1138 1937 Ἐδὲμ
1152 1901 1316 1937 παράδεισος
1327 1900 1373 1927 τοῦ
1386 1899 1464 1931 Θεοῦ,
1476 1900 1525 1926 οὐκ
1537 1898 1642 1930 ὲνὺλοις
1654 1899 1762 1932 φυτοῖς,
1779 1897 1853 1924 ἀλλὰ

1050 1952 1108 1982 τοῖς
1137 1951 1253 1985 καρποῖς
1281 1949 1327 1976 τοῦ
1355 1948 1511 1983 πνεύματος
1529 1946 1719 1981 ποικιλόμενός
1743 1955 1776 1972 τε
1799 1947 1852 1972 καὶ

1051 1996 1246 2031 ὡραῖζόμενος,
1264 1995 1328 2021 ἔνθα
1345 1994 1412 2029 πνοὴ
1431 1994 1505 2028 ζωῆς
1522 1992 1725 2023 εὐωδιάςουσα·
1744 1992 1793 2018 καὶ
1817 1988 1851 2018 οὗ

1051 2042 1112 2076 ὄφις
1137 2042 1187 2068 οὐκ
1212 2041 1341 2075 ἔτρωσεν,
1356 2039 1415 2066 ἀλλ⁹
1429 2038 1535 2074 ἐτρώθη
1547 2047 1554 2054 ·
1572 2037 1635 2065 οὔτε
1656 2037 1770 2071 ἑξωσεν,
1787 2037 1851 2063 ἀλλ’

1052 2086 1270 2122 ἐξωστρακίσθη,
1286 2085 1381 2120 ὥσπερ
1396 2083 1430 2120 ἦν
1439 2085 1531 2117 ἄξιον·
1547 2084 1594 2111 καὶ
1609 2084 1633 2110 εἰ
1649 2083 1720 2109 κατὰ
1737 2083 1784 2110 τὸν
1800 2083 1850 2109 λό-

1051 2143 1098 2169 γον
1110 2134 1237 2169 Κυρίου,ι
1250 2133 1280 2162 Ἠ
1288 2133 1433 2165 ,βασιλεία
1443 2131 1504 2158 τῶν
1516 2130 1653 2165 οὐρανῶν
1665 2130 1755 2162 ἐντὸς
1762 2130 1852 2164 ὑμῶν

1052 2182 1147 2214 ἐστιν,
1164 2190 1173 2206 ι
1193 2181 1243 2206 οὐκ
1255 2179 1289 2206 ἄν
1305 2188 1347 2211 τις
1363 2179 1482 2213 ἁμάρτοι
1500 2178 1547 2204 καὶ
1565 2177 1705 2212 βασιλείαν
1721 2177 1851 2212 οὐρανῶν

1053 2227 1151 2259 αὐτοὺς
1166 2226 1339 2257 ἀποκαλέσας
1352 2234 1358 2240 ”
1374 2226 1402 2252 ὲν
1412 2222 1453 2256 οἷς
1466 2226 1479 2251 ὁ
1493 2223 1594 2258 ἀγαθὸς
1610 2223 1677 2254 Θεὸς
1690 2223 1771 2258 ἡμῶν
1783 2223 1852 2250 ἁνα-

1054 2275 1241 2309 παυσάμενος,
1253 2270 1296 2300 οἵά
1309 2281 1352 2304 τις
1363 2272 1489 2307 βασιλεὺς
1501 2270 1658 2305 φιλόδωρος,
1673 2271 1731 2301 τοῖς
1747 2270 1851 2296 ἑαυτοῦ

1053 2320 1203 2355 θεράπουσι
1227 2318 1348 2353 διανέμει
1377 2317 1411 2343 τὰ
1433 2317 1601 2351 χαρίσματα.
1621 2315 1654 2341 Τί
1677 2323 1725 2348 μοι
1751 2315 1852 2342 λοιπὸν

1053 2367 1121 2402 πρὸς
1133 2366 1218 2393 ταῦτα
1231 2365 1266 2392 τὰ
1279 2365 1353 2391 κάτω
1367 2363 1500 2398 βασίλεια,
1516 2361 1564 2388 καὶ
1575 2361 1605 2388 τὸ
1616 2361 1693 2387 κενὸν
1707 2360 1849 2396 δοξάριον,

1049 2415 1096 2442 καὶ
1117 2414 1133 2448 ἡ
1150 2410 1361 2446 καταργουμὲνη
1380 2408 1488 2440 κοιλίας
1511 2407 1538 2433 τι
1561 2408 1588 2434 δὲ
1609 2409 1622 2434 ό
1646 2408 1749 2442 χρυσὸς
1768 2408 1820 2434 καὶ
1835 2409 1851 2434 ὸ

1049 2462 1180 2497 ἄργυρος,
1192 2459 1239 2486 καὶ
1251 2459 1284 2485 τὰ
1298 2457 1415 2492 διαφανῆ
1427 2455 1632 2491 περιδλήματα,
1649 2454 1697 2481 καὶ
1711 2455 1764 2482 ὅσα
1777 2455 1851 2482 ἄλλα

1050 2506 1131 2542 σητός
1145 2507 1204 2531 ἐστι
1218 2503 1418 2538 δαπανήματα;
1434 2501 1460 2527 τι
1475 2500 1504 2527 δὲ
1525 2502 1539 2528 ὁ
1553 2500 1649 2535 κρότος
1665 2500 1713 2526 καὶ
1734 2501 1749 2526 ὁ
1764 2500 1852 2536 θόρυ-

1049 2552 1106 2585 ϐος,
1124 2551 1170 2578 καὶ
1191 2551 1240 2585 τῆς
1258 2550 1314 2576 ἄνω
1328 2549 1374 2575 καὶ
1388 2548 1464 2575 κάτω
1482 2548 1634 2582 περιφορᾶς
1650 2547 1667 2581 ή
1691 2555 1851 2581 ματαιοποα

1050 2598 1114 2631 vict;
1130 2597 1185 2633 ἄρα
1200 2596 1260 2622 οὐδὲ
1277 2593 1432 2630 παραϐολῆς
1460 2593 1530 2619 εἰσιν
1545 2593 1607 2626 ἄξια
1618 2613 1625 2626 ,
1652 2593 1669 2628 ἢ
1693 2593 1759 2619 ὅσον
1786 2594 1851 2627 φῶς

1051 2644 1119 2679 πρὸς
1143 2642 1249 2674 σκότος,
1274 2641 1321 2667 καὶ
1344 2640 1400 2675 ζωὴ
1422 2640 1490 2675 πρὸς
1510 2639 1633 2671 θάνατον,
1655 2639 1704 2665 καὶ
1728 2639 1851 2674 ἀλήθεια

1050 2689 1119 2725 πρὸς
1139 2689 1275 2724 ὀνείρατα.
1291 2686 1395 2713 Οὐκοῦν
1416 2685 1477 2712 ἐπεὶ
1491 2685 1578 2712 ταῦτα
1595 2684 1681 2716 οὕτως
1696 2683 1767 2720 ἔχει,
1781 2687 1849 2720 χαί-

243 2826 316 2864 (10f)
331 2826 489 2864 Cate_cltesis
503 2827 563 2864 haec
578 2833 684 2854 XXXVII“
709 2832 749 2855 est
767 2827 792 2854 in
809 2827 868 2855 cod.
881 2827 910 2854 8|
926 2826 996 2862 apud
1012 2826 1131 2861 Nanios,
1156 2837 1182 2864 ιι.
1200 2829 1259 2860 liii,
1277 2829 1322 2856 ubi
1347 2829 1451 2864 primus
1466 2830 1558 2858 tilultts
1581 2830 1616 2857 ita
1630 2838 1659 2858 sc
1671 2830 1755 2858 habet
1770 2841 1776 2858 :
1795 2832 1845 2863 Et;

207 2860 270 2892 τοὺς
287 2861 360 2896 βίους
371 2861 424 2888 τῶν
438 2862 575 2897 Πατέρων.
