1916 3075
70 221 156 249 ρωμεν,
171 209 287 244 ἀδελφοὶ,
302 208 372 243 χαρᾷ
381 206 566 240 ανεκλαλήτφ,
575 205 623 232 καὶ
633 204 829 239 δεδοξασμένῃ·
848 207 869 234 Α

68 260 100 285 δτι
116 257 161 292 τῆς
180 255 329 290 κρείττονος
347 253 446 289 μοιρᾶς
463 251 613 286 ἐτύχομεν
629 250 675 276 καὶ
691 250 733 276 ὅτι
745 248 833 275 τοιού-

68 314 106 331 του
125 304 215 337 γένους
233 301 342 336 σπέρμα
358 298 583 335 χρηματίζομενη
602 297 698 331 γένους
720 295 768 321 τοῦ
788 295 834 320 ὲκ-

69 349 148 376 Αεκτοῦ
168 349 213 375 καὶ
230 348 262 382 τῇ
281 346 341 381 θείᾳ
354 344 479 380 εὐγενείᾳ
496 342 788 378 ὐπεραστράπτοντος·
805 340 835 366 οὐ

71 395 113 430 μὴν
130 393 193 421 ἀλλὰ
211 392 257 418 καὶ
280 389 484 425 ζηλοτυποῦμεν
511 387 572 414 καθ’
592 387 654 413 ὅσον
677 383 733 411 οἷόν
751 392 781 410 τε
802 382 837 409 τὰ

69 428 162 465 ἐκτίνων
180 435 379 471 κατορθώματα
391 441 397 448 ·
415 433 453 464 ὡς
472 432 505 459 ἄν
531 431 568 466 μὴ
591 430 668 457 κενὸν
687 429 773 463 ὄνομα
787 428 835 462 φέ-

71 491 154 518 ρωμεν
179 482 318 517 μόρφωσιν
332 479 381 513 μὲν
395 477 537 508 εὐσεϐείας
553 477 670 511 ἔχοντες·
688 475 737 510 τὴν
751 474 779 500 δὲ
793 473 837 499 δύ-

70 536 135 562 ναμιν
145 527 225 562 αὐτῆς
239 525 398 561 ἠρνημένοι.
410 521 560 557 Τοιγαροῦν
577 521 670 555 ὥσπερ
683 521 713 546 ἐν
729 518 837 552 ἰατρείῳ

70 575 102 601 ὃτι
113 573 218 603 ἕκαστος
235 571 303 606 πρὸς
316 570 365 604 τὴν
380 568 483 596 οἰκείαν
495 567 636 594 ἀσθένειαν
652 566 681 592 τὸ
694 565 838 600 φάρμακον

70 620 201 653 ἐκλέγεται,
213 618 258 644 τὸν
273 616 354 644 αὐτὸν
367 616 399 650 δὴ
412 615 511 649 τρόπον
523 613 571 639 καὶ
585 613 675 648 ἡμεῖς,
692 611 760 645 πρὸς
775 610 837 641 τοὺς

70 664 195 698 ἀμπαγεῖς
214 661 424 692 ἀποϐλέποντες,
441 657 566 685 ἐντεῦθεν
579 655 756 690 ποριξώμεθα
773 655 838 680 ἕκα-

71 718 120 741 στος
131 709 158 735 τδ
171 708 317 742 ὠφέλιμον.
333 705 429 732 Τοίνυν
451 703 505 738 ὲγὼ
528 703 541 728 ὁ
556 701 675 734 ἄναξιος,
689 700 757 736 πρὸς
775 699 838 730 τοὺς

70 755 179 787 ἁξιοθέως
191 763 234 780 ποι
239 754 376 789 μάναντας
384 760 390 767 ·
403 753 418 778 ὁ
427 750 568 784 οἰκονόμος
581 748 649 784 πρὸς
659 747 723 778 τοὺς
735 745 838 777 πιστῶς

70 802 107 828 καὶ
121 801 253 835 φρονίμως
277 798 509 833 οἰκονομήσαντας
521 804 527 810 ·
545 797 559 822 ὁ
579 793 752 829 κελλαρίτης,
771 792 838 827 πρὸς

69 848 119 878 τοὺς
131 846 306 881 εὑδιακρίτως
320 845 367 871 καί
382 842 573 873 εὐσυνειδότως
584 839 820 874 κελλαρεὺσαντας
830 845 837 852 ⁸

68 893 139 923 οὕτως
151 893 164 919 ὁ
179 891 345 926 κανονάρχος
359 889 407 916 καὶ
423 887 560 921 ξενοδόκος
569 895 577 902 ·
590 885 675 916 οὕτως
687 885 701 910 ὀ
711 883 837 919 ὀψοποιδς
854 880 874 907 Β

69 939 105 963 καὶ
122 939 135 964 ὸ
157 936 351 972 ἀριστητάριος
362 943 368 949 ·
392 933 480 965 οὕτως
495 933 610 963 ἕκαστος
626 932 655 957 ἐν
675 931 708 965 τῇ
734 929 836 964 ἑκάστῃ

68 983 171 1017 διακονίᾳ
182 983 355 1017 ταττόμενος.
374 981 493 1014 Ἐχομεν
502 979 566 1013 γὰρ,
576 979 601 1004 εἰ
617 976 791 1011 βουλοίμεθα,
802 975 838 1002 τὰ

69 1029 269 1063 παραδείγματα.
284 1027 374 1063 Μήτις
385 1024 431 1053 οὖν
440 1026 486 1051 ἐπὶ
498 1024 574 1060 πάσῃ
584 1024 722 1058 παρακοῇ,
736 1021 793 1048 ἀλλ’
806 1022 837 1047 ὲκ

69 1073 161 1108 πρώτης
175 1074 299 1108 κλήσεως
326 1073 343 1107 ἡ
363 1071 515 1105 ἀπάντησις
526 1078 533 1085 ’
551 1069 582 1096 τὸ
596 1068 650 1103 γὰρ
663 1067 752 1101 λέγειν
762 1074 768 1082 ”
784 1066 837 1092 Μι-
855 1086 863 1089 .

69 1121 120 1155 χρὸν
130 1122 173 1147 καὶ
189 1121 320 1154 πάρειμι·
335 1119 382 1145 καὶ
394 1118 473 1144 τοῦτο
485 1117 532 1142 ἐπὶ
548 1115 595 1142 τοῦ
609 1114 765 1148 οἰκονόμου,
782 1111 837 1138 τῶν

68 1167 205 1194 ὑπευθύνων
217 1166 247 1192 τέ
260 1167 321 1192 ἐστι
336 1165 382 1191 καὶ
399 1163 582 1198 κατακρίτων·
600 1162 681 1196 μήτις
699 1160 836 1194 παραιτη-

70 1222 101 1244 at;
123 1213 255 1244 διακονίας
269 1220 277 1227 ο
303 1211 370 1238 ἀλλὰ
397 1210 478 1245 μέχρι
507 1209 622 1235 θανάτου
643 1207 660 1241 ἡ
681 1205 834 1232 εὐπείθεια·

67 1259 129 1285 τοῦτο
141 1259 191 1294 γὰρ
201 1259 218 1294 ἡ
231 1257 367 1293 μοναχικὴ
382 1256 530 1290 τελειότης·
545 1255 626 1289 μήτις
641 1252 835 1288 μεμψίμοιρος,

67 1306 102 1331 τὴν
116 1306 172 1340 τῇδε
188 1306 273 1332 τόπον
289 1303 513 1338 καταιτιώμενος,
532 1301 570 1332 ὡς
581 1301 632 1326 οὐκ
646 1299 741 1333 ἔχοντα
755 1297 835 1324 τοῦτο

68 1352 167 1378 κάκεῖνο.
193 1352 221 1378 '0
235 1351 292 1386 γὰρ
309 1349 429 1380 τοιοῦτος
441 1347 570 1377 ὑπόδικός
585 1347 643 1372 ἐστι
663 1344 703 1379 τῷ
720 1344 835 1379 κρίματι

68 1396 110 1421 τῶν
128 1398 317 1431 γογγυσὼθτων
337 1396 365 1421 ὲν
381 1396 414 1429 τῇ
429 1393 542 1428 ἐρήμῳ·
559 1389 596 1418 ὧν
609 1390 726 1423 ἐξαίσιος
745 1390 759 1415 ὁ
775 1389 836 1414 ὀλε-

68 1442 117 1476 θρος
128 1451 134 1456 ·
145 1443 209 1469 ἀλλά
219 1451 295 1473 τινες
310 1441 407 1472 ταῦτα,
423 1440 447 1466 οἱ
460 1438 628 1468 ἀπαίδευτοι,
644 1437 668 1462 οἱ
680 1433 837 1469 ἀκαρτέρη-

67 1496 108 1518 τοι,
121 1489 162 1515 καὶ
179 1489 238 1520 ταῖς
251 1487 335 1523 φρεσὶ
347 1485 535 1520 νηπιάζοντες,
550 1481 591 1514 οἷς
604 1482 635 1507 τὺ
647 1479 778 1509 ἀναπνεῖν
792 1477 838 1504 τὸν

624 148 777 179 SElllllt)N
784 147 826 177 ES
846 145 1097 177 CATECIIETICI

1621 140 1671 170 διο

885 209 979 236 gamus
992 207 1099 232 eorum,
1123 202 1255 234 quantum
1274 205 1419 233 possumus
1433 217 1439 229 ,
1455 200 1527 224 recte
1540 196 1622 228 facta,
1639 205 1673 222 ne

886 255 994 275 cassum
1007 254 1103 273 nomen
1117 244 1463 280 geramus,del‘ormatione
1475 243 1579 277 pradili
1592 243 1672 277 pieta-

887 293 932 325 tis,
943 293 997 320 vim
1007 297 1031 320 et
1047 295 1210 327 potestatem
1224 294 1363 325 negantes.
1381 290 1465 324 Igitur
1474 294 1503 317 ut
1523 290 1550 316 in
1563 289 1672 316 ofﬁcina

886 339 941 366 suis
954 339 1071 374 quisque
1088 338 1193 366 morbis
1209 337 1373 365 medicinam
1388 336 1491 370 deligit,
1509 336 1545 362 ita
1561 343 1627 363 sane
1645 340 1672 362 et

887 393 938 412 nos
950 385 978 412 in
994 392 1059 412 Suos
1074 384 1175 419 singuli
1184 388 1313 418 tanquam
1328 382 1442 417 gentiles
1455 381 1592 408 intuentes
1600 389 1673 415 qua:-

887 435 958 458 stnm
973 431 1036 458 inde
1051 430 1259 458 contrahemus.
1276 428 1332 463 Ego
1360 428 1405 455 hic
1420 427 1548 462 indignus
1575 427 1602 453 in
1627 427 1671 452 Dei

888 477 972 504 instar
984 481 1119 511 pastores,
1143 482 1304 502 (economus
1326 474 1354 500 in
1380 473 1533 500 oeconomia
1560 472 1674 499 lideliter

886 523 1088 557 prudenterque
1113 521 1235 554 functos,
1254 518 1488 554 promus-condas
1503 518 1530 545 in
1554 525 1601 545 eos
1620 518 1666 551 qui

887 568 1004 596 discrete
1035 575 1067 595 ac
1094 568 1200 595 sincere
1233 566 1259 593 id
1291 564 1412 592 exsecuti
1452 567 1516 591 sunt
1544 571 1671 590 munus:

887 614 920 641 ad
936 614 1061 641 ettmdem
1088 613 1199 640 modum
1229 611 1412 643 canonarcha,
1432 611 1552 645 hospes.
1589 610 1673 636 obso-

887 665 966 688 nator
982 680 988 691 .
1011 664 1151 690 structor,
1173 657 1272 691 singuli
1306 657 1333 684 in
1363 657 1469 692 singula
1503 655 1590 683 otiicia
1623 655 1671 682 de-

888 705 993 740 scripti.
1010 704 1139 738 Exempla
1160 703 1271 737 quidem
1285 706 1370 732 certe,
1385 701 1408 729 si
1437 701 1575 731 volumus,
1591 700 1674 727 hahe—

887 758 957 778 mus.
975 749 1046 784 Ergo
1061 756 1095 776 ne
1109 756 1163 782 qua
1176 747 1202 774 in
1215 753 1355 781 quoquam
1367 745 1538 773 contumacia
1552 745 1597 776 sit,
1607 743 1673 778 quin

888 796 921 823 ad
941 795 1057 830 primam
1076 792 1298 820 inclamationem
1324 791 1462 818 accurrito
1487 789 1599 824 (quippe
1629 788 1672 814 di-

888 849 950 869 cere
965 850 972 868 :
999 839 1075 866 Mane
1092 838 1183 870 venio,
1211 837 1363 873 praesertim
1379 842 1533 865 oeconomo,
1557 842 1611 861 non
1628 841 1674 860 ca-

889 892 929 914 ret
944 887 1023 922 culpa
1049 891 1077 914 et
1101 885 1225 921 ﬂagitio),
1250 892 1284 911 ne
1312 891 1365 918 qua
1392 882 1474 910 oilicii
1502 881 1672 908 dctrectatiu.

888 933 934 961 scd
952 932 994 960 vel
1009 932 1036 959 in
1065 939 1158 959 necem
1177 930 1331 965 sequacitas
1348 928 1385 962 (id
1411 932 1453 955 est
1478 927 1550 954 enim
1577 933 1672 953 mona-

889 980 959 1006 stica
976 977 1129 1013 perfectio),
1149 985 1182 1003 ne
1194 975 1256 1011 quis
1277 973 1409 1009 querulus
1438 973 1528 1000 locum
1544 972 1617 998 hunc
1633 971 1673 998 iu-

887 1028 974 1056 euset,
992 1028 1021 1050 ut
1036 1023 1094 1050 hate
1108 1023 1208 1056 illaque
1231 1028 1285 1048 non
1302 1020 1457 1047 habentem.
1477 1017 1544 1044 Nam
1559 1017 1603 1044 hic
1621 1017 1674 1043 cri-

889 1070 963 1097 mine
991 1073 1099 1096 tcnetur
1125 1075 1239 1100 eorum,
1260 1066 1308 1102 qui
1329 1066 1357 1093 in
1376 1064 1523 1093 solitudine
1549 1070 1673 1090 murmu-

886 1120 978 1142 rantes
991 1114 1061 1142 [ωδε
1077 1113 1180 1149 periere
1189 1113 1224 1140 ³¹³.
1238 1112 1272 1140 At
1282 1119 1313 1139 ea
1327 1111 1438 1146 quinam
1453 1110 1464 1136 't‘
1482 1108 1595 1140 indocti,
1622 1108 1673 1134 im-

885 1161 1028 1198 patientes,
1043 1165 1133 1188 mente
1159 1159 1247 1195 pueri,
1267 1158 1371 1192 indigni
1383 1157 1432 1192 qui
1455 1156 1498 1183 vel
1516 1162 1607 1183 aerem
1623 1155 1674 1181 du-

885 1212 966 1234 cant:
988 1210 1093 1234 tantum
1114 1206 1192 1233 abest
1218 1209 1248 1232 ut
1281 1204 1326 1231 his
1351 1203 1503 1231 commodis
1535 1201 1670 1228 fruantur.

886 1254 984 1280 Verutn
997 1253 1116 1279 clemens
1132 1251 1204 1279 Deus
1230 1255 1285 1277 ttnn
1316 1249 1426 1276 erudiat
1451 1251 1585 1279 amentes,
1615 1250 1672 1272 tum

888 1300 985 1332 augeat
1000 1296 1143 1331 prudentia
1157 1299 1243 1326 catos,
1255 1301 1405 1328 omnesque
1430 1293 1456 1319 in
1473 1300 1552 1319 suum
1563 1291 1675 1318 cmleste

889 1350 1002 1377 regnum
1014 1345 1157 1368 conservet
1166 1349 1213 1376 per
1220 1340 1358 1368 Christum
1370 1339 1462 1366 Jcsum
1475 1337 1617 1364 Dominum
1628 1344 1675 1363 no.-

889 1390 975 1414 strum
989 1395 995 1413 :
1013 1385 1057 1413 cui
1072 1385 1156 1421 gloria
1167 1385 1348 1420 etimperium
1359 1392 1420 1411 cum
1435 1384 1514 1411 Patre
1526 1390 1557 1409 ac
1572 1382 1675 1408 Sancto

890 1431 1004 1466 Spiritu,
1016 1439 1101 1463 nunc,
1115 1435 1142 1459 et
1158 1438 1276 1466 semper,
1298 1430 1327 1458 in
1351 1436 1516 1464 omnemque
1532 1427 1674 1463 perpetui-

892 1481 973 1504 tatem
980 1497 986 1503 .
1004 1476 1101 1503 Amen.

67 1534 123 1569 ἀέρα
143 1537 188 1562 οὐκ
206 1519 293 1568 ἄξιον,
310 1534 347 1569 μὴ
359 1519 439 1568 forty:
454 1529 589 1557 ⁸τοσούτων
606 1528 753 1556 ἀπολαύειν
770 1523 962 1552 ἀναπαύσεων.
981 1522 1054 1559 Πλὴν
1074 1524 1088 1550 ὁ
1105 1522 1206 1556 ἀγαθὸς
1220 1521 1286 1553 Θεὸς
1310 1520 1388 1556 ἡμῶν
1404 1520 1451 1547 καὶ
1470 1519 1534 1551 τοὺς
1554 1519 1675 1555 ἄφρονας

68 1583 241 1618 σωφρονήσειε,
258 1581 308 1607 καὶ
331 1580 393 1611 τοὺς
410 1577 645 1612 πεπαιδεύμενους
672 1574 713 1600 ἑτι
739 1571 904 1604 συνετίσειε,
925 1571 971 1597 καὶ
992 1570 1096 1600 πάντας
1112 1568 1208 1595 σώσειε
1228 1569 1266 1600 εἰς
1282 1569 1332 1602 τὴν
1357 1567 1495 1602 βασιλείαν
1524 1566 1606 1593 αὑτοῦ
1626 1566 1675 1602 τὴν

68 1611 222 1663 ἐπονράνίον·
235 1611 268 1655 ev
280 1626 391 1661 Χριστῷ
410 1623 498 1660 Ἰησοῦ
513 1623 551 1658 τῷ
570 1622 666 1658 Κυρίῳ
683 1620 772 1656 ἡμῶν,
789 1617 811 1652 ᾧ
826 1619 842 1652 ὴ
856 1617 919 1650 δόξα
934 1615 982 1643 καὶ¹
996 1616 1026 1642 τδ
1042 1614 1141 1650 κράτος
1166 1615 1215 1643 σὺν
1227 1614 1265 1650 τῷ
1281 1613 1368 1648 [lupi
1389 1613 1437 1640 καὶ
1453 1611 1491 1647 τῷ
1506 1612 1575 1647 ἁγίῳ
1591 1612 1675 1639 Πνεύ-

69 1684 122 1708 tum
131 1684 137 1690 ·
148 1675 192 1702 νῦν
204 1675 252 1702 καὶ
264 1675 320 1705 ἀεὶ,
333 1673 379 1699 καὶ
393 1673 431 1703 εἰς
443 1672 505 1702 τοὺς
520 1670 622 1701 αἰῶνας
633 1668 687 1696 τῶν
698 1666 814 1694 αἰώνων.
837 1664 934 1699 Ἀμήν.

331 1718 447 1748 SERMO
473 1717 554 1745 XLII.
849 1712 870 1742 C

69 1777 94 1804 In
115 1778 288 1813 Chrysostomi
306 1785 337 1803 ac
406 1764 730 1813 Epltrteminttemoriam.
761 1769 835 1813 Nih'il

96 1805 186 1840 beatth
208 1814 233 1839 in
263 1812 388 1839 Immanis
416 1805 512 1846 preter
532 1810 664 1840 virtutem,
694 1814 751 1841 qua:
778 1805 836 1832 sola

95 1848 240 1875 beatitudine
253 1849 337 1882 digna
351 1852 400 1874 est.

96 1893 190 1921 Fratres
210 1893 362 1926 Patrcsquc
375 1911 382 1923 ,
397 1891 537 1918 hominum
552 1887 675 1924 plerique
690 1893 765 1920 opes,
778 1885 834 1920 ple-

69 1939 132 1973 rique
146 1940 303 1975 potentiam,
322 1937 444 1972 plerique
465 1935 587 1965 delicias.
615 1932 738 1968 plerique
758 1930 836 1957 volu-

69 1989 153 2018 ptatem
169 1985 275 2013 beatam
292 1983 451 2019 pradicant.
467 1981 588 2014 Quorum
613 1979 722 2006 beatum
741 1981 783 2004 est
795 1976 835 2002 ni-

69 2029 114 2056 hil:
140 2030 268 2065 siquidem
288 2028 361 2055 haud
402 2031 560 2062 permanent
583 2029 692 2055 mterna,
706 2022 750 2050 sed
773 2029 834 2049 cum

68 2083 113 2102 aevo
138 2076 184 2103 hoc
207 2075 356 2102 intereunt.
374 2072 444 2106 Quin
473 2071 565 2098 nntltis
588 2077 622 2096 ne
651 2069 695 2095 hic
725 2067 834 2102 quidem

68 2120 190 2153 sudecere,
204 2121 318 2155 visaque
332 2123 395 2146 sunt
411 2116 504 2149 simul,
516 2120 543 2143 et
561 2115 646 2142 instar
665 2113 763 2141 somnii
775 2120 836 2147 pns-

68 2173 184 2193 sessoretn
196 2166 301 2201 fugere.
317 2164 380 2191 Sola
394 2163 474 2198 digna
489 2165 531 2189 est
549 2159 716 2188 beatitudine
737 2159 835 2190 virtus,

68 2218 116 2243 quae
128 2211 324 2239 etimmortalis
336 2209 465 2237 habeatur
475 2212 501 2235 et
522 2215 551 2235 se
566 2205 720 2235 obtinentes
742 2204 836 2231 beatos

68 2256 177 2289 pratbeat.

96 2301 153 2330 Nam
172 2303 303 2330 obeamus
322 2301 413 2328 animo
440 2303 507 2335 quot
523 2297 557 2326 ab
577 2305 634 2326 aevo
656 2300 836 2332 praepotentes

68 2354 94 2374 ac
113 2348 241 2376 delicaluli
270 2348 358 2379 fuere,
388 2353 504 2381 quorum
533 2344 635 2372 nullius
660 2347 747 2370 exsmt
774 2350 836 2370 cuin

68 2392 133 2421 laude
159 2394 308 2422 memoria:
325 2397 451 2420 cmterum
477 2391 575 2417 virtute
593 2389 768 2424 pratditorum
796 2389 838 2415 in-
853 2379 875 2405 ι)

69 2441 181 2466 exstincta
198 2439 284 2474 gloria
302 2442 353 2465 est.
371 2436 485 2463 Evidens
504 2436 531 2462 id
545 2438 631 2463 estex
650 2434 683 2461 iis
699 2442 758 2468 quae
770 2434 838 2460 acti-

69 2489 154 2512 temus:
172 2485 228 2512 lteri
242 2485 354 2512 beatum
372 2482 598 2517 Cltrysostomum
619 2479 835 2507 celebravimus:

70 2528 135 2558 hodie
156 2531 326 2566 pmlustrem
347 2528 531 2564 Ephrazmum,
549 2535 610 2554 cras
639 2526 722 2553 aliutn
740 2533 755 2552 e
773 2532 838 2552 san-

69 2576 118 2608 ctis,
135 2583 164 2603 ac
177 2577 216 2604 sic
229 2577 257 2603 in
278 2582 380 2602 annum
395 2581 443 2601 ceu
457 2572 603 2600 luminaria
623 2571 708 2599 coorti
731 2571 782 2598 sub
796 2570 836 2597 Γε-

70 2623 111 2652 Sla.
131 2621 155 2648 in
178 2621 274 2648 laudes
289 2627 337 2647 ora
351 2618 474 2646 omnium
492 2618 610 2650 solvunt,
630 2617 786 2651 nostrisque
801 2616 833 2642 ad

72 2663 139 2693 Deum
154 2667 291 2701 gressibus
317 2665 475 2700 praelucent.
493 2663 562 2690 Vera
585 2663 643 2689 luec
659 2662 742 2696 igitur
757 2668 834 2688 sacra

71 2712 185 2740 sententia
200 2716 257 2739 est:
278 2711 349 2744 Quos
361 2710 501 2743 prwscieit,
523 2713 546 2735 et
561 2708 759 2742 prwtlestinavit
772 2715 836 2733 con-

73 2757 149 2790 [ormcs
163 2760 218 2794 ﬁeri
238 2759 362 2794 imaginis
382 2758 446 2785 Filii
469 2758 522 2789 sui,
540 2757 631 2791 ulipsc
656 2757 689 2782 sit
707 2756 835 2790 primoge-

99 2869 198 2898 “Nuui.
219 2879 275 2903 xvi,
297 2871 323 2898 Ι.
366 2870 388 2888 ⁸⁸
405 2870 483 2899 liom.
499 2876 556 2903 \‘Ill,
573 2868 617 2895 50.
663 2867 684 2884 "
696 2869 792 2898 Matth.
811 2879 870 2904 xnt,

888 1710 959 1737 nitus
988 1710 1015 1735 in
1048 1707 1138 1735 multis
1151 1706 1279 1740 fratribus
1293 1714 1303 1738 ,'
1318 1714 1382 1741 quos
1398 1710 1485 1733 autem
1500 1707 1674 1740 pra'destina-

886 1755 933 1786 vit,
950 1754 996 1780 Iros
1010 1758 1034 1780 et
1051 1754 1171 1786 vocat-it;
1188 1757 1213 1779 et
1237 1760 1300 1786 quos
1318 1751 1429 1784 vocavit,
1443 1752 1489 1778 Iros
1505 1756 1528 1778 et
1540 1752 1676 1786 justiﬁca-

886 1801 921 1827 ei!
935 1809 944 1832 ;
959 1808 1023 1835 quos
1037 1804 1123 1826 autent
1137 1799 1309 1833 justiﬁeavit,
1335 1797 1394 1824 illos
1416 1802 1440 1823 et
1463 1797 1622 1832 gluriﬁcavit
1641 1797 1674 1824 ⁸⁵.

886 1846 957 1879 Quid
974 1853 1039 1880 ergo
1053 1845 1085 1872 ad
1100 1845 1157 1872 haec
1172 1844 1288 1871 dicimus
1299 1844 1310 1870 ?
1322 1851 1387 1870 num
1402 1843 1552 1870 vocationis
1577 1843 1637 1878 ejus
1650 1848 1676 1870 et

888 1891 1000 1919 honoris
1014 1898 1110 1918 sutnus
1136 1889 1283 1918 exsortes?
1297 1888 1474 1924 Nequaquam
1493 1898 1499 1915 :
1512 1889 1577 1923 quin
1592 1894 1634 1916 est
1650 1895 1676 1916 et

888 1936 953 1962 nihil
970 1935 1049 1963 nobis
1062 1943 1124 1963 cuin
1143 1935 1284 1970 crucigera
1305 1935 1371 1966 vita.
1391 1939 1446 1961 tum
1468 1934 1604 1961 beatitatis
1625 1934 1674 1961 ho-

887 1982 1042 2009 norarium:
1056 1981 1155 2016 quippe
1168 1980 1277 2008 obimus
1293 1980 1319 2006 in
1337 1980 1407 2007 hanc
1422 1980 1516 2006 horam
1533 1987 1581 2014 pro
1595 1979 1675 2006 Chri-

887 2032 930 2055 sto
949 2028 1108 2058 discrimen,
1127 2031 1225 2062 praeter
1249 2026 1404 2060 superiores
1425 2025 1541 2060 egregia:
1567 2025 1675 2053 confes-

888 2073 973 2100 sionis
988 2071 1152 2106 triumphos.
1171 2070 1193 2097 0
1208 2070 1396 2097 admirandam
1418 2070 1544 2097 virtutem
1561 2071 1567 2096 !
1585 2071 1674 2106 qualia

887 2119 945 2145 suis
963 2118 1115 2145 cultoribus
1130 2115 1432 2151 largitur?Atqueluec
1453 2115 1572 2142 indidem
1589 2124 1654 2143 sane
1668 2125 1675 2143 :

887 2163 952 2198 quid
968 2170 1032 2190 vero
1048 2163 1075 2189 in
1090 2162 1184 2188 futuro
1200 2160 1320 2188 szeculo?
1340 2161 1438 2194 Ecqua‘t
1457 2168 1516 2188 eam
1531 2161 1675 2188 beatitudi-

888 2217 948 2237 nem
973 2215 999 2236 ει
1024 2209 1153 2236 adoream
1180 2212 1346 2242 exsequatur
1376 2207 1485 2234 oratio?
1510 2208 1543 2234 de
1568 2207 1675 2241 quaait

889 2254 1043 2281 Dominus:
1073 2252 1145 2279 Tunc
1164 2252 1232 2287 justi
1250 2251 1386 2286 fulgebunt
1418 2251 1485 2278 sicut
1505 2252 1546 2278 σοι
1563 2251 1596 2284 ui;
1613 2259 1674 2278 naui

888 2300 952 2335 quia
972 2300 994 2327 is
1011 2299 1052 2327 sol
1079 2298 1194 2334 justitiae.
1213 2303 1265 2329 est,
1281 2297 1372 2332 justus
1402 2305 1521 2332 quoque,
1548 2305 1597 2324 ceu
1624 2297 1674 2325 sibi

889 2345 1054 2378 confortnes,
1065 2345 1152 2372 instar
1160 2343 1226 2371 solis
1241 2343 1388 2370 micaturos
1402 2343 1537 2378 promisit.
1547 2342 1576 2370 Si
1591 2348 1674 2370 tamen

889 2390 1077 2424 compatimur,
1089 2389 1188 2423 inquit,
1204 2392 1233 2414 ut
1248 2392 1272 2415 et
1293 2387 1519 2422 cunglori/icemur
1531 2388 1564 2421 ⁸⁶;
1589 2388 1675 2414 idem-

886 2444 940 2471 que
955 2435 1018 2462 alibi
1033 2444 1039 2462 :
1058 2435 1149 2466 Pater,
1165 2442 1230 2469 quos
1247 2433 1343 2460 dedisti
1368 2433 1431 2459 milii
1447 2433 1503 2460 colo
1517 2438 1544 2459 ut
1561 2434 1604 2460 ubi
1617 2441 1674 2459 sum

885 2490 931 2517 ego
959 2485 983 2508 et
998 2481 1039 2508 illi
1059 2481 1111 2507 sint
1136 2487 1246 2511 mecum,
1258 2483 1286 2506 ut
1304 2478 1566 2506 videautclaritutent
1580 2487 1673 2510 meam,

885 2535 965 2562 quam
984 2527 1080 2554 dedisti
1106 2526 1182 2557 milli,
1197 2525 1260 2560 quia
1274 2525 1394 2551 dilexisti
1409 2533 1448 2551 me
1472 2530 1533 2550 ante
1547 2526 1676 2550 constitu‘

887 2574 982 2599 tiunent
1001 2571 1091 2598 mundi
1106 2571 1138 2598 ⁸⁷.
1156 2570 1271 2597 Videtin'
1290 2578 1345 2604 quo
1360 2569 1516 2596 abibitnus?
1533 2568 1580 2596 Ubi
1596 2569 1674 2596 Chri-

889 2623 948 2645 stus
964 2623 1018 2649 est,
1034 2618 1066 2644 ad
1085 2617 1130 2644 Dei
1146 2617 1269 2644 dextram
1290 2616 1446 2646 cunsidens,
1465 2615 1509 2642 ubi
1533 2615 1674 2650 gaudium,

888 2669 913 2691 et
926 2664 1028 2694 ovatio,
1043 2663 1089 2690 ubi
1103 2662 1261 2697 angelorum
1277 2661 1405 2696 tripudia,
1423 2669 1454 2688 ac
1467 2667 1555 2688 emus
1579 2667 1674 2689 eorum

888 2710 934 2744 qui
953 2709 978 2735 in
996 2709 1081 2736 caelos
1100 2708 1234 2743 principes
1253 2712 1316 2734 sunt
1332 2705 1546 2741 conscripti,ubi
1561 2706 1677 2739 gentiles

889 2756 974 2783 nostri
993 2755 1091 2782 fratres
1115 2759 1271 2789 patresque,
1287 2760 1320 2781 eo
1338 2759 1400 2780 mox
1417 2752 1582 2783 abeundum,
1601 2752 1676 2786 gavi~

887 2871 931 2900 45.
979 2871 1002 2887 ⁸⁸
1019 2871 1099 2898 Rom.
1116 2878 1174 2903 vin,
1193 2869 1234 2896 l7.
1292 2868 1311 2884 ⁸⁷
1326 2867 1483 2901 Juamxvn,
1500 2867 1546 2895 2i.
