1916 3075
211 145 261 176 507

804 146 835 177 S.
850 145 1047 175 THEODORI
1074 145 1248 174 STUDITE

1788 138 1843 169 568

210 209 283 228 suris
303 201 330 227 in
348 207 392 233 eo,
402 202 446 234 qui
474 201 501 227 in
525 201 620 228 uirtute
645 207 694 226 sua
712 200 865 226 dontr'natnr
879 200 906 226 in
921 204 998 226 wter—
1016 206 1034 231 Α
1050 201 1183 227 virtutum
1202 209 1208 226 :
1227 206 1283 233 quo
1310 198 1357 232 qui
1385 195 1584 227 rouscendere,
1610 202 1660 222 ceu
1692 194 1844 221 luminaria

211 253 284 277 num,
305 245 343 272 uti
363 245 437 273 canit
455 246 551 272 beatus
567 244 651 271 David
667 245 700 275 ⁸⁵,
715 251 769 271 n0n
791 245 926 276 centenis,
951 251 1004 272 nec

212 292 373 320 millenariis
400 292 492 323 annis,
511 291 558 318 sed
584 291 723 326 perpetuis
738 290 855 321 saeculis,
872 298 903 317 ac
920 290 1002 317 tinem

211 345 267 364 non
283 337 457 364 habentibus.
472 336 512 363 Ad
534 336 591 363 haec
605 336 668 370 quis
684 335 821 362 idoneus?
836 334 926 367 Quis?
955 334 1003 368 qui

211 382 282 409 diem
296 389 415 415 omnem,
435 381 587 416 horamque
601 381 694 415 vigilat
708 381 840 409 intentus.
859 387 894 408 ne
910 380 1004 407 animo

212 426 359 454 dormitet:
381 433 444 453 nam
461 425 693 457 dor‘rnitabundis,
706 432 756 451 ceu
777 424 852 458 fera,
874 425 1004 459 ingruunt

214 471 292 501 vitia,
304 474 331 497 et
347 469 468 496 animum
492 472 635 504 prensant.
655 467 789 495 Caeterum
803 467 925 503 quandiu
953 475 1004 503 pro

215 515 331 542 statione
345 515 523 545 exeuhemus,
537 521 592 540 non
612 512 753 547 pradatur
770 513 853 544 latro,
869 520 919 540 nec
944 521 1004 540 ser-

214 569 282 595 pens
303 560 384 595 rapit.
409 560 593 593 Quamobrem
620 559 788 594 vigilandum
805 563 857 591 est,
885 566 918 586 ac
942 566 1004 593 quae

213 606 270 633 dixi
292 605 511 640 contemplanda,
538 613 627 640 neque
652 613 706 632 non
737 613 798 640 qua:
823 605 970 632 contrariis
988 612 1004 632 e

214 651 354 678 contrario
368 651 493 678 condicta
517 651 651 686 supplicia
679 656 753 683 sum,
771 651 841 686 ignis
869 650 1004 677 inexstin-

214 704 286 732 ctus,
300 699 419 726 tenebrae
436 699 553 730 exlium,
575 699 675 725 vermis
699 697 874 728 immortalis,
899 702 928 725 et
943 705 1004 732 qua

215 745 267 772 alia
286 749 361 777 sunt,
377 752 432 778 quo
449 744 491 772 his
505 744 615 778 implexi
632 752 664 771 ac
677 744 787 772 distenti
801 743 938 778 cogitatis,
953 744 999 771 ho-

215 791 292 818 stiles
315 791 428 825 laqueos
447 789 606 821 evadamus,
629 790 758 824 nulloque
782 793 924 817 contracto
949 789 1004 816 cri-

215 838 289 864 mine
303 837 366 863 hinc
383 835 629 871 profecti,co:leste
662 843 775 871 regnum
801 843 1005 870 consequamur

1054 245 1161 280 fulgent
1182 245 1209 271 in
1230 244 1337 274 orbem,
1359 242 1421 268 vitae
1443 242 1530 268 instar
1553 240 1696 271 habentes,
1722 246 1783 265 mea
1814 238 1842 264 in

1053 290 1156 317 Christi
1178 289 1250 316 diem
1272 288 1371 323 gloria.
1397 286 1477 313 Hunc
1501 293 1562 318 nos,
1590 284 1704 320 fratres,
1729 290 1842 309 sacrum

1054 339 1175 363 montem
1191 333 1411 362 conscendamus
1433 338 1544 366 quoque
1569 339 1576 356 :
1603 336 1684 364 quem
1709 335 1845 361 superare

1053 389 1234 418 nequeamus,
1247 381 1274 407 ni
1291 380 1333 407 his
1354 378 1451 406 inferis
1467 377 1586 412 primum
1604 374 1718 406 relictis,
1738 374 1764 401 id
1787 378 1842 405 est,

1053 431 1147 458 carnis
1171 428 1313 463 animique
1334 425 1508 455 libidinibus,
1535 428 1616 458 atque
1636 422 1683 450 hic
1701 422 1763 449 vitae
1779 429 1845 456 per-

1054 476 1118 504 ditis
1134 474 1332 509 voiuptatibus,
1350 479 1468 507 quorum
1485 469 1549 505 fuga
1563 468 1673 496 virtutis
1688 472 1730 496 est
1746 474 1845 494 assen-

1054 530 1113 549 sus.
1131 520 1315 554 Quamobrem
1333 525 1410 545 mens
1435 516 1576 544 februator
1598 523 1613 542 a
1630 513 1750 542 sordidis
1767 513 1846 547 cogi-

1056 567 1130 599 tatis,
1142 567 1241 594 oculus
1255 565 1308 592 rite
1325 563 1426 591 intueri
1451 561 1586 593 eruditor,
1603 559 1681 587 auris
1699 558 1847 594 ﬂagitiosa:

1054 612 1188 641 auditioni
1199 609 1347 641 clauditor,
1368 608 1461 642 lingua
1476 606 1560 634 futire
1570 609 1724 636 coercetor,
1743 611 1846 630 manus

1054 657 1202 686 retrahitor
1217 664 1232 683 a
1249 653 1460 683 contreetandis
1482 659 1544 687 quae
1560 651 1673 678 minime
1689 649 1778 678 decet.
1795 655 1847 682 pes

1054 703 1182 739 dirigitor
1202 702 1229 729 in
1243 700 1398 729 concordia:
1419 699 1553 734 pacisque
1567 696 1651 727 viam,
1680 700 1779 723 cuncta
1809 694 1846 720 ad

1054 749 1233 777 ambitionem
1243 745 1430 774 Christianam
1458 743 1582 771 membra
1604 741 1796 770 instituuntur,
1811 747 1848 766 ac.

1055 798 1253 823 consecrantor
1278 802 1285 820 :
1311 799 1376 819 nam
1392 790 1558 818 ambitiosus
1584 789 1628 816 Vel
1653 787 1773 815 maxime
1800 792 1848 815 est

1055 839 1184 868 Christus
1201 838 1286 866 animi
1303 837 1378 864 vitiis
1400 835 1521 871 purgati.
1539 834 1647 869 Quippe
1674 834 1719 862 hic
1735 833 1847 861 inferus

216 890 263 917 per
278 881 418 910 Christum
436 881 528 909 Jesum
545 881 690 909 Dominum
706 885 845 909 nostrum:
861 881 904 909 cui
920 882 1005 916 gloria
1022 884 1041 910 Β
1057 891 1236 922 praestantem
1267 891 1393 918 corpore,
1410 882 1473 910 celi
1493 881 1553 909 Rex
1576 880 1714 915 Deusqne,
1738 879 1846 915 Spiritu

216 932 243 953 et
261 927 403 961 imperiunm
424 934 485 954 cum
509 927 599 960 Patre,
625 934 657 953 ac
676 931 772 954 sancto
787 926 902 961 Spiritu,
919 933 1004 959 nunc,

215 978 242 1001 ct
254 980 372 1007 semper,
390 972 417 999 in
435 979 599 1007 omnemque
616 972 835 1007 perpetuitatem.
853 971 952 999 Amen.

497 1029 613 1057 SERMO
628 1029 722 1057 XLIII.

216 1073 248 1101 1η
277 1080 398 1101 sanctum
423 1075 579 1108 Antonium,
607 1081 631 1102 et
659 1080 803 1107 martyrem
830 1075 1004 1103 Thaddtcum.

251 1109 288 1136 De
299 1110 390 1146 divina
407 1110 578 1143 liberalitate,
602 1112 706 1146 vitaque
728 1111 843 1137 ineunda
861 1111 909 1138 Dei
936 1111 1006 1137 illice

250 1153 282 1171 ac
296 1145 426 1179 formosa.

250 1210 360 1239 Fratres
374 1212 535 1247 Patresque,
547 1219 656 1246 semper
671 1212 718 1240 Dei
744 1213 905 1240 liberalitate
915 1213 1007 1241 fruen-

217 1263 268 1289 tes,
290 1265 397 1293 semper
425 1258 450 1285 ei
477 1266 587 1294 quoque
614 1267 728 1294 agamus
758 1261 859 1295 gratias
887 1266 1005 1296 oportet,

218 1308 309 1331 mente
323 1303 436 1336 fervida,
463 1309 491 1331 et
514 1311 567 1338 qua
584 1312 631 1339 par
650 1310 692 1332 est
705 1306 865 1338 acrimonia,
886 1314 941 1341 quo
955 1314 1005 1334 au-

216 1349 329 1376 ctiorem
341 1349 400 1384 ejus
414 1349 630 1377 benevolentiam
647 1359 785 1386 paremus.
795 1351 863 1380 Vide
878 1353 951 1380 enim
967 1352 1006 1380 sis

216 1394 297 1429 quale
308 1394 361 1422 hoc
378 1403 497 1430 praesens
512 1395 673 1423 beneficium
691 1402 733 1424 est
749 1405 754 1423 :
771 1405 805 1424 an
833 1405 887 1425 non
905 1398 1003 1433 Agare-

217 1447 313 1466 uorum
330 1445 403 1467 metu
420 1441 531 1468 sedibus
549 1446 685 1473 ext0rres,
702 1443 728 1470 in
745 1451 800 1478 quo
821 1451 916 1471 sumus
930 1444 1006 1479 abje-

216 1485 252 1512 cti
269 1485 339 1515 loco.
355 1486 429 1512 velut
441 1486 466 1513 in
485 1486 644 1520 solitudine,
660 1489 744 1522 pavit,
755 1488 836 1523 idque
851 1489 1006 1524 complures

216 1531 287 1558 dies?
305 1539 339 1558 an
356 1539 409 1559 non
425 1532 469 1560 hic
481 1533 673 1561 instaurationi
692 1534 837 1562 fenestram
859 1535 1005 1570 patefecit;

217 1577 262 1603 ubi
281 1577 351 1604 aedes
365 1582 479 1612 augusta
492 1598 499 1610 ,
513 1577 652 1606 domicilia
668 1584 794 1610 venusta,
818 1585 900 1614 atque
922 1579 966 1606 hic
990 1587 1005 1607 a

216 1630 271 1658 quo
287 1631 384 1651 sumus
403 1623 521 1658 excepti,
540 1624 708 1660 suffragatur
727 1624 834 1652 frater?
853 1624 886 1652 Ut
913 1625 940 1652 iu
954 1633 1005 1652 nos

217 1671 312 1705 ingens
339 1670 483 1698 clementis
508 1670 555 1698 Dei
581 1671 740 1706 procuratio
760 1672 812 1699 sit:
844 1680 906 1698 nam
939 1672 1004 1707 quid

217 1716 274 1743 ﬁeri
287 1717 418 1752 oportuit,
433 1724 521 1751 neque
536 1715 637 1744 factum
652 1717 718 1744 est?
733 1716 789 1744 Sub
805 1718 896 1752 fugam
911 1727 1004 1753 panes,

216 1762 289 1793 vina,
318 1762 417 1796 pisces,
437 1766 535 1788 cetera
568 1763 725 1790 necessaria
746 1763 878 1797 profudit,
899 1772 930 1791 ac
946 1765 1006 1799 plus

218 1808 382 1834 necessariis
393 1807 486 1840 etiam,
503 1812 533 1834 ut
545 1808 651 1842 stupori
665 1815 788 1836 essemus
807 1810 1004 1844 spectantibus.

218 1851 270 1877 t’ro
288 1851 388 1885 quibus
420 1850 501 1877 nauci
521 1851 638 1886 quisque
669 1856 792 1879 nostrum
814 1860 868 1880 non
891 1853 1005 1882 damnas

218 1897 298 1923 modo
312 1901 354 1924 est
376 1904 457 1932 agere
476 1901 576 1931 grates,
592 1897 636 1924 sed
652 1897 772 1924 animam
785 1906 894 1934 quoque
913 1900 939 1926 in
956 1908 1004 1927 nc-

217 1951 275 1970 uem
295 1943 393 1970 dedere
405 1950 411 1968 :
424 1943 526 1978 itaque,
537 1943 677 1976 cohortor,
697 1944 830 1971 acriorem
851 1945 910 1980 cjus
928 1953 1005 1972 amo-

217 1996 275 2015 rem
307 1988 520 2021 inﬂammemus,
547 1989 595 2016 toti
616 1997 677 2016 cum
710 1997 742 2017 eo
773 1991 1004 2024 cohrcrescamus,

217 2033 302 2060 vicem
319 2033 506 2066 gratissimam
523 2033 668 2061 reddamus
680 2034 702 2068 (l
712 2034 746 2068 Ι).
759 2033 912 2067 Quamnam
923 2035 935 2062 ?
946 2035 1006 2063 vita:

218 2079 262 2106 hic
278 2079 433 2105 institutum
453 2086 563 2114 quoque
577 2080 731 2107 venerando
745 2080 805 2115 ejus
822 2081 925 2108 nomini
949 2081 1004 2116 glo-

217 2123 321 2148 riosum
346 2127 373 2150 et
389 2122 505 2155 illustre,
535 2122 586 2150 hoc
605 2123 810 2157 comprobando
832 2124 912 2151 cffato
931 2133 937 2151 :
961 2123 1006 2152 Sic

218 2167 303 2194 luceat
320 2167 366 2194 lux
381 2173 467 2195 vestra
479 2177 569 2195 coram
587 2169 749 2200 hominibus,
765 2174 794 2196 ut
805 2170 908 2197 videant
927 2178 1006 2204 opera

218 2217 304 2239 vestra
324 2213 401 2244 bona,
421 2218 444 2240 et
468 2213 616 2248 gtoriﬁcent
635 2213 744 2241 Patrem
769 2219 894 2249 vestrum,
911 2215 957 2250 qui
978 2215 1005 2241 in

218 2259 288 2285 uelis
298 2264 337 2286 est
347 2259 380 2286 ".

253 2305 324 2338 Quin
348 2306 473 2341 Apostoli
502 2307 559 2334 haec
583 2307 681 2334 alicubi
707 2312 748 2334 est
777 2308 914 2335 sententia
932 2317 939 2335 :
955 2307 1008 2335 Deo

218 2351 319 2385 gratias
335 2351 380 2385 qui
394 2359 496 2386 semper
508 2351 652 2385 triumphat
670 2360 718 2378 nos
734 2352 761 2378 in
777 2352 930 2383 C/tristo,ct
945 2351 1009 2378 odo-

222 2405 276 2424 rem
292 2397 394 2424 notititz
412 2405 468 2424 sua:
490 2398 646 2432 manifestat
667 2406 712 2431 per
735 2406 782 2424 nos
810 2399 837 2424 in
853 2399 924 2424 omni
939 2398 1007 2428 loco,

217 2444 279 2477 quia
301 2442 404 2471 Christi
430 2444 514 2470 bonus
534 2445 601 2470 odor
626 2452 720 2470 sumus
745 2444 797 2470 Deo
820 2445 853 2470 iis
869 2446 913 2478 qui
940 2444 1007 2470 salvi

217 2489 296 2522 ﬁunt,
322 2493 347 2515 et
369 2489 396 2515 iu
411 2489 444 2515 iis
462 2489 508 2523 qui
532 2489 685 2522 pereunt".
715 2488 811 2515 Viden'
831 2493 860 2515 ut
878 2489 924 2516 Dei
951 2489 1007 2516 fra-

217 2533 323 2568 grantia
352 2534 388 2561 sit
416 2534 517 2562 virtute
542 2535 683 2569 prarditus,
709 2535 865 2569 ubicunque
883 2535 1005 2562 locorum

220 2578 369 2604 versetur?
394 2585 482 2612 neque
498 2579 570 2605 enim
587 2578 628 2605 fas
647 2583 690 2605 est
711 2579 839 2606 virtutem
862 2580 924 2614 tegi,
940 2580 1005 2614 quin

216 2631 276 2649 eam
298 2628 476 2650 consectatus
493 2624 595 2658 passim
624 2623 789 2656 innotescat,
815 2624 1005 2659 scriptumque

217 2674 259 2696 cst
278 2678 283 2695 :
303 2669 364 2696 Non
378 2674 463 2704 potest
479 2670 572 2696 civitas
586 2669 712 2695 abscondi
732 2677 814 2704 supra
829 2676 943 2697 montem
957 2678 1004 2704 po-

217 2715 313 2742 sita".
345 2714 415 2750 Ergo
441 2715 538 2742 civitas
562 2720 603 2741 cst
630 2715 756 2749 animus,
785 2724 865 2743 mons
894 2717 1001 2743 culmen

253 2794 274 2809 "
288 2793 358 2821 l‘sal.
375 2801 436 2827 va,
454 2793 478 2821 7.
518 2793 539 2812 "
560 2792 653 2820 Matth.

254 2876 309 2911 (II)
322 2873 385 2901 Tale
399 2874 500 2909 aliquid
518 2874 592 2901 deest
607 2874 632 2901 in
648 2873 743 2900 Cra-co

691 2801 706 2819 v
740 2793 781 2820 l6.
820 2794 842 2808 ’°
862 2793 882 2821 ll
906 2794 968 2820 Cor.
986 2801 1015 2826 ιι,

1056 932 1156 961 scitum
1171 931 1236 966 legit
1250 934 1278 957 et
1295 928 1481 963 amplectitur,
1497 926 1674 962 quantumvis
1690 925 1758 953 facie
1774 933 1847 959 pan-

1056 986 1135 1011 nosa,
1150 983 1265 1008 caecum,
1282 982 1428 1005 exuccum,
1444 973 1587 1006 claudum,
1605 972 1722 1006 aliisque
1735 972 1849 1006 cunctis

1056 1024 1210 1059 prmditum,
1235 1029 1296 1056 quae
1323 1021 1394 1048 taeda
1418 1019 1577 1047 hominibus
1601 1022 1743 1052 apparent.
1773 1016 1849 1044 Hinc

1057 1069 1191 1104 ignobiles
1206 1067 1324 1098 nobiles,
1336 1065 1446 1101 lnglorii
1456 1064 1580 1100 gloriosi,
1593 1064 1689 1098 inopes
1703 1063 1827 1097 opulenti
1839 1072 1847 1095 ς

1056 1115 1122 1143 hinc
1140 1114 1212 1142 beati
1237 1112 1356 1148 apostoli
1374 1119 1389 1139 e
1409 1110 1595 1146 piscatoribus
1617 1113 1752 1136 terrarum
1767 1109 1850 1135 orbis

1056 1160 1217 1196 principes;
1242 1158 1307 1186 hinc
1322 1161 1436 1185 sanctus
1458 1155 1607 1186 Antonius,
1625 1154 1673 1189 qui
1696 1153 1850 1181 illiteratus

1057 1207 1138 1239 foret,
1154 1205 1242 1233 doctis
1257 1204 1382 1236 doctior;
1397 1203 1471 1235 hinc,
1489 1207 1520 1229 ut
1536 1201 1660 1228 atllniore
1675 1205 1738 1227 utar
1750 1207 1850 1227 exem-

1057 1257 1120 1291 plo,
1146 1253 1300 1281 'l'haddzeus
1323 1255 1417 1278 noster
1434 1258 1450 1277 e
1469 1248 1607 1284 Scythicis
1632 1247 1786 1278 natalibus,
1815 1254 1851 1274 ac

1058 1301 1203 1330 servitutis
1219 1300 1302 1334 jngo,
1326 1297 1365 1325 uti
1385 1296 1484 1327 nostis,
1510 1295 1544 1323 ad
1562 1293 1747 1322 confessionis
1765 1293 1852 1322 Chri-

1058 1348 1155 1377 stianaa
1171 1346 1312 1381 fastigium
1327 1344 1426 1376 evasit,
1448 1342 1606 1376 mundoque
1627 1340 1716 1368 factus
1736 1340 1851 1375 conspi-

1057 1402 1126 1423 cuus
1141 1398 1194 1421 est.
1213 1393 1234 1419 0
1249 1391 1390 1419 infandam
1407 1388 1552 1417 clementis
1563 1387 1609 1415 Dei
1626 1387 1850 1414 humanitatem!

1057 1448 1140 1476 quam
1170 1439 1277 1466 facilem
1305 1437 1387 1464 nobis
1411 1436 1445 1463 ad
1470 1443 1500 1463 se
1525 1435 1679 1468 ingressum
1710 1433 1850 1467 praebuit!

1058 1485 1195 1520 siquidem
1215 1490 1269 1511 non
1298 1482 1448 1518 perductor
1472 1488 1542 1515 opus
1566 1485 1620 1511 est,
1639 1486 1694 1506 non
1711 1479 1852 1513 pecuniae,

1058 1539 1113 1559 non
1134 1531 1256 1558 humana
1275 1528 1330 1556 ulla
1349 1527 1502 1558 temeritas,
1517 1525 1564 1554 sed
1581 1524 1737 1553 adhibenda
1756 1525 1852 1552 solum

1059 1577 1198 1609 voluntas,
1223 1575 1370 1610 omnisque
1382 1572 1510 1602 confecta
1534 1580 1580 1600 res
1595 1577 1655 1605 est;
1682 1579 1746 1598 nam
1762 1578 1854 1606 penes

1059 1623 1195 1659 quemvis,
1209 1622 1256 1657 qui
1269 1621 1380 1657 quidem
1393 1619 1469 1652 velit,
1483 1619 1586 1646 bonum
1599 1623 1641 1645 est
1651 1626 1705 1653 qua
1719 1625 1853 1652 parvum,

1059 1677 1113 1706 qua
1132 1675 1274 1704 magnum,
1295 1675 1350 1703 qua
1372 1666 1494 1697 doctum,
1515 1672 1569 1700 qua
1583 1664 1733 1694 indoctum,
1749 1671 1853 1698 quem-

1060 1715 1208 1742 admodum
1235 1718 1262 1741 et
1291 1719 1374 1748 penes
1404 1718 1519 1739 cernere
1539 1710 1676 1737 volentem
1699 1709 1758 1736 sole
1782 1709 1853 1736 frui.

1059 1759 1131 1794 Ergo
1145 1759 1187 1786 vis
1211 1757 1238 1785 in
1254 1757 1334 1785 cmlis
1357 1756 1510 1792 praestare?
1527 1755 1620 1790 arripe
1637 1754 1682 1782 hic
1697 1761 1852 1782 extremas.

1061 1804 1108 1833 Vis
1126 1805 1172 1833 Dei
1195 1804 1270 1831 filius
1292 1804 1408 1831 vacari?
1422 1804 1545 1830 animum
1563 1810 1578 1829 a
1595 1802 1671 1829 vitiis
1687 1802 1852 1836 tranquilla.

1061 1851 1108 1879 Vis
1126 1850 1172 1878 Dei
1187 1850 1276 1878 oculis
1298 1849 1473 1877 collustrari?
1497 1856 1576 1877 serva
1594 1848 1742 1884 justitiam.
1758 1848 1854 1875 Crete-

1060 1906 1120 1925 rum
1144 1897 1177 1924 ad
1194 1897 1252 1924 ha‘c
1274 1897 1337 1932 quis
1357 1896 1495 1924 idoneus?
1512 1895 1599 1929 Quis?
1617 1894 1712 1931 pernix
1728 1895 1855 1930 arripere

1059 1944 1247 1979 disciplinam,
1273 1943 1386 1977 exsequi
1410 1942 1560 1977 justitiam,
1591 1949 1657 1977 opes
1684 1949 1784 1976 cogere
1807 1941 1854 1968 di-

1061 1991 1149 2018 vinas.
1172 1989 1225 2016 Sed
1251 1988 1292 2016 fas
1314 1989 1351 2016 sit
1365 1993 1393 2016 ct
1415 1988 1505 2021 nobis,
1529 1988 1588 2023 pari
1605 1987 1698 2015 studio
1720 1987 1854 2015 vitalibus

1060 2037 1142 2064 obitis
1176 2036 1337 2071 praeceptis,
1369 2035 1482 2062 caeleste
1509 2042 1625 2070 regnum
1651 2042 1715 2062 cum
1746 2035 1855 2062 sanctis

1059 2082 1190 2109 omnibus
1216 2081 1287 2108 inire
1302 2088 1350 2116 per
1363 2080 1504 2108 Christum
1516 2079 1610 2107 Jesum
1634 2080 1783 2107 Dominum
1803 2088 1855 2108 no-

1060 2133 1146 2156 strum
1174 2137 1181 2155 :
1206 2127 1250 2154 cui
1276 2126 1361 2161 gloria
1379 2131 1406 2154 et
1432 2126 1578 2160 imperium
1606 2133 1668 2153 cum
1697 2126 1790 2157 Patre.
1820 2135 1854 2153 ac

1060 2179 1155 2201 sancto
1184 2173 1298 2208 Spiritu,
1325 2180 1410 2206 nunc,
1441 2177 1469 2200 et
1495 2180 1603 2208 semper
1626 2172 1654 2200 in
1682 2179 1854 2207 omnemque

1024 2237 1044 2264 ο
1060 2221 1270 2256 perpetuitatem
1309 2219 1406 2248 Amen.

1336 2275 1453 2304 SERth
1473 2275 1565 2302 XLIV.

1061 2333 1102 2361 Ne
1122 2334 1184 2369 quid
1208 2335 1235 2361 in
1256 2334 1352 2368 fratres
1378 2341 1424 2368 per
1450 2334 1567 2368 favorem
1592 2336 1713 2363 obeutur,
1744 2338 1793 2360 aut
1820 2336 1854 2360 ab

1093 2368 1238 2403 mionqmo,
1254 2375 1299 2395 aut
1320 2369 1411 2403 quovis
1430 2370 1496 2402 alia,
1514 2369 1539 2394 iu
1557 2368 1639 2403 ofﬁcia
1662 2369 1713 2394 sibi
1737 2369 1854 2400 credito,

1095 2405 1141 2466 Bal
1171 2400 1290 2432 benevole
1319 2400 1343 2430 et
1371 2400 1694 2438 amicefquowsemper
1723 2403 1851 2430 laudetur

1120 2448 1176 2466 cus.

1120 2448 1176 2467 ωε.

1093 2485 1202 2514 Fratres
1226 2485 1385 2522 l’atresque,
1407 2486 1500 2513 forsan
1522 2486 1698 2513 contristavit
1717 2493 1769 2514 vos
1802 2494 1854 2514 su-

1057 2532 1149 2567 perior
1171 2533 1336 2565 catechesis,
1359 2541 1412 2568 qua
1427 2533 1546 2568 proscidi
1566 2533 1737 2567 frequentes.
1756 2533 1854 2565 Quan-

1056 2587 1137 2614 quam
1166 2579 1192 2607 id
1219 2579 1329 2614 cxpcdit
1345 2587 1467 2614 quoque,
1494 2586 1557 2606 nam
1580 2578 1734 2606 secundum
1763 2578 1854 2606 Deum

1057 2625 1168 2652 tristitia
1185 2626 1315 2660 gaudium
1340 2626 1466 2657 molitur,
1484 2629 1511 2652 ct
1531 2625 1663 2652 benevola
1690 2625 1856 2651 verberatio

1063 2676 1173 2698 revocat
1189 2671 1221 2698 ad
1245 2671 1374 2702 olliciutn,
1400 2676 1483 2706 atque
1510 2671 1562 2698 hoc
1579 2671 1699 2706 denique
1722 2671 1854 2705 Apostoli

1061 2716 1163 2743 dictum
1180 2717 1329 2752 probatur,
1352 2718 1403 2744 l’cr
1425 2726 1499 2744 arma
1517 2717 1634 2752 justitia'
1661 2727 1675 2744 rt
1702 2717 1809 2745 dextris
1831 2724 1855 2745 et

1038 2793 1078 2820 Ii.
1119 2794 1138 2809 ’ί
1162 2793 1254 2822 Matth.
1278 2803 1303 2827 ν,
1321 2795 1363 2822 Η.
