1916 3075
84 148 135 179 559

83 250 224 284 infamiam
260 255 284 276 et
319 249 415 275 bonam
449 249 595 283 famam“,
635 250 761 284 utrisque
797 250 870 276 euitn

83 296 215 330 regimur,
233 303 265 322 ac
280 295 335 329 pati
360 298 476 329 utraque
501 302 615 322 necesse
637 301 689 326 est,
714 303 803 329 neque
824 299 872 321 aut

83 341 172 375 frangi
203 340 354 373 laudibus,
391 345 438 367 aut
466 341 680 374 reprehensuone
712 341 869 368 concidere.

84 386 231 413 Enimvero
262 393 373 413 rursum
404 393 448 413 me
478 386 511 412 ad
545 387 672 413 eumdem
713 393 869 414 sermonem

83 432 207 459 confero.
236 431 308 464 Quid
329 433 380 458 hoc
407 431 536 459 scilicet?
555 438 684 466 oportere
708 433 871 459 ministrau-

83 482 147 510 tem,
166 484 246 511 aeque
263 484 297 503 ac
316 476 360 503 cui
387 477 570 509 ministretur,
594 477 741 503 sollicitum
760 484 820 505 esse
843 477 870 504 itt

84 522 240 549 ministerio
258 522 458 556 (reconomum,
481 522 606 557 inquam,
623 523 767 556 vicarium,
786 522 871 549 cella-

84 568 176 600 rium,
202 568 414 600 obsonatorem,
443 572 627 599 Structorem,
652 573 680 596 et
702 569 749 603 qui
772 568 818 595 alii
843 568 871 594 iu

84 614 240 642 ministerio
265 614 347 648 positi
375 614 458 649 sunt)
486 621 520 642 ne
553 615 604 641 sub
635 614 695 649 ejus
728 614 872 641 sententia:

82 660 303 688 exsecrationem
326 659 430 687 cadat:
456 659 613 686 Maledicta:
639 660 683 694 qui
703 660 769 694 facit
792 668 871 694 opera

85 706 194 732 Domini
203 706 403 740 negligenter”,
423 705 490 740 quin
506 706 597 740 potius
613 706 683 733 hanc
700 706 870 733 Dominicam

82 751 348 779 commendationem
362 757 499 779 mereatur
512 760 519 778 :
541 751 617 784 Quis,
633 757 721 786 putas,
737 758 773 779 est
784 752 870 786 ﬁdelis

81 806 183 829 servus,
206 802 231 824 et
249 797 375 831 prudens,
399 805 475 831 quem
495 798 630 824 constituit
654 797 777 824 dominus
794 805 873 832 super

81 844 216 878 familiam
228 851 316 874 suam,
326 843 404 869 utdet
418 843 470 869 illis
481 843 568 869 cibum
582 843 610 869 in
631 844 763 878 tempore!
782 843 872 871 beatus

661 148 865 179 SERMONES
878 148 1136 179 CATECHETICL

84 215 100 231 a
125 204 263 235 sinistris,
291 211 338 237 per
366 203 479 238 gloriam
515 208 540 230 et
584 204 796 238 ignobilitatem,
828 205 913 238 perA

1659 149 1712 181 570

1209 203 1324 230 SERMO
1345 203 1426 230 XLV.

925 260 1053 287 Fratrum
1075 259 1296 286 tutnulluatorum
1319 258 1495 292 reprehensio,
1518 267 1549 285 ac
1570 259 1711 286 monitoria

1158 295 1189 321 de
1203 295 1332 321 modestia
1344 294 1476 320 doctrina.

961 341 1070 369 Fratres
1098 341 1256 375 Patresque,
1271 340 1382 375 paulum
1404 347 1419 366 a
1432 340 1509 367 vobis
1527 340 1690 375 peregi-inuti
1701 361 1710 372 ,

924 393 950 415 et
976 388 1073 414 iterum
1101 387 1213 418 reversi,
1239 386 1420 413 tumultuatos
1443 385 1608 412 offendimus
1628 386 1709 418 (nam

925 437 1034 468 oportet
1057 436 1084 460 et
1101 433 1129 460 in
1149 433 1287 466 publicum
1307 432 1459 466 patefieri),
1481 435 1610 466 tantaque
1634 431 1711 459 inso-

926 477 1026 510 lentia,
1049 481 1080 504 ut
1106 476 1216 511 quidam
1239 484 1338 504 manus
1365 477 1559 508 ostenderint,
1585 483 1619 504 ac
1644 477 1712 504 alter

925 524 1038 551 alterum
1055 523 1183 550 atrociter
1198 523 1408 558 prehensarint,
1429 530 1481 550 nec
1502 523 1570 550 citra
1593 523 1662 550 iram
1684 528 1712 550 et

924 570 1082 597 clamorem.
1206 591 1209 593 .

961 615 1105 642 Enimvero
1125 614 1159 641 de
1175 614 1261 642 altero
1274 614 1367 641 minus
1378 618 1422 642 est
1442 615 1588 646 novitium,
1609 614 1712 649 quippe

925 661 1006 692 laico,
1034 668 1067 688 ac
1090 659 1212 687 noudutu
1238 659 1265 686 iu
1291 660 1362 687 hanc
1386 660 1524 687 civitatem
1548 667 1649 692 cense;
1677 661 1711 687 de

925 708 1011 734 altero
1027 706 1166 742 impendio
1177 706 1288 737 tnirum,
1309 707 1486 738 monachum,
1501 706 1605 733 mundo
1619 706 1712 733 cruci—

927 755 1022 786 fixum,
1047 760 1130 780 carne
1154 752 1300 788 praeditum
1323 752 1404 787 quasi
1427 752 1592 786 quibusdam
1625 752 1712 779 clavis

926 800 1034 833 sufﬁxa,
1060 800 1085 826 id
1107 799 1238 833 flagitium
1258 798 1368 826 fecisse.
1387 798 1487 834 Ergon‘
1501 803 1537 830 te,
1562 798 1658 831 frater,
1677 799 1712 826 do

926 852 1007 873 cruce
1033 852 1094 872 esse
1117 843 1293 878 degressum?
1318 843 1410 877 ergon’
1443 842 1529 869 clavis
1556 842 1710 869 exsolutum

81 890 124 917 ille
137 898 242 920 servus,
259 897 348 924 quem,
371 897 429 915 cum
445 889 541 916 venerit
565 889 690 916 dominus
710 890 766 924 ejus
777 910 784 923 ,
801 890 872 917 intte-
888 879 909 908 Β
923 891 1037 918 Judaice
1059 890 1170 917 Christo
1194 896 1291 916 manus
1315 888 1462 916 intulisse?
1478 895 1553 921 nam,
1571 887 1622 920 Qui
1637 888 1709 922 fecit,

81 936 147 962 nerit
161 936 202 962 sic
224 935 377 969 facientem,
392 942 469 960 amen
486 935 545 961 dico
560 935 632 961 vobis
650 936 775 970 quoniam
793 943 872 969 super

80 982 171 1008 omnia
198 982 266 1007 bona
292 988 342 1006 sua
366 980 508 1007 constituet
526 982 630 1008 eum".
659 980 754 1008 Viden‘
778 989 871 1015 quem,

80 1032 272 1062 quantumque
296 1027 427 1053 honorem
450 1026 554 1053 tribuat
579 1027 664 1061 probe
686 1027 873 1055 ministranti?

82 1075 167 1108 igitur
186 1078 214 1100 et
229 1074 348 1108 maligne
364 1073 532 1100 ministranti
547 1073 722 1100 contrarium
736 1073 872 1109 judicium

81 1120 227 1155 irrogabit.
242 1119 308 1146 Eam
324 1119 360 1146 ob
375 1126 433 1146 rem
455 1127 503 1146 vos
519 1119 658 1150 cohortor,
673 1119 784 1153 fratres,
799 1120 872 1155 quod

80 1165 184 1199 cuique
198 1163 318 1191 officium
336 1164 471 1191 creditum
490 1168 542 1195 est,
557 1164 663 1199 integre
678 1169 779 1196 tuetor,
800 1166 872 1192 unde

80 1216 107 1237 et
131 1210 308 1237 concelebret
336 1209 441 1241 Deum,
473 1214 499 1237 et
529 1211 645 1237 salutem
674 1211 726 1238 sibi
755 1216 870 1246 quan-at.

81 1256 260 1283 (Economus
286 1263 349 1290 quae
371 1263 472 1290 corpus
497 1257 619 1290 postulat
641 1256 765 1289 tribuite,
790 1264 870 1284 suum

79 1302 180 1336 cuique
197 1301 370 1335 impertiens,
397 1308 451 1328 non
478 1300 584 1328 delectu
611 1309 643 1328 ac
674 1309 722 1336 per
749 1301 870 1329 favorem

81 1347 145 1381 quid
176 1354 281 1381 agens.
309 1347 357 1374 sed
383 1346 514 1374 benevole
552 1350 580 1374 et
613 1347 712 1374 atnice.
739 1347 873 1375 Cellarius

81 1392 173 1419 videto
189 1396 219 1418 ut
234 1389 314 1419 cibos’
329 1392 356 1418 in
374 1391 489 1418 fratrum
504 1399 650 1420 commune
665 1397 743 1427 paret
765 1393 872 1420 sincero

81 1436 296 1464 instaurationis
323 1444 418 1463 eorum
443 1436 591 1469 desiderio,
615 1445 668 1464 neu
693 1438 757 1472 quid
779 1438 872 1472 negle-

79 1487 154 1509 ctum
179 1482 300 1513 habeat,
323 1487 370 1508 aut
396 1487 556 1516 corruptum
579 1481 606 1508 in
631 1481 751 1509 cellario.
784 1481 872 1509 Obso-

923 937 1028 972 ioquit,
1054 936 1100 962 uni
1121 943 1153 962 ea:
1174 935 1215 962 his
1240 934 1370 969 fratribus
1395 934 1459 960 meis
1480 933 1616 965 minimis,
1647 933 1710 959 mihi

923 984 984 1018 fecit
996 983 1030 1010 ³⁸.
1048 982 1106 1009 Νοιι
1125 985 1151 1009 te
1165 981 1223 1008 haec
1241 984 1371 1007 testatum
1389 978 1546 1007 timuisset?
1568 977 1626 1005 Non
1648 986 1710 1013 spe-

922 1034 1040 1057 ctatores
1062 1028 1161 1054 fratres
1185 1031 1212 1053 ct
1232 1025 1353 1060 hospites
1376 1024 1530 1060 refugisse?
1550 1023 1595 1050 Sic
1611 1024 1709 1056 luceat,

923 1076 970 1108 ait,
989 1076 1036 1101 lux
1057 1078 1144 1100 vestra
1165 1080 1256 1099 coram
1274 1071 1435 1103 hominibus,
1457 1075 1486 1096 ut
1506 1069 1611 1096 uideant
1631 1077 1710 1108 opera

922 1125 1006 1147 vestra
1027 1119 1105 1150 bona,
1119 1122 1144 1146 et
1166 1118 1312 1153 gloriﬁcent
1333 1116 1442 1143 Patrem
1466 1120 1594 1147 oestrum,
1621 1116 1667 1150 qui
1683 1105 1710 1142 in

922 1166 994 1194 caelis
1009 1171 1047 1193 est
1059 1166 1092 1192 ".
1107 1164 1148 1192 Tu
1169 1165 1192 1191 ei
1215 1167 1311 1191 contra
1328 1163 1380 1190 hoc
1397 1166 1444 1189 tuo
1464 1162 1566 1189 scelere
1584 1162 1710 1189 tenebras

922 1212 1052 1245 eﬂ‘utlisti,
1076 1216 1107 1239 ut
1124 1218 1173 1246 per
1190 1214 1216 1238 te
1232 1209 1278 1237 Dei
1297 1216 1396 1237 nomen
1417 1208 1592 1236 contumeliis
1606 1208 1709 1235 lacera-

922 1263 979 1286 tum
993 1260 1039 1285 sit.

958 1303 1014 1331 Heu
1029 1311 1072 1331 me
1091 1307 1198 1330 sontem
1212 1303 1219 1329 l
1240 1301 1273 1329 ad
1286 1301 1358 1336 quod
1374 1301 1436 1328 vitae
1452 1299 1592 1335 fastigium
1609 1299 1710 1331 vocati,

922 1358 977 1385 quo
1001 1349 1205 1381 descendimus,
1231 1348 1289 1383 pari
1314 1347 1475 1382 indignitate
1497 1346 1606 1374 vitiosis
1632 1345 1709 1372 laicis

923 1396 1071 1430 suscepta!
1097 1394 1204 1422 Etenim
1240 1393 1314 1428 quod
1347 1393 1393 1420 ille
1431 1399 1551 1428 pugnam
1580 1391 1707 1426 occepit,

923 1442 1020 1476 inquit.
1034 1442 1109 1468 Itane
1121 1449 1174 1467 non
1186 1439 1298 1467 audiiin
1312 1439 1409 1467 herum
1423 1439 1551 1466 ministro
1563 1438 1708 1468 dieentem,

922 1489 969 1523 qui
995 1495 1115 1522 pugnum
1143 1487 1320 1521 ingessisset,
1344 1485 1376 1513 Si
1399 1485 1469 1512 male
1493 1484 1596 1511 loeutus
1626 1492 1684 1510 sum
1700 1502 1709 1516 ,

80 1533 162 1554 uator
174 1527 376 1554 conscientiam
390 1531 498 1554 servato
510 1527 537 1554 in
549 1527 621 1562 jure,
631 1535 662 1554 ac
676 1527 869 1561 condimentis,
887 1546 908 1574 ϐ
925 1534 1105 1561 mummium
1127 1532 1232 1567 perhibi;
1256 1533 1288 1558 de
1307 1531 1378 1558 malo
1390 1539 1399 1557 ,-
1420 1532 1443 1558 si
1458 1535 1547 1558 autem
1560 1530 1631 1562 bene,
1646 1530 1709 1564 quia

80 1578 110 1601 ut
132 1573 254 1600 ofﬁcium
279 1573 312 1600 ad
334 1573 419 1600 Deum
446 1572 579 1601 referens.
600 1573 728 1602 Struetor
745 1582 869 1602 mensam

81 1619 190 1655 tergito,
209 1623 238 1646 et
257 1619 442 1647 ministrarios
466 1626 577 1652 urccos,
595 1619 727 1647 fratribus
747 1627 797 1647 ceu
817 1620 870 1647 Deo

82 1665 258 1692 ministrans.
274 1664 316 1691 Ad
331 1664 457 1691 eumdem
472 1664 582 1691 modum
596 1664 641 1691 alii
657 1664 720 1691 aliis
737 1664 871 1691 obeundis

81 1711 253 1737 ministeriis.
273 1709 366 1744 Neque
381 1710 438 1737 haec
450 1710 523 1742 dico,
536 1714 565 1737 ut
579 1710 680 1745 quibus
695 1710 869 1737 ministratur

81 1757 208 1791 instigem
242 1755 269 1782 in
290 1756 434 1783 ministros
452 1765 458 1783 :
475 1757 541 1791 quin
565 1761 605 1787 ut,
632 1756 658 1783 in
675 1764 731 1791 quo
755 1757 871 1792 quisque

80 1807 121 1829 est
134 1806 262 1834 vocatus,
289 1802 379 1829 oﬂicio
405 1802 568 1834 satisfaciat,
595 1801 678 1830 Deum
701 1808 869 1838 respectans,

80 1856 94 1874 a
111 1856 166 1883 quo
184 1847 340 1875 mercedem
357 1848 541 1882 prtestoletur.
561 1848 601 1874 Au
619 1855 673 1875 non
689 1852 715 1875 et
730 1848 809 1875 nauci
826 1848 872 1876 hic

79 1901 130 1929 ego
142 1894 369 1929 procurationem
383 1901 443 1921 sum
458 1895 583 1925 sortitus,
601 1902 634 1921 ac
645 1894 691 1929 pol
702 1893 871 1922 maximam?

80 1940 154 1975 Ergo
173 1944 203 1967 ut
227 1947 271 1966 me
293 1939 423 1966 convenit
440 1947 488 1974 pro
511 1940 611 1967 animis
627 1941 728 1967 vestris
752 1940 871 1968 sollicite

81 1986 241 2020 vigilantem
258 1992 484 2019 unumquemque
505 1989 532 2012 et
554 1985 693 2020 privatim,
713 1990 741 2013 et
763 1986 871 2020 publice

81 2031 203 2062 hortari,
221 2030 324 2065 Deique
350 2031 414 2066 jus,
439 2035 467 2058 et
491 2039 616 2066 mqttum,
641 2039 674 2059 ac
701 2031 870 2066 ingruentem

81 2083 244 2104 mucronem
269 2077 454 2111 promulgare,
483 2077 519 2104 ita
547 2082 669 2105 vestrum
699 2078 735 2104 sit
762 2084 871 2113 quoque

82 2123 237 2150 ministeria
248 2122 382 2157 impigros
391 2123 478 2150 obire.
490 2124 523 2150 At
537 2123 645 2156 ﬁamus,
661 2123 771 2156 fratres,
783 2124 870 2159 magis

82 2169 227 2203 magisque
241 2176 325 2195 unum
340 2176 452 2204 corpus,
470 2177 579 2204 unaque
594 2177 684 2201 mens,
700 2175 730 2196 ut
744 2170 771 2196 in
788 2177 869 2196 unam

924 1589 964 1608 me
981 1579 1110 1608 credis"?
1125 1583 1152 1607 et
1165 1579 1192 1606 in
1212 1578 1333 1613 patibulo
1344 1585 1453 1605 rursum
1471 1586 1477 1604 :
1499 1576 1591 1610 Pater,
1606 1576 1710 1602 dimitte

923 1627 977 1655 illis
1002 1631 1138 1661 peccaturis
1159 1633 1168 1652 .'
1195 1633 1246 1652 non
1274 1626 1343 1652 enim
1358 1625 1444 1650 sciuit!
1469 1623 1533 1658 quid
1562 1622 1708 1657 faciunt".

923 1673 984 1707 Quo
1007 1672 1132 1706 exemplo
1155 1671 1274 1699 debebas
1298 1674 1325 1697 et
1347 1669 1501 1704 opprobriis
1530 1669 1631 1703 petitus
1654 1667 1710 1694 col-

924 1720 1046 1751 lamlare,
1064 1724 1089 1746 et
1108 1718 1231 1752 pulsatus
1252 1716 1403 1752 deprecari,
1426 1719 1453 1742 et
1477 1718 1592 1742 vexatus
1610 1718 1708 1741 contu-

924 1764 1003 1791 melia
1027 1763 1143 1790 blandiri
1167 1772 1173 1789 :
1199 1767 1227 1789 at
1252 1767 1280 1788 tu
1305 1761 1407 1789 bonum
1433 1760 1546 1788 ntiuime
1571 1760 1708 1790 itnitatus,

925 1809 1025 1838 videsis
1040 1809 1119 1844 cujus
1133 1808 1246 1836 effectus
1260 1814 1290 1835 es
1312 1807 1504 1834 simulacrum.
1528 1806 1651 1833 Haeccinc
1667 1809 1710 1832 est

923 1856 1100 1885 catecbeseon
1129 1853 1322 1889 praemunitio?
1353 1853 1406 1880 hoc
1437 1851 1558 1886 Apostoli
1591 1851 1709 1882 scitum,

923 1907 950 1930 et
963 1902 1084 1930 edictum
1100 1910 1106 1927 :
1123 1900 1214 1928 Omnis
1226 1899 1390 1930 amaritudo,
1405 1903 1429 1925 et
1443 1899 1493 1930 ira,
1509 1903 1532 1924 et
1548 1897 1706 1931 indignatio,

923 1953 947 1976 et
957 1947 1069 1980 clamor,
1088 1952 1113 1973 et
1131 1945 1292 1980 blasphemia
1313 1945 1424 1971 tollatur
1436 1953 1452 1970 a
1467 1944 1550 1973 vobis.
1566 1951 1624 1969 cum
1637 1941 1709 1967 omni

925 1994 1076 2026 malitia",
1100 1997 1173 2020 utet
1203 1999 1301 2019 manus
1331 1991 1525 2021 consereretis,
1559 1992 1586 2016 et
1619 1988 1711 2015 crines

924 2039 1085 2075 carperetis,
1104 2044 1132 2066 et
1159 2038 1227 2065 alter
1251 2037 1329 2064 alteri
1359 2035 1453 2063 fauces
1480 2034 1637 2070 angeretis?
1661 2032 1710 2059 Dei

924 2085 1034 2121 quidem
1047 2084 1150 2112 calcata
1177 2083 1220 2110 lex
1233 2087 1285 2115 cst,
1308 2086 1336 2109 et
1355 2086 1494 2116 argentum
1522 2079 1710 2114 nequidquam,

924 2137 954 2159 ιιι
968 2131 1095 2158 vaticinis
1108 2135 1169 2157 utar
1181 2129 1282 2161 verbis,
1298 2128 1464 2162 argentarius
1477 2126 1549 2153 rudit
1561 2126 1580 2160 ‘,
1596 2126 1711 2153 frustra-

924 2185 977 2214 que
989 2177 1093 2208 infelix,
1108 2183 1140 2203 ac
1153 2175 1214 2203 sine
1231 2174 1309 2209 fruge
1324 2173 1430 2200 laboro.

81 2221 157 2248 spem
185 2213 267 2240 acciti
295 2218 324 2241 et
349 2214 460 2246 vocati,
492 2221 588 2242 mutuo
616 2215 793 2248 adamantes,
821 2223 870 2242 cett
888 2222 910 2250 ι)
934 2213 938 2214 ⁷
961 2224 1013 2251 Sed
1037 2228 1128 2250 mne"
1153 2231 1202 2250 nec
1222 2221 1260 2249 sic
1276 2222 1406 2249 absigram
1425 2221 1491 2255 quin
1519 2221 1711 2252 meastpartes

82 2264 177 2286 mutua
186 2259 320 2293 membra,
336 2265 431 2288 mutuo
445 2262 622 2294 sustinentes,
636 2266 732 2288 mutuo
745 2261 873 2296 amplexi,

81 2310 177 2333 mutua
192 2313 278 2334 onera
295 2312 448 2342 portantes,
469 2316 523 2335 neu
538 2308 744 2336 committamus
767 2313 797 2335 ut
812 2316 874 2335 mu-

82 2353 165 2378 tando
177 2352 293 2379 consilio
309 2352 457 2380 decursum
472 2354 568 2389 ignave
583 2358 690 2389 tempus
705 2355 757 2382 sub
769 2354 873 2381 exitum

81 2405 255 2431 revocamus,
265 2399 331 2433 quin
352 2399 438 2427 simus
460 2404 592 2435 perpetuo
605 2401 707 2435 parati,
725 2400 868 2435 procincti,

82 2444 108 2471 in
126 2451 204 2479 spem
222 2445 335 2480 arrepti,
361 2445 471 2478 sinceri,
490 2446 633 2481 inculpati,
660 2451 690 2473 ut
711 2453 775 2474 cum
800 2446 871 2474 bona

82 2490 249 2517 conscientia
266 2490 329 2518 hinc
344 2490 459 2525 profecti
476 2492 587 2520 cmleste
604 2499 717 2527 regnum
731 2493 872 2520 nancisca-

83 2543 144 2562 mur
162 2543 211 2570 per
224 2536 363 2564 Christum
383 2536 475 2564 Jesum
499 2537 647 2565 Dominum
664 2542 790 2566 ttostrum
804 2547 810 2565 :
827 2538 872 2565 cui

83 2581 168 2614 gloria
190 2585 218 2608 et
240 2582 385 2617 imperium
401 2590 462 2610 cum
479 2583 570 2618 Patre,
591 2592 624 2612 ac
639 2589 735 2612 sancto
756 2583 871 2619 Spiritu,

85 2635 167 2659 nunc,
195 2632 223 2654 et
248 2635 366 2663 semper,
400 2629 425 2656 in
456 2637 623 2666 omnemque
652 2631 871 2666 perpetuitatem.

84 2672 181 2699 Amen.

121 2835 144 2851 ν’
163 2835 184 2862 Il
203 2836 267 2863 Cor.
286 2844 324 2867 vt,
345 2837 368 2863 7.

407 2838 429 2853 ’³
447 2837 548 2867 Jerem.
569 2847 664 2871 uvttt,
694 2839 736 2867 l6.

87 2869 107 2887 "
127 2870 205 2898 Joan.
223 2879 298 2905 xvnt,
315 2872 360 2899 ‘23.

400 2873 421 2888 "
440 2873 506 2902 Luc.
525 2882 602 2907 unt,
620 2875 664 2903 3i.

774 2840 797 2856 “
818 2839 912 2867 Matth.
935 2848 1007 2869 sxtv.
1024 2839 1116 2866 liii-i7.

704 2875 725 2891 '9
737 2874 836 2910 Ephes.
850 2884 886 2910 tv,
899 2876 943 2903 51.

923 2277 1071 2304 exsequar,
1093 2267 1244 2302 praesertim
1268 2274 1318 2294 nec
1335 2273 1437 2301 paucos
1449 2265 1552 2292 habens
1569 2264 1642 2291 serio
1658 2272 1708 2290 au-

922 2315 1038 2343 dientes.
1057 2313 1132 2341 Unde
1147 2314 1228 2348 igitur
1241 2314 1266 2339 ei
1283 2312 1462 2339 immodestia:
1474 2310 1579 2338 causa?
1598 2316 1709 2336 necessa

921 2363 964 2387 est
977 2359 1050 2386 enim
1066 2358 1168 2385 crimen
1195 2365 1250 2384 non
1279 2357 1416 2384 incessere
1434 2355 1534 2387 solum,
1552 2354 1599 2382 sed
1626 2353 1709 2380 etiam

923 2405 1084 2432 medicinam
1104 2402 1258 2430 ostendere.
1284 2402 1355 2429 Sane
1373 2402 1432 2428 hmc
1448 2408 1512 2428 sons
1533 2400 1625 2427 molita
1642 2407 1708 2426 con-

925 2451 1037 2480 scientia
1048 2455 1090 2478 est
1105 2450 1190 2477 fastus
1204 2449 1299 2482 animi,
1311 2456 1393 2484 prava
1409 2447 1588 2475 immeditatio
1601 2455 1608 2474 ι
1626 2446 1654 2472 Si
1671 2445 1711 2476 id,

926 2498 975 2529 ait,
991 2497 1058 2524 mihi
1072 2496 1153 2527 dicet,
1169 2496 1219 2522 hoc
1228 2495 1412 2529 respondero;
1430 2494 1454 2521 si
1466 2493 1491 2520 id
1502 2492 1592 2523 faciet.
1606 2499 1653 2526 par
1669 2491 1709 2518 fc-

926 2552 998 2572 ccro.
1014 2543 1114 2570 Deinde
1132 2550 1164 2569 ex
1180 2541 1315 2569 incidente
1331 2541 1458 2576 quopiam
1474 2543 1605 2575 praetextu
1619 2538 1709 2564 irrita-

925 2589 999 2616 tioue
1018 2591 1123 2619 coorta,
1142 2586 1178 2613 ibi
1199 2590 1256 2612 tum
1282 2593 1343 2620 quae
1362 2585 1434 2612 intus
1449 2582 1637 2611 suntconsilia
1653 2582 1709 2616 agi-

926 2636 980 2660 tata
998 2631 1137 2666 prodimus
1153 2629 1179 2655 iu
1197 2633 1334 2664 apertum:
1352 2636 1413 2655 nam
1428 2629 1484 2655 haec
1498 2626 1557 2661 ejus
1569 2625 1708 2660 explorata

926 2676 1057 2704 sententia
1070 2679 1128 2703 cst:
1140 2674 1180 2701 Ea:
1193 2674 1357 2701 abundantia
1369 2673 1455 2700 cordis
1472 2681 1499 2699 as
1510 2672 1628 2707 loquitur
1644 2669 1709 2697 :bo—

928 2731 976 2749 nus
989 2723 1066 2748 homo
1083 2721 1114 2747 de
1127 2720 1193 2748 bona
1214 2721 1336 2748 thesauro
1351 2719 1449 2754 profert
1476 2718 1554 2751 bona,
1577 2722 1601 2744 et
1623 2716 1708 2744 malus

1157 2841 1179 2857 ⁸³
1199 2840 1291 2868 Matth.
1313 2848 1373 2873 xxv,
1391 2841 1434 2868 40.

984 2874 1105 2903 ‘Jcrcm.
1130 2883 1167 2909 vt,
1186 2875 1229 2903 50.

1472 2841 1495 2857 θ⁶
1505 2839 1597 2868 Matth.
1618 2848 1642 2873 ν,
1664 2839 1705 2868 lli.
