1916 3075
204 151 252 182 571

792 148 821 177 S.
834 146 1031 177 THEODORI
1064 144 1236 175 STUDITAE

1777 138 1831 169 5'12

204 208 281 234 homo
307 205 339 232 de
357 204 426 231 malo
453 204 575 230 thesauro
590 203 691 238 profert
716 203 788 229 mala
807 203 827 228 '.
846 202 940 237 Itaque
956 201 991 229 sit
1006 203 1028 230 Δ
1078 199 1186 226 Scilicet
1200 207 1254 225 non
1274 205 1306 224 ex
1324 195 1431 231 injuriis
1442 195 1562 230 profecta
1580 194 1704 226 vulnera,
1722 198 1749 220 ct
1767 194 1831 220 vul-

205 253 313 279 animus
340 250 418 277 nobis
443 250 575 276 bonorum
598 248 772 275 consiliorum
790 249 944 280 thesaurus,
960 256 991 274 ac

206 305 259 323 non
284 295 366 323 modo
380 302 434 322 non
449 294 620 328 proferemus
637 294 719 326 mala,
737 298 783 320 aut
799 293 991 328 pugnabimus,

206 341 271 374 quin
290 340 413 366 dextram
431 338 537 365 ferienti
556 338 655 364 malam
678 337 858 372 pratbebimus
876 342 903 364 et
925 337 993 364 sitti-

207 391 291 413 stram
306 385 327 416 ³,
347 385 455 419 aliaque
473 389 571 411 cuncta
585 391 618 410 ex
634 383 790 418 evangelico
805 387 940 418 praecepto
953 383 994 410 fc-

207 438 308 458 remus.
317 429 369 457 Sed
382 437 429 456 cur
439 429 492 456 teis
503 428 644 464 perditum,
659 427 770 455 lsraelis
784 436 864 463 genu
877 427 908 454 “I
922 428 994 454 haud

208 477 257 504 ahs
268 483 298 502 re
310 475 355 502 hic
367 475 491 502 dicamus
504 482 623 510 quoque,
641 474 686 508 qui
709 474 742 501 de
760 474 802 500 die
827 474 853 500 in
869 473 940 501 diem
953 473 995 500 vi-

209 527 264 548 tam
289 521 421 548 trahimus
451 528 572 555 segnem,
588 524 615 547 et
642 519 700 546 sine
727 519 815 553 fruge,
838 519 949 553 ligurire
964 527 996 546 ac

209 567 367 602 permadere
383 566 509 600 equidem
535 566 597 592 sciti
621 570 648 592 ct
664 565 762 600 oppido
781 565 882 593 laudati
898 566 909 592 ἳ
927 565 997 601 Ergo

212 614 282 642 haud
310 614 467 641 Inuniamur
492 620 547 647 quo
565 613 654 640 minus
676 613 847 644 acerbemur,
863 613 997 648 prmfura-

211 669 283 693 mus,
298 667 462 693 irascamur,
477 660 637 692 clamemus,
653 660 726 686 unde
743 663 871 694 tanquam
890 660 942 687 tela
957 660 998 686 in-

211 706 290 741 juriae
318 705 502 741 proferantur,
531 710 614 740 atque
634 704 676 732 his
690 704 771 732 etiam
788 705 933 740 graviora?
958 705 997 732 En

213 752 291 779 edico
307 752 433 786 equidem
446 751 525 779 vobis
533 751 585 778 sub
598 751 780 778 instauratore
795 751 917 778 omnium
934 750 998 784 Deo,

213 805 246 825 ac
271 797 335 825 Jesu
351 797 471 831 Christo,
489 797 536 832 qui
555 797 670 832 egregiae
699 797 880 824 confessionis
906 805 999 824 coram

213 844 310 872 Pontio
329 844 415 871 Pilato
428 844 614 871 testimonium
633 844 749 878 peregit.
771 843 906 870 Servatote
929 852 999 878 pra:-

215 894 328 925 reptum,
347 894 377 916 ut
392 889 559 916 vociferatur
576 890 736 924 Apostolus,
757 890 813 916 sine
831 889 946 922 macula,
965 890 1001 916 ir-

215 936 415 970 reprehensibile
430 936 451 969 ⁵,
469 944 503 963 ne
517 943 561 963 me
583 937 699 970 adigatis
712 941 817 964 atroces
837 937 864 963 in
881 945 930 964 vos
944 943 1003 971 pce-

215 989 265 1009 nas
283 985 404 1009 statuere
421 990 428 1015 ;
446 982 512 1016 quin
528 981 660 1016 gravitate
680 989 713 1009 ac
732 982 864 1009 modestia
885 982 1001 1016 praediti,

214 1034 294 1054 etme
309 1031 414 1054 sontem
429 1027 581 1060 oblectctis,
595 1031 622 1054 et
646 1028 730 1054 Deum
744 1027 906 1061 procurctis,
922 1032 1003 1054 aster-

216 1073 259 1100 nis
270 1073 349 1100 bonis
368 1072 477 1099 fruituri
492 1072 598 1099 Domini
611 1073 697 1100 nostri
709 1072 772 1100 Jesu
786 1072 888 1100 Christi
904 1073 1003 1100 libera-

216 1120 291 1147 litate
305 1124 387 1154 atque
403 1119 536 1146 beneﬁcio
550 1139 557 1152 ,
575 1120 617 1147 cui
629 1119 725 1154 gloria,
735 1124 762 1146 et
774 1120 929 1154 imperium,
941 1127 1003 1147 cum

216 1166 307 1199 Patre,
321 1173 353 1193 ac
373 1171 469 1193 sancto
486 1165 599 1200 Spiritu,
615 1173 699 1197 nunc,
714 1169 740 1192 et
767 1172 884 1199 semper,
902 1165 929 1192 in
945 1173 1004 1192 om-

218 1218 333 1246 nemque
349 1211 568 1246 perpetuitatem.
582 1211 677 1238 Amen.

497 1255 612 1283 SERMO
629 1256 721 1283 XLVI.

219 1301 253 1328 In
273 1305 441 1337 pugttatores.
456 1301 494 1328 De
510 1310 573 1335 pace
586 1310 617 1328 ac
638 1302 848 1334 mansuetudine,
866 1303 1005 1329 comitate-

487 1344 535 1371 que
549 1342 573 1363 et
588 1337 748 1371 virginitate.

253 1384 364 1412 Fratres
388 1383 545 1418 Patresque,
558 1391 607 1410 nec
622 1391 665 1410 me
681 1383 792 1418 alloquii
814 1384 941 1417 salubris,
958 1391 1007 1411 nec

219 1437 268 1457 vos
279 1429 350 1464 frugi
363 1429 511 1456 auditionis
524 1429 636 1456 satietas
647 1429 736 1463 capiat
750 1436 862 1456 necesse
875 1434 917 1456 est
932 1437 940 1462 ;
960 1429 1006 1456 sed

222 1475 331 1509 utrique
346 1474 379 1501 ad
394 1473 531 1501 utrumvis
545 1473 585 1501 sic
598 1474 762 1506 animemur,
776 1479 804 1500 ut
822 1481 920 1508 aquam
940 1473 1007 1500 hau-

1044 252 1137 270 nerum
1154 242 1262 270 assecla:
1281 249 1360 268 ncces
1372 241 1383 267 ἱ)
1395 240 1465 274 Ergo
1490 239 1542 266 hoc
1564 243 1691 273 suscepto
1715 238 1832 268 scelere,

1043 289 1141 323 quibus
1158 288 1286 316 convenit
1305 286 1394 321 pcenis
1420 284 1619 319 subjicicntur,
1647 291 1681 310 ne
1705 283 1731 309 in
1752 283 1835 317 pejus

1044 334 1239 370 provehantur.
1255 333 1390 360 Caeterum
1408 339 1467 363 vos,
1483 329 1636 357 charissimi
1651 329 1760 360 fratres,
1781 336 1834 355 ceu

1044 378 1172 414 discipuli
1195 377 1342 408 mansueti,
1361 383 1393 403 ac
1407 382 1501 410 pacem
1520 374 1668 408 largientes
1684 373 1752 405 heri,
1774 373 1835 407 pla-

1045 425 1105 452 cide
1120 428 1316 457 mansuetequc
1340 421 1440 456 degite,
1456 428 1549 455 pacem
1564 419 1681 454 amplexi
1695 426 1756 446 cum
1771 426 1834 445 om-

1047 471 1169 502 nibus,et
1181 468 1402 499 sanctimoniam.
1415 467 1474 494 sine
1490 474 1542 501 qua
1562 465 1646 492 Deum
1662 464 1837 492 contuebilur

1048 517 1148 549 nullus,
1166 515 1283 542 maxime
1309 513 1417 541 reveriti
1432 511 1603 539 Dominicum
1628 518 1727 545 corpus
1752 515 1838 544 atque

1048 562 1219 596 sanguinem,
1243 568 1298 595 quo
1323 559 1408 587 simus
1423 558 1512 592 potiti.
1526 556 1718 589 Quamobrem,
1738 563 1771 581 ne
1788 556 1838 589 qui

1049 609 1170 635 imbutus
1183 607 1290 634 animus
1301 609 1344 632 est
1361 605 1420 632 sine
1435 603 1540 630 macula
1558 602 1647 634 donis,
1661 601 1838 632 tumultibus,

1050 654 1167 685 insania,
1177 649 1543 679 foedisdesideriisimbuitor
1555 658 1562 681 ;
1574 655 1627 675 neu
1638 655 1680 679 os,
1690 647 1840 673 immortali

1050 699 1148 726 hausto
1172 698 1263 730 fonte,
1292 696 1417 724 sordidos
1441 702 1593 724 sermones,
1610 701 1641 720 ac
1656 693 1763 720 cloacas
1779 692 1842 718 ina-

1051 752 1099 772 nes
1115 744 1206 777 edito;
1225 751 1277 770 neu
1296 741 1380 774 oculi,
1401 746 1516 774 augusto
1539 740 1671 774 sanguine
1683 739 1760 772 piati,
1774 738 1843 764 etle-

1052 798 1112 817 rum
1130 794 1274 820 cernuuto,
1292 793 1318 814 et
1347 791 1474 821 aspectus
1502 784 1670 812 meretricios
1696 783 1842 817 fingunto;

1053 843 1104 862 neu
1120 842 1228 865 manus,
1243 834 1328 861 sacris
1342 832 1489 860 contractis
1500 830 1596 864 opibus
1608 849 1615 861 ,
1633 836 1693 864 quae
1709 828 1785 855 nefas
1805 829 1846 855 sit

1052 884 1212 911 attrectato;
1234 878 1299 912 quin
1316 881 1415 904 cuncta
1431 876 1551 903 membra
1567 874 1681 909 proinde
1696 881 1728 900 ac
1738 873 1846 900 Christi

1052 926 1176 953 membra
1202 923 1393 952 custodiuntor
1424 927 1505 956 atque
1531 924 1681 948 scrvantor.
1708 918 1847 953 Equidem

1052 979 1113 998 cum
1127 971 1216 997 virtus
1230 969 1315 996 ardua
1331 968 1421 995 omnis
1444 966 1599 1000 summique
1615 965 1669 1003 voti
1688 969 1729 990 est
1745 964 1847 998 acqui-

1054 1024 1123 1048 rere,
1136 1020 1193 1043 tum
1205 1013 1365 1049 virginitatis
1382 1013 1468 1040 instar
1484 1011 1556 1039 nulla
1572 1015 1612 1037 est
1628 1019 1635 1038 :
1651 1018 1712 1036 nam
1724 1009 1781 1036 haec
1799 1009 1848 1036 illa

1052 1066 1095 1089 est
1108 1060 1232 1096 quaajam
1247 1060 1311 1087 olim
1328 1059 1355 1085 in
1377 1057 1501 1093 pomario
1530 1056 1629 1082 reluxit
1643 1076 1650 1087 ,
1669 1055 1744 1090 prius
1759 1064 1849 1089 quam

1053 1106 1244 1134 decessoribus
1258 1112 1271 1131 a
1287 1108 1411 1139 serpente
1427 1103 1518 1130 oblata
1531 1102 1605 1129 fraus
1619 1106 1672 1135 est,
1702 1106 1729 1128 et
1741 1101 1851 1127 Christi

1054 1152 1147 1180 effecta
1163 1150 1259 1183 Mater,
1272 1154 1299 1176 et
1313 1149 1424 1184 angelos
1441 1156 1473 1175 ex
1490 1147 1648 1175 hominibus
1672 1147 1764 1174 molita
1780 1151 1826 1174 est
1842 1157 1849 1173 :

1055 1198 1154 1232 quippe
1168 1195 1337 1223 matrimonii
1351 1199 1378 1221 et
1395 1194 1472 1229 origo
1488 1193 1546 1221 ha‘c
1556 1198 1717 1225 extremum,
1732 1201 1854 1227 corrup-

1057 1244 1108 1270 tela
1124 1248 1183 1275 est;
1199 1246 1226 1269 et
1242 1240 1385 1277 virginitas
1401 1240 1533 1267 mundum
1550 1239 1583 1266 ad
1610 1239 1852 1266 immortalitatem

1056 1289 1181 1323 surrigit.

1094 1334 1128 1361 At
1142 1334 1189 1369 qui
1210 1341 1270 1361 eam
1281 1331 1432 1368 paremus?
1445 1330 1518 1358 dicat
1533 1331 1680 1365 quispiam.
1699 1329 1750 1362 Qui
1768 1329 1855 1356 aliter

1057 1384 1168 1407 censent
1189 1378 1240 1405 nisi
1257 1378 1397 1405 laboribus
1424 1377 1497 1404 mille
1513 1384 1545 1403 ac
1562 1374 1731 1403 sudoribus?
1747 1374 1793 1400 ubi
1810 1380 1855 1400 est

1059 1426 1130 1453 enim
1148 1425 1244 1459 ingens
1269 1423 1433 1458 perfunctio,
1451 1422 1571 1449 studium
1595 1428 1705 1456 quoque
1723 1428 1795 1454 optts
1810 1425 1856 1446 t'sl

1059 1478 1208 1499 sunnnum.
1232 1470 1366 1502 Quocirca
1400 1472 1430 1495 ut
1466 1468 1602 1494 irruentes
1640 1471 1737 1493 acutus
1775 1467 1857 1492 ensis

222 1519 276 1545 tire
302 1518 429 1546 scientes.
446 1517 535 1553 Atque
550 1518 575 1545 id
592 1522 634 1546 est
648 1523 837 1553 argumentum
857 1518 1006 1553 profectuS,
1022 1531 1043 1560 ο
1060 1516 1197 1548 com-idat,
1214 1515 1247 1542 ad
1264 1515 1390 1542 eumdem
1404 1513 1515 1540 modum
1528 1516 1555 1539 et
1568 1512 1677 1538 animus
1689 1510 1737 1537 Dei
1751 1511 1858 1537 timore

223 1564 280 1590 huic
301 1563 410 1591 occasio
434 1564 551 1597 salutis;
571 1568 696 1592 sternunt
715 1563 786 1591 enim
815 1564 849 1590 ad
869 1571 912 1591 res
936 1564 1007 1590 viam

223 1617 372 1642 sermones,
394 1610 499 1637 honesti
528 1610 561 1637 ad
577 1610 717 1642 honestas,
731 1609 860 1636 contrarii
880 1610 914 1636 ad
941 1618 1008 1637 con-

224 1655 332 1682 trarias.
352 1655 437 1690 Igitur
461 1655 506 1690 qui
525 1662 605 1690 agere
629 1655 742 1682 honesta
756 1655 909 1689 cupiamus,
926 1655 1009 1681 Itone-

223 1701 273 1728 stis
289 1701 462 1729 sermonibus
482 1709 514 1728 ac
530 1701 621 1735 probis
633 1701 819 1728 contuberniis
834 1705 954 1735 utamur,
976 1708 1009 1728 ne

223 1746 381 1773 aberremus
396 1746 430 1773 ab
443 1745 545 1772 olIicio:
562 1746 635 1780 quod
653 1746 797 1780 Apostolus
825 1746 925 1774 docens
944 1746 1011 1773 scri-

225 1791 263 1817 bit
282 1791 308 1817 in
324 1791 381 1818 hac
397 1791 477 1818 verba
492 1798 500 1817 :
518 1790 610 1818 Omnia
626 1799 711 1818 sermo
726 1793 812 1818 malus
827 1801 859 1819 ea:
870 1800 913 1819 ore
926 1798 1010 1819 vestro

208 1844 276 1862 ~non
292 1839 426 1870 procedat,
444 1836 490 1863 sed
504 1837 528 1863 si
547 1837 605 1871 quis
635 1837 727 1871 bonus,
756 1838 790 1864 ad
808 1839 1011 1872 adiﬁcationem

226 1882 297 1916 frugi
315 1886 340 1908 et
358 1881 442 1914 utilis,
458 1887 485 1908 ut
498 1882 540 1908 det
565 1883 681 1917 gratiam
696 1883 876 1916 audientibus,
894 1889 918 1910 et
933 1884 1011 1910 nolite

225 1928 383 1954 contristare
407 1927 538 1962 Spiritum
564 1933 684 1954 sanctum
709 1928 769 1961 Dei,
795 1929 822 1955 in
847 1937 897 1964 quo
914 1930 1011 1964 signati

224 1973 287 1999 estis
308 1973 334 1998 in
357 1973 426 1999 diem
450 1973 669 2007 redemptionis".
695 1973 728 2000 Et
758 1981 886 2001 rursum;
920 1974 1010 2001 Omnis

225 2019 385 2050 amaritudo,
400 2023 424 2046 et
435 2019 486 2050 ira,
499 2023 524 2045 et
542 2019 701 2054 indignatio,
721 2024 745 2046 et
766 2019 878 2053 clamor,
893 2025 917 2047 et
935 2020 1011 2047 blas-

225 2065 327 2098 phemia
348 2064 457 2091 tollatur
475 2074 491 2092 a
507 2066 579 2093 vobis
591 2086 597 2098 ,
613 2074 672 2092 cum
695 2067 767 2092 omni
782 2066 904 2092 malitia:
932 2071 1012 2093 estote

225 2114 313 2135 autent
328 2109 436 2136 invicem
453 2109 568 2144 benigni,
581 2109 774 2141 misericordes,
796 2110 924 2136 donantes
947 2110 1013 2136 invi-

225 2162 295 2186 cem;
311 2154 378 2180 sicut
391 2159 414 2180 et
426 2155 495 2181 Deus
511 2155 538 2181 in
553 2154 656 2181 Christo
672 2155 779 2182 donarit
791 2155 863 2181 nobis
871 2155 892 2181 ⁷.

1062 1562 1140 1597 quasi
1159 1561 1274 1596 quodam
1291 1559 1456 1586 fabrefactus
1471 1559 1542 1593 igne,
1559 1562 1587 1585 et
1599 1564 1669 1592 aqua
1683 1561 1858 1590 temperatus

1063 1609 1257 1643 Iacrymarum,
1269 1606 1403 1633 diabolica
1416 1611 1495 1632 sensa
1509 1603 1682 1633 obtruncato,
1698 1601 1859 1636 prarquue

1063 1654 1162 1681 habeto
1179 1662 1186 1679 :
1204 1653 1246 1680 sin
1265 1652 1370 1679 accidat
1384 1649 1518 1682 obtundi,
1535 1656 1645 1676 rursum
1671 1651 1858 1680 temperator,

1064 1699 1200 1727 caedendis
1213 1706 1267 1724 non
1285 1697 1359 1724 mille
1387 1696 1487 1727 solum,
1511 1694 1577 1729 quin
1606 1693 1699 1720 decem
1729 1692 1859 1718 millibus

1063 1753 1182 1780 quoque,
1202 1745 1242 1771 uti
1266 1748 1307 1771 est
1330 1743 1357 1769 in
1385 1741 1513 1768 Davidcm
1541 1739 1671 1774 jactatum
1690 1747 1696 1764 :
1713 1737 1858 1771 siquidem

1064 1792 1142 1819 multi
1166 1791 1212 1826 qui
1229 1797 1279 1818 nos
1305 1797 1320 1816 e
1345 1788 1454 1816 sublimi
1478 1790 1643 1821 oppugnent,
1666 1784 1796 1818 milleque
1814 1783 1861 1810 iu-

1065 1841 1168 1865 structa
1185 1836 1212 1863 in
1230 1844 1281 1863 nos
1297 1836 1355 1863 acie
1372 1841 1489 1869 nequam
1507 1833 1620 1868 spiritus
1635 1840 1642 1858 :
1655 1831 1756 1866 quibus
1781 1830 1859 1864 obji—

1065 1891 1126 1911 ccre
1139 1891 1168 1911 se
1185 1882 1219 1910 ad
1235 1886 1406 1912 extremum,
1430 1879 1533 1907 Christi
1554 1878 1667 1905 militem
1684 1884 1717 1904 ac
1731 1884 1798 1903 vere
1814 1876 1860 1902 Iu-

1065 1930 1203 1957 culentum
1220 1928 1351 1955 victorem
1365 1926 1471 1961 probat.
1490 1925 1543 1952 Sed
1558 1924 1650 1951 divina
1664 1922 1859 1950 misericordia

1065 1980 1093 2003 et
1108 1974 1303 2002 consceleratis
1318 1973 1395 2000 venia
1408 1971 1547 2006 contingat
1560 1991 1566 2001 .
1584 1974 1610 1997 et
1624 1969 1715 2000 nobis,
1731 1968 1780 2003 qui
1805 1969 1861 1995 rite

1066 2021 1202 2048 currimus
1217 2019 1249 2046 ad
1259 2024 1358 2046 cuncta
1373 2018 1420 2045 Dei
1430 2022 1561 2052 przecepta
1573 2014 1762 2049 crs-cquenda,
1776 2014 1842 2040 insu
1853 2029 1860 2033 -

1067 2073 1114 2101 per
1129 2065 1256 2092 alacritas
1269 2084 1276 2095 ,
1291 2071 1405 2098 regnum
1422 2061 1561 2096 adrpturis
1580 2061 1690 2087 caeleste
1708 2067 1756 2093 per
1772 2058 1860 2086 Chri-

1067 2116 1137 2139 stum
1151 2110 1243 2138 Jesum
1259 2109 1404 2136 Dominum
1420 2111 1543 2135 nostrum
1566 2115 1572 2132 :
1592 2105 1636 2132 cui
1656 2104 1742 2139 gloria
1758 2109 1788 2131 et
1809 2104 1861 2130 im-

1067 2157 1171 2192 perium
1203 2163 1266 2182 cum
1292 2153 1382 2186 Patre,
1405 2161 1437 2180 ac
1457 2157 1551 2180 sancto
1574 2151 1696 2186 Spiritu,
1714 2158 1808 2182 nunc,
1833 2156 1862 2177 ct

262 2200 362 2228 Videtis
376 2201 441 2236 quid
452 2202 539 2229 etlicat
552 2202 563 2228 ?
575 2209 636 2236 qua:
656 2203 795 2228 accuratio
811 2202 959 2237 praecepti?
978 2201 1010 2230 Et
1027 2207 1048 2234 ι)
1065 2209 1185 2237 semper,
1201 2201 1228 2228 in
1247 2207 1411 2234 omnemque
1424 2198 1642 2234 perpetuitatem.
1660 2197 1756 2222 Amen.

224 2254 294 2280 quos
316 2246 458 2280 alloquens
481 2254 546 2274 vero
561 2246 573 2273 ?
588 2254 641 2273 non
658 2247 817 2279 monachos,
835 2247 882 2274 sed
900 2247 1013 2273 omnino

225 2300 320 2320 omnes
338 2292 501 2320 mundanos.
518 2292 547 2319 In
565 2292 714 2319 monachos
729 2293 839 2327 quidem
866 2293 923 2320 haec
947 2300 1014 2327 qua-

224 2338 316 2364 drent:
336 2337 389 2370 Qui
405 2341 492 2364 autem
508 2342 569 2365 sunt
584 2337 695 2368 Christi.
713 2346 818 2364 carnem
835 2346 912 2365 suam
929 2339 1014 2364 cruci-

225 2386 351 2418 ]i.rerunt,
366 2393 425 2411 cum
438 2385 508 2411 vitiis
537 2389 562 2412 et
586 2385 804 2418 concupiscentiis
822 2385 843 2417 ⁸,
862 2392 910 2412 ccu
931 2385 1015 2411 scale-

227 2437 286 2455 rato
302 2429 415 2456 facinori
431 2429 555 2465 inagiles.
574 2430 640 2463 Qua:
667 2437 730 2456 cum
745 2430 781 2457 ita
810 2430 875 2461 sint,
895 2429 1011 2457 viderint

227 2483 299 2503 nunc
320 2480 483 2510 pugnatores
500 2484 554 2511 quo
568 2476 702 2511 supplicio
720 2477 774 2503 sint
788 2475 874 2511 digni,
891 2476 936 2510 qui
958 2483 1011 2503 non

226 2522 370 2556 pugnarint
391 2522 483 2556 modo,
500 2523 546 2550 sed
564 2522 681 2550 invicem
699 2530 797 2550 manus
812 2530 920 2558 quoque
943 2522 1011 2556 inje-

225 2568 321 2595 cerint.
349 2568 415 2595 Ten’
438 2568 528 2596 adhuc
554 2568 631 2595 laicis
643 2575 788 2595 accensum
806 2567 832 2594 in
850 2568 1012 2594 monachqu

225 2614 383 2641 involasse?
399 2615 452 2641 ten’
468 2622 567 2642 ausum
583 2614 629 2647 qui
649 2613 803 2640 monachus
819 2613 868 2647 sis,
885 2613 1013 2640 obedien—

226 2659 278 2691 tite,
298 2659 378 2687 utsic
391 2660 492 2692 dicam,
510 2660 656 2687 candidato
668 2659 766 2687 fustem
783 2659 907 2686 illidere?
922 2659 1013 2694 Itaque

225 2715 279 2733 non
291 2706 443 2733 monachus
455 2713 496 2738 cs,
511 2706 558 2733 sed
575 2706 789 2738 monomachus;
808 2713 862 2732 non
876 2713 1013 2738 exercere,

226 2752 271 2779 srd
286 2751 466 2785 latrocinare;
483 2759 537 2779 non
555 2751 640 2786 pacis,
655 2751 702 2779 sed
718 2751 764 2779 irae
779 2751 849 2778 Illius
866 2758 904 2778 cs.

276 2833 286 2847 '
305 2831 399 2860 lllattlt.
422 2840 471 2864 xtl,
491 2833 536 2859 35.
593 2833 602 2848 ³
625 2832 719 2860 Matth.
740 2833 819 2864 \',59.

227 2867 235 2882 ⁷
253 2867 318 2894 ἰυιι.
336 2868 431 2900 ⁸51,52
456 2869 466 2884 θ
485 2867 572 2895 Galal.
592 2876 618 2900 v,
634 2868 678 2894 ‘ZL

886 2831 894 2846 ³
917 2830 1003 2859 Ειουιι
1029 2839 1123 2866 XXXIII,
1141 2834 1178 2861 Il.

1356 2253 1473 2281 SERMO
1486 2252 1581 2280 XLVII

1064 2302 1274 2329 Permittendum
1289 2309 1340 2328 non
1358 2307 1413 2327 esse
1431 2304 1458 2325 ut
1474 2306 1563 2332 prava:
1578 2298 1605 2324 in
1620 2296 1694 2323 nobis
1712 2297 1862 2331 cogitatio-

1199 2345 1243 2364 nos
1258 2337 1400 2367 residerint,
1413 2342 1444 2361 ac
1460 2335 1490 2361 de
1506 2342 1557 2360 non
1577 2332 1708 2366 pulsando

1100 2384 1208 2411 Fratres
1231 2383 1392 2416 Patresque,
1401 2380 1470 2407 nihil
1483 2379 1590 2414 agimus
1602 2385 1743 2412 magnum,
1756 2379 1861 2412 postri-

1064 2430 1108 2457 dic
1126 2428 1239 2457 Sabbati
1256 2427 1297 2454 bis
1330 2431 1404 2453 terve
1419 2432 1468 2452 vos
1489 2425 1672 2458 alloquentes,
1690 2423 1757 2457 quin
1776 2423 1800 2450 si
1817 2423 1863 2450 fas

1063 2475 1134 2503 foret
1151 2475 1194 2502 vel
1220 2473 1341 2509 quotidie
1360 2473 1494 2504 factitare,
1510 2471 1645 2506 praeberet
1669 2470 1695 2496 id
1714 2477 1769 2495 non
1797 2470 1862 2496 esi-

1062 2530 1144 2558 guum
1161 2521 1334 2549 commodum
1349 2528 1355 2546 :
1370 2519 1469 2546 etenim
1483 2517 1606 2552 quotidie
1617 2524 1713 2543 omnes
1725 2516 1863 2547 labimur,

1063 2569 1188 2603 interque
1204 2575 1255 2594 nos
1276 2566 1494 2594 cohortationcm
1511 2564 1653 2596 vicissim,
1677 2566 1760 2597 atque
1779 2563 1863 2597 adju-

1062 2618 1184 2641 mentum
1200 2612 1374 2647 requirimus,
1391 2618 1446 2645 quo
1459 2609 1641 2644 surrigamur,
1652 2613 1678 2635 ct
1692 2607 1719 2634 in
1734 2607 1861 2642 priorem

1067 2663 1236 2686 revertantur
1248 2661 1348 2684 statqu
1365 2665 1371 2683 :
1388 2663 1449 2682 nam
1463 2655 1587 2689 equidem
1604 2658 1691 2680 status
1704 2657 1746 2680 cst
1760 2653 1865 2685 virtus,

1067 2705 1101 2732 al)
1118 2711 1205 2738 eaque
1217 2703 1362 2730 declinatio
1378 2701 1474 2728 vitium
1487 2706 1529 2727 est
1555 2704 1637 2734 atque
1652 2699 1822 2726 nominatur.

1103 2749 1162 2776 Iam
1190 2749 1214 2776 id
1228 2749 1419 2783 gravissimum
1439 2747 1570 2783 quisque,
1598 2754 1630 2772 ac
1654 2744 1863 2780 projcctissitna

1235 2833 1245 2848 ⁵
1262 2831 1269 2858 I
1284 2831 1353 2859 Tun.
1370 2839 1406 2864 γι,
1423 2830 1464 2857 Η.
1528 2830 1537 2845 ⁶
1555 2828 1651 2863 I‘lpltt‘s.
1680 2834 1716 2858 IV,
1751 2825 1797 2858 29,
1813 2825 1861 2851 30.
