1916 3075
59 147 99 176 5Ῑ3

56 206 100 231 vita
116 202 201 231 scelus
214 208 334 235 censeat,
349 204 459 231 actione
473 204 603 241 defungi;
636 210 699 240 puta
722 211 830 240 stupro,

56 251 183 283 adulterio,
194 249 319 281 libidine,
329 250 462 282 foeditate,
470 255 497 278 et
505 259 567 286 quze
578 253 629 279 alia
640 257 705 279 sunt
714 251 826 288 ﬂagitia,

56 303 156 331 quorum
172 300 198 323 et
218 295 385 330 permolesta
403 296 446 323 lex
465 302 524 330 est;
547 302 573 325 at
589 298 706 333 diligens
718 319 725 330 ,
741 303 768 326 et
782 305 830 325 ac-

55 344 166 373 curatus,
193 348 246 368 nec
260 339 474 369 deformationes
490 342 574 369 animi
591 347 694 378 turpes,
719 351 751 370 ac
769 351 831 378 quae

56 386 217 420 hinccorpori
231 386 352 414 titillatio
362 387 506 422 quaeritur,
522 389 646 417 insontes
659 389 750 422 habet,
763 397 831 417 cun-

57 436 137 467 ctaque
151 431 251 467 satagit
268 431 387 464 abolere,
405 437 431 460 et
447 441 461 459 a
477 433 568 461 noxiis
590 434 735 461 all'ectihus
751 434 832 469 quie-

57 483 99 504 tem
114 478 210 505 ducere
225 486 232 504 :
249 477 322 512 quod
338 483 379 505 est
395 485 489 512 pacem
508 479 610 506 habere
629 487 692 507 cum
712 478 768 506 Deo
783 487 832 514 per

57 523 175 550 Christum
189 521 284 550 Jesum
304 521 451 552 Dominum
467 528 594 551 nostrum
606 523 627 557 ’,
645 524 831 559 utApostolus

58 568 172 602 loquitur.

84 613 108 640 ln
119 621 169 647 qua
187 613 299 640 animus
313 612 476 645 collocatus,
503 614 665 642 vehemente
681 614 782 648 gaudio
798 621 831 641 ac

57 659 174 693 voluptate
187 658 398 685 inexsaturabili
410 658 520 692 fruitur,
532 659 578 687 Dei
589 660 749 688 notionihus
760 660 832 687 iner-

58 713 119 736 rans,
129 710 154 732 et
167 704 289 731 infandae
307 704 460 739 maiestatis
476 705 700 740 contemplationi
720 706 831 740 penitus

57 750 191 782 immersus,
206 755 234 776 ut
250 749 295 777 sui
310 750 488 777 obliviscatur
507 758 633 786 quoque,
656 751 698 778 sin
712 758 745 778 co
759 755 831 779 statu

56 796 170 828 demotus,
181 795 272 822 brutis
283 794 430 822 desideriis
443 795 577 828 trahatur,
593 795 727 828 tunditur,
741 795 831 830 jacta-

57 848 146 877 turque,
163 847 192 869 ut
208 849 223 868 a
239 841 392 869 fluctuante
419 842 487 868 mari
512 843 613 877 agitata
630 842 727 876 navis,
753 850 785 870 ac
803 843 829 870 ni

56 888 128 922 opiier
143 888 223 915 instet
235 888 321 921 Deus,
339 892 366 915 et
381 887 557 923 naufragium
576 889 708 924 patiatur.

83 933 162 968 Itaque
185 934 276 961 danda
293 939 335 961 est
351 941 448 969 opera,
467 933 575 966 fratres,
595 943 629 962 ne
663 935 783 963 residere
800 935 828 963 in

58 978 120 1006 nobis
137 986 232 1014 pravas
252 979 435 1013 cogitationes
459 980 597 1012 sinamus,
614 980 662 1008 sed
678 980 829 1008 evellamus

57 1024 167 1052 radicitus
194 1033 201 1052 :
228 1024 368 1059 siquidem
394 1029 491 1052 nactus
516 1032 631 1060 serpens
657 1025 828 1060 inspectandi

58 1069 139 1102 locum,
158 1077 189 1097 ac
204 1070 339 1104 paulatim
364 1070 511 1104 subeundi,
533 1070 615 1105 plane
632 1071 704 1098 haud
720 1071 830 1098 absistit

57 1114 76 1140 ni
88 1120 190 1142 mortem
208 1115 358 1150 pepererit.
378 1114 450 1149 Ergo
464 1115 504 1142 ait
527 1115 673 1150 Scriptura
689 1125 696 1143 :
718 1116 768 1143 Hic
779 1116 828 1143 tibi

57 1160 152 1188 tuebitur
166 1161 251 1188 calces
262 1161 298 1194 ",
315 1161 342 1188 id
370 1166 423 1194 est,
445 1163 563 1190 actionis
591 1163 673 1190 linem
692 1167 719 1190 et
740 1168 830 1191 extre

58 1215 124 1240 unum,
145 1212 171 1234 tu
188 1209 212 1235 ei
236 1213 332 1242 caput,
349 1207 402 1235 hoc
417 1213 459 1235 est
475 1209 650 1242 cogitationis
675 1209 827 1237 incursum.

58 1253 124 1288 Igitur
150 1255 322 1282 obsistamus
350 1255 479 1290 deinceps
508 1256 632 1283 animose
660 1256 828 1290 incursibus,

57 1300 226 1336 palantesque,
261 1301 447 1336 cogitationes
473 1302 640 1337 prazdemur,
665 1306 693 1329 et
725 1303 828 1330 salsum

58 1347 118 1379 quasi
134 1346 269 1381 quoddam
287 1347 393 1382 peccati
411 1355 486 1374 mare
503 1347 679 1381 dividamus;
693 1355 748 1383 quo
765 1355 828 1376 eum

59 1390 141 1420 Davide
162 1400 211 1420 nos
238 1400 352 1428 quoque
379 1393 471 1420 dicere
484 1400 631 1428 queamus,
647 1393 829 1421 Transivimus

57 1445 91 1469 per
100 1438 176 1472 ignem
191 1443 216 1465 et
227 1446 340 1474 aquam,
349 1443 374 1465 et
385 1438 502 1465 eduxirti
518 1447 565 1466 nos
578 1439 606 1465 in
618 1438 784 1474 refrigerium
794 1438 827 1465 ¹¹.

59 1483 169 1511 Caeterum
185 1492 239 1512 non
256 1484 284 1511 id
297 1484 398 1511 vitium
415 1484 552 1512 duntaxat
565 1484 689 1512 animum
713 1488 828 1512 contur-

58 1529 92 1556 bat
104 1534 127 1557 et
137 1531 241 1563 evertit,
259 1530 328 1565 quin
347 1530 389 1558 vel
404 1530 525 1558 maxime
541 1530 619 1558 furor
638 1539 645 1557 :
663 1538 738 1562 nam,
760 1530 829 1557 Tur-

59 1574 118 1601 bam
127 1581 172 1608 ut,
184 1576 285 1611 inquit,
303 1585 320 1603 a
331 1576 422 1610 furore
433 1576 524 1604 oculus
538 1585 610 1604 metu
621 1577 659 1610 ¹¹;
676 1581 703 1604 et
718 1585 725 1603 :
738 1575 829 1603 Furor

59 1619 101 1647 illis
113 1622 248 1648 secundum
271 1621 477 1649 similitudinem
497 1621 663 1657 serpentis",
683 1625 723 1657 et,
741 1621 831 1649 Furor

59 1666 257 1695 insinumentum
271 1668 464 1701 stabuletur“,
473 1673 510 1701 et,
523 1667 641 1703 Impetus
657 1668 759 1703 furoris
771 1668 829 1703 ejus

60 1712 120 1740 ruina
131 1719 166 1740 est
180 1715 246 1742 ei".
262 1714 319 1748 Qui
337 1714 408 1742 unde
425 1714 551 1742 nascitur
565 1715 619 1742 nisi
635 1723 669 1742 ex
681 1718 830 1747 arrogante

60 1765 84 1784 ac
105 1765 271 1795 contempore
298 1769 394 1792 sensu,
423 1762 471 1797 qui
495 1769 525 1789 se
548 1761 651 1796 aliquid
667 1761 828 1793 arbitretur,

60 1809 124 1839 atque
141 1806 166 1833 in
182 1807 326 1835 subditum
346 1807 475 1835 ferociat‘t
490 1809 591 1843 quippe
605 1807 690 1835 animi
705 1807 828 1835 submis-

59 1858 103 1883 sus,
127 1852 216 1879 herum
241 1853 379 1884 imitatus.
405 1853 476 1881 lenis
504 1858 532 1881 et
561 1854 674 1882 sedatus
691 1857 744 1886 est,
773 1860 828 1880 non

59 1899 200 1927 contendens
228 1907 323 1934 neque
349 1900 485 1927 clamans.
501 1900 540 1928 Ac
567 1900 590 1928 si
615 1900 681 1935 quid
709 1899 826 1932 accidat,

59 1942 127 1976 magis
142 1943 190 1970 fert
202 1944 334 1980 injuriam
348 1952 432 1979 quam
447 1945 545 1978 infert,
563 1945 672 1978 feritur,
688 1953 742 1972 non
762 1944 830 1972 refe-

59 1987 93 2014 rit.
104 1989 134 2016 At
148 1991 244 2025 quibus
258 1991 294 2019 de
307 1992 409 2026 agitur,
428 1999 483 2019 non
499 1992 589 2019 solum
605 1992 709 2019 furiose
729 1997 829 2020 contu-

59 2034 130 2062 meliis
142 2041 262 2071 certant,
281 2038 330 2065 sed
352 2038 463 2072 pulsare
479 2038 583 2066 audent
604 2046 724 2074 quoqtte,
740 2043 766 2066 et
784 2038 828 2074 pol

59 2079 134 2109 habitu
149 2083 313 2118 eonjunctos
334 2083 449 2117 fratres;
462 2089 519 2111 tum
536 2085 652 2112 incusati
667 2085 701 2112 de
716 2084 829 2112 temeri-

59 2130 108 2158 lnte,
118 2129 274 2163 respondent
288 2137 464 2165 nequaquam
476 2137 506 2158 se
517 2130 631 2157 Canone
643 2130 740 2163 teneri,
755 2134 830 2164 post-

58 2180 133 2207 quam,
147 2175 282 2210 inquiunt,
299 2184 356 2203 non
373 2184 422 2211 per
438 2184 500 2208 nos,
519 2175 566 2203 sed
582 2183 630 2211 per
646 2176 716 2204 alios
737 2176 829 2211 pulsa-

58 2218 140 2253 vimus,
156 2222 284 2250 advocata
317 2223 344 2249 in
374 2223 487 2250 sceleris
507 2223 689 2257 patrocinium
710 2230 725 2250 e
748 2222 828 2250 Scala

59 2266 210 2301 sententiola,
233 2268 282 2303 qui
305 2275 360 2295 non
376 2268 488 2295 videant
515 2272 643 2296 coactum
671 2275 733 2296 esse
763 2276 827 2295 eum

59 2318 201 2347 sermonem,
218 2318 244 2342 et
258 2315 331 2350 mqui
349 2320 500 2347 exsortem.
516 2315 576 2350 Ipse
591 2315 617 2342 id
630 2315 698 2341 adeo
706 2314 829 2343 ostendit

60 2353 131 2388 Pater,
143 2360 262 2393 Apostoli
279 2361 364 2388 verba
385 2367 548 2395 suggerens,
571 2365 653 2395 atque
678 2360 736 2387 haec
759 2360 828 2387 scri-

60 2401 112 2430 bens
126 2413 132 2431 :
144 2405 235 2440 Argue,
252 2407 379 2441 increpa,
399 2407 548 2438 obsecra",
568 2414 622 2433 non
639 2406 721 2433 etiam
737 2406 827 2440 pulsa.

60 2448 208 2486 Quapropter
222 2453 246 2480 si
263 2452 340 2480 haud
355 2452 571 2488 pulsarejussit,
585 2452 648 2487 quis
659 2452 760 2479 addere
781 2456 829 2479 aut

60 2491 148 2522 demere
167 2497 240 2524 ausit
262 2498 298 2524 de
322 2497 442 2525 editione
461 2497 634 2532 apostolica?
649 2496 786 2524 Praeterea
803 2497 827 2524 si

61 2543 100 2565 non
112 2547 156 2574 per
171 2549 210 2575 se,
232 2543 281 2570 sed
298 2550 346 2577 per
364 2542 448 2569 alium
477 2542 587 2577 pulsare
616 2542 713 2569 liberat
736 2542 826 2576 culpa,

61 2590 135 2613 outues
146 2588 225 2615 caulis
244 2589 362 2616 crimine
376 2589 485 2624 tyranni
503 2588 692 2620 absolvuntor,
709 2589 756 2623 qui
772 2596 826 2615 non

62 2636 96 2661 PC?
113 2639 148 2665 se,
167 2635 212 2662 sed
228 2643 278 2669 per
305 2642 370 2663 suos
395 2635 516 2666 lictores,
540 2638 615 2662 vates
632 2641 664 2662 ac
692 2639 828 2669 martyres

62 2681 188 2712 Peremere,
203 2688 255 2709 nec
279 2681 337 2716 jam
357 2681 429 2709 ullus
445 2680 557 2713 dixerit,
574 2679 624 2708 llic
645 2685 673 2708 et
697 2679 742 2708 ille
762 2687 829 2715 sup-

63 2764 95 2812 u’
109 2764 180 2807 Rom.
194 2775 219 2800 ν,
236 2769 260 2796 I.
315 2770 337 2786 ὀ
352 2770 419 2797 Gen.
437 2778 462 2802 ν,
485 2771 527 2797 t5.
584 2770 603 2785 "
622 2770 668 2797 Ps.
687 2778 749 2800 va.
768 2770 808 2797 t2.

90 2798 159 2825 Ecclt.
180 2811 261 2825 ην...
284 2805 328 2825 ax.
369 2805 389 2821 ιι
409 2804 427 2825 Il
444 2806 502 2825 τε...
535 2814 559 2825 ιν
588 2805 605 2825 9
655 2806 674 2820 ιτ
692 2804 698 2825 I
714 2805 773 2825 Tim
801 2813 807 2825 ι

108 2804 159 2828 ccli.
180 2811 263 2837 xxvu,
284 2805 329 2832 53.
369 2805 389 2821 “
409 2804 428 2831 ll
444 2806 514 2833 Titn.
535 2814 570 2838 Iv,
588 2805 614 2832 2.
655 2806 674 2820 ’⁷
690 2804 699 2831 l
714 2805 784 2832 Tim.
801 2813 836 2840 tv,

90 2877 136 2914 (ίῖ)
148 2880 174 2908 id
191 2887 240 2916 est,
257 2882 402 2918 dignitates
415 2883 615 2913 ecclesiasticas
634 2884 734 2919 adepti.

619 149 822 180 SERMONES
837 150 1099 181 CATECHETICI.

1625 150 1675 182 574

848 209 868 236 Α
884 206 965 241 plicio
979 206 1054 233 hunc
1064 211 1090 233 et
1108 205 1184 232 illum
1199 204 1324 237 aﬂecere,
1344 205 1390 232 sed
1406 204 1519 233 lictores
1532 205 1613 233 edere
1626 214 1673 233 ve-

883 253 973 287 stiget,
988 252 1062 287 quod
1077 251 1178 286 oppido
1196 255 1238 278 est
1258 251 1405 278 insulsum.
1421 250 1482 278 Jam
1499 251 1547 286 qui
1562 257 1673 286 aposto-

882 299 926 326 lici
956 298 1069 325 canonis
1097 297 1216 324 edictum
1249 296 1414 332 negligetur,
1440 296 1613 331 episcopum,
1629 301 1677 324 aut

881 344 1067 375 sacerdotem,
1087 348 1135 369 aut
1161 341 1310 369 diaconum
1338 341 1482 376 pulsantes
1509 349 1558 368 seu
1583 342 1677 369 ﬁdeles

881 390 1025 422 scelerate,
1036 397 1084 417 seu
1094 388 1219 416 infideles
1229 387 1424 423 pcrinjuriam,
1432 387 1678 422 abdicarijuhens?

882 437 923 464 An
937 437 1026 471 fugit,
1056 436 1182 468 scilicet,
1209 439 1334 463 sanctum
1373 434 1505 470 Spiritum
1537 435 1677 462 recordari

882 489 930 517 per
943 482 1028 509 alium
1042 481 1187 509 verberis?
1202 480 1254 508 Sed
1274 481 1401 516 apagesis
1412 481 1462 508 has
1478 488 1565 514 nugas
1578 481 1613 508 ab
1629 481 1676 508 iis-

882 535 935 562 que
948 527 994 562 qui
1012 527 1136 561 pecuniis
1153 527 1208 554 sint
1221 526 1278 562 (1‘2)
1290 527 1387 558 creati,
1403 526 1560 561 exemplum
1587 527 1678 561 capiat

882 572 982 599 oratio.
999 571 1104 606 Ecquid
1118 571 1164 605 qui
1176 578 1230 597 non
1246 579 1295 605 per
1312 578 1352 604 se,
1368 571 1414 598 sed
1431 578 1479 605 per
1495 571 1601 598 alienas
1616 579 1676 598 ma—

883 625 935 645 nus
951 625 999 645 seu
1018 618 1183 652 acceperint,
1210 624 1258 644 seu
1278 617 1412 649 dederint,
1432 617 1594 643 canonicam
1608 616 1677 643 etfu-

883 664 960 698 giunt
988 663 1209 691 abdicationem?
1238 662 1350 690 Minime
1372 664 1507 698 gentium.
1529 663 1601 690 idem
1632 663 1677 689 hic

883 718 994 746 quoque
1010 710 1043 737 de
1061 710 1162 737 furoris
1180 709 1245 737 fcet‘u
1265 709 1422 736 habendum
1453 710 1677 743 censendumquc

883 761 934 788 est,
947 764 1027 791 quem
1046 755 1103 783 tolli
1118 763 1151 783 ex
1172 755 1272 783 animis
1284 756 1319 783 sit
1335 763 1458 788 necesse,
1471 763 1550 790 aeque
1561 763 1593 782 ac
1611 763 1676 789 prn-

882 811 944 831 vam
959 803 1126 838 cupidinem,
1139 809 1189 829 nec
1201 802 1295 829 dextra
1305 802 1461 834 sinistrave,
1475 802 1522 829 sed
1534 801 1577 828 via
1591 801 1676 836 regia,

884 850 910 877 id
932 853 974 876 est
999 848 1168 884 evangelicis
1193 852 1220 875 et
1239 847 1397 882 apostolicis
1411 847 1527 882 legibus,
1547 847 1583 874 sit
1597 855 1675 881 gras—

881 896 1011 928 sandum;
1030 895 1068 922 ita
1082 894 1154 922 enim
1169 898 1328 922 sanctorum
1345 893 1466 928 vestigiis
1479 894 1623 926 obeuntes,
1643 893 1670 919 in

880 944 964 971 vitam
988 950 1050 970 cum
1067 942 1100 970 iis
1116 946 1246 969 aeternam
1264 948 1442 968 occurremus
1462 947 1510 975 per
1528 939 1669 966 Christum

879 989 973 1018 Jesum
994 988 1139 1015 Dominum
1156 990 1282 1014 nostrum
1296 995 1302 1013 :
1318 986 1362 1014 cui
1380 986 1465 1021 gloria
1480 990 1506 1013 et
1525 986 1671 1020 imperium

880 1045 943 1065 cum
959 1036 1041 1064 Patre
1054 1055 1062 1068 ,
1079 1042 1112 1062 ac
1126 1038 1222 1062 sancto
1237 1032 1350 1068 Spiritu,
1367 1039 1450 1065 nunc,
1466 1035 1494 1059 et
1517 1038 1635 1065 semper,
1646 1030 1673 1057 in

880 1089 1045 1117 omnemque
1059 1080 1279 1116 perpetuitatem.
1290 1079 1388 1106 Amen.

1145 1154 1263 1183 SERMO
1287 1151 1404 1181 XLVlil.

969 1202 1009 1230 De
1027 1201 1186 1233 obedientiu,
1207 1204 1232 1227 et
1245 1199 1402 1229 concordia,
1414 1202 1493 1233 atque
1509 1205 1584 1232 pace.

916 1258 1025 1286 Fratres
1054 1258 1212 1292 l’atresque,
1229 1263 1339 1284 rursum
1361 1255 1490 1290 accingor
1509 1253 1542 1280 ad
1566 1260 1673 1280 sermo—

880 1313 942 1333 nem
961 1324 969 1337 ,
1000 1304 1119 1332 maxime
1140 1303 1187 1338 qui
1204 1302 1365 1337 Apostolum
1391 1300 1500 1328 audiam
1524 1299 1672 1330 dicentem,

880 1351 993 1378 Attende
1004 1350 1051 1377 tibi
1061 1355 1084 1377 et
1095 1349 1233 1379 doctrinm,
1245 1348 1293 1375 hoc
1310 1347 1379 1374 enim
1393 1346 1503 1380 faciens,
1520 1349 1544 1372 et
1560 1344 1673 1378 tm‘psum

879 1397 982 1425 salvum
1007 1397 1100 1431 facies,
1119 1400 1144 1422 et
1165 1403 1207 1422 eos
1226 1395 1271 1429 qui
1287 1399 1312 1421 te
1330 1392 1484 1424 audiunt”,
1501 1391 1594 1426 itaque
1619 1389 1670 1416 fati

881 1451 923 1471 me
935 1451 1048 1470 necesse
1067 1447 1119 1474 est,
1135 1449 1184 1469 VOS
1199 1446 1290 1468 autem
1307 1447 1389 1467 QUIES
1406 1439 1539 1474 prabere,
1557 1444 1588 1464 ac
1608 1443 1671 1471 qua:

880 1489 941 1517 sitis
953 1488 1042 1516 edocti
1057 1488 1084 1515 in
1100 1495 1170 1522 opus
1182 1486 1326 1514 deducere.

841 1555 863 1584 α
916 1535 985 1568 Quid
1007 1535 1091 1570 igitur
1107 1541 1180 1561 nunc
1196 1541 1292 1560 sumus
1315 1530 1437 1559 dicturi?
1453 1529 1490 1557 De
1503 1529 1558 1556 vita
1574 1532 1669 1556 nostra

881 1581 1029 1617 corporali,
1051 1581 1110 1616 qui,
1138 1580 1189 1607 etsi
1212 1579 1239 1606 in
1271 1578 1388 1611 exsilio,
1406 1582 1499 1605 tamen
1514 1575 1674 1604 cmnobiacc

881 1628 1015 1663 degamus
1033 1647 1041 1660 ,
1065 1634 1120 1653 non
1149 1632 1220 1652 unus
1244 1624 1357 1656 alterve,
1385 1623 1431 1650 sed
1461 1622 1620 1656 complures
1645 1620 1672 1646 in

881 1674 975 1702 simul.

916 1719 956 1746 Ac
968 1726 1029 1746 cttm
1045 1718 1164 1746 ρωποι)ῑί
1185 1716 1330 1745 commoda
1345 1719 1371 1743 et
1383 1722 1449 1750 opes
1460 1722 1514 1742 non
1527 1713 1672 1745 habemus,

882 1771 938 1794 tum
970 1765 1076 1793 labores
1106 1765 1289 1797 allucramur;
1319 1770 1382 1790 nam
1407 1762 1487 1797 jugcs
1516 1763 1673 1787 commeant

882 1811 992 1844 fratres,
1004 1814 1162 1846 patresque,
1180 1813 1206 1836 et
1219 1808 1343 1844 hospites
1366 1806 1460 1838 amici,
1475 1810 1558 1840 atque
1572 1812 1673 1839 paupe-

882 1865 935 1890 res,
949 1857 1049 1892 quibus
1067 1855 1197 1884 omnibus
1209 1861 1356 1882 occurrere
1369 1860 1401 1880 ac
1424 1851 1595 1882 satisfacere,
1627 1857 1675 1877 ne-

881 1911 934 1940 que
950 1903 1041 1938 exigui
1060 1902 1176 1937 spiritus
1189 1907 1239 1932 est,
1255 1908 1306 1928 nec
1321 1899 1443 1926 minimae
1457 1896 1600 1924 molestiae.

916 1949 1040 1977 Prudens
1061 1955 1126 1983 ergo
1164 1955 1196 1975 ac
1224 1946 1289 1981 vigil
1314 1951 1475 1973 oeconomus
1496 1943 1531 1970 sit
1553 1945 1673 1975 oportet,

880 2005 930 2024 ceu
944 1996 990 2023 Dei
1006 2002 1186 2027 (nconomus,
1204 1999 1362 2028 quanquam
1384 1990 1410 2017 id
1431 1989 1603 2024 profuturutn
1631 1992 1674 2014 est

881 2042 960 2074 nihil,
977 2041 1000 2069 si
1019 2049 1072 2068 non
1088 2040 1220 2067 vicarium
1233 2046 1343 2073 quoque
1360 2036 1470 2064 habebit
1482 2034 1617 2069 collegam
1643 2037 1670 2059 et

881 2088 1059 2119 cortcordem,
1076 2086 1120 2114 hic
1140 2085 1279 2113 cellarium
1306 2090 1463 2118 sequacem,
1481 2081 1608 2108 cellarius
1623 2080 1673 2106 atl-

878 2135 1011 2170 jutantem
1036 2141 1066 2160 se
1091 2132 1285 2159 obsonatorem
1298 2151 1305 2161 ,
1320 2134 1486 2162 exterasque
1502 2127 1591 2154 caeteri
1608 2134 1674 2152 cott-

882 2185 1039 2209 sentaneos.
1057 2178 1167 2206 Scilicet
1184 2181 1213 2203 ut
1228 2183 1283 2202 uno
1300 2175 1326 2201 in
1347 2181 1461 2208 corpore
1477 2171 1562 2199 multa
1579 2171 1674 2198 insunt

845 2224 867 2251 Ι)
882 2225 1016 2258 membra,
1029 2231 1091 2259 quae
1104 2223 1222 2250 invicem
1239 2222 1332 2249 omnia
1346 2224 1506 2255 procurant,
1521 2226 1568 2245 scu
1586 2225 1672 2244 unum

883 2270 997 2300 laboret,
1015 2267 1123 2296 cunctis
1148 2265 1369 2296 condolcntihus,
1392 2271 1439 2292 seu
1465 2263 1672 2291 cohonestetur,

882 2314 989 2343 cunctis
1004 2311 1221 2348 gratttlantibus:
1240 2309 1311 2337 haud
1327 2317 1407 2337 secus
1422 2308 1449 2334 in
1469 2308 1520 2334 hac
1533 2306 1674 2341 republica

882 2367 1002 2395 quoque,
1017 2359 1045 2385 ni
1073 2357 1168 2385 eadem
1190 2357 1261 2384 ratio
1283 2359 1425 2386 servetur,
1439 2361 1493 2380 non
1515 2352 1672 2380 coenobium

882 2406 928 2437 sit,
953 2413 1008 2432 non
1024 2412 1074 2439 pax
1091 2408 1118 2431 ct
1142 2403 1299 2434 concordia,
1318 2401 1363 2429 sed
1379 2400 1513 2427 tutnultus
1544 2407 1575 2426 ac
1590 2399 1673 2425 dissi-

882 2453 967 2479 dium.
984 2451 1050 2484 Quae
1075 2458 1136 2478 cum
1153 2451 1189 2477 ita
1210 2450 1275 2482 sint,
1290 2448 1336 2483 qui
1363 2447 1445 2474 audet
1469 2446 1616 2481 quisquam
1641 2453 1673 2471 ex

880 2498 995 2525 libidine
1013 2497 1126 2528 moveri,
1137 2500 1184 2523 ant
1197 2495 1253 2530 jam
1271 2495 1378 2522 lucente
1391 2494 1435 2521 die
1450 2493 1556 2527 privato
1583 2492 1674 2518 studio

881 2545 924 2572 vel
943 2543 1052 2578 opiticio
1066 2549 1173 2574 vacare,
1186 2548 1274 2576 neque
1290 2539 1324 2567 ad
1336 2540 1438 2567 bonum
1456 2538 1594 2573 publicum
1608 2544 1672 2571 pro-

882 2589 941 2617 dit?
955 2588 1006 2621 Qui
1019 2588 1123 2615 inducit
1145 2587 1268 2614 animum
1293 2585 1443 2612 advocatus
1465 2583 1540 2617 operi
1560 2589 1670 2616 negare,

883 2644 970 2671 neque
997 2643 1027 2663 se
1050 2634 1091 2661 vel
1114 2634 1142 2661 in
1159 2634 1192 2661 iis
1209 2641 1270 2668 qum
1285 2633 1358 2660 vires
1382 2633 1513 2665 superent
1535 2629 1671 2664 przeberc,

883 2690 950 2711 sane
969 2690 1022 2710 non
1040 2689 1070 2710 se
1086 2681 1109 2709 is
1125 2681 1195 2715 gerit
1218 2679 1372 2712 subditum,
1391 2685 1442 2705 nec
1469 2676 1599 2708 fratrem,
1624 2674 1671 2703 sed

867 2771 887 2787 ”
901 2770 972 2800 Psal.
988 2779 1024 2806 VI,
1040 2772 1066 2800 8.
1120 2770 1141 2787 ¹³
1154 2770 1225 2799 Psal.
1245 2777 1309 2804 Lvu,
1327 2768 1354 2797 5.
1413 2768 1434 2784 ’⁵
1446 2767 1534 2796 Ecclc.
1560 2774 1607 2799 vn,
1627 2767 1668 2794 l0.

852 2806 893 2834 16.

1120 2770 1141 2787 ¹³
1154 2770 1225 2799 Psal.
1245 2777 1309 2804 Lvu,
1327 2768 1354 2797 5.
