1916 3075
214 131 266 162 5'15

812 130 841 161 S.
861 129 1060 161 THEODORI
1076 130 1250 161 STUDIT/‘E

1797 128 1853 159 576

213 185 360 221 hospitem.
377 185 434 213 Etsi
463 185 489 212 id
504 189 594 213 autem
613 184 739 221 contigit.
758 186 853 212 saltem
869 186 999 221 deinceps
1014 189 1035 217 Α
1051 188 1196 222 gerere",
1221 185 1454 220 quemadmodum
1486 184 1634 219 Apostolus
1672 183 1761 211 docet.
1796 183 1853 210 Sed

213 237 356 263 cavetote.
381 239 415 258 ne
432 231 480 266 qui
501 231 684 266 deprendetur
701 231 882 258 immodestiae
908 239 1003 265 poenas

212 282 332 312 expetat.
347 277 407 304 Non
422 275 523 303 auditis
537 275 603 311 quid
622 276 772 311 Apostolus
790 276 899 304 cdicat?
914 276 1003 304 Estote

213 324 324 350 invicem
336 322 449 356 benigni,
462 321 654 354 misericordes,
668 322 796 348 donantes
811 321 920 348 invicem
934 323 1002 349 sicut

212 375 237 396 ct
252 370 319 396 Deus
330 369 438 395 donavit
453 369 567 396 nobis”.
579 369 762 401 Quamobrem
779 368 876 395 demus
891 376 1003 404 operam

213 423 264 443 nos
274 423 385 450 quoque
397 415 531 448 vicissim,
547 419 574 442 et
590 415 659 442 alter
670 415 749 442 alteri
767 414 882 447 dederit,
900 415 1004 442 mutuis

213 461 333 489 ferendis
351 461 482 489 oneribus
497 461 583 496 legem
608 461 754 496 implentcs
769 461 956 489 Christianam
967 461 1002 493 η,

214 507 253 534 uti
279 507 413 542 scriptum
443 512 495 534 est.
513 507 650 534 Admonui
667 514 717 534 vos
729 512 804 540 ante,
815 512 842 535 et
856 515 931 535 nunc
946 507 1003 542 jam

213 552 358 584 admoneo,
375 559 410 579 ne
431 552 628 586 cogitationum
658 552 819 586 frangantur
838 559 916 586 aestu,
938 553 1003 588 quin

213 605 276 624 cum
297 597 383 625 sancti
407 597 525 632 Spiritus
551 597 643 625 laetitia
658 598 718 625 vita:
729 598 865 633 quoddam
876 599 1003 625 exercita:

214 648 353 670 certamen
380 651 554 678 peragamus,
569 644 666 671 ducem
687 651 720 671 ac
741 643 922 679 perfectorem
944 644 1003 672 fidei

213 689 307 717 Jesum
324 694 519 724 respectantes,
534 690 580 725 qui
596 695 625 717 et
637 689 759 725 precanti
772 694 834 717 vota
850 690 962 721 tribuat,
978 695 1005 717 et

214 735 355 762 victoriam
369 735 478 763 vincere
491 735 603 763 volenti.

248 779 366 808 Nescitis
391 785 421 808 ut
442 781 555 816 jamjam
578 785 688 815 repente
719 782 820 810 accidit
847 786 1004 816 tempestas,

214 826 370 853 restitutum
391 826 424 853 de
441 827 546 861 integro
559 827 659 854 etelum
685 827 746 854 est?
761 827 833 854 Idem
852 828 878 854 in
902 828 1006 862 cogita-

215 866 336 899 tionibus
349 872 432 903 valet.
443 873 553 908 paulum
573 873 750 905 conturbant,
765 878 791 900 et
807 872 898 901 denuo
907 874 1005 901 absce—

214 918 292 945 tlunt.
310 918 401 953 Atque
417 919 521 946 utinam
536 918 569 946 iis
581 919 661 953 plane
677 919 750 946 haud
768 919 912 954 capiamur
925 920 1005 946 lnam

214 963 309 997 quidni
338 971 433 998 pacem
456 963 591 991 habemus
607 964 634 991 in
655 964 756 991 anituis
769 964 938 999 perennem?
958 964 1005 991 seti

214 1017 385 1044 nequaquam
404 1009 447 1036 fas
473 1014 526 1041 est,
543 1014 691 1045 postquam
714 1011 765 1037 sub
794 1010 1005 1037 mutabilitatem

214 1054 328 1087 subjecti
346 1061 396 1081 nec
415 1054 486 1081 diem
495 1061 691 1088 permanemus
712 1054 807 1087 iidem,
825 1055 925 1082 nedum
945 1063 1006 1090 per-

214 1104 307 1134 petiit).

252 1144 311 1172 Jam
328 1143 430 1171 videsis
446 1143 513 1171 mibi
537 1143 709 1171 atrocitatem
733 1144 846 1177 diaboli,
871 1144 1006 1178 siquidem

215 1191 300 1217 instat
312 1190 451 1225 repulsus,
471 1197 503 1217 ac
520 1190 641 1217 tenebrae
654 1198 718 1217 cum
732 1190 780 1221 sit,
794 1190 821 1216 in
837 1190 962 1225 angelum
973 1197 1003 1216 se

216 1235 360 1269 quemdam
389 1236 510 1263 lucidum
535 1235 660 1270 diffingit,
674 1236 739 1262 dolo
765 1243 815 1263 nos
842 1236 1007 1270 intercipere

215 1282 320 1309 volens.
334 1281 436 1310 Verum
465 1282 583 1309 facessat
608 1289 623 1308 a
648 1282 727 1309 nobis
756 1283 839 1309 draco
867 1281 1007 1309 dicamus-

215 1335 280 1361 que,
296 1326 354 1354 Non
373 1332 409 1360 te,
422 1326 542 1360 Christe,
554 1334 696 1362 negamus,
709 1333 763 1354 non
778 1327 885 1354 beatam
900 1326 1009 1354 confes-

218 1373 324 1399 sionem
338 1373 498 1404 mentimur,
516 1379 571 1399 non
583 1372 768 1407 virginitatem
785 1373 940 1408 prodimus,
954 1380 1008 1400 non

218 1419 432 1451 generositatem
448 1418 622 1453 projicimus,
635 1425 725 1453 neque
739 1419 812 1445 enim
828 1419 895 1446 cstis
911 1419 1008 1452 nescii,

219 1465 327 1496 fratres,
349 1471 364 1491 e
385 1464 486 1499 quibus
502 1463 529 1491 in
544 1471 606 1499 quae
620 1464 782 1492 reciditnus.
795 1464 838 1491 An
854 1472 906 1492 non
920 1472 935 1492 e
949 1472 1010 1492 sor-

218 1510 299 1538 dibus
320 1511 347 1537 in
362 1510 543 1545 majestatem,
559 1519 593 1538 ex
611 1511 785 1546 ignoratione
806 1511 833 1538 in
852 1511 1009 1544 scientiam,
1024 1517 1047 1548 ς

218 1564 250 1582 ex
266 1556 414 1591 ignominia
427 1556 454 1583 in
471 1556 597 1592 gloriam,
615 1557 764 1592 additaque
783 1557 864 1589 ratio,
881 1557 1008 1590 scientia,

218 1600 279 1626 laus
291 1603 343 1633 est,
352 1607 384 1628 ac
394 1607 492 1628 manus
512 1606 539 1628 et
554 1601 611 1628 oris
624 1601 792 1629 dexteritas?
807 1602 933 1637 equidem
946 1610 1011 1629 vere

219 1653 287 1673 auro
302 1651 397 1673 contra
412 1646 588 1681 pretiosiores
598 1647 666 1674 estis
679 1655 729 1682 pro
745 1655 827 1674 aurea
843 1652 932 1675 vestra
946 1648 1012 1676 obe-

219 1692 333 1724 dientia,
345 1691 403 1719 filii.
422 1691 525 1726 Ecquid
540 1700 607 1727 ergo
621 1700 691 1727 opus
704 1697 747 1719 est
757 1693 857 1727 porro?
867 1693 1010 1727 patientia,

221 1745 282 1764 nam
294 1737 430 1765 Patientia
445 1738 516 1765 vobis
527 1739 676 1765 necessario
692 1744 740 1771 est,
758 1739 858 1774 inquit,
874 1744 903 1766 ut
919 1739 1012 1766 volun—

222 1787 301 1809 tutcm
330 1782 380 1809 Dei
412 1783 537 1817 [acientes
572 1783 711 1817 reponetis
743 1784 930 1817 promissione;
961 1784 998 1810 '°.

222 1828 383 1860 Quasnam?
412 1828 470 1863 ipse
486 1829 525 1854 ait
549 1827 703 1856 Dominus:
727 1828 800 1855 Vada
817 1837 912 1864 parare
940 1830 1012 1857 vobis

222 1875 322 1906 locum,
337 1877 362 1900 et
382 1874 405 1900 si
418 1874 506 1901 abiero
519 1882 615 1908 parare
631 1875 702 1902 vobis
718 1875 817 1907 locum,
831 1876 926 1902 iterum
940 1877 1013 1903 venit)

222 1925 244 1946 et
264 1919 394 1953 accipiam
410 1927 453 1946 vos
476 1919 511 1946 ad
526 1920 667 1954 meipsum,
684 1925 713 1947 ut
731 1921 775 1948 ubi
787 1929 846 1948 sum
867 1930 914 1957 ego
929 1928 953 1949 et
968 1931 1012 1950 sos

221 1966 291 1992 sitis.
306 1964 339 1992 Et
352 1974 402 1999 quo
421 1974 468 2001 ego
485 1966 552 1993 uado
567 1967 653 1998 scitis,
668 1975 693 1994 et
712 1967 783 1994 viam
801 1968 886 2000 scitir,
904 1973 928 1995 et
944 1977 1012 2004 gau-

223 2011 296 2037 dium
311 2016 424 2038 vestrum
443 2020 517 2038 nemo
533 2011 608 2039 tollet
629 2021 645 2040 a
662 2013 733 2040 vobis
751 2013 784 2039 ".
799 2013 934 2046 Quocirca
955 2016 1013 2042 haec

223 2059 386 2093 cogitantes,
401 2067 433 2087 ac
463 2067 525 2095 quae
540 2061 644 2088 sanctis
671 2062 840 2089 ostendenda
859 2070 965 2090 summa
986 2067 1014 2090 et

224 2105 367 2133 itu-ﬂabilis
382 2106 468 2141 gloria
482 2111 534 2139 est,
555 2112 761 2142 prospectantes
772 2127 780 2140 ,
795 2113 896 2136 cuncta
915 2109 1013 2136 leniter

225 2151 353 2184 l‘r-ramur,
373 2159 421 2179 seu
435 2152 612 2180 csuriendum
628 2157 679 2185 est,
702 2154 874 2188 esuriamus;
892 2163 939 2182 seu
963 2163 1013 2182 ra-

224 2199 382 2233 pulandum,
397 2199 575 2234 vapulemus;
588 2207 634 2227 seu
650 2200 836 2234 moriendum,
849 2202 1010 2234 moriamur,
1028 2189 1050 2216 Ῑ)

223 2246 350 2278 perennis
376 2246 439 2272 vitte
466 2246 651 2273 haereditatem
674 2246 774 2274 adituri
800 2255 848 2282 per
870 2247 1010 2275 Christum

221 2290 316 2316 .b-sum
334 2289 481 2317 Dominum
498 2298 623 2320 nostrum
641 2302 646 2319 :
662 2292 707 2319 cui
722 2293 810 2327 gloria
825 2299 852 2321 et
866 2294 1011 2328 imperium

222 2343 282 2362 cum
295 2336 385 2368 Patre,
400 2343 432 2363 ac
449 2341 544 2364 sancto
559 2337 675 2372 Spiritu,
694 2346 777 2372 nunc,
803 2343 830 2367 et
847 2347 969 2374 semper,
985 2340 1011 2367 in

221 2389 385 2417 omnemque
402 2383 623 2417 perpetuitatem.
645 2384 744 2412 Amen.

503 2429 619 2457 SEBMO
634 2429 728 2458 XLIX.

221 2473 302 2501 Sexto
318 2474 551 2503 Excarnaliorum.
564 2476 599 2503 De
610 2477 782 2511 abstinentia,
799 2485 830 2504 ac
849 2478 1014 2512 confessione

506 2520 565 2547 qute
578 2512 723 2539 incumbat.

256 2565 366 2594 Fratres
390 2566 559 2602 Patresque,
575 2572 725 2602 praesentes
750 2567 810 2596 dies
827 2568 951 2603 plerique
973 2569 1012 2596 fc-

223 2611 277 2638 rias
303 2612 460 2647 appellant,.
475 2620 523 2648 per
538 2621 608 2647 quos
626 2612 783 2640 helluentur
815 2614 934 2649 vinoque
948 2615 1012 2642 bac-

223 2657 350 2690 cbentur,
367 2657 454 2692 ignari
465 2658 660 2685 abstinentiam
675 2665 723 2685 eos
733 2659 855 2692 profiteri
872 2659 1012 2693 carnium,

225 2711 278 2730 non
303 2704 442 2738 crapulm,
464 2709 491 2731 et
513 2705 654 2732 ebrietatis
679 2704 859 2737 iunctionem,
889 2713 952 2732 nam
987 2706 1013 2734 id

225 2747 379 2776 Graecarum
406 2749 535 2777 feriarum
550 2750 691 2785 proprium
709 2754 762 2782 est,
778 2749 1011 2784 Christianorum,

227 2793 263 2820 tui
278 2793 442 2829 frugalitate,
463 2803 511 2823 nec
534 2795 657 2830 corporis
670 2803 719 2830 pro
741 2795 902 2822 libidinibus
917 2803 1010 2823 curam

262 2873 281 2888 η
298 2873 396 2908 Ephcs.
418 2883 453 2906 ῑτ,
473 2874 515 2901 32.
559 2874 578 2890 ¹⁹
595 2871 681 2901 Colat.
702 2881 737 2906 ri,
753 2873 779 2899 2.
821 2874 841 2889 το
857 2873 936 2901 Hebr.
957 2881 981 2907 Χ,
1004 2874 1046 2902 56.

1056 239 1118 269 agat
1131 241 1197 261 sane
1215 237 1244 260 ut
1260 232 1335 259 lubet
1350 231 1483 258 mundum
1499 238 1561 265 quae
1586 230 1612 257 in
1635 230 1722 265 legem
1749 231 1856 258 abierit

1056 279 1175 311 insania,
1199 286 1250 306 nos
1274 277 1525 313 intemperantiam,
1551 275 1663 308 fratres,
1688 276 1730 304 vel
1754 275 1781 302 in
1808 277 1856 304 eis

1054 332 1115 359 quae
1128 324 1184 359 jam
1201 324 1274 351 vesci
1296 328 1338 351 est
1363 323 1527 358 permissum
1553 322 1708 357 fugiamus,
1728 323 1857 350 scientes

1054 379 1114 398 eam
1135 371 1238 405 peccati
1262 378 1324 398 esse
1345 375 1471 397 matrem.
1492 368 1601 396 Etenim
1613 369 1745 396 decessor
1758 373 1857 396 noster

1055 416 1189 448 Adamus,
1204 415 1326 451 quandiu
1351 415 1387 442 ab
1404 415 1551 442 interdicto
1575 422 1623 442 esu
1650 421 1680 441 se
1692 414 1858 441 abstinebat

1056 462 1083 489 in
1101 461 1236 496 pomario,
1271 461 1414 488 laetabatur
1439 468 1471 487 ac
1489 459 1604 491 orabat,
1621 463 1729 487 mactus
1748 459 1858 486 divinis

1055 507 1196 535 obtutibus
1227 512 1253 535 et
1270 506 1372 539 initiis;
1398 506 1527 541 victoque
1549 504 1749 533 incontinentia
1768 505 1857 532 vetita

1055 553 1154 580 arbore
1177 557 1320 589 percepta,
1349 552 1487 587 extemplo
1518 551 1634 586 pomarii
1659 550 1766 578 deliciis
1786 558 1858 585 pro-

1055 599 1158 633 scripto
1173 597 1271 625 mortis
1286 597 1403 632 geniti-ix
1421 595 1631 630 intemperantia
1646 594 1718 622 facta
1736 599 1790 621 est.

1091 644 1238 672 Sodomita:
1252 651 1362 679 quoque
1375 642 1473 678 perditi
1487 649 1542 677 pra‘.
1550 641 1725 676 cupediarum
1739 640 1858 666 aiDuen-

1056 691 1092 718 tia
1110 691 1187 723 lusu,
1201 690 1270 718 iram
1287 690 1313 717 in
1328 697 1358 717 se
1369 693 1532 717 contraxere
1545 688 1604 719 Dei,
1631 687 1766 722 sulphure
1780 687 1839 721 igni
1849 702 1858 706 -

1056 745 1109 771 que
1137 736 1239 764 obruti.
1260 734 1316 763 Nec
1333 743 1386 763 non
1412 739 1439 762 et
1463 734 1533 762 Esau
1562 733 1606 760 ille
1621 741 1738 765 exosus,
1761 734 1859 760 avaris

1057 782 1146 809 oculis
1157 782 1306 812 inescatus,
1326 780 1451 816 pauxillo
1463 779 1547 807 edulii
1562 779 1769 814 praerogativam
1785 787 1858 806 ven-

1025 844 1044 871 B
1057 828 1126 855 didit
1136 827 1236 855 (etatis.
1247 826 1319 859 Quin
1331 825 1379 854 Dei
1392 826 1509 861 populus
1519 825 1588 871 cibo,
1607 829 1729 871 potuque
1739 825 1860 858 capien-

1058 875 1092 901 do
1107 874 1213 906 sedere,
1228 880 1262 900 ac
1275 879 1420 900 surrexere
1442 871 1547 898 ludere.
1568 870 1662 906 Neque
1679 870 1725 898 his
1742 871 1859 897 dixcrsa

1058 924 1121 946 sunt
1137 927 1198 954 quae
1214 927 1261 952 per
1274 919 1325 946 hos
1345 918 1405 946 dies
1425 917 1586 945 factitantur
1597 937 1604 949 ,
1624 917 1859 948 comessationes,

1058 965 1186 998 ebrietas,
1203 965 1349 997 clamores,
1366 964 1501 992 diabolica
1519 963 1647 998 tripudia,
1667 971 1728 997 qum
1740 971 1796 990 non
1814 964 1861 990 in-

1059 1013 1148 1040 terdiu
1166 1012 1257 1040 solum
1272 1013 1418 1044 obeantur,
1435 1011 1482 1039 sed
1508 1019 1637 1045 magnam
1667 1018 1779 1046 quoque
1794 1020 1861 1047 par-

1060 1063 1113 1086 tem
1133 1059 1246 1093 exigaut
1263 1059 1363 1086 noctis.
1384 1057 1502 1085 Tantum
1525 1058 1734 1092 intemperantia
1751 1058 1860 1084 malum

1059 1108 1100 1130 est
1116 1111 1164 1138 per
1178 1112 1261 1139 quam
1282 1105 1309 1131 in
1329 1103 1423 1130 orbein
1442 1110 1517 1130 mors
1537 1103 1649 1135 invasit,
1675 1106 1706 1130 ut
1722 1102 1862 1131 habenda:

1059 1149 1116 1177 sint
1129 1150 1209 1178 nobis
1224 1150 1279 1177 Deo
1292 1150 1396 1185 gratiae.
1415 1150 1462 1184 qui
1477 1150 1511 1177 ab
1526 1149 1601 1176 inani
1619 1157 1653 1177 eo
1667 1150 1798 1177 instituto
1815 1158 1860 1177 as-

1059 1199 1148 1222 sertos
1163 1196 1190 1222 in
1204 1195 1276 1223 hanc
1292 1195 1399 1223 felicem
1416 1195 1556 1223 transtulit
1578 1196 1673 1228 vitam,
1688 1196 1714 1222 in
1729 1203 1786 1231 qua
1804 1205 1861 1223 non

1059 1241 1270 1277 intemperantia
1282 1241 1410 1276 agitetur,
1424 1241 1471 1269 sed
1483 1241 1652 1272 moderatio:
1665 1249 1714 1269 nec
1722 1242 1862 1272 ebrietas.

1059 1288 1106 1316 sed
1118 1288 1265 1321 sobrietas;
1281 1295 1333 1315 nec
1347 1287 1444 1320 turbae,
1467 1287 1515 1315 sed
1539 1295 1590 1322 pax
1605 1296 1612 1320 ;
1637 1295 1688 1315 nec
1707 1288 1861 1319 tumultus,

1059 1333 1107 1361 sed
1119 1333 1218 1369 quies;
1235 1340 1286 1360 nec
1299 1332 1511 1367 turpiloquium,
1540 1332 1588 1359 sed
1605 1332 1774 1367 gratulatio;
1808 1341 1862 1361 nec

1060 1379 1190 1414 ﬂagitium
1201 1400 1209 1411 ,
1227 1379 1274 1407 sed
1283 1380 1407 1412 castitas,
1420 1387 1453 1407 ac
1462 1379 1689 1413 sanctimonia,et
1701 1380 1860 1415 integritas.

1061 1425 1101 1451 Ex
1117 1425 1169 1452 hac
1180 1424 1265 1452 divini
1277 1425 1364 1452 nostri
1379 1424 1505 1459 prodiere
1522 1423 1629 1457 Patres,
1651 1425 1698 1459 qtti
1714 1426 1770 1452 Deo
1789 1426 1863 1453 duco

1061 1471 1126 1498 vitia
1156 1471 1314 1503 calcavere,
1340 1470 1480 1498 datmones
1504 1470 1632 1505 fugavere
1646 1491 1653 1503 ,
1670 1478 1733 1498 cum
1752 1472 1862 1507 angelis

1062 1522 1213 1550 certavere,
1232 1517 1354 1552 prodigia
1369 1516 1497 1549 edidere,
1517 1517 1657 1544 ecelestem
1675 1517 1792 1552 gloriam
1812 1525 1862 1552 pe—

1062 1571 1168 1597 perere.
1181 1563 1283 1590 mundo
1294 1562 1469 1590 admirationi
1488 1561 1564 1590 fuere
1575 1571 1583 1590 :
1600 1570 1718 1597 quorum
1732 1571 1808 1590 unus
1819 1568 1863 1590 est

1063 1610 1160 1637 beatus
1176 1609 1324 1642 Antonius,
1347 1608 1427 1644 cujus
1443 1608 1527 1636 vitam
1552 1608 1668 1644 legimus
1679 1627 1688 1641 ,
1704 1616 1737 1635 ac
1753 1616 1863 1643 qucrn—

1063 1656 1210 1683 admodum
1240 1663 1254 1683 a
1279 1655 1335 1683 Deo
1352 1655 1380 1682 in
1396 1655 1450 1683 hoc
1472 1655 1512 1683 eis
1539 1655 1640 1682 C(Billut
1656 1655 1805 1689 complexu
1826 1655 1864 1683 sit

1062 1707 1175 1731 evectus
1192 1702 1383 1738 perspeximus
1395 1722 1404 1735 ,
1422 1707 1451 1729 ut
1478 1706 1557 1729 terrae
1575 1708 1686 1736 quoque
1704 1709 1786 1736 reges
1803 1709 1863 1728 ma—

1062 1756 1146 1783 gnum
1161 1749 1292 1776 ducerent
1304 1748 1338 1775 ad
1354 1756 1417 1775 curn
1433 1748 1566 1780 scribere,
1582 1748 1773 1782 scriptamque
1798 1748 1862 1782 ejus

1064 1795 1139 1823 adire
1154 1802 1258 1822 vocem.
1279 1793 1383 1822 Horum
1407 1794 1488 1822 nauci
1506 1802 1557 1822 nos
1575 1801 1686 1829 quoque
1714 1794 1862 1821 beatorum

1064 1841 1147 1867 vitam
1164 1840 1319 1874 sequimur,
1337 1839 1496 1874 imitarique
1509 1838 1608 1874 probat
1624 1839 1780 1866 mouastiea
1800 1847 1864 1874 per-

1065 1886 1158 1918 fectio,
1173 1886 1268 1913 mundi
1277 1886 1434 1921 despectus,
1447 1885 1553 1920 patria,
1562 1885 1680 1920 generis,
1691 1885 1862 1916 amicorum,

1064 1932 1224 1967 patrimonii
1243 1932 1401 1966 repudium,
1417 1931 1562 1965 subjectio,
1579 1931 1768 1966 morigeratio.
1790 1939 1863 1966 pne-

1064 1986 1128 2007 sens
1143 1978 1292 2010 confessio,
1322 1978 1357 2005 ob
1373 1985 1456 2012 quam
1471 1976 1560 2012 cnpite
1577 1976 1753 2011 fortunisque
1774 1985 1864 2012 oppe-

1065 2026 1159 2053 timur.
1179 2024 1363 2058 Quamobrem
1377 2024 1556 2058 gaudeamus,
1571 2027 1598 2050 et
1611 2022 1726 2050 invicem
1739 2024 1864 2058 gratule-

1065 2079 1138 2104 mur,
1154 2071 1229 2106 quod
1245 2071 1304 2098 haec
1320 2070 1400 2098 nobis
1415 2070 1531 2104 largitus
1547 2069 1620 2097 Deus
1632 2074 1684 2103 est,
1716 2078 1750 2098 ac
1776 2071 1864 2098 vitam

1064 2119 1171 2153 agimus
1190 2117 1351 2152 spiritalem,
1366 2116 1393 2144 in
1409 2124 1463 2151 qua
1489 2117 1583 2148 liceat,
1602 2116 1625 2143 si
1642 2116 1771 2149 velimus,
1787 2125 1861 2152 quo-

1065 2165 1130 2192 tidie
1145 2164 1249 2197 feriari,
1266 2167 1294 2191 et
1314 2163 1414 2198 gaudio
1433 2163 1495 2190 sine
1510 2163 1564 2190 line
1577 2163 1670 2198 potiri.
1686 2162 1795 2198 Itaque,
1816 2174 1862 2192 co-

1065 2211 1172 2243 hortor,
1181 2214 1238 2237 tum
1247 2209 1368 2237 studium
1380 2208 1433 2236 hoc
1445 2213 1570 2237 uestrum
1587 2210 1787 2242 monasticum,
1803 2216 1861 2238 tum

1065 2255 1268 2284 confessionem
1283 2255 1399 2282 firmiter
1420 2259 1547 2282 tueamur
1565 2263 1572 2282 :
1589 2263 1651 2282 nam
1668 2263 1765 2290 sparsa
1782 2257 1863 2292 equi-

1065 2301 1126 2329 dem
1143 2301 1214 2328 fama
1227 2304 1271 2328 est
1282 2300 1428 2327 imminere
1442 2299 1524 2327 rebus
1538 2300 1640 2328 nostris
1651 2300 1861 2335 imperatorem,

1065 2357 1098 2376 ac
1107 2348 1207 2375 mirum
1223 2347 1251 2374 ni
1265 2347 1355 2374 veniet
1368 2351 1480 2381 repente
1490 2346 1629 2381 apparitor
1640 2346 1744 2382 regius.
1757 2347 1861 2375 Verum

1066 2402 1100 2421 ne
1113 2397 1324 2421 consternemur
1336 2399 1458 2425 rumore,
1470 2391 1544 2426 quod
1560 2391 1583 2419 si
1597 2399 1611 2418 a
1621 2392 1700 2420 nobis
1715 2392 1792 2420 Deus
1807 2398 1860 2424 est,

1066 2440 1127 2475 quis
1141 2443 1237 2467 contra
1250 2438 1322 2466 nos?
1338 2437 1449 2465 Scilicet
1471 2437 1517 2472 qui
1541 2443 1604 2464 ante
1630 2438 1783 2472 opitulatus
1809 2446 1859 2468 est.

1065 2493 1120 2513 non
1137 2485 1285 2520 opituletur
1299 2488 1327 2512 et
1342 2483 1522 2519 imposterum
1533 2483 1545 2511 i
1557 2488 1662 2510 tantum
1676 2488 1784 2511 stemus
1803 2485 1861 2511 ani-

1065 2539 1158 2562 mose,
1184 2534 1290 2558 tantum
1310 2529 1510 2564 circumspecte
1535 2536 1702 2561 caveamus,
1731 2529 1862 2563 viresque

1065 2577 1124 2613 ipse
1143 2575 1292 2612 praebebit,
1308 2575 1355 2610 qui
1367 2583 1399 2602 ex
1418 2574 1478 2609 ejus
1497 2574 1639 2601 voluntate
1650 2575 1705 2601 vita
1719 2575 1755 2602 ad
1771 2581 1861 2602 extre—

1066 2632 1140 2652 mum
1157 2621 1292 2658 perfuncti
1318 2621 1430 2649 caeleste
1453 2628 1566 2656 regnum
1583 2628 1794 2656 consequamur
1815 2630 1861 2656 per

1064 2669 1205 2697 Christum
1228 2667 1321 2695 Jesum
1339 2666 1483 2694 Dominutn
1501 2670 1625 2694 nostrum
1644 2675 1650 2692 :
1665 2666 1709 2693 cui
1728 2667 1819 2701 gloria
1836 2673 1860 2693 ct

1066 2715 1211 2750 imperium
1225 2721 1288 2741 cum
1300 2713 1391 2745 Patre,
1408 2719 1440 2739 ac
1455 2716 1551 2739 sancto
1569 2711 1684 2746 Spiritu,
1711 2720 1787 2740 nunc
1803 2733 1810 2744 ,
1836 2718 1861 2739 Ct

1066 2769 1184 2796 semper.
1198 2760 1224 2787 in
1240 2766 1406 2794 omnemque
1417 2759 1636 2793 perpetuitatem.
1650 2758 1751 2787 Amen.

1087 2874 1106 2889 “
1121 2872 1199 2902 Joan.
1216 2880 1253 2906 iv,
1269 2872 1296 2905 2,
1315 2871 1341 2899 ι.
1382 2871 1402 2886 ²¹
1420 2869 1499 2898 Rom.
1520 2877 1578 2902 xui,
1606 2868 1709 2904 iseqq.
