1916 3075
61 152 98 184 571
607 145 809 177 SERMONES
827 143 1076 175 CATECHETICI
1086 170 1088 172 ,

350 202 467 231 SERMO
487 203 518 230 L.

60 264 174 292 Dominira
189 261 420 289 Excarnaliorum.
435 259 473 287 De
486 267 580 293 magno
595 263 619 285 et
634 258 736 293 illustri
764 257 819 284 Du—

85 301 139 326 mtni
151 298 231 325 nostri
249 296 312 324 lem
333 296 434 323 Christi
450 295 503 321 die.
521 292 656 321 Extremia
680 292 820 320 Excanta-

85 336 141 361 libttt
158 334 253 360 dictus.

84 390 177 418 Fratres
204 390 360 424 Patresque,
380 387 425 415 lex
440 391 483 416 est
507 387 671 414 universalis
688 386 820 414 hodierno

60 440 90 467 die
102 438 242 466 mundanas
256 445 303 464 esu
319 437 444 463 carnium
457 435 580 470 defungi,
592 443 777 470 magnumque
793 435 819 461 in

60 486 83 511 iis
104 483 249 511 voracitatis
274 490 306 509 ac
325 481 480 509 bibacitatis
496 486 634 508 certamen
653 481 746 508 videas
764 480 822 515 agi-

61 533 106 563 tari,
121 537 164 558 nec
178 538 230 557 non
245 534 272 556 ct
285 528 357 556 forda
374 527 544 555 ludicrarum
563 527 718 562 spectacula
729 547 735 558 ,
761 534 821 561 quae

61 578 90 604 rei
103 576 191 604 referre
208 581 285 609 turpe
299 579 359 607 est;
382 581 414 601 ac
430 581 501 608 quos
521 580 571 608 par
595 577 654 600 erat
680 572 821 608 frugaliter

61 623 98 653 uti,
109 627 131 649 et
145 621 175 648 de
186 620 365 656 przesenlibus
383 619 438 646 Deo
448 618 590 654 gratulari,
603 626 718 653 seseque
726 619 758 645 ad
771 619 823 645 im-

61 668 144 694 mineus
151 666 310 698 convivium,
328 669 359 692 ut
375 670 506 696 meretur,
520 671 691 698 comparare,
705 664 822 691 diaboii~

61 713 89 739 tis
101 712 144 739 acti
158 711 318 742 fraudibus,
344 709 396 736 alia
422 709 514 736 omnia
538 708 661 742 faciunt,
686 709 769 736 alium
793 716 822 736 se

60 761 191 791 excepturos
201 763 249 790 pro
257 755 312 783 alio
322 755 555 782 demonstrantes.
564 754 701 786 Quorsum
712 753 768 780 inec
777 761 822 780 au-

62 807 102 828 tetn
116 802 172 828 mihi
189 800 339 828 dicuntur?
353 804 382 826 ut
394 807 428 826 ne
436 799 530 826 eodem
547 807 596 826 nos
608 806 717 833 quoque
729 798 822 832 inopes

61 845 165 872 monachi
180 849 300 872 mentem
316 844 502 876 dimittamus,
518 851 570 871 neu
583 851 677 870 corum
687 843 822 870 desiderio

60 891 252 926 dueatnur,quod
262 897 436 925 nequaquam
451 890 562 924 dignum
572 890 608 917 sit
616 889 762 922 desiderio,
778 890 824 916 sed

62 940 164 971 planctu;
181 937 243 971 quin
260 937 349 964 oculis
371 936 398 963 itt
416 935 572 969 Evangelio,
597 935 671 970 quod
688 934 769 962 hodie
790 934 826 962 sit

61 982 209 1013 audiendum,
226 982 334 1014 detixis,
350 982 383 1009 de
404 989 460 1017 quo
475 985 503 1008 et
518 985 646 1009 cattlattts
661 981 756 1008 Canon
771 985 823 1014 est,

61 1035 164 1063 magnum
183 1033 208 1055 et
226 1028 332 1055 illustre
349 1027 458 1055 Domini
474 1028 561 1054 nostri
580 1025 644 1054 Jesu
659 1026 761 1054 Christi
775 1026 825 1053 ad-

61 1078 138 1101 ventus
148 1074 214 1101 diem
227 1076 392 1110 cogitemus,
415 1081 470 1109 qua
485 1073 571 1107 judex
597 1073 695 1101 ovibus
719 1073 824 1105 dextra,

62 1120 127 1147 laedis
142 1121 244 1148 sinistra
272 1121 429 1152 collocatis,
450 1120 511 1147 illos
528 1120 581 1147 ltac
599 1119 678 1147 felice
702 1124 729 1147 et
747 1123 826 1154 opta~

62 1166 144 1192 tissime
152 1174 211 1194 voce
218 1174 276 1193 com
282 1166 406 1201 pcilabit:
421 1164 520 1198 Venite,
530 1166 658 1193 benedicti
667 1165 758 1192 Patris
765 1166 824 1198 mei,

61 1212 165 1243 possidete
174 1218 298 1246 paratum
313 1211 384 1239 vobis
396 1220 507 1247 regnum
520 1220 535 1239 tt
547 1212 737 1239 constitutione
749 1220 826 1238 mun-

61 1256 168 1288 di",ltis
179 1258 264 1285 diram
294 1265 326 1285 ac
352 1257 541 1285 tristissimam
572 1265 633 1284 cant
663 1258 825 1285 sententiam

63 1301 185 1338 loquetur:
200 1303 332 1330 Discedite
349 1311 365 1329 a
378 1311 429 1335 me,
444 1302 590 1334 maledicti,
602 1303 629 1329 in
647 1302 732 1337 ignem
749 1307 826 1329 teter-

62 1355 119 1379 rmn,
137 1349 177 1375 oui
189 1354 301 1382 paratus
317 1353 355 1376 est
371 1348 478 1375 diabolo
490 1353 514 1376 et
529 1348 628 1383 angelis
641 1348 698 1383 ejus
708 1348 753 1375 ¹³“.
766 1347 827 1376 llaec

63 1392 153 1420 horrore
167 1399 239 1427 sunt,
257 1395 366 1422 medius
383 1394 474 1427 lidius,
489 1399 516 1421 et
528 1401 638 1429 pavore,
660 1402 691 1421 ac
704 1397 828 1422 conster-

63 1439 150 1467 natione
165 1440 238 1474 piena
252 1449 259 1467 ε
280 1448 342 1475 quae
357 1448 409 1468 nos
421 1440 497 1475 juxta
529 1444 612 1475 atquc
639 1440 700 1468 illos
721 1444 828 1475 oportet

62 1488 193 1516 reputantes
204 1485 330 1512 accidere
345 1489 372 1512 et
385 1485 571 1520 allacrymari.

90 1527 212 1564 Deumque
235 1530 385 1565 propitiutn
411 1537 519 1564 parare,
543 1529 704 1564 priusquam
728 1529 761 1556 ad
777 1536 828 1556 (ξι-ο

64 1574 196 1606 perit-titiam
213 1577 248 1603 sit
261 1576 410 1603 deventum
427 1583 520 1603 rerum
536 1583 598 1610 qua:
613 1575 772 1603 audiantur.
788 1575 826 1602 Ac

64 1627 110 1646 cunt
134 1622 169 1649 sic
200 1623 302 1650 obeant
329 1622 379 1654 ilii,
409 1630 469 1654 nos.
494 1622 634 1654 cohortor,
664 1621 826 1657 Evangelica

64 1668 175 1699 pra-conia
189 1669 315 1703 pernices
338 1668 494 1701 audiamus,
514 1668 608 1696 timide
628 1673 709 1703 atque
724 1668 828 1703 trepide

64 1710 106 1737 Deo
116 1713 208 1741 servire
220 1718 388 1749 satagentcs,
407 1719 506 1741 cuncta
521 1721 554 1742 ex
576 1714 669 1741 animo
680 1714 829 1741 vitiositatc

64 1763 174 1792 remota;
202 1760 337 1795 omnique
373 1760 489 1787 invicem
518 1759 657 1794 praeclara:
679 1759 829 1786 functionis

65 1801 154 1832 inducta
177 1806 304 1839 scientia,
321 1807 414 1840 penita
430 1806 633 1838 misericordia,
651 1806 828 1839 benignitate,

65 1849 233 1885 submissione,
250 1852 475 1884 mansuetudine,
492 1851 613 1884 lenitate,
621 1859 667 1879 seu
678 1851 743 1886 quid
757 1851 829 1879 aliud

65 1900 224 1929 estcximium
241 1906 268 1930 et
291 1901 443 1932 laudatum,
461 1908 517 1936 quo
536 1900 617 1935 digna
635 1900 709 1928 obita
728 1899 829 1927 Christi

66 1943 186 1980 Erangelio
195 1948 248 1974 vita
261 1947 375 1975 caeleste
390 1954 502 1982 regnum
511 1948 678 1974 erciscamur
691 1955 738 1981 per
752 1946 831 1973 Citri-

66 1995 122 2017 sturn
133 1991 217 2020 lesum
229 1993 378 2021 Domittum
390 1998 514 2021 nostrum
529 2000 536 2019 :
549 1993 592 2020 cui
607 1993 702 2028 gloria,
712 1993 831 2027 etitnpe—

65 2034 131 2068 riutn,
149 2044 206 2064 cum
222 2037 314 2071 Patre,
326 2046 358 2066 ac
370 2043 465 2066 sancto
477 2037 591 2072 Spiritu,
612 2045 696 2069 nunc,
715 2042 742 2066 et
757 2045 830 2065 scm-

65 2087 109 2114 per,
122 2082 145 2110 in
156 2091 316 2120 omnemque
335 2085 556 2120 perpetuitatem.
573 2084 670 2111 Amen.

343 2160 462 2190 SERMO
485 2160 528 2188 ιι.

66 2224 149 2257 Quarto
160 2228 393 2266 Tyropltagiarum.
407 2229 443 2256 De
452 2229 554 2266 fiducia
568 2234 645 2265 atque
660 2230 686 2256 in
706 2230 830 2264 pra’senti

289 2265 406 2300 periculo
422 2265 585 2292 constantia.

93 2329 188 2360 Fratres
206 2333 366 2368 Patresque,
383 2334 556 2361 institueram
582 2333 664 2361 hodie
680 2334 714 2361 de
743 2334 831 2362 conti-

67 2377 140 2404 nentia
154 2379 295 2413 disserere,
324 2385 468 2415 postquam
495 2380 523 2407 in
543 2379 648 2407 foribus
662 2380 691 2408 S.
705 2380 831 2413 Quadra-

67 2423 150 2453 sesima
172 2431 212 2453 est
225 2435 232 2452 :
247 2427 295 2455 sed
310 2435 372 2462 quae
397 2427 555 2454 rumoribus
569 2427 710 2462 jactantur
730 2434 833 2462 nequa-

67 2475 131 2500 quam
139 2470 162 2497 id
171 2480 248 2507 agere
263 2473 434 2508 permittunt,
447 2477 538 2501 mente
548 2481 581 2501 ac
603 2473 833 2501 sermocinatione

69 2512 110 2540 alio
134 2516 250 2545 traducta
273 2526 281 2545 :
306 2517 361 2553 jam
387 2519 461 2546 enitn
487 2518 564 2546 vobis
592 2518 665 2546 edixi
691 2519 832 2553 superiore

68 2557 186 2590 Πλιθώεεί
205 2563 348 2592 imminere
362 2564 444 2592 rebus
464 2564 567 2592 nostris
580 2564 785 2599 imperatorem,
803 2570 833 2592 et

70 2611 127 2633 nunc
142 2609 214 2636 aiunt
228 2618 276 2645 per
291 2610 464 2638 Nicomedem
478 2610 567 2638 minas
581 2610 726 2638 intentare.

96 2652 188 2685 Quibus
212 2657 234 2684 si
259 2665 436 2686 occurremus
467 2657 586 2693 egregie,
615 2658 730 2686 omnino
759 2657 832 2686 haud

70 2699 202 2729 sustinebit.
216 2701 268 2730 Sed
290 2703 388 2731 eiliciat
403 2711 469 2731 sane
489 2703 561 2738 quod
577 2703 699 2730 animttm
715 2703 832 2736 induxit,

72 2794 89 2810 ι.
97 2761 216 2810 11‘3""-
231 2775 296 2810 HJ.
308 2768 352 2796 54-
391 2769 425 2785 υ·
441 2769 508 2796 ibid.
523 2770 567 2796 .tt.

104 2797 187 2828 Matth.
214 2810 240 2835 x,
259 2803 286 2830 5.

609 2769 663 2796 “ll
680 2769 745 2797 Cor.
763 2778 782 2803 t,
799 2770 860 2797 5-7.

1613 141 1667 173 5'78

836 203 858 230 Α
874 199 938 233 quid
951 198 1028 225 tum?
1042 203 1133 232 postea
1147 196 1247 224 scilicet
1267 203 1376 223 rursum
1389 197 1541 231 oppugnari
1556 204 1664 223 rursum

872 247 914 270 cst
936 243 1073 275 coronari,
1100 249 1132 269 ae
1142 249 1198 276 quo
1225 241 1345 275 majores
1363 245 1429 267 sunt
1451 247 1590 273 mrumnm,
1612 241 1664 267 hoc

871 288 961 315 sancti
978 287 1096 322 Spiritus
1122 287 1210 321 major
1237 285 1390 313 consolatio
1399 289 1456 312 est:
1472 293 1534 312 nam
1544 285 1667 320 Apostoii

872 333 930 360 haec
948 337 1014 360 sunt
1037 332 1118 360 verba
1137 340 1146 359 ί
1165 331 1239 359 Sicut
1254 330 1390 358 abundant
1414 331 1549 365 passiones
1565 331 1667 357 Christi

871 379 899 405 in
915 378 1000 411 nobis,
1020 378 1058 405 ita
1073 383 1097 405 et
1106 386 1153 412 per
1168 377 1304 405 Christum
1313 377 1431 404 abundat
1455 377 1604 403 consolatio
1620 385 1668 403 no-

872 429 941 452 stra.
955 423 1015 451 Sive
1026 429 1114 451 autent
1136 423 1308 455 tribulamur,
1323 431 1371 458 pro
1390 427 1477 450 vestra
1490 424 1669 450 consolatione

871 475 894 496 et
910 471 996 496 salute
1015 469 1080 504 (l5),
1101 478 1161 504 qua:
1177 473 1302 504 operatur
1316 470 1343 496 in
1361 469 1503 496 tolerantia
1517 469 1669 496 earumdem

871 517 1034 551 passionum,
1045 524 1112 550 quas
1126 521 1150 542 et
1161 523 1208 542 nos
1221 516 1349 550 patimur,
1365 514 1400 550 (et
1418 523 1478 549 spes
1489 520 1581 541 nostra
1591 515 1670 548 ﬁrma

871 567 910 589 est
924 562 956 590 de
966 562 1048 596 vobis)
1062 562 1114 589 siue
1126 562 1304 593 consolamur,
1317 569 1365 595 pro
1389 566 1475 587 vestra
1491 561 1670 587 consolatione

872 614 896 636 et
917 608 1015 640 salute,
1033 608 1143 635 scientes
1168 608 1237 642 quod
1258 607 1326 633 sicut
1342 607 1408 634 socii
1428 607 1580 640 passionum
1594 607 1670 638 estis,

873 656 912 682 sic
928 655 1005 682 eritis
1022 659 1047 681 et
1069 653 1259 680 consolationis
1271 652 1304 680 ⁸⁸.
1320 651 1359 679 En
1376 653 1409 680 iis
1435 652 1523 679 verbis
1546 652 1671 680 ostendit

874 700 964 728 socios
987 707 1037 726 ttos
1057 706 1120 726 esse
1147 698 1270 726 vicissim
1290 698 1317 724 in
1342 697 1448 725 solatiis
1477 703 1505 724 et
1528 698 1670 729 aerumnis,

874 753 924 773 ceu
941 753 1026 772 unum
1049 752 1161 779 COI‘plIS,
1185 752 1324 779 unamque
1345 749 1476 776 mentem,
1505 749 1535 771 ut
1550 744 1576 770 in
1589 752 1670 771 unatn

874 798 950 826 spem
971 798 1080 825 quoque
1104 791 1209 818 accitos
1240 797 1272 817 ac
1296 793 1418 817 vocatos.
1441 790 1622 822 Quamobrem
1638 798 1671 817 ne

877 837 904 864 in
927 841 1069 872 pOsterum
1089 837 1279 867 concidamus,
1306 836 1417 868 fratres,
1439 843 1491 862 neu
1511 835 1665 867 doleamus,

876 882 943 917 quin
971 890 1024 909 una
1054 889 1148 909 omnes
1175 888 1386 916 consurgamus,
1413 885 1540 914 tanquam
1573 880 1665 907 eximii

876 927 979 955 Citristi
1008 927 1121 959 milites,
1141 934 1217 954 arma
1249 925 1368 953 ferentes
1389 933 1443 952 non
1467 925 1599 958 carnalia,
1622 925 1670 953 sed

877 971 1059 1006 Deipotentia,
1073 978 1134 1006 qute
1142 978 1220 998 arces
1233 975 1371 1003 evertant,
1385 970 1411 997 id
1428 974 1470 997 est
1485 970 1669 1004 prudentiam,

879 1016 1063 1044 fortitudinem
1077 1037 1085 1050 ,
1117 1017 1326 1052 temperantiam
1345 1037 1352 1049 ,
1385 1016 1521 1050 justitiam
1539 1036 1546 1048 ,
1568 1015 1671 1044 Christi

877 1062 921 1090 itic
935 1070 1046 1097 quoque
1062 1063 1184 1090 exsecuti
1198 1062 1361 1090 sententiam
1379 1082 1386 1094 ,
1406 1061 1472 1089 Cum
1485 1068 1672 1096 persequentur

877 1115 920 1134 vos
937 1107 965 1134 in
981 1107 1088 1134 civitate
1100 1107 1162 1139 ista,
1177 1107 1260 1142 fugite
1271 1107 1298 1133 in
1327 1106 1410 1133 alium
1424 1107 1457 1133 ".
1473 1105 1532 1139 Quo
1548 1112 1672 1134 extorres

877 1158 913 1178 ne
930 1151 997 1186 quid
1019 1151 1094 1179 esuri
1119 1159 1225 1184 sumus,
1247 1151 1403 1182 bibiturive,
1420 1156 1468 1178 aut
1480 1151 1606 1178 anticturi
1619 1159 1668 1178 cu-

878 1205 971 1225 remus
987 1205 993 1223 :
1024 1197 1081 1232 ipse
1111 1198 1185 1225 enim
1212 1197 1281 1224 dixit
1296 1206 1303 1224 :
1330 1196 1391 1223 Non
1405 1201 1428 1224 te
1443 1197 1575 1230 deseram,
1591 1205 1671 1231 neque

878 1243 1027 1278 relinquant
1038 1243 1072 1275 '°,
1081 1247 1110 1270 ut
1122 1243 1163 1270 vel
1177 1242 1296 1270 indidem
1305 1241 1453 1269 fenestram
1466 1242 1501 1270 sit
1513 1246 1670 1277 aperturus.

878 1294 960 1323 atque
975 1288 1133 1323 adjumento
1151 1287 1230 1316 nobis
1248 1288 1275 1315 in
1289 1287 1419 1315 omnibus
1433 1287 1552 1316 futurus.
1567 1287 1670 1323 Ecquid

878 1341 933 1361 llOn
948 1334 1127 1369 gaudeamus,
1138 1334 1180 1362 his
1193 1332 1282 1361 allecti
1297 1333 1462 1368 promissis?
1477 1342 1530 1361 nott
1542 1341 1668 1365 Ovemus.

878 1380 925 1415 qui
949 1380 1084 1408 Dominici
1107 1380 1192 1408 simus
1211 1380 1367 1415 discipuli?
1387 1380 1428 1408 sic
1452 1381 1587 1416 persecuti
1602 1385 1668 1408 sunt

878 1430 905 1453 et
917 1430 1028 1452 sanctos
1052 1426 1201 1460 apostolos,
1215 1433 1286 1460 quos
1302 1425 1435 1454 Dominus
1457 1426 1557 1453 all'atur
1575 1426 1602 1453 in
1615 1427 1672 1453 haec

879 1470 960 1497 verba
977 1479 984 1497 :
1005 1470 1081 1498 Beati
1100 1471 1164 1498 estis
1181 1479 1241 1498 cum
1259 1471 1444 1498 maledixerint
1466 1472 1551 1503 vobis,
1573 1477 1597 1499 et
1613 1480 1672 1506 per-

879 1516 962 1542 secuti
976 1524 1019 1543 vos
1035 1516 1145 1551 fuerint,
1158 1521 1182 1544 et
1196 1517 1314 1544 dixerint
1328 1525 1403 1545 omne
1417 1518 1518 1544 ntalunt
1534 1517 1671 1544 aduertam

878 1569 923 1588 vos
939 1563 1094 1589 mentientes
1114 1567 1222 1597 propter
1244 1570 1284 1589 me
1304 1569 1314 1589 :
1334 1563 1445 1598 gaudete
1487 1564 1514 1590 itt
1543 1563 1592 1590 illa
1618 1563 1671 1595 die,

878 1612 904 1634 et
920 1607 1086 1634 excultate"
1112 1616 1118 1635 :
1145 1607 1238 1643 itaque
1261 1609 1352 1643 gaudii
1370 1613 1434 1636 sttttt
1459 1613 1541 1643 atque
1555 1609 1674 1636 exsulta-

880 1653 962 1680 tionis
981 1653 1138 1688 prmsentia,
1166 1661 1227 1688 quae
1246 1653 1456 1681 inenarrabiient
1480 1654 1612 1687 laetitiam,
1630 1655 1671 1682 vi-

881 1703 934 1726 tant
950 1706 1108 1733 perennem,
1125 1706 1157 1726 ac
1174 1699 1234 1726 sitte
1246 1699 1299 1726 line
1312 1707 1425 1734 regnum
1449 1701 1598 1727 concilient
1615 1709 1622 1727 :
1643 1700 1672 1727 In

880 1745 948 1771 riam
961 1745 1080 1779 gentium
1091 1753 1123 1771 ne
1138 1744 1268 1777 abieritis,
1285 1745 1334 1776 ait,
1346 1750 1370 1772 et
1383 1746 1411 1771 in
1423 1746 1541 1773 civitates
1553 1745 1673 1773 Samari-

881 1796 1004 1817 tanorum
1032 1799 1063 1818 ne
1079 1791 1242 1818 intraveritit
1258 1791 1290 1823 “,
1311 1791 1362 1819 itoc
1375 1792 1563 1827 accipientium
1576 1793 1602 1819 itt
1620 1793 1674 1819 inr-

881 1837 992 1863 reticos.
1013 1835 1185 1871 Quapropter
1196 1844 1291 1864 eorum
1315 1844 1367 1864 neu
1386 1837 1533 1871 ecclesias,
1559 1846 1609 1865 neu
1624 1839 1673 1865 do-

881 1889 942 1909 mos
953 1882 1077 1910 ineamus
1094 1903 1102 1915 ,
1117 1883 1185 1917 quin
1206 1882 1364 1918 ubicunque
1379 1883 1454 1917 pacis
1470 1883 1542 1911 filius
1555 1903 1562 1916 ,
1580 1891 1672 1911 seuten

881 1927 990 1962 pietatis
1005 1934 1056 1960 est,
1071 1937 1104 1956 eo
1129 1929 1307 1961 divertamus,
1331 1929 1454 1964 inibiqtte
1469 1937 1620 1962 versemur,
1635 1931 1674 1957 uti

882 1977 909 2000 et
922 1973 1055 2007 proximis
1081 1974 1273 2008 temporibus;
1298 1981 1446 2002 cavoamus
1463 1975 1510 2009 qui
1532 1976 1672 2002 veritatem

883 2019 996 2053 ﬁngant,
1019 2019 1066 2053 qui
1083 2019 1227 2054 prafertos
1245 2027 1274 2047 se
1290 2020 1394 2052 dicant,
1428 2028 1517 2056 neque
1544 2022 1609 2054 sint,
1627 2023 1673 2049 sed

883 2063 956 2098 plani
976 2064 1020 2098 qui
1045 2069 1149 2097 errent,
1176 2069 1203 2092 et
1220 2065 1247 2091 in
1274 2072 1395 2092 errorem
1429 2066 1580 2101 impellant,
1595 2068 1673 2095 delu-

882 2109 950 2136 dant
970 2117 1002 2136 ac
1018 2109 1191 2142 deiudantur,
1219 2118 1338 2145 quorum
1359 2111 1433 2145 jusla
1461 2113 1599 2140 damnatio
1621 2118 1672 2145 est,

884 2159 1010 2182 tueamur
1035 2155 1205 2183 consolidant
1231 2156 1323 2190 ﬁdem,
1348 2161 1405 2183 tuttt
1423 2158 1555 2192 integram
1579 2159 1672 2191 vitam,

846 2206 868 2234 ι)
883 2201 1044 2228 alterutrum
1073 2201 1206 2228 alterutro
1221 2209 1275 2229 tton
1305 2202 1443 2234 laedentes,
1466 2204 1532 2238 qnitt
1546 2205 1674 2239 utrinque

886 2246 983 2281 integri
1003 2252 1030 2273 ct
1053 2246 1174 2281 perfecti.
1202 2247 1268 2280 Quae
1286 2248 1423 2283 proposita
1452 2249 1591 2278 confessio
1620 2256 1672 2283 est,

883 2292 917 2319 de
930 2291 1038 2318 Domini
1051 2292 1137 2319 nostri
1147 2291 1210 2320 Jesu
1223 2292 1327 2321 Citriin
1343 2294 1532 2322 incarnatione
1547 2296 1672 2329 ducitur,

884 2341 914 2364 ut
937 2337 984 2372 qui
1014 2344 1075 2364 cum
1101 2342 1179 2373 neget
1199 2340 1387 2373 reptacscntori
1411 2341 1526 2374 pictura,
1553 2347 1631 2377 neget
1647 2349 1674 2369 et

884 2387 1058 2418 corporatum
1069 2389 1261 2419 conspectum:
1277 2385 1348 2412 idem
1360 2391 1402 2413 est
1411 2386 1484 2413 enim
1497 2393 1673 2422 corporatum

884 2436 946 2455 esse
975 2433 1163 2463 conspectunt,
1189 2437 1221 2457 ac
1251 2431 1441 2465 repraesentari
1473 2431 1589 2466 pictura.
1623 2433 1674 2466 Qui

883 2481 992 2501 sacram
1013 2475 1074 2510 ejus
1091 2475 1236 2510 imaginem
1261 2484 1314 2504 non
1330 2477 1435 2512 adoret,
1458 2477 1603 2506 Dominum
1620 2488 1673 2507 non

883 2520 980 2548 adorat
997 2529 1004 2547 :
1024 2521 1095 2548 inest
1120 2522 1223 2549 scilicet
1244 2521 1272 2549 in
1290 2523 1410 2558 imagine
1433 2523 1560 2558 princeps
1583 2532 1676 2552 excut-

883 2567 952 2601 plar,
985 2571 1068 2602 atque
1100 2567 1127 2594 in
1159 2568 1283 2603 principe
1307 2570 1458 2604 exemplari
1487 2572 1673 2605 reprtcsentati

885 2613 1019 2648 cujusque
1047 2614 1137 2648 imago
1159 2615 1247 2642 elucct
1266 2619 1294 2642 et
1313 2616 1452 2643 adorator.

923 2659 971 2685 Sin
986 2660 1101 2686 adorare
1114 2667 1144 2687 se
1157 2659 1330 2689 lconomaclti
1349 2661 1454 2695 dicant,
1477 2661 1649 2689 mentiuntur
1666 2672 1672 2689 :

888 2712 962 2738 ttant,
979 2703 1158 2738 Conﬁtentur,
1176 2706 1276 2742 inquit,
1289 2714 1316 2734 se
1327 2715 1402 2733 noue
1422 2706 1515 2739 Deum,
1529 2707 1608 2742 factis
1626 2715 1675 2734 cu.-

900 2772 922 2787 "
936 2771 1034 2798 Matth.
1055 2779 1083 2803 ι,
1101 2771 1145 2799 25.
1185 2772 1209 2787 ¹⁶
1221 2771 1304 2799 Josue
1318 2780 1326 2798 t
1339 2793 1347 2802 ,
1367 2772 1393 2799 5.
1432 2773 1454 2787 ’⁷
1468 2772 1561 2800 Matth.
1587 2783 1612 2808 v,
1628 2775 1671 2803 ll.

162 2858 241 2899 lfaulo
253 2861 330 2890 aliter
349 2862 406 2890 haec
418 2862 445 2890 in
465 2862 565 2891 Gnrcis
578 2863 694 2900 vulgatis
708 2869 731 2892 ct
742 2863 840 2892 Latino
856 2865 1004 2900 interprete
1022 2865 1158 2900 leguntur.
1182 2865 1236 2893 Nos
1252 2864 1374 2893 auctoris
1385 2865 1543 2894 citationem
1560 2867 1675 2895 fideliter

73 2894 249 2925 imposuimus.
