  <div class='ocr_page' id='page_1' title='image "/cluster/home/n/w/nwhite01/storage/ocr_20150623/99/njp.32101010943858/309.png"; bbox 0 0 1921 3073; ppageno 0'>
   <div class='ocr_carea' id='block_1_1' title="bbox 229 132 282 164">
    <p class='ocr_par' dir='ltr' id='par_1_1' title="bbox 229 132 282 164">
     <span class='ocr_line' id='line_1_1' title="bbox 229 132 282 164; baseline -0.038 0"><span class='ocrx_word' id='word_1_1' title='bbox 229 132 282 164; x_wconf 77' lang='grc'><strong>579</strong></span> 
     </span>
    </p>
   </div>
   <div class='ocr_carea' id='block_1_2' title="bbox 826 127 1265 158">
    <p class='ocr_par' dir='ltr' id='par_1_2' title="bbox 826 127 1265 158">
     <span class='ocr_line' id='line_1_2' title="bbox 826 127 1265 158; baseline 0 0"><span class='ocrx_word' id='word_1_2' title='bbox 826 130 856 158; x_wconf 93' lang='lat' dir='ltr'><strong>S.</strong></span> <span class='ocrx_word' id='word_1_3' title='bbox 870 127 1066 158; x_wconf 83' lang='lat' dir='ltr'><strong>THEODORI</strong></span> <span class='ocrx_word' id='word_1_4' title='bbox 1091 128 1265 158; x_wconf 77' lang='lat' dir='ltr'><strong>STUDIT/E</strong></span> 
     </span>
    </p>
   </div>
   <div class='ocr_carea' id='block_1_3' title="bbox 1807 127 1867 158">
    <p class='ocr_par' dir='ltr' id='par_1_3' title="bbox 1807 127 1867 158">
     <span class='ocr_line' id='line_1_3' title="bbox 1807 127 1867 158; baseline 0 0"><span class='ocrx_word' id='word_1_5' title='bbox 1807 127 1867 158; x_wconf 87' lang='lat'><strong>580</strong></span> 
     </span>
    </p>
   </div>
   <div class='ocr_carea' id='block_1_4' title="bbox 228 183 1866 223">
    <p class='ocr_par' dir='ltr' id='par_1_4' title="bbox 228 183 1866 223">
     <span class='ocr_line' id='line_1_4' title="bbox 228 183 1866 223; baseline -0.002 -8"><span class='ocrx_word' id='word_1_6' title='bbox 228 197 279 217; x_wconf 80' lang='lat' dir='ltr'><strong>tem</strong></span> <span class='ocrx_word' id='word_1_7' title='bbox 294 192 390 223; x_wconf 83' lang='lat' dir='ltr'><strong>negant</strong></span> <span class='ocrx_word' id='word_1_8' title='bbox 407 187 440 213; x_wconf 72' lang='grc' dir='ltr'><strong>υ.</strong></span> <span class='ocrx_word' id='word_1_9' title='bbox 453 186 543 220; x_wconf 86' lang='lat' dir='ltr'><strong>Quare</strong></span> <span class='ocrx_word' id='word_1_10' title='bbox 555 186 695 213; x_wconf 85' lang='lat' dir='ltr'><strong>Clu-istum</strong></span> <span class='ocrx_word' id='word_1_11' title='bbox 715 192 766 212; x_wconf 91' lang='lat' dir='ltr'><strong>nos</strong></span> <span class='ocrx_word' id='word_1_12' title='bbox 781 185 896 219; x_wconf 77' lang='lat' dir='ltr'><strong>ejusque</strong></span> <span class='ocrx_word' id='word_1_13' title='bbox 913 184 1012 218; x_wconf 82' lang='lat' dir='ltr'><strong>imagi-</strong></span> <span class='ocrx_word' id='word_1_14' title='bbox 1027 187 1050 214; x_wconf 77' lang='grc' dir='ltr'>Α</span> <span class='ocrx_word' id='word_1_15' title='bbox 1064 184 1147 211; x_wconf 91' lang='lat' dir='ltr'><strong>ticine</strong></span> <span class='ocrx_word' id='word_1_16' title='bbox 1157 184 1294 219; x_wconf 83' lang='lat' dir='ltr'><strong>loquar“,</strong></span> <span class='ocrx_word' id='word_1_17' title='bbox 1311 188 1414 218; x_wconf 89' lang='lat' dir='ltr'><strong>stupra,</strong></span> <span class='ocrx_word' id='word_1_18' title='bbox 1430 184 1513 216; x_wconf 82' lang='lat' dir='ltr'><strong>furta,</strong></span> <span class='ocrx_word' id='word_1_19' title='bbox 1526 183 1681 217; x_wconf 78' lang='lat' dir='ltr'><strong>mendacia,</strong></span> <span class='ocrx_word' id='word_1_20' title='bbox 1696 183 1776 216; x_wconf 72' lang='lat' dir='ltr'><strong>dira,</strong></span> <span class='ocrx_word' id='word_1_21' title='bbox 1792 184 1866 211; x_wconf 77' lang='lat' dir='ltr'><strong>alia~</strong></span> 
     </span>
    </p>
   </div>
   <div class='ocr_carea' id='block_1_5' title="bbox 226 230 1018 267">
    <p class='ocr_par' dir='ltr' id='par_1_5' title="bbox 226 230 1018 267">
     <span class='ocr_line' id='line_1_5' title="bbox 226 230 1018 267; baseline -0.008 -5"><span class='ocrx_word' id='word_1_22' title='bbox 226 243 298 265; x_wconf 80' lang='lat' dir='ltr'><strong>nem.</strong></span> <span class='ocrx_word' id='word_1_23' title='bbox 320 233 466 267; x_wconf 89' lang='lat' dir='ltr'><strong>Deiparam</strong></span> <span class='ocrx_word' id='word_1_24' title='bbox 503 232 618 267; x_wconf 80' lang='lat' dir='ltr'><strong>ejusque</strong></span> <span class='ocrx_word' id='word_1_25' title='bbox 643 230 807 265; x_wconf 81' lang='lat' dir='ltr'><strong>imaginem.</strong></span> <span class='ocrx_word' id='word_1_26' title='bbox 838 234 949 258; x_wconf 89' lang='lat' dir='ltr'><strong>sanctos</strong></span> <span class='ocrx_word' id='word_1_27' title='bbox 971 237 1018 256; x_wconf 83' lang='lat' dir='ltr'><strong>eo-</strong></span> 
     </span>
    </p>
   </div>
   <div class='ocr_carea' id='block_1_6' title="bbox 228 276 1018 315">
    <p class='ocr_par' dir='ltr' id='par_1_6' title="bbox 228 276 1018 315">
     <span class='ocr_line' id='line_1_6' title="bbox 228 276 1018 315; baseline -0.008 -7"><span class='ocrx_word' id='word_1_28' title='bbox 228 287 347 315; x_wconf 83' lang='lat' dir='ltr'><strong>rumque</strong></span> <span class='ocrx_word' id='word_1_29' title='bbox 366 280 499 314; x_wconf 79' lang='lat' dir='ltr'><strong>imagines</strong></span> <span class='ocrx_word' id='word_1_30' title='bbox 524 279 690 310; x_wconf 85' lang='lat' dir='ltr'><strong>adoremus;</strong></span> <span class='ocrx_word' id='word_1_31' title='bbox 727 285 809 311; x_wconf 91' lang='lat' dir='ltr'><strong>quam</strong></span> <span class='ocrx_word' id='word_1_32' title='bbox 837 276 1018 311; x_wconf 79' lang='lat' dir='ltr'><strong>apostolicam</strong></span> 
     </span>
    </p>
   </div>
   <div class='ocr_carea' id='block_1_7' title="bbox 225 323 1015 358">
    <p class='ocr_par' dir='ltr' id='par_1_7' title="bbox 225 323 1015 358">
     <span class='ocr_line' id='line_1_7' title="bbox 225 323 1015 358; baseline -0.006 -4"><span class='ocrx_word' id='word_1_33' title='bbox 225 327 381 354; x_wconf 71' lang='lat' dir='ltr'><strong>doctrinam</strong></span> <span class='ocrx_word' id='word_1_34' title='bbox 396 333 412 352; x_wconf 91' lang='lat' dir='ltr'><strong>a</strong></span> <span class='ocrx_word' id='word_1_35' title='bbox 429 325 533 352; x_wconf 76' lang='lat' dir='ltr'><strong>sanctis</strong></span> <span class='ocrx_word' id='word_1_36' title='bbox 543 323 672 351; x_wconf 83' lang='lat' dir='ltr'><strong>Patrihus</strong></span> <span class='ocrx_word' id='word_1_37' title='bbox 690 328 834 358; x_wconf 77' lang='lat' dir='ltr'><strong>acceptam</strong></span> <span class='ocrx_word' id='word_1_38' title='bbox 853 323 941 355; x_wconf 81' lang='lat' dir='ltr'><strong>vobis,</strong></span> <span class='ocrx_word' id='word_1_39' title='bbox 966 323 1015 349; x_wconf 85' lang='lat' dir='ltr'><strong>filii</strong></span> 
     </span>
    </p>
   </div>
   <div class='ocr_carea' id='block_1_8' title="bbox 227 369 1018 406">
    <p class='ocr_par' dir='ltr' id='par_1_8' title="bbox 227 369 1018 406">
     <span class='ocr_line' id='line_1_8' title="bbox 227 369 1018 406; baseline -0.008 -6"><span class='ocrx_word' id='word_1_40' title='bbox 227 375 390 406; x_wconf 74' lang='lat' dir='ltr'><strong>fratresque,</strong></span> <span class='ocrx_word' id='word_1_41' title='bbox 401 377 482 406; x_wconf 87' lang='lat' dir='ltr'><strong>porro</strong></span> <span class='ocrx_word' id='word_1_42' title='bbox 488 377 537 397; x_wconf 86' lang='lat' dir='ltr'><strong>ceu</strong></span> <span class='ocrx_word' id='word_1_43' title='bbox 543 370 694 404; x_wconf 88' lang='lat' dir='ltr'><strong>depositum</strong></span> <span class='ocrx_word' id='word_1_44' title='bbox 706 369 836 402; x_wconf 85' lang='lat' dir='ltr'><strong>concedo,</strong></span> <span class='ocrx_word' id='word_1_45' title='bbox 842 376 890 403; x_wconf 90' lang='lat' dir='ltr'><strong>per</strong></span> <span class='ocrx_word' id='word_1_46' title='bbox 896 372 1018 396; x_wconf 86' lang='lat' dir='ltr'><strong>sanctum</strong></span> 
     </span>
    </p>
   </div>
   <div class='ocr_carea' id='block_1_9' title="bbox 228 415 1019 453">
    <p class='ocr_par' dir='ltr' id='par_1_9' title="bbox 228 415 1019 453">
     <span class='ocr_line' id='line_1_9' title="bbox 228 415 1019 453; baseline -0.008 -8"><span class='ocrx_word' id='word_1_47' title='bbox 228 419 372 453; x_wconf 76' lang='lat' dir='ltr'><strong>Spiritum,</strong></span> <span class='ocrx_word' id='word_1_48' title='bbox 389 417 436 451; x_wconf 88' lang='lat' dir='ltr'><strong>qui</strong></span> <span class='ocrx_word' id='word_1_49' title='bbox 450 416 621 443; x_wconf 87' lang='lat' dir='ltr'><strong>inltabitatin</strong></span> <span class='ocrx_word' id='word_1_50' title='bbox 636 415 723 447; x_wconf 86' lang='lat' dir='ltr'><strong>vobis,</strong></span> <span class='ocrx_word' id='word_1_51' title='bbox 741 415 853 442; x_wconf 69' lang='lat' dir='ltr'><strong>illaesam</strong></span> <span class='ocrx_word' id='word_1_52' title='bbox 885 420 912 441; x_wconf 88' lang='lat' dir='ltr'><strong>et</strong></span> <span class='ocrx_word' id='word_1_53' title='bbox 928 415 1019 441; x_wconf 86' lang='lat' dir='ltr'><strong>incor-</strong></span> 
     </span>
    </p>
   </div>
   <div class='ocr_carea' id='block_1_10' title="bbox 229 460 1018 498">
    <p class='ocr_par' dir='ltr' id='par_1_10' title="bbox 229 460 1018 498">
     <span class='ocr_line' id='line_1_10' title="bbox 229 460 1018 498; baseline -0.005 -8"><span class='ocrx_word' id='word_1_54' title='bbox 229 461 583 498; x_wconf 85' lang='lat' dir='ltr'><strong>ruptamconservandam.</strong></span> <span class='ocrx_word' id='word_1_55' title='bbox 610 461 687 494; x_wconf 87' lang='lat' dir='ltr'><strong>Quod</strong></span> <span class='ocrx_word' id='word_1_56' title='bbox 715 465 861 495; x_wconf 84' lang='lat' dir='ltr'><strong>superest,</strong></span> <span class='ocrx_word' id='word_1_57' title='bbox 888 460 1018 494; x_wconf 84' lang='lat' dir='ltr'><strong>depreca-</strong></span> 
     </span>
    </p>
   </div>
   <div class='ocr_carea' id='block_1_11' title="bbox 228 506 1020 543">
    <p class='ocr_par' dir='ltr' id='par_1_11' title="bbox 228 506 1020 543">
     <span class='ocr_line' id='line_1_11' title="bbox 228 506 1020 543; baseline -0.004 -8"><span class='ocrx_word' id='word_1_58' title='bbox 228 510 293 536; x_wconf 85' lang='lat' dir='ltr'><strong>ntini</strong></span> <span class='ocrx_word' id='word_1_59' title='bbox 313 516 361 543; x_wconf 91' lang='lat' dir='ltr'><strong>pro</strong></span> <span class='ocrx_word' id='word_1_60' title='bbox 385 508 475 540; x_wconf 89' lang='lat' dir='ltr'><strong>nobis,</strong></span> <span class='ocrx_word' id='word_1_61' title='bbox 499 511 530 534; x_wconf 91' lang='lat' dir='ltr'><strong>ut</strong></span> <span class='ocrx_word' id='word_1_62' title='bbox 555 515 603 534; x_wconf 91' lang='lat' dir='ltr'><strong>ore</strong></span> <span class='ocrx_word' id='word_1_63' title='bbox 620 508 770 534; x_wconf 89' lang='lat' dir='ltr'><strong>reserando</strong></span> <span class='ocrx_word' id='word_1_64' title='bbox 788 514 943 534; x_wconf 85' lang='lat' dir='ltr'><strong>sermonem</strong></span> <span class='ocrx_word' id='word_1_65' title='bbox 963 506 1020 533; x_wconf 90' lang='lat' dir='ltr'><strong>tri—</strong></span> 
     </span>
    </p>
   </div>
   <div class='ocr_carea' id='block_1_12' title="bbox 230 553 1018 588">
    <p class='ocr_par' dir='ltr' id='par_1_12' title="bbox 230 553 1018 588">
     <span class='ocr_line' id='line_1_12' title="bbox 230 553 1018 588; baseline -0.004 -7"><span class='ocrx_word' id='word_1_66' title='bbox 230 555 296 581; x_wconf 90' lang='lat' dir='ltr'><strong>buat</strong></span> <span class='ocrx_word' id='word_1_67' title='bbox 311 555 394 587; x_wconf 84' lang='lat' dir='ltr'><strong>Deus,</strong></span> <span class='ocrx_word' id='word_1_68' title='bbox 411 561 466 588; x_wconf 91' lang='lat' dir='ltr'><strong>quo</strong></span> <span class='ocrx_word' id='word_1_69' title='bbox 484 553 604 581; x_wconf 84' lang='lat' dir='ltr'><strong>sermoni</strong></span> <span class='ocrx_word' id='word_1_70' title='bbox 627 553 790 580; x_wconf 85' lang='lat' dir='ltr'><strong>resistamus</strong></span> <span class='ocrx_word' id='word_1_71' title='bbox 808 559 861 579; x_wconf 89' lang='lat' dir='ltr'><strong>neu</strong></span> <span class='ocrx_word' id='word_1_72' title='bbox 875 556 1018 586; x_wconf 79' lang='lat' dir='ltr'><strong>exspecta-</strong></span> 
     </span>
    </p>
   </div>
   <div class='ocr_carea' id='block_1_13' title="bbox 232 597 1018 633">
    <p class='ocr_par' dir='ltr' id='par_1_13' title="bbox 232 597 1018 633">
     <span class='ocr_line' id='line_1_13' title="bbox 232 597 1018 633; baseline -0.003 -7"><span class='ocrx_word' id='word_1_73' title='bbox 232 600 334 627; x_wconf 82' lang='lat' dir='ltr'><strong>tionem</strong></span> <span class='ocrx_word' id='word_1_74' title='bbox 362 599 539 630; x_wconf 88' lang='lat' dir='ltr'><strong>frustremur,</strong></span> <span class='ocrx_word' id='word_1_75' title='bbox 569 605 676 633; x_wconf 91' lang='lat' dir='ltr'><strong>unaque</strong></span> <span class='ocrx_word' id='word_1_76' title='bbox 703 598 844 625; x_wconf 84' lang='lat' dir='ltr'><strong>vobiscum</strong></span> <span class='ocrx_word' id='word_1_77' title='bbox 871 597 1018 625; x_wconf 89' lang='lat' dir='ltr'><strong>imminens</strong></span> 
     </span>
    </p>
   </div>
   <div class='ocr_carea' id='block_1_14' title="bbox 230 642 1018 675">
    <p class='ocr_par' dir='ltr' id='par_1_14' title="bbox 230 642 1018 675">
     <span class='ocr_line' id='line_1_14' title="bbox 230 642 1018 675; baseline -0.001 -4"><span class='ocrx_word' id='word_1_78' title='bbox 230 649 368 672; x_wconf 88' lang='lat' dir='ltr'><strong>certamen</strong></span> <span class='ocrx_word' id='word_1_79' title='bbox 394 644 454 671; x_wconf 84' lang='lat' dir='ltr'><strong>sine</strong></span> <span class='ocrx_word' id='word_1_80' title='bbox 480 644 576 671; x_wconf 78' lang='lat' dir='ltr'><strong>fraude</strong></span> <span class='ocrx_word' id='word_1_81' title='bbox 607 644 749 675; x_wconf 85' lang='lat' dir='ltr'><strong>obeamus,</strong></span> <span class='ocrx_word' id='word_1_82' title='bbox 779 643 886 670; x_wconf 83' lang='lat' dir='ltr'><strong>cunctis</strong></span> <span class='ocrx_word' id='word_1_83' title='bbox 907 642 1018 670; x_wconf 63' lang='lat' dir='ltr'><strong>caeleste</strong></span> 
     </span>
    </p>
   </div>
   <div class='ocr_carea' id='block_1_15' title="bbox 232 688 1016 726">
    <p class='ocr_par' dir='ltr' id='par_1_15' title="bbox 232 688 1016 726">
     <span class='ocr_line' id='line_1_15' title="bbox 232 688 1016 726; baseline -0.003 -9"><span class='ocrx_word' id='word_1_84' title='bbox 232 698 345 726; x_wconf 81' lang='lat' dir='ltr'><strong>regnum</strong></span> <span class='ocrx_word' id='word_1_85' title='bbox 372 689 512 723; x_wconf 88' lang='lat' dir='ltr'><strong>adepturis</strong></span> <span class='ocrx_word' id='word_1_86' title='bbox 532 696 580 724; x_wconf 91' lang='lat' dir='ltr'><strong>per</strong></span> <span class='ocrx_word' id='word_1_87' title='bbox 594 689 734 716; x_wconf 83' lang='lat' dir='ltr'><strong>Christum</strong></span> <span class='ocrx_word' id='word_1_88' title='bbox 758 688 851 716; x_wconf 71' lang='lat' dir='ltr'><strong>losum</strong></span> <span class='ocrx_word' id='word_1_89' title='bbox 873 689 1016 716; x_wconf 88' lang='lat' dir='ltr'><strong>Dominum</strong></span> 
     </span>
    </p>
   </div>
   <div class='ocr_carea' id='block_1_16' title="bbox 232 733 1018 769">
    <p class='ocr_par' dir='ltr' id='par_1_16' title="bbox 232 733 1018 769">
     <span class='ocr_line' id='line_1_16' title="bbox 232 733 1018 769; baseline -0.003 -7"><span class='ocrx_word' id='word_1_90' title='bbox 232 740 355 763; x_wconf 88' lang='lat' dir='ltr'><strong>nostrum</strong></span> <span class='ocrx_word' id='word_1_91' title='bbox 374 745 380 762; x_wconf 87' lang='lat'>:</span> <span class='ocrx_word' id='word_1_92' title='bbox 403 734 446 762; x_wconf 94' lang='lat' dir='ltr'><strong>cui</strong></span> <span class='ocrx_word' id='word_1_93' title='bbox 463 734 550 769; x_wconf 80' lang='lat' dir='ltr'><strong>gloria</strong></span> <span class='ocrx_word' id='word_1_94' title='bbox 566 739 593 761; x_wconf 86' lang='lat' dir='ltr'><strong>et</strong></span> <span class='ocrx_word' id='word_1_95' title='bbox 614 734 758 769; x_wconf 88' lang='lat' dir='ltr'><strong>imperium</strong></span> <span class='ocrx_word' id='word_1_96' title='bbox 786 741 846 761; x_wconf 90' lang='lat' dir='ltr'><strong>cum</strong></span> <span class='ocrx_word' id='word_1_97' title='bbox 873 733 966 766; x_wconf 90' lang='lat' dir='ltr'><strong>Patre,</strong></span> <span class='ocrx_word' id='word_1_98' title='bbox 985 740 1018 760; x_wconf 86' lang='lat' dir='ltr'><strong>ac</strong></span> 
     </span>
    </p>
   </div>
   <div class='ocr_carea' id='block_1_17' title="bbox 233 779 1018 814">
    <p class='ocr_par' dir='ltr' id='par_1_17' title="bbox 233 779 1018 814">
     <span class='ocr_line' id='line_1_17' title="bbox 233 779 1018 814; baseline -0.006 -5"><span class='ocrx_word' id='word_1_99' title='bbox 233 787 329 809; x_wconf 84' lang='lat' dir='ltr'><strong>sancto</strong></span> <span class='ocrx_word' id='word_1_100' title='bbox 345 779 460 814; x_wconf 87' lang='lat' dir='ltr'><strong>Spiritu,</strong></span> <span class='ocrx_word' id='word_1_101' title='bbox 489 787 573 811; x_wconf 90' lang='lat' dir='ltr'><strong>nunc,</strong></span> <span class='ocrx_word' id='word_1_102' title='bbox 603 783 631 807; x_wconf 86' lang='lat' dir='ltr'><strong>et</strong></span> <span class='ocrx_word' id='word_1_103' title='bbox 655 786 774 814; x_wconf 87' lang='lat' dir='ltr'><strong>semper,</strong></span> <span class='ocrx_word' id='word_1_104' title='bbox 801 779 827 805; x_wconf 92' lang='lat' dir='ltr'><strong>in</strong></span> <span class='ocrx_word' id='word_1_105' title='bbox 854 785 1018 814; x_wconf 86' lang='lat' dir='ltr'><strong>omnemque</strong></span> 
     </span>
    </p>
   </div>
   <div class='ocr_carea' id='block_1_18' title="bbox 233 826 566 862">
    <p class='ocr_par' dir='ltr' id='par_1_18' title="bbox 233 826 566 862">
     <span class='ocr_line' id='line_1_18' title="bbox 233 826 566 862; baseline 0 -8"><span class='ocrx_word' id='word_1_106' title='bbox 233 830 451 862; x_wconf 79' lang='lat' dir='ltr'><strong>perpetuitatem.</strong></span> <span class='ocrx_word' id='word_1_107' title='bbox 468 826 566 854; x_wconf 81' lang='lat' dir='ltr'><strong>Amen.</strong></span> 
     </span>
    </p>
   </div>
   <div class='ocr_carea' id='block_1_19' title="bbox 532 892 722 920">
    <p class='ocr_par' dir='ltr' id='par_1_19' title="bbox 532 892 722 920">
     <span class='ocr_line' id='line_1_19' title="bbox 532 892 722 920; baseline 0 0"><span class='ocrx_word' id='word_1_108' title='bbox 532 892 649 920; x_wconf 86' lang='lat' dir='ltr'><strong>SERMO</strong></span> <span class='ocrx_word' id='word_1_109' title='bbox 666 893 722 920; x_wconf 88' lang='lat' dir='ltr'><strong>Lll.</strong></span> 
     </span>
    </p>
   </div>
   <div class='ocr_carea' id='block_1_20' title="bbox 237 948 1018 985">
    <p class='ocr_par' dir='ltr' id='par_1_20' title="bbox 237 948 1018 985">
     <span class='ocr_line' id='line_1_20' title="bbox 237 948 1018 985; baseline -0.003 -7"><span class='ocrx_word' id='word_1_110' title='bbox 237 952 272 979; x_wconf 82' lang='lat' dir='ltr'><strong>De</strong></span> <span class='ocrx_word' id='word_1_111' title='bbox 288 951 452 979; x_wconf 83' lang='lat' dir='ltr'><strong>continentia</strong></span> <span class='ocrx_word' id='word_1_112' title='bbox 481 959 511 978; x_wconf 85' lang='lat' dir='ltr'><strong>ac</strong></span> <span class='ocrx_word' id='word_1_113' title='bbox 529 950 748 985; x_wconf 83' lang='lat' dir='ltr'><strong>camprecatione,</strong></span> <span class='ocrx_word' id='word_1_114' title='bbox 761 949 865 977; x_wconf 79' lang='lat' dir='ltr'><strong>habitus</strong></span> <span class='ocrx_word' id='word_1_115' title='bbox 878 954 950 976; x_wconf 73' lang='lat' dir='ltr'><strong>sexto</strong></span> <span class='ocrx_word' id='word_1_116' title='bbox 965 948 1018 984; x_wconf 83' lang='lat' dir='ltr'><strong>Ty-</strong></span> 
     </span>
    </p>
   </div>
   <div class='ocr_carea' id='block_1_21' title="bbox 525 986 723 1020">
    <p class='ocr_par' dir='ltr' id='par_1_21' title="bbox 525 986 723 1020">
     <span class='ocr_line' id='line_1_21' title="bbox 525 986 723 1020; baseline -0.005 -8"><span class='ocrx_word' id='word_1_117' title='bbox 525 986 723 1020; x_wconf 82' lang='lat' dir='ltr'><strong>raplmgiorum.</strong></span> 
     </span>
    </p>
   </div>
   <div class='ocr_carea' id='block_1_22' title="bbox 266 1049 1018 1085">
    <p class='ocr_par' dir='ltr' id='par_1_22' title="bbox 266 1049 1018 1085">
     <span class='ocr_line' id='line_1_22' title="bbox 266 1049 1018 1085; baseline -0.003 -7"><span class='ocrx_word' id='word_1_118' title='bbox 266 1051 376 1079; x_wconf 87' lang='lat' dir='ltr'><strong>Fratres</strong></span> <span class='ocrx_word' id='word_1_119' title='bbox 410 1049 570 1085; x_wconf 81' lang='lat' dir='ltr'><strong>Patresque,</strong></span> <span class='ocrx_word' id='word_1_120' title='bbox 596 1050 682 1077; x_wconf 85' lang='lat' dir='ltr'><strong>vitam</strong></span> <span class='ocrx_word' id='word_1_121' title='bbox 707 1050 779 1077; x_wconf 91' lang='lat' dir='ltr'><strong>hanc</strong></span> <span class='ocrx_word' id='word_1_122' title='bbox 806 1054 927 1077; x_wconf 88' lang='lat' dir='ltr'><strong>nostram</strong></span> <span class='ocrx_word' id='word_1_123' title='bbox 947 1057 1018 1084; x_wconf 60' lang='lat' dir='ltr'><strong>saepe</strong></span> 
     </span>
    </p>
   </div>
   <div class='ocr_carea' id='block_1_23' title="bbox 232 1095 1018 1133">
    <p class='ocr_par' dir='ltr' id='par_1_23' title="bbox 232 1095 1018 1133">
     <span class='ocr_line' id='line_1_23' title="bbox 232 1095 1018 1133; baseline -0.004 -9"><span class='ocrx_word' id='word_1_124' title='bbox 232 1098 383 1133; x_wconf 63' lang='lat' dir='ltr'><strong>praedicans</strong></span> <span class='ocrx_word' id='word_1_125' title='bbox 405 1096 530 1129; x_wconf 85' lang='lat' dir='ltr'><strong>felicem.</strong></span> <span class='ocrx_word' id='word_1_126' title='bbox 557 1104 611 1124; x_wconf 90' lang='lat' dir='ltr'><strong>non</strong></span> <span class='ocrx_word' id='word_1_127' title='bbox 633 1097 657 1124; x_wconf 90' lang='lat' dir='ltr'><strong>id</strong></span> <span class='ocrx_word' id='word_1_128' title='bbox 678 1096 844 1127; x_wconf 83' lang='lat' dir='ltr'><strong>adulatione,</strong></span> <span class='ocrx_word' id='word_1_129' title='bbox 863 1096 930 1130; x_wconf 88' lang='lat' dir='ltr'><strong>quin</strong></span> <span class='ocrx_word' id='word_1_130' title='bbox 947 1095 1018 1122; x_wconf 89' lang='lat' dir='ltr'><strong>veri-</strong></span> 
     </span>
    </p>
   </div>
   <div class='ocr_carea' id='block_1_24' title="bbox 235 1140 1019 1178">
    <p class='ocr_par' dir='ltr' id='par_1_24' title="bbox 235 1140 1019 1178">
     <span class='ocr_line' id='line_1_24' title="bbox 235 1140 1019 1178; baseline -0.005 -8"><span class='ocrx_word' id='word_1_131' title='bbox 235 1149 289 1171; x_wconf 86' lang='lat' dir='ltr'><strong>tate</strong></span> <span class='ocrx_word' id='word_1_132' title='bbox 306 1143 432 1178; x_wconf 87' lang='lat' dir='ltr'><strong>equidem</strong></span> <span class='ocrx_word' id='word_1_133' title='bbox 455 1142 537 1175; x_wconf 86' lang='lat' dir='ltr'><strong>facio,</strong></span> <span class='ocrx_word' id='word_1_134' title='bbox 555 1149 604 1169; x_wconf 89' lang='lat' dir='ltr'><strong>nec</strong></span> <span class='ocrx_word' id='word_1_135' title='bbox 628 1141 674 1176; x_wconf 89' lang='lat' dir='ltr'><strong>qui</strong></span> <span class='ocrx_word' id='word_1_136' title='bbox 700 1141 846 1176; x_wconf 89' lang='lat' dir='ltr'><strong>deplorare</strong></span> <span class='ocrx_word' id='word_1_137' title='bbox 863 1140 1019 1167; x_wconf 85' lang='lat' dir='ltr'><strong>mundanos</strong></span> 
     </span>
    </p>
   </div>
   <div class='ocr_carea' id='block_1_25' title="bbox 235 1185 1016 1222">
    <p class='ocr_par' dir='ltr' id='par_1_25' title="bbox 235 1185 1016 1222">
     <span class='ocr_line' id='line_1_25' title="bbox 235 1185 1016 1222; baseline -0.004 -7"><span class='ocrx_word' id='word_1_138' title='bbox 235 1190 325 1222; x_wconf 87' lang='lat' dir='ltr'><strong>velim,</strong></span> <span class='ocrx_word' id='word_1_139' title='bbox 351 1189 399 1216; x_wconf 85' lang='lat' dir='ltr'><strong>sed</strong></span> <span class='ocrx_word' id='word_1_140' title='bbox 425 1188 471 1222; x_wconf 88' lang='lat' dir='ltr'><strong>qui</strong></span> <span class='ocrx_word' id='word_1_141' title='bbox 502 1187 652 1215; x_wconf 85' lang='lat' dir='ltr'><strong>alacriores</strong></span> <span class='ocrx_word' id='word_1_142' title='bbox 679 1194 727 1215; x_wconf 81' lang='lat' dir='ltr'><strong>vos</strong></span> <span class='ocrx_word' id='word_1_143' title='bbox 754 1187 862 1222; x_wconf 77' lang='lat' dir='ltr'><strong>cupiam</strong></span> <span class='ocrx_word' id='word_1_144' title='bbox 879 1185 1016 1213; x_wconf 84' lang='lat' dir='ltr'><strong>reddere:</strong></span> 
     </span>
    </p>
   </div>
   <div class='ocr_carea' id='block_1_26' title="bbox 236 1233 1019 1268">
    <p class='ocr_par' dir='ltr' id='par_1_26' title="bbox 236 1233 1019 1268">
     <span class='ocr_line' id='line_1_26' title="bbox 236 1233 1019 1268; baseline -0.003 -7"><span class='ocrx_word' id='word_1_145' title='bbox 236 1243 297 1261; x_wconf 92' lang='lat' dir='ltr'><strong>nam</strong></span> <span class='ocrx_word' id='word_1_146' title='bbox 310 1239 338 1261; x_wconf 88' lang='lat' dir='ltr'><strong>et</strong></span> <span class='ocrx_word' id='word_1_147' title='bbox 352 1234 430 1261; x_wconf 90' lang='lat' dir='ltr'><strong>hodie</strong></span> <span class='ocrx_word' id='word_1_148' title='bbox 444 1234 520 1261; x_wconf 88' lang='lat' dir='ltr'><strong>scitis</strong></span> <span class='ocrx_word' id='word_1_149' title='bbox 541 1241 602 1268; x_wconf 65' lang='lat' dir='ltr'><strong>qua:</strong></span> <span class='ocrx_word' id='word_1_150' title='bbox 619 1234 647 1260; x_wconf 87' lang='lat' dir='ltr'><strong>itt</strong></span> <span class='ocrx_word' id='word_1_151' title='bbox 672 1233 775 1260; x_wconf 90' lang='lat' dir='ltr'><strong>mundo</strong></span> <span class='ocrx_word' id='word_1_152' title='bbox 793 1238 932 1267; x_wconf 72' lang='lat' dir='ltr'><strong>gerantur,</strong></span> <span class='ocrx_word' id='word_1_153' title='bbox 959 1240 1019 1259; x_wconf 86' lang='lat' dir='ltr'><strong>cra-</strong></span> 
     </span>
    </p>
   </div>
   <div class='ocr_carea' id='block_1_27' title="bbox 236 1279 1018 1315">
    <p class='ocr_par' dir='ltr' id='par_1_27' title="bbox 236 1279 1018 1315">
     <span class='ocr_line' id='line_1_27' title="bbox 236 1279 1018 1315; baseline -0.004 -8"><span class='ocrx_word' id='word_1_154' title='bbox 236 1281 306 1315; x_wconf 77' lang='lat' dir='ltr'><strong>pula:</strong></span> <span class='ocrx_word' id='word_1_155' title='bbox 324 1280 453 1311; x_wconf 83' lang='lat' dir='ltr'><strong>ebrietas,</strong></span> <span class='ocrx_word' id='word_1_156' title='bbox 479 1280 705 1311; x_wconf 84' lang='lat' dir='ltr'><strong>comessationes,</strong></span> <span class='ocrx_word' id='word_1_157' title='bbox 730 1279 839 1313; x_wconf 82' lang='lat' dir='ltr'><strong>pocula,</strong></span> <span class='ocrx_word' id='word_1_158' title='bbox 870 1279 1018 1310; x_wconf 79' lang='lat' dir='ltr'><strong>clamores,</strong></span> 
     </span>
    </p>
   </div>
   <div class='ocr_carea' id='block_1_28' title="bbox 235 1324 1020 1361">
    <p class='ocr_par' dir='ltr' id='par_1_28' title="bbox 235 1324 1020 1361">
     <span class='ocr_line' id='line_1_28' title="bbox 235 1324 1020 1361; baseline -0.004 -7"><span class='ocrx_word' id='word_1_159' title='bbox 235 1326 366 1361; x_wconf 87' lang='lat' dir='ltr'><strong>tripudia,</strong></span> <span class='ocrx_word' id='word_1_160' title='bbox 384 1333 417 1353; x_wconf 85' lang='lat' dir='ltr'><strong>ac</strong></span> <span class='ocrx_word' id='word_1_161' title='bbox 437 1333 498 1360; x_wconf 73' lang='lat' dir='ltr'><strong>qua:</strong></span> <span class='ocrx_word' id='word_1_162' title='bbox 517 1325 569 1352; x_wconf 89' lang='lat' dir='ltr'><strong>alia</strong></span> <span class='ocrx_word' id='word_1_163' title='bbox 584 1325 702 1353; x_wconf 89' lang='lat' dir='ltr'><strong>fanatica</strong></span> <span class='ocrx_word' id='word_1_164' title='bbox 729 1329 803 1352; x_wconf 90' lang='lat' dir='ltr'><strong>sunt.</strong></span> <span class='ocrx_word' id='word_1_165' title='bbox 825 1325 934 1358; x_wconf 80' lang='lat' dir='ltr'><strong>Maligni</strong></span> <span class='ocrx_word' id='word_1_166' title='bbox 953 1324 1020 1351; x_wconf 87' lang='lat' dir='ltr'><strong>faci-</strong></span> 
     </span>
    </p>
   </div>
   <div class='ocr_carea' id='block_1_29' title="bbox 237 1370 1020 1406">
    <p class='ocr_par' dir='ltr' id='par_1_29' title="bbox 237 1370 1020 1406">
     <span class='ocr_line' id='line_1_29' title="bbox 237 1370 1020 1406; baseline -0.003 -7"><span class='ocrx_word' id='word_1_167' title='bbox 237 1380 302 1400; x_wconf 89' lang='lat' dir='ltr'><strong>nora</strong></span> <span class='ocrx_word' id='word_1_168' title='bbox 313 1393 320 1405; x_wconf 91' lang='lat'><strong>,</strong></span> <span class='ocrx_word' id='word_1_169' title='bbox 338 1379 451 1406; x_wconf 87' lang='lat' dir='ltr'><strong>quorum</strong></span> <span class='ocrx_word' id='word_1_170' title='bbox 467 1372 604 1398; x_wconf 85' lang='lat' dir='ltr'><strong>damnatio</strong></span> <span class='ocrx_word' id='word_1_171' title='bbox 620 1375 658 1398; x_wconf 78' lang='lat' dir='ltr'><strong>est</strong></span> <span class='ocrx_word' id='word_1_172' title='bbox 673 1390 681 1403; x_wconf 89' lang='lat'><strong>,</strong></span> <span class='ocrx_word' id='word_1_173' title='bbox 695 1371 924 1406; x_wconf 87' lang='lat' dir='ltr'><strong>quemadmodum</strong></span> <span class='ocrx_word' id='word_1_174' title='bbox 951 1370 1020 1397; x_wconf 84' lang='lat' dir='ltr'><strong>scri-</strong></span> 
     </span>
    </p>
   </div>
   <div class='ocr_carea' id='block_1_30' title="bbox 235 1415 1019 1453">
    <p class='ocr_par' dir='ltr' id='par_1_30' title="bbox 235 1415 1019 1453">
     <span class='ocr_line' id='line_1_30' title="bbox 235 1415 1019 1453; baseline -0.005 -8"><span class='ocrx_word' id='word_1_175' title='bbox 235 1424 310 1453; x_wconf 90' lang='lat' dir='ltr'><strong>ptum</strong></span> <span class='ocrx_word' id='word_1_176' title='bbox 323 1417 550 1445; x_wconf 75' lang='lat' dir='ltr'><strong>est&#39;°.Ca:terum</strong></span> <span class='ocrx_word' id='word_1_177' title='bbox 567 1421 659 1444; x_wconf 91' lang='lat' dir='ltr'><strong>nostra</strong></span> <span class='ocrx_word' id='word_1_178' title='bbox 672 1415 743 1443; x_wconf 89' lang='lat' dir='ltr'><strong>haud</strong></span> <span class='ocrx_word' id='word_1_179' title='bbox 757 1416 891 1451; x_wconf 76' lang='lat' dir='ltr'><strong>ejusmodi</strong></span> <span class='ocrx_word' id='word_1_180' title='bbox 903 1416 956 1442; x_wconf 84' lang='lat' dir='ltr'><strong>vita</strong></span> <span class='ocrx_word' id='word_1_181' title='bbox 968 1419 1019 1446; x_wconf 82' lang='lat' dir='ltr'><strong>est,</strong></span> 
     </span>
    </p>
   </div>
   <div class='ocr_carea' id='block_1_31' title="bbox 236 1462 1018 1498">
    <p class='ocr_par' dir='ltr' id='par_1_31' title="bbox 236 1462 1018 1498">
     <span class='ocr_line' id='line_1_31' title="bbox 236 1462 1018 1498; baseline -0.004 -7"><span class='ocrx_word' id='word_1_182' title='bbox 236 1466 284 1492; x_wconf 68' lang='lat' dir='ltr'><strong>sed</strong></span> <span class='ocrx_word' id='word_1_183' title='bbox 307 1463 420 1498; x_wconf 83' lang='lat' dir='ltr'><strong>qualis?</strong></span> <span class='ocrx_word' id='word_1_184' title='bbox 446 1463 530 1490; x_wconf 82' lang='lat' dir='ltr'><strong>Deum</strong></span> <span class='ocrx_word' id='word_1_185' title='bbox 556 1467 651 1490; x_wconf 84' lang='lat' dir='ltr'><strong>noctes</strong></span> <span class='ocrx_word' id='word_1_186' title='bbox 674 1463 788 1496; x_wconf 88' lang='lat' dir='ltr'><strong>diesque</strong></span> <span class='ocrx_word' id='word_1_187' title='bbox 819 1462 963 1490; x_wconf 87' lang='lat' dir='ltr'><strong>laudamus</strong></span> <span class='ocrx_word' id='word_1_188' title='bbox 985 1462 1018 1488; x_wconf 89' lang='lat' dir='ltr'><strong>ad</strong></span> 
     </span>
    </p>
   </div>
   <div class='ocr_carea' id='block_1_32' title="bbox 237 1507 1018 1544">
    <p class='ocr_par' dir='ltr' id='par_1_32' title="bbox 237 1507 1018 1544">
     <span class='ocr_line' id='line_1_32' title="bbox 237 1507 1018 1544; baseline 0 -10"><span class='ocrx_word' id='word_1_189' title='bbox 237 1510 422 1544; x_wconf 63' lang='lat' dir='ltr'><strong>pransoriptam</strong></span> <span class='ocrx_word' id='word_1_190' title='bbox 438 1516 452 1535; x_wconf 90' lang='lat' dir='ltr'><strong>a</strong></span> <span class='ocrx_word' id='word_1_191' title='bbox 469 1508 572 1536; x_wconf 83' lang='lat' dir='ltr'><strong>sanctis</strong></span> <span class='ocrx_word' id='word_1_192' title='bbox 586 1507 714 1535; x_wconf 87' lang='lat' dir='ltr'><strong>Patribus</strong></span> <span class='ocrx_word' id='word_1_193' title='bbox 730 1508 827 1543; x_wconf 77' lang='lat' dir='ltr'><strong>legent,</strong></span> <span class='ocrx_word' id='word_1_194' title='bbox 839 1507 1018 1543; x_wconf 84' lang='lat' dir='ltr'><strong>psalmodiam</strong></span> 
     </span>
    </p>
   </div>
   <div class='ocr_carea' id='block_1_33' title="bbox 236 1554 1021 1589">
    <p class='ocr_par' dir='ltr' id='par_1_33' title="bbox 236 1554 1021 1589">
     <span class='ocr_line' id='line_1_33' title="bbox 236 1554 1021 1589; baseline -0.004 -6"><span class='ocrx_word' id='word_1_195' title='bbox 236 1556 338 1589; x_wconf 83' lang='lat' dir='ltr'><strong>excipit</strong></span> <span class='ocrx_word' id='word_1_196' title='bbox 359 1555 522 1588; x_wconf 87' lang='lat' dir='ltr'><strong>psalmodia,</strong></span> <span class='ocrx_word' id='word_1_197' title='bbox 543 1554 687 1582; x_wconf 89' lang='lat' dir='ltr'><strong>lectionem</strong></span> <span class='ocrx_word' id='word_1_198' title='bbox 712 1555 804 1587; x_wconf 90' lang='lat' dir='ltr'><strong>lectio,</strong></span> <span class='ocrx_word' id='word_1_199' title='bbox 818 1554 1021 1589; x_wconf 66' lang='lat' dir='ltr'><strong>{comprecatio-</strong></span> 
     </span>
    </p>
   </div>
   <div class='ocr_carea' id='block_1_34' title="bbox 238 1600 1022 1635">
    <p class='ocr_par' dir='ltr' id='par_1_34' title="bbox 238 1600 1022 1635">
     <span class='ocr_line' id='line_1_34' title="bbox 238 1600 1022 1635; baseline -0.003 -7"><span class='ocrx_word' id='word_1_200' title='bbox 238 1609 300 1629; x_wconf 89' lang='lat' dir='ltr'><strong>nem</strong></span> <span class='ocrx_word' id='word_1_201' title='bbox 338 1600 535 1635; x_wconf 82' lang='lat' dir='ltr'><strong>comprecatio,</strong></span> <span class='ocrx_word' id='word_1_202' title='bbox 562 1608 640 1628; x_wconf 88' lang='lat' dir='ltr'><strong>mens</strong></span> <span class='ocrx_word' id='word_1_203' title='bbox 665 1601 867 1635; x_wconf 79' lang='lat' dir='ltr'><strong>cogitationum</strong></span> <span class='ocrx_word' id='word_1_204' title='bbox 892 1600 1022 1634; x_wconf 88' lang='lat' dir='ltr'><strong>magistra</strong></span> 
     </span>
    </p>
   </div>
   <div class='ocr_carea' id='block_1_35' title="bbox 237 1645 1022 1677">
    <p class='ocr_par' dir='ltr' id='par_1_35' title="bbox 237 1645 1022 1677">
     <span class='ocr_line' id='line_1_35' title="bbox 237 1645 1022 1677; baseline -0.001 -4"><span class='ocrx_word' id='word_1_205' title='bbox 237 1651 288 1676; x_wconf 86' lang='lat' dir='ltr'><strong>est.</strong></span> <span class='ocrx_word' id='word_1_206' title='bbox 303 1646 412 1672; x_wconf 85' lang='lat' dir='ltr'><strong>animus</strong></span> <span class='ocrx_word' id='word_1_207' title='bbox 427 1646 453 1672; x_wconf 89' lang='lat' dir='ltr'><strong>in</strong></span> <span class='ocrx_word' id='word_1_208' title='bbox 470 1645 637 1673; x_wconf 87' lang='lat' dir='ltr'><strong>meditandis</strong></span> <span class='ocrx_word' id='word_1_209' title='bbox 656 1645 755 1672; x_wconf 68' lang='lat' dir='ltr'><strong>divinis</strong></span> <span class='ocrx_word' id='word_1_210' title='bbox 770 1645 890 1672; x_wconf 88' lang='lat' dir='ltr'><strong>oraculis</strong></span> <span class='ocrx_word' id='word_1_211' title='bbox 901 1645 1022 1677; x_wconf 89' lang='lat' dir='ltr'><strong>deditus,</strong></span> 
     </span>
    </p>
   </div>
   <div class='ocr_carea' id='block_1_36' title="bbox 238 1691 1023 1725">
    <p class='ocr_par' dir='ltr' id='par_1_36' title="bbox 238 1691 1023 1725">
     <span class='ocr_line' id='line_1_36' title="bbox 238 1691 1023 1725; baseline -0.005 -6"><span class='ocrx_word' id='word_1_212' title='bbox 238 1692 374 1719; x_wconf 84' lang='lat' dir='ltr'><strong>silentium</strong></span> <span class='ocrx_word' id='word_1_213' title='bbox 401 1692 518 1725; x_wconf 83' lang='lat' dir='ltr'><strong>agitatur</strong></span> <span class='ocrx_word' id='word_1_214' title='bbox 537 1691 740 1725; x_wconf 87' lang='lat' dir='ltr'><strong>tempestivum,</strong></span> <span class='ocrx_word' id='word_1_215' title='bbox 758 1691 924 1725; x_wconf 86' lang='lat' dir='ltr'><strong>colloquium</strong></span> <span class='ocrx_word' id='word_1_216' title='bbox 946 1698 1023 1718; x_wconf 84' lang='lat' dir='ltr'><strong>cout-</strong></span> 
     </span>
    </p>
   </div>
   <div class='ocr_carea' id='block_1_37' title="bbox 239 1735 1023 1771">
    <p class='ocr_par' dir='ltr' id='par_1_37' title="bbox 239 1735 1023 1771">
     <span class='ocr_line' id='line_1_37' title="bbox 239 1735 1023 1771; baseline -0.001 -8"><span class='ocrx_word' id='word_1_217' title='bbox 239 1739 341 1771; x_wconf 86' lang='lat' dir='ltr'><strong>petens,</strong></span> <span class='ocrx_word' id='word_1_218' title='bbox 363 1735 477 1762; x_wconf 82' lang='lat' dir='ltr'><strong>invicem</strong></span> <span class='ocrx_word' id='word_1_219' title='bbox 503 1736 652 1768; x_wconf 85' lang='lat' dir='ltr'><strong>servimus,</strong></span> <span class='ocrx_word' id='word_1_220' title='bbox 674 1735 792 1762; x_wconf 86' lang='lat' dir='ltr'><strong>invicem</strong></span> <span class='ocrx_word' id='word_1_221' title='bbox 811 1743 1023 1770; x_wconf 86' lang='lat' dir='ltr'><strong>propugnamns,</strong></span> 
     </span>
    </p>
   </div>
   <div class='ocr_carea' id='block_1_38' title="bbox 239 1781 1023 1816">
    <p class='ocr_par' dir='ltr' id='par_1_38' title="bbox 239 1781 1023 1816">
     <span class='ocr_line' id='line_1_38' title="bbox 239 1781 1023 1816; baseline -0.003 -7"><span class='ocrx_word' id='word_1_222' title='bbox 239 1783 389 1815; x_wconf 85' lang='lat' dir='ltr'><strong>omniaque</strong></span> <span class='ocrx_word' id='word_1_223' title='bbox 406 1781 497 1813; x_wconf 87' lang='lat' dir='ltr'><strong>modo,</strong></span> <span class='ocrx_word' id='word_1_224' title='bbox 511 1785 538 1807; x_wconf 89' lang='lat' dir='ltr'><strong>et</strong></span> <span class='ocrx_word' id='word_1_225' title='bbox 552 1785 683 1815; x_wconf 84' lang='lat' dir='ltr'><strong>tanquam</strong></span> <span class='ocrx_word' id='word_1_226' title='bbox 706 1782 738 1808; x_wconf 91' lang='lat' dir='ltr'><strong>de</strong></span> <span class='ocrx_word' id='word_1_227' title='bbox 760 1789 857 1808; x_wconf 83' lang='lat' dir='ltr'><strong>menso</strong></span> <span class='ocrx_word' id='word_1_228' title='bbox 881 1786 1023 1816; x_wconf 79' lang='lat' dir='ltr'><strong>reguntur.</strong></span> 
     </span>
    </p>
   </div>
   <div class='ocr_carea' id='block_1_39' title="bbox 241 1824 1026 1860">
    <p class='ocr_par' dir='ltr' id='par_1_39' title="bbox 241 1824 1026 1860">
     <span class='ocr_line' id='line_1_39' title="bbox 241 1824 1026 1860; baseline -0.001 -7"><span class='ocrx_word' id='word_1_229' title='bbox 241 1827 288 1853; x_wconf 67' lang='lat' dir='ltr'><strong>Sin</strong></span> <span class='ocrx_word' id='word_1_230' title='bbox 302 1825 445 1860; x_wconf 88' lang='lat' dir='ltr'><strong>corporale</strong></span> <span class='ocrx_word' id='word_1_231' title='bbox 461 1832 529 1859; x_wconf 90' lang='lat' dir='ltr'><strong>opus</strong></span> <span class='ocrx_word' id='word_1_232' title='bbox 541 1828 585 1852; x_wconf 89' lang='lat' dir='ltr'><strong>est</strong></span> <span class='ocrx_word' id='word_1_233' title='bbox 599 1825 725 1852; x_wconf 83' lang='lat' dir='ltr'><strong>solatium</strong></span> <span class='ocrx_word' id='word_1_234' title='bbox 743 1825 769 1851; x_wconf 92' lang='lat' dir='ltr'><strong>in</strong></span> <span class='ocrx_word' id='word_1_235' title='bbox 790 1824 871 1855; x_wconf 82' lang='lat' dir='ltr'><strong>festo.</strong></span> <span class='ocrx_word' id='word_1_236' title='bbox 890 1833 923 1851; x_wconf 86' lang='lat' dir='ltr'><strong>ne</strong></span> <span class='ocrx_word' id='word_1_237' title='bbox 938 1825 962 1851; x_wconf 91' lang='lat' dir='ltr'><strong>id</strong></span> <span class='ocrx_word' id='word_1_238' title='bbox 978 1825 1026 1852; x_wconf 85' lang='lat' dir='ltr'><strong>ab-</strong></span> 
     </span>
    </p>
   </div>
   <div class='ocr_carea' id='block_1_40' title="bbox 240 1869 1026 1905">
    <p class='ocr_par' dir='ltr' id='par_1_40' title="bbox 240 1869 1026 1905">
     <span class='ocr_line' id='line_1_40' title="bbox 240 1869 1026 1905; baseline -0.004 -6"><span class='ocrx_word' id='word_1_239' title='bbox 240 1879 337 1899; x_wconf 87' lang='lat' dir='ltr'><strong>sonunt</strong></span> <span class='ocrx_word' id='word_1_240' title='bbox 356 1871 466 1905; x_wconf 87' lang='lat' dir='ltr'><strong>quidem</strong></span> <span class='ocrx_word' id='word_1_241' title='bbox 481 1880 488 1897; x_wconf 85' lang='lat'><strong>:</strong></span> <span class='ocrx_word' id='word_1_242' title='bbox 508 1871 609 1897; x_wconf 89' lang='lat' dir='ltr'><strong>auditis</strong></span> <span class='ocrx_word' id='word_1_243' title='bbox 623 1871 694 1897; x_wconf 87' lang='lat' dir='ltr'><strong>enim</strong></span> <span class='ocrx_word' id='word_1_244' title='bbox 711 1871 776 1904; x_wconf 84' lang='lat' dir='ltr'><strong>quid</strong></span> <span class='ocrx_word' id='word_1_245' title='bbox 790 1869 867 1897; x_wconf 67' lang='lat' dir='ltr'><strong>Iuda:</strong></span> <span class='ocrx_word' id='word_1_246' title='bbox 879 1870 960 1896; x_wconf 85' lang='lat' dir='ltr'><strong>herus</strong></span> <span class='ocrx_word' id='word_1_247' title='bbox 975 1870 1026 1896; x_wconf 87' lang='lat' dir='ltr'><strong>im-</strong></span> 
     </span>
    </p>
   </div>
   <div class='ocr_carea' id='block_1_41' title="bbox 241 1915 1025 1952">
    <p class='ocr_par' dir='ltr' id='par_1_41' title="bbox 241 1915 1025 1952">
     <span class='ocr_line' id='line_1_41' title="bbox 241 1915 1025 1952; baseline -0.004 -8"><span class='ocrx_word' id='word_1_248' title='bbox 241 1922 316 1952; x_wconf 87' lang='lat' dir='ltr'><strong>peret</strong></span> <span class='ocrx_word' id='word_1_249' title='bbox 332 1925 340 1943; x_wconf 91' lang='lat'>:</span> <span class='ocrx_word' id='word_1_250' title='bbox 354 1916 431 1948; x_wconf 84' lang='lat' dir='ltr'><strong>Quod</strong></span> <span class='ocrx_word' id='word_1_251' title='bbox 446 1917 511 1950; x_wconf 79' lang='lat' dir='ltr'><strong>fucis</strong></span> <span class='ocrx_word' id='word_1_252' title='bbox 527 1916 569 1950; x_wconf 79' lang='lat' dir='ltr'><strong>{ac</strong></span> <span class='ocrx_word' id='word_1_253' title='bbox 583 1916 659 1942; x_wconf 81' lang='lat' dir='ltr'><strong>citius</strong></span> <span class='ocrx_word' id='word_1_254' title='bbox 672 1923 681 1942; x_wconf 90' lang='lat'><em>:</em></span> <span class='ocrx_word' id='word_1_255' title='bbox 698 1915 745 1942; x_wconf 83' lang='lat' dir='ltr'><strong>hoc</strong></span> <span class='ocrx_word' id='word_1_256' title='bbox 757 1920 844 1942; x_wconf 81' lang='lat' dir='ltr'><strong>autent</strong></span> <span class='ocrx_word' id='word_1_257' title='bbox 862 1924 935 1942; x_wconf 86' lang='lat' dir='ltr'><strong>nemo</strong></span> <span class='ocrx_word' id='word_1_258' title='bbox 949 1916 1025 1943; x_wconf 75' lang='lat' dir='ltr'><strong>scivit</strong></span> 
     </span>
    </p>
   </div>
   <div class='ocr_carea' id='block_1_42' title="bbox 240 1962 1025 1997">
    <p class='ocr_par' dir='ltr' id='par_1_42' title="bbox 240 1962 1025 1997">
     <span class='ocr_line' id='line_1_42' title="bbox 240 1962 1025 1997; baseline -0.003 -8"><span class='ocrx_word' id='word_1_259' title='bbox 240 1962 457 1989; x_wconf 80' lang='lat' dir='ltr'><strong>discumbentium</strong></span> <span class='ocrx_word' id='word_1_260' title='bbox 470 1962 504 1988; x_wconf 84' lang='lat' dir='ltr'><strong>ad</strong></span> <span class='ocrx_word' id='word_1_261' title='bbox 516 1963 578 1996; x_wconf 81' lang='lat' dir='ltr'><strong>quid</strong></span> <span class='ocrx_word' id='word_1_262' title='bbox 587 1963 689 1988; x_wconf 73' lang='lat' dir='ltr'><strong>dixerat</strong></span> <span class='ocrx_word' id='word_1_263' title='bbox 702 1962 725 1988; x_wconf 82' lang='lat' dir='ltr'><strong>ei</strong></span> <span class='ocrx_word' id='word_1_264' title='bbox 735 1962 855 1997; x_wconf 71' lang='lat' dir='ltr'><strong>:quiatam</strong></span> <span class='ocrx_word' id='word_1_265' title='bbox 866 1963 935 1988; x_wconf 78' lang='lat' dir='ltr'><strong>enim</strong></span> <span class='ocrx_word' id='word_1_266' title='bbox 950 1967 1025 1995; x_wconf 86' lang='lat' dir='ltr'><strong>puta-</strong></span> 
     </span>
    </p>
   </div>
   <div class='ocr_carea' id='block_1_43' title="bbox 240 2007 1024 2042">
    <p class='ocr_par' dir='ltr' id='par_1_43' title="bbox 240 2007 1024 2042">
     <span class='ocr_line' id='line_1_43' title="bbox 240 2007 1024 2042; baseline -0.003 -7"><span class='ocrx_word' id='word_1_267' title='bbox 240 2010 314 2041; x_wconf 83' lang='lat' dir='ltr'><strong>lmut,</strong></span> <span class='ocrx_word' id='word_1_268' title='bbox 327 2009 390 2042; x_wconf 89' lang='lat' dir='ltr'><strong>quia</strong></span> <span class='ocrx_word' id='word_1_269' title='bbox 406 2008 506 2034; x_wconf 74' lang='lat' dir='ltr'><strong>[oculos</strong></span> <span class='ocrx_word' id='word_1_270' title='bbox 522 2007 634 2034; x_wconf 77' lang='lat' dir='ltr'><strong>habebat</strong></span> <span class='ocrx_word' id='word_1_271' title='bbox 649 2007 753 2040; x_wconf 73' lang='lat' dir='ltr'><strong>ludas,</strong></span> <span class='ocrx_word' id='word_1_272' title='bbox 776 2007 845 2042; x_wconf 86' lang='lat' dir='ltr'><strong>quod</strong></span> <span class='ocrx_word' id='word_1_273' title='bbox 868 2007 979 2034; x_wconf 74' lang='lat' dir='ltr'><strong>dixisset</strong></span> <span class='ocrx_word' id='word_1_274' title='bbox 1001 2008 1024 2034; x_wconf 84' lang='lat' dir='ltr'><strong>ei</strong></span> 
     </span>
    </p>
   </div>
   <div class='ocr_carea' id='block_1_44' title="bbox 239 2053 1023 2088">
    <p class='ocr_par' dir='ltr' id='par_1_44' title="bbox 239 2053 1023 2088">
     <span class='ocr_line' id='line_1_44' title="bbox 239 2053 1023 2088; baseline 0 -8"><span class='ocrx_word' id='word_1_275' title='bbox 239 2054 328 2087; x_wconf 81' lang='lat' dir='ltr'><strong>Jesus,</strong></span> <span class='ocrx_word' id='word_1_276' title='bbox 344 2053 408 2080; x_wconf 82' lang='lat' dir='ltr'><strong>Eme</strong></span> <span class='ocrx_word' id='word_1_277' title='bbox 419 2062 449 2080; x_wconf 81' lang='lat' dir='ltr'><strong>ea</strong></span> <span class='ocrx_word' id='word_1_278' title='bbox 464 2062 522 2088; x_wconf 80' lang='lat' dir='ltr'><strong>qua:</strong></span> <span class='ocrx_word' id='word_1_279' title='bbox 535 2062 600 2088; x_wconf 84' lang='lat' dir='ltr'><strong>opus</strong></span> <span class='ocrx_word' id='word_1_280' title='bbox 616 2059 677 2081; x_wconf 73' lang='lat' dir='ltr'><strong>sunt</strong></span> <span class='ocrx_word' id='word_1_281' title='bbox 690 2054 764 2081; x_wconf 80' lang='lat' dir='ltr'><strong>nobis</strong></span> <span class='ocrx_word' id='word_1_282' title='bbox 785 2054 818 2080; x_wconf 87' lang='lat' dir='ltr'><strong>ad</strong></span> <span class='ocrx_word' id='word_1_283' title='bbox 831 2055 900 2080; x_wconf 78' lang='lat' dir='ltr'><strong>diem</strong></span> <span class='ocrx_word' id='word_1_284' title='bbox 917 2054 1023 2088; x_wconf 76' lang='lat' dir='ltr'><strong>festum,</strong></span> 
     </span>
    </p>
   </div>
   <div class='ocr_carea' id='block_1_45' title="bbox 242 2099 1024 2135">
    <p class='ocr_par' dir='ltr' id='par_1_45' title="bbox 242 2099 1024 2135">
     <span class='ocr_line' id='line_1_45' title="bbox 242 2099 1024 2135; baseline 0.001 -9"><span class='ocrx_word' id='word_1_285' title='bbox 242 2105 287 2126; x_wconf 83' lang='lat' dir='ltr'><strong>aut</strong></span> <span class='ocrx_word' id='word_1_286' title='bbox 312 2101 397 2135; x_wconf 82' lang='lat' dir='ltr'><strong>egenis</strong></span> <span class='ocrx_word' id='word_1_287' title='bbox 424 2105 452 2126; x_wconf 87' lang='lat' dir='ltr'><strong>ut</strong></span> <span class='ocrx_word' id='word_1_288' title='bbox 471 2100 573 2135; x_wconf 81' lang='lat' dir='ltr'><strong>aliquid</strong></span> <span class='ocrx_word' id='word_1_289' title='bbox 589 2100 710 2127; x_wconf 82' lang='lat' dir='ltr'><strong>daret&quot;.</strong></span> <span class='ocrx_word' id='word_1_290' title='bbox 736 2100 831 2127; x_wconf 73' lang='lat' dir='ltr'><strong>Videu‘</strong></span> <span class='ocrx_word' id='word_1_291' title='bbox 847 2105 876 2127; x_wconf 91' lang='lat' dir='ltr'><strong>ut</strong></span> <span class='ocrx_word' id='word_1_292' title='bbox 904 2099 966 2127; x_wconf 85' lang='lat' dir='ltr'><strong>festi</strong></span> <span class='ocrx_word' id='word_1_293' title='bbox 992 2108 1024 2127; x_wconf 88' lang='lat' dir='ltr'><strong>ac</strong></span> 
     </span>
    </p>
   </div>
   <div class='ocr_carea' id='block_1_46' title="bbox 242 2145 1024 2180">
    <p class='ocr_par' dir='ltr' id='par_1_46' title="bbox 242 2145 1024 2180">
     <span class='ocr_line' id='line_1_46' title="bbox 242 2145 1024 2180; baseline 0.001 -9"><span class='ocrx_word' id='word_1_294' title='bbox 242 2153 391 2180; x_wconf 85' lang='lat' dir='ltr'><strong>pauperum</strong></span> <span class='ocrx_word' id='word_1_295' title='bbox 408 2153 473 2171; x_wconf 85' lang='lat' dir='ltr'><strong>cura</strong></span> <span class='ocrx_word' id='word_1_296' title='bbox 486 2145 675 2172; x_wconf 88' lang='lat' dir='ltr'><strong>dttcebantur?</strong></span> <span class='ocrx_word' id='word_1_297' title='bbox 690 2145 761 2179; x_wconf 86' lang='lat' dir='ltr'><strong>quod</strong></span> <span class='ocrx_word' id='word_1_298' title='bbox 784 2145 877 2179; x_wconf 88' lang='lat' dir='ltr'><strong>inopes</strong></span> <span class='ocrx_word' id='word_1_299' title='bbox 890 2153 939 2172; x_wconf 84' lang='lat' dir='ltr'><strong>nos</strong></span> <span class='ocrx_word' id='word_1_300' title='bbox 955 2153 1024 2179; x_wconf 88' lang='lat' dir='ltr'><strong>quo-</strong></span> 
     </span>
    </p>
   </div>
   <div class='ocr_carea' id='block_1_47' title="bbox 1070 226 1866 263">
    <p class='ocr_par' dir='ltr' id='par_1_47' title="bbox 1070 226 1866 263">
     <span class='ocr_line' id='line_1_47' title="bbox 1070 226 1866 263; baseline 0 -8"><span class='ocrx_word' id='word_1_301' title='bbox 1070 236 1124 263; x_wconf 89' lang='lat' dir='ltr'><strong>que</strong></span> <span class='ocrx_word' id='word_1_302' title='bbox 1137 236 1197 262; x_wconf 84' lang='lat' dir='ltr'><strong>quae</strong></span> <span class='ocrx_word' id='word_1_303' title='bbox 1214 235 1264 255; x_wconf 90' lang='lat' dir='ltr'><strong>nec</strong></span> <span class='ocrx_word' id='word_1_304' title='bbox 1280 227 1361 255; x_wconf 83' lang='lat' dir='ltr'><strong>facile</strong></span> <span class='ocrx_word' id='word_1_305' title='bbox 1382 235 1548 254; x_wconf 77' lang='lat' dir='ltr'><strong>recenseam.</strong></span> <span class='ocrx_word' id='word_1_306' title='bbox 1566 226 1659 262; x_wconf 87' lang='lat' dir='ltr'><strong>anue</strong></span> <span class='ocrx_word' id='word_1_307' title='bbox 1683 233 1784 255; x_wconf 82' lang='lat' dir='ltr'><strong>cuncta</strong></span> <span class='ocrx_word' id='word_1_308' title='bbox 1800 236 1866 255; x_wconf 79' lang='lat' dir='ltr'><strong>me-</strong></span> 
     </span>
    </p>
   </div>
   <div class='ocr_carea' id='block_1_48' title="bbox 1071 272 1867 308">
    <p class='ocr_par' dir='ltr' id='par_1_48' title="bbox 1071 272 1867 308">
     <span class='ocr_line' id='line_1_48' title="bbox 1071 272 1867 308; baseline 0.001 -9"><span class='ocrx_word' id='word_1_309' title='bbox 1071 274 1159 300; x_wconf 88' lang='lat' dir='ltr'><strong>moria</strong></span> <span class='ocrx_word' id='word_1_310' title='bbox 1174 273 1271 300; x_wconf 89' lang='lat' dir='ltr'><strong>beatus</strong></span> <span class='ocrx_word' id='word_1_311' title='bbox 1296 272 1539 308; x_wconf 79' lang='lat' dir='ltr'><strong>Chrysostotmnus</strong></span> <span class='ocrx_word' id='word_1_312' title='bbox 1554 273 1714 307; x_wconf 77' lang='lat' dir='ltr'><strong>complexus</strong></span> <span class='ocrx_word' id='word_1_313' title='bbox 1729 273 1867 308; x_wconf 66' lang='lat' dir='ltr'><strong>princeps</strong></span> 
     </span>
    </p>
   </div>
   <div class='ocr_carea' id='block_1_49' title="bbox 1070 317 1863 353">
    <p class='ocr_par' dir='ltr' id='par_1_49' title="bbox 1070 317 1863 353">
     <span class='ocr_line' id='line_1_49' title="bbox 1070 317 1863 353; baseline 0.001 -8"><span class='ocrx_word' id='word_1_314' title='bbox 1070 319 1179 345; x_wconf 85' lang='lat' dir='ltr'><strong>censuit</strong></span> <span class='ocrx_word' id='word_1_315' title='bbox 1203 325 1275 353; x_wconf 80' lang='lat' dir='ltr'><strong>:rgre</strong></span> <span class='ocrx_word' id='word_1_316' title='bbox 1293 322 1404 352; x_wconf 86' lang='lat' dir='ltr'><strong>quotam</strong></span> <span class='ocrx_word' id='word_1_317' title='bbox 1425 317 1501 345; x_wconf 85' lang='lat' dir='ltr'><strong>orbis</strong></span> <span class='ocrx_word' id='word_1_318' title='bbox 1522 321 1657 344; x_wconf 85' lang='lat' dir='ltr'><strong>terrarum</strong></span> <span class='ocrx_word' id='word_1_319' title='bbox 1678 323 1785 352; x_wconf 89' lang='lat' dir='ltr'><strong>partem</strong></span> <span class='ocrx_word' id='word_1_320' title='bbox 1797 327 1863 346; x_wconf 85' lang='lat' dir='ltr'><strong>ser-</strong></span> 
     </span>
    </p>
   </div>
   <div class='ocr_carea' id='block_1_50' title="bbox 1070 363 1864 398">
    <p class='ocr_par' dir='ltr' id='par_1_50' title="bbox 1070 363 1864 398">
     <span class='ocr_line' id='line_1_50' title="bbox 1070 363 1864 398; baseline 0.001 -8"><span class='ocrx_word' id='word_1_321' title='bbox 1070 364 1127 390; x_wconf 87' lang='lat' dir='ltr'><strong>vari</strong></span> <span class='ocrx_word' id='word_1_322' title='bbox 1145 373 1152 390; x_wconf 87' lang='lat'>:</span> <span class='ocrx_word' id='word_1_323' title='bbox 1167 371 1227 398; x_wconf 64' lang='lat' dir='ltr'><strong>quae</strong></span> <span class='ocrx_word' id='word_1_324' title='bbox 1240 363 1365 398; x_wconf 85' lang='lat' dir='ltr'><strong>equidem</strong></span> <span class='ocrx_word' id='word_1_325' title='bbox 1389 363 1530 395; x_wconf 86' lang='lat' dir='ltr'><strong>terribilis,</strong></span> <span class='ocrx_word' id='word_1_326' title='bbox 1555 363 1603 390; x_wconf 86' lang='lat' dir='ltr'><strong>sed</strong></span> <span class='ocrx_word' id='word_1_327' title='bbox 1621 367 1710 390; x_wconf 87' lang='lat' dir='ltr'><strong>tamen</strong></span> <span class='ocrx_word' id='word_1_328' title='bbox 1732 372 1796 390; x_wconf 82' lang='lat' dir='ltr'><strong>vera</strong></span> <span class='ocrx_word' id='word_1_329' title='bbox 1817 370 1864 392; x_wconf 84' lang='lat' dir='ltr'><strong>est</strong></span> 
     </span>
    </p>
   </div>
   <div class='ocr_carea' id='block_1_51' title="bbox 1069 408 1864 443">
    <p class='ocr_par' dir='ltr' id='par_1_51' title="bbox 1069 408 1864 443">
     <span class='ocr_line' id='line_1_51' title="bbox 1069 408 1864 443; baseline 0 -7"><span class='ocrx_word' id='word_1_330' title='bbox 1069 409 1168 436; x_wconf 90' lang='lat' dir='ltr'><strong>oratio.</strong></span> <span class='ocrx_word' id='word_1_331' title='bbox 1185 409 1219 436; x_wconf 90' lang='lat' dir='ltr'><strong>Ut</strong></span> <span class='ocrx_word' id='word_1_332' title='bbox 1231 409 1257 435; x_wconf 91' lang='lat' dir='ltr'><strong>in</strong></span> <span class='ocrx_word' id='word_1_333' title='bbox 1269 416 1301 436; x_wconf 87' lang='lat' dir='ltr'><strong>ea</strong></span> <span class='ocrx_word' id='word_1_334' title='bbox 1317 409 1453 435; x_wconf 88' lang='lat' dir='ltr'><strong>sententia</strong></span> <span class='ocrx_word' id='word_1_335' title='bbox 1467 408 1612 443; x_wconf 84' lang='lat' dir='ltr'><strong>lugendum</strong></span> <span class='ocrx_word' id='word_1_336' title='bbox 1637 416 1670 435; x_wconf 87' lang='lat' dir='ltr'><strong>ac</strong></span> <span class='ocrx_word' id='word_1_337' title='bbox 1686 409 1864 436; x_wconf 63' lang='lat' dir='ltr'><strong>monendum</strong></span> 
     </span>
    </p>
   </div>
   <div class='ocr_carea' id='block_1_52' title="bbox 1069 453 1865 491">
    <p class='ocr_par' dir='ltr' id='par_1_52' title="bbox 1069 453 1865 491">
     <span class='ocr_line' id='line_1_52' title="bbox 1069 453 1865 491; baseline -0.004 -7"><span class='ocrx_word' id='word_1_338' title='bbox 1069 456 1093 484; x_wconf 93' lang='lat' dir='ltr'><strong>ei</strong></span> <span class='ocrx_word' id='word_1_339' title='bbox 1112 456 1158 488; x_wconf 85' lang='lat' dir='ltr'><strong>sit,</strong></span> <span class='ocrx_word' id='word_1_340' title='bbox 1173 456 1219 491; x_wconf 82' lang='lat' dir='ltr'><strong>qui</strong></span> <span class='ocrx_word' id='word_1_341' title='bbox 1234 455 1308 483; x_wconf 91' lang='lat' dir='ltr'><strong>serio</strong></span> <span class='ocrx_word' id='word_1_342' title='bbox 1319 455 1418 482; x_wconf 83' lang='lat' dir='ltr'><strong>habeat</strong></span> <span class='ocrx_word' id='word_1_343' title='bbox 1429 461 1552 482; x_wconf 85' lang='lat' dir='ltr'><strong>sensum.</strong></span> <span class='ocrx_word' id='word_1_344' title='bbox 1565 453 1675 481; x_wconf 80' lang='lat' dir='ltr'><strong>Scilicet</strong></span> <span class='ocrx_word' id='word_1_345' title='bbox 1691 462 1744 481; x_wconf 93' lang='lat' dir='ltr'><strong>non</strong></span> <span class='ocrx_word' id='word_1_346' title='bbox 1757 454 1865 482; x_wconf 82' lang='lat' dir='ltr'><strong>fratres</strong></span> 
     </span>
    </p>
   </div>
   <div class='ocr_carea' id='block_1_53' title="bbox 1069 499 1863 534">
    <p class='ocr_par' dir='ltr' id='par_1_53' title="bbox 1069 499 1863 534">
     <span class='ocr_line' id='line_1_53' title="bbox 1069 499 1863 534; baseline -0.003 -6"><span class='ocrx_word' id='word_1_347' title='bbox 1069 508 1166 529; x_wconf 89' lang='lat' dir='ltr'><strong>sumus</strong></span> <span class='ocrx_word' id='word_1_348' title='bbox 1187 501 1258 528; x_wconf 89' lang='lat' dir='ltr'><strong>inter</strong></span> <span class='ocrx_word' id='word_1_349' title='bbox 1283 507 1333 527; x_wconf 89' lang='lat' dir='ltr'><strong>nos</strong></span> <span class='ocrx_word' id='word_1_350' title='bbox 1356 499 1469 527; x_wconf 86' lang='lat' dir='ltr'><strong>omnes?</strong></span> <span class='ocrx_word' id='word_1_351' title='bbox 1494 506 1547 526; x_wconf 92' lang='lat' dir='ltr'><strong>non</strong></span> <span class='ocrx_word' id='word_1_352' title='bbox 1568 506 1602 526; x_wconf 80' lang='lat' dir='ltr'><strong>ex</strong></span> <span class='ocrx_word' id='word_1_353' title='bbox 1630 507 1685 526; x_wconf 93' lang='lat' dir='ltr'><strong>uno</strong></span> <span class='ocrx_word' id='word_1_354' title='bbox 1712 499 1863 534; x_wconf 81' lang='lat' dir='ltr'><strong>sanguine,</strong></span> 
     </span>
    </p>
   </div>
   <div class='ocr_carea' id='block_1_54' title="bbox 1068 545 1862 582">
    <p class='ocr_par' dir='ltr' id='par_1_54' title="bbox 1068 545 1862 582">
     <span class='ocr_line' id='line_1_54' title="bbox 1068 545 1862 582; baseline -0.005 -7"><span class='ocrx_word' id='word_1_355' title='bbox 1068 549 1218 582; x_wconf 87' lang='lat' dir='ltr'><strong>eademque</strong></span> <span class='ocrx_word' id='word_1_356' title='bbox 1244 546 1334 574; x_wconf 79' lang='lat' dir='ltr'><strong>terra?</strong></span> <span class='ocrx_word' id='word_1_357' title='bbox 1366 545 1426 573; x_wconf 87' lang='lat' dir='ltr'><strong>Non</strong></span> <span class='ocrx_word' id='word_1_358' title='bbox 1449 546 1490 572; x_wconf 84' lang='lat' dir='ltr'><strong>vel</strong></span> <span class='ocrx_word' id='word_1_359' title='bbox 1512 545 1666 580; x_wconf 89' lang='lat' dir='ltr'><strong>jumentum</strong></span> <span class='ocrx_word' id='word_1_360' title='bbox 1692 552 1808 573; x_wconf 85' lang='lat' dir='ltr'><strong>cernens</strong></span> <span class='ocrx_word' id='word_1_361' title='bbox 1834 546 1862 571; x_wconf 92' lang='lat' dir='ltr'><strong>in</strong></span> 
     </span>
    </p>
   </div>
   <div class='ocr_carea' id='block_1_55' title="bbox 1069 590 1862 627">
    <p class='ocr_par' dir='ltr' id='par_1_55' title="bbox 1069 590 1862 627">
     <span class='ocr_line' id='line_1_55' title="bbox 1069 590 1862 627; baseline -0.004 -7"><span class='ocrx_word' id='word_1_362' title='bbox 1069 593 1247 627; x_wconf 58' lang='lat' dir='ltr'><strong>pracipitium</strong></span> <span class='ocrx_word' id='word_1_363' title='bbox 1265 591 1342 624; x_wconf 88' lang='lat' dir='ltr'><strong>ferri,</strong></span> <span class='ocrx_word' id='word_1_364' title='bbox 1367 590 1557 618; x_wconf 76' lang='lat' dir='ltr'><strong>misericordia</strong></span> <span class='ocrx_word' id='word_1_365' title='bbox 1576 595 1688 625; x_wconf 78' lang='lat' dir='ltr'><strong>tangare</strong></span> <span class='ocrx_word' id='word_1_366' title='bbox 1702 591 1713 617; x_wconf 74' lang='grc'><strong><em>2</em></strong></span> <span class='ocrx_word' id='word_1_367' title='bbox 1729 599 1784 625; x_wconf 87' lang='lat' dir='ltr'><strong>quo</strong></span> <span class='ocrx_word' id='word_1_368' title='bbox 1797 598 1862 617; x_wconf 85' lang='lat' dir='ltr'><strong>ma-</strong></span> 
     </span>
    </p>
   </div>
   <div class='ocr_carea' id='block_1_56' title="bbox 1069 636 1863 674">
    <p class='ocr_par' dir='ltr' id='par_1_56' title="bbox 1069 636 1863 674">
     <span class='ocr_line' id='line_1_56' title="bbox 1069 636 1863 674; baseline -0.003 -10"><span class='ocrx_word' id='word_1_369' title='bbox 1069 640 1109 674; x_wconf 75' lang='lat' dir='ltr'><strong>gis</strong></span> <span class='ocrx_word' id='word_1_370' title='bbox 1126 639 1240 666; x_wconf 82' lang='lat' dir='ltr'><strong>fratrum</strong></span> <span class='ocrx_word' id='word_1_371' title='bbox 1256 642 1283 665; x_wconf 91' lang='lat' dir='ltr'><strong>et</strong></span> <span class='ocrx_word' id='word_1_372' title='bbox 1303 636 1496 664; x_wconf 85' lang='lat' dir='ltr'><strong>conﬁdelium?</strong></span> <span class='ocrx_word' id='word_1_373' title='bbox 1510 637 1580 663; x_wconf 82' lang='lat' dir='ltr'><strong>Hinc</strong></span> <span class='ocrx_word' id='word_1_374' title='bbox 1607 636 1754 671; x_wconf 84' lang='lat' dir='ltr'><strong>Apostolus</strong></span> <span class='ocrx_word' id='word_1_375' title='bbox 1765 636 1863 664; x_wconf 90' lang='lat' dir='ltr'><strong>crucis</strong></span> 
     </span>
    </p>
   </div>
   <div class='ocr_carea' id='block_1_57' title="bbox 1069 681 1860 717">
    <p class='ocr_par' dir='ltr' id='par_1_57' title="bbox 1069 681 1860 717">
     <span class='ocr_line' id='line_1_57' title="bbox 1069 681 1860 717; baseline -0.003 -6"><span class='ocrx_word' id='word_1_376' title='bbox 1069 684 1163 711; x_wconf 89' lang='lat' dir='ltr'><strong>hostes</strong></span> <span class='ocrx_word' id='word_1_377' title='bbox 1187 683 1350 711; x_wconf 78' lang='lat' dir='ltr'><strong>Christiana:</strong></span> <span class='ocrx_word' id='word_1_378' title='bbox 1380 681 1531 716; x_wconf 84' lang='lat' dir='ltr'><strong>plorare&quot;,</strong></span> <span class='ocrx_word' id='word_1_379' title='bbox 1560 689 1610 717; x_wconf 87' lang='lat' dir='ltr'><strong>pro</strong></span> <span class='ocrx_word' id='word_1_380' title='bbox 1638 683 1750 709; x_wconf 83' lang='lat' dir='ltr'><strong>assiduo</strong></span> <span class='ocrx_word' id='word_1_381' title='bbox 1770 683 1860 709; x_wconf 88' lang='lat' dir='ltr'><strong>animi</strong></span> 
     </span>
    </p>
   </div>
   <div class='ocr_carea' id='block_1_58' title="bbox 1068 725 1861 762">
    <p class='ocr_par' dir='ltr' id='par_1_58' title="bbox 1068 725 1861 762">
     <span class='ocr_line' id='line_1_58' title="bbox 1068 725 1861 762; baseline -0.003 -6"><span class='ocrx_word' id='word_1_382' title='bbox 1068 729 1162 756; x_wconf 89' lang='lat' dir='ltr'><strong>dolore</strong></span> <span class='ocrx_word' id='word_1_383' title='bbox 1179 734 1359 762; x_wconf 85' lang='lat' dir='ltr'><strong>comprecans</strong></span> <span class='ocrx_word' id='word_1_384' title='bbox 1369 727 1391 742; x_wconf 78' lang='lat'>“</span> <span class='ocrx_word' id='word_1_385' title='bbox 1405 735 1412 760; x_wconf 85' lang='grc'>;</span> <span class='ocrx_word' id='word_1_386' title='bbox 1434 727 1499 754; x_wconf 92' lang='lat' dir='ltr'><strong>hinc</strong></span> <span class='ocrx_word' id='word_1_387' title='bbox 1514 725 1647 754; x_wconf 83' lang='lat' dir='ltr'><strong>Jeremias</strong></span> <span class='ocrx_word' id='word_1_388' title='bbox 1662 727 1770 754; x_wconf 86' lang='lat' dir='ltr'><strong>lsraelis</strong></span> <span class='ocrx_word' id='word_1_389' title='bbox 1791 727 1861 754; x_wconf 89' lang='lat' dir='ltr'><strong>stir-</strong></span> 
     </span>
    </p>
   </div>
   <div class='ocr_carea' id='block_1_59' title="bbox 1069 772 1862 810">
    <p class='ocr_par' dir='ltr' id='par_1_59' title="bbox 1069 772 1862 810">
     <span class='ocr_line' id='line_1_59' title="bbox 1069 772 1862 810; baseline -0.003 -9"><span class='ocrx_word' id='word_1_390' title='bbox 1069 782 1130 810; x_wconf 91' lang='lat' dir='ltr'><strong>pem</strong></span> <span class='ocrx_word' id='word_1_391' title='bbox 1157 774 1303 801; x_wconf 89' lang='lat' dir='ltr'><strong>lamentari</strong></span> <span class='ocrx_word' id='word_1_392' title='bbox 1330 772 1460 807; x_wconf 89' lang='lat' dir='ltr'><strong>variaque</strong></span> <span class='ocrx_word' id='word_1_393' title='bbox 1488 772 1608 800; x_wconf 85' lang='lat' dir='ltr'><strong>lamenta</strong></span> <span class='ocrx_word' id='word_1_394' title='bbox 1635 778 1747 799; x_wconf 84' lang='lat' dir='ltr'><strong>exarata</strong></span> <span class='ocrx_word' id='word_1_395' title='bbox 1773 773 1862 800; x_wconf 91' lang='lat' dir='ltr'><strong>relin-</strong></span> 
     </span>
    </p>
   </div>
   <div class='ocr_carea' id='block_1_60' title="bbox 1069 818 1859 855">
    <p class='ocr_par' dir='ltr' id='par_1_60' title="bbox 1069 818 1859 855">
     <span class='ocr_line' id='line_1_60' title="bbox 1069 818 1859 855; baseline -0.004 -8"><span class='ocrx_word' id='word_1_396' title='bbox 1069 828 1171 855; x_wconf 84' lang='lat' dir='ltr'><strong>quere;</strong></span> <span class='ocrx_word' id='word_1_397' title='bbox 1185 820 1250 846; x_wconf 87' lang='lat' dir='ltr'><strong>hinc</strong></span> <span class='ocrx_word' id='word_1_398' title='bbox 1272 826 1387 853; x_wconf 77' lang='lat' dir='ltr'><strong>magnus</strong></span> <span class='ocrx_word' id='word_1_399' title='bbox 1406 819 1451 845; x_wconf 91' lang='lat' dir='ltr'><strong>ille</strong></span> <span class='ocrx_word' id='word_1_400' title='bbox 1471 818 1559 846; x_wconf 83' lang='lat' dir='ltr'><strong>Moses</strong></span> <span class='ocrx_word' id='word_1_401' title='bbox 1578 818 1661 845; x_wconf 92' lang='lat' dir='ltr'><strong>Deum</strong></span> <span class='ocrx_word' id='word_1_402' title='bbox 1683 818 1859 846; x_wconf 87' lang='lat' dir='ltr'><strong>inclamare:</strong></span> 
     </span>
    </p>
   </div>
   <div class='ocr_carea' id='block_1_61' title="bbox 1069 864 1860 897">
    <p class='ocr_par' dir='ltr' id='par_1_61' title="bbox 1069 864 1860 897">
     <span class='ocr_line' id='line_1_61' title="bbox 1069 864 1860 897; baseline -0.003 -4"><span class='ocrx_word' id='word_1_403' title='bbox 1069 866 1100 894; x_wconf 93' lang='lat' dir='ltr'><strong>Si</strong></span> <span class='ocrx_word' id='word_1_404' title='bbox 1115 866 1241 897; x_wconf 74' lang='lat' dir='ltr'><strong>remittis,</strong></span> <span class='ocrx_word' id='word_1_405' title='bbox 1262 865 1364 891; x_wconf 78' lang='lat' dir='ltr'><strong>remitte</strong></span> <span class='ocrx_word' id='word_1_406' title='bbox 1375 872 1437 890; x_wconf 78' lang='lat' dir='ltr'><strong>sane</strong></span> <span class='ocrx_word' id='word_1_407' title='bbox 1455 864 1523 891; x_wconf 85' lang='lat' dir='ltr'><strong>hanc</strong></span> <span class='ocrx_word' id='word_1_408' title='bbox 1533 864 1570 891; x_wconf 82' lang='lat' dir='ltr'><strong>eis</strong></span> <span class='ocrx_word' id='word_1_409' title='bbox 1579 872 1693 897; x_wconf 70' lang='lat' dir='ltr'><strong>noxam;</strong></span> <span class='ocrx_word' id='word_1_410' title='bbox 1703 865 1743 891; x_wconf 79' lang='lat' dir='ltr'><strong>sin</strong></span> <span class='ocrx_word' id='word_1_411' title='bbox 1758 866 1860 896; x_wconf 75' lang='lat' dir='ltr'><strong>minus,</strong></span> 
     </span>
    </p>
   </div>
   <div class='ocr_carea' id='block_1_62' title="bbox 1068 908 1861 945">
    <p class='ocr_par' dir='ltr' id='par_1_62' title="bbox 1068 908 1861 945">
     <span class='ocr_line' id='line_1_62' title="bbox 1068 908 1861 945; baseline -0.003 -7"><span class='ocrx_word' id='word_1_412' title='bbox 1068 911 1126 938; x_wconf 82' lang='lat' dir='ltr'><strong>dele</strong></span> <span class='ocrx_word' id='word_1_413' title='bbox 1154 919 1194 937; x_wconf 86' lang='lat' dir='ltr'><strong>me</strong></span> <span class='ocrx_word' id='word_1_414' title='bbox 1219 918 1322 945; x_wconf 86' lang='lat' dir='ltr'><strong>quoque</strong></span> <span class='ocrx_word' id='word_1_415' title='bbox 1336 918 1350 936; x_wconf 83' lang='lat' dir='ltr'><strong>e</strong></span> <span class='ocrx_word' id='word_1_416' title='bbox 1370 914 1414 936; x_wconf 87' lang='lat' dir='ltr'><strong>tuo</strong></span> <span class='ocrx_word' id='word_1_417' title='bbox 1438 909 1505 936; x_wconf 86' lang='lat' dir='ltr'><strong>libro</strong></span> <span class='ocrx_word' id='word_1_418' title='bbox 1517 909 1550 936; x_wconf 83' lang='lat'><strong>&quot;.</strong></span> <span class='ocrx_word' id='word_1_419' title='bbox 1569 908 1717 944; x_wconf 86' lang='lat' dir='ltr'><strong>Sanctique</strong></span> <span class='ocrx_word' id='word_1_420' title='bbox 1730 910 1861 937; x_wconf 82' lang='lat' dir='ltr'><strong>eumdem</strong></span> 
     </span>
    </p>
   </div>
   <div class='ocr_carea' id='block_1_63' title="bbox 1069 954 1861 990">
    <p class='ocr_par' dir='ltr' id='par_1_63' title="bbox 1069 954 1861 990">
     <span class='ocr_line' id='line_1_63' title="bbox 1069 954 1861 990; baseline -0.004 -5"><span class='ocrx_word' id='word_1_421' title='bbox 1069 958 1161 986; x_wconf 89' lang='lat' dir='ltr'><strong>cuncti</strong></span> <span class='ocrx_word' id='word_1_422' title='bbox 1178 956 1303 984; x_wconf 77' lang='lat' dir='ltr'><strong>affectum</strong></span> <span class='ocrx_word' id='word_1_423' title='bbox 1325 954 1411 982; x_wconf 87' lang='lat' dir='ltr'><strong>secuti</strong></span> <span class='ocrx_word' id='word_1_424' title='bbox 1426 975 1434 987; x_wconf 85' lang='lat'><strong>,</strong></span> <span class='ocrx_word' id='word_1_425' title='bbox 1453 962 1503 990; x_wconf 89' lang='lat' dir='ltr'><strong>pro</strong></span> <span class='ocrx_word' id='word_1_426' title='bbox 1517 955 1579 982; x_wconf 92' lang='lat' dir='ltr'><strong>aliis</strong></span> <span class='ocrx_word' id='word_1_427' title='bbox 1592 955 1745 990; x_wconf 85' lang='lat' dir='ltr'><strong>deprecari.</strong></span> <span class='ocrx_word' id='word_1_428' title='bbox 1761 954 1798 982; x_wconf 87' lang='lat' dir='ltr'><strong>Ut</strong></span> <span class='ocrx_word' id='word_1_429' title='bbox 1808 963 1861 982; x_wconf 91' lang='lat' dir='ltr'><strong>no-</strong></span> 
     </span>
    </p>
   </div>
   <div class='ocr_carea' id='block_1_64' title="bbox 1069 1001 1861 1034">
    <p class='ocr_par' dir='ltr' id='par_1_64' title="bbox 1069 1001 1861 1034">
     <span class='ocr_line' id='line_1_64' title="bbox 1069 1001 1861 1034; baseline -0.005 -3"><span class='ocrx_word' id='word_1_430' title='bbox 1069 1003 1111 1031; x_wconf 90' lang='lat' dir='ltr'><strong>bis</strong></span> <span class='ocrx_word' id='word_1_431' title='bbox 1123 1003 1219 1034; x_wconf 86' lang='lat' dir='ltr'><strong>etiam,</strong></span> <span class='ocrx_word' id='word_1_432' title='bbox 1232 1002 1254 1028; x_wconf 87' lang='lat' dir='ltr'><strong>si</strong></span> <span class='ocrx_word' id='word_1_433' title='bbox 1269 1001 1402 1029; x_wconf 86' lang='lat' dir='ltr'><strong>asscctari</strong></span> <span class='ocrx_word' id='word_1_434' title='bbox 1419 1008 1466 1028; x_wconf 88' lang='lat' dir='ltr'><strong>eos</strong></span> <span class='ocrx_word' id='word_1_435' title='bbox 1479 1008 1613 1033; x_wconf 86' lang='lat' dir='ltr'><strong>amamus,</strong></span> <span class='ocrx_word' id='word_1_436' title='bbox 1630 1008 1683 1028; x_wconf 89' lang='lat' dir='ltr'><strong>non</strong></span> <span class='ocrx_word' id='word_1_437' title='bbox 1698 1008 1743 1028; x_wconf 89' lang='lat' dir='ltr'><strong>res</strong></span> <span class='ocrx_word' id='word_1_438' title='bbox 1755 1005 1861 1028; x_wconf 66' lang='lat' dir='ltr'><strong>nostra:</strong></span> 
     </span>
    </p>
   </div>
   <div class='ocr_carea' id='block_1_65' title="bbox 1069 1047 1861 1084">
    <p class='ocr_par' dir='ltr' id='par_1_65' title="bbox 1069 1047 1861 1084">
     <span class='ocr_line' id='line_1_65' title="bbox 1069 1047 1861 1084; baseline -0.004 -7"><span class='ocrx_word' id='word_1_439' title='bbox 1069 1049 1226 1084; x_wconf 71' lang='lat' dir='ltr'><strong>spectandae</strong></span> <span class='ocrx_word' id='word_1_440' title='bbox 1243 1048 1323 1076; x_wconf 89' lang='lat' dir='ltr'><strong>modo</strong></span> <span class='ocrx_word' id='word_1_441' title='bbox 1344 1048 1410 1080; x_wconf 86' lang='lat' dir='ltr'><strong>sint,</strong></span> <span class='ocrx_word' id='word_1_442' title='bbox 1432 1047 1479 1075; x_wconf 88' lang='lat' dir='ltr'><strong>sed</strong></span> <span class='ocrx_word' id='word_1_443' title='bbox 1500 1053 1526 1074; x_wconf 87' lang='lat' dir='ltr'><strong>et</strong></span> <span class='ocrx_word' id='word_1_444' title='bbox 1547 1055 1597 1082; x_wconf 88' lang='lat' dir='ltr'><strong>pro</strong></span> <span class='ocrx_word' id='word_1_445' title='bbox 1612 1048 1715 1075; x_wconf 90' lang='lat' dir='ltr'><strong>mundo</strong></span> <span class='ocrx_word' id='word_1_446' title='bbox 1730 1055 1861 1083; x_wconf 88' lang='lat' dir='ltr'><strong>compre-</strong></span> 
     </span>
    </p>
   </div>
   <div class='ocr_carea' id='block_1_66' title="bbox 1069 1095 1863 1130">
    <p class='ocr_par' dir='ltr' id='par_1_66' title="bbox 1069 1095 1863 1130">
     <span class='ocr_line' id='line_1_66' title="bbox 1069 1095 1863 1130; baseline -0.006 -5"><span class='ocrx_word' id='word_1_447' title='bbox 1069 1097 1200 1129; x_wconf 89' lang='lat' dir='ltr'><strong>candum,</strong></span> <span class='ocrx_word' id='word_1_448' title='bbox 1217 1097 1393 1124; x_wconf 86' lang='lat' dir='ltr'><strong>miseratione</strong></span> <span class='ocrx_word' id='word_1_449' title='bbox 1404 1095 1494 1123; x_wconf 90' lang='lat' dir='ltr'><strong>ductis</strong></span> <span class='ocrx_word' id='word_1_450' title='bbox 1509 1103 1602 1122; x_wconf 90' lang='lat' dir='ltr'><strong>eorum</strong></span> <span class='ocrx_word' id='word_1_451' title='bbox 1614 1095 1662 1130; x_wconf 91' lang='lat' dir='ltr'><strong>qui</strong></span> <span class='ocrx_word' id='word_1_452' title='bbox 1677 1095 1761 1121; x_wconf 87' lang='lat' dir='ltr'><strong>vitam</strong></span> <span class='ocrx_word' id='word_1_453' title='bbox 1777 1098 1863 1128; x_wconf 77' lang='lat' dir='ltr'><strong>agant</strong></span> 
     </span>
    </p>
   </div>
   <div class='ocr_carea' id='block_1_67' title="bbox 1071 1140 1860 1178">
    <p class='ocr_par' dir='ltr' id='par_1_67' title="bbox 1071 1140 1860 1178">
     <span class='ocr_line' id='line_1_67' title="bbox 1071 1140 1860 1178; baseline -0.006 -7"><span class='ocrx_word' id='word_1_454' title='bbox 1071 1150 1242 1178; x_wconf 83' lang='lat' dir='ltr'><strong>perversam,</strong></span> <span class='ocrx_word' id='word_1_455' title='bbox 1261 1141 1308 1176; x_wconf 89' lang='lat' dir='ltr'><strong>qui</strong></span> <span class='ocrx_word' id='word_1_456' title='bbox 1328 1141 1426 1168; x_wconf 76' lang='lat' dir='ltr'><strong>haeresi</strong></span> <span class='ocrx_word' id='word_1_457' title='bbox 1452 1145 1607 1173; x_wconf 86' lang='lat' dir='ltr'><strong>teneantur,</strong></span> <span class='ocrx_word' id='word_1_458' title='bbox 1627 1140 1712 1175; x_wconf 90' lang='lat' dir='ltr'><strong>quiin</strong></span> <span class='ocrx_word' id='word_1_459' title='bbox 1732 1147 1860 1167; x_wconf 86' lang='lat' dir='ltr'><strong>errorem</strong></span> 
     </span>
    </p>
   </div>
   <div class='ocr_carea' id='block_1_68' title="bbox 1070 1185 1861 1222">
    <p class='ocr_par' dir='ltr' id='par_1_68' title="bbox 1070 1185 1861 1222">
     <span class='ocr_line' id='line_1_68' title="bbox 1070 1185 1861 1222; baseline -0.005 -6"><span class='ocrx_word' id='word_1_460' title='bbox 1070 1190 1125 1217; x_wconf 84' lang='lat' dir='ltr'><strong>sint</strong></span> <span class='ocrx_word' id='word_1_461' title='bbox 1153 1188 1273 1220; x_wconf 89' lang='lat' dir='ltr'><strong>abducti,</strong></span> <span class='ocrx_word' id='word_1_462' title='bbox 1304 1187 1351 1222; x_wconf 93' lang='lat' dir='ltr'><strong>qui</strong></span> <span class='ocrx_word' id='word_1_463' title='bbox 1377 1187 1405 1214; x_wconf 93' lang='lat' dir='ltr'><strong>in</strong></span> <span class='ocrx_word' id='word_1_464' title='bbox 1427 1187 1546 1215; x_wconf 90' lang='lat' dir='ltr'><strong>ethnicis</strong></span> <span class='ocrx_word' id='word_1_465' title='bbox 1571 1187 1697 1219; x_wconf 73' lang='lat' dir='ltr'><strong>caligcnt,</strong></span> <span class='ocrx_word' id='word_1_466' title='bbox 1726 1185 1861 1217; x_wconf 89' lang='lat' dir='ltr'><strong>breviter,</strong></span> 
     </span>
    </p>
   </div>
   <div class='ocr_carea' id='block_1_69' title="bbox 1071 1231 1861 1267">
    <p class='ocr_par' dir='ltr' id='par_1_69' title="bbox 1071 1231 1861 1267">
     <span class='ocr_line' id='line_1_69' title="bbox 1071 1231 1861 1267; baseline -0.005 -5"><span class='ocrx_word' id='word_1_467' title='bbox 1071 1235 1194 1262; x_wconf 88' lang='lat' dir='ltr'><strong>omnium</strong></span> <span class='ocrx_word' id='word_1_468' title='bbox 1227 1233 1398 1264; x_wconf 89' lang='lat' dir='ltr'><strong>mortalium,</strong></span> <span class='ocrx_word' id='word_1_469' title='bbox 1424 1237 1570 1267; x_wconf 88' lang='lat' dir='ltr'><strong>postquam</strong></span> <span class='ocrx_word' id='word_1_470' title='bbox 1599 1232 1679 1267; x_wconf 85' lang='lat' dir='ltr'><strong>jubet</strong></span> <span class='ocrx_word' id='word_1_471' title='bbox 1707 1231 1861 1266; x_wconf 82' lang='lat' dir='ltr'><strong>Apostolus</strong></span> 
     </span>
    </p>
   </div>
   <div class='ocr_carea' id='block_1_70' title="bbox 1069 1277 1862 1313">
    <p class='ocr_par' dir='ltr' id='par_1_70' title="bbox 1069 1277 1862 1313">
     <span class='ocr_line' id='line_1_70' title="bbox 1069 1277 1862 1313; baseline -0.005 -6"><span class='ocrx_word' id='word_1_472' title='bbox 1069 1280 1272 1311; x_wconf 70' lang='lat' dir='ltr'><strong>obsecrationes,</strong></span> <span class='ocrx_word' id='word_1_473' title='bbox 1289 1283 1314 1305; x_wconf 87' lang='lat' dir='ltr'><strong>et</strong></span> <span class='ocrx_word' id='word_1_474' title='bbox 1327 1278 1459 1305; x_wconf 75' lang='lat' dir='ltr'><strong>orationes</strong></span> <span class='ocrx_word' id='word_1_475' title='bbox 1475 1279 1533 1313; x_wconf 86' lang='lat' dir='ltr'><strong>ﬁeri</strong></span> <span class='ocrx_word' id='word_1_476' title='bbox 1559 1286 1607 1312; x_wconf 81' lang='lat' dir='ltr'><strong>pro</strong></span> <span class='ocrx_word' id='word_1_477' title='bbox 1620 1278 1741 1304; x_wconf 78' lang='lat' dir='ltr'><strong>omnibus</strong></span> <span class='ocrx_word' id='word_1_478' title='bbox 1769 1277 1862 1303; x_wconf 81' lang='lat' dir='ltr'><strong>homi-</strong></span> 
     </span>
    </p>
   </div>
   <div class='ocr_carea' id='block_1_71' title="bbox 1071 1323 1861 1359">
    <p class='ocr_par' dir='ltr' id='par_1_71' title="bbox 1071 1323 1861 1359">
     <span class='ocr_line' id='line_1_71' title="bbox 1071 1323 1861 1359; baseline -0.005 -6"><span class='ocrx_word' id='word_1_479' title='bbox 1071 1327 1149 1354; x_wconf 72' lang='lat' dir='ltr'><strong>nibus</strong></span> <span class='ocrx_word' id='word_1_480' title='bbox 1165 1327 1187 1342; x_wconf 83' lang='lat'><strong>&quot;</strong></span> <span class='ocrx_word' id='word_1_481' title='bbox 1204 1335 1211 1352; x_wconf 88' lang='lat'>:</span> <span class='ocrx_word' id='word_1_482' title='bbox 1228 1325 1265 1352; x_wconf 90' lang='lat' dir='ltr'><strong>ita</strong></span> <span class='ocrx_word' id='word_1_483' title='bbox 1281 1325 1356 1352; x_wconf 88' lang='lat' dir='ltr'><strong>enim</strong></span> <span class='ocrx_word' id='word_1_484' title='bbox 1376 1324 1456 1352; x_wconf 90' lang='lat' dir='ltr'><strong>nobis</strong></span> <span class='ocrx_word' id='word_1_485' title='bbox 1474 1323 1544 1359; x_wconf 83' lang='lat' dir='ltr'><strong>ipsis</strong></span> <span class='ocrx_word' id='word_1_486' title='bbox 1563 1331 1620 1358; x_wconf 74' lang='lat' dir='ltr'><strong>pra:</strong></span> <span class='ocrx_word' id='word_1_487' title='bbox 1647 1323 1762 1356; x_wconf 86' lang='lat' dir='ltr'><strong>reliquis</strong></span> <span class='ocrx_word' id='word_1_488' title='bbox 1781 1329 1861 1350; x_wconf 87' lang='lat' dir='ltr'><strong>emo-</strong></span> 
     </span>
    </p>
   </div>
   <div class='ocr_carea' id='block_1_72' title="bbox 1071 1369 1863 1406">
    <p class='ocr_par' dir='ltr' id='par_1_72' title="bbox 1071 1369 1863 1406">
     <span class='ocr_line' id='line_1_72' title="bbox 1071 1369 1863 1406; baseline -0.005 -6"><span class='ocrx_word' id='word_1_489' title='bbox 1071 1373 1223 1400; x_wconf 88' lang='lat' dir='ltr'><strong>lumentum</strong></span> <span class='ocrx_word' id='word_1_490' title='bbox 1249 1379 1417 1406; x_wconf 69' lang='lat' dir='ltr'><strong>quaeramus,</strong></span> <span class='ocrx_word' id='word_1_491' title='bbox 1440 1370 1609 1405; x_wconf 90' lang='lat' dir='ltr'><strong>compuncti,</strong></span> <span class='ocrx_word' id='word_1_492' title='bbox 1636 1370 1787 1403; x_wconf 88' lang='lat' dir='ltr'><strong>habituque</strong></span> <span class='ocrx_word' id='word_1_493' title='bbox 1810 1369 1863 1396; x_wconf 86' lang='lat' dir='ltr'><strong>de-</strong></span> 
     </span>
    </p>
   </div>
   <div class='ocr_carea' id='block_1_73' title="bbox 1072 1415 1863 1452">
    <p class='ocr_par' dir='ltr' id='par_1_73' title="bbox 1072 1415 1863 1452">
     <span class='ocr_line' id='line_1_73' title="bbox 1072 1415 1863 1452; baseline -0.008 -6"><span class='ocrx_word' id='word_1_494' title='bbox 1072 1418 1158 1446; x_wconf 87' lang='lat' dir='ltr'><strong>functi</strong></span> <span class='ocrx_word' id='word_1_495' title='bbox 1173 1418 1273 1445; x_wconf 85' lang='lat' dir='ltr'><strong>vitioso</strong></span> <span class='ocrx_word' id='word_1_496' title='bbox 1290 1425 1297 1444; x_wconf 90' lang='lat'><strong>:</strong></span> <span class='ocrx_word' id='word_1_497' title='bbox 1314 1424 1369 1452; x_wconf 90' lang='lat' dir='ltr'><strong>quo</strong></span> <span class='ocrx_word' id='word_1_498' title='bbox 1388 1421 1414 1443; x_wconf 91' lang='lat' dir='ltr'><strong>et</strong></span> <span class='ocrx_word' id='word_1_499' title='bbox 1428 1415 1546 1444; x_wconf 74' lang='lat' dir='ltr'><strong>exsaluti</strong></span> <span class='ocrx_word' id='word_1_500' title='bbox 1566 1423 1713 1450; x_wconf 83' lang='lat' dir='ltr'><strong>perennem</strong></span> <span class='ocrx_word' id='word_1_501' title='bbox 1734 1415 1805 1441; x_wconf 87' lang='lat' dir='ltr'><strong>inire</strong></span> <span class='ocrx_word' id='word_1_502' title='bbox 1821 1417 1863 1441; x_wconf 78' lang='lat' dir='ltr'><strong>vi-</strong></span> 
     </span>
    </p>
   </div>
   <div class='ocr_carea' id='block_1_74' title="bbox 1074 1459 1862 1497">
    <p class='ocr_par' dir='ltr' id='par_1_74' title="bbox 1074 1459 1862 1497">
     <span class='ocr_line' id='line_1_74' title="bbox 1074 1459 1862 1497; baseline -0.004 -7"><span class='ocrx_word' id='word_1_503' title='bbox 1074 1468 1127 1490; x_wconf 88' lang='lat' dir='ltr'><strong>tam</strong></span> <span class='ocrx_word' id='word_1_504' title='bbox 1157 1470 1312 1490; x_wconf 88' lang='lat' dir='ltr'><strong>mereamur</strong></span> <span class='ocrx_word' id='word_1_505' title='bbox 1338 1469 1388 1497; x_wconf 88' lang='lat' dir='ltr'><strong>per</strong></span> <span class='ocrx_word' id='word_1_506' title='bbox 1415 1461 1557 1488; x_wconf 88' lang='lat' dir='ltr'><strong>Christum</strong></span> <span class='ocrx_word' id='word_1_507' title='bbox 1586 1460 1681 1487; x_wconf 80' lang='lat' dir='ltr'><strong>Jesum</strong></span> <span class='ocrx_word' id='word_1_508' title='bbox 1711 1459 1862 1487; x_wconf 88' lang='lat' dir='ltr'><strong>Dominum</strong></span> 
     </span>
    </p>
   </div>
   <div class='ocr_carea' id='block_1_75' title="bbox 1033 1505 1863 1548">
    <p class='ocr_par' dir='ltr' id='par_1_75' title="bbox 1033 1505 1863 1548">
     <span class='ocr_line' id='line_1_75' title="bbox 1033 1505 1863 1548; baseline -0.005 -12"><span class='ocrx_word' id='word_1_509' title='bbox 1033 1519 1055 1548; x_wconf 71' lang='grc' dir='ltr'>ο</span> <span class='ocrx_word' id='word_1_510' title='bbox 1074 1513 1197 1537; x_wconf 90' lang='lat' dir='ltr'><strong>nostrum</strong></span> <span class='ocrx_word' id='word_1_511' title='bbox 1213 1518 1219 1535; x_wconf 91' lang='lat'><strong>:</strong></span> <span class='ocrx_word' id='word_1_512' title='bbox 1237 1508 1281 1536; x_wconf 89' lang='lat' dir='ltr'><strong>cui</strong></span> <span class='ocrx_word' id='word_1_513' title='bbox 1300 1508 1387 1544; x_wconf 79' lang='lat' dir='ltr'><strong>gloria</strong></span> <span class='ocrx_word' id='word_1_514' title='bbox 1409 1512 1436 1535; x_wconf 91' lang='lat' dir='ltr'><strong>et</strong></span> <span class='ocrx_word' id='word_1_515' title='bbox 1455 1507 1602 1541; x_wconf 88' lang='lat' dir='ltr'><strong>imperium</strong></span> <span class='ocrx_word' id='word_1_516' title='bbox 1622 1513 1685 1533; x_wconf 92' lang='lat' dir='ltr'><strong>cum</strong></span> <span class='ocrx_word' id='word_1_517' title='bbox 1708 1505 1800 1538; x_wconf 86' lang='lat' dir='ltr'><strong>Patre,</strong></span> <span class='ocrx_word' id='word_1_518' title='bbox 1829 1514 1863 1533; x_wconf 86' lang='lat' dir='ltr'><strong>ac</strong></span> 
     </span>
    </p>
   </div>
   <div class='ocr_carea' id='block_1_76' title="bbox 1073 1551 1865 1588">
    <p class='ocr_par' dir='ltr' id='par_1_76' title="bbox 1073 1551 1865 1588">
     <span class='ocr_line' id='line_1_76' title="bbox 1073 1551 1865 1588; baseline -0.008 -6"><span class='ocrx_word' id='word_1_519' title='bbox 1073 1559 1170 1582; x_wconf 90' lang='lat' dir='ltr'><strong>sancto</strong></span> <span class='ocrx_word' id='word_1_520' title='bbox 1187 1553 1301 1588; x_wconf 88' lang='lat' dir='ltr'><strong>Spiritu,</strong></span> <span class='ocrx_word' id='word_1_521' title='bbox 1317 1560 1401 1586; x_wconf 88' lang='lat' dir='ltr'><strong>nunc,</strong></span> <span class='ocrx_word' id='word_1_522' title='bbox 1412 1557 1440 1579; x_wconf 87' lang='lat' dir='ltr'><strong>et</strong></span> <span class='ocrx_word' id='word_1_523' title='bbox 1452 1559 1570 1586; x_wconf 87' lang='lat' dir='ltr'><strong>semper,</strong></span> <span class='ocrx_word' id='word_1_524' title='bbox 1586 1551 1612 1578; x_wconf 92' lang='lat' dir='ltr'><strong>in</strong></span> <span class='ocrx_word' id='word_1_525' title='bbox 1622 1558 1788 1585; x_wconf 85' lang='lat' dir='ltr'><strong>omnemque</strong></span> <span class='ocrx_word' id='word_1_526' title='bbox 1802 1558 1865 1585; x_wconf 86' lang='lat' dir='ltr'><strong>per-</strong></span> 
     </span>
    </p>
   </div>
   <div class='ocr_carea' id='block_1_77' title="bbox 1073 1599 1359 1635">
    <p class='ocr_par' dir='ltr' id='par_1_77' title="bbox 1073 1599 1359 1635">
     <span class='ocr_line' id='line_1_77' title="bbox 1073 1599 1359 1635; baseline -0.007 -7"><span class='ocrx_word' id='word_1_527' title='bbox 1073 1601 1245 1635; x_wconf 85' lang='lat' dir='ltr'><strong>petuitatem.</strong></span> <span class='ocrx_word' id='word_1_528' title='bbox 1260 1599 1359 1626; x_wconf 80' lang='lat' dir='ltr'><strong>Amen.</strong></span> 
     </span>
    </p>
   </div>
   <div class='ocr_carea' id='block_1_78' title="bbox 1365 1651 1564 1687">
    <p class='ocr_par' dir='ltr' id='par_1_78' title="bbox 1365 1651 1564 1687">
     <span class='ocr_line' id='line_1_78' title="bbox 1365 1651 1564 1687; baseline -0.005 -7"><span class='ocrx_word' id='word_1_529' title='bbox 1365 1651 1494 1687; x_wconf 58' lang='lat' dir='ltr'><strong>sermo,</strong></span> <span class='ocrx_word' id='word_1_530' title='bbox 1509 1651 1564 1679; x_wconf 80' lang='lat' dir='ltr'>LIII</span> 
     </span>
    </p>
   </div>
   <div class='ocr_carea' id='block_1_79' title="bbox 1077 1706 1866 1744">
    <p class='ocr_par' dir='ltr' id='par_1_79' title="bbox 1077 1706 1866 1744">
     <span class='ocr_line' id='line_1_79' title="bbox 1077 1706 1866 1744; baseline -0.006 -8"><span class='ocrx_word' id='word_1_531' title='bbox 1077 1709 1215 1736; x_wconf 85' lang='lat' dir='ltr'><strong>Dominica</strong></span> <span class='ocrx_word' id='word_1_532' title='bbox 1238 1706 1668 1744; x_wconf 17' lang='lat' dir='ltr'><strong>Tyrophagiorum.VDerjejunio,</strong></span> <span class='ocrx_word' id='word_1_533' title='bbox 1684 1713 1710 1732; x_wconf 82' lang='lat' dir='ltr'><strong>et</strong></span> <span class='ocrx_word' id='word_1_534' title='bbox 1734 1707 1866 1744; x_wconf 68' lang='lat' dir='ltr'><strong>quemad-</strong></span> 
     </span>
    </p>
   </div>
   <div class='ocr_carea' id='block_1_80' title="bbox 1109 1741 1866 1777">
    <p class='ocr_par' dir='ltr' id='par_1_80' title="bbox 1109 1741 1866 1777">
     <span class='ocr_line' id='line_1_80' title="bbox 1109 1741 1866 1777; baseline -0.004 -7"><span class='ocrx_word' id='word_1_535' title='bbox 1109 1745 1215 1771; x_wconf 82' lang='lat' dir='ltr'><strong>modum</strong></span> <span class='ocrx_word' id='word_1_536' title='bbox 1231 1741 1292 1770; x_wconf 60' lang='lat' dir='ltr'><strong>seiii</strong></span> <span class='ocrx_word' id='word_1_537' title='bbox 1309 1741 1347 1769; x_wconf 35' lang='lat' dir='ltr'><strong>‘ac</strong></span> <span class='ocrx_word' id='word_1_538' title='bbox 1363 1741 1495 1777; x_wconf 18' lang='lat' dir='ltr'><strong>imorigeri</strong></span> <span class='ocrx_word' id='word_1_539' title='bbox 1511 1743 1610 1768; x_wconf 75' lang='lat' dir='ltr'><strong>subditi</strong></span> <span class='ocrx_word' id='word_1_540' title='bbox 1627 1749 1714 1768; x_wconf 79' lang='lat' dir='ltr'><strong>verum</strong></span> <span class='ocrx_word' id='word_1_541' title='bbox 1727 1741 1866 1776; x_wconf 76' lang='lat' dir='ltr'><strong>jejunium</strong></span> 
     </span>
    </p>
   </div>
   <div class='ocr_carea' id='block_1_81' title="bbox 1109 1777 1581 1814">
    <p class='ocr_par' dir='ltr' id='par_1_81' title="bbox 1109 1777 1581 1814">
     <span class='ocr_line' id='line_1_81' title="bbox 1109 1777 1581 1814; baseline -0.004 -8"><span class='ocrx_word' id='word_1_542' title='bbox 1109 1780 1144 1806; x_wconf 71' lang='lat' dir='ltr'><strong>sit</strong></span> <span class='ocrx_word' id='word_1_543' title='bbox 1157 1786 1271 1814; x_wconf 69' lang='lat' dir='ltr'><strong>propria:</strong></span> <span class='ocrx_word' id='word_1_544' title='bbox 1285 1778 1415 1805; x_wconf 70' lang='lat' dir='ltr'><strong>excidium</strong></span> <span class='ocrx_word' id='word_1_545' title='bbox 1430 1777 1581 1804; x_wconf 79' lang='lat' dir='ltr'><strong>voluntatis.</strong></span> 
     </span>
    </p>
   </div>
   <div class='ocr_carea' id='block_1_82' title="bbox 1111 1830 1868 1866">
    <p class='ocr_par' dir='ltr' id='par_1_82' title="bbox 1111 1830 1868 1866">
     <span class='ocr_line' id='line_1_82' title="bbox 1111 1830 1868 1866; baseline -0.004 -6"><span class='ocrx_word' id='word_1_546' title='bbox 1111 1833 1222 1860; x_wconf 82' lang='lat' dir='ltr'><strong>Fratres</strong></span> <span class='ocrx_word' id='word_1_547' title='bbox 1256 1832 1416 1866; x_wconf 83' lang='lat' dir='ltr'><strong>Patresque,</strong></span> <span class='ocrx_word' id='word_1_548' title='bbox 1431 1831 1565 1866; x_wconf 80' lang='lat' dir='ltr'><strong>benignus</strong></span> <span class='ocrx_word' id='word_1_549' title='bbox 1579 1830 1662 1863; x_wconf 88' lang='lat' dir='ltr'><strong>Deus,</strong></span> <span class='ocrx_word' id='word_1_550' title='bbox 1679 1831 1727 1866; x_wconf 89' lang='lat' dir='ltr'><strong>qui</strong></span> <span class='ocrx_word' id='word_1_551' title='bbox 1744 1831 1800 1858; x_wconf 87' lang='lat' dir='ltr'><strong>vita</strong></span> <span class='ocrx_word' id='word_1_552' title='bbox 1813 1831 1868 1858; x_wconf 86' lang='lat' dir='ltr'><strong>im-</strong></span> 
     </span>
    </p>
   </div>
   <div class='ocr_carea' id='block_1_83' title="bbox 1076 1877 1868 1908">
    <p class='ocr_par' dir='ltr' id='par_1_83' title="bbox 1076 1877 1868 1908">
     <span class='ocr_line' id='line_1_83' title="bbox 1076 1877 1868 1908; baseline -0.001 -2"><span class='ocrx_word' id='word_1_553' title='bbox 1076 1879 1156 1906; x_wconf 90' lang='lat' dir='ltr'><strong>butos</strong></span> <span class='ocrx_word' id='word_1_554' title='bbox 1170 1886 1204 1906; x_wconf 85' lang='lat' dir='ltr'><strong>ex</strong></span> <span class='ocrx_word' id='word_1_555' title='bbox 1217 1885 1289 1904; x_wconf 86' lang='lat' dir='ltr'><strong>anno</strong></span> <span class='ocrx_word' id='word_1_556' title='bbox 1307 1878 1333 1904; x_wconf 90' lang='lat' dir='ltr'><strong>in</strong></span> <span class='ocrx_word' id='word_1_557' title='bbox 1355 1884 1456 1904; x_wconf 88' lang='lat' dir='ltr'><strong>annum</strong></span> <span class='ocrx_word' id='word_1_558' title='bbox 1483 1878 1587 1908; x_wconf 89' lang='lat' dir='ltr'><strong>ductat,</strong></span> <span class='ocrx_word' id='word_1_559' title='bbox 1615 1877 1747 1904; x_wconf 87' lang='lat' dir='ltr'><strong>benevole</strong></span> <span class='ocrx_word' id='word_1_560' title='bbox 1760 1877 1796 1904; x_wconf 89' lang='lat' dir='ltr'><strong>ad</strong></span> <span class='ocrx_word' id='word_1_561' title='bbox 1814 1877 1868 1905; x_wconf 90' lang='lat' dir='ltr'><strong>hoc</strong></span> 
     </span>
    </p>
   </div>
   <div class='ocr_carea' id='block_1_84' title="bbox 1075 1922 1868 1959">
    <p class='ocr_par' dir='ltr' id='par_1_84' title="bbox 1075 1922 1868 1959">
     <span class='ocr_line' id='line_1_84' title="bbox 1075 1922 1868 1959; baseline 0 -9"><span class='ocrx_word' id='word_1_562' title='bbox 1075 1923 1293 1959; x_wconf 87' lang='lat' dir='ltr'><strong>quoquejejunii</strong></span> <span class='ocrx_word' id='word_1_563' title='bbox 1311 1927 1419 1957; x_wconf 87' lang='lat' dir='ltr'><strong>tempus</strong></span> <span class='ocrx_word' id='word_1_564' title='bbox 1439 1922 1577 1957; x_wconf 80' lang='lat' dir='ltr'><strong>perduxit,</strong></span> <span class='ocrx_word' id='word_1_565' title='bbox 1595 1923 1622 1949; x_wconf 89' lang='lat' dir='ltr'><strong>in</strong></span> <span class='ocrx_word' id='word_1_566' title='bbox 1643 1929 1698 1957; x_wconf 91' lang='lat' dir='ltr'><strong>quo</strong></span> <span class='ocrx_word' id='word_1_567' title='bbox 1711 1923 1868 1957; x_wconf 75' lang='lat' dir='ltr'><strong>unusquis-</strong></span> 
     </span>
    </p>
   </div>
   <div class='ocr_carea' id='block_1_85' title="bbox 1075 1967 1868 2005">
    <p class='ocr_par' dir='ltr' id='par_1_85' title="bbox 1075 1967 1868 2005">
     <span class='ocr_line' id='line_1_85' title="bbox 1075 1967 1868 2005; baseline 0.001 -10"><span class='ocrx_word' id='word_1_568' title='bbox 1075 1977 1127 2005; x_wconf 87' lang='lat' dir='ltr'><strong>que</strong></span> <span class='ocrx_word' id='word_1_569' title='bbox 1141 1969 1247 2004; x_wconf 89' lang='lat' dir='ltr'><strong>piorutn</strong></span> <span class='ocrx_word' id='word_1_570' title='bbox 1273 1969 1310 1995; x_wconf 92' lang='lat' dir='ltr'><strong>uti</strong></span> <span class='ocrx_word' id='word_1_571' title='bbox 1335 1967 1427 1995; x_wconf 88' lang='lat' dir='ltr'><strong>lubeat</strong></span> <span class='ocrx_word' id='word_1_572' title='bbox 1444 1972 1544 2000; x_wconf 83' lang='lat' dir='ltr'><strong>certet,</strong></span> <span class='ocrx_word' id='word_1_573' title='bbox 1561 1968 1632 1995; x_wconf 87' lang='lat' dir='ltr'><strong>alios</strong></span> <span class='ocrx_word' id='word_1_574' title='bbox 1648 1968 1673 1994; x_wconf 91' lang='lat' dir='ltr'><strong>in</strong></span> <span class='ocrx_word' id='word_1_575' title='bbox 1688 1968 1868 1996; x_wconf 71' lang='lat' dir='ltr'><strong>continentia</strong></span> 
     </span>
    </p>
   </div>
   <div class='ocr_carea' id='block_1_86' title="bbox 1075 2014 1870 2049">
    <p class='ocr_par' dir='ltr' id='par_1_86' title="bbox 1075 2014 1870 2049">
     <span class='ocr_line' id='line_1_86' title="bbox 1075 2014 1870 2049; baseline -0.004 -6"><span class='ocrx_word' id='word_1_576' title='bbox 1075 2016 1192 2047; x_wconf 89' lang='lat' dir='ltr'><strong>deditus,</strong></span> <span class='ocrx_word' id='word_1_577' title='bbox 1208 2014 1318 2049; x_wconf 86' lang='lat' dir='ltr'><strong>duplam</strong></span> <span class='ocrx_word' id='word_1_578' title='bbox 1337 2014 1448 2048; x_wconf 81' lang='lat' dir='ltr'><strong>exigens</strong></span> <span class='ocrx_word' id='word_1_579' title='bbox 1482 2014 1634 2048; x_wconf 82' lang='lat' dir='ltr'><strong>triplamve,</strong></span> <span class='ocrx_word' id='word_1_580' title='bbox 1651 2014 1718 2041; x_wconf 80' lang='lat' dir='ltr'><strong>alius</strong></span> <span class='ocrx_word' id='word_1_581' title='bbox 1736 2014 1762 2040; x_wconf 93' lang='lat' dir='ltr'><strong>in</strong></span> <span class='ocrx_word' id='word_1_582' title='bbox 1782 2015 1870 2048; x_wconf 72' lang='lat' dir='ltr'><strong>priri-</strong></span> 
     </span>
    </p>
   </div>
   <div class='ocr_carea' id='block_1_87' title="bbox 1076 2060 1870 2098">
    <p class='ocr_par' dir='ltr' id='par_1_87' title="bbox 1076 2060 1870 2098">
     <span class='ocr_line' id='line_1_87' title="bbox 1076 2060 1870 2098; baseline -0.001 -9"><span class='ocrx_word' id='word_1_583' title='bbox 1076 2062 1146 2098; x_wconf 89' lang='lat' dir='ltr'><strong>legio</strong></span> <span class='ocrx_word' id='word_1_584' title='bbox 1160 2082 1167 2094; x_wconf 92' lang='lat'><strong>,</strong></span> <span class='ocrx_word' id='word_1_585' title='bbox 1193 2066 1300 2088; x_wconf 89' lang='lat' dir='ltr'><strong>tantum</strong></span> <span class='ocrx_word' id='word_1_586' title='bbox 1322 2060 1494 2088; x_wconf 87' lang='lat' dir='ltr'><strong>tantillumve</strong></span> <span class='ocrx_word' id='word_1_587' title='bbox 1514 2061 1689 2095; x_wconf 79' lang='lat' dir='ltr'><strong>pervigilans,</strong></span> <span class='ocrx_word' id='word_1_588' title='bbox 1709 2061 1781 2088; x_wconf 88' lang='lat' dir='ltr'><strong>alius</strong></span> <span class='ocrx_word' id='word_1_589' title='bbox 1796 2069 1870 2088; x_wconf 89' lang='lat' dir='ltr'><strong>con-</strong></span> 
     </span>
    </p>
   </div>
   <div class='ocr_carea' id='block_1_88' title="bbox 1076 2107 1869 2142">
    <p class='ocr_par' dir='ltr' id='par_1_88' title="bbox 1076 2107 1869 2142">
     <span class='ocr_line' id='line_1_88' title="bbox 1076 2107 1869 2142; baseline 0.001 -8"><span class='ocrx_word' id='word_1_590' title='bbox 1076 2107 1270 2142; x_wconf 85' lang='lat' dir='ltr'><strong>geniculatioui</strong></span> <span class='ocrx_word' id='word_1_591' title='bbox 1298 2107 1359 2141; x_wconf 90' lang='lat' dir='ltr'><strong>plus</strong></span> <span class='ocrx_word' id='word_1_592' title='bbox 1389 2114 1505 2139; x_wconf 88' lang='lat' dir='ltr'><strong>vacans,</strong></span> <span class='ocrx_word' id='word_1_593' title='bbox 1537 2107 1606 2133; x_wconf 85' lang='lat' dir='ltr'><strong>alius</strong></span> <span class='ocrx_word' id='word_1_594' title='bbox 1627 2107 1704 2134; x_wconf 89' lang='lat' dir='ltr'><strong>alteri</strong></span> <span class='ocrx_word' id='word_1_595' title='bbox 1733 2108 1869 2142; x_wconf 87' lang='lat' dir='ltr'><strong>cuiquam</strong></span> 
     </span>
    </p>
   </div>
   <div class='ocr_carea' id='block_1_89' title="bbox 1078 2153 1871 2188">
    <p class='ocr_par' dir='ltr' id='par_1_89' title="bbox 1078 2153 1871 2188">
     <span class='ocr_line' id='line_1_89' title="bbox 1078 2153 1871 2188; baseline 0.003 -8"><span class='ocrx_word' id='word_1_596' title='bbox 1078 2153 1222 2186; x_wconf 88' lang='lat' dir='ltr'><strong>functioni,</strong></span> <span class='ocrx_word' id='word_1_597' title='bbox 1238 2153 1374 2188; x_wconf 90' lang='lat' dir='ltr'><strong>planeque</strong></span> <span class='ocrx_word' id='word_1_598' title='bbox 1389 2153 1485 2187; x_wconf 83' lang='lat' dir='ltr'><strong>ingens</strong></span> <span class='ocrx_word' id='word_1_599' title='bbox 1502 2161 1550 2187; x_wconf 89' lang='lat' dir='ltr'><strong>per</strong></span> <span class='ocrx_word' id='word_1_600' title='bbox 1563 2153 1613 2180; x_wconf 85' lang='lat' dir='ltr'><strong>hos</strong></span> <span class='ocrx_word' id='word_1_601' title='bbox 1624 2161 1718 2180; x_wconf 77' lang='lat' dir='ltr'><strong>sacros</strong></span> <span class='ocrx_word' id='word_1_602' title='bbox 1732 2154 1790 2181; x_wconf 88' lang='lat' dir='ltr'><strong>dies</strong></span> <span class='ocrx_word' id='word_1_603' title='bbox 1808 2160 1871 2182; x_wconf 86' lang='lat' dir='ltr'><strong>stu-</strong></span> 
     </span>
    </p>
   </div>
   <div class='ocr_carea' id='block_1_90' title="bbox 240 2190 1871 2235">
    <p class='ocr_par' dir='ltr' id='par_1_90' title="bbox 240 2190 1871 2235">
     <span class='ocr_line' id='line_1_90' title="bbox 240 2190 1871 2235; baseline -0.002 -18"><span class='ocrx_word' id='word_1_604' title='bbox 240 2199 294 2226; x_wconf 91' lang='lat' dir='ltr'><strong>que</strong></span> <span class='ocrx_word' id='word_1_605' title='bbox 315 2192 402 2224; x_wconf 79' lang='lat' dir='ltr'><strong>obire,</strong></span> <span class='ocrx_word' id='word_1_606' title='bbox 427 2196 457 2218; x_wconf 94' lang='lat' dir='ltr'><strong>ut</strong></span> <span class='ocrx_word' id='word_1_607' title='bbox 482 2191 591 2224; x_wconf 88' lang='lat' dir='ltr'><strong>videtis,</strong></span> <span class='ocrx_word' id='word_1_608' title='bbox 618 2191 739 2218; x_wconf 91' lang='lat' dir='ltr'><strong>animum</strong></span> <span class='ocrx_word' id='word_1_609' title='bbox 765 2192 929 2219; x_wconf 83' lang='lat' dir='ltr'><strong>inducimus.</strong></span> <span class='ocrx_word' id='word_1_610' title='bbox 954 2190 1025 2217; x_wconf 78' lang='lat' dir='ltr'><strong>Saltt&#39;</strong></span> <span class='ocrx_word' id='word_1_611' title='bbox 1042 2194 1062 2221; x_wconf 83' lang='grc' dir='ltr'>ι)</span> <span class='ocrx_word' id='word_1_612' title='bbox 1079 2200 1154 2226; x_wconf 69' lang='lat' dir='ltr'><strong>dium</strong></span> <span class='ocrx_word' id='word_1_613' title='bbox 1167 2204 1250 2234; x_wconf 57' lang='lat' dir='ltr'><strong>mque</strong></span> <span class='ocrx_word' id='word_1_614' title='bbox 1266 2199 1436 2233; x_wconf 55' lang='lat' dir='ltr'><strong>diligenda,“</strong></span> <span class='ocrx_word' id='word_1_615' title='bbox 1453 2207 1550 2226; x_wconf 62' lang='lat' dir='ltr'><strong>cernas</strong></span> <span class='ocrx_word' id='word_1_616' title='bbox 1568 2208 1574 2225; x_wconf 61' lang='grc' dir='ltr'><strong>ε</strong></span> <span class='ocrx_word' id='word_1_617' title='bbox 1600 2205 1728 2226; x_wconf 51' lang='lat' dir='ltr'><strong>umerum</strong></span> <span class='ocrx_word' id='word_1_618' title='bbox 1741 2200 1790 2235; x_wconf 67' lang='lat' dir='ltr'><strong>qui</strong></span> <span class='ocrx_word' id='word_1_619' title='bbox 1806 2208 1871 2228; x_wconf 60' lang='grc' dir='ltr'><strong>,ηο-</strong></span> 
     </span>
    </p>
   </div>
   <div class='ocr_carea' id='block_1_91' title="bbox 240 2236 1025 2274">
    <p class='ocr_par' dir='ltr' id='par_1_91' title="bbox 240 2236 1025 2274">
     <span class='ocr_line' id='line_1_91' title="bbox 240 2236 1025 2274; baseline -0.001 -9"><span class='ocrx_word' id='word_1_620' title='bbox 240 2239 352 2274; x_wconf 81' lang='lat' dir='ltr'><strong>agendae</strong></span> <span class='ocrx_word' id='word_1_621' title='bbox 365 2238 419 2265; x_wconf 88' lang='lat' dir='ltr'><strong>Deo</strong></span> <span class='ocrx_word' id='word_1_622' title='bbox 432 2238 536 2272; x_wconf 71' lang='lat' dir='ltr'><strong>gratim,</strong></span> <span class='ocrx_word' id='word_1_623' title='bbox 549 2238 595 2272; x_wconf 92' lang='lat' dir='ltr'><strong>qui</strong></span> <span class='ocrx_word' id='word_1_624' title='bbox 610 2245 658 2264; x_wconf 87' lang='lat' dir='ltr'><strong>nos</strong></span> <span class='ocrx_word' id='word_1_625' title='bbox 675 2237 701 2264; x_wconf 93' lang='lat' dir='ltr'><strong>in</strong></span> <span class='ocrx_word' id='word_1_626' title='bbox 715 2237 785 2264; x_wconf 87' lang='lat' dir='ltr'><strong>hanc</strong></span> <span class='ocrx_word' id='word_1_627' title='bbox 801 2237 883 2264; x_wconf 86' lang='lat' dir='ltr'><strong>vitam</strong></span> <span class='ocrx_word' id='word_1_628' title='bbox 898 2236 1025 2272; x_wconf 88' lang='lat' dir='ltr'><strong>dignatus</strong></span> 
     </span>
    </p>
   </div>
   <div class='ocr_carea' id='block_1_92' title="bbox 241 2283 1023 2320">
    <p class='ocr_par' dir='ltr' id='par_1_92' title="bbox 241 2283 1023 2320">
     <span class='ocr_line' id='line_1_92' title="bbox 241 2283 1023 2320; baseline -0.003 -9"><span class='ocrx_word' id='word_1_629' title='bbox 241 2284 416 2312; x_wconf 83' lang='lat' dir='ltr'><strong>conscribere</strong></span> <span class='ocrx_word' id='word_1_630' title='bbox 431 2288 483 2317; x_wconf 91' lang='lat' dir='ltr'><strong>est,</strong></span> <span class='ocrx_word' id='word_1_631' title='bbox 503 2291 556 2310; x_wconf 91' lang='lat' dir='ltr'><strong>non</strong></span> <span class='ocrx_word' id='word_1_632' title='bbox 575 2291 622 2318; x_wconf 89' lang='lat' dir='ltr'><strong>pro</strong></span> <span class='ocrx_word' id='word_1_633' title='bbox 634 2290 820 2320; x_wconf 69' lang='lat' dir='ltr'><strong>operumquze</strong></span> <span class='ocrx_word' id='word_1_634' title='bbox 836 2283 951 2311; x_wconf 84' lang='lat' dir='ltr'><strong>fecimus</strong></span> <span class='ocrx_word' id='word_1_635' title='bbox 967 2291 1023 2310; x_wconf 83' lang='lat' dir='ltr'><strong>nte-</strong></span> 
     </span>
    </p>
   </div>
   <div class='ocr_carea' id='block_1_93' title="bbox 241 2328 1024 2364">
    <p class='ocr_par' dir='ltr' id='par_1_93' title="bbox 241 2328 1024 2364">
     <span class='ocr_line' id='line_1_93' title="bbox 241 2328 1024 2364; baseline 0 -8"><span class='ocrx_word' id='word_1_636' title='bbox 241 2329 302 2357; x_wconf 91' lang='lat' dir='ltr'><strong>ritis</strong></span> <span class='ocrx_word' id='word_1_637' title='bbox 318 2338 326 2356; x_wconf 85' lang='lat'><strong>:</strong></span> <span class='ocrx_word' id='word_1_638' title='bbox 346 2329 481 2364; x_wconf 87' lang='lat' dir='ltr'><strong>siquidem</strong></span> <span class='ocrx_word' id='word_1_639' title='bbox 498 2328 566 2355; x_wconf 91' lang='lat' dir='ltr'><strong>nihil</strong></span> <span class='ocrx_word' id='word_1_640' title='bbox 577 2328 685 2364; x_wconf 83' lang='lat' dir='ltr'><strong>egimus</strong></span> <span class='ocrx_word' id='word_1_641' title='bbox 706 2328 731 2355; x_wconf 93' lang='lat' dir='ltr'><strong>iu</strong></span> <span class='ocrx_word' id='word_1_642' title='bbox 750 2329 830 2357; x_wconf 86' lang='lat' dir='ltr'><strong>terris</strong></span> <span class='ocrx_word' id='word_1_643' title='bbox 847 2329 960 2361; x_wconf 87' lang='lat' dir='ltr'><strong>bonum,</strong></span> <span class='ocrx_word' id='word_1_644' title='bbox 978 2329 1024 2356; x_wconf 91' lang='lat' dir='ltr'><strong>sed</strong></span> 
     </span>
    </p>
   </div>
   <div class='ocr_carea' id='block_1_94' title="bbox 243 2375 1025 2410">
    <p class='ocr_par' dir='ltr' id='par_1_94' title="bbox 243 2375 1025 2410">
     <span class='ocr_line' id='line_1_94' title="bbox 243 2375 1025 2410; baseline 0 -8"><span class='ocrx_word' id='word_1_645' title='bbox 243 2383 291 2410; x_wconf 92' lang='lat' dir='ltr'><strong>pro</strong></span> <span class='ocrx_word' id='word_1_646' title='bbox 302 2375 362 2410; x_wconf 83' lang='lat' dir='ltr'><strong>ejus</strong></span> <span class='ocrx_word' id='word_1_647' title='bbox 377 2375 566 2402; x_wconf 88' lang='lat' dir='ltr'><strong>misericordia</strong></span> <span class='ocrx_word' id='word_1_648' title='bbox 594 2375 712 2410; x_wconf 87' lang='lat' dir='ltr'><strong>gratuita</strong></span> <span class='ocrx_word' id='word_1_649' title='bbox 729 2375 838 2402; x_wconf 88' lang='lat' dir='ltr'><strong>vocatio</strong></span> <span class='ocrx_word' id='word_1_650' title='bbox 852 2379 904 2402; x_wconf 88' lang='lat' dir='ltr'><strong>est.</strong></span> <span class='ocrx_word' id='word_1_651' title='bbox 926 2375 961 2402; x_wconf 87' lang='lat' dir='ltr'><strong>Ut</strong></span> <span class='ocrx_word' id='word_1_652' title='bbox 976 2375 1025 2402; x_wconf 88' lang='lat' dir='ltr'><strong>ob-</strong></span> 
     </span>
    </p>
   </div>
   <div class='ocr_carea' id='block_1_95' title="bbox 242 2422 1026 2456">
    <p class='ocr_par' dir='ltr' id='par_1_95' title="bbox 242 2422 1026 2456">
     <span class='ocr_line' id='line_1_95' title="bbox 242 2422 1026 2456; baseline 0 -8"><span class='ocrx_word' id='word_1_653' title='bbox 242 2422 355 2449; x_wconf 83' lang='lat' dir='ltr'><strong>strictus</strong></span> <span class='ocrx_word' id='word_1_654' title='bbox 368 2422 403 2449; x_wconf 91' lang='lat' dir='ltr'><strong>sit</strong></span> <span class='ocrx_word' id='word_1_655' title='bbox 417 2422 604 2456; x_wconf 85' lang='lat' dir='ltr'><strong>unusquisque</strong></span> <span class='ocrx_word' id='word_1_656' title='bbox 618 2425 742 2449; x_wconf 85' lang='lat' dir='ltr'><strong>nostrum</strong></span> <span class='ocrx_word' id='word_1_657' title='bbox 763 2429 871 2456; x_wconf 90' lang='lat' dir='ltr'><strong>semper</strong></span> <span class='ocrx_word' id='word_1_658' title='bbox 883 2422 969 2448; x_wconf 91' lang='lat' dir='ltr'><strong>animi</strong></span> <span class='ocrx_word' id='word_1_659' title='bbox 985 2422 1026 2448; x_wconf 92' lang='lat' dir='ltr'><strong>di-</strong></span> 
     </span>
    </p>
   </div>
   <div class='ocr_carea' id='block_1_96' title="bbox 242 2466 1025 2502">
    <p class='ocr_par' dir='ltr' id='par_1_96' title="bbox 242 2466 1025 2502">
     <span class='ocr_line' id='line_1_96' title="bbox 242 2466 1025 2502; baseline 0 -8"><span class='ocrx_word' id='word_1_660' title='bbox 242 2475 304 2494; x_wconf 87' lang='lat' dir='ltr'><strong>cere</strong></span> <span class='ocrx_word' id='word_1_661' title='bbox 314 2467 448 2494; x_wconf 86' lang='lat' dir='ltr'><strong>contritus</strong></span> <span class='ocrx_word' id='word_1_662' title='bbox 467 2475 473 2493; x_wconf 89' lang='lat'>:</span> <span class='ocrx_word' id='word_1_663' title='bbox 490 2466 589 2501; x_wconf 85' lang='lat' dir='ltr'><strong>Ecquis</strong></span> <span class='ocrx_word' id='word_1_664' title='bbox 604 2474 655 2502; x_wconf 78' lang='lat' dir='ltr'><strong>ego</strong></span> <span class='ocrx_word' id='word_1_665' title='bbox 670 2475 745 2499; x_wconf 88' lang='lat' dir='ltr'><strong>sum,</strong></span> <span class='ocrx_word' id='word_1_666' title='bbox 758 2466 872 2493; x_wconf 85' lang='lat' dir='ltr'><strong>Domine</strong></span> <span class='ocrx_word' id='word_1_667' title='bbox 891 2467 926 2493; x_wconf 89' lang='lat' dir='ltr'><strong>mi</strong></span> <span class='ocrx_word' id='word_1_668' title='bbox 942 2467 1025 2500; x_wconf 88' lang='lat' dir='ltr'><strong>Deus,</strong></span> 
     </span>
    </p>
   </div>
   <div class='ocr_carea' id='block_1_97' title="bbox 242 2511 1028 2547">
    <p class='ocr_par' dir='ltr' id='par_1_97' title="bbox 242 2511 1028 2547">
     <span class='ocr_line' id='line_1_97' title="bbox 242 2511 1028 2547; baseline 0 -8"><span class='ocrx_word' id='word_1_669' title='bbox 242 2519 336 2546; x_wconf 68' lang='lat' dir='ltr'><strong>quaeve</strong></span> <span class='ocrx_word' id='word_1_670' title='bbox 348 2512 436 2547; x_wconf 89' lang='lat' dir='ltr'><strong>patria</strong></span> <span class='ocrx_word' id='word_1_671' title='bbox 455 2511 566 2542; x_wconf 88' lang='lat' dir='ltr'><strong>domus.</strong></span> <span class='ocrx_word' id='word_1_672' title='bbox 595 2511 686 2538; x_wconf 86' lang='lat' dir='ltr'><strong>studio</strong></span> <span class='ocrx_word' id='word_1_673' title='bbox 711 2511 913 2546; x_wconf 87' lang='lat' dir='ltr'><strong>complectare?</strong></span> <span class='ocrx_word' id='word_1_674' title='bbox 938 2512 1028 2546; x_wconf 81' lang='lat' dir='ltr'><strong>Atque</strong></span> 
     </span>
    </p>
   </div>
   <div class='ocr_carea' id='block_1_98' title="bbox 243 2557 1025 2592">
    <p class='ocr_par' dir='ltr' id='par_1_98' title="bbox 243 2557 1025 2592">
     <span class='ocr_line' id='line_1_98' title="bbox 243 2557 1025 2592; baseline -0.001 -7"><span class='ocrx_word' id='word_1_675' title='bbox 243 2558 301 2585; x_wconf 82' lang='lat' dir='ltr'><strong>haec</strong></span> <span class='ocrx_word' id='word_1_676' title='bbox 315 2565 397 2592; x_wconf 89' lang='lat' dir='ltr'><strong>penes</strong></span> <span class='ocrx_word' id='word_1_677' title='bbox 420 2565 479 2589; x_wconf 91' lang='lat' dir='ltr'><strong>nos,</strong></span> <span class='ocrx_word' id='word_1_678' title='bbox 503 2565 564 2592; x_wconf 75' lang='lat' dir='ltr'><strong>qua:</strong></span> <span class='ocrx_word' id='word_1_679' title='bbox 585 2557 612 2584; x_wconf 92' lang='lat' dir='ltr'><strong>in</strong></span> <span class='ocrx_word' id='word_1_680' title='bbox 640 2557 742 2584; x_wconf 90' lang='lat' dir='ltr'><strong>mundo</strong></span> <span class='ocrx_word' id='word_1_681' title='bbox 767 2557 889 2584; x_wconf 86' lang='lat' dir='ltr'><strong>invenias</strong></span> <span class='ocrx_word' id='word_1_682' title='bbox 914 2559 1025 2584; x_wconf 86' lang='lat' dir='ltr'><strong>rarius:</strong></span> 
     </span>
    </p>
   </div>
   <div class='ocr_carea' id='block_1_99' title="bbox 243 2603 1025 2637">
    <p class='ocr_par' dir='ltr' id='par_1_99' title="bbox 243 2603 1025 2637">
     <span class='ocr_line' id='line_1_99' title="bbox 243 2603 1025 2637; baseline 0 -7"><span class='ocrx_word' id='word_1_683' title='bbox 243 2612 305 2631; x_wconf 85' lang='lat' dir='ltr'><strong>nam</strong></span> <span class='ocrx_word' id='word_1_684' title='bbox 322 2604 394 2630; x_wconf 90' lang='lat' dir='ltr'><strong>nocti</strong></span> <span class='ocrx_word' id='word_1_685' title='bbox 420 2604 542 2631; x_wconf 87' lang='lat' dir='ltr'><strong>succedit</strong></span> <span class='ocrx_word' id='word_1_686' title='bbox 559 2603 617 2630; x_wconf 88' lang='lat' dir='ltr'><strong>dies</strong></span> <span class='ocrx_word' id='word_1_687' title='bbox 633 2603 659 2629; x_wconf 89' lang='lat' dir='ltr'><strong>in</strong></span> <span class='ocrx_word' id='word_1_688' title='bbox 679 2603 759 2637; x_wconf 90' lang='lat' dir='ltr'><strong>hujus</strong></span> <span class='ocrx_word' id='word_1_689' title='bbox 775 2603 1025 2637; x_wconf 64' lang='lat' dir='ltr'><strong>sollicitttdinewvi,</strong></span> 
     </span>
    </p>
   </div>
   <div class='ocr_carea' id='block_1_100' title="bbox 243 2648 1028 2684">
    <p class='ocr_par' dir='ltr' id='par_1_100' title="bbox 243 2648 1028 2684">
     <span class='ocr_line' id='line_1_100' title="bbox 243 2648 1028 2684; baseline 0 -8"><span class='ocrx_word' id='word_1_690' title='bbox 243 2657 324 2684; x_wconf 90' lang='lat' dir='ltr'><strong>opum</strong></span> <span class='ocrx_word' id='word_1_691' title='bbox 343 2648 498 2681; x_wconf 84' lang='lat' dir='ltr'><strong>fraudibus,</strong></span> <span class='ocrx_word' id='word_1_692' title='bbox 516 2649 676 2683; x_wconf 66' lang='lat' dir='ltr'><strong>caeterisque</strong></span> <span class='ocrx_word' id='word_1_693' title='bbox 693 2649 778 2679; x_wconf 88' lang='lat' dir='ltr'><strong>curis,</strong></span> <span class='ocrx_word' id='word_1_694' title='bbox 792 2653 822 2675; x_wconf 94' lang='lat' dir='ltr'><strong>ut</strong></span> <span class='ocrx_word' id='word_1_695' title='bbox 838 2649 879 2676; x_wconf 88' lang='lat' dir='ltr'><strong>vel</strong></span> <span class='ocrx_word' id='word_1_696' title='bbox 893 2650 1028 2683; x_wconf 80' lang='lat' dir='ltr'><strong>respirare</strong></span> 
     </span>
    </p>
   </div>
   <div class='ocr_carea' id='block_1_101' title="bbox 243 2693 1028 2729">
    <p class='ocr_par' dir='ltr' id='par_1_101' title="bbox 243 2693 1028 2729">
     <span class='ocr_line' id='line_1_101' title="bbox 243 2693 1028 2729; baseline 0.001 -9"><span class='ocrx_word' id='word_1_697' title='bbox 243 2695 306 2728; x_wconf 89' lang='lat' dir='ltr'><strong>quis</strong></span> <span class='ocrx_word' id='word_1_698' title='bbox 330 2698 458 2729; x_wconf 86' lang='lat' dir='ltr'><strong>nequeat,</strong></span> <span class='ocrx_word' id='word_1_699' title='bbox 482 2694 550 2721; x_wconf 85' lang='lat' dir='ltr'><strong>alter</strong></span> <span class='ocrx_word' id='word_1_700' title='bbox 577 2694 654 2720; x_wconf 89' lang='lat' dir='ltr'><strong>alteri</strong></span> <span class='ocrx_word' id='word_1_701' title='bbox 682 2695 838 2728; x_wconf 86' lang='lat' dir='ltr'><strong>pauperiem</strong></span> <span class='ocrx_word' id='word_1_702' title='bbox 857 2693 933 2726; x_wconf 84' lang='lat' dir='ltr'><strong>facit,</strong></span> <span class='ocrx_word' id='word_1_703' title='bbox 957 2694 1028 2721; x_wconf 89' lang='lat' dir='ltr'><strong>alius</strong></span> 
     </span>
    </p>
   </div>
   <div class='ocr_carea' id='block_1_102' title="bbox 244 2739 1029 2774">
    <p class='ocr_par' dir='ltr' id='par_1_102' title="bbox 244 2739 1029 2774">
     <span class='ocr_line' id='line_1_102' title="bbox 244 2739 1029 2774; baseline 0 -7"><span class='ocrx_word' id='word_1_704' title='bbox 244 2748 305 2767; x_wconf 86' lang='lat' dir='ltr'><strong>cum</strong></span> <span class='ocrx_word' id='word_1_705' title='bbox 321 2740 374 2767; x_wconf 91' lang='lat' dir='ltr'><strong>alio</strong></span> <span class='ocrx_word' id='word_1_706' title='bbox 387 2739 519 2774; x_wconf 83' lang='lat' dir='ltr'><strong>confligit,</strong></span> <span class='ocrx_word' id='word_1_707' title='bbox 538 2739 622 2767; x_wconf 87' lang='lat' dir='ltr'><strong>etlusa</strong></span> <span class='ocrx_word' id='word_1_708' title='bbox 639 2743 703 2766; x_wconf 91' lang='lat' dir='ltr'><strong>sunt</strong></span> <span class='ocrx_word' id='word_1_709' title='bbox 726 2739 751 2765; x_wconf 89' lang='lat' dir='ltr'><strong>in</strong></span> <span class='ocrx_word' id='word_1_710' title='bbox 769 2744 878 2771; x_wconf 88' lang='lat' dir='ltr'><strong>terram,</strong></span> <span class='ocrx_word' id='word_1_711' title='bbox 895 2743 923 2766; x_wconf 91' lang='lat' dir='ltr'><strong>ut</strong></span> <span class='ocrx_word' id='word_1_712' title='bbox 940 2739 966 2766; x_wconf 93' lang='lat' dir='ltr'><strong>in</strong></span> <span class='ocrx_word' id='word_1_713' title='bbox 983 2748 1029 2767; x_wconf 91' lang='lat' dir='ltr'><strong>va-</strong></span> 
     </span>
    </p>
   </div>
   <div class='ocr_carea' id='block_1_103' title="bbox 280 2816 748 2849">
    <p class='ocr_par' dir='ltr' id='par_1_103' title="bbox 280 2816 748 2849">
     <span class='ocr_line' id='line_1_103' title="bbox 280 2816 748 2849; baseline -0.002 -5"><span class='ocrx_word' id='word_1_714' title='bbox 280 2818 302 2833; x_wconf 87' lang='lat'>&quot;</span> <span class='ocrx_word' id='word_1_715' title='bbox 318 2817 371 2844; x_wconf 90' lang='lat' dir='ltr'><strong>Tit.</strong></span> <span class='ocrx_word' id='word_1_716' title='bbox 388 2825 408 2849; x_wconf 87' lang='lat' dir='ltr'><strong>t,</strong></span> <span class='ocrx_word' id='word_1_717' title='bbox 427 2816 470 2843; x_wconf 79' lang='grc'><strong>16.</strong></span> <span class='ocrx_word' id='word_1_718' title='bbox 526 2817 548 2833; x_wconf 77' lang='grc' dir='ltr'><strong>³ο</strong></span> <span class='ocrx_word' id='word_1_719' title='bbox 569 2816 646 2842; x_wconf 78' lang='lat' dir='ltr'><strong>Rom.</strong></span> <span class='ocrx_word' id='word_1_720' title='bbox 661 2823 702 2847; x_wconf 89' lang='grc' dir='ltr'>ιιι,</span> <span class='ocrx_word' id='word_1_721' title='bbox 721 2816 748 2843; x_wconf 86' lang='lat'><strong>8.</strong></span> 
     </span>
    </p>
   </div>
   <div class='ocr_carea' id='block_1_104' title="bbox 804 2815 1102 2849">
    <p class='ocr_par' dir='ltr' id='par_1_104' title="bbox 804 2815 1102 2849">
     <span class='ocr_line' id='line_1_104' title="bbox 804 2815 1102 2849; baseline 0.013 -8"><span class='ocrx_word' id='word_1_722' title='bbox 804 2816 824 2831; x_wconf 87' lang='grc'><strong>³“</strong></span> <span class='ocrx_word' id='word_1_723' title='bbox 840 2815 919 2842; x_wconf 82' lang='lat' dir='ltr'><strong>Joan.</strong></span> <span class='ocrx_word' id='word_1_724' title='bbox 932 2824 994 2849; x_wconf 77' lang='lat' dir='ltr'><strong>xm,</strong></span> <span class='ocrx_word' id='word_1_725' title='bbox 1006 2817 1102 2845; x_wconf 74' lang='lat'><strong>‘27-&#39;29.</strong></span> 
     </span>
    </p>
   </div>
   <div class='ocr_carea' id='block_1_105' title="bbox 1079 2244 1871 2279">
    <p class='ocr_par' dir='ltr' id='par_1_105' title="bbox 1079 2244 1871 2279">
     <span class='ocr_line' id='line_1_105' title="bbox 1079 2244 1871 2279; baseline 0.001 -7"><span class='ocrx_word' id='word_1_726' title='bbox 1079 2245 1215 2279; x_wconf 80' lang='lat' dir='ltr'><strong>rigeretur</strong></span> <span class='ocrx_word' id='word_1_727' title='bbox 1232 2245 1315 2277; x_wconf 91' lang='lat' dir='ltr'><strong>serio,</strong></span> <span class='ocrx_word' id='word_1_728' title='bbox 1339 2244 1391 2272; x_wconf 86' lang='lat' dir='ltr'><strong>sub</strong></span> <span class='ocrx_word' id='word_1_729' title='bbox 1415 2244 1572 2272; x_wconf 86' lang='lat' dir='ltr'><strong>obedientia</strong></span> <span class='ocrx_word' id='word_1_730' title='bbox 1597 2245 1713 2279; x_wconf 86' lang='lat' dir='ltr'><strong>positus,</strong></span> <span class='ocrx_word' id='word_1_731' title='bbox 1728 2253 1784 2273; x_wconf 88' lang='lat' dir='ltr'><strong>non</strong></span> <span class='ocrx_word' id='word_1_732' title='bbox 1801 2247 1871 2273; x_wconf 85' lang='lat' dir='ltr'><strong>deti-</strong></span> 
     </span>
    </p>
   </div>
   <div class='ocr_carea' id='block_1_106' title="bbox 1080 2291 1870 2326">
    <p class='ocr_par' dir='ltr' id='par_1_106' title="bbox 1080 2291 1870 2326">
     <span class='ocr_line' id='line_1_106' title="bbox 1080 2291 1870 2326; baseline 0.003 -8"><span class='ocrx_word' id='word_1_733' title='bbox 1080 2292 1137 2318; x_wconf 93' lang='lat' dir='ltr'><strong>nito</strong></span> <span class='ocrx_word' id='word_1_734' title='bbox 1153 2291 1209 2318; x_wconf 90' lang='lat' dir='ltr'><strong>ullo</strong></span> <span class='ocrx_word' id='word_1_735' title='bbox 1223 2295 1356 2325; x_wconf 83' lang='lat' dir='ltr'><strong>tempore,</strong></span> <span class='ocrx_word' id='word_1_736' title='bbox 1374 2291 1438 2325; x_wconf 90' lang='lat' dir='ltr'><strong>quin</strong></span> <span class='ocrx_word' id='word_1_737' title='bbox 1452 2295 1583 2326; x_wconf 89' lang='lat' dir='ltr'><strong>perpetuo</strong></span> <span class='ocrx_word' id='word_1_738' title='bbox 1597 2291 1668 2318; x_wconf 83' lang='lat' dir='ltr'><strong>idem</strong></span> <span class='ocrx_word' id='word_1_739' title='bbox 1685 2292 1793 2320; x_wconf 83' lang='lat' dir='ltr'><strong>obtinet</strong></span> <span class='ocrx_word' id='word_1_740' title='bbox 1805 2301 1870 2320; x_wconf 89' lang='lat' dir='ltr'><strong>cer-</strong></span> 
     </span>
    </p>
   </div>
   <div class='ocr_carea' id='block_1_107' title="bbox 1079 2337 1871 2372">
    <p class='ocr_par' dir='ltr' id='par_1_107' title="bbox 1079 2337 1871 2372">
     <span class='ocr_line' id='line_1_107' title="bbox 1079 2337 1871 2372; baseline 0.001 -7"><span class='ocrx_word' id='word_1_741' title='bbox 1079 2344 1180 2366; x_wconf 89' lang='lat' dir='ltr'><strong>tamen.</strong></span> <span class='ocrx_word' id='word_1_742' title='bbox 1199 2337 1362 2370; x_wconf 81' lang='lat' dir='ltr'><strong>Quodnam?</strong></span> <span class='ocrx_word' id='word_1_743' title='bbox 1383 2345 1556 2371; x_wconf 85' lang='lat' dir='ltr'><strong>nequaquam</strong></span> <span class='ocrx_word' id='word_1_744' title='bbox 1586 2345 1681 2372; x_wconf 79' lang='lat' dir='ltr'><strong>gerere</strong></span> <span class='ocrx_word' id='word_1_745' title='bbox 1706 2345 1735 2365; x_wconf 85' lang='lat' dir='ltr'><strong>se</strong></span> <span class='ocrx_word' id='word_1_746' title='bbox 1756 2346 1790 2365; x_wconf 82' lang='lat' dir='ltr'><strong>ex</strong></span> <span class='ocrx_word' id='word_1_747' title='bbox 1818 2347 1871 2366; x_wconf 84' lang='lat' dir='ltr'><strong>sua</strong></span> 
     </span>
    </p>
   </div>
   <div class='ocr_carea' id='block_1_108' title="bbox 1075 2382 1870 2418">
    <p class='ocr_par' dir='ltr' id='par_1_108' title="bbox 1075 2382 1870 2418">
     <span class='ocr_line' id='line_1_108' title="bbox 1075 2382 1870 2418; baseline 0.001 -7"><span class='ocrx_word' id='word_1_748' title='bbox 1075 2384 1198 2415; x_wconf 89' lang='lat' dir='ltr'><strong>libidine,</strong></span> <span class='ocrx_word' id='word_1_749' title='bbox 1222 2382 1269 2409; x_wconf 87' lang='lat' dir='ltr'><strong>sed</strong></span> <span class='ocrx_word' id='word_1_750' title='bbox 1288 2382 1364 2409; x_wconf 89' lang='lat' dir='ltr'><strong>ducis</strong></span> <span class='ocrx_word' id='word_1_751' title='bbox 1390 2383 1447 2416; x_wconf 85' lang='lat' dir='ltr'><strong>regi</strong></span> <span class='ocrx_word' id='word_1_752' title='bbox 1472 2383 1695 2410; x_wconf 86' lang='lat' dir='ltr'><strong>deformatione:</strong></span> <span class='ocrx_word' id='word_1_753' title='bbox 1717 2384 1870 2418; x_wconf 87' lang='lat' dir='ltr'><strong>quodcum</strong></span> 
     </span>
    </p>
   </div>
   <div class='ocr_carea' id='block_1_109' title="bbox 1075 2426 1872 2464">
    <p class='ocr_par' dir='ltr' id='par_1_109' title="bbox 1075 2426 1872 2464">
     <span class='ocr_line' id='line_1_109' title="bbox 1075 2426 1872 2464; baseline 0 -9"><span class='ocrx_word' id='word_1_754' title='bbox 1075 2427 1135 2455; x_wconf 82' lang='lat' dir='ltr'><strong>aliis</strong></span> <span class='ocrx_word' id='word_1_755' title='bbox 1161 2426 1267 2454; x_wconf 85' lang='lat' dir='ltr'><strong>cunctis</strong></span> <span class='ocrx_word' id='word_1_756' title='bbox 1288 2426 1386 2453; x_wconf 87' lang='lat' dir='ltr'><strong>studiis</strong></span> <span class='ocrx_word' id='word_1_757' title='bbox 1409 2427 1554 2454; x_wconf 86' lang='lat' dir='ltr'><strong>sublimius</strong></span> <span class='ocrx_word' id='word_1_758' title='bbox 1577 2433 1640 2458; x_wconf 90' lang='lat' dir='ltr'><strong>est,</strong></span> <span class='ocrx_word' id='word_1_759' title='bbox 1663 2432 1717 2454; x_wconf 89' lang='lat' dir='ltr'><strong>tum</strong></span> <span class='ocrx_word' id='word_1_760' title='bbox 1743 2429 1872 2464; x_wconf 74' lang='lat' dir='ltr'><strong>martyrii</strong></span> 
     </span>
    </p>
   </div>
   <div class='ocr_carea' id='block_1_110' title="bbox 1076 2469 1873 2503">
    <p class='ocr_par' dir='ltr' id='par_1_110' title="bbox 1076 2469 1873 2503">
     <span class='ocr_line' id='line_1_110' title="bbox 1076 2469 1873 2503; baseline 0.001 -6"><span class='ocrx_word' id='word_1_761' title='bbox 1076 2471 1174 2498; x_wconf 88' lang='lat' dir='ltr'><strong>habeat</strong></span> <span class='ocrx_word' id='word_1_762' title='bbox 1197 2469 1332 2497; x_wconf 87' lang='lat' dir='ltr'><strong>diadema.</strong></span> <span class='ocrx_word' id='word_1_763' title='bbox 1354 2469 1516 2503; x_wconf 81' lang='lat' dir='ltr'><strong>Quanquam</strong></span> <span class='ocrx_word' id='word_1_764' title='bbox 1540 2475 1580 2497; x_wconf 89' lang='lat' dir='ltr'><strong>est</strong></span> <span class='ocrx_word' id='word_1_765' title='bbox 1604 2474 1632 2496; x_wconf 90' lang='lat' dir='ltr'><strong>et</strong></span> <span class='ocrx_word' id='word_1_766' title='bbox 1646 2469 1725 2497; x_wconf 90' lang='lat' dir='ltr'><strong>nobis</strong></span> <span class='ocrx_word' id='word_1_767' title='bbox 1751 2472 1873 2498; x_wconf 82' lang='lat' dir='ltr'><strong>mutatio</strong></span> 
     </span>
    </p>
   </div>
   <div class='ocr_carea' id='block_1_111' title="bbox 1076 2515 1871 2550">
    <p class='ocr_par' dir='ltr' id='par_1_111' title="bbox 1076 2515 1871 2550">
     <span class='ocr_line' id='line_1_111' title="bbox 1076 2515 1871 2550; baseline 0 -7"><span class='ocrx_word' id='word_1_768' title='bbox 1076 2516 1211 2548; x_wconf 88' lang='lat' dir='ltr'><strong>ciborum,</strong></span> <span class='ocrx_word' id='word_1_769' title='bbox 1237 2515 1445 2550; x_wconf 83' lang='lat' dir='ltr'><strong>adgeniculandi</strong></span> <span class='ocrx_word' id='word_1_770' title='bbox 1466 2515 1621 2547; x_wconf 83' lang='lat' dir='ltr'><strong>contentio,</strong></span> <span class='ocrx_word' id='word_1_771' title='bbox 1644 2523 1677 2543; x_wconf 87' lang='lat' dir='ltr'><strong>ac</strong></span> <span class='ocrx_word' id='word_1_772' title='bbox 1698 2516 1871 2550; x_wconf 82' lang='lat' dir='ltr'><strong>psalmodia-</strong></span> 
     </span>
    </p>
   </div>
   <div class='ocr_carea' id='block_1_112' title="bbox 1079 2560 1872 2596">
    <p class='ocr_par' dir='ltr' id='par_1_112' title="bbox 1079 2560 1872 2596">
     <span class='ocr_line' id='line_1_112' title="bbox 1079 2560 1872 2596; baseline 0.003 -9"><span class='ocrx_word' id='word_1_773' title='bbox 1079 2569 1138 2588; x_wconf 90' lang='lat' dir='ltr'><strong>rum</strong></span> <span class='ocrx_word' id='word_1_774' title='bbox 1164 2560 1303 2592; x_wconf 82' lang='lat' dir='ltr'><strong>accessio,</strong></span> <span class='ocrx_word' id='word_1_775' title='bbox 1326 2560 1475 2588; x_wconf 86' lang='lat' dir='ltr'><strong>secundum</strong></span> <span class='ocrx_word' id='word_1_776' title='bbox 1507 2561 1679 2587; x_wconf 88' lang='lat' dir='ltr'><strong>traditionem</strong></span> <span class='ocrx_word' id='word_1_777' title='bbox 1703 2561 1738 2588; x_wconf 90' lang='lat' dir='ltr'><strong>ab</strong></span> <span class='ocrx_word' id='word_1_778' title='bbox 1760 2562 1872 2596; x_wconf 79' lang='lat' dir='ltr'><strong>origine</strong></span> 
     </span>
    </p>
   </div>
   <div class='ocr_carea' id='block_1_113' title="bbox 1079 2606 1870 2640">
    <p class='ocr_par' dir='ltr' id='par_1_113' title="bbox 1079 2606 1870 2640">
     <span class='ocr_line' id='line_1_113' title="bbox 1079 2606 1870 2640; baseline 0.005 -8"><span class='ocrx_word' id='word_1_779' title='bbox 1079 2606 1253 2640; x_wconf 86' lang='lat' dir='ltr'><strong>descriptam.</strong></span> <span class='ocrx_word' id='word_1_780' title='bbox 1288 2606 1380 2640; x_wconf 91' lang='lat' dir='ltr'><strong>Itaque</strong></span> <span class='ocrx_word' id='word_1_781' title='bbox 1404 2607 1543 2638; x_wconf 89' lang='lat' dir='ltr'><strong>cohortor,</strong></span> <span class='ocrx_word' id='word_1_782' title='bbox 1568 2606 1734 2640; x_wconf 87' lang='lat' dir='ltr'><strong>jejuniorum</strong></span> <span class='ocrx_word' id='word_1_783' title='bbox 1764 2615 1870 2636; x_wconf 91' lang='lat' dir='ltr'><strong>munus</strong></span> 
     </span>
    </p>
   </div>
   <div class='ocr_carea' id='block_1_114' title="bbox 1078 2651 1870 2687">
    <p class='ocr_par' dir='ltr' id='par_1_114' title="bbox 1078 2651 1870 2687">
     <span class='ocr_line' id='line_1_114' title="bbox 1078 2651 1870 2687; baseline 0.004 -10"><span class='ocrx_word' id='word_1_784' title='bbox 1078 2652 1131 2678; x_wconf 74' lang='lat' dir='ltr'><strong>laeti</strong></span> <span class='ocrx_word' id='word_1_785' title='bbox 1154 2651 1295 2685; x_wconf 88' lang='lat' dir='ltr'><strong>capiamus</strong></span> <span class='ocrx_word' id='word_1_786' title='bbox 1309 2671 1317 2683; x_wconf 88' lang='lat'><strong>,</strong></span> <span class='ocrx_word' id='word_1_787' title='bbox 1341 2659 1396 2678; x_wconf 90' lang='lat' dir='ltr'><strong>non</strong></span> <span class='ocrx_word' id='word_1_788' title='bbox 1419 2651 1556 2678; x_wconf 61' lang='lat' dir='ltr'><strong>maestitiae</strong></span> <span class='ocrx_word' id='word_1_789' title='bbox 1571 2652 1750 2686; x_wconf 58' lang='lat' dir='ltr'><strong>prafereuda,</strong></span> <span class='ocrx_word' id='word_1_790' title='bbox 1767 2660 1870 2687; x_wconf 87' lang='lat' dir='ltr'><strong>quem-</strong></span> 
     </span>
    </p>
   </div>
   <div class='ocr_carea' id='block_1_115' title="bbox 1077 2696 1871 2729">
    <p class='ocr_par' dir='ltr' id='par_1_115' title="bbox 1077 2696 1871 2729">
     <span class='ocr_line' id='line_1_115' title="bbox 1077 2696 1871 2729; baseline 0.004 -6"><span class='ocrx_word' id='word_1_791' title='bbox 1077 2696 1223 2723; x_wconf 88' lang='lat' dir='ltr'><strong>admodum</strong></span> <span class='ocrx_word' id='word_1_792' title='bbox 1248 2697 1378 2724; x_wconf 89' lang='lat' dir='ltr'><strong>docemur</strong></span> <span class='ocrx_word' id='word_1_793' title='bbox 1393 2697 1426 2729; x_wconf 87' lang='grc'><strong>³⁷,</strong></span> <span class='ocrx_word' id='word_1_794' title='bbox 1455 2697 1501 2724; x_wconf 90' lang='lat' dir='ltr'><strong>sed</strong></span> <span class='ocrx_word' id='word_1_795' title='bbox 1526 2705 1588 2725; x_wconf 93' lang='lat' dir='ltr'><strong>cum</strong></span> <span class='ocrx_word' id='word_1_796' title='bbox 1619 2698 1703 2724; x_wconf 88' lang='lat' dir='ltr'><strong>animi</strong></span> <span class='ocrx_word' id='word_1_797' title='bbox 1727 2698 1871 2726; x_wconf 84' lang='lat' dir='ltr'><strong>hilaritate</strong></span> 
     </span>
    </p>
   </div>
   <div class='ocr_carea' id='block_1_116' title="bbox 1077 2741 1870 2777">
    <p class='ocr_par' dir='ltr' id='par_1_116' title="bbox 1077 2741 1870 2777">
     <span class='ocr_line' id='line_1_116' title="bbox 1077 2741 1870 2777; baseline 0.004 -9"><span class='ocrx_word' id='word_1_798' title='bbox 1077 2741 1218 2774; x_wconf 84' lang='lat' dir='ltr'><strong>obeuntes,</strong></span> <span class='ocrx_word' id='word_1_799' title='bbox 1249 2750 1299 2769; x_wconf 92' lang='lat' dir='ltr'><strong>neu</strong></span> <span class='ocrx_word' id='word_1_800' title='bbox 1323 2743 1473 2777; x_wconf 86' lang='lat' dir='ltr'><strong>pravitate,</strong></span> <span class='ocrx_word' id='word_1_801' title='bbox 1500 2743 1684 2777; x_wconf 84' lang='lat' dir='ltr'><strong>detractione,</strong></span> <span class='ocrx_word' id='word_1_802' title='bbox 1713 2744 1765 2776; x_wconf 81' lang='lat' dir='ltr'><strong>ita,</strong></span> <span class='ocrx_word' id='word_1_803' title='bbox 1786 2745 1870 2771; x_wconf 87' lang='lat' dir='ltr'><strong>mal.-</strong></span> 
     </span>
    </p>
   </div>
   <div class='ocr_carea' id='block_1_117' title="bbox 1171 2819 1868 2857">
    <p class='ocr_par' dir='ltr' id='par_1_117' title="bbox 1171 2819 1868 2857">
     <span class='ocr_line' id='line_1_117' title="bbox 1171 2819 1868 2857; baseline 0.01 -11"><span class='ocrx_word' id='word_1_804' title='bbox 1171 2819 1192 2835; x_wconf 85' lang='grc'><strong>³¹</strong></span> <span class='ocrx_word' id='word_1_805' title='bbox 1209 2819 1277 2847; x_wconf 60' lang='lat' dir='ltr'><strong>Osce</strong></span> <span class='ocrx_word' id='word_1_806' title='bbox 1292 2829 1327 2851; x_wconf 84' lang='lat' dir='ltr'><strong>tv,</strong></span> <span class='ocrx_word' id='word_1_807' title='bbox 1344 2821 1372 2847; x_wconf 73' lang='lat'><strong>2.</strong></span> <span class='ocrx_word' id='word_1_808' title='bbox 1396 2821 1432 2857; x_wconf 22' lang='lat'><em>7“</em></span> <span class='ocrx_word' id='word_1_809' title='bbox 1446 2821 1523 2849; x_wconf 76' lang='lat' dir='ltr'><strong>Rom.</strong></span> <span class='ocrx_word' id='word_1_810' title='bbox 1541 2831 1578 2854; x_wconf 80' lang='lat' dir='ltr'><strong>rx,</strong></span> <span class='ocrx_word' id='word_1_811' title='bbox 1594 2823 1621 2850; x_wconf 73' lang='lat'><strong>‘2.</strong></span> <span class='ocrx_word' id='word_1_812' title='bbox 1659 2824 1681 2840; x_wconf 73' lang='lat'><strong>“</strong></span> <span class='ocrx_word' id='word_1_813' title='bbox 1697 2823 1778 2852; x_wconf 81' lang='lat' dir='ltr'><strong>Rom.</strong></span> <span class='ocrx_word' id='word_1_814' title='bbox 1798 2833 1826 2857; x_wconf 71' lang='grc' dir='ltr'><strong>ι,</strong></span> <span class='ocrx_word' id='word_1_815' title='bbox 1843 2826 1868 2853; x_wconf 85' lang='grc'><strong>1.</strong></span> 
     </span>
    </p>
   </div>
   <div class='ocr_carea' id='block_1_118' title="bbox 245 2851 1021 2892">
    <p class='ocr_par' dir='ltr' id='par_1_118' title="bbox 245 2851 1021 2885">
     <span class='ocr_line' id='line_1_118' title="bbox 245 2851 1021 2885; baseline 0 -6"><span class='ocrx_word' id='word_1_816' title='bbox 245 2853 269 2868; x_wconf 74' lang='grc'><strong><em>³⁵</em></strong></span> <span class='ocrx_word' id='word_1_817' title='bbox 280 2852 364 2880; x_wconf 77' lang='lat' dir='ltr'><strong>Exod.</strong></span> <span class='ocrx_word' id='word_1_818' title='bbox 382 2861 467 2885; x_wconf 75' lang='lat' dir='ltr'><strong>xxx&quot;,</strong></span> <span class='ocrx_word' id='word_1_819' title='bbox 488 2852 532 2879; x_wconf 72' lang='grc'><strong>52.</strong></span> <span class='ocrx_word' id='word_1_820' title='bbox 549 2851 588 2877; x_wconf 87' lang='grc' dir='ltr'><strong>³⁴¹Ι</strong></span> <span class='ocrx_word' id='word_1_821' title='bbox 604 2851 674 2878; x_wconf 80' lang='grc' dir='ltr'>ῚῚιιι.</span> <span class='ocrx_word' id='word_1_822' title='bbox 692 2859 720 2883; x_wconf 90' lang='grc' dir='ltr'>ιι,</span> <span class='ocrx_word' id='word_1_823' title='bbox 740 2851 762 2876; x_wconf 90' lang='lat' dir='ltr'><strong>l.</strong></span> <span class='ocrx_word' id='word_1_824' title='bbox 779 2851 786 2860; x_wconf 88' lang='lat'><strong>&#39;</strong></span> <span class='ocrx_word' id='word_1_825' title='bbox 802 2851 899 2877; x_wconf 81' lang='lat' dir='ltr'><strong>Addidi</strong></span> <span class='ocrx_word' id='word_1_826' title='bbox 913 2851 980 2879; x_wconf 83' lang='lat' dir='ltr'><strong>lucis</strong></span> <span class='ocrx_word' id='word_1_827' title='bbox 992 2861 1021 2879; x_wconf 83' lang='lat' dir='ltr'><strong>ca</strong></span> 
     </span>
    </p>
   </div>
   <div class='ocr_carea' id='block_1_119' title="bbox 1074 2851 1757 2892">
    <p class='ocr_par' dir='ltr' id='par_1_119' title="bbox 1075 2851 1757 2892">
     <span class='ocr_line' id='line_1_119' title="bbox 1075 2851 1757 2892; baseline 0.009 -12"><span class='ocrx_word' id='word_1_828' title='bbox 1075 2873 1081 2885; x_wconf 94' lang='lat'><strong>,</strong></span> <span class='ocrx_word' id='word_1_829' title='bbox 1095 2862 1176 2889; x_wconf 61' lang='lat' dir='ltr'><strong>noque</strong></span> <span class='ocrx_word' id='word_1_830' title='bbox 1187 2856 1255 2882; x_wconf 77' lang='lat' dir='ltr'><strong>cnim</strong></span> <span class='ocrx_word' id='word_1_831' title='bbox 1270 2861 1329 2882; x_wconf 81' lang='lat' dir='ltr'><strong>sunt</strong></span> <span class='ocrx_word' id='word_1_832' title='bbox 1343 2857 1369 2883; x_wconf 84' lang='lat' dir='ltr'><strong>in</strong></span> <span class='ocrx_word' id='word_1_833' title='bbox 1385 2856 1487 2884; x_wconf 76' lang='lat' dir='ltr'><strong>Crrcco.</strong></span> <span class='ocrx_word' id='word_1_834' title='bbox 1507 2858 1529 2874; x_wconf 91' lang='grc'><strong>³⁷</strong></span> <span class='ocrx_word' id='word_1_835' title='bbox 1544 2851 1638 2886; x_wconf 78' lang='lat' dir='ltr'><strong>Matth.</strong></span> <span class='ocrx_word' id='word_1_836' title='bbox 1656 2867 1693 2892; x_wconf 88' lang='lat' dir='ltr'><strong>vt,</strong></span> <span class='ocrx_word' id='word_1_837' title='bbox 1713 2861 1757 2886; x_wconf 79' lang='grc'><strong>16.</strong></span> 
     </span>
    </p>
   </div>
  </div>
