1921 3073
67 135 111 167 ῡςΛ
643 132 843 163 SERMONES
863 132 1119 162 CATECIIETICI.

1646 134 1698 166 582

67 194 178 228 gnitate,
213 192 317 220 invidia
344 192 435 223 ducti,
468 191 533 226 quin
558 194 682 217 mutuam
711 196 806 225 pacem
833 192 858 214 et
875 189 896 217 Α
912 188 1016 222 aliquot
1041 189 1125 215 millia
1146 195 1214 222 pane
1237 192 1263 214 et
1289 195 1359 223 aqua
1383 189 1519 223 accepisse
1539 197 1546 214 :
1569 193 1599 216 ut
1632 190 1695 216 nihil

67 247 186 266 amorem
201 239 347 274 agitantes,
367 245 469 269 comes,
492 236 617 271 morigeri
630 257 637 268 ,
660 235 857 263 misericordia:

69 284 258 317 honorumque
272 281 411 308 fructuum
431 280 514 314 pleni,
530 280 648 314 quietem
669 279 857 313 tempestivam

69 329 206 356 trahentes
227 327 384 363 (siquidem
410 327 437 353 in
457 325 637 353 contubernio
652 324 759 358 inquies
780 325 858 350 dam-

70 382 133 401 nosa
148 374 240 406 est),
272 373 354 400 verba
387 377 540 407 opportune
575 370 705 397 facientes
727 370 735 403 (
759 369 859 404 quippe

69 419 155 446 aliena
168 418 240 452 frugi
257 418 348 452 quiete
369 417 471 449 muta),
490 416 517 442 in
542 415 693 450 primisque
716 415 857 449 cogitatio-

71 472 131 491 num
169 463 327 499 magisterio
362 462 555 496 invigilanles,
597 461 644 495 qui
685 467 858 494 nequaquam

71 510 225 544 aperiamus
253 509 327 535 vitiis
353 507 520 538 fenestram,
556 514 608 534 neu
632 506 722 533 locum
751 505 861 532 diabolo

69 557 176 583 demus.
188 554 219 582 Si
239 555 354 589 Spiritus
366 575 373 586 ,
394 554 447 585 ait,
463 557 617 588 potestatem
632 552 750 579 [tabentis
767 560 860 579 ascen-

70 602 134 627 ..‘erit
153 609 232 635 super
257 605 282 626 te
306 600 392 626 locum
408 607 459 625 non
479 599 595 625 inveniat
611 598 633 613 "'
649 606 656 624 :
673 602 702 624 ut
725 598 861 624 lacessere

70 647 199 674 inimicus
208 649 301 680 queat,
316 645 421 680 ingredi
434 652 487 672 non
503 644 578 674 item,
590 643 730 677 nostrique
739 643 860 677 ipsorum

72 693 127 720 heri
141 693 239 720 simus.
258 691 341 726 Igitur
355 699 390 718 ne
404 691 512 717 diabolo
529 690 601 717 fores
613 689 765 724 pandamus
775 709 782 722 ,
795 689 861 722 quin

72 743 188 765 mentem
215 737 353 771 undique,
385 743 434 763 ceu
456 735 502 762 Dei
525 742 651 769 sponsam
665 754 673 765 ,
702 734 861 761 muniamus

72 783 268 816 cogitationum
303 781 408 816 sagittis
430 781 559 807 intactam
591 784 617 807 et
637 779 770 806 illaesam:
799 786 861 805 nam

71 829 110 856 sic
126 828 295 856 domicilium
318 827 372 854 Deo
389 827 497 854 animus
513 826 578 858 fiat,
595 831 622 852 et
634 826 727 852 audire
752 833 857 852 merca-

71 881 133 900 mur
150 882 156 900 :
183 872 258 900 Beati
273 872 369 899 mundo
385 871 478 902 corde,
492 870 616 905 quoniam
633 870 682 905 ipsi
698 869 781 896 Deum
794 870 863 896 vide—
879 866 899 893 Β

71 920 134 945 bunt
150 919 182 946 ".
198 919 322 945 Breviter
339 927 346 946 ;
362 917 528 951 Quwcunque
543 921 603 943 sunt
622 924 692 947 vera,
704 924 863 951 quaecunque

70 970 185 999 augusta
196 983 204 996 ,
222 971 381 998 quaecunque
391 962 466 996 justa
477 983 484 995 ,
507 969 666 997 quwcunque
681 966 756 987 casta
768 981 775 992 ,
791 969 863 996 qua:-

71 1018 173 1044 runque
196 1009 337 1041 amabilia,
363 1016 522 1043 qutecunque
551 1008 624 1034 bona:
645 1007 742 1041 fama’,
769 1007 791 1033 si
811 1015 863 1041 qua

72 1057 173 1087 rirttts,
199 1055 222 1081 si
241 1063 293 1089 qua
315 1057 392 1086 laus,
411 1059 440 1080 ut
455 1053 574 1088 Apostoli
599 1057 660 1080 utar
681 1053 787 1085 verbis,
809 1052 864 1079 Ita'c

71 1101 142 1135 agite
156 1100 191 1131 ⁸ο,
219 1100 295 1134 pacis
317 1099 459 1126 vobiscum
482 1099 536 1125 Deo
556 1097 648 1124 futuro
663 1105 711 1132 per
723 1097 862 1124 Christum

71 1147 166 1173 Jesum
179 1146 324 1173 Dominum
341 1151 464 1172 nostrum
482 1154 488 1171 :
503 1144 547 1171 cui
560 1144 647 1179 gloria
662 1148 688 1170 et
706 1143 862 1177 imperium,

72 1200 134 1220 cum
152 1192 244 1224 Patre,
260 1199 293 1219 ac
313 1197 408 1218 sancto
426 1190 527 1225 Spiritu
539 1209 546 1221 ,
562 1197 645 1222 nunc,
658 1194 685 1216 et
702 1197 819 1223 semper,
836 1189 862 1215 in

72 1245 239 1272 omnemque
257 1237 473 1273 perpetuitatem.
484 1236 580 1263 Amen.

371 1281 486 1309 SERMO
502 1281 570 1308 LIV.

74 1328 111 1355 De
123 1327 246 1363 jejunio,
271 1328 451 1363 uacuitateque
466 1326 607 1352 libidinum
620 1345 627 1357 ,
648 1324 741 1358 primis
754 1323 863 1358 jejuniis

421 1362 518 1388 dictus.

109 1419 221 1446 Fratres
242 1418 406 1453 Patresque,
422 1417 645 1453 Quadragesima:
660 1422 768 1452 tempus
801 1425 864 1444 cum

75 1466 206 1492 universo
226 1471 298 1491 anno
309 1465 490 1498 compositum
503 1464 592 1492 simile
602 1468 645 1492 est
656 1463 864 1499 intempestuosi

75 1515 188 1544 portus,
207 1516 261 1543 quo
278 1509 446 1536 conﬂuentes
459 1510 549 1536 cuncti
569 1509 697 1536 mortales
709 1509 862 1543 tranquilli-

75 1561 129 1582 tate
146 1555 274 1582 fruantur
287 1555 415 1589 spiritali:
425 1562 514 1589 neque
524 1555 596 1582 enim
609 1555 750 1582 monachis
763 1551 862 1587 solum,

75 1600 142 1634 quin
170 1599 248 1626 laicis
264 1606 393 1634 quoque,
416 1599 561 1634 parvisque
584 1599 663 1634 juxta
688 1606 720 1626 ac
739 1598 862 1633 magnis,

76 1646 243 1680 prmstilibus
255 1665 263 1678 ,
283 1644 400 1672 subditis
411 1665 418 1678 ,
433 1645 542 1680 regibus
555 1665 562 1677 ,
578 1644 774 1677 sacerdotibus,
789 1643 864 1671 omni

76 1691 168 1725 generi
195 1695 221 1718 et
237 1691 310 1718 :etati
336 1691 468 1718 liaccanni
491 1695 637 1725 tempestas
651 1690 791 1718 salutifera
812 1695 863 1718 est.

109 1737 218 1772 Quippe
244 1738 327 1764 urbes
351 1745 383 1764 ac
409 1737 545 1764 territoria
575 1736 662 1772 magis
688 1736 865 1771 supersedcut

78 1784 144 1810 rixis
160 1789 186 1810 et
215 1783 378 1810 tumultibus
395 1792 402 1810 :
422 1784 595 1817 subcuutque
612 1783 731 1810 vicissim
746 1783 866 1817 psalmo-

77 1828 138 1859 diae,
168 1829 274 1859 laudes,
300 1828 445 1863 supplicia,
472 1835 567 1863 preces
590 1837 596 1855 :
620 1827 721 1863 quibus
746 1827 865 1855 clemens

79 1874 202 1907 placatus
228 1873 300 1901 Deus
326 1881 393 1907 pace
432 1873 529 1901 imbuit
569 1878 684 1906 mentes,
723 1880 866 1908 noxasque

78 1919 227 1950 coudonat,
247 1919 269 1946 si
293 1927 326 1946 ex
343 1919 434 1946 animo
456 1920 563 1946 sincero
579 1919 673 1946 timide
688 1918 711 1946 ei
745 1919 865 1953 trepide-

78 1973 132 2000 que
158 1965 328 1997 accidamus,
347 1969 374 1992 et
399 1965 611 2000 illacrymemur,
632 1965 765 1999 promissa
780 1966 805 1992 in
819 1973 867 1999 po-

79 2016 184 2038 slerum
206 2011 406 2038 emendatione.
430 2011 483 2039 Sed
497 2019 558 2038 cum
572 2011 718 2039 mundanis
737 2011 866 2039 ecclesia-

79 2057 139 2083 stici
156 2064 285 2084 censores
310 2061 411 2091 agunto
428 2065 461 2084 ex
482 2057 570 2084 ofﬁcio
588 2057 678 2092 (egent
694 2065 812 2092 namque
838 2061 868 2084 nt

80 2103 105 2128 iu
136 2103 227 2129 stadio
254 2107 396 2130 currentes
429 2103 645 2130 concertantium
675 2104 800 2136 vocibus,
827 2104 867 2131 sic

77 2149 235 2182 jejunantes
247 2149 439 2182 magistrorum
451 2149 572 2184 solatio),
583 2149 720 2183 equidem,
736 2157 867 2177 veneran-

79 2195 115 2227 di,
141 2199 226 2229 caput
259 2195 337 2221 vobis
370 2195 526 2229 impositus,
559 2194 699 2222 vobiscum
722 2196 863 2230 disseram,
885 2195 906 2223 D

80 2247 162 2276 atque
177 2241 204 2268 id
224 2241 351 2268 breviter.
377 2240 523 2268 Enimvero
548 2241 680 2276 jejunium
694 2243 777 2269 animi
792 2250 867 2277 quae-

79 2289 141 2314 dam
175 2287 318 2315 renOvatio
348 2292 408 2320 est;
437 2288 474 2314 ait
500 2288 571 2315 enim
596 2296 673 2315 sacer
700 2289 867 2322 Apostolus:

80 2334 258 2367 Quantumvis
281 2335 325 2368 qui
342 2334 408 2368 foris
417 2339 456 2360 est
478 2339 567 2361 noster
587 2335 664 2361 homo
679 2336 867 2369 corrumpitur,

80 2385 186 2405 tantum
202 2379 224 2405 is
236 2379 281 2412 qui
297 2379 369 2405 intus
383 2384 422 2406 est
436 2384 575 2406 renovatur
593 2380 625 2406 de
643 2380 686 2407 die
707 2381 734 2407 in
751 2381 819 2408 diem
833 2380 866 2407 “.

80 2424 158 2457 Quod
173 2425 197 2451 si
230 2429 387 2457 renovatur,
414 2425 595 2459 proculdubio
623 2426 657 2452 ad
679 2426 868 2460 primigeniam

81 2469 313 2504 pulchritudinem
339 2470 467 2502 comitur,
504 2476 683 2506 comptusque
706 2471 734 2498 in
747 2479 868 2499 amorem

80 2516 184 2551 pellicit
201 2516 360 2551 stipulatum
381 2516 407 2543 in
427 2517 484 2544 haec
499 2518 580 2544 verba
596 2526 603 2544 :
620 2517 676 2552 Ego
690 2522 713 2544 et
731 2517 812 2545 Pater
825 2526 870 2545 ve-

81 2563 228 2595 niemus,et
243 2562 314 2596 apud
331 2569 390 2588 eum
406 2563 570 2589 mansionem
582 2563 721 2597 faciemus.
734 2563 869 2596 "Quam-

81 2609 176 2635 ohrem
194 2608 217 2635 si
235 2607 261 2634 id
271 2607 368 2642 jejunii
392 2607 554 2635 beneficium
580 2613 631 2640 est,
650 2612 680 2636 ut
695 2609 740 2636 Dei
755 2617 804 2637 nos
819 2610 870 2638 do-

82 2654 217 2680 micilium
232 2653 340 2686 reddat,
353 2654 455 2688 praelati
481 2654 519 2686 id,
534 2653 646 2688 fratres,
668 2655 809 2690 suscipere
824 2655 870 2683 de-

84 2700 189 2732 bemus,
208 2699 276 2726 nihil
290 2699 386 2727 oﬂ‘ensi
413 2699 502 2727 victus
522 2701 665 2734 tenuitate,
684 2702 802 2729 scientes
817 2702 870 2730 Do—

84 2744 200 2776 minum,
213 2743 262 2779 qui
278 2743 419 2778 splendide
433 2745 554 2779 prmberc
567 2751 668 2780 posset,
683 2746 710 2773 in
724 2747 871 2774 solitudine

127 2855 248 2883 "Eccle.
267 2863 292 2887 κ,
313 2855 340 2883 4.
362 2854 384 2870 ²⁹
402 2854 494 2883 Matth.
509 2862 535 2888 ν,
555 2855 582 2883 5.
603 2854 625 2870 ⁸ο
641 2855 759 2890 Philipp.
780 2864 816 2888 ir,
833 2855 858 2882 8.

916 2856 931 2883 ll
948 2856 1010 2883 Cor.
1021 2865 1056 2890 tv,
1072 2857 1114 2885 l6.

909 234 998 260 dicant
1026 234 1199 261 insolentiam
1219 234 1358 261 alacritate
1384 234 1494 260 lcnitam
1524 234 1591 260 citra
1607 235 1693 262 mole-

911 281 991 306 stiam
1022 280 1154 308 futuram.
1175 281 1310 308 Caeterum
1340 281 1475 316 jejunium
1501 287 1555 307 non
1571 280 1639 308 cibis
1651 281 1698 307 dc-

912 326 1008 353 linitur
1040 327 1130 358 nrodo,
1155 327 1220 361 quin
1250 327 1324 353 omni
1358 327 1492 353 scelerum
1524 326 1697 353 abstinentia.

911 371 1140 405 quemadmodum
1154 370 1205 398 SS.
1224 370 1320 398 Patres
1330 371 1447 398 edixere.
1460 369 1549 403 Quare
1563 371 1699 398 abstinea-

911 425 984 449 mus,
1020 417 1158 449 cobortor,
1185 417 1301 452 ignavia,
1336 417 1460 452 segnitie,
1493 417 1699 448 detrectatione,

911 463 1023 496 invidia,
1039 464 1108 494 rixa,
1121 463 1299 497 malignitate,
1310 464 1401 490 studio
1413 463 1509 496 nostri,
1521 463 1554 489 ad
1566 463 1699 497 privatam

912 517 1036 537 normam
1054 510 1161 537 vivendi
1180 509 1301 542 licentia,
1316 517 1347 536 ac
1362 509 1406 544 pol
1422 509 1504 536 noxio
1526 509 1638 544 insuper
1652 516 1699 535 cu-

913 558 1014 592 pidine,
1033 557 1169 592 siquidem
1181 562 1208 584 et
1222 557 1409 592 jejunantibus
1424 561 1556 583 veterator
1572 555 1696 582 imminet

913 611 1036 638 serpens.
1050 603 1131 634 Sane,
1144 606 1255 637 aspectu
1268 601 1391 637 pulcher,
1407 606 1489 636 atque
1503 608 1551 628 esu
1563 600 1701 635 jucundus

911 655 970 677 erat
986 649 1034 684 qui
1060 656 1103 676 me
1122 647 1262 675 interfecit
1278 647 1392 678 fractus,
1415 647 1542 674 audimus
1554 646 1699 673 dicentem.

916 694 955 721 Ac
969 694 1069 721 videsis
1095 693 1161 720 mihi
1176 698 1205 720 ut
1217 692 1361 728 pulchrum
1383 692 1505 719 nominet
1522 699 1576 718 non
1592 695 1699 722 natura,

913 740 960 767 sed
986 744 1118 774 aspectu:
1147 738 1249 765 ctenim
1274 737 1353 772 quasi
1381 736 1443 771 quis
1465 736 1592 763 ﬂoridum
1616 735 1700 762 rubro

913 785 1014 813 cortice
1037 789 1131 811 tenens
1156 784 1299 819 punicum,
1325 790 1429 809 meram
1451 781 1623 816 putrediuem
1649 780 1698 808 de-

917 831 1049 866 prendat;
1063 831 1096 857 ad
1110 831 1233 857 eumdem
1253 829 1364 856 modum
1377 828 1501 862 voluptas
1517 835 1626 862 quoque
1640 827 1700 854 dul-

913 878 1036 904 cedinem
1062 876 1167 911 ﬁngens
1199 875 1360 907 inauditam,
1388 874 1461 901 ilicet
1493 873 1565 902 felle.
1582 873 1700 899 amarior

915 927 1029 950 tractata
1055 922 1199 956 reperitur,
1213 928 1322 955 praeque
1341 919 1414 947 omni
1433 919 1545 953 ancipiti
1570 926 1701 945 mucrone

914 969 1036 995 animum
1052 966 1195 994 lancinans
1205 971 1325 1000 captum.
1345 965 1373 992 ld
1385 965 1454 992 adeo
1470 971 1568 999 passus
1583 968 1624 990 est
1632 971 1701 998 pra:-

915 1014 1040 1040 decessor
1051 1012 1184 1044 Adamus,
1196 1012 1230 1038 ab
1246 1015 1371 1045 serpente
1391 1011 1539 1042 inescatus,
1559 1009 1606 1044 qui
1621 1009 1702 1036 simul

915 1059 1089 1087 interdictum
1105 1057 1192 1092 attigit
1202 1057 1305 1089 cibum,
1322 1061 1435 1083 mortem
1450 1055 1550 1082 invenit
1563 1062 1611 1089 pro
1628 1054 1682 1081 vita
1695 1075 1701 1080 .

915 1105 1041 1139 idemque
1064 1103 1155 1131 cuncti
1173 1102 1271 1130 exinde
1286 1103 1416 1129 hactenus
1426 1106 1490 1128 sunt
1503 1100 1617 1134 experti,
1632 1107 1702 1134 quos

915 1149 942 1176 in
968 1148 1091 1176 fraudem
1109 1147 1217 1182 impulit
1239 1147 1332 1174 draco.
1348 1145 1458 1173 Scilicet
1472 1144 1701 1180 quemadmodum

916 1197 1078 1224 tenebrosus
1104 1196 1162 1230 ipse
1187 1195 1215 1222 in
1239 1193 1364 1228 angelum
1384 1200 1413 1220 se
1434 1192 1554 1220 lucidum
1579 1191 1701 1225 difﬁngit.

916 1243 954 1269 ita
979 1249 1046 1268 sane
1065 1246 1091 1268 et
1118 1240 1220 1267 malum
1250 1240 1331 1271 bono,
1363 1245 1486 1264 amarum
1499 1236 1584 1267 dulei,
1600 1243 1702 1263 caseum

916 1285 1069 1321 splendido,
1087 1285 1189 1312 foedum
1205 1289 1330 1317 venusto,
1347 1283 1517 1310 mortiferum
1534 1281 1609 1308 vitali
1629 1288 1703 1308 com—

916 1336 1023 1360 mutare
1052 1336 1080 1358 et
1097 1334 1256 1358 convertere
1274 1329 1358 1362 novit,
1377 1333 1458 1364 atque
1474 1325 1545 1355 hine
1556 1327 1703 1355 sceleratus

916 1377 1028 1404 minime
1057 1381 1146 1404 cessat
1164 1376 1295 1403 mundum
1315 1374 1425 1402 assidue
1447 1374 1584 1401 deludere.
1602 1372 1702 1401 Verum

916 1431 978 1455 nos,
1008 1422 1117 1455 fratres,
1135 1430 1307 1457 nequaquam
1335 1421 1420 1448 variis
1448 1421 1482 1448 iis
1509 1419 1652 1447 fraudibus
1676 1420 1702 1446 in

916 1469 1054 1495 diversum
1076 1468 1206 1501 feramur,
1230 1475 1283 1494 neu
1301 1467 1371 1494 idem
1393 1467 1530 1501 patiamur
1541 1465 1612 1500 quod
1627 1472 1702 1497 aves,

878 1528 899 1558 ο
916 1521 976 1548 quae
996 1513 1022 1540 in
1047 1513 1181 1548 objectam
1206 1513 1284 1540 avide
1309 1519 1401 1540 escam
1416 1517 1536 1544 ruentes,
1555 1511 1651 1545 laqueo
1663 1511 1703 1538 in-

919 1560 1022 1586 haerent
1034 1558 1159 1593 aucupis,
1183 1558 1249 1593 quin
1265 1558 1386 1585 reductis
1397 1557 1525 1584 vitiorum
1542 1556 1702 1587 involucris,

915 1604 1046 1639 sagaciter
1059 1610 1163 1630 merum
1180 1603 1269 1630 scelus
1285 1603 1479 1636 dispecternus,
1490 1609 1522 1628 ac
1535 1601 1704 1634 refugiamus

915 1649 997 1677 serio.
1017 1648 1110 1683 Neque
1145 1655 1198 1675 non
1225 1648 1341 1683 expediti
1373 1648 1459 1675 simus
1481 1647 1514 1674 ad
1541 1648 1704 1683 psalmodias

915 1705 966 1731 pro
994 1702 1126 1731 tempore,
1148 1696 1266 1730 prorupti
1288 1695 1320 1722 ad
1348 1695 1530 1728 laudationes,
1555 1695 1660 1723 assidui
1675 1696 1701 1722 in

915 1743 1087 1776 lectionibus,
1108 1741 1346 1778 congeuiculantes
1370 1741 1397 1769 in
1422 1742 1502 1770 horas
1515 1749 1563 1778 pro
1581 1742 1701 1774 modulo,

915 1795 1070 1818 exercentes
1093 1788 1230 1816 munificia
1248 1788 1393 1824 (siquidem
1423 1788 1566 1816 honestum
1581 1788 1703 1816 laborare

915 1843 968 1869 est,
990 1844 1041 1864 nec
1062 1836 1163 1872 dignus
1189 1835 1298 1862 habitus
1311 1840 1353 1862 est
1366 1835 1411 1870 qui
1424 1842 1477 1862 non
1494 1834 1597 1862 laboret
1612 1835 1702 1862 cibum

916 1883 1034 1918 capere),
1047 1887 1140 1910 mutua
1169 1889 1251 1909 onera
1280 1880 1408 1913 ferentes,
1423 1881 1641 1916 quandoquidem
1660 1881 1705 1908 hic

917 1929 1047 1961 imbellis,
1057 1929 1186 1956 robustus
1196 1928 1239 1954 ille
1247 1931 1298 1960 est,
1311 1927 1383 1960 cibo,
1395 1932 1471 1962 potu,
1484 1927 1598 1962 aliisque
1607 1935 1705 1962 paran-

916 1975 959 2002 dis
969 1974 1141 2007 necessariis,
1168 1981 1202 2000 ne
1228 1974 1255 2000 in
1281 1973 1394 2008 perditis
1421 1973 1592 2005 aemulemur,
1614 1974 1661 2001 sed
1676 1974 1703 2001 in

917 2021 1041 2048 honestis
1056 2029 1063 2053 ;
1078 2019 1112 2047 ad
1128 2024 1277 2047 extremum
1289 2019 1403 2046 invicem
1420 2019 1553 2051 benevoli,
1566 2019 1703 2050 liberales.

917 2073 1020 2098 comes,
1045 2065 1184 2100 morigeri,
1216 2065 1412 2092 misericordia:
1436 2065 1625 2099 bonorumque
1645 2065 1703 2092 fru-

918 2117 1011 2140 ctuum
1025 2112 1107 2147 pleni.
1116 2112 1154 2139 Ac
1165 2111 1211 2138 Dei
1226 2111 1350 2145 equidem
1364 2119 1426 2146 pax,
1437 2119 1497 2146 quae
1504 2119 1584 2139 omne
1595 2117 1705 2147 superat

919 2158 1057 2193 ingenium
1068 2157 1101 2189 “,
1113 2161 1217 2185 mentes
1230 2157 1392 2192 animosque
1404 2157 1508 2184 muniat
1520 2162 1634 2191 vestros,
1649 2166 1705 2193 quo

920 2211 982 2232 eum
1005 2203 1126 2230 insontes
1144 2202 1294 2236 principem
1308 2208 1381 2228 nunc
1395 2200 1613 2229 Resurrectionis
1633 2202 1703 2228 diem

921 2248 1161 2284 praevertatis,tum
1174 2248 1202 2274 in
1215 2246 1306 2274 futuro
1322 2247 1501 2278 saeculo,cum
1514 2248 1626 2275 redivivi
1637 2255 1703 2275 con-

920 2301 1075 2329 surgemus,
1100 2293 1211 2321 caeleste
1234 2300 1348 2328 regnum
1375 2293 1480 2320 adeatis
1494 2300 1541 2328 per
1565 2293 1704 2321 Christum

920 2339 1014 2367 Jesum
1028 2339 1174 2366 Dominum
1195 2343 1320 2366 nostrum
1335 2347 1342 2366 :
1368 2338 1411 2365 cui
1424 2339 1509 2373 gloria
1524 2344 1550 2366 et
1560 2339 1704 2374 imperium

924 2393 987 2413 cum
1003 2385 1092 2418 Patre,
1109 2393 1140 2412 ae
1164 2389 1259 2412 sancto
1275 2384 1388 2419 Spiritu,
1402 2392 1485 2418 nunc,
1502 2390 1529 2413 et
1542 2393 1660 2421 semper,
1678 2386 1705 2413 in

922 2438 1087 2466 omnemque
1102 2431 1321 2466 perpetuitatem.
1334 2430 1432 2458 Amen.

1217 2485 1334 2514 SERMO
1353 2486 1408 2515 LV.

923 2534 1022 2561 Prima:
1038 2533 1208 2560 hebdomadis
1223 2537 1308 2559 sexta.
1331 2532 1367 2560 De
1382 2533 1535 2567 incorrupta
1551 2534 1629 2568 quasi
1639 2541 1706 2568 qua-

958 2570 1021 2596 dam
1031 2569 1113 2595 animi
1128 2570 1205 2594 domo
1218 2568 1341 2594 uirtutem
1352 2569 1508 2594 exornanda
1524 2569 1670 2602 fanaticus,

959 2614 1070 2641 Fratres
1096 2613 1264 2646 Patresque,
1292 2612 1363 2640 azdes
1398 2613 1548 2641 excitantes
1574 2614 1707 2641 mundani

924 2665 1108 2694 sumptuosas,
1125 2667 1298 2694 nequaquam
1313 2659 1364 2686 sibi
1379 2659 1529 2693 requietem
1543 2660 1708 2690 concedunt.

925 2710 1008 2733 noctu
1029 2709 1055 2733 et
1065 2705 1181 2732 interdiu
1194 2705 1357 2736 laborantes,
1370 2705 1582 2738 solliciti,anxii,
1593 2706 1657 2732 dum
1674 2706 1707 2734 ad

925 2750 1006 2777 finem
1020 2757 1088 2784 opus
1101 2749 1247 2781 adducant,
1265 2753 1426 2784 tantumque
1441 2749 1475 2777 iis
1488 2750 1558 2777 inest
1573 2751 1706 2781 studium,

1154 2858 1175 2873 κε
1187 2857 1262 2885 Joan.
1285 2866 1339 2887 xiv.
1358 2858 1403 2889 ‘23.
1435 2859 1457 2875 ⁸³
1472 2860 1479 2885 l
1496 2859 1592 2888 Thess.
1608 2869 1648 2892 III.
1666 2861 1709 2888 16.
