1921 3073
242 131 294 162 5S3

837 127 867 157 S.
884 126 1083 158 THEODORI
1109 125 1286 157 STUDITIE

1807 126 1876 158 ’584

241 183 461 213 uttotaindidcm
472 190 550 211 mens
557 186 716 218 occupetur,
726 189 759 210 ac
771 183 926 210 consideret
939 189 1032 217 quem-
1048 185 1071 212 Α
1085 189 1146 208 rum
1162 179 1269 208 facinus
1281 185 1331 208 est.
1350 179 1534 213 Quamobrem
1551 187 1603 208 non
1621 180 1677 215 jatn
1707 188 1791 216 porro
1804 182 1876 210 diur-

236 231 390 259 admodum
417 234 444 257 et
462 229 602 265 fastigium
630 230 675 256 fiat
701 234 772 256 tecto
800 228 988 260 comtnodutn,
1008 232 1035 255 et

246 279 412 312 picturatum
430 276 617 303 marmoribus
643 275 744 308 solum,
771 283 822 302 ttec
846 275 906 302 sine
929 275 1034 309 reliqua

243 323 397 357 majestate,
415 328 556 357 aspectutn
572 321 693 349 curiosis
713 320 947 356 iucundissimum
965 326 1034 354 prat—

243 371 305 397 beat
320 379 328 396 :
345 377 377 396 ac
394 369 417 397 si
433 370 495 405 quis
512 368 581 395 adeo
595 369 629 395 ab
657 375 689 394 ea
704 375 769 394 cura
783 367 849 394 velit
872 367 1036 394 abstrahere

245 417 404 451 ringantnr,
431 422 480 442 ceu
509 419 632 442 extrema
663 413 764 448 injuria
798 412 897 440 atiecti.
930 412 1035 447 Ecquid

242 468 293 488 nos
307 466 408 491 autem,
421 459 466 494 qui
479 467 533 486 non
549 459 692 490 caducam,
704 458 751 486 sed
765 465 909 493 perennent
921 457 1033 485 dontum

243 506 417 537 fabricentur,
433 512 484 532 nec
498 512 559 539 quae
582 512 599 531 e
629 504 706 531 saxis
739 503 876 538 lignisque
899 507 1035 535 struatur,

242 553 289 580 sed
304 561 320 580 e
334 551 505 587 spiritalibus
521 550 618 585 gratiis
643 549 774 584 poliatur,
805 549 987 583 torpebimus,
1009 553 1037 575 ct

242 606 338 626 eorum
353 606 366 625 a
379 602 456 633 tergo
485 603 690 630 consequemur
717 594 908 622 industriam?
929 594 1037 621 scilicet

243 653 296 673 non
308 653 339 672 ea
355 651 465 672 summa
483 642 648 670 contumelia
663 642 720 669 sit?
736 640 796 669 Jam
825 641 888 673 illae,
905 645 933 668 et
955 640 1032 668 carni

242 691 342 719 deditis
358 691 516 718 ltominibus
543 689 666 723 exceptis
679 709 686 722 ,
702 693 729 716 et
755 687 829 715 lteris
850 687 1036 722 compluribus

243 737 370 770 mutatis,
387 737 420 763 ad
447 741 599 763 extremum
617 734 748 762 solitaria:
765 733 960 765 dissolvcntur,
979 733 1038 760 haec

245 783 367 818 hospitio
382 786 509 810 sanctum
524 782 656 816 Spiritum
675 780 750 815 capit
765 788 772 807 :
796 780 933 815 siquidem
959 778 1036 806 Tem-

243 830 316 859 plum
332 829 380 856 Dei
397 837 488 856 sumus
505 829 564 860 nivi,
581 832 606 854 et
623 827 742 862 Spiritus
758 826 805 854 Dei
822 826 924 852 habitat
940 826 968 852 in
987 833 1035 852 na-

243 876 281 903 bis
298 875 332 907 “,
352 879 382 902 ut
393 875 500 902 divinus
513 873 662 908 Apostolus
675 874 722 900 ait.
738 871 810 905 Quin
824 872 956 899 abeuntes
971 871 1036 898 ltinc

242 928 351 956 qttoquc
365 920 577 951 concomitatur,
606 926 721 946 manens
736 919 763 945 iu
778 918 856 946 caelis
886 917 1037 944 indissolu-

243 968 305 995 bilis
318 972 344 994 et
358 971 470 995 aeterna.
486 966 521 993 At
545 974 607 1001 quae
619 970 661 993 est
679 965 740 1000 ejus
761 964 869 991 aedificii
889 963 1037 1005 materies?

242 1015 375 1041 virtutum
394 1013 509 1040 functio.
524 1013 563 1046 Ac
576 1012 682 1047 capesis
718 1012 786 1039 mitti
815 1012 843 1038 in
874 1011 970 1046 primis
991 1007 1039 1037 Del

243 1061 378 1092 timorem,
395 1059 474 1094 quasi
489 1058 606 1093 quodam
627 1058 805 1085 fundamento
819 1057 946 1090 locattdo,
973 1064 1037 1083 nam

242 1102 353 1130 Initium
372 1103 510 1138 sapientia:
534 1103 613 1129 timor
640 1102 746 1129 Domini
757 1106 796 1129 est
809 1101 853 1129 ":
873 1106 929 1129 tum
947 1105 1038 1128 autem

242 1149 427 1184 prudentiam,
445 1148 645 1181 fortitudinem,
662 1149 880 1183 temperantiam,
891 1148 1037 1182 jnstittam,

243 1203 306 1230 qua
325 1196 441 1223 invicem
458 1203 545 1228 nexae,
565 1199 593 1222 et
615 1194 759 1222 cltaritatis
781 1199 910 1229 tanquam
930 1193 1039 1221 vinculo

244 1246 441 1277 coagmentatae
469 1248 501 1268 ac
526 1246 659 1268 conserta:
675 1259 683 1272 ,
710 1245 828 1267 crescant
854 1241 881 1266 in
914 1240 1039 1273 temptant

245 1293 365 1314 sanctum
379 1286 494 1329 potuine
509 1286 543 1320 “,
571 1287 730 1314 auctoribus
761 1285 869 1313 litteris.
895 1284 972 1312 Hanc
989 1292 1039 1312 nos

243 1333 340 1365 :edem,
354 1332 462 1364 fratres,
478 1333 588 1360 assidue
605 1333 761 1364 moliamur,
775 1340 828 1359 tteu
848 1331 982 1359 virtutum
993 1339 1040 1359 or-

245 1387 311 1406 nare
331 1379 561 1414 pulchritudinem
573 1386 787 1414 cessemus,quo
795 1379 974 1406 domesticum
991 1379 1038 1406 ha-

245 1425 358 1452 beamus
367 1429 492 1452 sanctunt
506 1424 648 1459 Spiritum,
664 1415 781 1458 vitaeque
789 1425 886 1452 delicio
897 1425 1038 1460 geniorum

246 1472 272 1498 in
289 1479 339 1499 nos
366 1478 414 1498 ora
442 1471 639 1506 hominumque
666 1475 817 1498 vertamus.
845 1470 885 1498 Ac
905 1479 967 1498 eum
987 1479 1040 1498 una

245 1517 377 1544 virtutum
397 1516 567 1544 continentia
583 1517 629 1548 sit,
648 1517 675 1543 in
696 1524 812 1552 eamque
826 1524 899 1544 nunc
910 1517 1039 1551 temporis

245 1562 418 1597 potissimum
433 1562 634 1595 incumbamus,
665 1562 720 1589 Deo
746 1562 853 1590 laudem
873 1563 1037 1593 tribuamus,

245 1608 292 1642 qui
311 1616 394 1634 uttunt
410 1608 468 1642 ejus
485 1608 601 1635 stadium
617 1608 828 1636 decurrerimus.
845 1608 978 1644 Equidem
997 1608 1038 1636 fa-

246 1654 302 1681 cies
317 1661 368 1689 pro
382 1653 464 1681 solito
478 1658 543 1681 sunt
563 1659 684 1687 mutatae,
701 1659 729 1681 at
743 1653 904 1686 mutatione,
915 1662 960 1681 me
973 1654 1037 1682 lter-

245 1701 306 1728 culc
319 1719 327 1732 ,
349 1700 468 1735 egregia,
497 1704 592 1727 coorto
617 1707 632 1727 e
649 1700 818 1727 continentia
840 1700 943 1735 pallore
965 1700 1038 1727 reni-

247 1752 351 1780 tentes;
377 1746 418 1773 ori
449 1747 590 1774 amarities
605 1746 719 1781 quaesita
739 1751 791 1778 est,
819 1751 962 1774 contracto
982 1750 1038 1773 tan-

245 1800 327 1828 quam
347 1791 409 1819 felle
425 1799 481 1826 ιιι-ω
493 1791 547 1819 cibi
565 1792 671 1819 tardius
688 1792 842 1826 sumptione
863 1792 911 1819 sed
927 1791 1038 1818 imbutae

245 1837 389 1865 dulcedine
404 1842 520 1870 utentes,
532 1844 582 1872 spe
598 1837 699 1864 allatas.
722 1837 834 1865 Scilicet
850 1838 920 1864 inter
935 1845 966 1865 se
981 1837 1038 1865 haec

245 1883 411 1918 depugnant,
426 1887 456 1909 ut
470 1889 525 1909 uno
539 1883 645 1909 victore
658 1887 739 1916 cogat
753 1883 903 1910 necessitas
920 1884 1036 1910 alterum

246 1928 426 1955 sucenmbere
441 1936 447 1953 :
468 1928 560 1962 itaque
578 1928 701 1955 lattemur
716 1929 924 1956 additimcliori.
943 1929 1037 1957 Enim-

246 1981 310 2001 vero
325 1973 399 2000 dicat
415 1973 532 2001 fortasse
547 1973 685 2008 quispiam
704 1974 731 2001 in
746 1973 911 2008 perfectione
933 1982 1037 2009 ponen-

246 2020 324 2051 dutn,
342 2019 465 2054 quotidie
482 2023 508 2046 te
532 2020 595 2047 cibo
623 2020 793 2048 defraudare.
816 2020 950 2048 Fabulae:
970 2029 1037 2048 sane

244 2066 317 2092 cnim
335 2064 444 2100 quidem
469 2065 541 2092 haud
557 2073 606 2093 nos
635 2065 766 2093 Dominus
792 2066 923 2101 jussisset
937 2074 1034 2102 panem

245 2117 357 2145 poscere
373 2110 561 2145 quotidianum
575 2116 731 2145 perpetem;
745 2119 799 2139 non
821 2112 894 2140 Elias
914 2113 1036 2147 quotidie

245 2157 272 2182 itt
287 2156 397 2183 deserto
420 2156 529 2190 epulum
544 2164 559 2183 a
574 2164 668 2188 corvo,
696 2165 750 2184 non
774 2157 886 2190 Paulus,
909 2159 956 2193 qui
972 2162 1035 2186 ante

243 2203 337 2229 divum
359 2203 509 2229 Antonium
525 2202 697 2230 solitudinem
713 2204 809 2237 cotuit,
836 2205 965 2232 diurnum
987 2213 1034 2240 pa-

246 2255 307 2275 rtem
321 2248 453 2275 divinitus
466 2248 627 2282 accepisset,
643 2256 697 2275 non
713 2255 885 2284 ntagnusmet
900 2249 1036 2276 Antonius

245 2294 305 2328 plus
316 2293 415 2320 diurno
431 2301 463 2321 ac
477 2293 630 2329 ειιριίιιιιιιιο
651 2294 755 2329 jejunio
785 2296 950 2330 praetulisset
968 2303 1037 2330 quo“

246 2339 312 2366 tidie
325 2339 405 2374 paulo
420 2347 502 2374 quam
528 2341 677 2368 necessitas
699 2340 768 2368 ferat
787 2349 912 2369 contessc
936 2342 1036 2373 minus,

245 2385 353 2419 opinor,
368 2385 420 2413 hac
440 2386 473 2412 de
492 2393 586 2413 causa.
610 2385 679 2413 Nam
706 2387 772 2422 quia
802 2395 903 2422 corpus
919 2387 1036 2415 solidum

243 2433 316 2460 diettt
333 2432 474 2468 fatigatum
488 2435 615 2461 sensibus
630 2435 751 2470 languet.
763 2442 812 2462 ceu
827 2443 922 2462 cursor
935 2443 1033 2470 equus,

244 2484 324 2515 atque
343 2479 572 2507 instaurationem
591 2480 739 2514 desiderat,
757 2483 911 2509 necessario
927 2491 1035 2517 quoque

243 2532 348 2554 natura:
359 2526 478 2554 instituit.
511 2527 677 2555 architectus
706 2532 736 2555 ut
760 2528 860 2556 diurno
887 2529 984 2563 pabulo
999 2534 1036 2557 te-

244 2577 364 2605 neretur,
378 2580 435 2607 quo
448 2573 570 2600 vividum
587 2573 716 2608 deinceps
741 2573 821 2606 foret,
841 2582 896 2601 non
915 2583 1033 2608 cassum,

243 2623 271 2646 et
285 2626 385 2646 enerve
399 2627 407 2650 ς
423 2619 495 2653 quod
511 2619 543 2646 iis
558 2619 657 2646 accidit
667 2619 713 2654 qui
734 2620 841 2655 duplas,
856 2628 888 2648 ac
902 2622 1036 2657 quinque-

244 2665 338 2700 cuplas
356 2666 466 2693 trahant
483 2674 489 2692 :
507 2665 608 2701 quippe
623 2671 739 2701 nequeat
749 2673 795 2694 aut
808 2667 955 2695 identidem
972 2676 1036 2695 con-

244 2712 377 2745 genulari,
399 2716 445 2739 aut
463 2711 490 2738 in
517 2712 678 2746 psalmodiis
700 2720 829 2740 sonorunt
846 2714 933 2749 loqui,
948 2715 1036 2742 aliave

243 2757 369 2792 expedite
383 2757 474 2785 ntttnia
487 2763 628 2792 praasmre,
653 2758 704 2786 nisi
721 2760 793 2794 quod
818 2760 937 2788 insolens
953 2761 1035 2789 nimi-

1089 233 1142 252 nus
1163 224 1361 260 imperfectioni
1387 225 1466 252 cibus
1495 226 1613 259 dncitor,
1643 227 1710 261 quin
1735 228 1838 263 oppido
1851 228 1875 255 in

1086 271 1214 305 perfectis
1227 272 1342 299 habetor
1369 272 1403 300 ad
1420 273 1532 300 tnodutn
1550 280 1732 309 normamque
1751 275 1877 309 pratscri-

1086 323 1172 352 ptam.
1188 319 1276 352 Atque
1293 327 1310 346 ο
1333 318 1436 346 factum
1462 319 1543 352 bene,
1571 319 1645 354 quod
1674 327 1718 347 res
1739 325 1874 349 nostrates

1087 363 1208 398 paternis
1223 363 1380 391 constitutae
1406 369 1471 391 sunt
1499 364 1631 399 scitteque
1659 365 1771 400 regulis.
1799 366 1881 394 Vobis

1087 409 1197 444 quidem
1213 410 1295 437 etiatn
1309 410 1448 445 etiamque
1475 409 1578 438 sanitas
1595 415 1651 437 tum
1674 412 1810 446 corporis,
1826 416 1880 439 tum

1087 455 1171 482 animi
1197 455 1311 483 ﬁrmitas
1330 457 1485 489 tribuatur,
1509 457 1557 492 qui
1587 457 1736 484 immortali
1767 465 1882 493 veroque

1087 501 1144 528 Deo
1164 501 1302 534 serviatis,
1332 510 1364 529 ac
1377 510 1534 537 supremam
1562 502 1635 530 diem
1666 503 1812 534 maneatis,
1831 512 1880 538 qna

1087 547 1155 574 solis
1175 547 1280 575 micetis
1305 547 1392 574 instar
1420 555 1482 575 eum
1500 548 1613 580 sanctis,
1634 548 1710 582 regni
1723 547 1882 575 haereditate

1089 593 1161 619 aucti
1180 593 1300 620 caelestis
1318 601 1367 628 per
1381 593 1520 622 Christum
1544 593 1638 621 Jesuut
1663 594 1809 621 Dominum
1836 602 1880 622 no-

1089 643 1198 666 strum:
1220 639 1264 666 cui
1294 639 1380 675 gloria
1409 643 1437 666 et
1463 640 1608 674 imperium
1633 647 1694 667 cunt
1724 641 1817 672 Patre,
1853 648 1881 667 ac

1090 690 1186 713 sancto
1204 685 1318 720 Spiritu,
1336 694 1418 718 nuttc,
1429 691 1456 713 et
1470 693 1588 721 semper,
1607 686 1634 713 itt
1645 693 1813 720 omnemque
1823 694 1882 721 per-

1088 732 1257 766 petuitatem.
1272 731 1370 759 Amen.

1383 796 1500 824 SERMO
1515 796 1582 824 LVI.

1053 853 1229 888 BDaminica
1253 855 1347 889 prima:
1371 853 1554 880 hebdomadis.
1583 853 1625 881 Ne
1654 863 1736 889 supra
1763 855 1833 883 uires
1859 857 1883 881 in

1126 889 1221 916 divinis
1238 890 1334 916 studiis
1350 889 1484 922 nitantur,
1509 897 1541 916 ac
1567 890 1734 924 spiritalibus
1762 892 1881 917 animum

1125 925 1282 958 spectaculis
1304 932 1459 959 pascamus.

1124 980 1233 1008 Fratres
1250 981 1400 1015 Patrcsque
1408 1001 1415 1012 ,
1423 987 1484 1007 cum
1495 980 1610 1008 arduum
1620 988 1702 1009 omne
1711 986 1753 1009 est
1767 981 1884 1010 initium.

1089 1030 1147 1053 tum
1159 1026 1257 1062 jejunii
1267 1027 1357 1062 ingres
1381 1033 1429 1054 sus
1437 1027 1588 1054 mutatione
1597 1027 1720 1054 ciborum
1731 1031 1816 1062 atque
1830 1032 1885 1054 stu-

1089 1072 1210 1106 diorum,
1220 1071 1408 1099 diﬂicultatem
1415 1072 1563 1107 quamdam
1575 1078 1602 1100 et
1613 1073 1788 1108 asperitatem
1800 1078 1883 1108 parat.

1089 1117 1202 1146 Lenitur
1213 1121 1303 1146 tamen
1320 1126 1352 1145 ac
1367 1118 1529 1146 tractatione
1540 1118 1652 1146 assidua
1666 1120 1792 1147 mollitur
1811 1127 1819 1146 :
1834 1127 1885 1155 quo

1091 1165 1149 1192 hzec
1160 1165 1274 1199 pertinet
1289 1164 1435 1196 sententia,
1447 1164 1540 1191 Omnis
1556 1166 1699 1201 disciplina
1714 1167 1742 1193 in
1762 1167 1885 1201 pauenti

1089 1211 1194 1245 quidem
1207 1211 1309 1237 videtur
1326 1218 1378 1237 non
1390 1218 1445 1237 esse
1455 1211 1559 1245 gaudii,
1576 1212 1621 1238 sed
1643 1213 1781 1244 maeroris;
1798 1219 1884 1247 postea

1090 1260 1179 1284 autem
1188 1257 1305 1291 fructum
1313 1257 1515 1290 pacatissimam
1524 1258 1676 1284 exercitatis
1693 1266 1808 1293 peream
1828 1258 1885 1286 τεά-

1089 1302 1132 1328 det
1145 1302 1262 1337 justitia:
1273 1303 1306 1329 ⁸⁷.
1319 1302 1504 1335 Quamobrem
1525 1311 1576 1330 nos
1593 1311 1703 1338 quoque
1717 1312 1771 1332 una
1784 1305 1884 1332 hebdo-

1090 1349 1169 1376 mada
1195 1348 1292 1384 jejunii
1310 1353 1491 1381 transmissa,
1518 1349 1545 1376 in
1574 1355 1713 1384 posterum
1740 1352 1886 1379 alacriores

1090 1402 1139 1429 per
1160 1394 1357 1429 experientiam
1387 1394 1544 1426 reddantur,
1570 1395 1738 1423 alacritatem
1762 1397 1880 1424 scientes

1091 1448 1193 1476 corpus
1211 1441 1292 1475 juxta
1326 1440 1505 1475 animumque
1530 1441 1657 1475 firmare,
1679 1442 1749 1470 levia
1774 1451 1884 1478 compa-

1092 1492 1198 1514 rantetn
1223 1495 1284 1522 quae
1304 1487 1398 1522 gravia
1414 1487 1481 1518 sint,
1496 1487 1627 1521 proclivia
1647 1496 1707 1523 qua1
1732 1490 1833 1521 ardua,
1851 1490 1886 1516 uti

1053 1530 1074 1558 C
1091 1532 1222 1566 segnities
1251 1537 1346 1560 contra
1362 1532 1455 1568 gravia
1474 1540 1535 1567 quae
1550 1533 1619 1561 levia
1637 1535 1702 1564 sint.
1724 1535 1814 1562 ardua
1830 1543 1887 1570 quae

1092 1579 1234 1614 proclivia.
1245 1578 1339 1614 Neque
1350 1587 1415 1606 vero
1428 1580 1454 1606 itt
1468 1580 1568 1608 studiis
1579 1588 1662 1615 supra
1670 1581 1743 1609 vires
1755 1582 1885 1615 nitamur,

1092 1624 1157 1658 quin
1174 1631 1236 1650 cuin
1258 1624 1373 1658 spiritali
1389 1624 1506 1659 quadam
1535 1625 1689 1653 valetudine
1712 1631 1844 1654 tueamur
1863 1632 1889 1654 (ι

1091 1669 1215 1704 corporis
1236 1670 1383 1697 sanitatctn
1402 1671 1486 1706 :quid
1512 1672 1585 1698 enim
1598 1673 1710 1707 prodest
1731 1675 1886 1702 accelerare

1091 1715 1120 1742 in
1141 1715 1286 1750 principio,
1302 1723 1334 1743 ac
1349 1723 1412 1744 mox
1432 1717 1529 1744 ruere?
1539 1722 1567 1745 ut
1580 1718 1781 1754 circumspecte
1795 1723 1887 1756 potius

1092 1762 1129 1788 sit
1148 1762 1280 1794 cundmn,
1295 1761 1329 1788 ad
1357 1762 1515 1790 distantiam
1547 1765 1632 1792 tuenti
1654 1765 1812 1794 diversorii.
1835 1768 1886 1795 Sed

1091 1808 1222 1842 quoniam
1253 1815 1314 1843 qua:
1344 1809 1547 1836 contentionem
1582 1811 1682 1838 habeat
1701 1811 1760 1839 dies
1787 1820 1885 1848 parere

1091 1853 1228 1888 ignaviam
1247 1854 1333 1886 solet,
1358 1854 1483 1882 honestis
1505 1856 1735 1890 occupationibus
1757 1863 1787 1884 et
1805 1860 1885 1893 spiri-

1091 1899 1191 1925 talibus
1201 1899 1324 1926 anitnum
1340 1900 1504 1933 spectaculis
1514 1908 1670 1934 pascamus,
1683 1910 1736 1930 tton
1750 1903 1795 1931 ltis
1807 1912 1886 1931 mun-

1090 1947 1178 1980 danis,
1196 1946 1223 1974 itt
1244 1948 1345 1982 quibus
1360 1948 1433 1975 inest
1448 1950 1567 1982 vanitas,
1581 1958 1723 1984 zerumnaa,
1741 1953 1884 1986 confusio,

1089 1999 1122 2019 ac
1137 2000 1255 2024 amaror,
1271 1993 1318 2020 sed
1335 2000 1396 2027 quae
1410 2001 1472 2020 cum
1489 1994 1634 2022 dulcedine
1650 2001 1716 2024 sunt
1735 1997 1886 2034 laetitiaque

1090 2037 1230 2072 pet-ntista.
1248 2037 1296 2064 Dei
1317 2046 1375 2064 sunt
1401 2039 1565 2072 recordatus,
1583 2041 1622 2067 ait
1637 2041 1884 2078 ille",acgauiwi.

1091 2083 1174 2117 Igitur
1190 2083 1216 2110 in
1232 2082 1287 2110 Deo
1311 2091 1389 2111 ntens
1412 2084 1547 2120 deligitor,
1568 2087 1595 2113 itt
1615 2087 1776 2116 coelestibus
1800 2091 1883 2122 visis,

1090 2127 1116 2153 in
1131 2127 1251 2162 paradisi
1272 2127 1483 2162 pulchritudine,
1507 2130 1534 2157 in
1548 2132 1659 2159 aeternis
1677 2134 1881 2167 mansionibus,

1090 2174 1116 2201 in
1137 2175 1296 2210 angelorum
1319 2175 1456 2210 tripudiis.
1477 2177 1504 2204 in
1525 2185 1643 2212 superna
1673 2179 1745 2213 vita;
1766 2182 1814 2208 ubi
1830 2183 1883 2209 sint

1087 2222 1124 2256 pii
1151 2221 1280 2256 noxiique
1302 2230 1405 2255 manes,
1429 2223 1584 2258 eujusmodi
1616 2225 1751 2253 adventus
1781 2229 1883 2262 praelu-

1086 2269 1152 2296 stris
1167 2269 1213 2297 Dei
1238 2274 1265 2297 et
1288 2270 1441 2298 Servatoris
1457 2271 1522 2299 Jesu
1546 2272 1648 2301 Christi
1671 2272 1808 2303 futurus:
1834 2278 1885 2304 Sub

1087 2323 1168 2351 quem
1183 2323 1217 2343 ex
1235 2317 1348 2344 oraculo
1366 2317 1460 2345 divino
1477 2319 1535 2346 cali
1558 2328 1652 2353 magno
1674 2321 1775 2355 impetu
1795 2327 1885 2349 trans-

1087 2363 1152 2394 ient,
1173 2361 1301 2389 elementa
1325 2371 1384 2389 vero
1414 2363 1503 2391 calore
1532 2367 1677 2397 soluentur,
1705 2371 1777 2393 terra
1797 2373 1885 2394 autem

1087 2413 1111 2435 et
1128 2416 1186 2443 quia
1203 2409 1232 2435 in
1248 2409 1307 2440 ipsa
1323 2414 1384 2436 sunt
1399 2418 1490 2444 opera,
1504 2416 1651 2438 exurentur
1661 2410 1681 2428 “
1691 2433 1700 2446 ,
1715 2417 1774 2440 tttm
1791 2419 1884 2442 autent

1087 2459 1118 2482 ut
1135 2455 1244 2482 anitttus
1259 2455 1361 2490 conjux
1377 2456 1495 2491 quisque
1520 2465 1622 2492 corpus
1648 2466 1784 2493 assumet,
1799 2469 1883 2496 quant

1089 2507 1234 2526 nutnerosa
1248 2501 1284 2527 sit
1298 2501 1441 2528 hominum
1467 2510 1582 2535 corona,
1598 2505 1633 2531 ab
1648 2504 1754 2533 Adamo
1780 2506 1816 2534 ad
1833 2507 1883 2534 atri

1088 2543 1234 2571 decursum
1257 2544 1406 2578 pertinens,
1422 2553 1505 2580 quam
1522 2547 1652 2575 terribilis
1664 2549 1767 2576 Christi
1779 2551 1882 2584 vultus,

1088 2587 1154 2614 solis
1176 2588 1260 2614 radiis
1275 2588 1449 2623 praefulgens,
1466 2597 1581 2625 ecquam
1600 2592 1660 2626 ejus
1674 2601 1771 2621 Vocem
1787 2597 1884 2622 audie-

1085 2640 1146 2659 mus
1163 2632 1195 2658 ad
1210 2637 1376 2665 extremum,
1392 2642 1453 2668 quae
1468 2635 1631 2664 instauratio
1646 2637 1739 2665 futura
1761 2644 1821 2666 tum
1838 2641 1883 2674 jn-

1084 2680 1134 2703 stts
1146 2675 1179 2702 ad
1194 2675 1305 2703 rtelestc
1320 2684 1434 2711 regnum
1449 2678 1553 2713 ascitis,
1567 2685 1623 2707 tum
1637 2681 1662 2708 in
1675 2689 1812 2716 perennes
1824 2692 1883 2719 pa:—

1084 2727 1134 2747 nas
1155 2720 1281 2747 sontibus
1307 2720 1430 2749 ditnissis
1444 2731 1451 2749 :
1467 2722 1525 2751 [nec
1553 2732 1617 2758 nos,
1641 2725 1752 2760 fratres,
1769 2735 1820 2763 par
1842 2735 1885 2756 est

1084 2770 1194 2797 curare,
1224 2771 1256 2790 ac
1280 2764 1421 2799 cogitare,
1440 2766 1467 2793 itt
1488 2767 1578 2803 iisque
1608 2771 1724 2804 versari,
1755 2780 1805 2800 ccu
1835 2773 1879 2808 qui

282 2869 305 2884 ”
321 2868 328 2895 Ι
342 2867 404 2896 Cor.
419 2877 460 2903 nt,
476 2870 520 2898 16.
559 2871 581 2889 ⁸⁵
598 2871 668 2898 Psal.
681 2879 724 2903 cx,
745 2871 786 2898 10.
824 2873 846 2888 ⁸⁵
863 2872 962 2908 Ephes.
976 2881 1004 2906 tt,
1020 2873 1036 2900 Ξ

1090 2874 1108 2889 ⁸⁷
1127 2872 1208 2901 llsbr.
1225 2882 1260 2902 χιι
1277 2896 1283 2907 ,
1304 2874 1346 2901 Η.
1371 2872 1526 2909 “Psal.xt.t,
1537 2875 1562 2903 5.
1589 2877 1637 2906 wll
1654 2879 1726 2908 Ροιν,
1742 2890 1770 2908 ιιι
1797 2882 1877 2910 7-ιο,
