1921 3073
51 102 99 134 585

622 96 824 128 SERMONES
840 96 1034 126 CATECHET
1041 96 1088 125 [Cl

1625 93 1677 126 586

50 165 123 188 extra
135 158 268 185 mundum
286 157 377 193 positi,
389 156 505 191 coelique
521 155 605 182 cives.
622 154 751 182 societate
760 153 833 180 nulla
848 155 870 183 Α
887 151 1053 179 facinoribus
1066 172 1073 183 ,
1095 160 1109 179 a
1126 151 1244 179 sordidis
1266 151 1403 186 cogitatis,
1437 159 1495 186 qua:
1513 159 1563 179 nos
1586 151 1678 186 inqui-r

51 209 188 231 teneamur
204 209 299 229 eorum
315 201 360 236 qui
378 200 521 228 carnaliter
536 199 640 230 vivant,
665 198 735 225 unde
750 197 835 224 exsti-

50 246 192 277 mulemur,
225 245 418 279 lacrymemur,
451 242 653 273 collustremur,
685 245 766 275 atque
792 239 837 266 hic

51 292 100 318 vita
114 291 191 318 obita
208 290 311 325 quieta,
327 289 353 316 in
369 296 445 323 spem
462 288 600 322 erigantur
616 286 716 313 futuris
738 292 836 319 peren-

50 336 126 363 nibus
141 334 223 361 bonis
243 333 349 361 fruendi
364 340 412 368 per
426 331 564 359 Christum
583 329 676 357 Jesum
693 329 837 356 Dominum

50 383 171 407 nostrum
187 388 194 406 :
210 379 255 406 cui
285 379 372 413 gloria
397 382 425 405 et
443 378 586 413 imperium
605 386 666 405 cum
685 377 764 404 Patre
777 396 784 408 .
807 383 839 404 ac

50 430 143 453 sancto
161 425 265 459 Spiritu
280 445 287 456 ,
306 432 379 452 nunc
407 428 435 451 et
461 432 580 458 semper,
612 423 637 450 in
676 430 839 457 omnemque

50 471 265 508 perpetuitatem.
275 470 373 498 Amen.

343 515 460 544 SERMO
473 515 553 542 LVII.

52 564 179 592 Secundae
197 562 375 592 Hebdomadis
408 566 514 596 quarta.
540 560 579 587 De
600 560 689 586 animo
719 569 734 586 α
754 560 840 586 noxiis

304 595 441 631 affectibus
455 595 594 622 servando.

84 645 195 672 Fratres
207 643 367 677 Patresque,
383 642 478 676 prima:
489 641 666 668 hebdomadis
680 640 785 675 jejunio
796 640 843 667 dc-

49 691 134 718 functi
165 690 282 717 invicem
311 689 357 716 alii
388 695 470 723 quam
506 687 639 715 fuerimus
669 695 842 722 apparcmus,

48 737 182 772 graciles,
211 744 243 763 ac
278 735 431 763 decolores.
476 735 636 769 Quanquam
653 735 703 762 etsi
729 736 844 761 exterior

48 781 228 815 corrumpitur
258 782 356 812 homo,
391 784 422 806 ut
452 779 575 814 Apostoli
604 784 666 806 utar
680 779 791 812 verbis,
817 784 842 805 at

47 828 159 854 interior
174 830 317 853 renouatur
332 825 364 852 de
377 825 419 851 die
429 825 457 851 in
471 825 540 851 diem
559 825 581 840 ⁵⁸
595 833 600 850 :
614 832 675 851 nam
691 824 770 858 quasi
784 831 840 851 cor-
858 820 877 846 Β

47 883 98 910 pus
110 874 236 901 videmus
248 881 304 908 pra:
313 872 417 900 deliciis
425 872 535 907 pingue,
543 877 569 899 et
577 872 704 899 renidens
716 879 764 906 per
777 879 843 899 coo-

46 919 192 946 tincntiam
210 918 238 944 in
266 917 357 943 animo
375 915 575 943 consectarium
603 914 713 942 credere
737 918 788 941 est.
809 912 843 940 Ut

47 963 204 992 afﬂictando
222 969 337 997 corpore
362 962 455 989 animo
479 961 710 996 pulchritudinem
728 966 840 994 pepere-

45 1011 212 1044 rimus,cam
237 1009 379 1040 nimirum,
397 1015 478 1042 quam
495 1011 606 1034 sanctus
627 1006 710 1033 David
733 1005 841 1032 deside-

46 1063 122 1086 rans,
140 1055 316 1089 precabatur,
331 1053 451 1086 Domine,
481 1052 510 1078 in
525 1053 658 1079 voluntate
673 1056 717 1078 tua
737 1051 841 1085 prasti-

46 1102 105 1128 tisti
119 1100 211 1127 decori
236 1108 294 1126 meo
310 1100 432 1126 virtutem
456 1098 478 1113 “
498 1107 505 1125 :
524 1105 611 1132 caque
625 1097 684 1132 ipsa
699 1100 726 1124 et
746 1096 841 1123 beatus

47 1146 150 1173 Paulus
170 1145 316 1172 confirmat
329 1144 440 1172 Christo
452 1151 502 1170 nos
514 1142 689 1177 desponderi,
708 1141 841 1175 Despondi

45 1193 115 1218 enim
136 1199 181 1218 vos
190 1191 237 1217 uni
248 1191 314 1222 viro,
329 1191 455 1225 virginem
474 1193 576 1216 castam
589 1189 708 1215 exhibere
725 1187 840 1215 Cln'isto.

48 1237 139 1264 Timeo
158 1241 248 1263 autem
263 1244 293 1263 ne
307 1236 375 1262 sicut
388 1243 493 1270 serpens
512 1234 594 1261 anm
616 1233 722 1260 seduxit
741 1233 842 1260 astutia

47 1293 106 1317 sua,
118 1284 160 1310 ita
167 1288 372 1316 corrumpantur
382 1291 472 1309 sensus
482 1282 561 1308 vestri
577 1290 592 1308 α
600 1281 771 1315 simplicitate
785 1288 842 1315 qua:

46 1336 84 1357 est
99 1331 126 1357 in
140 1329 249 1357 Christo
266 1329 299 1355 ".
320 1328 411 1355 Vitlen‘
426 1327 549 1355 beneﬁcii
573 1327 793 1362 amplitudinem,
812 1330 842 1352 ut

47 1383 183 1411 sponsum
195 1375 345 1402 habeamus
355 1374 493 1402 Christum
510 1375 521 1400 ’ί
531 1373 618 1400 viden‘
634 1373 801 1408 prouubum,
814 1377 843 1399 ut

44 1422 79 1449 de
96 1420 290 1448 incolumitate
316 1424 409 1448 nostra
426 1421 461 1447 sit
485 1420 619 1447 sollicitus
633 1418 728 1454 ?Ergo
745 1419 843 1446 abdita:

47 1468 73 1494 in
95 1467 182 1495 cubili
200 1466 288 1494 instar
301 1465 454 1500 juveneulae
470 1470 511 1493 est
533 1465 642 1492 animus
664 1470 769 1497 noster,
782 1472 842 1499 qum

47 1518 78 1540 ut
105 1513 232 1539 virorum
258 1511 376 1538 abstinet
403 1511 498 1538 obtutu
520 1531 527 1544 ,
546 1511 617 1537 intra
646 1510 801 1537 cubiculum
816 1517 845 1537 se

47 1560 210 1591 continens,
225 1565 390 1592 omnemque
417 1557 546 1584 adhibens
562 1556 724 1584 industriam
749 1563 804 1590 quo
816 1563 845 1582 sc

48 1606 239 1639 incorruptam
259 1608 359 1637 servet,
384 1603 449 1630 dum
472 1607 579 1636 tempus
595 1601 699 1629 venerit
715 1601 844 1632 nubendi,

49 1651 82 1678 ad
109 1650 239 1677 eumdem
265 1649 377 1676 modum
402 1649 510 1675 animus
530 1655 639 1682 quoque
658 1647 732 1674 omni
754 1647 845 1674 stmlio

50 1703 64 1722 a
80 1695 175 1722 noxiis
199 1695 306 1730 peccati
328 1694 471 1721 affectibus
490 1700 588 1727 purum
604 1700 633 1720 se
652 1692 678 1719 in
704 1692 843 1719 decessum

51 1746 165 1768 tueatur
183 1744 291 1775 oportet
315 1740 366 1767 sub
387 1746 468 1774 quem
501 1745 627 1772 egressus
654 1745 767 1772 corpore
795 1745 843 1764 ceu

51 1787 137 1814 cubili
152 1786 288 1821 quodam,
316 1786 339 1813 si
359 1785 468 1820 quidem
497 1784 634 1811 formosus
653 1788 711 1816 est,
728 1783 845 1818 egregiis

51 1832 212 1860 actionibus
228 1831 385 1865 splendens,
406 1834 516 1856 sanctos
531 1829 647 1856 oblectet
660 1829 781 1863 angelos,
797 1836 845 1855 ue-

51 1885 107 1912 que
120 1876 223 1910 injuria
238 1885 246 1909 ;
261 1875 321 1902 sine
342 1875 443 1908 ﬂagitio
469 1873 601 1901 deformis
611 1893 619 1904 ,
634 1874 732 1907 volupe
745 1873 779 1900 sit
791 1874 846 1900 dae-

51 1924 197 1956 monibus,
212 1924 240 1951 in
257 1922 359 1950 Christi
375 1922 517 1956 probrum,
528 1921 601 1956 quod
617 1926 672 1947 tum
690 1921 774 1952 dictu,
788 1926 844 1947 tum

51 1971 179 2006 cogitatu
198 1969 353 1997 miserabile
366 1973 417 1995 est.

88 2017 165 2044 Sane
179 2023 239 2043 eam
256 2015 293 2042 ob
319 2022 377 2042 rem
395 2022 518 2050 corporis
548 2014 699 2050 reprcssio,
711 2018 737 2040 et
753 2017 845 2040 auste-

53 2064 133 2096 ritas,
153 2069 217 2097 qua
239 2067 369 2096 tanquam
387 2061 492 2088 frenum
507 2061 598 2087 carnis
609 2059 788 2094 appetitiones
804 2065 846 2085 re-

53 2110 164 2143 tundat,
185 2117 220 2136 ne
234 2109 416 2143 aurigatorem
440 2108 560 2135 excutiat
574 2111 703 2139 mentem,
720 2113 772 2133 non
797 2106 846 2132 hac

888 202 963 227 nent,
977 202 1087 224 auctore
1103 197 1226 227 Domino.
1243 197 1344 223 malum
1354 204 1403 223 nec
1415 197 1576 231 cogitantes,
1588 205 1676 232 quau‘

888 241 1032 276 doquidem
1057 242 1201 276 cogitando
1219 241 1389 273 accenditur,
1401 241 1476 268 velut
1503 242 1584 275 ignis,
1603 242 1677 270 desi-

889 287 1006 319 derium,
1023 287 1088 323 quin
1114 288 1208 322 procul
1225 288 1296 314 vitiis
1309 287 1355 315 siti
1368 307 1376 319 ,
1392 295 1424 315 ac
1445 287 1535 322 primo
1559 288 1671 316 incursu

889 336 1051 360 teutatorem
1081 333 1296 368 propulsantcs,
1330 333 1507 367 animumque
1539 333 1680 367 praeclaris

889 379 1042 407 actionibus
1057 383 1197 411 ornantes,
1213 383 1240 406 et
1253 386 1314 414 quae
1337 379 1363 405 in
1387 379 1512 406 manibus
1529 384 1588 412 est,
1616 387 1681 407 con-

891 424 1032 451 tinentiam
1054 424 1172 452 alacrius
1188 425 1333 456 obeuntes,
1354 431 1409 459 quo
1421 425 1482 459 puri
1497 425 1560 452 hinc
1588 424 1681 459 profe-

891 471 938 503 cli,
954 478 1016 498 cum
1029 471 1181 498 incredibili
1192 470 1292 505 gaudio
1307 471 1334 497 in
1346 471 1446 498 caelum
1456 471 1680 506 commigremus,

893 515 1005 543 thalami
1027 516 1119 543 laetitia
1139 516 1258 544 caelestis
1278 515 1399 548 fruituri,
1415 524 1463 550 per
1484 516 1622 544 Christum
1636 516 1682 543 Je—

892 568 953 587 sum
985 561 1130 588 Dominum
1159 565 1302 588 nostrum:
1326 561 1369 588 cui
1386 561 1472 596 gloria
1489 565 1516 589 et
1536 561 1680 596 imperium

893 614 954 634 cum
972 606 1064 640 Patre,
1079 614 1111 634 ac
1128 611 1223 635 sancto
1247 607 1363 642 Spiritu,
1386 615 1458 634 nunc
1477 613 1504 635 et
1518 615 1637 643 semper,
1654 609 1681 635 in

894 660 1058 687 omnemque
1080 653 1298 687 perpetuitatem.
1319 654 1416 680 Amen.

1157 707 1272 735 SERMO
1292 707 1380 734 LVIII.

896 754 1021 781 Secunda!
1037 753 1206 780 hebdomadis
1223 758 1308 780 serta.
1333 753 1368 779 I)e
1387 754 1538 783 concordia,
1554 758 1579 780 et
1593 760 1689 785 notore,

931 790 1094 823 ferendisque
1128 796 1248 823 generose
1288 788 1392 814 virtutis
1425 789 1574 821 laboribus,
1602 796 1682 823 regno

927 825 1086 854 acquirendo
1104 823 1212 850 caelesti.

928 869 1038 897 Fratres
1062 869 1213 904 Patresquc
1233 889 1241 901 ,
1272 868 1399 903 equidem
1414 869 1441 895 in
1464 869 1541 896 vobis
1565 869 1681 904 gaudeo,

892 916 938 950 qui
957 914 1110 943 concordes
1150 915 1266 947 obeatis,
1285 922 1317 941 ac
1335 922 1427 950 pacem
1444 915 1563 949 agitetis,
1577 920 1682 950 tempus

893 962 1026 996 patienter
1049 961 1145 995 jejunii
1172 960 1335 995 perferatis,
1351 961 1424 994 quod
1441 961 1473 988 ad
1498 961 1614 988 salutem
1636 968 1684 988 ve-

892 1011 988 1036 stram.
1014 1010 1191 1040 nostramque
1217 1014 1292 1040 spem
1311 1007 1427 1040 pertinet
1452 1011 1681 1041 sane;quantum

893 1057 935 1079 est
948 1051 1020 1078 enim
1038 1052 1066 1078 in
1081 1051 1260 1078 contubernio
1277 1059 1338 1086 pax,
1359 1057 1386 1078 et
1402 1052 1549 1079 concordia
1565 1052 1681 1084 bonum,

893 1097 972 1124 malis
985 1097 1019 1124 de
1039 1097 1127 1124 medio
1142 1097 1265 1130 sublatis,
1280 1097 1465 1129 immodestia,
1484 1097 1682 1132 inquietudine,

894 1143 1107 1177 responsatione,
1129 1142 1323 1174 inobedientia,
1340 1143 1527 1176 detractione,
1542 1143 1682 1178 superbia,

892 1196 924 1215 ac
940 1188 962 1215 si
976 1195 1037 1222 qua:
1064 1187 1117 1215 alia
1143 1188 1244 1223 ﬂagitia
1270 1193 1336 1215 sunt
1358 1188 1493 1216 ?Scilicet
1520 1189 1539 1215 ii
1565 1196 1627 1215 cum
1654 1188 1683 1215 in

893 1234 988 1268 primis
1012 1233 1186 1261 commodum
1203 1234 1254 1261 sibi
1270 1239 1405 1268 qu:crunt,
1431 1239 1489 1261 tum
1503 1234 1563 1262 aliis
1589 1242 1684 1262 exetu~

894 1280 968 1314 plum
997 1280 1131 1314 propositi
1158 1280 1289 1311 virtutis,
1319 1286 1454 1314 quiestum
1484 1281 1548 1308 hinc
1573 1289 1684 1317 quoque

894 1327 997 1354 faciunt
1014 1327 1164 1354 maximum
1178 1336 1185 1354 :
1202 1335 1264 1354 nam
1283 1328 1512 1362 quemadmodum
1526 1329 1572 1363 qui
1599 1336 1684 1357 noxas

893 1378 1051 1408 comparent
1066 1373 1264 1406 detestationis,
1282 1374 1322 1401 sic
1335 1374 1381 1408 qui
1394 1379 1532 1402 exacuant
1554 1375 1682 1402 virtutem

894 1419 1106 1447 collaudationis
1126 1420 1182 1447 sint
1196 1419 1330 1447 haeredes.
1347 1418 1440 1455 Neque
1457 1421 1596 1455 equidem,
1626 1420 1682 1448 fra-

898 1470 963 1498 tres,
980 1466 1014 1493 de
1027 1467 1129 1493 eximio
1144 1471 1215 1493 statu
1229 1475 1234 1493 :
1247 1467 1357 1501 vitaque
1375 1467 1483 1494 laudata
1512 1467 1682 1500 decidamus,

901 1519 954 1538 neu
981 1513 1015 1538 ab
1040 1518 1134 1539 amore
1162 1511 1255 1538 divino
1274 1513 1500 1547 conquiescamus
1525 1513 1683 1548 :siquidem

896 1557 1024 1591 scriptum
1040 1561 1100 1584 est:
1118 1557 1216 1590 Diliges
1231 1558 1372 1584 Dominum
1387 1558 1469 1585 Deum
1492 1565 1567 1585 tuum
1582 1567 1615 1586 ea:
1629 1563 1684 1586 toto

896 1603 973 1629 corde
989 1607 1032 1629 tuo
1047 1623 1056 1636 ,
1077 1608 1102 1629 et
1117 1611 1150 1630 ea:
1167 1608 1222 1630 tota
1240 1604 1330 1630 animo
1346 1608 1409 1635 tua,
1425 1608 1450 1630 rt
1468 1612 1500 1630 ea;
1520 1608 1576 1631 tota
1601 1609 1686 1633 manu

897 1653 952 1680 tua,
981 1653 1006 1675 et
1024 1656 1056 1675 ea:
1085 1653 1140 1675 tota
1174 1650 1271 1676 virtute
1300 1654 1345 1675 tuo
1362 1650 1395 1676 “.
1418 1649 1561 1677 Enimvero
1574 1650 1621 1685 qui
1643 1650 1685 1678 sic

896 1695 993 1729 diligit,
1015 1702 1068 1721 non
1082 1699 1257 1722 exsaturatur
1269 1715 1276 1728 ,
1297 1684 1494 1727 nou‘labascit,
1506 1703 1561 1723 non
1579 1684 1683 1730 ignavia

897 1746 995 1775 torpet,
1012 1742 1077 1776 quin
1094 1741 1149 1777 igni
1166 1741 1241 1768 addit
1254 1741 1354 1777 ignem,
1373 1746 1401 1768 et
1418 1741 1558 1768 alacritate
1584 1741 1683 1768 alacri-

897 1791 978 1813 tatem
991 1791 1132 1820 provocat,
1147 1786 1244 1820 positis
1258 1787 1285 1813 in
1299 1786 1391 1813 animo
1407 1786 1538 1813 virtutum
1555 1791 1684 1821 tanquam

896 1831 1037 1865 gradibus,
1052 1837 1136 1866 atque
1151 1839 1166 1859 e
1179 1832 1278 1859 robore
1293 1832 1320 1858 iu
1334 1831 1457 1866 spiritale
1471 1832 1553 1859 robur
1575 1839 1686 1867 grassa-

897 1881 951 1908 tur,
963 1877 1043 1911 idque
1059 1877 1236 1905 incessanter.
1253 1876 1311 1904 Non
1320 1877 1444 1904 carnales
1459 1878 1598 1910 operarios
1614 1877 1687 1904 vide-

897 1922 942 1955 tis,
956 1926 985 1949 ut
1002 1923 1029 1949 in
1044 1921 1166 1950 futilibus
1183 1930 1214 1949 ac
1229 1922 1339 1949 caducis
1359 1923 1482 1950 laborent
1496 1923 1501 1949 !
1515 1930 1568 1950 non
1584 1930 1685 1958 naupe-

897 1976 946 2004 gos
966 1976 1058 1997 coram
1080 1969 1200 2001 cernitis,
1215 1974 1245 1996 ut
1270 1973 1355 1996 totum
1375 1969 1508 1996 desudent
1536 1969 1619 2002 diem,
1637 1976 1690 1996 neo

899 2015 1030 2042 tantillam
1046 2015 1097 2043 sibi
1111 2015 1258 2050 requietem
1272 2014 1599 2047 tribuant?Quamobrem
1609 2014 1620 2040 ?
1631 2021 1687 2049 quo

897 2060 1047 2095 pauxillum
1071 2059 1197 2087 auferant
1225 2059 1329 2093 argenti
1356 2064 1382 2086 et
1399 2066 1459 2093 qua:
1476 2065 1541 2086 usus
1567 2058 1688 2092 postulat

898 2106 1062 2132 domesticus
1084 2109 1264 2138 comportent.
1286 2103 1340 2131 Nos
1364 2104 1537 2138 diisopibus
1562 2103 1695 2138 parandis.

53 2157 147 2183 solum
159 2159 331 2190 tempestate,
346 2154 412 2188 quin
430 2161 478 2188 per
492 2161 600 2181 omnem
612 2154 695 2180 vitam
709 2152 842 2187 agitatur:
862 2155 883 2182 ι)
898 2159 981 2185 regno
996 2151 1161 2185 acquirendo
1170 2150 1284 2182 caelesti,
1297 2150 1374 2177 bonis
1386 2149 1550 2184 perennibus
1566 2148 1696 2180 fruendis,

54 2209 118 2229 ηπ]
136 2201 205 2236 quid
224 2201 298 2227 aliud
320 2199 470 2227 monastica
485 2199 540 2226 vita
559 2203 697 2232 estquam
718 2198 847 2224 vitiorum

53 2247 239 2278 continentia,
264 2247 462 2282 cogitationum
493 2244 698 2279 magisterium,
722 2243 850 2277 luctaque

55 2301 155 2328 perpes
170 2300 232 2319 cum
255 2292 381 2320 hostibus
399 2290 516 2318 invisis?
535 2290 638 2317 Acerba
655 2297 687 2316 ea
709 2293 773 2316 sunt
787 2290 797 2324 (
810 2288 850 2316 fa-

55 2345 116 2366 teor
131 2338 231 2373 )carni
252 2358 259 2367 .
278 2337 326 2365 sed
354 2337 464 2372 quodin
487 2336 609 2371 prmeuti
633 2339 671 2362 est
706 2339 852 2361 momenta-

56 2394 136 2413 neum
150 2389 177 2412 et
206 2385 260 2411 leue
277 2383 456 2410 tribulationis
474 2386 582 2414 nostrw,
598 2381 636 2407 uti
651 2380 783 2415 scriptum
800 2384 851 2411 est,

56 2439 141 2465 supra
166 2429 314 2456 modumin
334 2428 497 2455 sublimitate
519 2432 647 2454 internum
664 2426 756 2461 gloria:
784 2433 850 2459 pon-

57 2478 108 2503 dus
126 2481 254 2511 operatur
283 2475 310 2502 iu
321 2475 394 2501 nobis
411 2494 419 2505 ,
435 2482 485 2500 non
513 2473 747 2507 contemplantibus
776 2472 850 2498 nobis

57 2530 118 2557 qua
150 2521 293 2551 videntur,
323 2521 367 2546 sed
395 2527 454 2554 qua:
484 2527 534 2545 non
559 2518 680 2545 uidentur
705 2517 738 2542 ⁵³.
766 2516 850 2551 igitur

59 2567 95 2593 ob
119 2565 329 2601 inaspectabilia
347 2567 416 2592 bona
438 2586 446 2597 ,
463 2572 524 2599 qua:
553 2563 593 2590 vel
611 2571 658 2598 per
675 2570 850 2595 transennam

59 2612 154 2639 videre
184 2616 282 2646 optant
316 2611 403 2645 angeli
428 2632 435 2642 ,
458 2610 493 2637 ob
515 2617 646 2645 sponsum
673 2609 717 2637 cui
757 2608 852 2636 conci—

60 2655 119 2682 liati
143 2663 252 2686 sumus,
279 2654 430 2685 Christum,
457 2654 551 2681 hortor
579 2658 606 2680 et
635 2653 767 2685 obtestor,
797 2652 851 2679 fra-

62 2706 127 2733 tres,
155 2701 266 2727 animos
280 2708 362 2734 puros
376 2707 570 2727 conservemus
591 2707 606 2726 a
631 2699 720 2726 nmiis
734 2699 850 2726 salutem

92 2795 113 2810 ’θ
131 2794 152 2821 ll
169 2795 236 2822 Cor.
253 2803 289 2826 ιν,
310 2794 351 2822 l6.
391 2796 411 2810 “
429 2794 501 2822 Psal.
517 2802 593 2827 nix,
609 2794 634 2823 8.

218 2842 355 2872 Parnot.
379 2842 437 2871 Gn.
462 2841 575 2872 XCIX.

898 2197 987 2232 poenis
1002 2196 1136 2231 fugiendis
1156 2195 1343 2231 sempiternis,
1358 2202 1412 2222 non
1429 2198 1526 2222 cuncta
1555 2194 1690 2228 patiamur

898 2250 960 2269 cum
979 2242 1052 2268 omni
1081 2241 1231 2273 alacritate,
1255 2245 1336 2275 atque
1350 2241 1500 2275 vigilantia,
1523 2240 1547 2268 si
1570 2240 1611 2267 vel
1625 2247 1690 2266 san-

899 2288 1006 2322 guinem
1023 2293 1134 2313 necesse.
1146 2291 1187 2313 est
1200 2286 1323 2317 fundere,
1340 2286 1425 2320 parati
1438 2292 1499 2312 cum
1513 2292 1562 2319 pro
1573 2284 1689 2311 Domino

900 2333 1054 2367 impendere
1067 2333 1077 2357 Ἰ
1090 2332 1171 2364 Sane,
1185 2332 1310 2362 obsecro,
1324 2330 1432 2362 fratres,
1446 2335 1550 2358 stemus
1567 2330 1690 2358 animose

906 2386 953 2412 :pe
972 2378 1131 2411 gaudentes,
1157 2385 1291 2405 aerumnas
1307 2378 1470 2408 tolerantes,
1500 2376 1626 2410 precibus
1650 2376 1691 2404 in—

901 2429 1014 2455 stantes,
1041 2424 1195 2451 manuflciis
1221 2424 1337 2457 intenti,
1363 2423 1690 2458 ps:ilmodiis,versibus.

902 2470 1061 2498 lectionibus
1075 2479 1083 2504 ;
1099 2478 1152 2505 qua
1171 2470 1349 2505 occupatione
1363 2475 1505 2496 teneamus
1519 2468 1650 2500 animum,
1664 2471 1692 2495 et

902 2517 937 2544 ab
954 2516 1082 2544 inanibus
1101 2516 1198 2544 studiis
1216 2516 1418 2548 abstrahamus,
1435 2515 1569 2550 siquidem
1585 2514 1689 2542 desidia

902 2567 990 2589 mater
1004 2563 1104 2597 peccati
1115 2567 1167 2596 est,
1184 2563 1261 2590 labor
1275 2563 1359 2590 animi
1384 2562 1516 2590 custodia.

939 2610 998 2636 Non
1010 2613 1100 2636 tamen
1115 2613 1146 2636 ut
1161 2616 1191 2636 ea
1222 2614 1333 2644 propter
1357 2609 1390 2636 de
1421 2613 1492 2635 statu
1518 2606 1690 2642 dejiciamur,

904 2655 970 2690 quin
988 2654 1163 2688 praeferentes
1187 2655 1435 2690 morigeralionem,
1452 2653 1625 2684 modestiam.
1645 2653 1691 2679 adn

901 2700 1065 2734 iurationem
1083 2700 1209 2734 proximi,
1223 2705 1374 2734 ceteraque
1382 2703 1478 2727 cuncta
1488 2706 1548 2733 qua:
1561 2699 1594 2725 ad
1607 2696 1690 2725 animi

674 2794 696 2811 ⁸¹
714 2795 733 2822 ll
749 2794 810 2821 Cor.
827 2802 865 2826 xt,
880 2794 906 2827 2,
925 2794 950 2822 5.
989 2795 1012 2811 ⁸³
1029 2793 1049 2822 lI
1062 2793 1124 2822 Cor.
1140 2803 1175 2826 iv,
1192 2795 1233 2823 l7.
1272 2794 1293 2811 “
1309 2795 1386 2822 Deut.
1403 2801 1440 2826 \‘l,
1458 2794 1482 2822 5.

1516 2840 1551 2872 10
