1921 3073
239 92 288 125 581

836 88 867 119 S.
884 86 1079 117 THEODORI
1101 85 1274 116 S'l‘UDITAi

1658 75 1674 84 κ

1817 84 1868 116 588

237 149 354 176 salutem
377 147 524 175 conferunt
538 155 545 180 ;
571 146 689 181 denique
714 142 898 179 comprecari,
926 145 954 168 et
980 146 1031 175 pro
1046 143 1071 171 Α
1085 139 1161 171 cidit,
1176 143 1202 166 et
1217 139 1295 165 decor
1305 138 1392 165 vultus
1410 137 1467 173 ejus
1478 138 1588 172 deperiit
1600 137 1634 165 υ.
1651 137 1686 164 At
1696 137 1804 166 virtutis
1815 145 1870 165 ma—

237 193 369 230 dispersis
381 193 437 221 huc
452 194 518 221 illuc
530 193 672 225 fratribus,
687 199 749 219 nam
760 191 794 218 de
809 188 947 216 iislaboro
957 186 1033 221 cqui-

238 240 301 268 dcm
314 247 436 275 quoque,
451 240 519 275 quin
532 240 605 267 haud
616 243 750 266 contuear
762 243 865 269 coram,
875 232 1032 262 utevaserit

241 282 398 316 quisquam.
416 280 472 308 Nec
501 288 556 308 non
583 285 610 307 et
625 287 674 315 pro
701 286 744 306 me
770 278 966 313 supplicantes,
988 276 1032 304 cui

242 333 300 356 tum
315 335 406 356 sermo
421 327 568 355 reserando
591 326 725 354 tribuatur
743 332 801 357 ore,
821 329 878 352 tum
899 324 1032 350 innocens

241 374 373 409 vita,quo
391 373 516 401 utrimvis
532 381 582 408 ego
600 371 689 407 juxta,
703 379 806 406 vosque
832 378 972 398 servemur
983 376 1032 404 per

242 421 380 448 Christum
396 419 488 448 Jesum
503 419 646 446 Dominum
674 423 797 446 nostrum
817 427 822 444 :
840 417 883 444 cui
904 416 989 450 gloria
1005 420 1033 442 et

243 466 386 502 imperium
399 473 460 492 cum
480 465 571 497 Patre,
587 472 619 492 ac
642 469 738 491 sancto
757 464 870 498 Spiritu,
901 469 974 489 nunc
1005 466 1032 489 ct

242 520 358 547 semper,
373 511 399 539 in
414 518 579 546 omnemque
592 510 811 545 perpetuitatem.
825 509 923 535 Amen.

535 577 651 605 SERMO
673 577 743 606 LIX.

243 635 384 663 Dominica
401 633 529 661 Secunda:
544 633 725 660 hebdomadis.
744 632 782 660 De
790 633 949 660 transeundo
961 633 1030 665 ltete,

344 674 420 705 atque
432 669 551 704 expedite
558 669 672 702 jejunio,
689 674 793 695 teterna:
805 676 849 701 spe
862 668 932 695 vitw.

283 726 405 757 Fratres,
426 723 585 758 Palresque,
611 727 747 758 praestans
764 723 901 757 jejunium
915 727 964 753 est.
991 722 1031 749 in-

242 773 364 809 signibus
386 772 443 800 suis
458 771 602 806 praeditum
616 779 624 798 :
638 778 670 798 ea
685 774 749 797 sunt
767 769 1031 804 pax,mansuetudo,

1084 190 1129 212 net
1151 185 1179 212 in
1204 191 1291 212 aevum
1317 183 1432 212 functio.
1463 183 1601 211 Tristatur
1616 184 1715 219 aliquis
1735 187 1867 212 vestrum?

1083 231 1143 267 (Dei
1158 237 1303 266 germanus
1317 229 1415 265 inquit)
1433 235 1499 257 oret.
1515 229 1606 265 Equo
1623 231 1712 257 animo
1727 235 1765 257 est
1777 231 1790 257 ἰ
1801 231 1859 261 psal

1084 277 1166 304 lat".
1180 275 1266 304 Noxia
1281 276 1337 304 ullo
1357 276 1460 304 scelere
1487 280 1618 308 tentatus,
1641 281 1672 303 ut
1686 276 1794 304 assidue
1812 281 1857 303 ten

1085 326 1155 349 lator
1167 327 1265 357 urget,
1289 321 1426 349 sustineto
1454 321 1569 349 audiens
1595 321 1751 349 dicentem:
1770 320 1871 347 Beatus

1083 366 1128 401 qui
1141 367 1233 400 suffert
1250 367 1420 393 tentationem
1434 373 1443 392 :
1460 367 1585 400 quoniam
1597 375 1656 392 eum
1671 367 1797 400 probatus
1814 367 1871 401 fue-

1083 413 1130 444 rit,
1155 412 1266 447 accipiet
1295 420 1420 439 coronant
1446 413 1517 443 vine,
1548 420 1627 446 quam
1652 412 1803 445 repromisit
1819 412 1875 438 Do-

1083 457 1172 484 minus
1192 457 1363 491 diligentibus
1379 465 1416 484 se.
1433 457 1464 484 Si
1482 457 1537 484 haec
1560 457 1645 489 scitis,
1676 457 1745 484 beati
1766 458 1840 484 eritis
1852 458 1875 484 si

1083 502 1199 536 feceritis
1209 507 1240 530 ea
1250 503 1283 535 εί,
1299 503 1337 530 ait
1348 502 1481 531 Dominus
1497 512 1503 530 :
1523 503 1566 530 cui
1579 503 1664 538 gloria
1684 507 1708 530 et
1730 503 1875 538 imperium

1083 554 1144 574 cum
1162 547 1250 580 Patre,
1263 556 1295 576 ac
1306 552 1401 576 sancto
1428 548 1543 583 Spiritu,
1562 555 1635 575 nunc
1660 553 1687 576 et
1711 556 1830 583 semper,
1847 549 1875 576 in

1084 600 1248 628 omnemque
1262 594 1482 629 perpetuitatem.
1499 594 1596 621 Amen.

1383 648 1499 676 SERMO
1520 649 1576 677 LX.

1086 693 1181 721 Tertiae
1214 693 1394 722 Hebdomadis
1432 700 1538 730 quarta.
1574 695 1612 722 De
1645 697 1778 730 repentino
1815 698 1878 725 hinc

1120 730 1254 766 abscessu;
1269 734 1294 756 et
1310 739 1325 756 a
1347 730 1422 764 fwdis
1437 731 1575 758 desideriis
1589 737 1713 758 accurate
1732 733 1878 766 prohiben-

1120 765 1161 791 dis
1175 765 1294 791 sensibus
1314 766 1465 800 animoque.

241 818 388 850 serenitas,
405 817 556 849 humilitas,
574 815 740 847 obedientia,
765 819 888 842 mutuum
905 815 1034 847 studium,
1052 812 1073 840 Β
1122 810 1232 838 Fratres
1270 810 1439 846 Patresque,
1465 812 1539 840 haud
1564 813 1750 847 debebamuS,
1779 821 1879 842 sancto

240 869 268 892 et
296 871 356 898 quae
391 863 444 890 alia
469 869 566 896 genera
599 866 662 888 sunt
690 861 816 894 virtutis;
853 866 882 887 at
903 860 1031 895 jejunan-

239 910 314 937 tibus
324 908 448 936 diabolus
471 907 611 935 contraria
625 906 725 941 satagit
744 905 901 937 obtrudere,
917 913 949 933 ac
962 913 1031 940 prae-

241 953 370 985 ﬁdentes,
392 952 552 984 iracundos,
580 951 782 984 stomachosos,
814 950 937 984 turgidos
962 958 1031 984 pree-

240 1003 324 1032 stsre,
353 1006 409 1034 quo
431 997 616 1026 emolumento
656 997 785 1024 damnum
813 995 907 1023 aderat
930 996 1029 1031 majus.

240 1045 325 1073 Nobis
338 1045 447 1080 quidem
471 1044 624 1071 faciendum
642 1049 696 1070 non
722 1047 764 1070 est
779 1047 808 1069 ut
838 1042 938 1076 impuri
963 1049 1030 1070 con-

240 1090 300 1119 silia
314 1090 423 1118 nescire
437 1089 590 1120 videamur,
618 1088 788 1122 placideque,
816 1087 924 1120 leniter,
952 1095 1031 1114 mau~

240 1140 317 1164 suete
346 1143 379 1162 ac
392 1134 542 1169 composite
570 1133 738 1166 obeundum,
762 1133 892 1160 benevole
916 1133 1031 1160 invicem

241 1180 428 1215 ferendis,qui
441 1179 467 1206 id
483 1179 538 1206 Deo
549 1183 692 1213 acceptum
707 1185 762 1205 non
789 1178 968 1212 ignoremus;
990 1182 1032 1205 et-

240 1227 325 1260 enim,
336 1234 385 1253 nec
398 1226 420 1253 si
434 1225 534 1252 collum
547 1229 576 1252 ut
597 1224 769 1251 manubrium
783 1224 962 1258 repandes,et
972 1230 1032 1251 sac-

241 1280 304 1300 cum
324 1272 470 1303 insternas,
489 1271 673 1304 cineremque,
689 1269 750 1297 sine
767 1269 809 1296 his
821 1270 845 1296 ei
861 1269 1029 1304 perplaceas.

243 1318 316 1347 Sane
331 1325 392 1346 cum
415 1317 519 1352 jejunio
541 1315 710 1350 reprimitur,
740 1314 895 1349 arescitque
921 1321 1030 1348 corpus,

243 1371 300 1392 tum
317 1364 424 1391 animus
438 1362 576 1392 dilatatur,
602 1369 634 1388 ac
659 1360 785 1387 reﬂoret:
814 1367 877 1386 nam
903 1364 1031 1394 quantum

241 1412 266 1438 is
280 1411 325 1446 qui
351 1410 418 1444 foris
436 1413 477 1436 est
497 1412 585 1435 noster
604 1407 682 1434 homo
704 1406 894 1440 corrumpitur,
919 1405 957 1432 ait
977 1406 1031 1437 ille,

244 1461 348 1483 tantum
365 1456 387 1482 is
402 1455 448 1490 qui
463 1456 534 1481 intus
547 1457 586 1481 est
602 1456 742 1480 renovatur
762 1451 794 1478 de
805 1451 848 1478 die
865 1451 894 1478 in
908 1451 978 1478 diem
989 1451 1029 1483 '5;

243 1509 409 1536 rursumque
422 1510 428 1527 :
446 1500 479 1527 Id
490 1499 559 1535 quod
577 1499 607 1525 in
619 1497 741 1532 prtesenti
755 1501 793 1523 est
807 1500 1028 1528 momentaneum,

242 1553 267 1576 et
288 1548 341 1575 leve
358 1546 541 1574 tribulationis
558 1549 666 1576 nostrte,
684 1551 767 1577 supra
781 1542 888 1569 modum
905 1543 933 1569 in
948 1542 1031 1568 subli-

244 1595 336 1622 mitate
350 1598 455 1622 teterntz
475 1591 568 1627 gloriae
590 1590 693 1625 pondus
716 1593 842 1623 operatur
859 1589 887 1615 in
909 1587 984 1615 nobis
997 1588 1030 1614 ".

244 1642 338 1677 Itaque
354 1639 492 1675 praemium
511 1641 665 1673 spectantes
685 1635 830 1671 aequanimi
857 1634 967 1662 virtutis
992 1634 1032 1661 la-

245 1688 325 1715 bores
336 1686 487 1720 patiamur:
507 1683 573 1715 Deo,
585 1687 610 1710 et
625 1681 705 1708 Patri
725 1681 827 1716 gratias
854 1684 971 1714 agentes,
987 1679 1033 1713 qui

240 1735 337 1768 dignos
352 1740 399 1758 nos
413 1731 473 1766 fecit
485 1730 510 1757 in
521 1733 622 1763 partem
634 1728 714 1755 sortis
728 1726 915 1753 sanctorumin
923 1725 1031 1757 lumine,

243 1780 288 1813 qui
305 1777 402 1812 eripuit
418 1784 464 1803 nos
491 1776 523 1802 tle
549 1778 678 1808 potestate
707 1772 885 1803 tenebrarum,
902 1776 927 1798 et
947 1776 1031 1798 trans-

246 1824 305 1851 tulit
322 1824 350 1850 in
377 1830 486 1857 regnum
502 1821 553 1855 ﬁlii
573 1819 726 1846 dilectionis
743 1827 797 1845 sua:
808 1818 840 1845 ’".
858 1818 967 1845 Scilicet
979 1825 1032 1845 non

245 1870 304 1904 ejus
314 1869 374 1896 sine
396 1867 503 1894 macula
519 1873 633 1900 corpus,
652 1870 735 1899 atque
757 1864 916 1898 sanguinem
935 1863 962 1890 in
975 1863 1034 1890 dies

245 1914 503 1950 percipimus;quo
529 1911 595 1946 quid
621 1910 752 1938 suavius?
775 1909 841 1944 quid
870 1909 1034 1936 delicatius?

246 1959 379 1994 siquidem
395 1957 566 1985 vescentibus
580 1963 642 1983 cum
658 1963 725 1990 pura
742 1955 911 1983 conscientia
935 1962 1034 1989 peren-

246 2006 289 2033 nis
302 2005 357 2032 vita
376 2004 518 2039 quieritur.
536 2002 593 2030 Non
612 2002 733 2037 quotidie
746 2009 809 2029 cum
830 2001 942 2032 Davide,
959 2001 1034 2028 aliis-

245 2059 299 2087 que
319 2052 421 2079 sanctis
432 2050 558 2078 Patribus
578 2048 796 2080 consuescimus,
813 2047 962 2075 tractandis
977 2054 1035 2074 mo-

245 2097 404 2128 numentis;
422 2096 550 2131 qnmrhac
562 2095 653 2122 animo
668 2094 753 2128 major
771 2093 944 2121 consolatio?
974 2092 1033 2119 Non

247 2143 404 2170 humanitus
433 2141 564 2174 afﬁnium,
592 2140 741 2174 mundique
768 2139 898 2171 studium,
921 2138 1033 2172 abrupi-

245 2195 327 2221 mus;
349 2187 414 2223 quid
444 2187 496 2214 hoc
522 2186 628 2214 beatius
656 2192 784 2220 quoque,
811 2192 844 2211 ac
869 2184 1033 2211 sublimius?

246 2235 351 2262 Nostra
368 2233 530 2261 conuersatio
546 2232 573 2258 in
584 2231 656 2259 caelis
669 2235 726 2257 est:
747 2231 815 2257 unde
840 2230 921 2256 etiam
939 2228 1033 2256 Salva-

244 2286 330 2308 ‘torem
342 2283 525 2313 exspectamus
543 2277 685 2304 Dominum
707 2281 831 2303 nostrum
848 2274 940 2302 Jesum
954 2274 1032 2301 C/Iri-

246 2331 327 2357 stum,
356 2325 402 2360 qui
432 2324 586 2359 reformabit
610 2330 704 2356 corpus
727 2321 902 2348 humanitatis
923 2325 1031 2351 nostrte,

246 2373 441 2407 configuratum
466 2370 570 2404 corpori
586 2368 719 2396 claritatis
737 2375 792 2394 sua:
806 2366 948 2394 secundant
971 2373 1033 2399 ope-

246 2419 377 2445 rationem
394 2425 453 2452 qute
471 2417 552 2442 etiam
574 2416 656 2448 possit
675 2414 806 2448 subjicere
825 2413 874 2439 sibi
897 2411 987 2438 omnia
999 2411 1032 2438 ⁵⁸.

245 2463 429 2497 Quamobrem
447 2462 627 2497 gaudeamus,
645 2459 755 2492 fratres,
775 2462 803 2485 et
818 2464 941 2489 ovemus,
959 2456 1033 2483 omni

246 2508 402 2543 despuenda
425 2507 574 2540 voluptate.
615 2504 708 2532 Omnis
746 2511 808 2530 caro
837 2508 865 2529 ut
885 2502 986 2537 fenum,
1009 2506 1034 2528 et

1083 860 1217 891 praesente
1248 856 1328 884 Patre
1359 865 1391 884 ac
1419 859 1562 894 magistro,
1589 860 1672 886 verba
1698 859 1798 892 facere,
1828 862 1879 888 sed

1083 908 1173 930 tamen
1189 911 1238 938 pro
1252 905 1451 932 consuetudine
1465 906 1576 940 paulum
1593 905 1721 940 quiddam
1735 907 1878 935 dicamus.

1083 948 1155 983 Ergo
1175 954 1241 977 aetas
1258 955 1364 981 nostra,
1390 951 1430 978 uti
1447 951 1570 983 cernitis,
1588 957 1654 986 quot
1669 952 1766 979 diebus
1782 954 1881 988 carpi-

1084 999 1138 1027 tur,
1166 995 1200 1022 ad
1230 999 1404 1032 mortemque
1430 997 1671 1032 propinquamus,
1700 1003 1784 1033 atque
1812 999 1882 1027 hinc

1083 1041 1229 1069 abscedere
1255 1050 1368 1070 necesse
1394 1047 1451 1075 est,
1482 1047 1510 1071 et
1538 1044 1572 1071 ad
1598 1043 1707 1071 Fratres
1725 1045 1882 1080 Patresque

1080 1087 1169 1122 jungi,
1188 1092 1218 1115 ut
1233 1088 1296 1122 vigil
1311 1096 1380 1123 opus
1391 1089 1426 1116 sit
1443 1090 1568 1121 attentio,
1581 1097 1613 1117 ac
1628 1098 1706 1118 mens
1723 1091 1880 1119 instructa.

1084 1132 1156 1160 Sane
1180 1133 1324 1161 historiam
1342 1135 1395 1170 legi
1412 1135 1469 1169 (I5)
1492 1136 1648 1164 audivimus
1665 1137 1762 1164 diluvii
1793 1143 1883 1172 atque

1084 1178 1154 1206 hanc
1178 1179 1346 1208 Dominicam
1362 1181 1389 1208 in
1410 1181 1566 1217 Evangeliis
1582 1184 1760 1215 sententiam,
1774 1185 1883 1216 Quem-

1083 1225 1227 1252 admodum
1259 1227 1287 1254 in
1301 1227 1392 1254 diebus
1421 1229 1477 1256 Noe
1514 1229 1704 1264 epulabantur,
1736 1231 1883 1264 potabant,

1083 1270 1254 1298 matrimonia
1286 1273 1488 1307 contrahebant,
1513 1275 1645 1308 emebant,
1670 1276 1840 1308 vendebant,
1857 1283 1884 1304 et

1083 1319 1186 1349 repente
1200 1316 1281 1343 irruit
1297 1317 1428 1345 diluvium
1439 1339 1447 1351 ,
1468 1319 1506 1346 sic
1520 1320 1570 1346 erit
1584 1324 1608 1346 et
1625 1321 1653 1347 in
1674 1320 1791 1348 adventu
1809 1321 1884 1348 Filii

1083 1361 1196 1389 hominis
1205 1364 1262 1380 "-"
1277 1362 1316 1390 Ac
1342 1363 1397 1390 fors
1425 1364 1559 1393 miramur
1574 1370 1604 1393 ut
1619 1371 1677 1393 tum
1694 1367 1813 1401 agebant
1835 1376 1885 1395 se-

1083 1407 1152 1439 curi,
1169 1415 1219 1435 nec
1233 1409 1340 1443 trepidi,
1366 1414 1449 1445 atque
1467 1410 1565 1444 timidi,
1581 1412 1666 1446 igitur
1682 1412 1826 1440 rideamus
1846 1422 1884 1440 ne

1083 1453 1155 1486 quod
1185 1453 1360 1487 incessimus,
1393 1457 1490 1483 eodem
1516 1457 1595 1485 inscii
1632 1463 1775 1486 teneamur
1812 1460 1884 1494 ipsi.

1085 1498 1232 1528 Enimvero
1255 1501 1325 1528 haud
1356 1501 1415 1536 jam
1442 1507 1554 1537 paratur
1579 1511 1653 1536 arca,
1687 1513 1748 1539 quae
1765 1511 1887 1534 centum

1084 1545 1227 1580 expleatur
1236 1547 1327 1580 annis,
1353 1547 1419 1582 quin
1447 1549 1550 1576 referta
1565 1550 1593 1576 in
1609 1550 1669 1578 dies
1681 1555 1836 1584 spectatur,
1857 1552 1889 1580 in

1083 1598 1168 1625 quam
1182 1593 1357 1620 subeundum
1378 1598 1429 1626 est,
1451 1595 1509 1629 jam
1534 1596 1654 1630 quotidie
1671 1605 1746 1624 mors
1774 1599 1890 1633 obitur,

1084 1643 1252 1672 unoquoque
1266 1639 1383 1668 abeunte
1393 1639 1520 1674 fratrum,
1534 1645 1683 1676 nostraque
1696 1643 1754 1670 haec
1768 1643 1890 1671 illorum

1083 1684 1125 1708 est
1150 1683 1270 1710 atrocior
1299 1683 1421 1718 fortuna,
1439 1689 1469 1712 ut
1487 1694 1594 1714 summa
1613 1688 1769 1716 adhibenda
1790 1691 1891 1718 cautio

1084 1728 1130 1756 sit;
1147 1727 1201 1756 Nec
1218 1729 1262 1763 pol
1277 1735 1338 1757 veto
1351 1731 1416 1765 quin
1433 1731 1558 1765 edamus,
1575 1733 1712 1767 bibamus,
1726 1736 1890 1763 vestimen-

1085 1774 1119 1801 tis
1144 1774 1294 1802 induamur
1321 1775 1388 1810 (non
1415 1777 1443 1804 id
1473 1778 1601 1812 equidem
1632 1780 1742 1815 sentio),
1762 1781 1813 1808 sed
1835 1789 1890 1809 seu

1083 1819 1207 1853 edamus,
1234 1828 1280 1847 seu
1308 1821 1445 1854 bibamus,
1467 1830 1516 1850 seu
1540 1824 1606 1859 quid
1631 1832 1756 1859 agamus,
1777 1833 1891 1856 cuncta

1085 1870 1115 1892 ut
1135 1866 1161 1892 in
1191 1866 1237 1894 Dei
1258 1867 1374 1902 gloriam
1400 1870 1555 1904 agamus”.
1582 1878 1635 1898 neu
1661 1879 1742 1906 quam
1759 1871 1890 1907 Judzeis,

1085 1911 1231 1945 Griccisve,
1245 1918 1293 1940 aut
1306 1913 1353 1940 Dei
1365 1913 1494 1942 Ecclesia:
1509 1915 1687 1944 offensionem
1702 1922 1891 1953 praestemus,

1085 1958 1158 1993 quod
1172 1959 1318 1993 Apostolus
1339 1959 1428 1994 jubet,
1451 1968 1518 1988 sane
1545 1961 1686 1994 cohortor,
1716 1970 1788 1990 sane
1803 1964 1894 1991 obse-

1085 2010 1143 2036 cro,
1158 2003 1280 2032 fratres:
1308 2004 1418 2039 [inplete
1442 2006 1570 2041 gaudium
1591 2015 1686 2040 meum,
1712 2012 1744 2034 ut
1756 2008 1894 2043 ejusdem

1088 2053 1151 2075 utar
1165 2049 1267 2082 verbis,
1291 2058 1343 2085 quo
1358 2051 1427 2077 idem
1443 2051 1568 2086 sapiatis,
1585 2052 1704 2079 eamdem
1719 2053 1893 2081 cItaritatent

1085 2092 1219 2126 habentes,
1235 2095 1385 2126 unanimes,
1403 2096 1473 2123 idem
1495 2099 1646 2130 sentientes,
1667 2099 1736 2125 nihil
1757 2108 1807 2134 per
1823 2109 1894 2128 con.

1051 2160 1072 2187 ο
1088 2139 1226 2166 tentionem
1237 2148 1283 2167 nec
1299 2148 1344 2174 per
1358 2142 1463 2168 inanem
1475 2142 1598 2176 gloriam,
1611 2143 1656 2170 sed
1670 2144 1698 2170 in
1712 2143 1892 2178 humilitate,

1085 2185 1232 2218 superiores
1253 2185 1304 2212 sibi
1321 2187 1431 2213 invicem
1448 2187 1610 2215 arbitrantes
1620 2189 1652 2215 ⁵⁵.
1670 2188 1699 2216 In
1725 2190 1895 2226 primisque

1082 2236 1180 2257 sensus
1193 2235 1364 2264 coercentor,
1382 2232 1598 2265 visus,auditus,
1614 2233 1759 2267 odoratus,
1779 2241 1896 2269 tactus,

1083 2280 1217 2309 gustatus,
1242 2283 1290 2310 per
1314 2285 1375 2311 quae
1393 2285 1468 2304 mors
1489 2278 1645 2314 irrumpat;
1660 2280 1773 2309 animus
1792 2282 1895 2310 refrte-

1083 2326 1172 2355 nator,
1194 2331 1228 2350 ne
1258 2324 1292 2350 ad
1315 2323 1422 2351 nefaria
1449 2323 1565 2357 feratur,
1592 2333 1643 2353 neu
1660 2326 1742 2354 foedis
1764 2330 1898 2363 nequid-

1083 2376 1166 2402 quam
1194 2369 1368 2402 inlmrescat,
1399 2377 1450 2397 neu
1482 2370 1631 2398 simulacra
1658 2372 1743 2406 ﬂngat
1758 2374 1874 2402 vitiOsa
1891 2397 1898 2406 ,

1084 2421 1138 2440 neu
1167 2414 1299 2442 scelerata
1330 2415 1466 2442 desideria
1494 2416 1642 2451 concipiat,
1668 2417 1742 2444 unde
1774 2421 1899 2447 etitolu-

1084 2463 1218 2491 mentum,
1250 2467 1282 2487 ac
1301 2460 1428 2495 voluptas
1449 2461 1564 2489 minime
1586 2463 1722 2497 capiatur,
1739 2465 1812 2498 quin
1829 2466 1900 2500 (14)

1084 2504 1163 2532 dolor
1181 2511 1288 2539 contra,
1311 2511 1338 2534 et
1356 2507 1521 2541 calamitas,
1549 2512 1580 2536 ut
1607 2517 1689 2537 nsum
1718 2517 1903 2545 praestemus

244 2556 330 2583 omnis
345 2554 430 2590 gloria
444 2553 558 2581 hominis
571 2557 697 2586 tanquam
713 2551 762 2584 ﬂos
776 2550 839 2585 feni.
854 2549 970 2576 Exortus
992 2554 1031 2575 est
1085 2548 1202 2575 nullum.
1229 2549 1314 2584 Igitur
1329 2558 1383 2578 una
1406 2556 1449 2579 est
1471 2552 1499 2579 in
1512 2560 1566 2587 qua
1589 2553 1804 2588 acquiescamus
1839 2564 1903 2583 vo-

246 2601 358 2629 solcum
376 2600 484 2632 ardore,
503 2605 525 2626 et
553 2597 664 2626 arefecit
685 2597 785 2631 (eitum,
804 2600 829 2623 et
849 2595 898 2629 ﬂos
923 2595 978 2628 ejus
989 2593 1034 2620 de-
1084 2592 1174 2628 luptas
1221 2596 1329 2623 animus
1374 2605 1478 2630 purus,
1515 2605 1547 2625 ac
1582 2599 1707 2626 vacuitas
1749 2605 1903 2635 spectans

282 2671 305 2687 ⁵⁸
319 2670 338 2697 II
351 2670 415 2695 (lor.
436 2677 471 2698 tv,
490 2668 532 2694 I6.
572 2668 594 2683 ⁵⁸
613 2665 680 2692 Ibid.
697 2665 739 2691 17.
778 2664 801 2679 ⁵⁷
818 2660 1026 2698 Colossiiti‘z.

1086 2662 1216 2698 ‘Philipp.
1229 2673 1269 2696 ιιι,
1283 2665 1328 2697 20,
1346 2665 1392 2692 2|.
1429 2665 1454 2682 "
1470 2665 1523 2694 lsa.
1545 2673 1590 2698 ιι,
1620 2665 1647 2698 6,
1680 2665 1706 2692 7.

282 2671 305 2687 ⁵⁸
319 2670 338 2697 II
351 2670 415 2695 (lor.
436 2677 471 2698 tv,
490 2668 532 2694 I6.
572 2668 594 2683 ⁵⁸
613 2667 680 2692 Ibid.
697 2667 739 2691 I7.
778 2667 800 2679 ⁸⁷
818 2667 923 2689 (201058.
944 2670 962 2692 I,
982 2667 1026 2690 tz.

243 2707 290 2734 ⁷13.
330 2706 350 2721 ⁶¹
363 2704 421 2736 Jac,
440 2712 456 2736 I,
472 2703 514 2730 12.
547 2701 705 2728 “""Matth.
722 2707 797 2731 sxw,
811 2698 856 2725 27.
887 2697 909 2713 “
922 2696 943 2723 Il
956 2696 1021 2726 Cor.

1086 2667 1269 2705 ‘I’hilippr,
1283 2667 1328 2697 20,
1346 2667 1392 2692 2i.
1429 2667 1454 2682 "
1470 2667 1523 2694 lsa.
1545 2673 1590 2698 ιι,
1620 2667 1647 2698 6,
1680 2667 1706 2692 7.
1747 2667 1772 2684 ⁸⁸
1786 2667 1852 2697 Jac.
1875 2678 1905 2703 ν,

1086 2697 1126 2726 SI.
1163 2700 1185 2715 ⁶⁹
1197 2699 1314 2735 Philipp.
1336 2708 1365 2733 ll,
1397 2700 1425 2733 2,
1444 2700 1471 2728 5.

283 2761 338 2797 (.15)
359 2760 436 2797 Vat.”
454 2766 555 2795 sequor
579 2757 606 2785 in
635 2763 690 2792 quo
717 2759 774 2797 est,
799 2753 962 2797 explicitst
981 2760 1031 2797 nor

1097 2796 1101 2797 γ
1129 2754 1185 2797 (ῳ)
1205 2753 1234 2780 In
1255 2753 1316 2780 Vat.
1342 2753 1512 2797 boowbuslia,
1544 2753 1604 2790 lego
1630 2761 1678 2789 pro
1704 2755 1906 2790 ὀφυνόμεθα,

247 2788 401 2845 iuebmpsv.
421 2788 551 2827 Sensum,
584 2788 651 2821 non'
669 2792 749 2820 verba
782 2790 846 2817 citat
877 2797 907 2816 ex
940 2788 1036 2815 Matth.
1091 2789 1165 2824 quod
1187 2797 1240 2816 non
1264 2796 1408 2823 assequar.

249 2840 320 2859 auv.
342 2841 384 2859 at.
