  <div class='ocr_page' id='page_1' title='image "/cluster/home/n/w/nwhite01/storage/ocr_20150623/99/njp.32101010943858/314.png"; bbox 0 0 1921 3073; ppageno 0'>
   <div class='ocr_carea' id='block_1_1' title="bbox 87 117 132 150">
    <p class='ocr_par' dir='ltr' id='par_1_1' title="bbox 87 117 132 150">
     <span class='ocr_line' id='line_1_1' title="bbox 87 117 132 150; baseline -0.044 0"><span class='ocrx_word' id='word_1_1' title='bbox 87 117 132 150; x_wconf 82' lang='lat'><strong>589</strong></span> 
     </span>
    </p>
   </div>
   <div class='ocr_carea' id='block_1_2' title="bbox 651 107 1122 143">
    <p class='ocr_par' dir='ltr' id='par_1_2' title="bbox 651 107 1122 143">
     <span class='ocr_line' id='line_1_2' title="bbox 651 107 1122 143; baseline -0.006 0"><span class='ocrx_word' id='word_1_2' title='bbox 651 110 852 143; x_wconf 82' lang='lat' dir='ltr'><strong>SERMONES</strong></span> <span class='ocrx_word' id='word_1_3' title='bbox 863 107 1122 141; x_wconf 82' lang='lat' dir='ltr'><strong>CATECHETICI.</strong></span> 
     </span>
    </p>
   </div>
   <div class='ocr_carea' id='block_1_3' title="bbox 1646 101 1698 133">
    <p class='ocr_par' dir='ltr' id='par_1_3' title="bbox 1646 101 1698 133">
     <span class='ocr_line' id='line_1_3' title="bbox 1646 101 1698 133; baseline -0.038 0"><span class='ocrx_word' id='word_1_4' title='bbox 1646 101 1698 133; x_wconf 74' lang='lat'><strong>590</strong></span> 
     </span>
    </p>
   </div>
   <div class='ocr_carea' id='block_1_4' title="bbox 89 159 1699 204">
    <p class='ocr_par' dir='ltr' id='par_1_4' title="bbox 89 159 1699 204">
     <span class='ocr_line' id='line_1_4' title="bbox 89 159 1699 204; baseline -0.01 -3"><span class='ocrx_word' id='word_1_5' title='bbox 89 171 215 202; x_wconf 86' lang='lat' dir='ltr'><strong>libidines.</strong></span> <span class='ocrx_word' id='word_1_6' title='bbox 225 168 313 203; x_wconf 83' lang='lat' dir='ltr'><strong>Quam</strong></span> <span class='ocrx_word' id='word_1_7' title='bbox 329 169 364 196; x_wconf 82' lang='lat' dir='ltr'><strong>ad</strong></span> <span class='ocrx_word' id='word_1_8' title='bbox 386 166 554 204; x_wconf 83' lang='lat' dir='ltr'><strong>voluptatem</strong></span> <span class='ocrx_word' id='word_1_9' title='bbox 578 167 696 199; x_wconf 83' lang='lat' dir='ltr'><strong>evocati,</strong></span> <span class='ocrx_word' id='word_1_10' title='bbox 722 172 749 194; x_wconf 89' lang='lat' dir='ltr'><strong>et</strong></span> <span class='ocrx_word' id='word_1_11' title='bbox 761 166 834 201; x_wconf 88' lang='lat' dir='ltr'><strong>quod</strong></span> <span class='ocrx_word' id='word_1_12' title='bbox 849 173 864 193; x_wconf 91' lang='lat' dir='ltr'><strong>e</strong></span> <span class='ocrx_word' id='word_1_13' title='bbox 878 167 900 195; x_wconf 84' lang='lat' dir='ltr'><strong>A</strong></span> <span class='ocrx_word' id='word_1_14' title='bbox 914 169 996 200; x_wconf 85' lang='lat' dir='ltr'><strong>atque</strong></span> <span class='ocrx_word' id='word_1_15' title='bbox 1011 168 1042 192; x_wconf 91' lang='lat' dir='ltr'><strong>ut</strong></span> <span class='ocrx_word' id='word_1_16' title='bbox 1068 162 1153 192; x_wconf 83' lang='lat' dir='ltr'><strong>semel</strong></span> <span class='ocrx_word' id='word_1_17' title='bbox 1178 162 1279 196; x_wconf 88' lang='lat' dir='ltr'><strong>dicam,</strong></span> <span class='ocrx_word' id='word_1_18' title='bbox 1306 162 1420 189; x_wconf 81' lang='lat' dir='ltr'><strong>honeste</strong></span> <span class='ocrx_word' id='word_1_19' title='bbox 1438 159 1542 192; x_wconf 98' lang='lat' dir='ltr'><strong>omnia,</strong></span> <span class='ocrx_word' id='word_1_20' title='bbox 1556 159 1699 187; x_wconf 86' lang='lat' dir='ltr'><strong>decenter-</strong></span> 
     </span>
    </p>
   </div>
   <div class='ocr_carea' id='block_1_5' title="bbox 88 212 863 250">
    <p class='ocr_par' dir='ltr' id='par_1_5' title="bbox 88 212 863 250">
     <span class='ocr_line' id='line_1_5' title="bbox 88 212 863 250; baseline -0.009 -4"><span class='ocrx_word' id='word_1_21' title='bbox 88 218 220 246; x_wconf 85' lang='lat' dir='ltr'><strong>libidinum</strong></span> <span class='ocrx_word' id='word_1_22' title='bbox 240 216 376 244; x_wconf 88' lang='lat' dir='ltr'><strong>vacuitate</strong></span> <span class='ocrx_word' id='word_1_23' title='bbox 401 215 530 250; x_wconf 79' lang='lat' dir='ltr'><strong>gaudium</strong></span> <span class='ocrx_word' id='word_1_24' title='bbox 552 218 693 246; x_wconf 85' lang='lat' dir='ltr'><strong>nascatur,</strong></span> <span class='ocrx_word' id='word_1_25' title='bbox 709 221 743 240; x_wconf 92' lang='lat' dir='ltr'><strong>ne</strong></span> <span class='ocrx_word' id='word_1_26' title='bbox 755 212 863 247; x_wconf 85' lang='lat' dir='ltr'><strong>ignavia</strong></span> 
     </span>
    </p>
   </div>
   <div class='ocr_carea' id='block_1_6' title="bbox 88 263 862 300">
    <p class='ocr_par' dir='ltr' id='par_1_6' title="bbox 88 263 862 300">
     <span class='ocr_line' id='line_1_6' title="bbox 88 263 862 300; baseline -0.012 -6"><span class='ocrx_word' id='word_1_27' title='bbox 88 269 251 300; x_wconf 82' lang='lat' dir='ltr'><strong>torpeamus,</strong></span> <span class='ocrx_word' id='word_1_28' title='bbox 283 263 351 298; x_wconf 92' lang='lat' dir='ltr'><strong>quin</strong></span> <span class='ocrx_word' id='word_1_29' title='bbox 377 269 575 297; x_wconf 89' lang='lat' dir='ltr'><strong>properemus,</strong></span> <span class='ocrx_word' id='word_1_30' title='bbox 603 266 685 294; x_wconf 90' lang='lat' dir='ltr'><strong>atque</strong></span> <span class='ocrx_word' id='word_1_31' title='bbox 714 266 862 294; x_wconf 84' lang='lat' dir='ltr'><strong>urgeamus</strong></span> 
     </span>
    </p>
   </div>
   <div class='ocr_carea' id='block_1_7' title="bbox 87 303 863 339">
    <p class='ocr_par' dir='ltr' id='par_1_7' title="bbox 87 303 863 339">
     <span class='ocr_line' id='line_1_7' title="bbox 87 303 863 339; baseline -0.009 0"><span class='ocrx_word' id='word_1_32' title='bbox 87 312 148 339; x_wconf 86' lang='lat' dir='ltr'><strong>serio</strong></span> <span class='ocrx_word' id='word_1_33' title='bbox 171 309 308 338; x_wconf 81' lang='lat' dir='ltr'><strong>deiectum</strong></span> <span class='ocrx_word' id='word_1_34' title='bbox 332 315 442 336; x_wconf 90' lang='lat' dir='ltr'><strong>omnem</strong></span> <span class='ocrx_word' id='word_1_35' title='bbox 463 307 554 335; x_wconf 90' lang='lat' dir='ltr'><strong>studio</strong></span> <span class='ocrx_word' id='word_1_36' title='bbox 580 307 751 338; x_wconf 82' lang='lat' dir='ltr'><strong>instaurare,</strong></span> <span class='ocrx_word' id='word_1_37' title='bbox 778 303 863 332; x_wconf 88' lang='lat' dir='ltr'><strong>Deum</strong></span> 
     </span>
    </p>
   </div>
   <div class='ocr_carea' id='block_1_8' title="bbox 87 350 863 391">
    <p class='ocr_par' dir='ltr' id='par_1_8' title="bbox 87 350 863 391">
     <span class='ocr_line' id='line_1_8' title="bbox 87 350 863 391; baseline -0.009 -7"><span class='ocrx_word' id='word_1_38' title='bbox 87 356 192 384; x_wconf 92' lang='lat' dir='ltr'><strong>habituri</strong></span> <span class='ocrx_word' id='word_1_39' title='bbox 210 355 358 391; x_wconf 89' lang='lat' dir='ltr'><strong>propitium</strong></span> <span class='ocrx_word' id='word_1_40' title='bbox 373 363 380 381; x_wconf 93' lang='lat'>:</span> <span class='ocrx_word' id='word_1_41' title='bbox 397 361 459 381; x_wconf 89' lang='lat' dir='ltr'><strong>nam</strong></span> <span class='ocrx_word' id='word_1_42' title='bbox 476 360 560 388; x_wconf 84' lang='lat' dir='ltr'><strong>prope</strong></span> <span class='ocrx_word' id='word_1_43' title='bbox 574 357 619 380; x_wconf 85' lang='lat' dir='ltr'><strong>est</strong></span> <span class='ocrx_word' id='word_1_44' title='bbox 633 360 663 380; x_wconf 91' lang='lat' dir='ltr'><strong>se</strong></span> <span class='ocrx_word' id='word_1_45' title='bbox 677 350 863 386; x_wconf 76' lang='lat' dir='ltr'><strong>exspectanti-</strong></span> 
     </span>
    </p>
   </div>
   <div class='ocr_carea' id='block_1_9' title="bbox 87 398 863 435">
    <p class='ocr_par' dir='ltr' id='par_1_9' title="bbox 87 398 863 435">
     <span class='ocr_line' id='line_1_9' title="bbox 87 398 863 435; baseline -0.009 -5"><span class='ocrx_word' id='word_1_46' title='bbox 87 403 132 430; x_wconf 87' lang='lat' dir='ltr'><strong>bus</strong></span> <span class='ocrx_word' id='word_1_47' title='bbox 154 401 237 429; x_wconf 88' lang='lat' dir='ltr'><strong>Dens.</strong></span> <span class='ocrx_word' id='word_1_48' title='bbox 258 400 351 435; x_wconf 87' lang='lat' dir='ltr'><strong>anue</strong></span> <span class='ocrx_word' id='word_1_49' title='bbox 363 399 437 426; x_wconf 91' lang='lat' dir='ltr'><strong>obita</strong></span> <span class='ocrx_word' id='word_1_50' title='bbox 459 399 524 429; x_wconf 86' lang='lat' dir='ltr'><strong>vita,</strong></span> <span class='ocrx_word' id='word_1_51' title='bbox 541 398 653 425; x_wconf 68' lang='lat' dir='ltr'><strong>caeleste</strong></span> <span class='ocrx_word' id='word_1_52' title='bbox 668 405 780 432; x_wconf 83' lang='lat' dir='ltr'><strong>regnum</strong></span> <span class='ocrx_word' id='word_1_53' title='bbox 795 403 863 424; x_wconf 88' lang='lat' dir='ltr'><strong>con-</strong></span> 
     </span>
    </p>
   </div>
   <div class='ocr_carea' id='block_1_10' title="bbox 87 442 861 482">
    <p class='ocr_par' dir='ltr' id='par_1_10' title="bbox 87 442 861 482">
     <span class='ocr_line' id='line_1_10' title="bbox 87 442 861 482; baseline -0.012 -6"><span class='ocrx_word' id='word_1_54' title='bbox 87 454 224 482; x_wconf 84' lang='lat' dir='ltr'><strong>sequemur</strong></span> <span class='ocrx_word' id='word_1_55' title='bbox 237 453 286 481; x_wconf 91' lang='lat' dir='ltr'><strong>per</strong></span> <span class='ocrx_word' id='word_1_56' title='bbox 299 444 438 472; x_wconf 77' lang='lat' dir='ltr'><strong>Christum</strong></span> <span class='ocrx_word' id='word_1_57' title='bbox 446 442 540 470; x_wconf 82' lang='lat' dir='ltr'><strong>Jesum</strong></span> <span class='ocrx_word' id='word_1_58' title='bbox 557 442 701 470; x_wconf 88' lang='lat' dir='ltr'><strong>Dominum</strong></span> <span class='ocrx_word' id='word_1_59' title='bbox 717 447 861 469; x_wconf 86' lang='lat' dir='ltr'><strong>nostrum:</strong></span> 
     </span>
    </p>
   </div>
   <div class='ocr_carea' id='block_1_11' title="bbox 87 486 865 528">
    <p class='ocr_par' dir='ltr' id='par_1_11' title="bbox 87 486 865 528">
     <span class='ocr_line' id='line_1_11' title="bbox 87 486 865 528; baseline -0.008 -9"><span class='ocrx_word' id='word_1_60' title='bbox 87 492 125 520; x_wconf 88' lang='lat' dir='ltr'><strong>cui</strong></span> <span class='ocrx_word' id='word_1_61' title='bbox 142 492 227 528; x_wconf 85' lang='lat' dir='ltr'><strong>gloria</strong></span> <span class='ocrx_word' id='word_1_62' title='bbox 240 495 267 518; x_wconf 90' lang='lat' dir='ltr'><strong>et</strong></span> <span class='ocrx_word' id='word_1_63' title='bbox 281 490 427 525; x_wconf 89' lang='lat' dir='ltr'><strong>imperium</strong></span> <span class='ocrx_word' id='word_1_64' title='bbox 442 496 504 516; x_wconf 88' lang='lat' dir='ltr'><strong>eum</strong></span> <span class='ocrx_word' id='word_1_65' title='bbox 521 488 602 515; x_wconf 80' lang='lat' dir='ltr'><strong>Patre</strong></span> <span class='ocrx_word' id='word_1_66' title='bbox 615 509 622 520; x_wconf 93' lang='lat'><strong>,</strong></span> <span class='ocrx_word' id='word_1_67' title='bbox 645 495 678 515; x_wconf 89' lang='lat' dir='ltr'><strong>ac</strong></span> <span class='ocrx_word' id='word_1_68' title='bbox 693 492 787 515; x_wconf 88' lang='lat' dir='ltr'><strong>sancto</strong></span> <span class='ocrx_word' id='word_1_69' title='bbox 804 486 865 521; x_wconf 91' lang='lat' dir='ltr'><strong>Spi-</strong></span> 
     </span>
    </p>
   </div>
   <div class='ocr_carea' id='block_1_12' title="bbox 85 532 863 571">
    <p class='ocr_par' dir='ltr' id='par_1_12' title="bbox 85 532 863 571">
     <span class='ocr_line' id='line_1_12' title="bbox 85 532 863 571; baseline -0.008 -6"><span class='ocrx_word' id='word_1_70' title='bbox 85 538 144 569; x_wconf 87' lang='lat' dir='ltr'><strong>ritu,</strong></span> <span class='ocrx_word' id='word_1_71' title='bbox 159 545 233 564; x_wconf 89' lang='lat' dir='ltr'><strong>nunc</strong></span> <span class='ocrx_word' id='word_1_72' title='bbox 254 541 281 564; x_wconf 89' lang='lat' dir='ltr'><strong>et</strong></span> <span class='ocrx_word' id='word_1_73' title='bbox 299 543 407 571; x_wconf 78' lang='lat' dir='ltr'><strong>semper</strong></span> <span class='ocrx_word' id='word_1_74' title='bbox 419 554 427 566; x_wconf 82' lang='lat'><strong>,</strong></span> <span class='ocrx_word' id='word_1_75' title='bbox 456 535 483 562; x_wconf 87' lang='lat' dir='ltr'><strong>itt</strong></span> <span class='ocrx_word' id='word_1_76' title='bbox 501 541 666 568; x_wconf 88' lang='lat' dir='ltr'><strong>omnemque</strong></span> <span class='ocrx_word' id='word_1_77' title='bbox 695 532 863 568; x_wconf 87' lang='lat' dir='ltr'><strong>perpetuita-</strong></span> 
     </span>
    </p>
   </div>
   <div class='ocr_carea' id='block_1_13' title="bbox 85 583 254 612">
    <p class='ocr_par' dir='ltr' id='par_1_13' title="bbox 85 583 254 612">
     <span class='ocr_line' id='line_1_13' title="bbox 85 583 254 612; baseline -0.018 0"><span class='ocrx_word' id='word_1_78' title='bbox 85 590 143 612; x_wconf 77' lang='lat' dir='ltr'><strong>tem.</strong></span> <span class='ocrx_word' id='word_1_79' title='bbox 158 583 254 610; x_wconf 84' lang='lat' dir='ltr'><strong>Amen.</strong></span> 
     </span>
    </p>
   </div>
   <div class='ocr_carea' id='block_1_14' title="bbox 366 637 570 666">
    <p class='ocr_par' dir='ltr' id='par_1_14' title="bbox 366 637 570 666">
     <span class='ocr_line' id='line_1_14' title="bbox 366 637 570 666; baseline -0.01 0"><span class='ocrx_word' id='word_1_80' title='bbox 366 637 483 666; x_wconf 75' lang='lat' dir='ltr'><strong>SERMO</strong></span> <span class='ocrx_word' id='word_1_81' title='bbox 502 637 570 664; x_wconf 78' lang='lat' dir='ltr'><strong>LXI.</strong></span> 
     </span>
    </p>
   </div>
   <div class='ocr_carea' id='block_1_15' title="bbox 85 680 864 717">
    <p class='ocr_par' dir='ltr' id='par_1_15' title="bbox 85 680 864 717">
     <span class='ocr_line' id='line_1_15' title="bbox 85 680 864 717; baseline -0.006 -5"><span class='ocrx_word' id='word_1_82' title='bbox 85 685 174 713; x_wconf 70' lang='lat' dir='ltr'><strong>Tertia:</strong></span> <span class='ocrx_word' id='word_1_83' title='bbox 204 683 376 712; x_wconf 80' lang='lat' dir='ltr'><strong>hebdomadis</strong></span> <span class='ocrx_word' id='word_1_84' title='bbox 402 682 608 717; x_wconf 62' lang='lat' dir='ltr'><strong>prmparatoria.</strong></span> <span class='ocrx_word' id='word_1_85' title='bbox 639 680 864 717; x_wconf 79' lang='lat' dir='ltr'><strong>Comntittendum</strong></span> 
     </span>
    </p>
   </div>
   <div class='ocr_carea' id='block_1_16' title="bbox 116 715 865 762">
    <p class='ocr_par' dir='ltr' id='par_1_16' title="bbox 116 715 865 762">
     <span class='ocr_line' id='line_1_16' title="bbox 116 715 865 762; baseline -0.007 -15"><span class='ocrx_word' id='word_1_86' title='bbox 116 728 162 762; x_wconf 74' lang='lat' dir='ltr'><strong>non</strong></span> <span class='ocrx_word' id='word_1_87' title='bbox 174 728 232 747; x_wconf 79' lang='lat' dir='ltr'><strong>esse</strong></span> <span class='ocrx_word' id='word_1_88' title='bbox 249 724 278 746; x_wconf 83' lang='lat' dir='ltr'><strong>ut</strong></span> <span class='ocrx_word' id='word_1_89' title='bbox 302 717 427 752; x_wconf 82' lang='lat' dir='ltr'><strong>periculis</strong></span> <span class='ocrx_word' id='word_1_90' title='bbox 445 715 493 745; x_wconf 80' lang='lat' dir='ltr'><strong>nos</strong></span> <span class='ocrx_word' id='word_1_91' title='bbox 517 717 687 752; x_wconf 81' lang='lat' dir='ltr'><strong>objectemus,</strong></span> <span class='ocrx_word' id='word_1_92' title='bbox 701 724 732 744; x_wconf 83' lang='lat' dir='ltr'><strong>ac</strong></span> <span class='ocrx_word' id='word_1_93' title='bbox 749 716 780 743; x_wconf 87' lang='lat' dir='ltr'><strong>de</strong></span> <span class='ocrx_word' id='word_1_94' title='bbox 791 715 865 750; x_wconf 80' lang='lat' dir='ltr'><strong>jeju-</strong></span> 
     </span>
    </p>
   </div>
   <div class='ocr_carea' id='block_1_17' title="bbox 116 764 165 783">
    <p class='ocr_par' dir='ltr' id='par_1_17' title="bbox 116 764 165 783">
     <span class='ocr_line' id='line_1_17' title="bbox 116 764 165 783; baseline 0 -1"><span class='ocrx_word' id='word_1_95' title='bbox 116 764 165 783; x_wconf 75' lang='lat' dir='ltr'><strong>tuo.</strong></span> 
     </span>
    </p>
   </div>
   <div class='ocr_carea' id='block_1_18' title="bbox 117 795 866 832">
    <p class='ocr_par' dir='ltr' id='par_1_18' title="bbox 117 795 866 832">
     <span class='ocr_line' id='line_1_18' title="bbox 117 795 866 832; baseline -0.007 -5"><span class='ocrx_word' id='word_1_96' title='bbox 117 799 221 827; x_wconf 77' lang='lat' dir='ltr'><strong>Fratres</strong></span> <span class='ocrx_word' id='word_1_97' title='bbox 249 797 407 832; x_wconf 85' lang='lat' dir='ltr'><strong>Patresque,</strong></span> <span class='ocrx_word' id='word_1_98' title='bbox 426 797 484 824; x_wconf 90' lang='lat' dir='ltr'><strong>heri</strong></span> <span class='ocrx_word' id='word_1_99' title='bbox 510 800 674 831; x_wconf 88' lang='lat' dir='ltr'><strong>tempestas.</strong></span> <span class='ocrx_word' id='word_1_100' title='bbox 695 795 776 823; x_wconf 83' lang='lat' dir='ltr'><strong>hodie</strong></span> <span class='ocrx_word' id='word_1_101' title='bbox 790 799 866 822; x_wconf 89' lang='lat' dir='ltr'><strong>tran-</strong></span> 
     </span>
    </p>
   </div>
   <div class='ocr_carea' id='block_1_19' title="bbox 83 840 899 880">
    <p class='ocr_par' dir='ltr' id='par_1_19' title="bbox 83 840 899 880">
     <span class='ocr_line' id='line_1_19' title="bbox 83 840 899 880; baseline -0.007 -8"><span class='ocrx_word' id='word_1_102' title='bbox 83 845 209 880; x_wconf 84' lang='lat' dir='ltr'><strong>quillitas,</strong></span> <span class='ocrx_word' id='word_1_103' title='bbox 227 843 285 871; x_wconf 87' lang='lat' dir='ltr'><strong>beri</strong></span> <span class='ocrx_word' id='word_1_104' title='bbox 306 842 453 874; x_wconf 83' lang='lat' dir='ltr'><strong>tumultus,</strong></span> <span class='ocrx_word' id='word_1_105' title='bbox 471 841 553 869; x_wconf 82' lang='lat' dir='ltr'><strong>hodie</strong></span> <span class='ocrx_word' id='word_1_106' title='bbox 567 841 657 876; x_wconf 87' lang='lat' dir='ltr'><strong>quies.</strong></span> <span class='ocrx_word' id='word_1_107' title='bbox 674 840 746 868; x_wconf 86' lang='lat' dir='ltr'><strong>Sane</strong></span> <span class='ocrx_word' id='word_1_108' title='bbox 761 840 863 867; x_wconf 90' lang='lat' dir='ltr'><strong>haben-</strong></span> <span class='ocrx_word' id='word_1_109' title='bbox 877 845 899 872; x_wconf 80' lang='grc' dir='ltr'>Β</span> 
     </span>
    </p>
   </div>
   <div class='ocr_carea' id='block_1_20' title="bbox 83 886 864 923">
    <p class='ocr_par' dir='ltr' id='par_1_20' title="bbox 83 886 864 923">
     <span class='ocr_line' id='line_1_20' title="bbox 83 886 864 923; baseline -0.006 -6"><span class='ocrx_word' id='word_1_110' title='bbox 83 891 122 918; x_wconf 64' lang='lat' dir='ltr'><strong>dte</strong></span> <span class='ocrx_word' id='word_1_111' title='bbox 142 889 196 916; x_wconf 88' lang='lat' dir='ltr'><strong>Deo</strong></span> <span class='ocrx_word' id='word_1_112' title='bbox 216 887 321 923; x_wconf 80' lang='lat' dir='ltr'><strong>gratiae,</strong></span> <span class='ocrx_word' id='word_1_113' title='bbox 346 887 393 923; x_wconf 90' lang='lat' dir='ltr'><strong>qui</strong></span> <span class='ocrx_word' id='word_1_114' title='bbox 408 891 435 914; x_wconf 90' lang='lat' dir='ltr'><strong>et</strong></span> <span class='ocrx_word' id='word_1_115' title='bbox 449 886 550 922; x_wconf 89' lang='lat' dir='ltr'><strong>depulit</strong></span> <span class='ocrx_word' id='word_1_116' title='bbox 578 886 748 921; x_wconf 89' lang='lat' dir='ltr'><strong>periculum,</strong></span> <span class='ocrx_word' id='word_1_117' title='bbox 773 889 801 913; x_wconf 88' lang='lat' dir='ltr'><strong>et</strong></span> <span class='ocrx_word' id='word_1_118' title='bbox 815 892 864 913; x_wconf 88' lang='lat' dir='ltr'><strong>vos</strong></span> 
     </span>
    </p>
   </div>
   <div class='ocr_carea' id='block_1_21' title="bbox 82 932 865 969">
    <p class='ocr_par' dir='ltr' id='par_1_21' title="bbox 82 932 865 969">
     <span class='ocr_line' id='line_1_21' title="bbox 82 932 865 969; baseline -0.008 -4"><span class='ocrx_word' id='word_1_119' title='bbox 82 935 271 967; x_wconf 77' lang='lat' dir='ltr'><strong>canstabilivit,</strong></span> <span class='ocrx_word' id='word_1_120' title='bbox 297 934 344 969; x_wconf 88' lang='lat' dir='ltr'><strong>qui</strong></span> <span class='ocrx_word' id='word_1_121' title='bbox 374 932 482 961; x_wconf 78' lang='lat' dir='ltr'><strong>infracti</strong></span> <span class='ocrx_word' id='word_1_122' title='bbox 504 933 656 961; x_wconf 86' lang='lat' dir='ltr'><strong>maneretis</strong></span> <span class='ocrx_word' id='word_1_123' title='bbox 683 933 709 960; x_wconf 94' lang='lat' dir='ltr'><strong>in</strong></span> <span class='ocrx_word' id='word_1_124' title='bbox 723 936 865 967; x_wconf 77' lang='lat' dir='ltr'><strong>exspecta-</strong></span> 
     </span>
    </p>
   </div>
   <div class='ocr_carea' id='block_1_22' title="bbox 83 977 864 1012">
    <p class='ocr_par' dir='ltr' id='par_1_22' title="bbox 83 977 864 1012">
     <span class='ocr_line' id='line_1_22' title="bbox 83 977 864 1012; baseline -0.005 -4"><span class='ocrx_word' id='word_1_125' title='bbox 83 982 154 1010; x_wconf 83' lang='lat' dir='ltr'><strong>tione</strong></span> <span class='ocrx_word' id='word_1_126' title='bbox 174 980 322 1012; x_wconf 85' lang='lat' dir='ltr'><strong>minarum,</strong></span> <span class='ocrx_word' id='word_1_127' title='bbox 338 979 391 1007; x_wconf 90' lang='lat' dir='ltr'><strong>hoc</strong></span> <span class='ocrx_word' id='word_1_128' title='bbox 411 986 539 1007; x_wconf 89' lang='lat' dir='ltr'><strong>verorum</strong></span> <span class='ocrx_word' id='word_1_129' title='bbox 562 978 795 1011; x_wconf 87' lang='lat' dir='ltr'><strong>Christianorum,</strong></span> <span class='ocrx_word' id='word_1_130' title='bbox 812 977 864 1005; x_wconf 87' lang='lat' dir='ltr'><strong>hoc</strong></span> 
     </span>
    </p>
   </div>
   <div class='ocr_carea' id='block_1_23' title="bbox 82 1023 866 1063">
    <p class='ocr_par' dir='ltr' id='par_1_23' title="bbox 82 1023 866 1063">
     <span class='ocr_line' id='line_1_23' title="bbox 82 1023 866 1063; baseline -0.005 -9"><span class='ocrx_word' id='word_1_131' title='bbox 82 1034 272 1063; x_wconf 72' lang='lat' dir='ltr'><strong>germanorum</strong></span> <span class='ocrx_word' id='word_1_132' title='bbox 286 1025 483 1053; x_wconf 85' lang='lat' dir='ltr'><strong>monachorum</strong></span> <span class='ocrx_word' id='word_1_133' title='bbox 500 1028 552 1057; x_wconf 86' lang='lat' dir='ltr'><strong>est,</strong></span> <span class='ocrx_word' id='word_1_134' title='bbox 568 1027 701 1059; x_wconf 85' lang='lat' dir='ltr'><strong>perpetuo</strong></span> <span class='ocrx_word' id='word_1_135' title='bbox 714 1023 866 1050; x_wconf 85' lang='lat' dir='ltr'><strong>instructos</strong></span> 
     </span>
    </p>
   </div>
   <div class='ocr_carea' id='block_1_24' title="bbox 82 1067 867 1105">
    <p class='ocr_par' dir='ltr' id='par_1_24' title="bbox 82 1067 867 1105">
     <span class='ocr_line' id='line_1_24' title="bbox 82 1067 867 1105; baseline -0.01 -3"><span class='ocrx_word' id='word_1_136' title='bbox 82 1081 142 1102; x_wconf 82' lang='lat' dir='ltr'><strong>esse</strong></span> <span class='ocrx_word' id='word_1_137' title='bbox 166 1073 199 1100; x_wconf 85' lang='lat' dir='ltr'><strong>ad</strong></span> <span class='ocrx_word' id='word_1_138' title='bbox 221 1071 369 1100; x_wconf 86' lang='lat' dir='ltr'><strong>discrimen</strong></span> <span class='ocrx_word' id='word_1_139' title='bbox 389 1077 439 1105; x_wconf 92' lang='lat' dir='ltr'><strong>pro</strong></span> <span class='ocrx_word' id='word_1_140' title='bbox 461 1070 571 1102; x_wconf 84' lang='lat' dir='ltr'><strong>virtute,</strong></span> <span class='ocrx_word' id='word_1_141' title='bbox 596 1067 665 1096; x_wconf 88' lang='lat' dir='ltr'><strong>nihil</strong></span> <span class='ocrx_word' id='word_1_142' title='bbox 685 1068 778 1096; x_wconf 92' lang='lat' dir='ltr'><strong>divino</strong></span> <span class='ocrx_word' id='word_1_143' title='bbox 795 1067 867 1095; x_wconf 90' lang='lat' dir='ltr'><strong>auti-</strong></span> 
     </span>
    </p>
   </div>
   <div class='ocr_carea' id='block_1_25' title="bbox 82 1113 863 1155">
    <p class='ocr_par' dir='ltr' id='par_1_25' title="bbox 82 1113 863 1155">
     <span class='ocr_line' id='line_1_25' title="bbox 82 1113 863 1155; baseline -0.006 -10"><span class='ocrx_word' id='word_1_144' title='bbox 82 1120 162 1155; x_wconf 82' lang='lat' dir='ltr'><strong>quius</strong></span> <span class='ocrx_word' id='word_1_145' title='bbox 177 1122 311 1154; x_wconf 60' lang='lat' dir='ltr'><strong>praecepto</strong></span> <span class='ocrx_word' id='word_1_146' title='bbox 330 1116 481 1152; x_wconf 83' lang='lat' dir='ltr'><strong>quidquam</strong></span> <span class='ocrx_word' id='word_1_147' title='bbox 505 1115 616 1143; x_wconf 91' lang='lat' dir='ltr'><strong>ducere.</strong></span> <span class='ocrx_word' id='word_1_148' title='bbox 633 1114 719 1150; x_wconf 82' lang='lat' dir='ltr'><strong>Igitur</strong></span> <span class='ocrx_word' id='word_1_149' title='bbox 741 1113 863 1149; x_wconf 81' lang='lat' dir='ltr'><strong>aggressi</strong></span> 
     </span>
    </p>
   </div>
   <div class='ocr_carea' id='block_1_26' title="bbox 82 1162 867 1200">
    <p class='ocr_par' dir='ltr' id='par_1_26' title="bbox 82 1162 867 1200">
     <span class='ocr_line' id='line_1_26' title="bbox 82 1162 867 1200; baseline -0.009 -7"><span class='ocrx_word' id='word_1_150' title='bbox 82 1173 115 1194; x_wconf 85' lang='lat' dir='ltr'><strong>ac</strong></span> <span class='ocrx_word' id='word_1_151' title='bbox 131 1165 213 1193; x_wconf 90' lang='lat' dir='ltr'><strong>locuti</strong></span> <span class='ocrx_word' id='word_1_152' title='bbox 240 1171 301 1200; x_wconf 68' lang='lat' dir='ltr'><strong>qua:</strong></span> <span class='ocrx_word' id='word_1_153' title='bbox 334 1163 418 1191; x_wconf 91' lang='lat' dir='ltr'><strong>locuti</strong></span> <span class='ocrx_word' id='word_1_154' title='bbox 435 1166 501 1190; x_wconf 90' lang='lat' dir='ltr'><strong>sunt</strong></span> <span class='ocrx_word' id='word_1_155' title='bbox 518 1162 623 1192; x_wconf 86' lang='lat' dir='ltr'><strong>hostes,</strong></span> <span class='ocrx_word' id='word_1_156' title='bbox 640 1166 793 1193; x_wconf 60' lang='lat' dir='ltr'><strong>recessere,</strong></span> <span class='ocrx_word' id='word_1_157' title='bbox 812 1167 867 1187; x_wconf 93' lang='lat' dir='ltr'><strong>non</strong></span> 
     </span>
    </p>
   </div>
   <div class='ocr_carea' id='block_1_27' title="bbox 84 1205 867 1242">
    <p class='ocr_par' dir='ltr' id='par_1_27' title="bbox 84 1205 867 1242">
     <span class='ocr_line' id='line_1_27' title="bbox 84 1205 867 1242; baseline -0.009 -3"><span class='ocrx_word' id='word_1_158' title='bbox 84 1216 137 1239; x_wconf 88' lang='lat' dir='ltr'><strong>tam</strong></span> <span class='ocrx_word' id='word_1_159' title='bbox 161 1210 240 1238; x_wconf 82' lang='lat' dir='ltr'><strong>vobis</strong></span> <span class='ocrx_word' id='word_1_160' title='bbox 263 1208 456 1240; x_wconf 88' lang='lat' dir='ltr'><strong>consternatis,</strong></span> <span class='ocrx_word' id='word_1_161' title='bbox 470 1215 553 1242; x_wconf 90' lang='lat' dir='ltr'><strong>quam</strong></span> <span class='ocrx_word' id='word_1_162' title='bbox 580 1207 631 1242; x_wconf 87' lang='lat' dir='ltr'><strong>ipsi</strong></span> <span class='ocrx_word' id='word_1_163' title='bbox 645 1206 766 1234; x_wconf 85' lang='lat' dir='ltr'><strong>reveriti.</strong></span> <span class='ocrx_word' id='word_1_164' title='bbox 781 1205 867 1233; x_wconf 85' lang='lat' dir='ltr'><strong>Vobis</strong></span> 
     </span>
    </p>
   </div>
   <div class='ocr_carea' id='block_1_28' title="bbox 81 1251 867 1293">
    <p class='ocr_par' dir='ltr' id='par_1_28' title="bbox 81 1251 867 1293">
     <span class='ocr_line' id='line_1_28' title="bbox 81 1251 867 1293; baseline -0.009 -8"><span class='ocrx_word' id='word_1_165' title='bbox 81 1257 193 1293; x_wconf 91' lang='lat' dir='ltr'><strong>quidem</strong></span> <span class='ocrx_word' id='word_1_166' title='bbox 218 1254 360 1290; x_wconf 73' lang='lat' dir='ltr'><strong>praemium</strong></span> <span class='ocrx_word' id='word_1_167' title='bbox 386 1253 457 1281; x_wconf 82' lang='lat' dir='ltr'><strong>Deus</strong></span> <span class='ocrx_word' id='word_1_168' title='bbox 480 1253 582 1280; x_wconf 81' lang='lat' dir='ltr'><strong>tribuat</strong></span> <span class='ocrx_word' id='word_1_169' title='bbox 607 1252 787 1283; x_wconf 88' lang='lat' dir='ltr'><strong>luculentum,</strong></span> <span class='ocrx_word' id='word_1_170' title='bbox 820 1251 867 1286; x_wconf 92' lang='lat' dir='ltr'><strong>qui</strong></span> 
     </span>
    </p>
   </div>
   <div class='ocr_carea' id='block_1_29' title="bbox 81 1298 870 1339">
    <p class='ocr_par' dir='ltr' id='par_1_29' title="bbox 81 1298 870 1339">
     <span class='ocr_line' id='line_1_29' title="bbox 81 1298 870 1339; baseline -0.008 -8"><span class='ocrx_word' id='word_1_171' title='bbox 81 1302 142 1339; x_wconf 84' lang='lat' dir='ltr'><strong>ejus</strong></span> <span class='ocrx_word' id='word_1_172' title='bbox 166 1309 250 1331; x_wconf 87' lang='lat' dir='ltr'><strong>causa</strong></span> <span class='ocrx_word' id='word_1_173' title='bbox 265 1300 357 1329; x_wconf 83' lang='lat' dir='ltr'><strong>vexari</strong></span> <span class='ocrx_word' id='word_1_174' title='bbox 377 1300 499 1328; x_wconf 89' lang='lat' dir='ltr'><strong>animum</strong></span> <span class='ocrx_word' id='word_1_175' title='bbox 524 1298 686 1332; x_wconf 83' lang='lat' dir='ltr'><strong>induxistis;</strong></span> <span class='ocrx_word' id='word_1_176' title='bbox 713 1299 824 1331; x_wconf 85' lang='lat' dir='ltr'><strong>etenim,</strong></span> <span class='ocrx_word' id='word_1_177' title='bbox 840 1302 870 1325; x_wconf 94' lang='lat' dir='ltr'><strong>ut</strong></span> 
     </span>
    </p>
   </div>
   <div class='ocr_carea' id='block_1_30' title="bbox 81 1344 870 1382">
    <p class='ocr_par' dir='ltr' id='par_1_30' title="bbox 81 1344 870 1382">
     <span class='ocr_line' id='line_1_30' title="bbox 81 1344 870 1382; baseline -0.009 -5"><span class='ocrx_word' id='word_1_178' title='bbox 81 1353 124 1378; x_wconf 82' lang='lat' dir='ltr'><strong>est</strong></span> <span class='ocrx_word' id='word_1_179' title='bbox 137 1347 332 1376; x_wconf 76' lang='lat' dir='ltr'><strong>misericordiae</strong></span> <span class='ocrx_word' id='word_1_180' title='bbox 349 1347 457 1382; x_wconf 87' lang='lat' dir='ltr'><strong>largus,</strong></span> <span class='ocrx_word' id='word_1_181' title='bbox 477 1345 606 1372; x_wconf 84' lang='lat' dir='ltr'><strong>virtutem</strong></span> <span class='ocrx_word' id='word_1_182' title='bbox 620 1348 808 1379; x_wconf 86' lang='lat' dir='ltr'><strong>capescentem</strong></span> <span class='ocrx_word' id='word_1_183' title='bbox 827 1344 870 1371; x_wconf 90' lang='lat' dir='ltr'><strong>vel</strong></span> 
     </span>
    </p>
   </div>
   <div class='ocr_carea' id='block_1_31' title="bbox 81 1389 869 1430">
    <p class='ocr_par' dir='ltr' id='par_1_31' title="bbox 81 1389 869 1430">
     <span class='ocr_line' id='line_1_31' title="bbox 81 1389 869 1430; baseline -0.009 -7"><span class='ocrx_word' id='word_1_184' title='bbox 81 1395 118 1423; x_wconf 84' lang='lat' dir='ltr'><strong>ob</strong></span> <span class='ocrx_word' id='word_1_185' title='bbox 131 1394 302 1430; x_wconf 87' lang='lat' dir='ltr'><strong>propositum</strong></span> <span class='ocrx_word' id='word_1_186' title='bbox 323 1395 495 1419; x_wconf 87' lang='lat' dir='ltr'><strong>muneratur.</strong></span> <span class='ocrx_word' id='word_1_187' title='bbox 520 1389 683 1426; x_wconf 85' lang='lat' dir='ltr'><strong>Quanquam</strong></span> <span class='ocrx_word' id='word_1_188' title='bbox 706 1397 756 1417; x_wconf 87' lang='lat' dir='ltr'><strong>nec</strong></span> <span class='ocrx_word' id='word_1_189' title='bbox 770 1389 869 1424; x_wconf 87' lang='lat' dir='ltr'><strong>depul-</strong></span> 
     </span>
    </p>
   </div>
   <div class='ocr_carea' id='block_1_32' title="bbox 81 1435 868 1474">
    <p class='ocr_par' dir='ltr' id='par_1_32' title="bbox 81 1435 868 1474">
     <span class='ocr_line' id='line_1_32' title="bbox 81 1435 868 1474; baseline -0.009 -5"><span class='ocrx_word' id='word_1_190' title='bbox 81 1447 144 1469; x_wconf 87' lang='lat' dir='ltr'><strong>sum</strong></span> <span class='ocrx_word' id='word_1_191' title='bbox 165 1444 208 1468; x_wconf 79' lang='lat' dir='ltr'><strong>est</strong></span> <span class='ocrx_word' id='word_1_192' title='bbox 234 1437 399 1474; x_wconf 89' lang='lat' dir='ltr'><strong>periculum,</strong></span> <span class='ocrx_word' id='word_1_193' title='bbox 423 1436 489 1472; x_wconf 91' lang='lat' dir='ltr'><strong>quin</strong></span> <span class='ocrx_word' id='word_1_194' title='bbox 512 1437 597 1463; x_wconf 67' lang='lat' dir='ltr'><strong>haeret</strong></span> <span class='ocrx_word' id='word_1_195' title='bbox 611 1436 695 1463; x_wconf 87' lang='lat' dir='ltr'><strong>etiam</strong></span> <span class='ocrx_word' id='word_1_196' title='bbox 720 1435 868 1470; x_wconf 87' lang='lat' dir='ltr'><strong>etiamque,</strong></span> 
     </span>
    </p>
   </div>
   <div class='ocr_carea' id='block_1_33' title="bbox 81 1481 871 1520">
    <p class='ocr_par' dir='ltr' id='par_1_33' title="bbox 81 1481 871 1520">
     <span class='ocr_line' id='line_1_33' title="bbox 81 1481 871 1520; baseline -0.006 -7"><span class='ocrx_word' id='word_1_197' title='bbox 81 1485 201 1514; x_wconf 79' lang='lat' dir='ltr'><strong>maxime</strong></span> <span class='ocrx_word' id='word_1_198' title='bbox 219 1484 294 1520; x_wconf 90' lang='lat' dir='ltr'><strong>quod</strong></span> <span class='ocrx_word' id='word_1_199' title='bbox 310 1484 397 1511; x_wconf 85' lang='lat' dir='ltr'><strong>edicta</strong></span> <span class='ocrx_word' id='word_1_200' title='bbox 418 1482 519 1517; x_wconf 83' lang='lat' dir='ltr'><strong>passim</strong></span> <span class='ocrx_word' id='word_1_201' title='bbox 535 1489 550 1510; x_wconf 86' lang='lat' dir='ltr'><strong>a</strong></span> <span class='ocrx_word' id='word_1_202' title='bbox 567 1481 737 1517; x_wconf 90' lang='lat' dir='ltr'><strong>principibus</strong></span> <span class='ocrx_word' id='word_1_203' title='bbox 752 1482 871 1509; x_wconf 84' lang='lat' dir='ltr'><strong>eduntur</strong></span> 
     </span>
    </p>
   </div>
   <div class='ocr_carea' id='block_1_34' title="bbox 81 1519 905 1566">
    <p class='ocr_par' dir='ltr' id='par_1_34' title="bbox 81 1519 905 1566">
     <span class='ocr_line' id='line_1_34' title="bbox 81 1519 905 1566; baseline -0.006 -7"><span class='ocrx_word' id='word_1_204' title='bbox 81 1539 117 1559; x_wconf 88' lang='lat' dir='ltr'><strong>ne</strong></span> <span class='ocrx_word' id='word_1_205' title='bbox 143 1531 206 1566; x_wconf 90' lang='lat' dir='ltr'><strong>quis</strong></span> <span class='ocrx_word' id='word_1_206' title='bbox 229 1519 369 1558; x_wconf 63' lang='lat' dir='ltr'><strong>haeretica:</strong></span> <span class='ocrx_word' id='word_1_207' title='bbox 399 1528 607 1557; x_wconf 86' lang='lat' dir='ltr'><strong>consuetudinis</strong></span> <span class='ocrx_word' id='word_1_208' title='bbox 641 1527 746 1555; x_wconf 81' lang='lat' dir='ltr'><strong>sinatur</strong></span> <span class='ocrx_word' id='word_1_209' title='bbox 763 1534 868 1555; x_wconf 76' lang='lat' dir='ltr'><strong>exsors.</strong></span> <span class='ocrx_word' id='word_1_210' title='bbox 883 1519 905 1549; x_wconf 69' lang='grc' dir='ltr'><strong>(ἶ</strong></span> 
     </span>
    </p>
   </div>
   <div class='ocr_carea' id='block_1_35' title="bbox 81 1573 871 1613">
    <p class='ocr_par' dir='ltr' id='par_1_35' title="bbox 81 1573 871 1613">
     <span class='ocr_line' id='line_1_35' title="bbox 81 1573 871 1613; baseline -0.009 -7"><span class='ocrx_word' id='word_1_211' title='bbox 81 1578 154 1613; x_wconf 80' lang='lat' dir='ltr'><strong>Ergo</strong></span> <span class='ocrx_word' id='word_1_212' title='bbox 179 1577 324 1605; x_wconf 88' lang='lat' dir='ltr'><strong>audiamus</strong></span> <span class='ocrx_word' id='word_1_213' title='bbox 343 1576 502 1611; x_wconf 82' lang='lat' dir='ltr'><strong>Apostolum</strong></span> <span class='ocrx_word' id='word_1_214' title='bbox 519 1575 673 1602; x_wconf 86' lang='lat' dir='ltr'><strong>dicentem:</strong></span> <span class='ocrx_word' id='word_1_215' title='bbox 693 1573 725 1600; x_wconf 86' lang='lat' dir='ltr'><strong>lu</strong></span> <span class='ocrx_word' id='word_1_216' title='bbox 738 1574 871 1607; x_wconf 79' lang='lat' dir='ltr'><strong>sapientia</strong></span> 
     </span>
    </p>
   </div>
   <div class='ocr_carea' id='block_1_36' title="bbox 81 1618 871 1656">
    <p class='ocr_par' dir='ltr' id='par_1_36' title="bbox 81 1618 871 1656">
     <span class='ocr_line' id='line_1_36' title="bbox 81 1618 871 1656; baseline -0.004 -6"><span class='ocrx_word' id='word_1_217' title='bbox 81 1623 220 1650; x_wconf 80' lang='lat' dir='ltr'><strong>ambulate</strong></span> <span class='ocrx_word' id='word_1_218' title='bbox 239 1622 275 1649; x_wconf 90' lang='lat' dir='ltr'><strong>ad</strong></span> <span class='ocrx_word' id='word_1_219' title='bbox 291 1630 334 1649; x_wconf 84' lang='lat' dir='ltr'><strong>eos</strong></span> <span class='ocrx_word' id='word_1_220' title='bbox 346 1622 391 1656; x_wconf 86' lang='lat' dir='ltr'><strong>qui</strong></span> <span class='ocrx_word' id='word_1_221' title='bbox 405 1621 472 1656; x_wconf 81' lang='lat' dir='ltr'><strong>foris</strong></span> <span class='ocrx_word' id='word_1_222' title='bbox 488 1624 562 1654; x_wconf 83' lang='lat' dir='ltr'><strong>sunt,</strong></span> <span class='ocrx_word' id='word_1_223' title='bbox 587 1625 686 1653; x_wconf 88' lang='lat' dir='ltr'><strong>tentpus</strong></span> <span class='ocrx_word' id='word_1_224' title='bbox 703 1618 871 1647; x_wconf 81' lang='lat' dir='ltr'><strong>redimentes.</strong></span> 
     </span>
    </p>
   </div>
   <div class='ocr_carea' id='block_1_37' title="bbox 81 1665 872 1702">
    <p class='ocr_par' dir='ltr' id='par_1_37' title="bbox 81 1665 872 1702">
     <span class='ocr_line' id='line_1_37' title="bbox 81 1665 872 1702; baseline -0.006 -6"><span class='ocrx_word' id='word_1_225' title='bbox 81 1668 176 1697; x_wconf 83' lang='lat' dir='ltr'><strong>Sermo</strong></span> <span class='ocrx_word' id='word_1_226' title='bbox 191 1673 274 1695; x_wconf 79' lang='lat' dir='ltr'><strong>vester</strong></span> <span class='ocrx_word' id='word_1_227' title='bbox 288 1675 389 1701; x_wconf 90' lang='lat' dir='ltr'><strong>semper</strong></span> <span class='ocrx_word' id='word_1_228' title='bbox 414 1667 440 1693; x_wconf 87' lang='lat' dir='ltr'><strong>ia</strong></span> <span class='ocrx_word' id='word_1_229' title='bbox 454 1666 543 1702; x_wconf 85' lang='lat' dir='ltr'><strong>gratia</strong></span> <span class='ocrx_word' id='word_1_230' title='bbox 559 1667 616 1693; x_wconf 78' lang='lat' dir='ltr'><strong>sate</strong></span> <span class='ocrx_word' id='word_1_231' title='bbox 638 1666 673 1692; x_wconf 86' lang='lat' dir='ltr'><strong>sit</strong></span> <span class='ocrx_word' id='word_1_232' title='bbox 696 1665 828 1696; x_wconf 81' lang='lat' dir='ltr'><strong>conditus,</strong></span> <span class='ocrx_word' id='word_1_233' title='bbox 843 1669 872 1691; x_wconf 86' lang='lat' dir='ltr'><strong>ut</strong></span> 
     </span>
    </p>
   </div>
   <div class='ocr_carea' id='block_1_38' title="bbox 80 1710 871 1749">
    <p class='ocr_par' dir='ltr' id='par_1_38' title="bbox 80 1710 871 1749">
     <span class='ocr_line' id='line_1_38' title="bbox 80 1710 871 1749; baseline -0.008 -7"><span class='ocrx_word' id='word_1_234' title='bbox 80 1715 175 1742; x_wconf 79' lang='lat' dir='ltr'><strong>sciatis</strong></span> <span class='ocrx_word' id='word_1_235' title='bbox 186 1713 316 1749; x_wconf 83' lang='lat' dir='ltr'><strong>quomodo</strong></span> <span class='ocrx_word' id='word_1_236' title='bbox 328 1717 445 1747; x_wconf 78' lang='lat' dir='ltr'><strong>oporteat</strong></span> <span class='ocrx_word' id='word_1_237' title='bbox 458 1720 502 1739; x_wconf 76' lang='lat' dir='ltr'><strong>vos</strong></span> <span class='ocrx_word' id='word_1_238' title='bbox 518 1711 659 1746; x_wconf 79' lang='lat' dir='ltr'><strong>unicuique</strong></span> <span class='ocrx_word' id='word_1_239' title='bbox 675 1710 828 1744; x_wconf 77' lang='lat' dir='ltr'><strong>respondere</strong></span> <span class='ocrx_word' id='word_1_240' title='bbox 837 1710 871 1743; x_wconf 70' lang='lat'><strong>7°,</strong></span> 
     </span>
    </p>
   </div>
   <div class='ocr_carea' id='block_1_39' title="bbox 80 1756 872 1796">
    <p class='ocr_par' dir='ltr' id='par_1_39' title="bbox 80 1756 872 1796">
     <span class='ocr_line' id='line_1_39' title="bbox 80 1756 872 1796; baseline -0.005 -8"><span class='ocrx_word' id='word_1_241' title='bbox 80 1769 136 1796; x_wconf 87' lang='lat' dir='ltr'><strong>qua</strong></span> <span class='ocrx_word' id='word_1_242' title='bbox 164 1759 301 1788; x_wconf 83' lang='lat' dir='ltr'><strong>sententia</strong></span> <span class='ocrx_word' id='word_1_243' title='bbox 341 1759 422 1786; x_wconf 90' lang='lat' dir='ltr'><strong>docet</strong></span> <span class='ocrx_word' id='word_1_244' title='bbox 448 1765 498 1786; x_wconf 90' lang='lat' dir='ltr'><strong>nec</strong></span> <span class='ocrx_word' id='word_1_245' title='bbox 529 1762 632 1785; x_wconf 86' lang='lat' dir='ltr'><strong>temere</strong></span> <span class='ocrx_word' id='word_1_246' title='bbox 657 1764 708 1784; x_wconf 87' lang='lat' dir='ltr'><strong>nos</strong></span> <span class='ocrx_word' id='word_1_247' title='bbox 743 1756 872 1791; x_wconf 85' lang='lat' dir='ltr'><strong>periculis</strong></span> 
     </span>
    </p>
   </div>
   <div class='ocr_carea' id='block_1_40' title="bbox 80 1802 870 1842">
    <p class='ocr_par' dir='ltr' id='par_1_40' title="bbox 80 1802 870 1842">
     <span class='ocr_line' id='line_1_40' title="bbox 80 1802 870 1842; baseline -0.008 -8"><span class='ocrx_word' id='word_1_248' title='bbox 80 1807 235 1842; x_wconf 84' lang='lat' dir='ltr'><strong>objectare,</strong></span> <span class='ocrx_word' id='word_1_249' title='bbox 262 1812 313 1832; x_wconf 90' lang='lat' dir='ltr'><strong>nec</strong></span> <span class='ocrx_word' id='word_1_250' title='bbox 336 1812 444 1832; x_wconf 92' lang='lat' dir='ltr'><strong>rursutn</strong></span> <span class='ocrx_word' id='word_1_251' title='bbox 469 1803 518 1831; x_wconf 90' lang='lat' dir='ltr'><strong>Dei</strong></span> <span class='ocrx_word' id='word_1_252' title='bbox 543 1810 695 1830; x_wconf 84' lang='lat' dir='ltr'><strong>sermonem</strong></span> <span class='ocrx_word' id='word_1_253' title='bbox 721 1802 870 1834; x_wconf 84' lang='lat' dir='ltr'><strong>subticere;</strong></span> 
     </span>
    </p>
   </div>
   <div class='ocr_carea' id='block_1_41' title="bbox 79 1848 873 1885">
    <p class='ocr_par' dir='ltr' id='par_1_41' title="bbox 79 1848 873 1885">
     <span class='ocr_line' id='line_1_41' title="bbox 79 1848 873 1885; baseline -0.008 -5"><span class='ocrx_word' id='word_1_254' title='bbox 79 1861 147 1880; x_wconf 86' lang='lat' dir='ltr'><strong>nam</strong></span> <span class='ocrx_word' id='word_1_255' title='bbox 175 1851 253 1885; x_wconf 82' lang='lat' dir='ltr'><strong>Quod</strong></span> <span class='ocrx_word' id='word_1_256' title='bbox 269 1852 292 1878; x_wconf 91' lang='lat' dir='ltr'><strong>si</strong></span> <span class='ocrx_word' id='word_1_257' title='bbox 309 1850 470 1878; x_wconf 72' lang='lat' dir='ltr'><strong>subtraxerit</strong></span> <span class='ocrx_word' id='word_1_258' title='bbox 494 1857 532 1882; x_wconf 90' lang='lat' dir='ltr'><strong>se,</strong></span> <span class='ocrx_word' id='word_1_259' title='bbox 562 1849 662 1884; x_wconf 85' lang='lat' dir='ltr'><strong>inquit,</strong></span> <span class='ocrx_word' id='word_1_260' title='bbox 683 1857 735 1875; x_wconf 88' lang='lat' dir='ltr'><strong>non</strong></span> <span class='ocrx_word' id='word_1_261' title='bbox 759 1848 873 1882; x_wconf 83' lang='lat' dir='ltr'><strong>placebit</strong></span> 
     </span>
    </p>
   </div>
   <div class='ocr_carea' id='block_1_42' title="bbox 78 1895 871 1931">
    <p class='ocr_par' dir='ltr' id='par_1_42' title="bbox 78 1895 871 1931">
     <span class='ocr_line' id='line_1_42' title="bbox 78 1895 871 1931; baseline -0.008 -6"><span class='ocrx_word' id='word_1_262' title='bbox 78 1899 182 1925; x_wconf 71' lang='lat' dir='ltr'><strong>animat</strong></span> <span class='ocrx_word' id='word_1_263' title='bbox 199 1897 302 1924; x_wconf 61' lang='lat' dir='ltr'><strong>metu&quot;.</strong></span> <span class='ocrx_word' id='word_1_264' title='bbox 327 1896 414 1931; x_wconf 81' lang='lat' dir='ltr'><strong>Atque</strong></span> <span class='ocrx_word' id='word_1_265' title='bbox 431 1895 489 1922; x_wconf 74' lang='lat' dir='ltr'><strong>hzec</strong></span> <span class='ocrx_word' id='word_1_266' title='bbox 506 1895 638 1922; x_wconf 86' lang='lat' dir='ltr'><strong>hactenus</strong></span> <span class='ocrx_word' id='word_1_267' title='bbox 651 1914 658 1926; x_wconf 92' lang='lat'><strong>,</strong></span> <span class='ocrx_word' id='word_1_268' title='bbox 680 1902 753 1921; x_wconf 93' lang='lat' dir='ltr'><strong>nunc</strong></span> <span class='ocrx_word' id='word_1_269' title='bbox 774 1900 871 1928; x_wconf 90' lang='lat' dir='ltr'><strong>prove-</strong></span> 
     </span>
    </p>
   </div>
   <div class='ocr_carea' id='block_1_43' title="bbox 77 1939 873 1977">
    <p class='ocr_par' dir='ltr' id='par_1_43' title="bbox 77 1939 873 1977">
     <span class='ocr_line' id='line_1_43' title="bbox 77 1939 873 1977; baseline -0.008 -5"><span class='ocrx_word' id='word_1_270' title='bbox 77 1949 158 1972; x_wconf 86' lang='lat' dir='ltr'><strong>ctum</strong></span> <span class='ocrx_word' id='word_1_271' title='bbox 175 1942 312 1977; x_wconf 83' lang='lat' dir='ltr'><strong>jejunium</strong></span> <span class='ocrx_word' id='word_1_272' title='bbox 334 1947 386 1972; x_wconf 87' lang='lat' dir='ltr'><strong>est.</strong></span> <span class='ocrx_word' id='word_1_273' title='bbox 414 1949 446 1969; x_wconf 93' lang='lat' dir='ltr'><strong>ac</strong></span> <span class='ocrx_word' id='word_1_274' title='bbox 461 1941 549 1976; x_wconf 83' lang='lat' dir='ltr'><strong>magis</strong></span> <span class='ocrx_word' id='word_1_275' title='bbox 572 1939 713 1976; x_wconf 74' lang='lat' dir='ltr'><strong>magisque</strong></span> <span class='ocrx_word' id='word_1_276' title='bbox 731 1939 873 1967; x_wconf 88' lang='lat' dir='ltr'><strong>nosinsti-</strong></span> 
     </span>
    </p>
   </div>
   <div class='ocr_carea' id='block_1_44' title="bbox 76 1984 871 2025">
    <p class='ocr_par' dir='ltr' id='par_1_44' title="bbox 76 1984 871 2025">
     <span class='ocr_line' id='line_1_44' title="bbox 76 1984 871 2025; baseline -0.008 -8"><span class='ocrx_word' id='word_1_277' title='bbox 76 1994 127 2025; x_wconf 87' lang='lat' dir='ltr'><strong>gat</strong></span> <span class='ocrx_word' id='word_1_278' title='bbox 143 1989 195 2016; x_wconf 89' lang='lat' dir='ltr'><strong>niti</strong></span> <span class='ocrx_word' id='word_1_279' title='bbox 215 1987 342 2015; x_wconf 84' lang='lat' dir='ltr'><strong>alacriter</strong></span> <span class='ocrx_word' id='word_1_280' title='bbox 363 1987 390 2013; x_wconf 95' lang='lat' dir='ltr'><strong>in</strong></span> <span class='ocrx_word' id='word_1_281' title='bbox 408 1991 558 2021; x_wconf 90' lang='lat' dir='ltr'><strong>posterum,</strong></span> <span class='ocrx_word' id='word_1_282' title='bbox 579 1990 609 2012; x_wconf 92' lang='lat' dir='ltr'><strong>ut</strong></span> <span class='ocrx_word' id='word_1_283' title='bbox 621 1985 720 2020; x_wconf 91' lang='lat' dir='ltr'><strong>cuique</strong></span> <span class='ocrx_word' id='word_1_284' title='bbox 736 1984 871 2016; x_wconf 87' lang='lat' dir='ltr'><strong>videatur,</strong></span> 
     </span>
    </p>
   </div>
   <div class='ocr_carea' id='block_1_45' title="bbox 75 2031 871 2068">
    <p class='ocr_par' dir='ltr' id='par_1_45' title="bbox 75 2031 871 2068">
     <span class='ocr_line' id='line_1_45' title="bbox 75 2031 871 2068; baseline -0.008 -5"><span class='ocrx_word' id='word_1_285' title='bbox 75 2043 137 2063; x_wconf 89' lang='lat' dir='ltr'><strong>non</strong></span> <span class='ocrx_word' id='word_1_286' title='bbox 152 2035 258 2068; x_wconf 85' lang='lat' dir='ltr'><strong>tristes,</strong></span> <span class='ocrx_word' id='word_1_287' title='bbox 275 2037 322 2060; x_wconf 89' lang='lat' dir='ltr'><strong>aut</strong></span> <span class='ocrx_word' id='word_1_288' title='bbox 336 2037 456 2060; x_wconf 86' lang='lat' dir='ltr'><strong>coactos.</strong></span> <span class='ocrx_word' id='word_1_289' title='bbox 469 2031 587 2059; x_wconf 87' lang='lat' dir='ltr'><strong>Hilarem</strong></span> <span class='ocrx_word' id='word_1_290' title='bbox 602 2031 675 2058; x_wconf 89' lang='lat' dir='ltr'><strong>enim</strong></span> <span class='ocrx_word' id='word_1_291' title='bbox 688 2031 871 2065; x_wconf 89' lang='lat' dir='ltr'><strong>jejunatorem</strong></span> 
     </span>
    </p>
   </div>
   <div class='ocr_carea' id='block_1_46' title="bbox 74 2076 873 2112">
    <p class='ocr_par' dir='ltr' id='par_1_46' title="bbox 74 2076 873 2112">
     <span class='ocr_line' id='line_1_46' title="bbox 74 2076 873 2112; baseline -0.009 -3"><span class='ocrx_word' id='word_1_292' title='bbox 74 2086 157 2110; x_wconf 79' lang='lat' dir='ltr'><strong>amat</strong></span> <span class='ocrx_word' id='word_1_293' title='bbox 182 2080 267 2108; x_wconf 85' lang='lat' dir='ltr'><strong>Deus.</strong></span> <span class='ocrx_word' id='word_1_294' title='bbox 290 2079 345 2107; x_wconf 86' lang='lat' dir='ltr'><strong>Etsi</strong></span> <span class='ocrx_word' id='word_1_295' title='bbox 369 2078 527 2106; x_wconf 71' lang='lat' dir='ltr'><strong>coenobiaca</strong></span> <span class='ocrx_word' id='word_1_296' title='bbox 549 2077 642 2112; x_wconf 80' lang='lat' dir='ltr'><strong>regula</strong></span> <span class='ocrx_word' id='word_1_297' title='bbox 670 2081 717 2104; x_wconf 88' lang='lat' dir='ltr'><strong>aut</strong></span> <span class='ocrx_word' id='word_1_298' title='bbox 739 2076 873 2111; x_wconf 86' lang='lat' dir='ltr'><strong>permittit</strong></span> 
     </span>
    </p>
   </div>
   <div class='ocr_carea' id='block_1_47' title="bbox 74 2123 872 2162">
    <p class='ocr_par' dir='ltr' id='par_1_47' title="bbox 74 2123 872 2162">
     <span class='ocr_line' id='line_1_47' title="bbox 74 2123 872 2162; baseline -0.009 -6"><span class='ocrx_word' id='word_1_299' title='bbox 74 2136 111 2156; x_wconf 82' lang='lat' dir='ltr'><strong>ex</strong></span> <span class='ocrx_word' id='word_1_300' title='bbox 126 2135 180 2156; x_wconf 89' lang='lat' dir='ltr'><strong>sua</strong></span> <span class='ocrx_word' id='word_1_301' title='bbox 200 2133 337 2162; x_wconf 90' lang='lat' dir='ltr'><strong>quemque</strong></span> <span class='ocrx_word' id='word_1_302' title='bbox 357 2125 467 2152; x_wconf 89' lang='lat' dir='ltr'><strong>libidine</strong></span> <span class='ocrx_word' id='word_1_303' title='bbox 491 2123 558 2159; x_wconf 84' lang='lat' dir='ltr'><strong>regi,</strong></span> <span class='ocrx_word' id='word_1_304' title='bbox 583 2130 732 2157; x_wconf 85' lang='lat' dir='ltr'><strong>normaque</strong></span> <span class='ocrx_word' id='word_1_305' title='bbox 759 2123 817 2150; x_wconf 73' lang='lat' dir='ltr'><strong>inec</strong></span> <span class='ocrx_word' id='word_1_306' title='bbox 831 2126 872 2149; x_wconf 85' lang='lat' dir='ltr'><strong>est</strong></span> 
     </span>
    </p>
   </div>
   <div class='ocr_carea' id='block_1_48' title="bbox 73 2168 871 2204">
    <p class='ocr_par' dir='ltr' id='par_1_48' title="bbox 73 2168 871 2204">
     <span class='ocr_line' id='line_1_48' title="bbox 73 2168 871 2204; baseline -0.008 -3"><span class='ocrx_word' id='word_1_307' title='bbox 73 2173 262 2202; x_wconf 62' lang='lat' dir='ltr'><strong>continentiae</strong></span> <span class='ocrx_word' id='word_1_308' title='bbox 284 2171 401 2199; x_wconf 87' lang='lat' dir='ltr'><strong>subditis</strong></span> <span class='ocrx_word' id='word_1_309' title='bbox 420 2170 586 2201; x_wconf 87' lang='lat' dir='ltr'><strong>communis,</strong></span> <span class='ocrx_word' id='word_1_310' title='bbox 611 2169 730 2204; x_wconf 78' lang='lat' dir='ltr'><strong>proprite</strong></span> <span class='ocrx_word' id='word_1_311' title='bbox 742 2168 871 2196; x_wconf 89' lang='lat' dir='ltr'><strong>coercitio</strong></span> 
     </span>
    </p>
   </div>
   <div class='ocr_carea' id='block_1_49' title="bbox 73 2214 871 2252">
    <p class='ocr_par' dir='ltr' id='par_1_49' title="bbox 73 2214 871 2252">
     <span class='ocr_line' id='line_1_49' title="bbox 73 2214 871 2252; baseline -0.008 -6"><span class='ocrx_word' id='word_1_312' title='bbox 73 2218 246 2247; x_wconf 82' lang='lat' dir='ltr'><strong>voluntatis.</strong></span> <span class='ocrx_word' id='word_1_313' title='bbox 260 2216 344 2252; x_wconf 79' lang='lat' dir='ltr'><strong>Igitur</strong></span> <span class='ocrx_word' id='word_1_314' title='bbox 359 2216 489 2244; x_wconf 81' lang='lat' dir='ltr'><strong>eximium</strong></span> <span class='ocrx_word' id='word_1_315' title='bbox 503 2218 545 2242; x_wconf 90' lang='lat' dir='ltr'><strong>est</strong></span> <span class='ocrx_word' id='word_1_316' title='bbox 557 2214 703 2249; x_wconf 83' lang='lat' dir='ltr'><strong>jejunium,</strong></span> <span class='ocrx_word' id='word_1_317' title='bbox 716 2214 788 2248; x_wconf 86' lang='lat' dir='ltr'><strong>quod</strong></span> <span class='ocrx_word' id='word_1_318' title='bbox 808 2214 871 2241; x_wconf 88' lang='lat' dir='ltr'><strong>vitia</strong></span> 
     </span>
    </p>
   </div>
   <div class='ocr_carea' id='block_1_50' title="bbox 72 2260 870 2299">
    <p class='ocr_par' dir='ltr' id='par_1_50' title="bbox 72 2260 870 2299">
     <span class='ocr_line' id='line_1_50' title="bbox 72 2260 870 2299; baseline -0.006 -7"><span class='ocrx_word' id='word_1_319' title='bbox 72 2265 187 2296; x_wconf 87' lang='lat' dir='ltr'><strong>domet.</strong></span> <span class='ocrx_word' id='word_1_320' title='bbox 204 2264 366 2299; x_wconf 87' lang='lat' dir='ltr'><strong>subigalque</strong></span> <span class='ocrx_word' id='word_1_321' title='bbox 380 2261 489 2297; x_wconf 86' lang='lat' dir='ltr'><strong>spiritui</strong></span> <span class='ocrx_word' id='word_1_322' title='bbox 505 2269 633 2294; x_wconf 88' lang='lat' dir='ltr'><strong>carnem;</strong></span> <span class='ocrx_word' id='word_1_323' title='bbox 657 2260 764 2288; x_wconf 75' lang='lat' dir='ltr'><strong>eximite</strong></span> <span class='ocrx_word' id='word_1_324' title='bbox 782 2260 870 2295; x_wconf 85' lang='lat' dir='ltr'><strong>lacry-</strong></span> 
     </span>
    </p>
   </div>
   <div class='ocr_carea' id='block_1_51' title="bbox 71 2306 872 2345">
    <p class='ocr_par' dir='ltr' id='par_1_51' title="bbox 71 2306 872 2345">
     <span class='ocr_line' id='line_1_51' title="bbox 71 2306 872 2345; baseline -0.007 -7"><span class='ocrx_word' id='word_1_325' title='bbox 71 2318 143 2343; x_wconf 67' lang='lat' dir='ltr'><strong>me,</strong></span> <span class='ocrx_word' id='word_1_326' title='bbox 168 2317 231 2345; x_wconf 71' lang='lat' dir='ltr'><strong>quae</strong></span> <span class='ocrx_word' id='word_1_327' title='bbox 255 2309 376 2336; x_wconf 89' lang='lat' dir='ltr'><strong>animum</strong></span> <span class='ocrx_word' id='word_1_328' title='bbox 398 2308 522 2339; x_wconf 90' lang='lat' dir='ltr'><strong>abluant,</strong></span> <span class='ocrx_word' id='word_1_329' title='bbox 553 2311 581 2334; x_wconf 89' lang='lat' dir='ltr'><strong>et</strong></span> <span class='ocrx_word' id='word_1_330' title='bbox 595 2310 781 2341; x_wconf 84' lang='lat' dir='ltr'><strong>extergeanta</strong></span> <span class='ocrx_word' id='word_1_331' title='bbox 795 2306 872 2341; x_wconf 83' lang='lat' dir='ltr'><strong>ﬂagi-</strong></span> 
     </span>
    </p>
   </div>
   <div class='ocr_carea' id='block_1_52' title="bbox 72 2353 868 2391">
    <p class='ocr_par' dir='ltr' id='par_1_52' title="bbox 72 2353 868 2391">
     <span class='ocr_line' id='line_1_52' title="bbox 72 2353 868 2391; baseline -0.005 -7"><span class='ocrx_word' id='word_1_332' title='bbox 72 2358 135 2389; x_wconf 80' lang='lat' dir='ltr'><strong>tiis,</strong></span> <span class='ocrx_word' id='word_1_333' title='bbox 163 2364 318 2391; x_wconf 85' lang='lat' dir='ltr'><strong>purumque</strong></span> <span class='ocrx_word' id='word_1_334' title='bbox 337 2358 497 2390; x_wconf 90' lang='lat' dir='ltr'><strong>comparent</strong></span> <span class='ocrx_word' id='word_1_335' title='bbox 519 2353 584 2386; x_wconf 87' lang='lat' dir='ltr'><strong>Deo,</strong></span> <span class='ocrx_word' id='word_1_336' title='bbox 613 2353 714 2380; x_wconf 77' lang='lat' dir='ltr'><strong>eximia</strong></span> <span class='ocrx_word' id='word_1_337' title='bbox 741 2360 868 2387; x_wconf 85' lang='lat' dir='ltr'><strong>compre-</strong></span> 
     </span>
    </p>
   </div>
   <div class='ocr_carea' id='block_1_53' title="bbox 72 2399 871 2437">
    <p class='ocr_par' dir='ltr' id='par_1_53' title="bbox 72 2399 871 2437">
     <span class='ocr_line' id='line_1_53' title="bbox 72 2399 871 2437; baseline -0.006 -6"><span class='ocrx_word' id='word_1_338' title='bbox 72 2404 165 2435; x_wconf 83' lang='lat' dir='ltr'><strong>catio,</strong></span> <span class='ocrx_word' id='word_1_339' title='bbox 183 2410 246 2437; x_wconf 75' lang='lat' dir='ltr'><strong>qua:</strong></span> <span class='ocrx_word' id='word_1_340' title='bbox 264 2406 380 2429; x_wconf 92' lang='lat' dir='ltr'><strong>mentem</strong></span> <span class='ocrx_word' id='word_1_341' title='bbox 395 2401 524 2436; x_wconf 87' lang='lat' dir='ltr'><strong>aligeram</strong></span> <span class='ocrx_word' id='word_1_342' title='bbox 542 2404 661 2435; x_wconf 63' lang='lat' dir='ltr'><strong>priestet,</strong></span> <span class='ocrx_word' id='word_1_343' title='bbox 676 2407 709 2427; x_wconf 86' lang='lat' dir='ltr'><strong>ac</strong></span> <span class='ocrx_word' id='word_1_344' title='bbox 721 2399 871 2427; x_wconf 87' lang='lat' dir='ltr'><strong>contuber-</strong></span> 
     </span>
    </p>
   </div>
   <div class='ocr_carea' id='block_1_54' title="bbox 72 2445 869 2481">
    <p class='ocr_par' dir='ltr' id='par_1_54' title="bbox 72 2445 869 2481">
     <span class='ocr_line' id='line_1_54' title="bbox 72 2445 869 2481; baseline -0.006 -4"><span class='ocrx_word' id='word_1_345' title='bbox 72 2451 172 2477; x_wconf 79' lang='lat' dir='ltr'><strong>nalem</strong></span> <span class='ocrx_word' id='word_1_346' title='bbox 195 2448 252 2475; x_wconf 89' lang='lat' dir='ltr'><strong>Deo</strong></span> <span class='ocrx_word' id='word_1_347' title='bbox 278 2447 373 2474; x_wconf 88' lang='lat' dir='ltr'><strong>reddat</strong></span> <span class='ocrx_word' id='word_1_348' title='bbox 388 2447 506 2474; x_wconf 78' lang='lat' dir='ltr'><strong>eximius</strong></span> <span class='ocrx_word' id='word_1_349' title='bbox 526 2454 614 2479; x_wconf 80' lang='lat' dir='ltr'><strong>amor,</strong></span> <span class='ocrx_word' id='word_1_350' title='bbox 635 2445 683 2481; x_wconf 88' lang='lat' dir='ltr'><strong>qui</strong></span> <span class='ocrx_word' id='word_1_351' title='bbox 700 2453 749 2473; x_wconf 89' lang='lat' dir='ltr'><strong>sua</strong></span> <span class='ocrx_word' id='word_1_352' title='bbox 767 2446 869 2480; x_wconf 89' lang='lat' dir='ltr'><strong>passim</strong></span> 
     </span>
    </p>
   </div>
   <div class='ocr_carea' id='block_1_55' title="bbox 72 2490 872 2529">
    <p class='ocr_par' dir='ltr' id='par_1_55' title="bbox 72 2490 872 2529">
     <span class='ocr_line' id='line_1_55' title="bbox 72 2490 872 2529; baseline -0.004 -9"><span class='ocrx_word' id='word_1_353' title='bbox 72 2494 107 2520; x_wconf 87' lang='lat' dir='ltr'><strong>ad</strong></span> <span class='ocrx_word' id='word_1_354' title='bbox 123 2492 250 2529; x_wconf 79' lang='lat' dir='ltr'><strong>proximi</strong></span> <span class='ocrx_word' id='word_1_355' title='bbox 265 2491 370 2527; x_wconf 78' lang='lat' dir='ltr'><strong>frugem</strong></span> <span class='ocrx_word' id='word_1_356' title='bbox 386 2491 525 2526; x_wconf 86' lang='lat' dir='ltr'><strong>negligat;</strong></span> <span class='ocrx_word' id='word_1_357' title='bbox 538 2490 638 2518; x_wconf 75' lang='lat' dir='ltr'><strong>eximia</strong></span> <span class='ocrx_word' id='word_1_358' title='bbox 656 2490 796 2523; x_wconf 78' lang='lat' dir='ltr'><strong>alacritas,</strong></span> <span class='ocrx_word' id='word_1_359' title='bbox 812 2498 872 2526; x_wconf 69' lang='lat' dir='ltr'><strong>quae</strong></span> 
     </span>
    </p>
   </div>
   <div class='ocr_carea' id='block_1_56' title="bbox 72 2535 870 2572">
    <p class='ocr_par' dir='ltr' id='par_1_56' title="bbox 72 2535 870 2572">
     <span class='ocr_line' id='line_1_56' title="bbox 72 2535 870 2572; baseline -0.003 -7"><span class='ocrx_word' id='word_1_360' title='bbox 72 2538 193 2566; x_wconf 80' lang='lat' dir='ltr'><strong>labores</strong></span> <span class='ocrx_word' id='word_1_361' title='bbox 219 2537 314 2569; x_wconf 88' lang='lat' dir='ltr'><strong>leniat,</strong></span> <span class='ocrx_word' id='word_1_362' title='bbox 340 2537 476 2572; x_wconf 81' lang='lat' dir='ltr'><strong>quasique</strong></span> <span class='ocrx_word' id='word_1_363' title='bbox 492 2537 605 2572; x_wconf 87' lang='lat' dir='ltr'><strong>juventa</strong></span> <span class='ocrx_word' id='word_1_364' title='bbox 622 2536 742 2563; x_wconf 89' lang='lat' dir='ltr'><strong>animttm</strong></span> <span class='ocrx_word' id='word_1_365' title='bbox 757 2535 870 2569; x_wconf 88' lang='lat' dir='ltr'><strong>imbuat,</strong></span> 
     </span>
    </p>
   </div>
   <div class='ocr_carea' id='block_1_57' title="bbox 72 2580 870 2617">
    <p class='ocr_par' dir='ltr' id='par_1_57' title="bbox 72 2580 870 2617">
     <span class='ocr_line' id='line_1_57' title="bbox 72 2580 870 2617; baseline -0.005 -6"><span class='ocrx_word' id='word_1_366' title='bbox 72 2591 175 2611; x_wconf 84' lang='lat' dir='ltr'><strong>senem</strong></span> <span class='ocrx_word' id='word_1_367' title='bbox 205 2583 301 2610; x_wconf 87' lang='lat' dir='ltr'><strong>molita</strong></span> <span class='ocrx_word' id='word_1_368' title='bbox 327 2582 466 2617; x_wconf 85' lang='lat' dir='ltr'><strong>juvenem.</strong></span> <span class='ocrx_word' id='word_1_369' title='bbox 496 2581 680 2615; x_wconf 81' lang='lat' dir='ltr'><strong>Quamobrem</strong></span> <span class='ocrx_word' id='word_1_370' title='bbox 718 2580 782 2613; x_wconf 73' lang='lat' dir='ltr'><strong>lteti,</strong></span> <span class='ocrx_word' id='word_1_371' title='bbox 811 2581 870 2608; x_wconf 89' lang='lat' dir='ltr'><strong>ala-</strong></span> 
     </span>
    </p>
   </div>
   <div class='ocr_carea' id='block_1_58' title="bbox 71 2627 870 2665">
    <p class='ocr_par' dir='ltr' id='par_1_58' title="bbox 71 2627 870 2665">
     <span class='ocr_line' id='line_1_58' title="bbox 71 2627 870 2665; baseline -0.004 -8"><span class='ocrx_word' id='word_1_372' title='bbox 71 2637 198 2665; x_wconf 83' lang='lat' dir='ltr'><strong>cresque</strong></span> <span class='ocrx_word' id='word_1_373' title='bbox 213 2630 313 2661; x_wconf 80' lang='lat' dir='ltr'><strong>simus,</strong></span> <span class='ocrx_word' id='word_1_374' title='bbox 335 2633 443 2663; x_wconf 88' lang='lat' dir='ltr'><strong>tempus</strong></span> <span class='ocrx_word' id='word_1_375' title='bbox 456 2631 498 2655; x_wconf 87' lang='lat' dir='ltr'><strong>est</strong></span> <span class='ocrx_word' id='word_1_376' title='bbox 513 2627 690 2662; x_wconf 79' lang='lat' dir='ltr'><strong>psalmodite;</strong></span> <span class='ocrx_word' id='word_1_377' title='bbox 706 2627 870 2662; x_wconf 88' lang='lat' dir='ltr'><strong>prodeamus</strong></span> 
     </span>
    </p>
   </div>
   <div class='ocr_carea' id='block_1_59' title="bbox 71 2672 871 2710">
    <p class='ocr_par' dir='ltr' id='par_1_59' title="bbox 71 2672 871 2710">
     <span class='ocr_line' id='line_1_59' title="bbox 71 2672 871 2710; baseline -0.006 -7"><span class='ocrx_word' id='word_1_378' title='bbox 71 2676 214 2707; x_wconf 82' lang='lat' dir='ltr'><strong>studiose,</strong></span> <span class='ocrx_word' id='word_1_379' title='bbox 231 2674 351 2710; x_wconf 81' lang='lat' dir='ltr'><strong>opiﬁcii;</strong></span> <span class='ocrx_word' id='word_1_380' title='bbox 368 2681 513 2708; x_wconf 86' lang='lat' dir='ltr'><strong>operemur</strong></span> <span class='ocrx_word' id='word_1_381' title='bbox 525 2673 629 2705; x_wconf 86' lang='lat' dir='ltr'><strong>sedulo,</strong></span> <span class='ocrx_word' id='word_1_382' title='bbox 648 2672 766 2705; x_wconf 85' lang='lat' dir='ltr'><strong>silentii;</strong></span> <span class='ocrx_word' id='word_1_383' title='bbox 791 2672 871 2699; x_wconf 86' lang='lat' dir='ltr'><strong>silea-</strong></span> 
     </span>
    </p>
   </div>
   <div class='ocr_carea' id='block_1_60' title="bbox 71 2717 870 2755">
    <p class='ocr_par' dir='ltr' id='par_1_60' title="bbox 71 2717 870 2755">
     <span class='ocr_line' id='line_1_60' title="bbox 71 2717 870 2755; baseline -0.004 -7"><span class='ocrx_word' id='word_1_384' title='bbox 71 2729 140 2749; x_wconf 84' lang='lat' dir='ltr'><strong>mus</strong></span> <span class='ocrx_word' id='word_1_385' title='bbox 161 2721 287 2754; x_wconf 81' lang='lat' dir='ltr'><strong>honeste,</strong></span> <span class='ocrx_word' id='word_1_386' title='bbox 303 2719 438 2755; x_wconf 88' lang='lat' dir='ltr'><strong>alloquii?</strong></span> <span class='ocrx_word' id='word_1_387' title='bbox 464 2719 637 2753; x_wconf 87' lang='lat' dir='ltr'><strong>alloquamur</strong></span> <span class='ocrx_word' id='word_1_388' title='bbox 659 2717 870 2753; x_wconf 86' lang='lat' dir='ltr'><strong>circumspecte,</strong></span> 
     </span>
    </p>
   </div>
   <div class='ocr_carea' id='block_1_61' title="bbox 119 2788 712 2825">
    <p class='ocr_par' dir='ltr' id='par_1_61' title="bbox 119 2788 712 2825">
     <span class='ocr_line' id='line_1_61' title="bbox 119 2788 712 2825; baseline -0.005 -7"><span class='ocrx_word' id='word_1_389' title='bbox 119 2793 146 2809; x_wconf 79' lang='grc' dir='ltr'><strong>⁷ο</strong></span> <span class='ocrx_word' id='word_1_390' title='bbox 164 2791 272 2821; x_wconf 83' lang='lat' dir='ltr'><strong>Coloss.</strong></span> <span class='ocrx_word' id='word_1_391' title='bbox 295 2798 333 2824; x_wconf 84' lang='lat' dir='ltr'><strong>tv,</strong></span> <span class='ocrx_word' id='word_1_392' title='bbox 355 2790 382 2825; x_wconf 83' lang='lat'><strong>5,</strong></span> <span class='ocrx_word' id='word_1_393' title='bbox 398 2790 424 2818; x_wconf 87' lang='lat'><strong>6.</strong></span> <span class='ocrx_word' id='word_1_394' title='bbox 478 2789 499 2806; x_wconf 83' lang='lat'>“</span> <span class='ocrx_word' id='word_1_395' title='bbox 524 2788 606 2817; x_wconf 88' lang='lat' dir='ltr'><strong>Hebr.</strong></span> <span class='ocrx_word' id='word_1_396' title='bbox 620 2797 646 2821; x_wconf 71' lang='grc' dir='ltr'><strong>κ,</strong></span> <span class='ocrx_word' id='word_1_397' title='bbox 667 2788 712 2816; x_wconf 75' lang='lat'><strong>38.</strong></span> 
     </span>
    </p>
   </div>
   <div class='ocr_carea' id='block_1_62' title="bbox 70 2827 186 2860">
    <p class='ocr_par' dir='ltr' id='par_1_62' title="bbox 70 2827 186 2860">
     <span class='ocr_line' id='line_1_62' title="bbox 70 2827 186 2860; baseline 0 -6"><span class='ocrx_word' id='word_1_398' title='bbox 70 2827 119 2860; x_wconf 78' lang='grc' dir='ltr'><strong>Η,</strong></span> <span class='ocrx_word' id='word_1_399' title='bbox 138 2827 186 2855; x_wconf 59' lang='lat' dir='ltr'><strong>li.</strong></span> 
     </span>
    </p>
   </div>
   <div class='ocr_carea' id='block_1_63' title="bbox 751 2787 1000 2823">
    <p class='ocr_par' dir='ltr' id='par_1_63' title="bbox 751 2787 1000 2823">
     <span class='ocr_line' id='line_1_63' title="bbox 751 2787 1000 2823; baseline 0.004 -7"><span class='ocrx_word' id='word_1_400' title='bbox 751 2787 772 2804; x_wconf 83' lang='grc'><strong>⁷¹</strong></span> <span class='ocrx_word' id='word_1_401' title='bbox 788 2788 867 2816; x_wconf 79' lang='lat' dir='ltr'><strong>Rom.</strong></span> <span class='ocrx_word' id='word_1_402' title='bbox 883 2798 940 2823; x_wconf 79' lang='lat' dir='ltr'><strong>xtv,</strong></span> <span class='ocrx_word' id='word_1_403' title='bbox 960 2790 1000 2818; x_wconf 89' lang='lat' dir='ltr'><strong>l7.</strong></span> 
     </span>
    </p>
   </div>
   <div class='ocr_carea' id='block_1_64' title="bbox 914 206 1699 246">
    <p class='ocr_par' dir='ltr' id='par_1_64' title="bbox 914 206 1699 246">
     <span class='ocr_line' id='line_1_64' title="bbox 914 206 1699 246; baseline -0.009 -7"><span class='ocrx_word' id='word_1_404' title='bbox 914 219 967 246; x_wconf 87' lang='lat' dir='ltr'><strong>que</strong></span> <span class='ocrx_word' id='word_1_405' title='bbox 995 218 1134 246; x_wconf 85' lang='lat' dir='ltr'><strong>geramus.</strong></span> <span class='ocrx_word' id='word_1_406' title='bbox 1153 208 1383 245; x_wconf 88' lang='lat' dir='ltr'><strong>quemadmodum</strong></span> <span class='ocrx_word' id='word_1_407' title='bbox 1411 206 1548 242; x_wconf 76' lang='lat' dir='ltr'><strong>iubemur,</strong></span> <span class='ocrx_word' id='word_1_408' title='bbox 1571 206 1640 233; x_wconf 87' lang='lat' dir='ltr'><strong>citra</strong></span> <span class='ocrx_word' id='word_1_409' title='bbox 1655 210 1699 232; x_wconf 89' lang='lat' dir='ltr'><strong>tu-</strong></span> 
     </span>
    </p>
   </div>
   <div class='ocr_carea' id='block_1_65' title="bbox 913 250 1701 286">
    <p class='ocr_par' dir='ltr' id='par_1_65' title="bbox 913 250 1701 286">
     <span class='ocr_line' id='line_1_65' title="bbox 913 250 1701 286; baseline -0.009 -3"><span class='ocrx_word' id='word_1_410' title='bbox 913 256 1040 286; x_wconf 90' lang='lat' dir='ltr'><strong>multum,</strong></span> <span class='ocrx_word' id='word_1_411' title='bbox 1058 263 1090 283; x_wconf 89' lang='lat' dir='ltr'><strong>ac</strong></span> <span class='ocrx_word' id='word_1_412' title='bbox 1102 255 1246 282; x_wconf 89' lang='lat' dir='ltr'><strong>verborum</strong></span> <span class='ocrx_word' id='word_1_413' title='bbox 1263 252 1438 280; x_wconf 88' lang='lat' dir='ltr'><strong>insolentiam</strong></span> <span class='ocrx_word' id='word_1_414' title='bbox 1453 252 1508 280; x_wconf 87' lang='lat' dir='ltr'><strong>siti.</strong></span> <span class='ocrx_word' id='word_1_415' title='bbox 1525 250 1584 278; x_wconf 81' lang='lat' dir='ltr'><strong>Jam</strong></span> <span class='ocrx_word' id='word_1_416' title='bbox 1599 257 1701 285; x_wconf 75' lang='lat' dir='ltr'><strong>congr-</strong></span> 
     </span>
    </p>
   </div>
   <div class='ocr_carea' id='block_1_66' title="bbox 914 294 1701 330">
    <p class='ocr_par' dir='ltr' id='par_1_66' title="bbox 914 294 1701 330">
     <span class='ocr_line' id='line_1_66' title="bbox 914 294 1701 330; baseline -0.008 -2"><span class='ocrx_word' id='word_1_417' title='bbox 914 300 1079 328; x_wconf 88' lang='lat' dir='ltr'><strong>niculationi</strong></span> <span class='ocrx_word' id='word_1_418' title='bbox 1103 300 1201 327; x_wconf 80' lang='lat' dir='ltr'><strong>motlus</strong></span> <span class='ocrx_word' id='word_1_419' title='bbox 1221 298 1373 330; x_wconf 87' lang='lat' dir='ltr'><strong>adhibetor,</strong></span> <span class='ocrx_word' id='word_1_420' title='bbox 1397 301 1424 324; x_wconf 92' lang='lat' dir='ltr'><strong>et</strong></span> <span class='ocrx_word' id='word_1_421' title='bbox 1437 296 1570 325; x_wconf 91' lang='lat' dir='ltr'><strong>solemnis</strong></span> <span class='ocrx_word' id='word_1_422' title='bbox 1592 294 1701 323; x_wconf 79' lang='lat' dir='ltr'><strong>versili-</strong></span> 
     </span>
    </p>
   </div>
   <div class='ocr_carea' id='block_1_67' title="bbox 913 343 1701 383">
    <p class='ocr_par' dir='ltr' id='par_1_67' title="bbox 913 343 1701 383">
     <span class='ocr_line' id='line_1_67' title="bbox 913 343 1701 383; baseline -0.008 -8"><span class='ocrx_word' id='word_1_423' title='bbox 913 348 985 375; x_wconf 92' lang='lat' dir='ltr'><strong>catio</strong></span> <span class='ocrx_word' id='word_1_424' title='bbox 1000 355 1048 383; x_wconf 90' lang='lat' dir='ltr'><strong>pro</strong></span> <span class='ocrx_word' id='word_1_425' title='bbox 1069 347 1205 382; x_wconf 87' lang='lat' dir='ltr'><strong>cujusque</strong></span> <span class='ocrx_word' id='word_1_426' title='bbox 1231 346 1337 373; x_wconf 89' lang='lat' dir='ltr'><strong>viribus</strong></span> <span class='ocrx_word' id='word_1_427' title='bbox 1356 344 1459 377; x_wconf 92' lang='lat' dir='ltr'><strong>obitor,</strong></span> <span class='ocrx_word' id='word_1_428' title='bbox 1479 343 1602 377; x_wconf 73' lang='lat' dir='ltr'><strong>corporis</strong></span> <span class='ocrx_word' id='word_1_429' title='bbox 1617 343 1701 371; x_wconf 91' lang='lat' dir='ltr'><strong>simul</strong></span> 
     </span>
    </p>
   </div>
   <div class='ocr_carea' id='block_1_68' title="bbox 914 388 1701 427">
    <p class='ocr_par' dir='ltr' id='par_1_68' title="bbox 914 388 1701 427">
     <span class='ocr_line' id='line_1_68' title="bbox 914 388 1701 427; baseline -0.006 -6"><span class='ocrx_word' id='word_1_430' title='bbox 914 394 1031 422; x_wconf 87' lang='lat' dir='ltr'><strong>sanitate</strong></span> <span class='ocrx_word' id='word_1_431' title='bbox 1054 393 1164 421; x_wconf 88' lang='lat' dir='ltr'><strong>tuenda.</strong></span> <span class='ocrx_word' id='word_1_432' title='bbox 1184 394 1224 420; x_wconf 81' lang='lat' dir='ltr'><strong>Ac</strong></span> <span class='ocrx_word' id='word_1_433' title='bbox 1248 392 1322 427; x_wconf 90' lang='lat' dir='ltr'><strong>pacis</strong></span> <span class='ocrx_word' id='word_1_434' title='bbox 1339 391 1410 419; x_wconf 89' lang='lat' dir='ltr'><strong>Deus</strong></span> <span class='ocrx_word' id='word_1_435' title='bbox 1424 390 1459 418; x_wconf 91' lang='lat' dir='ltr'><strong>ad</strong></span> <span class='ocrx_word' id='word_1_436' title='bbox 1473 390 1580 418; x_wconf 90' lang='lat' dir='ltr'><strong>dierum</strong></span> <span class='ocrx_word' id='word_1_437' title='bbox 1596 388 1701 426; x_wconf 84' lang='lat' dir='ltr'><strong>princi-</strong></span> 
     </span>
    </p>
   </div>
   <div class='ocr_carea' id='block_1_69' title="bbox 914 436 1701 475">
    <p class='ocr_par' dir='ltr' id='par_1_69' title="bbox 914 436 1701 475">
     <span class='ocr_line' id='line_1_69' title="bbox 914 436 1701 475; baseline -0.006 -8"><span class='ocrx_word' id='word_1_438' title='bbox 914 447 996 475; x_wconf 87' lang='lat' dir='ltr'><strong>pem,</strong></span> <span class='ocrx_word' id='word_1_439' title='bbox 1023 440 1123 467; x_wconf 89' lang='lat' dir='ltr'><strong>Christi</strong></span> <span class='ocrx_word' id='word_1_440' title='bbox 1151 436 1400 470; x_wconf 86' lang='lat' dir='ltr'><strong>resurrectionem,</strong></span> <span class='ocrx_word' id='word_1_441' title='bbox 1441 437 1588 473; x_wconf 87' lang='lat' dir='ltr'><strong>perductos</strong></span> <span class='ocrx_word' id='word_1_442' title='bbox 1617 443 1701 471; x_wconf 81' lang='lat' dir='ltr'><strong>regno</strong></span> 
     </span>
    </p>
   </div>
   <div class='ocr_carea' id='block_1_70' title="bbox 914 483 1701 520">
    <p class='ocr_par' dir='ltr' id='par_1_70' title="bbox 914 483 1701 520">
     <span class='ocr_line' id='line_1_70' title="bbox 914 483 1701 520; baseline -0.005 -7"><span class='ocrx_word' id='word_1_443' title='bbox 914 490 1011 520; x_wconf 79' lang='lat' dir='ltr'><strong>augeat</strong></span> <span class='ocrx_word' id='word_1_444' title='bbox 1039 486 1154 518; x_wconf 76' lang='lat' dir='ltr'><strong>coelesti,</strong></span> <span class='ocrx_word' id='word_1_445' title='bbox 1186 486 1230 513; x_wconf 90' lang='lat' dir='ltr'><strong>ubi</strong></span> <span class='ocrx_word' id='word_1_446' title='bbox 1257 494 1311 513; x_wconf 91' lang='lat' dir='ltr'><strong>non</strong></span> <span class='ocrx_word' id='word_1_447' title='bbox 1345 489 1388 512; x_wconf 84' lang='lat' dir='ltr'><strong>est</strong></span> <span class='ocrx_word' id='word_1_448' title='bbox 1411 492 1470 512; x_wconf 85' lang='lat' dir='ltr'><strong>esca</strong></span> <span class='ocrx_word' id='word_1_449' title='bbox 1500 488 1524 511; x_wconf 87' lang='lat' dir='ltr'><strong>et</strong></span> <span class='ocrx_word' id='word_1_450' title='bbox 1542 488 1629 518; x_wconf 85' lang='lat' dir='ltr'><strong>potus,</strong></span> <span class='ocrx_word' id='word_1_451' title='bbox 1655 483 1701 509; x_wconf 64' lang='lat' dir='ltr'><strong>sed</strong></span> 
     </span>
    </p>
   </div>
   <div class='ocr_carea' id='block_1_71' title="bbox 910 529 1701 566">
    <p class='ocr_par' dir='ltr' id='par_1_71' title="bbox 910 529 1701 566">
     <span class='ocr_line' id='line_1_71' title="bbox 910 529 1701 566; baseline -0.004 -8"><span class='ocrx_word' id='word_1_452' title='bbox 910 532 1030 566; x_wconf 85' lang='lat' dir='ltr'><strong>justitia,</strong></span> <span class='ocrx_word' id='word_1_453' title='bbox 1049 537 1073 558; x_wconf 91' lang='lat' dir='ltr'><strong>et</strong></span> <span class='ocrx_word' id='word_1_454' title='bbox 1093 539 1158 566; x_wconf 74' lang='lat' dir='ltr'><strong>pax,</strong></span> <span class='ocrx_word' id='word_1_455' title='bbox 1173 536 1197 558; x_wconf 88' lang='lat' dir='ltr'><strong>et</strong></span> <span class='ocrx_word' id='word_1_456' title='bbox 1213 531 1351 566; x_wconf 79' lang='lat' dir='ltr'><strong>gaudium,</strong></span> <span class='ocrx_word' id='word_1_457' title='bbox 1366 531 1405 558; x_wconf 90' lang='lat' dir='ltr'><strong>uti</strong></span> <span class='ocrx_word' id='word_1_458' title='bbox 1425 530 1558 565; x_wconf 90' lang='lat' dir='ltr'><strong>scriptum</strong></span> <span class='ocrx_word' id='word_1_459' title='bbox 1581 531 1641 560; x_wconf 87' lang='lat' dir='ltr'><strong>est,</strong></span> <span class='ocrx_word' id='word_1_460' title='bbox 1673 529 1701 555; x_wconf 88' lang='lat' dir='ltr'><strong>in</strong></span> 
     </span>
    </p>
   </div>
   <div class='ocr_carea' id='block_1_72' title="bbox 915 575 1700 612">
    <p class='ocr_par' dir='ltr' id='par_1_72' title="bbox 915 575 1700 612">
     <span class='ocr_line' id='line_1_72' title="bbox 915 575 1700 612; baseline -0.003 -8"><span class='ocrx_word' id='word_1_461' title='bbox 915 575 1016 612; x_wconf 79' lang='lat' dir='ltr'><strong>Spiritu</strong></span> <span class='ocrx_word' id='word_1_462' title='bbox 1031 578 1161 610; x_wconf 86' lang='lat' dir='ltr'><strong>sancto&quot;,</strong></span> <span class='ocrx_word' id='word_1_463' title='bbox 1175 585 1230 612; x_wconf 87' lang='lat' dir='ltr'><strong>quo</strong></span> <span class='ocrx_word' id='word_1_464' title='bbox 1244 577 1315 612; x_wconf 87' lang='lat' dir='ltr'><strong>large</strong></span> <span class='ocrx_word' id='word_1_465' title='bbox 1327 576 1482 604; x_wconf 89' lang='lat' dir='ltr'><strong>intbuatnur</strong></span> <span class='ocrx_word' id='word_1_466' title='bbox 1498 584 1545 611; x_wconf 89' lang='lat' dir='ltr'><strong>per</strong></span> <span class='ocrx_word' id='word_1_467' title='bbox 1559 575 1700 603; x_wconf 85' lang='lat' dir='ltr'><strong>Christu&#39;m</strong></span> 
     </span>
    </p>
   </div>
   <div class='ocr_carea' id='block_1_73' title="bbox 913 619 1701 658">
    <p class='ocr_par' dir='ltr' id='par_1_73' title="bbox 913 619 1701 658">
     <span class='ocr_line' id='line_1_73' title="bbox 913 619 1701 658; baseline -0.004 -8"><span class='ocrx_word' id='word_1_468' title='bbox 913 619 1007 650; x_wconf 83' lang='lat' dir='ltr'><strong>Jcsum</strong></span> <span class='ocrx_word' id='word_1_469' title='bbox 1030 622 1175 650; x_wconf 87' lang='lat' dir='ltr'><strong>Dominum</strong></span> <span class='ocrx_word' id='word_1_470' title='bbox 1191 628 1316 650; x_wconf 88' lang='lat' dir='ltr'><strong>ttostrum</strong></span> <span class='ocrx_word' id='word_1_471' title='bbox 1330 632 1335 650; x_wconf 94' lang='lat'><strong>:</strong></span> <span class='ocrx_word' id='word_1_472' title='bbox 1353 623 1396 651; x_wconf 91' lang='lat' dir='ltr'><strong>cui</strong></span> <span class='ocrx_word' id='word_1_473' title='bbox 1413 623 1499 658; x_wconf 83' lang='lat' dir='ltr'><strong>gloria</strong></span> <span class='ocrx_word' id='word_1_474' title='bbox 1512 627 1540 650; x_wconf 88' lang='lat' dir='ltr'><strong>et</strong></span> <span class='ocrx_word' id='word_1_475' title='bbox 1556 621 1701 657; x_wconf 89' lang='lat' dir='ltr'><strong>imperintn</strong></span> 
     </span>
    </p>
   </div>
   <div class='ocr_carea' id='block_1_74' title="bbox 913 666 1702 702">
    <p class='ocr_par' dir='ltr' id='par_1_74' title="bbox 913 666 1702 702">
     <span class='ocr_line' id='line_1_74' title="bbox 913 666 1702 702; baseline -0.003 -7"><span class='ocrx_word' id='word_1_476' title='bbox 913 675 976 695; x_wconf 85' lang='lat' dir='ltr'><strong>cum</strong></span> <span class='ocrx_word' id='word_1_477' title='bbox 997 667 1078 696; x_wconf 86' lang='lat' dir='ltr'><strong>Patre</strong></span> <span class='ocrx_word' id='word_1_478' title='bbox 1091 676 1123 695; x_wconf 88' lang='lat' dir='ltr'><strong>ac</strong></span> <span class='ocrx_word' id='word_1_479' title='bbox 1148 673 1244 696; x_wconf 84' lang='lat' dir='ltr'><strong>sancto</strong></span> <span class='ocrx_word' id='word_1_480' title='bbox 1267 668 1380 702; x_wconf 88' lang='lat' dir='ltr'><strong>Spiritu,</strong></span> <span class='ocrx_word' id='word_1_481' title='bbox 1397 675 1471 695; x_wconf 91' lang='lat' dir='ltr'><strong>nune</strong></span> <span class='ocrx_word' id='word_1_482' title='bbox 1495 672 1522 694; x_wconf 85' lang='lat' dir='ltr'><strong>et</strong></span> <span class='ocrx_word' id='word_1_483' title='bbox 1540 675 1658 702; x_wconf 86' lang='lat' dir='ltr'><strong>semper,</strong></span> <span class='ocrx_word' id='word_1_484' title='bbox 1674 666 1702 693; x_wconf 92' lang='lat' dir='ltr'><strong>itt</strong></span> 
     </span>
    </p>
   </div>
   <div class='ocr_carea' id='block_1_75' title="bbox 914 714 1426 750">
    <p class='ocr_par' dir='ltr' id='par_1_75' title="bbox 914 714 1426 750">
     <span class='ocr_line' id='line_1_75' title="bbox 914 714 1426 750; baseline -0.004 -8"><span class='ocrx_word' id='word_1_485' title='bbox 914 720 1079 749; x_wconf 91' lang='lat' dir='ltr'><strong>omnemque</strong></span> <span class='ocrx_word' id='word_1_486' title='bbox 1092 714 1310 750; x_wconf 87' lang='lat' dir='ltr'><strong>perpetuitatem.</strong></span> <span class='ocrx_word' id='word_1_487' title='bbox 1328 714 1426 741; x_wconf 83' lang='lat' dir='ltr'><strong>Amen.</strong></span> 
     </span>
    </p>
   </div>
   <div class='ocr_carea' id='block_1_76' title="bbox 1202 757 1415 786">
    <p class='ocr_par' dir='ltr' id='par_1_76' title="bbox 1202 757 1415 786">
     <span class='ocr_line' id='line_1_76' title="bbox 1202 757 1415 786; baseline 0 -2"><span class='ocrx_word' id='word_1_488' title='bbox 1202 757 1318 785; x_wconf 67' lang='lat' dir='ltr'><strong>SliﬂllIO</strong></span> <span class='ocrx_word' id='word_1_489' title='bbox 1337 758 1415 786; x_wconf 78' lang='lat' dir='ltr'><strong>LXII.</strong></span> 
     </span>
    </p>
   </div>
   <div class='ocr_carea' id='block_1_77' title="bbox 916 805 1703 841">
    <p class='ocr_par' dir='ltr' id='par_1_77' title="bbox 916 805 1703 841">
     <span class='ocr_line' id='line_1_77' title="bbox 916 805 1703 841; baseline 0 -7"><span class='ocrx_word' id='word_1_490' title='bbox 916 805 950 833; x_wconf 85' lang='lat' dir='ltr'><strong>In</strong></span> <span class='ocrx_word' id='word_1_491' title='bbox 969 811 1076 834; x_wconf 79' lang='lat' dir='ltr'><strong>sanctas</strong></span> <span class='ocrx_word' id='word_1_492' title='bbox 1095 806 1145 833; x_wconf 86' lang='lat' dir='ltr'><strong>XL</strong></span> <span class='ocrx_word' id='word_1_493' title='bbox 1174 806 1314 841; x_wconf 77' lang='lat' dir='ltr'><strong>Martyres.</strong></span> <span class='ocrx_word' id='word_1_494' title='bbox 1341 806 1373 833; x_wconf 82' lang='lat' dir='ltr'><strong>de</strong></span> <span class='ocrx_word' id='word_1_495' title='bbox 1397 805 1544 833; x_wconf 73' lang='lat' dir='ltr'><strong>Dominicis</strong></span> <span class='ocrx_word' id='word_1_496' title='bbox 1564 806 1703 834; x_wconf 76' lang='lat' dir='ltr'><strong>imitandis</strong></span> 
     </span>
    </p>
   </div>
   <div class='ocr_carea' id='block_1_78' title="bbox 1230 841 1378 876">
    <p class='ocr_par' dir='ltr' id='par_1_78' title="bbox 1230 841 1378 876">
     <span class='ocr_line' id='line_1_78' title="bbox 1230 841 1378 876; baseline 0.007 -9"><span class='ocrx_word' id='word_1_497' title='bbox 1230 841 1378 876; x_wconf 73' lang='lat' dir='ltr'><strong>suppliciis.</strong></span> 
     </span>
    </p>
   </div>
   <div class='ocr_carea' id='block_1_79' title="bbox 951 885 1704 921">
    <p class='ocr_par' dir='ltr' id='par_1_79' title="bbox 951 885 1704 921">
     <span class='ocr_line' id='line_1_79' title="bbox 951 885 1704 921; baseline 0.003 -8"><span class='ocrx_word' id='word_1_498' title='bbox 951 885 1062 914; x_wconf 88' lang='lat' dir='ltr'><strong>Fratres</strong></span> <span class='ocrx_word' id='word_1_499' title='bbox 1085 886 1247 921; x_wconf 85' lang='lat' dir='ltr'><strong>Patresque,</strong></span> <span class='ocrx_word' id='word_1_500' title='bbox 1268 894 1350 921; x_wconf 91' lang='lat' dir='ltr'><strong>quam</strong></span> <span class='ocrx_word' id='word_1_501' title='bbox 1372 887 1487 914; x_wconf 85' lang='lat' dir='ltr'><strong>honesta</strong></span> <span class='ocrx_word' id='word_1_502' title='bbox 1511 886 1612 915; x_wconf 87' lang='lat' dir='ltr'><strong>accidit</strong></span> <span class='ocrx_word' id='word_1_503' title='bbox 1623 887 1704 915; x_wconf 83' lang='lat' dir='ltr'><strong>nobis</strong></span> 
     </span>
    </p>
   </div>
   <div class='ocr_carea' id='block_1_80' title="bbox 918 931 1703 966">
    <p class='ocr_par' dir='ltr' id='par_1_80' title="bbox 918 931 1703 966">
     <span class='ocr_line' id='line_1_80' title="bbox 918 931 1703 966; baseline 0.001 -7"><span class='ocrx_word' id='word_1_504' title='bbox 918 931 953 959; x_wconf 84' lang='lat' dir='ltr'><strong>ab</strong></span> <span class='ocrx_word' id='word_1_505' title='bbox 974 932 1028 959; x_wconf 88' lang='lat' dir='ltr'><strong>hoc</strong></span> <span class='ocrx_word' id='word_1_506' title='bbox 1043 932 1209 960; x_wconf 88' lang='lat' dir='ltr'><strong>monasterio</strong></span> <span class='ocrx_word' id='word_1_507' title='bbox 1232 932 1370 966; x_wconf 83' lang='lat' dir='ltr'><strong>secessio;</strong></span> <span class='ocrx_word' id='word_1_508' title='bbox 1386 938 1448 959; x_wconf 89' lang='lat' dir='ltr'><strong>nam</strong></span> <span class='ocrx_word' id='word_1_509' title='bbox 1461 940 1510 960; x_wconf 88' lang='lat' dir='ltr'><strong>cur</strong></span> <span class='ocrx_word' id='word_1_510' title='bbox 1528 931 1640 960; x_wconf 85' lang='lat' dir='ltr'><strong>libertas</strong></span> <span class='ocrx_word' id='word_1_511' title='bbox 1653 941 1703 959; x_wconf 90' lang='lat' dir='ltr'><strong>no-</strong></span> 
     </span>
    </p>
   </div>
   <div class='ocr_carea' id='block_1_81' title="bbox 915 976 1705 1014">
    <p class='ocr_par' dir='ltr' id='par_1_81' title="bbox 915 976 1705 1014">
     <span class='ocr_line' id='line_1_81' title="bbox 915 976 1705 1014; baseline 0.003 -10"><span class='ocrx_word' id='word_1_512' title='bbox 915 981 972 1005; x_wconf 90' lang='lat' dir='ltr'><strong>stra</strong></span> <span class='ocrx_word' id='word_1_513' title='bbox 991 985 1024 1005; x_wconf 81' lang='lat' dir='ltr'><strong>ex</strong></span> <span class='ocrx_word' id='word_1_514' title='bbox 1046 977 1134 1005; x_wconf 89' lang='lat' dir='ltr'><strong>aliena</strong></span> <span class='ocrx_word' id='word_1_515' title='bbox 1153 983 1298 1006; x_wconf 85' lang='lat' dir='ltr'><strong>censeatur</strong></span> <span class='ocrx_word' id='word_1_516' title='bbox 1315 976 1506 1007; x_wconf 84' lang='lat' dir='ltr'><strong>conscientia?</strong></span> <span class='ocrx_word' id='word_1_517' title='bbox 1522 987 1571 1006; x_wconf 93' lang='lat' dir='ltr'><strong>cur</strong></span> <span class='ocrx_word' id='word_1_518' title='bbox 1594 984 1705 1014; x_wconf 83' lang='lat' dir='ltr'><strong>praeter-</strong></span> 
     </span>
    </p>
   </div>
   <div class='ocr_carea' id='block_1_82' title="bbox 916 1022 1705 1058">
    <p class='ocr_par' dir='ltr' id='par_1_82' title="bbox 916 1022 1705 1058">
     <span class='ocr_line' id='line_1_82' title="bbox 916 1022 1705 1058; baseline 0.001 -8"><span class='ocrx_word' id='word_1_519' title='bbox 916 1031 998 1058; x_wconf 87' lang='lat' dir='ltr'><strong>quam</strong></span> <span class='ocrx_word' id='word_1_520' title='bbox 1025 1024 1098 1058; x_wconf 86' lang='lat' dir='ltr'><strong>quod</strong></span> <span class='ocrx_word' id='word_1_521' title='bbox 1128 1023 1233 1058; x_wconf 80' lang='lat' dir='ltr'><strong>frugem</strong></span> <span class='ocrx_word' id='word_1_522' title='bbox 1264 1023 1366 1051; x_wconf 89' lang='lat' dir='ltr'><strong>nullam</strong></span> <span class='ocrx_word' id='word_1_523' title='bbox 1396 1022 1534 1052; x_wconf 83' lang='lat' dir='ltr'><strong>facimus?</strong></span> <span class='ocrx_word' id='word_1_524' title='bbox 1557 1023 1630 1051; x_wconf 90' lang='lat' dir='ltr'><strong>serio</strong></span> <span class='ocrx_word' id='word_1_525' title='bbox 1654 1031 1705 1051; x_wconf 67' lang='lat' dir='ltr'><strong>n05</strong></span> 
     </span>
    </p>
   </div>
   <div class='ocr_carea' id='block_1_83' title="bbox 916 1067 1702 1105">
    <p class='ocr_par' dir='ltr' id='par_1_83' title="bbox 916 1067 1702 1105">
     <span class='ocr_line' id='line_1_83' title="bbox 916 1067 1702 1105; baseline 0.001 -9"><span class='ocrx_word' id='word_1_526' title='bbox 916 1069 1028 1104; x_wconf 87' lang='lat' dir='ltr'><strong>insuper</strong></span> <span class='ocrx_word' id='word_1_527' title='bbox 1050 1069 1218 1103; x_wconf 88' lang='lat' dir='ltr'><strong>multemus;</strong></span> <span class='ocrx_word' id='word_1_528' title='bbox 1236 1067 1322 1105; x_wconf 88' lang='lat' dir='ltr'><strong>Igitur</strong></span> <span class='ocrx_word' id='word_1_529' title='bbox 1339 1075 1471 1104; x_wconf 88' lang='lat' dir='ltr'><strong>quantum</strong></span> <span class='ocrx_word' id='word_1_530' title='bbox 1493 1069 1582 1102; x_wconf 86' lang='lat' dir='ltr'><strong>licuit,</strong></span> <span class='ocrx_word' id='word_1_531' title='bbox 1598 1078 1630 1097; x_wconf 91' lang='lat' dir='ltr'><strong>ac</strong></span> <span class='ocrx_word' id='word_1_532' title='bbox 1644 1077 1702 1105; x_wconf 88' lang='lat' dir='ltr'><strong>per-</strong></span> 
     </span>
    </p>
   </div>
   <div class='ocr_carea' id='block_1_84' title="bbox 917 1115 1705 1151">
    <p class='ocr_par' dir='ltr' id='par_1_84' title="bbox 917 1115 1705 1151">
     <span class='ocr_line' id='line_1_84' title="bbox 917 1115 1705 1151; baseline 0.001 -9"><span class='ocrx_word' id='word_1_533' title='bbox 917 1115 993 1143; x_wconf 89' lang='lat' dir='ltr'><strong>misit</strong></span> <span class='ocrx_word' id='word_1_534' title='bbox 1011 1120 1129 1151; x_wconf 86' lang='lat' dir='ltr'><strong>tempus,</strong></span> <span class='ocrx_word' id='word_1_535' title='bbox 1145 1115 1330 1150; x_wconf 86' lang='lat' dir='ltr'><strong>indulsimus;</strong></span> <span class='ocrx_word' id='word_1_536' title='bbox 1345 1122 1419 1143; x_wconf 89' lang='lat' dir='ltr'><strong>nunc</strong></span> <span class='ocrx_word' id='word_1_537' title='bbox 1442 1123 1504 1144; x_wconf 93' lang='lat' dir='ltr'><strong>cum</strong></span> <span class='ocrx_word' id='word_1_538' title='bbox 1522 1120 1645 1151; x_wconf 84' lang='lat' dir='ltr'><strong>tempore</strong></span> <span class='ocrx_word' id='word_1_539' title='bbox 1656 1123 1705 1143; x_wconf 87' lang='lat' dir='ltr'><strong>vo-</strong></span> 
     </span>
    </p>
   </div>
   <div class='ocr_carea' id='block_1_85' title="bbox 917 1160 1706 1197">
    <p class='ocr_par' dir='ltr' id='par_1_85' title="bbox 917 1160 1706 1197">
     <span class='ocr_line' id='line_1_85' title="bbox 917 1160 1706 1197; baseline 0.003 -8"><span class='ocrx_word' id='word_1_540' title='bbox 917 1167 996 1190; x_wconf 88' lang='lat' dir='ltr'><strong>cante</strong></span> <span class='ocrx_word' id='word_1_541' title='bbox 1025 1161 1254 1197; x_wconf 79' lang='lat' dir='ltr'><strong>oppugnationem</strong></span> <span class='ocrx_word' id='word_1_542' title='bbox 1283 1169 1334 1197; x_wconf 86' lang='lat' dir='ltr'><strong>pro</strong></span> <span class='ocrx_word' id='word_1_543' title='bbox 1372 1160 1483 1190; x_wconf 83' lang='lat' dir='ltr'><strong>Christo</strong></span> <span class='ocrx_word' id='word_1_544' title='bbox 1507 1161 1706 1191; x_wconf 68' lang='lat' dir='ltr'><strong>detrectarint.</strong></span> 
     </span>
    </p>
   </div>
   <div class='ocr_carea' id='block_1_86' title="bbox 918 1206 1707 1242">
    <p class='ocr_par' dir='ltr' id='par_1_86' title="bbox 918 1206 1707 1242">
     <span class='ocr_line' id='line_1_86' title="bbox 918 1206 1707 1242; baseline 0 -8"><span class='ocrx_word' id='word_1_545' title='bbox 918 1207 1150 1242; x_wconf 77' lang='lat' dir='ltr'><strong>quemadmodum</strong></span> <span class='ocrx_word' id='word_1_546' title='bbox 1178 1213 1205 1235; x_wconf 92' lang='lat' dir='ltr'><strong>et</strong></span> <span class='ocrx_word' id='word_1_547' title='bbox 1234 1207 1282 1235; x_wconf 89' lang='lat' dir='ltr'><strong>alii</strong></span> <span class='ocrx_word' id='word_1_548' title='bbox 1315 1207 1450 1240; x_wconf 91' lang='lat' dir='ltr'><strong>nonnulli,</strong></span> <span class='ocrx_word' id='word_1_549' title='bbox 1477 1206 1612 1235; x_wconf 88' lang='lat' dir='ltr'><strong>audienda</strong></span> <span class='ocrx_word' id='word_1_550' title='bbox 1648 1207 1707 1234; x_wconf 64' lang='lat' dir='ltr'><strong>hare</strong></span> 
     </span>
    </p>
   </div>
   <div class='ocr_carea' id='block_1_87' title="bbox 917 1250 1706 1285">
    <p class='ocr_par' dir='ltr' id='par_1_87' title="bbox 917 1250 1706 1285">
     <span class='ocr_line' id='line_1_87' title="bbox 917 1250 1706 1285; baseline 0 -6"><span class='ocrx_word' id='word_1_551' title='bbox 917 1253 1035 1280; x_wconf 85' lang='lat' dir='ltr'><strong>vaticina</strong></span> <span class='ocrx_word' id='word_1_552' title='bbox 1061 1252 1194 1280; x_wconf 87' lang='lat' dir='ltr'><strong>sententia</strong></span> <span class='ocrx_word' id='word_1_553' title='bbox 1217 1256 1260 1280; x_wconf 88' lang='lat' dir='ltr'><strong>est</strong></span> <span class='ocrx_word' id='word_1_554' title='bbox 1274 1261 1280 1279; x_wconf 88' lang='lat'><strong>:</strong></span> <span class='ocrx_word' id='word_1_555' title='bbox 1316 1250 1394 1280; x_wconf 68' lang='lat' dir='ltr'><strong>Exite</strong></span> <span class='ocrx_word' id='word_1_556' title='bbox 1410 1255 1443 1280; x_wconf 83' lang='lat' dir='ltr'><strong>de</strong></span> <span class='ocrx_word' id='word_1_557' title='bbox 1458 1251 1543 1280; x_wconf 83' lang='lat' dir='ltr'><strong>medio</strong></span> <span class='ocrx_word' id='word_1_558' title='bbox 1560 1260 1664 1285; x_wconf 84' lang='lat' dir='ltr'><strong>eorum,</strong></span> <span class='ocrx_word' id='word_1_559' title='bbox 1681 1257 1706 1279; x_wconf 86' lang='lat' dir='ltr'><strong>et</strong></span> 
     </span>
    </p>
   </div>
   <div class='ocr_carea' id='block_1_88' title="bbox 918 1298 1708 1335">
    <p class='ocr_par' dir='ltr' id='par_1_88' title="bbox 918 1298 1708 1335">
     <span class='ocr_line' id='line_1_88' title="bbox 918 1298 1708 1335; baseline 0.001 -9"><span class='ocrx_word' id='word_1_560' title='bbox 918 1299 1090 1335; x_wconf 83' lang='lat' dir='ltr'><strong>separamini,</strong></span> <span class='ocrx_word' id='word_1_561' title='bbox 1108 1300 1174 1327; x_wconf 83' lang='lat' dir='ltr'><strong>dicit</strong></span> <span class='ocrx_word' id='word_1_562' title='bbox 1194 1298 1319 1327; x_wconf 84' lang='lat' dir='ltr'><strong>Dominus</strong></span> <span class='ocrx_word' id='word_1_563' title='bbox 1331 1299 1366 1326; x_wconf 86' lang='lat'><strong>&quot;&#39;.</strong></span> <span class='ocrx_word' id='word_1_564' title='bbox 1392 1300 1440 1327; x_wconf 90' lang='lat' dir='ltr'><strong>Sin</strong></span> <span class='ocrx_word' id='word_1_565' title='bbox 1463 1298 1508 1328; x_wconf 85' lang='lat' dir='ltr'><strong>alii</strong></span> <span class='ocrx_word' id='word_1_566' title='bbox 1525 1299 1604 1327; x_wconf 86' lang='lat' dir='ltr'><strong>aliter</strong></span> <span class='ocrx_word' id='word_1_567' title='bbox 1624 1300 1651 1328; x_wconf 90' lang='lat' dir='ltr'><strong>in</strong></span> <span class='ocrx_word' id='word_1_568' title='bbox 1673 1300 1708 1327; x_wconf 74' lang='lat' dir='ltr'><strong>iis</strong></span> 
     </span>
    </p>
   </div>
   <div class='ocr_carea' id='block_1_89' title="bbox 919 1345 1708 1382">
    <p class='ocr_par' dir='ltr' id='par_1_89' title="bbox 919 1345 1708 1382">
     <span class='ocr_line' id='line_1_89' title="bbox 919 1345 1708 1382; baseline 0.001 -9"><span class='ocrx_word' id='word_1_569' title='bbox 919 1346 1033 1378; x_wconf 80' lang='lat' dir='ltr'><strong>iaciunt,</strong></span> <span class='ocrx_word' id='word_1_570' title='bbox 1053 1345 1187 1374; x_wconf 86' lang='lat' dir='ltr'><strong>rationem</strong></span> <span class='ocrx_word' id='word_1_571' title='bbox 1212 1345 1268 1374; x_wconf 90' lang='lat' dir='ltr'><strong>Deo</strong></span> <span class='ocrx_word' id='word_1_572' title='bbox 1287 1346 1402 1374; x_wconf 87' lang='lat' dir='ltr'><strong>reddent</strong></span> <span class='ocrx_word' id='word_1_573' title='bbox 1415 1346 1441 1373; x_wconf 92' lang='lat' dir='ltr'><strong>in</strong></span> <span class='ocrx_word' id='word_1_574' title='bbox 1453 1346 1498 1374; x_wconf 90' lang='lat' dir='ltr'><strong>die</strong></span> <span class='ocrx_word' id='word_1_575' title='bbox 1514 1346 1623 1382; x_wconf 88' lang='lat' dir='ltr'><strong>judicii,</strong></span> <span class='ocrx_word' id='word_1_576' title='bbox 1638 1346 1708 1374; x_wconf 88' lang='lat' dir='ltr'><strong>mihi</strong></span> 
     </span>
    </p>
   </div>
   <div class='ocr_carea' id='block_1_90' title="bbox 919 1391 1707 1428">
    <p class='ocr_par' dir='ltr' id='par_1_90' title="bbox 919 1391 1707 1428">
     <span class='ocr_line' id='line_1_90' title="bbox 919 1391 1707 1428; baseline 0 -8"><span class='ocrx_word' id='word_1_577' title='bbox 919 1392 1029 1428; x_wconf 89' lang='lat' dir='ltr'><strong>quidem</strong></span> <span class='ocrx_word' id='word_1_578' title='bbox 1054 1399 1102 1428; x_wconf 88' lang='lat' dir='ltr'><strong>per</strong></span> <span class='ocrx_word' id='word_1_579' title='bbox 1128 1392 1261 1428; x_wconf 84' lang='lat' dir='ltr'><strong>ﬂagitium</strong></span> <span class='ocrx_word' id='word_1_580' title='bbox 1291 1392 1399 1420; x_wconf 81' lang='lat' dir='ltr'><strong>videtur</strong></span> <span class='ocrx_word' id='word_1_581' title='bbox 1433 1391 1475 1420; x_wconf 90' lang='lat' dir='ltr'><strong>his</strong></span> <span class='ocrx_word' id='word_1_582' title='bbox 1501 1393 1647 1425; x_wconf 86' lang='lat' dir='ltr'><strong>concedas,</strong></span> <span class='ocrx_word' id='word_1_583' title='bbox 1672 1401 1707 1420; x_wconf 91' lang='lat' dir='ltr'><strong>an</strong></span> 
     </span>
    </p>
   </div>
   <div class='ocr_carea' id='block_1_91' title="bbox 920 1438 1704 1467">
    <p class='ocr_par' dir='ltr' id='par_1_91' title="bbox 920 1438 1704 1467">
     <span class='ocr_line' id='line_1_91' title="bbox 920 1438 1704 1467; baseline -0.001 -1"><span class='ocrx_word' id='word_1_584' title='bbox 920 1438 1063 1466; x_wconf 66' lang='lat' dir='ltr'><strong>haereticos</strong></span> <span class='ocrx_word' id='word_1_585' title='bbox 1089 1438 1198 1466; x_wconf 88' lang='lat' dir='ltr'><strong>toleres.</strong></span> <span class='ocrx_word' id='word_1_586' title='bbox 1223 1438 1357 1466; x_wconf 81' lang='lat' dir='ltr'><strong>Caeterum</strong></span> <span class='ocrx_word' id='word_1_587' title='bbox 1382 1439 1480 1467; x_wconf 87' lang='lat' dir='ltr'><strong>videtis</strong></span> <span class='ocrx_word' id='word_1_588' title='bbox 1505 1443 1536 1466; x_wconf 90' lang='lat' dir='ltr'><strong>ut</strong></span> <span class='ocrx_word' id='word_1_589' title='bbox 1558 1439 1704 1467; x_wconf 82' lang='lat' dir='ltr'><strong>discidium</strong></span> 
     </span>
    </p>
   </div>
   <div class='ocr_carea' id='block_1_92' title="bbox 921 1484 1707 1519">
    <p class='ocr_par' dir='ltr' id='par_1_92' title="bbox 921 1484 1707 1519">
     <span class='ocr_line' id='line_1_92' title="bbox 921 1484 1707 1519; baseline 0.003 -8"><span class='ocrx_word' id='word_1_590' title='bbox 921 1484 973 1512; x_wconf 91' lang='lat' dir='ltr'><strong>hoc</strong></span> <span class='ocrx_word' id='word_1_591' title='bbox 991 1491 1007 1512; x_wconf 88' lang='lat' dir='ltr'><strong>a</strong></span> <span class='ocrx_word' id='word_1_592' title='bbox 1033 1484 1135 1511; x_wconf 93' lang='lat' dir='ltr'><strong>mundo</strong></span> <span class='ocrx_word' id='word_1_593' title='bbox 1168 1485 1299 1519; x_wconf 89' lang='lat' dir='ltr'><strong>compulit</strong></span> <span class='ocrx_word' id='word_1_594' title='bbox 1326 1485 1480 1513; x_wconf 88' lang='lat' dir='ltr'><strong>abstractos</strong></span> <span class='ocrx_word' id='word_1_595' title='bbox 1508 1485 1543 1513; x_wconf 90' lang='lat' dir='ltr'><strong>ad</strong></span> <span class='ocrx_word' id='word_1_596' title='bbox 1567 1485 1707 1517; x_wconf 86' lang='lat' dir='ltr'><strong>miserias.</strong></span> 
     </span>
    </p>
   </div>
   <div class='ocr_carea' id='block_1_93' title="bbox 921 1527 1707 1563">
    <p class='ocr_par' dir='ltr' id='par_1_93' title="bbox 921 1527 1707 1563">
     <span class='ocr_line' id='line_1_93' title="bbox 921 1527 1707 1563; baseline 0.004 -8"><span class='ocrx_word' id='word_1_597' title='bbox 921 1535 1067 1560; x_wconf 75' lang='lat' dir='ltr'><strong>terumnas,</strong></span> <span class='ocrx_word' id='word_1_598' title='bbox 1084 1527 1194 1562; x_wconf 79' lang='lat' dir='ltr'><strong>famem,</strong></span> <span class='ocrx_word' id='word_1_599' title='bbox 1218 1529 1400 1563; x_wconf 75' lang='lat' dir='ltr'><strong>vexationem,</strong></span> <span class='ocrx_word' id='word_1_600' title='bbox 1426 1537 1576 1562; x_wconf 83' lang='lat' dir='ltr'><strong>carcerem,</strong></span> <span class='ocrx_word' id='word_1_601' title='bbox 1601 1538 1707 1558; x_wconf 87' lang='lat' dir='ltr'><strong>necem.</strong></span> 
     </span>
    </p>
   </div>
   <div class='ocr_carea' id='block_1_94' title="bbox 923 1574 1708 1610">
    <p class='ocr_par' dir='ltr' id='par_1_94' title="bbox 923 1574 1708 1610">
     <span class='ocr_line' id='line_1_94' title="bbox 923 1574 1708 1610; baseline 0.001 -8"><span class='ocrx_word' id='word_1_602' title='bbox 923 1574 1083 1610; x_wconf 88' lang='lat' dir='ltr'><strong>Quanquam</strong></span> <span class='ocrx_word' id='word_1_603' title='bbox 1115 1583 1244 1610; x_wconf 87' lang='lat' dir='ltr'><strong>superare</strong></span> <span class='ocrx_word' id='word_1_604' title='bbox 1269 1575 1296 1602; x_wconf 92' lang='lat' dir='ltr'><strong>in</strong></span> <span class='ocrx_word' id='word_1_605' title='bbox 1325 1575 1368 1603; x_wconf 83' lang='lat' dir='ltr'><strong>his</strong></span> <span class='ocrx_word' id='word_1_606' title='bbox 1395 1575 1524 1603; x_wconf 87' lang='lat' dir='ltr'><strong>omnibus</strong></span> <span class='ocrx_word' id='word_1_607' title='bbox 1551 1583 1600 1610; x_wconf 88' lang='lat' dir='ltr'><strong>pro</strong></span> <span class='ocrx_word' id='word_1_608' title='bbox 1616 1576 1708 1603; x_wconf 86' lang='lat' dir='ltr'><strong>studio</strong></span> 
     </span>
    </p>
   </div>
   <div class='ocr_carea' id='block_1_95' title="bbox 923 1620 1708 1656">
    <p class='ocr_par' dir='ltr' id='par_1_95' title="bbox 923 1620 1708 1656">
     <span class='ocr_line' id='line_1_95' title="bbox 923 1620 1708 1656; baseline 0 -8"><span class='ocrx_word' id='word_1_609' title='bbox 923 1621 1064 1654; x_wconf 87' lang='lat' dir='ltr'><strong>debemus,</strong></span> <span class='ocrx_word' id='word_1_610' title='bbox 1080 1628 1135 1656; x_wconf 88' lang='lat' dir='ltr'><strong>quo</strong></span> <span class='ocrx_word' id='word_1_611' title='bbox 1150 1628 1199 1649; x_wconf 91' lang='lat' dir='ltr'><strong>nos</strong></span> <span class='ocrx_word' id='word_1_612' title='bbox 1222 1625 1404 1656; x_wconf 84' lang='lat' dir='ltr'><strong>prosequatur</strong></span> <span class='ocrx_word' id='word_1_613' title='bbox 1425 1620 1507 1654; x_wconf 86' lang='lat' dir='ltr'><strong>Deus,</strong></span> <span class='ocrx_word' id='word_1_614' title='bbox 1525 1621 1571 1656; x_wconf 92' lang='lat' dir='ltr'><strong>qui</strong></span> <span class='ocrx_word' id='word_1_615' title='bbox 1584 1623 1708 1649; x_wconf 90' lang='lat' dir='ltr'><strong>attitnum</strong></span> 
     </span>
    </p>
   </div>
   <div class='ocr_carea' id='block_1_96' title="bbox 923 1666 1709 1703">
    <p class='ocr_par' dir='ltr' id='par_1_96' title="bbox 923 1666 1709 1703">
     <span class='ocr_line' id='line_1_96' title="bbox 923 1666 1709 1703; baseline 0.001 -9"><span class='ocrx_word' id='word_1_616' title='bbox 923 1675 953 1695; x_wconf 89' lang='lat' dir='ltr'><strong>se</strong></span> <span class='ocrx_word' id='word_1_617' title='bbox 968 1667 1141 1702; x_wconf 89' lang='lat' dir='ltr'><strong>conspicatus</strong></span> <span class='ocrx_word' id='word_1_618' title='bbox 1158 1667 1306 1699; x_wconf 83' lang='lat' dir='ltr'><strong>sitientem,</strong></span> <span class='ocrx_word' id='word_1_619' title='bbox 1322 1666 1490 1699; x_wconf 84' lang='lat' dir='ltr'><strong>consolidat,</strong></span> <span class='ocrx_word' id='word_1_620' title='bbox 1507 1674 1561 1702; x_wconf 90' lang='lat' dir='ltr'><strong>quo</strong></span> <span class='ocrx_word' id='word_1_621' title='bbox 1574 1666 1646 1695; x_wconf 84' lang='lat' dir='ltr'><strong>ferre</strong></span> <span class='ocrx_word' id='word_1_622' title='bbox 1660 1675 1709 1703; x_wconf 90' lang='lat' dir='ltr'><strong>pro</strong></span> 
     </span>
    </p>
   </div>
   <div class='ocr_carea' id='block_1_97' title="bbox 923 1710 1708 1747">
    <p class='ocr_par' dir='ltr' id='par_1_97' title="bbox 923 1710 1708 1747">
     <span class='ocr_line' id='line_1_97' title="bbox 923 1710 1708 1747; baseline 0.003 -9"><span class='ocrx_word' id='word_1_623' title='bbox 923 1719 952 1739; x_wconf 90' lang='lat' dir='ltr'><strong>se</strong></span> <span class='ocrx_word' id='word_1_624' title='bbox 965 1711 1096 1746; x_wconf 87' lang='lat' dir='ltr'><strong>supplicia</strong></span> <span class='ocrx_word' id='word_1_625' title='bbox 1112 1715 1204 1747; x_wconf 89' lang='lat' dir='ltr'><strong>queat.</strong></span> <span class='ocrx_word' id='word_1_626' title='bbox 1228 1710 1396 1740; x_wconf 88' lang='lat' dir='ltr'><strong>Testimonio</strong></span> <span class='ocrx_word' id='word_1_627' title='bbox 1411 1717 1477 1740; x_wconf 87' lang='lat' dir='ltr'><strong>sunt</strong></span> <span class='ocrx_word' id='word_1_628' title='bbox 1491 1719 1553 1739; x_wconf 87' lang='lat' dir='ltr'><strong>cum</strong></span> <span class='ocrx_word' id='word_1_629' title='bbox 1573 1712 1632 1746; x_wconf 91' lang='lat' dir='ltr'><strong>alii,</strong></span> <span class='ocrx_word' id='word_1_630' title='bbox 1651 1717 1708 1740; x_wconf 91' lang='lat' dir='ltr'><strong>tum</strong></span> 
     </span>
    </p>
   </div>
   <div class='ocr_carea' id='block_1_98' title="bbox 924 1757 1710 1794">
    <p class='ocr_par' dir='ltr' id='par_1_98' title="bbox 924 1757 1710 1794">
     <span class='ocr_line' id='line_1_98' title="bbox 924 1757 1710 1794; baseline 0 -8"><span class='ocrx_word' id='word_1_631' title='bbox 924 1758 1011 1786; x_wconf 87' lang='lat' dir='ltr'><strong>sancti</strong></span> <span class='ocrx_word' id='word_1_632' title='bbox 1027 1757 1073 1784; x_wconf 84' lang='lat' dir='ltr'><strong>XL</strong></span> <span class='ocrx_word' id='word_1_633' title='bbox 1093 1757 1238 1793; x_wconf 81' lang='lat' dir='ltr'><strong>Martyres,</strong></span> <span class='ocrx_word' id='word_1_634' title='bbox 1249 1765 1367 1792; x_wconf 88' lang='lat' dir='ltr'><strong>quorum</strong></span> <span class='ocrx_word' id='word_1_635' title='bbox 1389 1758 1634 1793; x_wconf 78' lang='lat' dir='ltr'><strong>imprtesentiarum</strong></span> <span class='ocrx_word' id='word_1_636' title='bbox 1650 1759 1710 1794; x_wconf 77' lang='lat' dir='ltr'><strong>egi-</strong></span> 
     </span>
    </p>
   </div>
   <div class='ocr_carea' id='block_1_99' title="bbox 923 1803 1711 1838">
    <p class='ocr_par' dir='ltr' id='par_1_99' title="bbox 923 1803 1711 1838">
     <span class='ocr_line' id='line_1_99' title="bbox 923 1803 1711 1838; baseline 0.005 -10"><span class='ocrx_word' id='word_1_637' title='bbox 923 1809 985 1829; x_wconf 88' lang='lat' dir='ltr'><strong>mus</strong></span> <span class='ocrx_word' id='word_1_638' title='bbox 1013 1803 1194 1830; x_wconf 89' lang='lat' dir='ltr'><strong>tnemoriam:</strong></span> <span class='ocrx_word' id='word_1_639' title='bbox 1222 1810 1285 1830; x_wconf 89' lang='lat' dir='ltr'><strong>nam</strong></span> <span class='ocrx_word' id='word_1_640' title='bbox 1314 1803 1440 1838; x_wconf 89' lang='lat' dir='ltr'><strong>equidem</strong></span> <span class='ocrx_word' id='word_1_641' title='bbox 1469 1803 1545 1831; x_wconf 87' lang='lat' dir='ltr'><strong>nel‘as</strong></span> <span class='ocrx_word' id='word_1_642' title='bbox 1565 1804 1657 1832; x_wconf 89' lang='lat' dir='ltr'><strong>dicere</strong></span> <span class='ocrx_word' id='word_1_643' title='bbox 1669 1809 1711 1831; x_wconf 83' lang='lat' dir='ltr'><strong>est</strong></span> 
     </span>
    </p>
   </div>
   <div class='ocr_carea' id='block_1_100' title="bbox 924 1848 1710 1883">
    <p class='ocr_par' dir='ltr' id='par_1_100' title="bbox 924 1848 1710 1883">
     <span class='ocr_line' id='line_1_100' title="bbox 924 1848 1710 1883; baseline 0.003 -9"><span class='ocrx_word' id='word_1_644' title='bbox 924 1851 1020 1875; x_wconf 88' lang='lat' dir='ltr'><strong>natura</strong></span> <span class='ocrx_word' id='word_1_645' title='bbox 1044 1855 1126 1882; x_wconf 90' lang='lat' dir='ltr'><strong>quam</strong></span> <span class='ocrx_word' id='word_1_646' title='bbox 1150 1855 1201 1876; x_wconf 90' lang='lat' dir='ltr'><strong>nos</strong></span> <span class='ocrx_word' id='word_1_647' title='bbox 1223 1848 1276 1876; x_wconf 90' lang='lat' dir='ltr'><strong>alia</strong></span> <span class='ocrx_word' id='word_1_648' title='bbox 1293 1848 1422 1883; x_wconf 75' lang='lat' dir='ltr'><strong>prteditos</strong></span> <span class='ocrx_word' id='word_1_649' title='bbox 1439 1848 1535 1882; x_wconf 79' lang='lat' dir='ltr'><strong>fuisse,</strong></span> <span class='ocrx_word' id='word_1_650' title='bbox 1553 1848 1599 1876; x_wconf 88' lang='lat' dir='ltr'><strong>sed</strong></span> <span class='ocrx_word' id='word_1_651' title='bbox 1616 1857 1710 1876; x_wconf 85' lang='lat' dir='ltr'><strong>amore</strong></span> 
     </span>
    </p>
   </div>
   <div class='ocr_carea' id='block_1_101' title="bbox 925 1893 1712 1929">
    <p class='ocr_par' dir='ltr' id='par_1_101' title="bbox 925 1893 1712 1929">
     <span class='ocr_line' id='line_1_101' title="bbox 925 1893 1712 1929; baseline 0.004 -9"><span class='ocrx_word' id='word_1_652' title='bbox 925 1893 1008 1921; x_wconf 84' lang='lat' dir='ltr'><strong>Deum</strong></span> <span class='ocrx_word' id='word_1_653' title='bbox 1020 1901 1052 1921; x_wconf 81' lang='lat' dir='ltr'><strong>ex</strong></span> <span class='ocrx_word' id='word_1_654' title='bbox 1068 1894 1159 1920; x_wconf 89' lang='lat' dir='ltr'><strong>animo</strong></span> <span class='ocrx_word' id='word_1_655' title='bbox 1173 1893 1318 1929; x_wconf 87' lang='lat' dir='ltr'><strong>complexi,</strong></span> <span class='ocrx_word' id='word_1_656' title='bbox 1338 1901 1353 1921; x_wconf 89' lang='lat' dir='ltr'><strong>e</strong></span> <span class='ocrx_word' id='word_1_657' title='bbox 1369 1894 1524 1922; x_wconf 84' lang='lat' dir='ltr'><strong>calamitate</strong></span> <span class='ocrx_word' id='word_1_658' title='bbox 1540 1895 1624 1922; x_wconf 85' lang='lat' dir='ltr'><strong>robur</strong></span> <span class='ocrx_word' id='word_1_659' title='bbox 1643 1903 1712 1923; x_wconf 87' lang='lat' dir='ltr'><strong>con-</strong></span> 
     </span>
    </p>
   </div>
   <div class='ocr_carea' id='block_1_102' title="bbox 925 1937 1710 1974">
    <p class='ocr_par' dir='ltr' id='par_1_102' title="bbox 925 1937 1710 1974">
     <span class='ocr_line' id='line_1_102' title="bbox 925 1937 1710 1974; baseline 0.001 -8"><span class='ocrx_word' id='word_1_660' title='bbox 925 1944 1041 1973; x_wconf 85' lang='lat' dir='ltr'><strong>traxere,</strong></span> <span class='ocrx_word' id='word_1_661' title='bbox 1057 1940 1104 1974; x_wconf 87' lang='lat' dir='ltr'><strong>qui</strong></span> <span class='ocrx_word' id='word_1_662' title='bbox 1126 1939 1244 1966; x_wconf 88' lang='lat' dir='ltr'><strong>invisum</strong></span> <span class='ocrx_word' id='word_1_663' title='bbox 1270 1937 1407 1974; x_wconf 85' lang='lat' dir='ltr'><strong>corporali</strong></span> <span class='ocrx_word' id='word_1_664' title='bbox 1427 1939 1532 1966; x_wconf 87' lang='lat' dir='ltr'><strong>hostem</strong></span> <span class='ocrx_word' id='word_1_665' title='bbox 1559 1939 1710 1972; x_wconf 78' lang='lat' dir='ltr'><strong>vincerent,</strong></span> 
     </span>
    </p>
   </div>
   <div class='ocr_carea' id='block_1_103' title="bbox 923 1985 1711 2021">
    <p class='ocr_par' dir='ltr' id='par_1_103' title="bbox 923 1985 1711 2021">
     <span class='ocr_line' id='line_1_103' title="bbox 923 1985 1711 2021; baseline 0.001 -9"><span class='ocrx_word' id='word_1_666' title='bbox 923 1993 956 2013; x_wconf 89' lang='lat' dir='ltr'><strong>ac</strong></span> <span class='ocrx_word' id='word_1_667' title='bbox 988 1985 1041 2012; x_wconf 89' lang='lat' dir='ltr'><strong>tale</strong></span> <span class='ocrx_word' id='word_1_668' title='bbox 1080 1989 1241 2019; x_wconf 84' lang='lat' dir='ltr'><strong>tantumque</strong></span> <span class='ocrx_word' id='word_1_669' title='bbox 1267 1985 1390 2020; x_wconf 59' lang='lat' dir='ltr'><strong>praelium</strong></span> <span class='ocrx_word' id='word_1_670' title='bbox 1419 1985 1604 2020; x_wconf 84' lang='lat' dir='ltr'><strong>conﬁcerent,</strong></span> <span class='ocrx_word' id='word_1_671' title='bbox 1637 1992 1711 2021; x_wconf 86' lang='lat' dir='ltr'><strong>quou</strong></span> 
     </span>
    </p>
   </div>
   <div class='ocr_carea' id='block_1_104' title="bbox 923 2030 1712 2067">
    <p class='ocr_par' dir='ltr' id='par_1_104' title="bbox 923 2030 1712 2067">
     <span class='ocr_line' id='line_1_104' title="bbox 923 2030 1712 2067; baseline 0.003 -10"><span class='ocrx_word' id='word_1_672' title='bbox 923 2030 1072 2059; x_wconf 86' lang='lat' dir='ltr'><strong>Christiani</strong></span> <span class='ocrx_word' id='word_1_673' title='bbox 1094 2038 1190 2058; x_wconf 90' lang='lat' dir='ltr'><strong>omnes</strong></span> <span class='ocrx_word' id='word_1_674' title='bbox 1204 2030 1352 2058; x_wconf 87' lang='lat' dir='ltr'><strong>celebrant.</strong></span> <span class='ocrx_word' id='word_1_675' title='bbox 1380 2030 1526 2058; x_wconf 89' lang='lat' dir='ltr'><strong>Enimvero</strong></span> <span class='ocrx_word' id='word_1_676' title='bbox 1542 2031 1648 2059; x_wconf 80' lang='lat' dir='ltr'><strong>felicem</strong></span> <span class='ocrx_word' id='word_1_677' title='bbox 1663 2033 1712 2067; x_wconf 91' lang='lat' dir='ltr'><strong>qui</strong></span> 
     </span>
    </p>
   </div>
   <div class='ocr_carea' id='block_1_105' title="bbox 924 2077 1710 2112">
    <p class='ocr_par' dir='ltr' id='par_1_105' title="bbox 924 2077 1710 2112">
     <span class='ocr_line' id='line_1_105' title="bbox 924 2077 1710 2112; baseline 0.003 -8"><span class='ocrx_word' id='word_1_678' title='bbox 924 2077 966 2104; x_wconf 87' lang='lat' dir='ltr'><strong>vel</strong></span> <span class='ocrx_word' id='word_1_679' title='bbox 995 2077 1128 2104; x_wconf 85' lang='lat' dir='ltr'><strong>tantillum</strong></span> <span class='ocrx_word' id='word_1_680' title='bbox 1159 2077 1261 2104; x_wconf 88' lang='lat' dir='ltr'><strong>Christi</strong></span> <span class='ocrx_word' id='word_1_681' title='bbox 1287 2077 1430 2112; x_wconf 88' lang='lat' dir='ltr'><strong>suppliciis</strong></span> <span class='ocrx_word' id='word_1_682' title='bbox 1455 2078 1651 2111; x_wconf 86' lang='lat' dir='ltr'><strong>communicet,</strong></span> <span class='ocrx_word' id='word_1_683' title='bbox 1677 2079 1710 2106; x_wconf 90' lang='lat' dir='ltr'><strong>ad</strong></span> 
     </span>
    </p>
   </div>
   <div class='ocr_carea' id='block_1_106' title="bbox 888 2124 1711 2163">
    <p class='ocr_par' dir='ltr' id='par_1_106' title="bbox 888 2124 1711 2163">
     <span class='ocr_line' id='line_1_106' title="bbox 888 2124 1711 2163; baseline 0 -10"><span class='ocrx_word' id='word_1_684' title='bbox 888 2135 910 2163; x_wconf 79' lang='grc' dir='ltr'><strong>ι)</strong></span> <span class='ocrx_word' id='word_1_685' title='bbox 924 2131 1018 2153; x_wconf 88' lang='lat' dir='ltr'><strong>necem</strong></span> <span class='ocrx_word' id='word_1_686' title='bbox 1035 2129 1155 2160; x_wconf 86' lang='lat' dir='ltr'><strong>petatur,</strong></span> <span class='ocrx_word' id='word_1_687' title='bbox 1169 2131 1246 2160; x_wconf 71' lang='lat' dir='ltr'><strong>aeque</strong></span> <span class='ocrx_word' id='word_1_688' title='bbox 1263 2131 1296 2152; x_wconf 86' lang='lat' dir='ltr'><strong>ac</strong></span> <span class='ocrx_word' id='word_1_689' title='bbox 1317 2124 1418 2159; x_wconf 89' lang='lat' dir='ltr'><strong>petitus</strong></span> <span class='ocrx_word' id='word_1_690' title='bbox 1434 2125 1479 2153; x_wconf 91' lang='lat' dir='ltr'><strong>ille</strong></span> <span class='ocrx_word' id='word_1_691' title='bbox 1504 2130 1562 2159; x_wconf 89' lang='lat' dir='ltr'><strong>est;</strong></span> <span class='ocrx_word' id='word_1_692' title='bbox 1586 2133 1711 2161; x_wconf 84' lang='lat' dir='ltr'><strong>compre-</strong></span> 
     </span>
    </p>
   </div>
   <div class='ocr_carea' id='block_1_107' title="bbox 922 2170 1713 2202">
    <p class='ocr_par' dir='ltr' id='par_1_107' title="bbox 922 2170 1713 2202">
     <span class='ocr_line' id='line_1_107' title="bbox 922 2170 1713 2202; baseline 0.001 -4"><span class='ocrx_word' id='word_1_693' title='bbox 922 2170 1056 2199; x_wconf 89' lang='lat' dir='ltr'><strong>hendatur</strong></span> <span class='ocrx_word' id='word_1_694' title='bbox 1084 2174 1113 2197; x_wconf 91' lang='lat' dir='ltr'><strong>ut</strong></span> <span class='ocrx_word' id='word_1_695' title='bbox 1143 2170 1199 2201; x_wconf 84' lang='lat' dir='ltr'><strong>ille,</strong></span> <span class='ocrx_word' id='word_1_696' title='bbox 1230 2170 1405 2198; x_wconf 88' lang='lat' dir='ltr'><strong>contumeliis</strong></span> <span class='ocrx_word' id='word_1_697' title='bbox 1436 2171 1572 2198; x_wconf 83' lang='lat' dir='ltr'><strong>laceretur</strong></span> <span class='ocrx_word' id='word_1_698' title='bbox 1603 2177 1633 2199; x_wconf 93' lang='lat' dir='ltr'><strong>ut</strong></span> <span class='ocrx_word' id='word_1_699' title='bbox 1656 2172 1713 2202; x_wconf 90' lang='lat' dir='ltr'><strong>ille,</strong></span> 
     </span>
    </p>
   </div>
   <div class='ocr_carea' id='block_1_108' title="bbox 920 2215 1712 2251">
    <p class='ocr_par' dir='ltr' id='par_1_108' title="bbox 920 2215 1712 2251">
     <span class='ocr_line' id='line_1_108' title="bbox 920 2215 1712 2251; baseline 0 -7"><span class='ocrx_word' id='word_1_700' title='bbox 920 2216 1030 2251; x_wconf 89' lang='lat' dir='ltr'><strong>vapulet</strong></span> <span class='ocrx_word' id='word_1_701' title='bbox 1055 2216 1155 2248; x_wconf 92' lang='lat' dir='ltr'><strong>utille,</strong></span> <span class='ocrx_word' id='word_1_702' title='bbox 1182 2215 1209 2242; x_wconf 95' lang='lat' dir='ltr'><strong>in</strong></span> <span class='ocrx_word' id='word_1_703' title='bbox 1232 2223 1371 2243; x_wconf 86' lang='lat' dir='ltr'><strong>carcerem</strong></span> <span class='ocrx_word' id='word_1_704' title='bbox 1397 2217 1596 2251; x_wconf 75' lang='lat' dir='ltr'><strong>compingatur,</strong></span> <span class='ocrx_word' id='word_1_705' title='bbox 1611 2221 1640 2244; x_wconf 92' lang='lat' dir='ltr'><strong>ut</strong></span> <span class='ocrx_word' id='word_1_706' title='bbox 1656 2216 1712 2245; x_wconf 88' lang='lat' dir='ltr'><strong>ille.</strong></span> 
     </span>
    </p>
   </div>
   <div class='ocr_carea' id='block_1_109' title="bbox 919 2260 1713 2296">
    <p class='ocr_par' dir='ltr' id='par_1_109' title="bbox 919 2260 1713 2296">
     <span class='ocr_line' id='line_1_109' title="bbox 919 2260 1713 2296; baseline 0.003 -7"><span class='ocrx_word' id='word_1_707' title='bbox 919 2260 979 2289; x_wconf 76' lang='lat' dir='ltr'><strong>Iam</strong></span> <span class='ocrx_word' id='word_1_708' title='bbox 995 2261 1096 2290; x_wconf 89' lang='lat' dir='ltr'><strong>videsis</strong></span> <span class='ocrx_word' id='word_1_709' title='bbox 1116 2266 1144 2289; x_wconf 90' lang='lat' dir='ltr'><strong>et</strong></span> <span class='ocrx_word' id='word_1_710' title='bbox 1156 2269 1205 2289; x_wconf 88' lang='lat' dir='ltr'><strong>cur</strong></span> <span class='ocrx_word' id='word_1_711' title='bbox 1217 2266 1373 2294; x_wconf 76' lang='lat' dir='ltr'><strong>exaratum,</strong></span> <span class='ocrx_word' id='word_1_712' title='bbox 1396 2260 1426 2288; x_wconf 85' lang='lat' dir='ltr'><strong>Si</strong></span> <span class='ocrx_word' id='word_1_713' title='bbox 1439 2263 1597 2288; x_wconf 83' lang='lat' dir='ltr'><strong>commortui</strong></span> <span class='ocrx_word' id='word_1_714' title='bbox 1611 2271 1713 2296; x_wconf 81' lang='lat' dir='ltr'><strong>sumus,</strong></span> 
     </span>
    </p>
   </div>
   <div class='ocr_carea' id='block_1_110' title="bbox 919 2308 1715 2343">
    <p class='ocr_par' dir='ltr' id='par_1_110' title="bbox 919 2308 1715 2343">
     <span class='ocr_line' id='line_1_110' title="bbox 919 2308 1715 2343; baseline 0.004 -9"><span class='ocrx_word' id='word_1_715' title='bbox 919 2313 944 2335; x_wconf 85' lang='lat' dir='ltr'><strong>et</strong></span> <span class='ocrx_word' id='word_1_716' title='bbox 959 2308 1121 2335; x_wconf 78' lang='lat' dir='ltr'><strong>convivemus</strong></span> <span class='ocrx_word' id='word_1_717' title='bbox 1134 2315 1143 2341; x_wconf 87' lang='lat'><em>;</em></span> <span class='ocrx_word' id='word_1_718' title='bbox 1156 2309 1178 2335; x_wconf 83' lang='lat' dir='ltr'><strong>si</strong></span> <span class='ocrx_word' id='word_1_719' title='bbox 1194 2308 1390 2340; x_wconf 84' lang='lat' dir='ltr'><strong>sustinebimus,</strong></span> <span class='ocrx_word' id='word_1_720' title='bbox 1403 2312 1428 2335; x_wconf 88' lang='lat' dir='ltr'><strong>et</strong></span> <span class='ocrx_word' id='word_1_721' title='bbox 1443 2309 1659 2343; x_wconf 74' lang='lat' dir='ltr'><strong>conregnabimus</strong></span> <span class='ocrx_word' id='word_1_722' title='bbox 1672 2311 1715 2337; x_wconf 81' lang='lat' dir='ltr'><strong>:u&#39;</strong></span> 
     </span>
    </p>
   </div>
   <div class='ocr_carea' id='block_1_111' title="bbox 921 2353 1713 2389">
    <p class='ocr_par' dir='ltr' id='par_1_111' title="bbox 921 2353 1713 2389">
     <span class='ocr_line' id='line_1_111' title="bbox 921 2353 1713 2389; baseline 0.004 -9"><span class='ocrx_word' id='word_1_723' title='bbox 921 2355 1111 2389; x_wconf 84' lang='lat' dir='ltr'><strong>negaverimus,</strong></span> <span class='ocrx_word' id='word_1_724' title='bbox 1128 2358 1154 2380; x_wconf 82' lang='lat' dir='ltr'><strong>et</strong></span> <span class='ocrx_word' id='word_1_725' title='bbox 1172 2353 1217 2381; x_wconf 85' lang='lat' dir='ltr'><strong>ille</strong></span> <span class='ocrx_word' id='word_1_726' title='bbox 1240 2355 1344 2388; x_wconf 82' lang='lat' dir='ltr'><strong>negabit</strong></span> <span class='ocrx_word' id='word_1_727' title='bbox 1365 2362 1429 2387; x_wconf 85' lang='lat' dir='ltr'><strong>nos;</strong></span> <span class='ocrx_word' id='word_1_728' title='bbox 1449 2355 1472 2381; x_wconf 81' lang='lat' dir='ltr'><strong>si</strong></span> <span class='ocrx_word' id='word_1_729' title='bbox 1488 2363 1539 2382; x_wconf 84' lang='lat' dir='ltr'><strong>non</strong></span> <span class='ocrx_word' id='word_1_730' title='bbox 1564 2356 1713 2383; x_wconf 77' lang='lat' dir='ltr'><strong>credimus:</strong></span> 
     </span>
    </p>
   </div>
   <div class='ocr_carea' id='block_1_112' title="bbox 921 2399 1714 2437">
    <p class='ocr_par' dir='ltr' id='par_1_112' title="bbox 921 2399 1714 2437">
     <span class='ocr_line' id='line_1_112' title="bbox 921 2399 1714 2437; baseline 0.004 -11"><span class='ocrx_word' id='word_1_731' title='bbox 921 2399 966 2426; x_wconf 84' lang='lat' dir='ltr'><strong>ille</strong></span> <span class='ocrx_word' id='word_1_732' title='bbox 976 2399 1063 2434; x_wconf 85' lang='lat' dir='ltr'><strong>ﬁdelis</strong></span> <span class='ocrx_word' id='word_1_733' title='bbox 1077 2404 1222 2434; x_wconf 87' lang='lat' dir='ltr'><strong>permanet,</strong></span> <span class='ocrx_word' id='word_1_734' title='bbox 1252 2408 1346 2436; x_wconf 85' lang='lat' dir='ltr'><strong>negare</strong></span> <span class='ocrx_word' id='word_1_735' title='bbox 1365 2401 1480 2435; x_wconf 76' lang='lat' dir='ltr'><strong>seipsum</strong></span> <span class='ocrx_word' id='word_1_736' title='bbox 1507 2409 1559 2428; x_wconf 83' lang='lat' dir='ltr'><strong>non</strong></span> <span class='ocrx_word' id='word_1_737' title='bbox 1573 2406 1658 2437; x_wconf 78' lang='lat' dir='ltr'><strong>potest</strong></span> <span class='ocrx_word' id='word_1_738' title='bbox 1670 2402 1693 2418; x_wconf 72' lang='grc'><strong>⁷⁸</strong></span> <span class='ocrx_word' id='word_1_739' title='bbox 1705 2422 1714 2435; x_wconf 85' lang='grc'><em>,</em></span> 
     </span>
    </p>
   </div>
   <div class='ocr_carea' id='block_1_113' title="bbox 923 2443 1716 2483">
    <p class='ocr_par' dir='ltr' id='par_1_113' title="bbox 923 2443 1716 2483">
     <span class='ocr_line' id='line_1_113' title="bbox 923 2443 1716 2483; baseline 0.005 -10"><span class='ocrx_word' id='word_1_740' title='bbox 923 2445 988 2473; x_wconf 86' lang='lat' dir='ltr'><strong>huic</strong></span> <span class='ocrx_word' id='word_1_741' title='bbox 1006 2443 1254 2482; x_wconf 27' lang='lat' dir='ltr'><strong>promissal‘quat,</strong></span> <span class='ocrx_word' id='word_1_742' title='bbox 1270 2453 1297 2474; x_wconf 90' lang='lat' dir='ltr'><strong>et</strong></span> <span class='ocrx_word' id='word_1_743' title='bbox 1314 2447 1470 2483; x_wconf 89' lang='lat' dir='ltr'><strong>cujusmodi</strong></span> <span class='ocrx_word' id='word_1_744' title='bbox 1487 2449 1582 2476; x_wconf 77' lang='lat' dir='ltr'><strong>minue!</strong></span> <span class='ocrx_word' id='word_1_745' title='bbox 1601 2449 1639 2477; x_wconf 89' lang='lat' dir='ltr'><strong>De</strong></span> <span class='ocrx_word' id='word_1_746' title='bbox 1661 2457 1716 2477; x_wconf 75' lang='lat' dir='ltr'><strong>ca:-</strong></span> 
     </span>
    </p>
   </div>
   <div class='ocr_carea' id='block_1_114' title="bbox 923 2491 1715 2530">
    <p class='ocr_par' dir='ltr' id='par_1_114' title="bbox 923 2491 1715 2530">
     <span class='ocr_line' id='line_1_114' title="bbox 923 2491 1715 2530; baseline 0.005 -11"><span class='ocrx_word' id='word_1_747' title='bbox 923 2496 981 2519; x_wconf 90' lang='lat' dir='ltr'><strong>tero</strong></span> <span class='ocrx_word' id='word_1_748' title='bbox 1007 2491 1104 2520; x_wconf 89' lang='lat' dir='ltr'><strong>demus</strong></span> <span class='ocrx_word' id='word_1_749' title='bbox 1131 2500 1254 2528; x_wconf 79' lang='lat' dir='ltr'><strong>operam,</strong></span> <span class='ocrx_word' id='word_1_750' title='bbox 1282 2493 1394 2527; x_wconf 81' lang='lat' dir='ltr'><strong>fratres,</strong></span> <span class='ocrx_word' id='word_1_751' title='bbox 1425 2498 1573 2526; x_wconf 85' lang='lat' dir='ltr'><strong>certemus,</strong></span> <span class='ocrx_word' id='word_1_752' title='bbox 1587 2503 1648 2530; x_wconf 78' lang='lat' dir='ltr'><strong>quae</strong></span> <span class='ocrx_word' id='word_1_753' title='bbox 1658 2495 1715 2530; x_wconf 88' lang='lat' dir='ltr'><strong>jam</strong></span> 
     </span>
    </p>
   </div>
   <div class='ocr_carea' id='block_1_115' title="bbox 924 2537 1713 2575">
    <p class='ocr_par' dir='ltr' id='par_1_115' title="bbox 924 2537 1713 2575">
     <span class='ocr_line' id='line_1_115' title="bbox 924 2537 1713 2575; baseline 0.006 -11"><span class='ocrx_word' id='word_1_754' title='bbox 924 2537 1026 2565; x_wconf 73' lang='lat' dir='ltr'><strong>ChriSti</strong></span> <span class='ocrx_word' id='word_1_755' title='bbox 1049 2537 1124 2565; x_wconf 89' lang='lat' dir='ltr'><strong>obita</strong></span> <span class='ocrx_word' id='word_1_756' title='bbox 1148 2538 1280 2566; x_wconf 85' lang='lat' dir='ltr'><strong>beneﬂcio</strong></span> <span class='ocrx_word' id='word_1_757' title='bbox 1302 2543 1377 2572; x_wconf 90' lang='lat' dir='ltr'><strong>sunt,</strong></span> <span class='ocrx_word' id='word_1_758' title='bbox 1397 2539 1510 2567; x_wconf 91' lang='lat' dir='ltr'><strong>minime</strong></span> <span class='ocrx_word' id='word_1_759' title='bbox 1538 2540 1713 2575; x_wconf 75' lang='lat' dir='ltr'><strong>pudefacere,</strong></span> 
     </span>
    </p>
   </div>
   <div class='ocr_carea' id='block_1_116' title="bbox 925 2583 1714 2621">
    <p class='ocr_par' dir='ltr' id='par_1_116' title="bbox 925 2583 1714 2621">
     <span class='ocr_line' id='line_1_116' title="bbox 925 2583 1714 2621; baseline 0.004 -10"><span class='ocrx_word' id='word_1_760' title='bbox 925 2583 1031 2616; x_wconf 85' lang='lat' dir='ltr'><strong>exsilia,</strong></span> <span class='ocrx_word' id='word_1_761' title='bbox 1052 2583 1209 2618; x_wconf 85' lang='lat' dir='ltr'><strong>compedes,</strong></span> <span class='ocrx_word' id='word_1_762' title='bbox 1244 2584 1339 2619; x_wconf 85' lang='lat' dir='ltr'><strong>ﬂagra.</strong></span> <span class='ocrx_word' id='word_1_763' title='bbox 1370 2585 1404 2612; x_wconf 87' lang='lat' dir='ltr'><strong>Et</strong></span> <span class='ocrx_word' id='word_1_764' title='bbox 1428 2585 1451 2613; x_wconf 92' lang='lat' dir='ltr'><strong>si</strong></span> <span class='ocrx_word' id='word_1_765' title='bbox 1467 2585 1538 2613; x_wconf 86' lang='lat' dir='ltr'><strong>haud</strong></span> <span class='ocrx_word' id='word_1_766' title='bbox 1568 2586 1714 2621; x_wconf 89' lang='lat' dir='ltr'><strong>compediti</strong></span> 
     </span>
    </p>
   </div>
   <div class='ocr_carea' id='block_1_117' title="bbox 925 2629 1715 2668">
    <p class='ocr_par' dir='ltr' id='par_1_117' title="bbox 925 2629 1715 2668">
     <span class='ocr_line' id='line_1_117' title="bbox 925 2629 1715 2668; baseline 0.006 -13"><span class='ocrx_word' id='word_1_767' title='bbox 925 2635 1020 2656; x_wconf 87' lang='lat' dir='ltr'><strong>omnes</strong></span> <span class='ocrx_word' id='word_1_768' title='bbox 1040 2636 1148 2661; x_wconf 81' lang='lat' dir='ltr'><strong>sumus,</strong></span> <span class='ocrx_word' id='word_1_769' title='bbox 1180 2629 1253 2657; x_wconf 90' lang='lat' dir='ltr'><strong>haud</strong></span> <span class='ocrx_word' id='word_1_770' title='bbox 1274 2629 1386 2657; x_wconf 89' lang='lat' dir='ltr'><strong>multari</strong></span> <span class='ocrx_word' id='word_1_771' title='bbox 1411 2637 1508 2659; x_wconf 88' lang='lat' dir='ltr'><strong>onmes</strong></span> <span class='ocrx_word' id='word_1_772' title='bbox 1538 2631 1641 2668; x_wconf 84' lang='lat' dir='ltr'><strong>ﬂagris,</strong></span> <span class='ocrx_word' id='word_1_773' title='bbox 1667 2633 1715 2660; x_wconf 87' lang='lat' dir='ltr'><strong>sed</strong></span> 
     </span>
    </p>
   </div>
   <div class='ocr_carea' id='block_1_118' title="bbox 920 2674 1716 2713">
    <p class='ocr_par' dir='ltr' id='par_1_118' title="bbox 920 2674 1716 2713">
     <span class='ocr_line' id='line_1_118' title="bbox 920 2674 1716 2713; baseline 0.008 -13"><span class='ocrx_word' id='word_1_774' title='bbox 920 2674 1055 2701; x_wconf 88' lang='lat' dir='ltr'><strong>.nimirum</strong></span> <span class='ocrx_word' id='word_1_775' title='bbox 1069 2674 1131 2702; x_wconf 61' lang='lat' dir='ltr'><strong>vitae</strong></span> <span class='ocrx_word' id='word_1_776' title='bbox 1144 2675 1196 2702; x_wconf 89' lang='lat' dir='ltr'><strong>hoc</strong></span> <span class='ocrx_word' id='word_1_777' title='bbox 1210 2675 1327 2703; x_wconf 90' lang='lat' dir='ltr'><strong>societas</strong></span> <span class='ocrx_word' id='word_1_778' title='bbox 1342 2675 1514 2704; x_wconf 86' lang='lat' dir='ltr'><strong>miseriarum</strong></span> <span class='ocrx_word' id='word_1_779' title='bbox 1534 2679 1658 2713; x_wconf 78' lang='lat' dir='ltr'><strong>quaedam</strong></span> <span class='ocrx_word' id='word_1_780' title='bbox 1674 2684 1716 2706; x_wconf 84' lang='lat' dir='ltr'><strong>est</strong></span> 
     </span>
    </p>
   </div>
   <div class='ocr_carea' id='block_1_119' title="bbox 926 2720 1716 2757">
    <p class='ocr_par' dir='ltr' id='par_1_119' title="bbox 926 2720 1716 2757">
     <span class='ocr_line' id='line_1_119' title="bbox 926 2720 1716 2757; baseline 0.006 -10"><span class='ocrx_word' id='word_1_781' title='bbox 926 2720 1064 2748; x_wconf 84' lang='lat' dir='ltr'><strong>societas:</strong></span> <span class='ocrx_word' id='word_1_782' title='bbox 1082 2728 1145 2748; x_wconf 89' lang='lat' dir='ltr'><strong>nam</strong></span> <span class='ocrx_word' id='word_1_783' title='bbox 1165 2728 1213 2749; x_wconf 86' lang='lat' dir='ltr'><strong>seu</strong></span> <span class='ocrx_word' id='word_1_784' title='bbox 1243 2729 1326 2749; x_wconf 89' lang='lat' dir='ltr'><strong>unutn</strong></span> <span class='ocrx_word' id='word_1_785' title='bbox 1345 2722 1416 2750; x_wconf 87' lang='lat' dir='ltr'><strong>dolet</strong></span> <span class='ocrx_word' id='word_1_786' title='bbox 1434 2723 1601 2757; x_wconf 89' lang='lat' dir='ltr'><strong>membrum,</strong></span> <span class='ocrx_word' id='word_1_787' title='bbox 1615 2729 1716 2752; x_wconf 84' lang='lat' dir='ltr'><strong>cuneta</strong></span> 
     </span>
    </p>
   </div>
   <div class='ocr_carea' id='block_1_120' title="bbox 1040 2789 1719 2829">
    <p class='ocr_par' dir='ltr' id='par_1_120' title="bbox 1040 2789 1719 2829">
     <span class='ocr_line' id='line_1_120' title="bbox 1040 2789 1719 2829; baseline 0.003 -10"><span class='ocrx_word' id='word_1_788' title='bbox 1040 2791 1061 2808; x_wconf 87' lang='grc'><strong>⁷³</strong></span> <span class='ocrx_word' id='word_1_789' title='bbox 1078 2790 1129 2820; x_wconf 89' lang='lat' dir='ltr'><strong>Isa.</strong></span> <span class='ocrx_word' id='word_1_790' title='bbox 1145 2799 1193 2826; x_wconf 80' lang='lat' dir='ltr'><strong>tu,</strong></span> <span class='ocrx_word' id='word_1_791' title='bbox 1209 2792 1237 2819; x_wconf 85' lang='lat' dir='ltr'><strong>ll</strong></span> <span class='ocrx_word' id='word_1_792' title='bbox 1253 2801 1260 2824; x_wconf 85' lang='lat'><strong>;</strong></span> <span class='ocrx_word' id='word_1_793' title='bbox 1277 2789 1297 2819; x_wconf 90' lang='lat' dir='ltr'><strong>ll</strong></span> <span class='ocrx_word' id='word_1_794' title='bbox 1315 2793 1376 2821; x_wconf 89' lang='lat' dir='ltr'><strong>Cor.</strong></span> <span class='ocrx_word' id='word_1_795' title='bbox 1394 2800 1431 2826; x_wconf 85' lang='lat' dir='ltr'><strong>vt,</strong></span> <span class='ocrx_word' id='word_1_796' title='bbox 1449 2792 1491 2820; x_wconf 81' lang='lat' dir='ltr'><strong>l7.</strong></span> <span class='ocrx_word' id='word_1_797' title='bbox 1533 2793 1554 2809; x_wconf 80' lang='grc'><strong>⁷⁸</strong></span> <span class='ocrx_word' id='word_1_798' title='bbox 1568 2791 1589 2820; x_wconf 92' lang='lat' dir='ltr'><strong>ll</strong></span> <span class='ocrx_word' id='word_1_799' title='bbox 1604 2792 1664 2821; x_wconf 87' lang='lat' dir='ltr'><strong>Tim</strong></span> <span class='ocrx_word' id='word_1_800' title='bbox 1687 2801 1719 2829; x_wconf 83' lang='lat' dir='ltr'><strong>It,</strong></span> 
     </span>
    </p>
   </div>
  </div>
