1921 3073
233 149 279 181 591

232 203 391 234 condolenl;
416 210 463 230 seu
478 202 674 229 eobonestalur
701 209 796 233 unum,
815 206 913 228 cuncta
928 205 1020 235 gratu-
1037 201 1058 228 Α
1075 207 1190 226 numero
1213 208 1220 225 :

233 251 335 277 lantur.
353 249 424 281 Quin
443 249 530 276 simus
544 248 662 283 amplius
678 255 762 274 unum
779 255 889 282 corpus,
909 253 1018 281 unaque

233 303 320 326 mens,
337 299 366 321 ut
380 294 407 321 in
425 302 506 321 unam
523 302 597 329 spem
620 293 710 322 acciti.
725 297 752 320 et.
764 293 865 324 vocati,
877 292 1017 319 Christ-um

231 345 313 375 caput
330 340 473 371 habentes,
487 347 551 373 quo,
568 338 670 372 accepti
690 338 756 369 Deo,
774 338 887 365 caeleste
904 345 1019 372 regnum

232 386 356 412 ineamus
373 392 421 420 per
444 383 582 411 Christum
602 382 695 410 Jcsum
718 383 861 410 Dominum
883 387 1019 415 nostrum,

231 432 275 459 cui
291 431 375 466 gloria
392 435 419 458 et
436 430 591 465 imperium.
607 438 668 457 cum
687 429 777 461 Patre,
800 437 832 456 ac
846 433 943 456 saneto
956 428 1020 462 Spi-

231 478 295 510 ritu,
307 484 380 504 nunc
394 481 421 504 et
446 483 563 510 semper,
581 476 607 502 in
620 483 785 509 omnemque
798 475 1019 509 perpetuitatem.

231 523 327 550 Amen.

504 567 621 594 SERMO
641 566 734 593 LXIII.

233 613 384 640 llistoricus
409 613 442 640 de
473 613 634 640 Christianis
651 620 696 646 per
713 611 867 647 Uulgariam
882 613 911 639 in
924 617 1019 640 sancta

302 648 511 683 Quadragesima
525 648 556 674 ob
572 656 644 674 esum
659 647 779 674 carnium
798 648 950 682 peremptis.

264 694 374 722 Fratres
421 694 581 728 Palresque.
608 694 674 721 libet
704 694 756 720 hac
772 694 1021 721 Catecbesinarra-

230 740 303 768 tione
330 741 446 775 quadam
473 748 522 767 vos
544 740 577 767 ad
612 739 736 767 lzetitiam
766 740 913 773 cohortari,
934 747 965 767 ea
981 745 1023 767 est

230 786 397 820 hujusmodi.
412 785 440 812 ln
456 785 591 820 Bulgaria,
607 790 635 812 ut
651 786 793 820 explorate
813 786 916 813 conscii
941 791 1016 813 retu-

229 829 295 860 lere,
321 829 483 856 sceleratum
502 838 516 856 a
538 830 660 864 principe
682 830 750 856 exiit
769 829 901 863 edictum,
919 830 1019 858 fratres

827 147 857 175 S‘
870 144 1066 175 TlIEODORI
1094 144 1266 174 STUDIT/E

1797 145 1844 178 592

1254 199 1388 234 siquidem
1414 199 1430 225 ii
1455 204 1572 233 septem,
1589 198 1617 226 hi
1644 200 1844 234 quatuordecim.

1072 245 1145 279 iique
1174 252 1208 272 ne
1236 244 1346 272 suillam
1377 249 1517 280 gustarent
1549 249 1644 271 contra
1665 245 1760 280 legem,
1778 246 1847 275 hine

1072 299 1180 318 carnem
1201 290 1284 318 ullam
1311 295 1441 325 caperent
1463 295 1561 325 praeter
1588 297 1712 317 normam
1726 290 1848 319 Christia-

1072 344 1154 369 nam;
1192 337 1265 371 qliod
1306 335 1460 364 absolutius
1496 335 1699 370 quodammodo
1734 336 1847 363 videtur:

1071 383 1171 417 quippe
1187 386 1245 410 erat
1258 382 1292 409 iis
1307 382 1420 409 omnino
1433 381 1577 409 interdicta
1589 381 1690 409 suilla:
1704 382 1748 410 his
1763 382 1849 409 licebat

1072 429 1099 456 in
1130 429 1293 456 necessitate
1323 428 1383 460 uti;
1412 428 1551 462 quamvis,
1571 435 1661 462 neque
1677 429 1805 460 damnari,
1822 433 1850 456 ut

1071 475 1110 500 ait
1126 474 1234 501 divinus
1261 473 1390 506 Basilius,
1416 473 1464 501 sed
1484 473 1548 507 quia
1580 473 1734 508 profectum
1751 478 1802 501 erat
1817 474 1850 500 ab

1073 518 1182 554 Scythis
1211 519 1342 550 edictum,
1370 519 1403 546 ad
1436 519 1577 554 religionis
1589 519 1773 553 prtejudicium
1792 526 1850 553 spe-

1072 570 1160 598 ctans,
1178 566 1300 592 animum
1314 573 1368 592 non
1388 565 1556 592 induxerunt
1573 575 1580 592 :
1611 566 1677 600 quiti
1693 573 1742 600 pro
1755 565 1848 593 Christi

1072 617 1167 637 amore
1194 615 1293 637 cuncta
1313 610 1340 636 in
1368 610 1497 637 secundis
1515 610 1681 638 habuerunt.
1696 609 1719 637 Ο
1736 611 1849 638 beatissi-

1074 664 1133 682 mos
1145 656 1235 682 virosl
1259 663 1275 681 ο
1304 654 1493 682 felicissimum
1516 655 1686 682 mercatum!
1715 663 1767 682 uno
1790 660 1851 683 tem-

1074 701 1147 735 poris
1166 704 1305 727 momento
1328 701 1446 735 quietem
1464 699 1565 734 pacisci
1579 699 1782 734 sempiternam.
1799 701 1852 736 Age

1074 753 1137 773 vero
1150 745 1213 780 quid
1227 746 1260 772 ad
1274 745 1331 771 lucc
1347 744 1551 778 respondebunt
1565 743 1613 778 qui
1630 744 1781 771 haereticam
1791 751 1852 771 cou-

1073 791 1244 818 suetudinem
1258 791 1445 825 pratjudicium
1472 791 1590 825 negent?
1612 798 1673 817 nam
1691 790 1714 817 si
1731 790 1854 818 Christia-

1074 837 1166 865 nitatis
1181 837 1368 872 praejudicium
1383 837 1442 871 ejus
1464 837 1588 865 carnium
1606 840 1658 867 est,
1685 841 1785 871 quanto
1799 844 1854 863 ma-

230 882 313 901 manu
329 878 423 909 captos
435 874 605 902 Christianus
626 875 757 902 carnibus
770 883 819 910 per
835 875 1016 910 Quadragesi-

1074 885 1113 917 gis
1138 882 1308 911 consuetudo
1333 883 1447 910 nefariis
1471 888 1583 917 operata
1607 882 1778 910 sacris?Ubi
1794 888 1855 910 sunt

229 927 301 947 mam
323 921 405 952 vesci,
429 920 557 956 dictoque
584 921 668 948 vitam
696 921 879 956 obsequentes
907 921 1018 953 habere,

229 966 570 1002 iuohsequcutesperimi.
591 966 650 1000 Qua
673 967 833 994 conlirmata
862 967 939 1002 impii
958 975 1019 1002 pro-

229 1011 405 1046 mulgatione,
426 1017 514 1040 coetus
530 1013 643 1048 agitare,
660 1017 687 1041 et
700 1013 793 1040 ﬂetum
807 1013 975 1048 frequentes,
987 1022 1020 1042 ac

228 1057 346 1085 lamenta
381 1065 443 1085 cum
473 1058 614 1091 uxoribus,
651 1058 799 1094 liberisque
821 1059 933 1093 ducere,
951 1059 1016 1087 hinc

228 1104 296 1138 legis
321 1103 414 1131 studio
441 1103 615 1136 Christianae,
645 1104 720 1132 illinc
743 1105 893 1139 corporalis
910 1110 1013 1133 terrore

227 1150 334 1182 mortis,
349 1149 465 1185 denique
482 1143 548 1185 (heu;
578 1151 705 1177 nuntimu
725 1151 921 1186 miserandum)
943 1151 1018 1183 victi,

227 1195 322 1223 infami
334 1196 413 1230 jusso
429 1196 619 1223 succumbere.
636 1195 708 1232 Ergo
721 1197 764 1223 bis
783 1197 870 1224 avulsi
885 1202 1016 1232 quatuor,

227 1245 253 1267 et
267 1241 371 1273 decem,
389 1248 421 1268 ex
440 1241 554 1268 adverso
571 1246 686 1273 stantes,
704 1242 807 1268 hortari
830 1250 863 1269 ne
876 1243 1015 1275 cederent,

227 1296 279 1314 ucu
315 1287 542 1318 obsecundarent,
569 1287 690 1322 citraque
714 1288 800 1322 legem
830 1289 1015 1316 Christianam

227 1340 325 1360 carnes
340 1337 504 1360 comesscnt.
521 1332 626 1365 Quibus
648 1333 674 1359 in
692 1334 780 1360 verbis
796 1342 940 1362 occurrere
957 1335 1016 1361 vul~

227 1388 288 1415 gus,
302 1384 328 1407 et
344 1378 482 1410 obtestari,
497 1378 623 1406 cederent
647 1379 814 1412 necessitati,
834 1388 885 1406 neti
914 1385 1017 1407 temere

228 1433 257 1452 se
287 1425 356 1451 irent
381 1424 527 1458 perditum,
554 1431 719 1458 rursumque
749 1431 798 1457 per
828 1423 1015 1458 paenitentiam

227 1470 430 1505 resipiscerent,
446 1473 474 1497 at
493 1477 546 1496 non
563 1469 601 1496 illi
626 1469 746 1502 credere,
763 1477 794 1496 ac
814 1469 1015 1502 remollescere,

227 1517 316 1543 Deum
347 1521 510 1551 spectantes,
546 1521 573 1543 et
606 1516 801 1543 beatitudinem
836 1516 1012 1551 promissam.

230 1561 287 1588 lloc
320 1568 415 1588 eorum
441 1560 542 1596 Scytha
562 1566 703 1596 perspecto
719 1561 884 1596 implacabili
899 1561 1013 1593 obnixu,

228 1605 373 1634 consilium
389 1613 486 1641 capere
504 1613 552 1640 per
579 1613 664 1632 unum
688 1610 802 1633 ceteros
829 1606 1014 1641 expugnandi,

228 1652 423 1687 interfectique
436 1652 537 1679 liberos
552 1656 634 1685 atque
650 1652 794 1688 coniugem
810 1652 919 1687 Scythis
935 1659 1014 1679 man-

228 1699 300 1733 cipio
314 1698 445 1731 tribuere,
461 1702 490 1724 ut
503 1698 615 1725 emolliti
630 1698 692 1725 hinc
706 1698 796 1725 caeteri
813 1698 987 1725 traherentur
1006 1705 1013 1724 :

229 1744 277 1779 qui
290 1743 380 1771 inﬂexi
396 1751 507 1770 manere
518 1743 617 1779 magis,
633 1743 806 1771 Christianos
819 1751 848 1770 se
861 1743 1017 1771 exclaman-

235 1797 286 1823 tes,
312 1790 469 1824 mortuique
491 1790 638 1824 partiarios
652 1789 752 1820 fratris.
771 1789 852 1823 igitur
864 1789 890 1815 in
908 1796 939 1816 ea
954 1796 1017 1823 pro-

229 1836 350 1864 fessione
368 1836 552 1863 excarniﬁcati
570 1841 597 1862 et
611 1836 671 1870 ipsi.
690 1836 716 1862 in
730 1835 844 1862 Domino
861 1836 1015 1863 decessere.

232 1882 347 1909 Videtin‘
362 1889 391 1908 ut
407 1889 480 1909 nunc
495 1882 569 1916 regni
583 1881 759 1916 Evangelium
789 1882 873 1908 divini
902 1882 1018 1909 obeatur

231 1929 358 1963 quoque?
384 1928 436 1960 Qui
464 1931 536 1954 amat
565 1933 665 1961 patrem
693 1932 739 1954 aut
768 1931 890 1960 matrem,
917 1927 1015 1962 inquit,

230 1975 289 2008 plus
308 1982 386 2010 quant
401 1982 451 2005 me,
469 1982 520 2000 rion
535 1978 572 2000 est
589 1981 629 2000 me
643 1973 753 2008 dignus:
768 1978 792 2000 et
806 1974 909 2008 quinon
923 1974 1017 2007 accipit

231 2028 333 2047 crucem
348 2027 435 2052 suam,
453 2024 477 2046 et
495 2020 614 2055 sequitur
630 2027 679 2051 me,
697 2028 747 2046 non
772 2024 810 2046 est
826 2028 866 2046 me
877 2020 1015 2054 dignus";

230 2074 263 2093 ac
280 2074 398 2093 rursus:
423 2065 514 2093 Nolite
541 2066 632 2092 timere
657 2073 699 2092 eos
714 2065 759 2100 qui
777 2066 897 2092 accidunt
911 2073 1015 2100 corpus,

230 2113 346 2139 animum
363 2117 450 2138 autem
467 2119 519 2138 non
546 2116 653 2146 possunt
669 2111 803 2143 arridere;
819 2112 863 2138 sed
877 2112 964 2146 potius
981 2113 1016 2139 ti-

230 2163 296 2184 mete
321 2165 378 2183 cum
402 2157 446 2191 qui
461 2161 545 2190 potest
565 2161 590 2182 et
621 2157 738 2182 animant
759 2161 783 2182 et
797 2164 891 2191 corpus
910 2158 1017 2191 perdere

1071 934 1162 956 autem
1179 930 1226 964 qui
1242 929 1359 964 positum
1387 928 1415 956 iu
1435 929 1553 965 imagine
1580 929 1680 956 Christi
1700 930 1853 965 martyrium

1077 975 1253 1003 difﬁtentur?
1284 975 1383 1004 etenim
1411 975 1434 1003 si
1464 980 1596 1010 martyres
1625 979 1689 1002 sunt
1713 975 1759 1010 qui
1779 983 1854 1002 esum

1071 1020 1193 1055 refugere
1207 1022 1342 1053 carnium,
1365 1026 1468 1056 quanto
1484 1023 1535 1049 hoc
1551 1021 1685 1048 illustrius
1698 1022 1852 1056 martyrium

1068 1071 1121 1099 est,
1144 1068 1190 1101 qui
1217 1075 1279 1094 eum
1307 1067 1418 1095 minime
1439 1067 1628 1101 abnegemus?
1655 1065 1709 1093 Sed
1737 1060 1853 1094 tenebris

1069 1111 1150 1138 obsiti
1175 1112 1316 1145 nimirum,
1349 1112 1495 1139 tenebrosa
1526 1112 1698 1147 loquuntur,
1727 1112 1854 1148 vitiisque

1069 1158 1126 1185 suis
1141 1157 1209 1185 alios
1228 1165 1338 1192 quoque
1355 1158 1488 1192 impedire
1505 1161 1652 1193 satagunt:
1670 1165 1719 1186 nos
1734 1158 1852 1193 quidem,

1069 1206 1178 1238 fratres,
1211 1206 1370 1233 clementem
1402 1206 1616 1234 eohonestemus
1644 1206 1752 1238 herum,
1765 1206 1811 1240 qui
1825 1213 1854 1233 se

1067 1253 1279 1280 cohonestantes
1303 1252 1473 1283 cohonestet,
1490 1256 1639 1287 nostraque
1656 1252 1738 1278 etiam
1751 1260 1854 1279 memo-

1068 1297 1107 1324 ria
1139 1302 1270 1332 martyres
1293 1297 1430 1329 ostendat,
1453 1301 1536 1332 atque
1552 1297 1577 1324 id
1596 1297 1669 1324 serio
1683 1304 1747 1324 cum
1762 1297 1854 1324 animo

1069 1348 1235 1378 reputemus.

1103 1389 1179 1422 Quod
1194 1389 1216 1416 si
1235 1393 1345 1424 aspectu
1361 1389 1428 1417 viles
1449 1390 1620 1421 homunculi,
1651 1397 1748 1424 parum
1770 1390 1854 1423 docti,

1069 1435 1167 1467 uxorii,
1198 1435 1269 1462 aucti
1299 1435 1401 1467 liberis,
1428 1441 1526 1463 cuncta
1551 1444 1606 1470 pm
1629 1435 1735 1463 Christi
1763 1436 1857 1463 studio

1068 1481 1216 1516 projccerc,
1246 1487 1348 1515 quanto
1374 1489 1425 1508 nos
1454 1482 1587 1509 debemus
1615 1482 1712 1517 magis,
1738 1482 1857 1517 injuges,

1067 1528 1169 1555 mundo
1193 1532 1327 1558 extorres,
1358 1528 1405 1554 ubi
1431 1533 1538 1562 tempus
1568 1533 1654 1561 vocet,
1679 1527 1859 1555 :emulatioue

1070 1573 1131 1601 duci
1159 1574 1341 1602 sanctorum?
1362 1573 1414 1601 Sed
1445 1574 1470 1601 id
1497 1574 1606 1609 quidem
1633 1581 1688 1600 uno
1705 1575 1861 1608 priestituto

1069 1619 1123 1652 die,
1143 1626 1174 1646 ac
1185 1619 1267 1646 simul
1300 1619 1427 1646 Christus
1456 1619 1583 1646 vocabit:
1616 1626 1689 1646 nunc
1703 1623 1861 1653 perstemus

1070 1664 1097 1690 in
1120 1664 1330 1699 martyrioquod
1354 1664 1381 1690 in
1410 1664 1503 1691 animo
1514 1664 1609 1697 situm,
1625 1669 1652 1691 et
1668 1671 1790 1699 perenne
1808 1669 1862 1692 est.

1069 1708 1108 1735 Ne
1136 1708 1210 1736 Baali
1227 1709 1394 1741 accidamus,
1413 1709 1521 1740 fratres,
1543 1718 1594 1736 neu
1615 1710 1729 1745 impetiti
1753 1711 1863 1745 cogita-

1071 1755 1116 1787 tis,
1143 1762 1299 1790 pareamus,
1317 1755 1383 1790 quin
1400 1756 1478 1791 ignea
1498 1757 1608 1792 maligni
1633 1757 1686 1784 tela
1700 1758 1865 1793 exstingua—

1071 1809 1132 1828 mus
1157 1801 1297 1836 lacrymis,
1323 1802 1461 1835 precibus,
1476 1802 1559 1828 animi
1580 1802 1746 1836 quibusdam
1763 1803 1865 1830 stimu-

1071 1846 1114 1878 lis,
1133 1845 1238 1872 cmtcris
1254 1845 1478 1873 atllictationibus
1498 1847 1632 1881 corporis,
1648 1847 1750 1874 dicturi
1769 1854 1797 1875 et
1812 1856 1864 1875 nos

1071 1899 1133 1918 cum
1157 1890 1288 1924 Apostolo
1306 1899 1312 1918 :
1342 1890 1466 1923 Quotidie
1487 1892 1585 1918 morior
1606 1900 1651 1925 per
1669 1897 1786 1918 vestram
1803 1893 1866 1927 glo~

1072 1937 1315 1971 riationem,quam
1334 1936 1415 1963 habeo
1435 1937 1462 1963 in
1482 1936 1588 1963 Christo
1603 1937 1668 1964 Iesu
1682 1936 1798 1964 Domino
1818 1947 1868 1965 uo-

1072 1982 1173 2015 stro";
1196 1989 1227 2010 ac
1250 1989 1313 2010 cum
1335 1981 1461 2010 Davide:
1487 1983 1599 2017 Propter
1621 1988 1644 2009 te
1664 1983 1870 2018 mortific‘amur

1072 2033 1127 2054 tota
1145 2027 1199 2060 die,
1221 2029 1348 2055 (estimati
1362 2037 1453 2056 sumus
1481 2030 1549 2056 sicut
1578 2037 1636 2056 oves
1666 2029 1810 2056 occisionis
1821 2030 1868 2062 ’3;

1071 2082 1133 2101 cum
1148 2074 1248 2109 quibus
1278 2074 1397 2102 caelestis
1417 2075 1494 2110 regni
1516 2075 1704 2102 haereditatem
1728 2075 1870 2102 adeamus

1071 2129 1119 2156 per
1133 2121 1272 2148 Christum
1297 2119 1391 2148 Jcsum
1408 2120 1555 2149 Dominum
1569 2126 1696 2149 nostrum
1711 2131 1718 2149 ι
1738 2123 1786 2149 cui
1807 2123 1871 2158 glo-

1070 2169 1111 2194 ria
1136 2172 1163 2194 et
1187 2167 1341 2202 imperium,
1372 2175 1434 2195 cum
1465 2168 1553 2200 Patre,
1582 2175 1614 2196 ac
1630 2172 1726 2196 sancto
1742 2167 1869 2203 Spiritu,

229 2204 257 2230 in
282 2203 468 2238 gehennam",
501 2201 572 2236 Ergo
597 2202 624 2228 hi
652 2202 812 2237 pra-standis
847 2202 1015 2237 Evangelicis

1074 2222 1140 2240 tunc
1168 2217 1196 2240 et
1230 2220 1347 2248 semper,
1372 2213 1400 2240 in
1432 2221 1596 2249 omnemque
1636 2215 1870 2249 perpetuitatem.

228 2249 373 2284 przecvptis
389 2255 492 2275 morem
511 2247 566 2274 Deo
583 2252 717 2282 gerentes,
734 2249 853 2283 martyrii
868 2256 897 2276 se
909 2257 1009 2277 corona

230 2294 397 2328 obligarunt,
433 2298 543 2320 sanctos
583 2293 678 2320 imitati
709 2293 898 2327 Machabmos,
931 2296 1014 2330 duplo

512 2349 627 2377 SERMO
647 2350 735 2378 LXIV.

231 2393 265 2420 In
291 2394 525 2421 Anuuutiationem
553 2395 634 2429 prior.
674 2396 710 2422 De
740 2401 880 2430 corporum
910 2397 1019 2424 Doniirti

265 2430 348 2466 nostri
365 2430 430 2466 Jesu
444 2430 544 2457 Christi
570 2432 714 2457 mcouomia
739 2431 925 2466 agitandisque
936 2433 1017 2466 spiri-

266 2465 364 2491 talibus
382 2465 455 2498 feriis
470 2465 575 2491 habitus
590 2466 809 2492 Aununtialionis
819 2466 871 2494 die.

265 2543 375 2572 Fratres
400 2544 557 2579 Patresque,
573 2544 651 2571 adest
670 2544 859 2575 Annuntiatio,
871 2545 1015 2579 agiturque

231 2589 436 2617 Dominicarum
473 2590 600 2624 princeps
637 2588 796 2616 feriarum:
825 2594 855 2616 ut
878 2598 933 2616 non
966 2591 1017 2617 hoc

230 2636 319 2662 solum
343 2635 437 2663 feriari
465 2636 500 2662 sit
515 2643 643 2668 necesse,
660 2635 731 2670 quod
745 2635 842 2670 vulgus
872 2636 1014 2662 hominum

265 2713 287 2729 ⁷⁸
303 2712 397 2740 Matth.
419 2720 445 2743 lt,
466 2712 510 2739 ⁸58.
551 2713 573 2727 ⁷⁰
591 2712 657 2739 ibid.
678 2712 722 2739 28.

774 2711 823 2738 ⁷⁷1
843 2712 906 2739 Cor.
921 2721 966 2743 xv,
996 2714 1040 2741 51.

1067 2260 1161 2286 Amen.

1369 2350 1480 2377 ΛΟΓΟΣ
1498 2350 1556 2377 EA’.

1068 2395 1120 2426 Εἰς
1133 2394 1423 2432 γριςβίιζιγγρλιίζμὸν
1437 2394 1653 2432 τῆςέἐτσάρκου
1663 2398 1847 2432 οἰκονομίας
1860 2405 1873 2418 ι

1106 2429 1159 2455 τοῦ
1176 2430 1286 2462 Κυρίου
1305 2430 1390 2464 ἡμῶν
1404 2430 1507 2463 Ἰησοῦ
1520 2429 1664 2464 Χριὶγτοῦ,
1682 2433 1733 2458 καὶ
1761 2429 1811 2459 ὃτι
1826 2429 1873 2460 δεῖ

1102 2464 1306 2503 πνξυίιᾳτικῶς
1319 2465 1466 2503 ἑορτᾴζειν
1481 2465 1631 2499 ὶδρηθεῖσα
1653 2467 1689 2494 ἐν
1702 2466 1742 2501 ’τῇ
1767 2469 1873 2503 ἡμέρᾳ

1102 2499 1155 2525 τοῦ
1172 2500 1410 2535 Εὑαγγελισμοῦ.

1111 2546 1233 2580 ’Λδελφοὶ
1245 2547 1292 2573 καὶ
1306 2548 1428 2583 Πατέρες
1438 2556 1444 2563 ·
1462 2540 1699 2584 ὁἘὺαγγελιπμὺς
1729 2549 1873 2585 πάρεστι,

1070 2591 1180 2619 καὶτῶν
1191 2593 1363 2621 Δεσποτικῶν
1375 2594 1477 2630 ἑορτῶν
1488 2596 1562 2622 ἐστιν
1571 2596 1588 2630 ή
1599 2595 1693 2630 πρώτη
1707 2603 1714 2610 ·
1729 2596 1785 2622 καὶ
1797 2596 1875 2629 6.75:2-

1070 2638 1152 2673 λομεν
1163 2639 1369 2676 ἑορτάζει-’,οὐχ
1377 2641 1481 2673 ἁπλῶς.
1494 2641 1563 2669 κατὰ
1576 2642 1640 2674 sub;
1653 2641 1789 2674 πολλοὺς,
1799 2642 1874 2668 ἀλλὰ

1096 2717 1117 2731 ⁷⁸
1147 2715 1219 2744 Psal.
1240 2726 1318 2749 xum,
1351 2719 1395 2746 2‘2.

881 2779 998 2807 VARUE
1016 2781 1218 2812 LECTIONES.

268 2857 279 2869 ⁸·
293 2850 359 2878 Cod.
371 2849 534 2885 οἰκονομίας.

592 2849 605 2867 ιτ
622 2848 687 2875 Cod.
702 2848 840 2879 ὲωτάζειν,
858 2852 884 2874 et
906 2848 945 2874 sic
970 2848 1051 2876 inira.
