1921 3073
76 152 111 183 5.97
609 156 810 189 SERMONES
821 159 1082 195 CATECHETICI.

1608 166 1661 199 598

75 207 105 240 τῷ
116 206 191 241 ἀρνίῳ
204 206 278 234 ὅπου
295 208 413 243 ὑπάγει.
429 208 517 235 Βαόαὶ
543 209 593 244 τῆς
616 211 774 246 παρεδρίας,
792 209 823 248 ἦς

877 216 1053 251 praerogativa
1078 221 1141 244 sunt
1161 217 1250 244 ati‘ccti
1268 217 1314 252 qui
1335 218 1518 253 virginitatem
1541 222 1661 255 comple-

76 252 197 287 ἡξ·ώθησαν
205 253 228 278 oi
248 252 298 288 τὴν
324 254 473 289 παρθενίαν
487 253 610 289 ἑλόμενοι
628 258 651 289 ⁸,
664 257 689 283 οἱ
710 259 824 284 συνεπό-

76 306 130 332 μενοι
141 297 239 333 Χριστῷ
251 299 297 325 καὶ
316 300 589 335 συνευφραινόμενοι.

99 343 162 369 Ἀλλὰ
187 344 376 379 σκοπήσωμεν,
403 345 522 380 ἀδελφοὶ,
547 347 588 373 ὅτι
610 340 726 374 κάθόσον
742 348 824 383 μέγα,

73 388 106 414 καὶ
116 389 233 423 ὑπερφυὲς
246 388 277 414 τὸ
291 389 470 424 κατόρθωμα,
495 391 567 418 κατὰ
595 392 721 419 τοσοῦτον
749 393 797 419 καὶ
811 394 826 420 ὁ

73 433 177 468 ὶυμεὼνδ
201 434 248 469 τῆς
275 434 348 470 ζωῆς
374 436 454 471 ἡμῶν
486 437 608 469 macto;
638 439 708 474 ὑπὲρ
738 440 825 466 πάντα

72 479 165 514 τὰπάθη
180 479 302 514 ἐντούτῳ
328 482 457 515 πειρᾶται
477 483 552 517 ἡμᾶς
577 483 752 511 καταϐαλεῖν.
771 486 826 512 Καὶ

71 524 131 554 ὅσους
145 524 188 559 μὲν
204 525 350 551 κατέϐαλεν
362 526 392 558 ἐξ
406 526 514 560 αἰῶνος,
529 528 571 559 τις
588 528 621 555 ἂν
643 530 691 556 καὶ
718 530 826 566 ἐξαριθ-

73 570 175 603 μήσειενς
197 571 237 602 Ὠς
250 571 278 597 δὲ
292 566 352 604 ὲγῶ
372 572 477 607 ἥκουσα
504 574 579 608 παρὰ
595 575 642 601 τοῦ
660 573 689 602 εὖ
714 576 824 611 εἰδότος,

71 614 100 639 ὅτι
112 615 150 641 nl.
163 615 205 641 νῦν
220 617 248 641 ὲν
260 617 294 651 τῇ
309 616 386 652 Ἀσίᾳ
399 617 485 652 ἄνδρα
507 619 615 650 πολλοῖς
641 620 731 648 ἔτεσιν
746 621 825 657 ἐξησ-

72 659 152 693 κηκὸτα
179 662 222 687 καὶ
245 661 401 696 Θαυμαστὸν
427 663 466 698 τῷ
481 663 532 699 βίῳ
559 665 685 694 τοσοῦτον
716 667 825 702 ι’σχυσεν

70 704 218 732 ὑποσκελίσαι
230 706 245 732 ό
257 707 375 742 δράκων,
396 707 434 740 ὡς
464 708 501 744 μὴ
516 709 596 744 μόνον
611 710 725 746 ἔξαρνον
743 713 825 740 αὐτὸν

70 750 169 781 γενὲπΰαι
182 751 225 777 τοῦ
240 752 318 786 ἁγίου
334 753 485 788 σχήματος,
505 754 574 782 ἀλλὰ
587 756 634 782 καὶ
646 758 764 790 γυναῖκα
778 767 826 785 πε-

69 795 152 828 ριάγειν
161 798 296 832 μοιχικῶς.
306 795 344 825 Οὗ
358 798 385 825 τι
397 799 431 826 ἂν
440 799 547 833 γένοιτο
560 800 740 837 ἐλεεινότερον
750 812 757 836 ;
768 804 824 831 Καὶ

67 839 154 867 τοιαῦτα
168 841 214 876 μὲν
227 843 261 869 τὰ
276 843 354 878 παρὰ
375 843 422 870 τοῦ
442 843 567 871 διαϐόλου
593 846 770 882 τεχνάσματα
795 856 824 875 τε

67 886 101 911 καὶ
111 887 315 924 ἀποτελέσματα.

95 930 177 966 Ἡμεῖς
187 932 224 965 δὲ,
252 935 417 969 παρακαλῶ,
445 936 565 971 ἀδελφοὶ,
589 938 752 973 φυλάξωμεν
771 939 822 966 αὐ-

65 976 121 1009 τοῖος,
136 977 168 1009 ὡς
181 979 264 1014 κόρην
281 980 433 1015 ὀφθαλμοῦ,
463 982 618 1017 αἰδούμενοι
643 983 688 1010 τὸν
706 985 823 1019 νυμφίον

64 1021 126 1054 ἡμῶν
137 1023 245 1057 Χριστόν
261 1033 267 1039 ·
287 1025 325 1060 μὴ
353 1026 524 1061 προδιδόντες
540 1027 585 1054 τὸν
607 1029 823 1064 ἐμπιστευθέντα

65 1066 176 1102 θησαυρὸν
186 1069 233 1103 τῆς
242 1070 391 1104 παρθενίας
400 1079 408 1086 ·
424 1072 491 1106 μηδὲ
505 1073 602 1099 ταύτὸν
618 1073 753 1109 πάθοιμεν
767 1076 824 1107 τοῖς

65 1113 157 1147 ἰχθύσιν,
173 1116 196 1142 οἳ
210 1116 376 1151 δελεάσματι
402 1118 503 1152 σαρκὸς
519 1119 550 1145 τὸ
573 1120 721 1156 ἄγκιστρον
741 1130 824 1149 κατα-

63 1158 171 1192 πίνοντες,
187 1161 231 1187 τὸν
247 1161 363 1188 θάνατον
378 1162 552 1198 εὑρίσκουσιν
566 1173 573 1180 ·
592 1164 739 1200 ἄγκιστρον
769 1167 823 1202 γάρ

36 1204 39 1225 ἱ
63 1204 119 1229 ἑπιν
131 1205 145 1239 ὴ
159 1205 236 1241 ἡδονὴ
265 1207 425 1242 φθείρουσα,
436 1208 485 1243 οὺχ
500 1209 644 1243 ἡδύνουσα,
658 1210 822 1244 θανατοῦσα,

61 1249 83 1274 0'3
96 1248 262 1284 ζωογονοῡσα·
276 1249 310 1288 ἧς
326 1253 492 1288 ρυσθείημεν
510 1252 642 1289 ίδυνόιμει
658 1255 726 1282 Θεοῦ
744 1256 823 1282 δυνα-

63 1294 178 1328 μούμενοι,
192 1297 238 1323 καὶ
254 1297 325 1331 πρὸς
346 1297 377 1324 τὺ
405 1298 468 1332 ἑξῆς
482 1298 642 1334 ὠφθείημεν
668 1300 822 1336 εἰλικρινεῖς

61 1340 96 1365 καὶ
107 1341 279 1376 ἀπρόσκοποι,
291 1344 344 1375 ἕως
360 1344 392 1370 ἂν
407 1344 581 1379 ὲμπνέωμεν,
604 1345 648 1372 ἵνα
674 1346 821 1382 νικητικῶς

61 1384 101 1411 τιῖιν
112 1387 205 1415 ἐνθένδε
220 1389 443 1425 μεταχωροῦντες
453 1390 577 1426 τύχωμεν
592 1390 728 1426 βασιλείας
740 1392 821 1427 οὐρα-

60 1431 100 1456 ’ωῶν
113 1434 136 1460 ὲν
149 1435 257 1470 Χριστῷ
273 1435 363 1470 Ἰησοῦ
376 1435 416 1471 τῷ
423 1437 519 1472 Κυρίῳ
529 1437 619 1472 ἡμῶν
633 1434 654 1470 ᾧ
667 1437 683 1472 ἡ
697 1437 760 1470 δόξα
773 1444 819 1464 και

60 1476 81 1503 εὶ
89 1480 176 1513 κράτος
186 1481 235 1508 σὺν
248 1481 289 1517 τῷ
297 1481 385 1517 Πατρὶ
396 1482 443 1509 καὶ
463 1483 502 1518 τῷ
524 1482 593 1518 ἁγίῳ
606 1483 757 1518 Πνεύματι,
773 1483 819 1509 νῦν

60 1525 94 1549 ui
101 1525 146 1558 ἀεί,
154 1535 179 1553 κ.
199 1536 223 1554 τ.
239 1528 265 1554 λ.

318 1598 432 1626 SERMO
453 1598 544 1626 LXVI.

60 1651 136 1680 Media:
149 1655 321 1683 hebdomadis
335 1661 439 1690 quarta.
462 1656 567 1684 Pascha
588 1657 636 1683 hoc
650 1656 823 1683 simulacrum

147 1690 229 1724 futuri
251 1696 278 1718 et
312 1691 415 1724 wterni,
438 1691 520 1726 deque
534 1692 663 1726 patientia
694 1699 725 1718 ac
743 1691 823 1726 forti-

94 1731 107 1748 u
124 1732 172 1751 me.

85 1778 180 1809 Fratres
195 1781 362 1817 Patresque,
385 1782 442 1816 jam
467 1783 673 1817 praeterequitat
702 1783 826 1816 Quadra-

58 1826 152 1860 gesima,
168 1828 337 1863 animusque
345 1827 449 1855 Pascha
464 1828 638 1862 impendente
649 1829 766 1861 laetatur,
775 1836 826 1856 ceu

57 1872 234 1906 conquieturus
253 1874 282 1900 in
312 1880 356 1904 eo,
380 1879 407 1901 et
434 1878 564 1908 tanquam
589 1874 657 1901 rude
682 1874 826 1901 donandus

57 1917 185 1945 multarunt
209 1919 352 1946 laborum.
368 1918 506 1952 Quorsum
530 1918 575 1946 hic
594 1919 736 1947 institutus
757 1919 826 1946 mihi

55 1967 130 1989 smno
142 1964 204 1991 est?
217 1965 294 1999 quod
316 1964 371 1990 vita
394 1964 484 1992 omnis
499 1968 593 1992 nostra
606 1965 685 1998 quasi
700 1964 825 1999 quaedam

55 2004 251 2043 Quadragesima
267 2013 325 2041 est,
350 2013 481 2037 aeternum
505 2010 614 2037 intuens
630 2009 744 2037 Pascha.
770 2009 826 2036 No-

54 2056 124 2080 strum
150 2054 201 2082 hoc
228 2056 356 2091 quidem,
383 2055 433 2083 etsi
462 2055 650 2083 venerandum
675 2060 702 2083 et
731 2056 826 2090 ingens

53 2095 211 2127 simulacrum
237 2104 334 2128 tamen
362 2103 405 2127 est
429 2099 519 2133 illius;
539 2099 579 2127 uti
600 2100 746 2134 praedicant
758 2100 824 2135 (16),

52 2139 145 2177 Patres,
169 2146 311 2180 siquidem
347 2145 400 2173 hoc
425 2145 532 2173 diecula
558 2149 598 2173 est
633 2153 666 2172 ac
693 2145 824 2179 praterit,

52 2185 103 2214 illud
116 2189 315 2219 incomitatum
333 2196 519 2225 aternumque
533 2195 584 2218 est.

876 261 1049 295 plectantur,
1084 268 1114 290 ut
1147 263 1286 291 Christum
1315 264 1538 299 triumphabundi
1573 266 1661 294 comi-

876 310 968 334 tentur
983 307 996 334 ?

912 352 1073 388 Quanquam
1100 359 1269 389 reputemus,
1291 355 1401 388 fratres,
1424 363 1506 391 quam
1525 356 1621 392 ingens
1635 363 1663 385 et

877 398 1104 435 incomparabilis
1124 400 1229 428 functio
1242 406 1293 434 est,
1310 407 1364 429 tam
1381 409 1442 433 nos,
1466 402 1526 429 vitae
1546 407 1661 437 pestem,

876 444 1015 473 diabolum
1035 453 1090 480 prae
1112 447 1217 474 caeteris
1239 447 1389 475 sceleribus
1412 447 1464 474 hoc
1490 453 1664 483 prosternere

876 491 977 518 moliri.
1010 492 1046 519 At
1070 496 1138 527 quot
1166 493 1193 520 in
1222 494 1296 520 omni
1324 494 1458 520 memoria
1482 494 1663 528 prostraverit

876 536 937 571 quis
948 538 1109 565 enumeret?
1127 544 1199 566 certe
1220 538 1248 566 in
1271 539 1336 567 Asia
1352 547 1424 567 nunc
1446 547 1566 574 quoque,
1584 544 1615 567 ut
1628 540 1663 568 de

876 583 995 616 quodam
1010 583 1131 611 intellexi
1145 585 1229 618 probe
1241 585 1362 617 conscio,
1374 584 1522 620 quemdam
1538 586 1663 620 complu-

876 628 953 656 ribus
979 629 1043 656 anni
1068 630 1235 663 exercitum,
1259 631 1369 665 vitaque
1392 631 1585 664 memorabili,
1606 635 1661 659 tam

875 673 1017 709 proﬂigate
1040 675 1153 710 dejecit,
1180 680 1210 703 ut
1235 683 1290 703 non
1313 684 1423 704 sacrum
1448 677 1531 704 modo
1556 678 1663 712 negarit

876 720 1011 753 habitum,
1035 722 1102 756 quin
1123 721 1265 749 mulierem
1289 722 1424 750 adulterio
1441 723 1659 751 circumductet:

874 775 929 802 quo
953 767 1018 801 quid
1044 768 1247 795 miserabilius?
1271 769 1361 804 Atque
1392 769 1435 796 lue
1465 769 1568 797 diaboli
1598 775 1674 798 sunt.

874 818 946 841 artes
959 818 986 841 et
999 813 1134 841 facinora.

908 943 964 972 N05
991 945 1113 979 quidem,
1143 944 1253 977 fratres,
1283 944 1421 976 cohortor,
1451 952 1500 972 ceu
1524 944 1596 972 oculi
1632 952 1662 972 se

874 991 993 1026 quisque
1009 990 1139 1025 pupillam
1157 994 1292 1022 tueamur,
1310 997 1440 1025 sponsum
1457 990 1565 1019 reveriti
1580 990 1661 1018 Chri-

875 1040 958 1069 stum,
976 1043 1027 1063 neu
1047 1035 1182 1063 creditum
1199 1036 1366 1072 virginitatis
1382 1037 1541 1065 thesaurum
1561 1037 1660 1072 proda—

874 1090 946 1114 mus,
960 1082 1085 1117 idemque
1098 1082 1236 1117 patiamur
1246 1082 1319 1117 quod
1332 1082 1433 1117 pisces,
1445 1079 1491 1118 qui
1504 1083 1661 1110 carunculae

875 1128 1044 1155 inescalione
1057 1128 1169 1155 hamum
1185 1128 1344 1162 glutientes,
1364 1136 1393 1156 se
1411 1127 1529 1156 induunt
1542 1128 1569 1155 in
1585 1127 1659 1155 mor-

874 1179 945 1206 tem;
968 1181 1085 1208 namque
1113 1174 1210 1201 hamus
1239 1177 1282 1201 est
1307 1174 1433 1209 voluptas
1454 1174 1579 1209 perdita,
1605 1182 1659 1202 non

872 1219 993 1254 jucunda
1013 1228 1020 1245 :
1041 1218 1178 1252 lethifera,
1196 1227 1250 1246 non
1275 1219 1376 1246 vitalis.
1398 1219 1457 1252 Qua
1476 1219 1576 1246 divinis
1594 1219 1659 1247 viri-

876 1264 927 1292 bus
944 1264 1043 1291 [irmati
1066 1264 1223 1297 liberemur,
1248 1269 1274 1292 et
1296 1265 1323 1292 in
1349 1264 1473 1292 futurum
1494 1265 1604 1296 sinceri.
1628 1272 1660 1292 ac

876 1309 999 1337 insontes
1024 1308 1185 1341 videamur,
1207 1309 1272 1336 dum
1302 1310 1428 1345 spiritum
1454 1309 1603 1342 ducamus,
1631 1314 1660 1336 ut

874 1355 1011 1382 ovabundi
1032 1355 1095 1382 hinc
1112 1355 1240 1390 profecti,
1260 1356 1374 1383 cwleste
1394 1363 1507 1391 regnum
1524 1355 1659 1387 ineamus,

874 1409 921 1436 per
940 1401 1077 1429 Christum
1089 1400 1181 1428 Jesum
1194 1401 1338 1428 Dominum
1356 1407 1478 1429 nostrum
1494 1410 1500 1430 :
1515 1402 1558 1429 cui
1574 1401 1667 1435 gloria.

873 1451 900 1474 et
923 1446 1066 1481 imperium
1089 1453 1151 1473 cum
1176 1445 1272 1478 Patre,
1298 1455 1329 1474 ac
1347 1451 1441 1474 sancto
1456 1446 1569 1481 Spiritu,
1588 1454 1661 1473 nunc

873 1497 899 1520 ct
923 1499 1040 1527 semper,
1062 1491 1090 1519 in
1120 1499 1282 1528 omnemque
1309 1493 1527 1528 perpetuitatem.
1562 1492 1659 1520 Amen.

839 1602 860 1630 ο
878 1597 997 1632 scipulos
1012 1597 1161 1632 alloquitur
1177 1597 1202 1624 in
1227 1596 1284 1624 haec
1301 1596 1400 1624 verba:
1422 1595 1494 1622 Vada
1507 1602 1602 1628 parare
1617 1603 1661 1622 uo-

878 1644 916 1670 bis
934 1643 1030 1676 locant,
1045 1649 1068 1670 et
1083 1644 1107 1670 si
1122 1643 1211 1670 abiero
1224 1647 1349 1677 paratum
1367 1642 1438 1668 vobis
1451 1641 1548 1672 locum,
1564 1641 1662 1668 iterum

875 1691 959 1721 venio,
976 1694 1000 1716 et
1012 1690 1141 1723 accipiam
1164 1697 1208 1715 vos
1222 1689 1256 1715 ad
1275 1688 1412 1722 meipsum,
1438 1692 1465 1713 ut
1487 1686 1532 1713 ubi
1545 1694 1602 1713 sum
1614 1693 1661 1721 ego

875 1739 899 1762 et
919 1743 962 1762 vos
979 1735 1047 1761 sitis.
1063 1734 1096 1761 Et
1112 1743 1162 1769 quo
1178 1742 1224 1768 ego
1241 1734 1307 1761 uado
1321 1733 1406 1765 scitis,
1420 1738 1443 1760 et
1459 1733 1529 1760 viam
1539 1732 1612 1759 scitis
1627 1731 1659 1758 ⁸⁸.

875 1779 914 1807 Ac
924 1787 1034 1807 rursum
1046 1788 1052 1806 ε
1073 1779 1106 1806 ht
1121 1779 1169 1806 illo
1179 1780 1221 1805 die
1231 1787 1275 1806 vos
1290 1778 1452 1813 cognoscetis
1462 1777 1524 1812 quia
1537 1785 1584 1812 ego
1604 1782 1667 1804 sum

875 1825 903 1851 in
918 1825 999 1852 Patre
1012 1833 1078 1856 meo,
1099 1829 1123 1851 et
1140 1832 1183 1851 uos
1203 1825 1231 1850 in
1247 1832 1287 1851 me
1300 1829 1324 1850 et
1338 1831 1384 1858 ego
1398 1823 1425 1849 in
1440 1822 1522 1850 vobis.
1538 1821 1572 1848 Et
1586 1820 1660 1848 alibi:

875 1869 957 1896 Pater
974 1878 1038 1904 quos
1063 1869 1160 1897 dedisti
1175 1868 1251 1902 mihi,
1264 1869 1323 1896 volo
1336 1876 1362 1895 ut
1377 1868 1422 1895 ubi
1434 1876 1492 1894 sum
1506 1875 1552 1902 ego
1570 1871 1595 1894 et
1619 1865 1662 1894 illi

875 1916 928 1943 sint
953 1923 1064 1948 mecum,
1081 1921 1109 1942 ut
1130 1915 1232 1942 videant
1245 1914 1395 1941 claritatem
1411 1921 1507 1944 meam,
1520 1920 1599 1947 quam
1618 1911 1663 1938 de-

875 1962 940 1988 disti
962 1962 1050 1992 mihi;
1080 1962 1140 1996 quia
1163 1961 1280 1988 dilexisti
1306 1966 1427 1987 me-ante
1450 1959 1664 1986 constitutionem

876 2008 968 2034 mundi
979 2008 1013 2035 ’°.
1027 2007 1093 2040 Qua:
1106 2015 1158 2034 non
1174 2007 1206 2034 ad
1221 2007 1360 2041 apostolos
1371 2006 1472 2038 solum,
1484 2005 1550 2040 quin
1566 2005 1599 2032 ad
1613 2012 1663 2032 nos

876 2053 1012 2087 pertinere
1031 2060 1140 2087 quoque
1154 2052 1211 2080 haec
1225 2052 1285 2087 ejus
1304 2056 1346 2079 est
1357 2052 1509 2079 sententia:
1528 2050 1591 2077 Non
1615 2058 1663 2085 pro

875 2099 912 2126 eis
936 2104 1023 2125 autent
1037 2106 1098 2133 rogo
1120 2102 1234 2131 tantum,
1256 2098 1301 2124 sed
1317 2103 1341 2124 et
1356 2106 1402 2132 pro
1417 2098 1457 2125 his
1468 2097 1514 2132 qui
1534 2097 1663 2124 credituri

876 2147 935 2170 sunt
950 2151 995 2176 per
1018 2143 1123 2169 verbum
1138 2151 1227 2170 eorum
1243 2143 1269 2169 in
1287 2151 1337 2176 me,
1358 2147 1386 2169 ut
1401 2151 1488 2169 omnes
1501 2151 1583 2169 unum
1598 2143 1662 2174 sint,

876 2189 944 2215 sicut
959 2193 997 2220 tu,
1017 2189 1107 2220 Pater,
1122 2188 1150 2214 in
1163 2196 1211 2221 me,
1223 2193 1248 2214 et
1260 2196 1306 2223 ego
1323 2189 1349 2215 in
1365 2193 1398 2219 te,
1409 2193 1471 2215 utet
1487 2189 1536 2222 ipsi
1550 2191 1577 2214 tn
1590 2188 1662 2215 nobis

78 2233 145 2262 Unde
159 2237 284 2270 tristitia,
300 2236 391 2268 dolor,
408 2235 525 2262 lamenta
538 2235 692 2270 profugere;
703 2234 748 2262 ubi
764 2242 828 2270 gau—
877 2242 959 2261 unum
979 2234 1031 2261 sint
1043 2234 1076 2260 “.
1095 2233 1166 2266 Quid
1190 2234 1232 2261 his
1256 2234 1456 2262 consolabilius
1469 2234 1583 2261 verbis?
1597 2234 1663 2268 quid

51 2277 121 2313 dium,
137 2281 238 2316 laetitia,
253 2281 415 2316 triumphus
427 2281 609 2315 sempiternus
622 2289 629 2313 ;
641 2280 687 2308 ubi
702 2287 826 2307 murmur
842 2271 864 2300 ί)
879 2281 1048 2308 reverentius
1060 2280 1071 2307 ?
1083 2287 1164 2315 quam
1185 2288 1239 2307 non
1257 2281 1400 2308 emolliant
1421 2284 1540 2308 mentem
1553 2280 1565 2307 ?
1581 2288 1662 2315 quem

51 2320 188 2359 feriantum,
211 2332 362 2361 coetusque
388 2325 538 2360 agitanlum
567 2332 668 2353 corona
681 2345 688 2357 ,
708 2329 734 2352 et
752 2323 829 2359 iugis
880 2327 1002 2353 animum
1022 2334 1075 2354 non
1096 2331 1214 2361 purigant
1230 2325 1300 2353 ?Vel
1319 2326 1435 2361 lapidem
1454 2325 1511 2354 fors
1526 2330 1663 2357 naturam,

50 2371 214 2400 ipectaculum
227 2371 313 2405 lucis;
331 2371 377 2398 ubi
391 2370 455 2398 felix
472 2371 653 2398 Christianum
667 2371 824 2405 prandium,
879 2371 951 2399 dicat
963 2371 1113 2406 quispiam,
1129 2371 1228 2398 nedum
1243 2378 1291 2399 cor
1312 2372 1474 2399 humanum.
1489 2371 1578 2406 Atque
1606 2371 1666 2398 haec

51 2415 194 2443 perennibus
216 2415 300 2444 bonis
321 2415 422 2442 referta
436 2423 539 2449 mensa,
548 2420 635 2450 potus
652 2416 781 2448 novitius,
794 2416 826 2443 de
878 2417 1029 2452 cogitantes
1048 2417 1133 2445 tulere
1151 2425 1211 2451 qum
1238 2417 1323 2445 tulere
1337 2417 1436 2450 sancti,
1460 2424 1597 2444 aerumnas
1613 2423 1665 2451 pro

51 2465 90 2490 quo
102 2460 136 2487 ait
147 2461 293 2490 Christus:
311 2460 376 2488 Non
392 2460 478 2489 bibam
487 2462 581 2489 amodo
594 2462 624 2488 de
637 2461 685 2489 hoc
698 2462 826 2496 genimine
878 2463 978 2498 gaudio
1001 2464 1140 2496 ducentes,
1157 2471 1201 2490 res
1213 2468 1302 2491 arctas
1317 2471 1367 2498 pro
1387 2463 1495 2498 amplis,
1511 2462 1663 2490 certamina

52 2504 104 2535 mit,
125 2507 187 2533 dum
212 2508 286 2534 illud
310 2507 401 2534 bibam
417 2506 550 2534 vobiscum
578 2514 673 2533 novum
699 2507 727 2533 in
748 2514 825 2541 regna
879 2516 928 2543 pro
954 2509 1069 2540 deliciis,
1085 2508 1295 2537 exercitationes
1314 2516 1363 2544 pro
1381 2509 1483 2544 quiete,
1500 2516 1593 2536 necem
1614 2515 1664 2543 pro

51 2547 121 2578 Patris
134 2556 182 2580 mei
198 2553 234 2582 ⁸³.
249 2553 294 2582 De
321 2560 378 2588 quo
393 2560 476 2588 regno
500 2553 527 2580 in
542 2552 626 2580 caelos
642 2553 766 2580 abiturus
781 2553 823 2580 di-
879 2554 934 2581 vita
948 2563 954 2581 :
984 2555 1066 2590 igitur
1088 2562 1139 2582 nos
1165 2562 1285 2590 quoque,
1301 2555 1348 2590 qui
1363 2555 1434 2583 idem
1450 2561 1578 2589 urgemus
1606 2558 1663 2584 stu:

76 2628 190 2660 “Matth.
207 2640 289 2666 uvr,
308 2631 357 2659 29.
395 2631 417 2648 ⁸⁹
431 2630 510 2658 Joan.
527 2637 582 2662 xtv,
599 2631 625 2663 5,
639 2630 666 2657 4.
704 2631 727 2646 ⁹⁰
746 2628 813 2657 Joan

877 2638 914 2663 'tt,
930 2631 975 2662 25.
988 2632 1033 2659 2L
1072 2632 1092 2648 "
1107 2631 1172 2660 ibid.

689 2696 807 2725 VARI/ﬁ
825 2697 1029 2726 LECTIONES.

377 2757 389 2777 ιι
405 2757 474 2785 Cod.
484 2757 638 2793 ὁλυμαιῶνε
651 2756 790 2784 Barberin.
804 2756 903 2784 omittit
917 2757 994 2785 artic.
1011 2758 1035 2784 ὁ.

805 2813 908 2842 NOTAE
913 2833 919 2840 .

79 2859 127 2893 (tu)
141 2861 355 2891 Nazianzenum
369 2860 427 2895 lege
437 2860 514 2889 Orat.
527 2861 565 2893 εἰς
583 2860 612 2887 τὸ
629 2860 705 2895 ἃγιον
721 2859 808 2894 nixu.

78 2746 317 2795 [tiodil'dapevm
377 2757 389 2777 ιι
405 2757 638 2793 Οοᾱ.ὁλυμαιῶν;
651 2756 790 2784 Barberin.
804 2756 903 2784 omittit
917 2757 994 2785 artic.
1011 2758 1035 2784 ὁ.
1095 2755 1100 2775 ί
1119 2756 1185 2785 Cod.
1204 2755 1372 2792 ρυσθήημεν.
