1921 3073
237 167 292 202 599

833 172 862 202 S.
877 170 1073 201 THEODORI
1093 170 1265 200 STUDlT/E

233 226 321 258 dium,
340 225 495 259 pariterque
511 225 660 259 quaerimus
674 225 786 258 Pascha,
803 226 959 261 praisentia,
975 233 1021 253 co-
1037 229 1060 256 Α
1074 233 1167 253 serens
1190 226 1274 253 orbis.
1290 225 1377 259 Quam
1397 226 1453 253 lucc
1467 231 1530 251 vere
1544 222 1696 258 splendida,
1712 225 1740 250 et
1760 221 1859 249 eximia

235 271 340 302 hortor,
357 269 491 302 animose,
505 277 537 297 ac
553 269 658 297 fortiter
669 270 799 303 feramus,
815 278 868 297 non
886 270 1018 302 labantes,

235 323 290 343 non
308 316 414 350 ignavia
430 316 539 351 torpidi,
555 316 621 351 quin
638 316 768 344 fervidius
797 317 897 349 exciti;
925 316 1020 344 obser-

234 366 331 390 vantes
355 367 383 389 et
408 362 562 397 improbum
585 367 737 398 serpentem
756 364 804 398 qui
817 362 975 390 varietatem
992 361 1018 388 iu

234 416 283 436 nos
303 412 429 436 exerceat
453 408 594 441 vitiorum,
626 409 652 435 in
685 409 811 444 angelum
841 416 871 435 sc
899 407 1018 435 lucidum

233 454 365 489 diffinget,
381 462 425 481 res
444 454 594 482 insolenter
608 458 760 487 convertat,
774 454 901 481 tenebras
917 453 1018 486 lucem,

233 507 356 527 amarum
373 500 451 527 dulce
475 504 605 528 ostentet.
629 499 675 527 Sic
694 500 865 528 decessorem
887 499 1020 527 ineseavit

232 546 368 574 Adamum
385 546 472 574 oculis
494 545 666 581 praestrictis,
684 554 716 573 ac
731 546 882 572 formosum
908 545 1019 572 molitus

233 591 305 626 quod
335 591 486 618 formosum
506 599 559 619 non
576 595 650 619 esset
676 595 759 625 atque
787 590 850 618 hinc
875 598 923 624 per
940 599 1018 618 esum

232 637 356 670 pomario
373 636 606 670 proscripsit.Nos
614 636 724 671 quidem
740 641 814 663 certe
829 644 894 663 usus
908 636 970 670 quis
984 636 1019 663 sit

233 680 332 711 cdocti.
348 681 453 708 scilicet
469 682 612 717 impostor,
625 681 695 708 haud
711 681 875 716 prodeamus
889 681 935 708 Dei
952 689 1019 716 pra:—

205 740 212 744 -
234 730 376 760 crplorum
393 726 516 761 pomario
531 733 585 753 neu
607 725 753 760 praebendo
767 725 856 753 fructu
886 726 1019 759 formoso,

234 767 320 795 aciem
341 775 374 795 eo
387 769 496 802 mentis,
508 773 556 796 aut
572 770 696 804 corporis
712 769 892 802 dimittamus,
912 776 1019 805 postca-

234 820 316 847 quam
332 813 498 848 inescamur,
515 815 561 842 sed
577 808 703 843 obtutum
716 817 790 843 onmi
805 825 855 850 ope
870 816 1017 851 fugiamus.

234 858 334 893 Ecquis
349 864 390 886 est
403 864 493 887 autem
509 860 615 888 fruetus
629 861 675 896 qui
701 861 839 889 formosus
867 863 1018 897 appareat?

211 939 214 943 ι
234 904 355 932 studium
378 906 479 938 carnis,
509 914 622 940 pravum
639 907 715 934 noxii
730 907 864 942 cujusque
875 908 932 935 vitii
948 908 1020 935 desi-
1037 904 1058 930 Β

234 949 351 978 derium.
369 950 490 983 Quorum
506 952 684 980 detrectando
711 953 844 987 periculo,
869 954 1021 982 incolumes

233 996 389 1030 evademus,
403 1001 430 1024 et
446 996 551 1025 Pascha
578 998 606 1025 in
635 1006 722 1025 aevum
739 1006 801 1026 eum
825 999 927 1026 sanctis
941 1000 1023 1027 obea—

234 1049 306 1075 mus,
327 1049 376 1077 per
393 1042 533 1070 Christum
549 1042 643 1071 Jesum
658 1043 803 1071 Domimun
822 1049 958 1075 nostrum,
978 1045 1021 1072 cui

233 1087 317 1122 gloria
337 1093 364 1116 et
385 1088 531 1123 imperiunm
546 1097 607 1117 cum
634 1089 725 1124 Patre,
750 1098 782 1117 ac
796 1094 890 1117 sancto
907 1090 1021 1125 Spiritu,

233 1140 308 1160 nunc
350 1137 377 1160 et
409 1140 526 1168 semper,
553 1135 581 1162 in
609 1143 775 1170 omnemque
804 1135 1020 1171 perpetuitatem.

233 1178 331 1205 Amen.

508 1225 624 1253 SEBMO
639 1226 742 1254 LXVII.

235 1269 330 1297 Media
352 1270 522 1298 hebdomadis
543 1278 627 1299 sexta.
642 1272 720 1299 Vitiis
734 1273 814 1305 obire,
830 1281 861 1300 ac
884 1274 1023 1300 virtutibus

272 1306 476 1343 reviviscet-eum
491 1307 595 1343 demum
609 1315 665 1334 esse
686 1308 779 1342 [eriari
795 1309 912 1343 quotidie
933 1309 1024 1335 Domi-

270 1341 348 1374 nique
362 1340 416 1367 Deo
432 1340 536 1368 Pascha
554 1343 667 1377 agitare.

270 1386 380 1414 Fratres
406 1386 564 1421 Patresqne,
578 1387 634 1415 dies
651 1389 775 1416 imminet
792 1389 903 1417 Paschae
918 1393 1025 1424 postea-

235 1439 318 1466 quam
329 1431 385 1458 Deo
397 1431 466 1459 duce
480 1432 596 1460 medium
607 1432 743 1467 jejunium
759 1434 952 1467 prazteriimus.
971 1434 1023 1461 Sed

236 1477 302 1512 quid
331 1482 422 1505 autem
447 1485 627 1513 properamus
656 1478 764 1506 Pascha
784 1487 928 1514 occupare,
952 1480 1023 1514 quod

236 1523 326 1554 adeat,
338 1523 485 1558 abeatque?
499 1531 552 1550 non
568 1524 594 1550 id
614 1531 750 1551 annorum
762 1525 906 1558 permultis
919 1527 1024 1560 egimus

236 1569 405 1596 curriculis?
425 1570 508 1605 Igitur
531 1578 650 1605 praesens
665 1571 794 1598 transibit
808 1579 918 1606 quoque
933 1580 940 1604 ;
958 1571 1025 1598 nihil
1038 1567 1059 1597 C

238 1621 279 1644 est
296 1617 369 1644 enitn
384 1616 411 1644 in
426 1617 478 1645 hoc
497 1617 596 1644 saeculo
607 1622 750 1649 constans,
764 1617 830 1652 quin
848 1618 906 1645 dies
922 1617 1025 1644 umbrae

238 1664 366 1693 labuntur
395 1664 492 1695 instar,
518 1664 626 1698 vitaque
642 1668 736 1690 nostra
755 1671 805 1691 ceu
825 1664 920 1697 pernix
940 1671 1026 1698 eques

238 1706 368 1741 decurrit,
385 1707 449 1734 dum
468 1715 614 1742 urgeamur
630 1707 664 1734 ad
679 1712 789 1735 metam.
806 1707 896 1740 Quid?
920 1715 1025 1740 annon,

238 1755 287 1787 ait,
301 1754 419 1781 amabile
433 1753 538 1781 Pascha
553 1754 617 1781 est?
642 1762 719 1784 sane,
735 1754 823 1782 fateor
848 1755 966 1782 amabile
985 1754 1027 1782 vel

238 1801 265 1828 in
290 1800 396 1834 primis,
424 1800 471 1827 sed
490 1800 562 1834 quod
583 1800 609 1826 in
634 1800 694 1827 dies
721 1801 847 1827 obeatur.
862 1800 1028 1833 Quodnam?

238 1846 401 1880 cxpurgatio
414 1845 559 1877 scelerum,
573 1845 702 1873 contritio
715 1845 817 1879 cordis,
842 1846 968 1880 lacryma:
993 1846 1028 1874 ab

239 1892 449 1926 compunctione
471 1891 610 1926 profectze,
637 1892 742 1926 puritas
769 1892 956 1925 conscientia,
975 1897 1030 1919 ter-

240 1937 545 1964 restrium'carnilicina
569 1937 768 1970 membrorum,
781 1936 918 1970 adulterii,
940 1938 1026 1972 impu‘

240 1983 350 2016 dicitim,
363 1983 496 2016 libidinis,
512 1984 585 2012 noxii
603 1983 740 2016 desiderii,
759 1991 792 2011 ac
811 1992 872 2019 quae
887 1985 947 2012 alia:
966 1988 1029 2012 sunt

240 2027 366 2058 fanatice
383 2037 470 2058 noxae.
499 2031 564 2063 Quae
583 2031 628 2065 qui
650 2031 797 2066 paraverit,
814 2039 866 2058 non
885 2032 911 2059 in
929 2039 1029 2058 annum

241 2077 336 2108 semel,
349 2079 407 2109 sed,
421 2083 450 2104 ut
465 2077 504 2104 sic
518 2077 619 2110 dicant,
635 2077 756 2112 quotidie
771 2077 885 2104 Domino
905 2082 1031 2112 peropta-

243 2122 297 2150 bile
308 2123 428 2151 celebrat
441 2123 563 2156 Pascha;
580 2127 607 2149 at
621 2123 668 2158 qui
686 2131 740 2150 non
754 2124 852 2151 habeat
876 2131 936 2158 qua:
962 2123 1030 2154 dixi,

244 2169 370 2204 vitiisque
378 2174 497 2205 regatur.
515 2177 547 2196 ne
561 2169 583 2196 is
599 2169 714 2196 feriandi
729 2169 764 2197 sit
779 2169 882 2204 impos:
902 2178 964 2196 nam
982 2170 1030 2204 qui

1075 273 1129 299 vita
1144 277 1186 299 est
1198 273 1204 298 ε
1218 280 1300 308 quam
1327 273 1416 305 beata,
1431 279 1463 299 ac
1479 269 1620 306 praefeiixt
1645 269 1730 304 igitur
1747 268 1860 296 demon-

1073 322 1159 345 strato
1181 319 1254 353 quod
1269 318 1419 353 quaerimus
1435 317 1549 349 Pascha,
1566 315 1638 343 serio
1657 314 1685 342 id
1703 322 1858 350 urgeamus,

1073 363 1172 392 fratres
1198 364 1356 396 venerandi,
1372 367 1399 391 et
1427 363 1558 391 obeamus
1578 361 1689 389 assidue
1711 368 1761 395 pro
1777 358 1860 392 virili,

1074 409 1147 436 vitiis
1171 409 1308 440 exstincti,
1329 416 1360 436 ac
1377 407 1524 436 virtutibus
1554 406 1676 438 redivivi,
1704 405 1791 431 instar
1809 403 1858 430 Do-

1074 455 1156 489 mini;
1169 455 1303 491 siquidem
1315 455 1366 482 luit
1380 463 1430 490 pro
1441 454 1521 482 nobis
1533 452 1708 487 supplicium,
1719 450 1861 484 exemplar

1073 501 1209 536 quoddam
1229 501 1398 536 relinquens,
1412 507 1467 535 quo
1480 499 1592 534 vestigia
1608 504 1786 532 sequeremur
1799 503 1860 524 sua.

1074 547 1166 582 Neque
1183 548 1240 575 lnec
1256 547 1363 575 dissero
1378 551 1406 574 ut
1423 547 1539 573 aliorum
1554 545 1661 579 judices
1676 543 1775 571 ﬁamus
1786 542 1861 577 (nam

1073 601 1153 620 suum
1164 593 1280 628 quisque
1293 601 1361 620 onus
1377 592 1473 627 geret),
1485 592 1550 626 quin
1565 594 1717 624 perspecto,
1728 588 1801 624 quod
1817 587 1860 614 di-

1074 641 1175 667 vinitus
1190 640 1350 672 habeamus,
1367 638 1510 669 beneficio,
1527 641 1616 672 grates
1633 641 1747 670 agamus
1761 633 1862 668 praebi—

1074 685 1138 719 tori,
1158 686 1326 712 honoremus
1340 682 1506 713 beneficum,
1522 681 1607 708 vicem
1623 680 1690 707 hero
1702 677 1861 709 reddamus.

1073 731 1120 766 qui
1143 738 1197 758 non
1227 729 1315 757 solum
1333 727 1478 763 praesentia
1492 725 1626 758 tribuerit,
1642 724 1689 752 sed
1711 723 1820 751 sincere
1833 730 1863 750 se

1074 777 1106 804 ad
1120 781 1272 804 extremum
1289 774 1443 801 colentibus
1458 772 1530 800 bona
1546 772 1657 805 insuper
1669 769 1706 796 sit
1723 769 1861 804 promissa

1073 821 1205 851 daturus,
1234 825 1367 846 artcrunm
1391 817 1468 849 illud,
1482 821 1509 844 et
1521 817 1631 843 caeleste
1646 814 1751 842 Pascha
1764 822 1772 840 :
1787 813 1862 849 quod

1074 866 1188 901 adipisci
1205 871 1300 892 omnes
1315 864 1456 898 contingat
1472 861 1582 889 Domini
1603 861 1690 888 nostri
1706 859 1770 887 Jesu
1784 858 1865 886 Chri-

1073 913 1106 940 sti
1119 912 1281 940 liberalitate
1298 915 1377 945 atque
1398 908 1531 937 beneficio
1550 917 1556 934 :
1573 907 1617 935 cui
1633 906 1759 941 gloriatet
1776 905 1865 941 impe-

1075 958 1145 984 rium
1164 965 1225 984 cum
1242 957 1330 988 Patre,
1344 963 1377 982 ac
1391 959 1486 983 saneto
1503 952 1617 987 Spiritu,
1638 959 1711 979 nunc
1743 955 1772 978 ct
1790 957 1864 978 sem-

1074 1011 1131 1038 per,
1147 1004 1173 1030 in
1189 1010 1354 1037 omnemque
1368 1001 1590 1036 perpetuitatem,
1603 999 1700 1026 Amen.

1336 1046 1453 1076 SERMO
1482 1045 1598 1073 LXVIII.

1075 1095 1108 1122 In
1131 1095 1190 1122 Ver.
1213 1094 1339 1128 Oportere
1363 1101 1410 1120 nos
1429 1092 1549 1120 renovari
1562 1092 1591 1118 in
1605 1092 1747 1128 antiquum
1759 1097 1806 1124 per
1820 1089 1866 1115 iu-

1110 1125 1272 1158 curreittiunt
1283 1129 1495 1163 arpcctabilium,
1506 1133 1531 1154 et
1564 1125 1793 1161 inaspectabilium
1807 1129 1867 1150 teli-

1110 1167 1241 1193 talionum
1256 1165 1434 1191 tolerantiam.

1110 1213 1218 1240 Fratres
1243 1212 1402 1246 Patresque,
1415 1211 1504 1238 hieme
1515 1208 1665 1244 proﬂigata,
1680 1212 1707 1235 et
1721 1211 1867 1242 appetente

1073 1267 1147 1292 vere,
1175 1266 1256 1287 omne
1278 1258 1331 1285 hoc
1347 1256 1504 1284 universum
1519 1254 1646 1282 reﬂorere
1661 1253 1796 1284 videmus,
1813 1252 1867 1278 hoc

1075 1309 1126 1337 est,
1142 1305 1240 1338 stirpes
1255 1301 1376 1333 ﬂoridas,
1392 1305 1491 1327 terram
1506 1299 1697 1329 virescentem,
1710 1303 1774 1323 aves
1790 1302 1868 1321 mur-

1075 1354 1231 1382 murantes;
1248 1353 1345 1376 caetera
1369 1346 1470 1374 novitia
1488 1349 1596 1376 cuncta,
1611 1343 1639 1370 in
1658 1343 1746 1377 iisque
1763 1341 1869 1376 gaude-

1076 1403 1147 1428 mus,
1168 1403 1200 1422 ac
1219 1394 1289 1420 Max.
1308 1392 1370 1427 Opt.
1402 1391 1555 1418 molitorem
1583 1389 1663 1415 Deum
1692 1387 1839 1414 laudamus
1858 1395 1866 1412 :

1075 1442 1122 1477 qui
1138 1442 1208 1467 hanc
1220 1446 1310 1466 rerum
1325 1441 1451 1464 naturam
1468 1436 1494 1462 in
1511 1442 1612 1462 annum
1635 1435 1742 1467 reparet
1755 1435 1782 1458 et
1799 1438 1870 1458 eon-

1076 1491 1173 1519 vcrtat,
1193 1491 1281 1520 neque
1294 1480 1561 1518 injuriaJnuisibilia
1575 1479 1645 1506 enim
1660 1477 1743 1511 ipsius
1760 1485 1775 1502 α
1790 1484 1870 1502 crea-

1077 1540 1136 1560 tura
1151 1531 1242 1558 mundi
1258 1538 1301 1564 per
1314 1537 1344 1556 ea
1358 1536 1416 1564 quia
1440 1527 1512 1561 facta
1536 1530 1596 1553 sunt
1611 1523 1744 1551 intellecta
1761 1523 1872 1556 conspi-

1076 1581 1192 1610 ciuntur,
1208 1577 1365 1611 sempiterna
1377 1575 1434 1609 ejus
1447 1575 1528 1601 virtus
1541 1577 1564 1599 et
1576 1571 1701 1598 divinitas
1714 1570 1748 1595 ".
1771 1568 1872 1601 Quan-

1075 1632 1158 1660 quam
1175 1623 1247 1651 haud
1267 1623 1312 1649 hic
1325 1619 1530 1649 consistendum
1545 1621 1586 1644 est
1602 1615 1690 1647 nobis,
1704 1614 1770 1648 quin
1799 1613 1874 1640 ulte-

1075 1673 1133 1701 rius
1152 1669 1283 1701 cundum,
1299 1668 1425 1701 intraque
1441 1673 1490 1692 nos
1506 1671 1619 1692 summe
1631 1669 1723 1689 rerum
1740 1665 1875 1688 contem-

1076 1717 1175 1753 planda
1191 1715 1269 1742 ratio.
1285 1711 1424 1746 Quinam?
1455 1708 1660 1737 renovatiouexn
1678 1707 1749 1732 hanc
1767 1703 1877 1731 habere

1078 1764 1195 1791 hiemem
1209 1766 1334 1788 causam:
1350 1763 1437 1791 neque
1453 1755 1527 1783 enim
1547 1755 1580 1781 ad
1598 1755 1766 1780 venustatem
1782 1753 1877 1777 teten-

1078 1808 1157 1839 derit,
1185 1807 1212 1833 ui
1240 1809 1304 1832 ante
1328 1803 1414 1833 nives,
1439 1801 1552 1831 imbres,
1568 1803 1663 1826 ventos
1686 1796 1813 1824 subierit.
1831 1795 1875 1821 Ad

1079 1854 1203 1882 eumdem
1231 1852 1340 1878 modum
1365 1847 1473 1876 animus
1499 1853 1607 1881 quoque
1631 1844 1658 1871 ni
1682 1849 1877 1870 atrumnarum

1078 1897 1350 1936 prius,miseriarum,
1366 1893 1558 1922 discriminum
1577 1890 1658 1926 quasi
1671 1888 1790 1924 quadam
1804 1895 1877 1914 con-

1080 1933 1191 1981 spersus
1216 1944 1278 1970 nive
1305 1942 1349 1973 sit,
1365 1946 1537 1976 nequaquam
1567 1945 1596 1964 se
1616 1935 1704 1962 induit
1719 1933 1874 1981 indi-orem,

1081 1979 1128 2018 aut
1143 1988 1297 2016 fructificat:
1313 1993 1475 2022 passusque,
1488 1988 1515 2011 et
1533 1981 1686 2012 fruetilicat,
1704 1986 1730 2007 et
1742 1979 1876 2006 felicitate

1082 2037 1182 2064 fruitur
1194 2034 1295 2065 divina,
1312 2030 1541 2066 quemadmodum
1554 2028 1686 2062 scriptum
1706 2029 1748 2052 est
1763 2033 1771 2050 ι
1790 2024 1876 2051 Terra

1082 2083 1151 2109 enim
1165 2088 1232 2115 ηερε
1242 2078 1384 2106 venientem
1398 2084 1476 2111 super
1492 2084 1519 2102 se
1537 2074 1624 2101 bibens
1641 2073 1774 2103 imbrem;
1789 2075 1815 2097 et
1832 2078 1878 2104 ge-

1083 2135 1179 2156 neratis
1191 2125 1296 2153 herbam
1311 2129 1484 2158 opportunam
1496 2122 1550 2148 illis
1562 2130 1578 2146 ιι
1588 2119 1682 2155 quibus
1701 2117 1812 2148 colitur,
1827 2124 1878 2142 ac-

1084 2175 1147 2208 cipit
1162 2172 1366 2200 benedictionem
1381 2179 1398 2196 a
1417 2169 1470 2196 Deo
1484 2169 1517 2195 π.
1534 2167 1618 2202 igitur
1637 2170 1665 2192 et
1677 2171 1739 2195 nos,
1764 2163 1876 2192 fratres.

243 2215 366 2249 ferietur,
388 2216 432 2242 cui
458 2215 563 2242 Numen
592 2215 735 2250 ingluvies,
753 2215 799 2250 qui
817 2217 908 2243 carnis
936 2216 1032 2250 flagret
1049 2216 1070 2243 D
1085 2224 1194 2244 onmem
1223 2215 1360 2250 patiamur
1385 2220 1556 2244 aerumnam;
1583 2217 1691 2237 (minem
1720 2208 1879 2238 miseriam,

243 2261 412 2294 libidinibus,
434 2262 479 2296 qui
508 2261 608 2288 invidia
636 2261 777 2294 tabescat,
804 2262 850 2296 qui
885 2262 1031 2289 immersus

244 2307 375 2338 avaritiae,
395 2307 443 2341 qui
459 2307 607 2334 ambitione
630 2313 785 2341 possessus,
800 2307 847 2341 qui
867 2307 928 2334 aliis
953 2307 1031 2334 invo-

243 2352 293 2380 luti
319 2353 374 2379 sint
393 2352 583 2379 facinoribus?
598 2351 649 2379 nisi
665 2352 728 2387 quis
743 2352 815 2380 dicat
826 2360 892 2380 sane
906 2357 933 2380 et
947 2352 1033 2380 febri-

244 2399 374 2426 citantem
398 2399 499 2431 valere,
523 2403 550 2426 et
567 2399 727 2434 naufragum
751 2400 813 2426 vehi
839 2407 978 2434 prospere.
998 2399 1033 2426 At

245 2452 301 2472 non
321 2445 347 2472 id
376 2445 447 2472 ratio
475 2444 571 2480 fasque
600 2445 712 2480 patitur,
732 2445 826 2479 nequit
851 2446 924 2472 enim
942 2445 1034 2480 quiin

245 2489 367 2516 tenebris
389 2494 513 2516 versetur
539 2489 706 2522 collustrari,
733 2497 784 2516 nec
812 2490 859 2524 qui
885 2489 1033 2517 Sceleribus

244 2535 395 2563 baechetur
429 2535 532 2563 feriari.
560 2535 596 2562 De
623 2535 700 2562 vobis
726 2536 835 2569 quidem
865 2536 1034 2570 spondi-mus

245 2582 358 2610 meliora
372 2581 575 2617 conjunctaque
586 2581 678 2616 saluti.
696 2580 806 2608 Scilicet
820 2588 874 2608 non
890 2581 963 2608 aliud
981 2582 1033 2608 vita

245 2631 340 2656 nostra
354 2632 395 2654 est
410 2635 492 2662 quam
510 2627 570 2654 festi
588 2631 750 2663 apparatus:
767 2635 830 2654 nam
849 2627 948 2655 videsis
975 2635 1034 2662 qua:

246 2674 391 2706 obcautur,
408 2673 588 2708 psalmodiam
602 2672 702 2707 excipit
716 2672 876 2706 psalmodia,
888 2672 1033 2701 lectionem

247 2719 337 2753 lectio,
366 2719 568 2746 meditationem
599 2718 762 2750 meditatio,
787 2719 1033 2753 comprecationem

247 2764 442 2799 comprecatio,
455 2764 531 2799 quasi
543 2764 653 2798 quidam
668 2771 752 2799 agens
771 2772 830 2797 nos,
852 2765 961 2800 Deoque
972 2772 1035 2792 con-

285 2889 307 2909 "
324 2889 402 2916 llum.
421 2898 439 2919 l.
455 2891 496 2918 ΞΟ.
539 2891 561 2907 ’³
578 2890 658 2918 lli-lit.
683 2900 705 2918 γι
732 2893 756 2918 ἴ.

1084 2269 1191 2290 omnem
1207 2261 1390 2288 incurrentem
1406 2258 1598 2294 aspectabilcm
1609 2261 1635 2284 et
1650 2254 1882 2290 inaspectabilem

1084 2308 1273 2340 tentationem,
1297 2307 1386 2341 ipsum
1408 2306 1460 2333 hoc
1483 2305 1555 2339 quod
1575 2302 1702 2330 ducimus
1727 2300 1883 2336 jejunium.

1084 2355 1245 2386 esurientes,
1271 2353 1403 2384 sitientes,
1418 2352 1523 2379 caneris
1540 2348 1762 2377 afﬂictationibus
1786 2347 1886 2374 feren-

1085 2400 1139 2431 dis,
1157 2407 1211 2434 quo
1228 2398 1422 2426 fructificemus
1438 2396 1619 2430 felicitateque
1634 2394 1726 2420 divina
1739 2393 1883 2419 fruamur.

1085 2445 1179 2481 Neque
1206 2446 1233 2472 id
1252 2445 1401 2478 duntaxat,
1420 2443 1485 2478 quin
1507 2442 1540 2468 ad
1556 2441 1650 2476 epulas
1663 2439 1758 2466 Jesum
1777 2438 1883 2465 invite-

1083 2491 1159 2524 mus;
1177 2495 1206 2517 ut
1231 2490 1305 2517 enirn
1330 2488 1426 2516 mundi
1455 2495 1504 2514 nos
1521 2486 1690 2513 oblectamur
1707 2482 1881 2518 spectaculo,

1085 2538 1121 2564 ita
1150 2537 1174 2563 is
1197 2536 1281 2563 animi
1299 2533 1503 2570 pulchritudine
1531 2530 1629 2558 nostri.
1649 2529 1709 2556 Jam
1735 2529 1784 2563 qui
1814 2532 1888 2555 sunt.

1085 2583 1213 2609 fructus?
1236 2588 1323 2613 amor,
1332 2580 1472 2615 gaudium,
1488 2585 1552 2613 pax,
1579 2575 1689 2607 lenitas,
1710 2574 1886 2610 benignitas,

1086 2627 1273 2659 beneficentia,
1300 2627 1376 2658 fides,
1405 2624 1595 2655 mansuetudo,
1618 2620 1809 2650 continentia:
1840 2620 1887 2646 ha:

1086 2672 1150 2699 huic
1174 2671 1271 2706 cpulm,
1288 2671 1346 2698 hate
1367 2670 1492 2697 invitatio
1506 2673 1556 2696 est.
1572 2669 1611 2694 Ae
1627 2666 1734 2694 felicem
1750 2665 1798 2700 qui
1815 2672 1888 2692 eum

1087 2723 1191 2753 pascat,
1208 2717 1242 2744 ab
1256 2724 1310 2752 quo
1328 2716 1445 2744 vicissim
1461 2714 1626 2750 perennibus
1640 2713 1722 2740 bonis
1738 2715 1888 2746 pascatur,

1086 2765 1190 2793 felicem
1211 2764 1256 2801 qui
1275 2763 1378 2795 invitet,
1395 2763 1444 2790 abs
1458 2769 1512 2797 quo
1530 2762 1556 2790 in
1571 2759 1675 2788 coalesti
1689 2766 1776 2794 regno
1788 2756 1890 2786 rediit»
