1921 3073
60 172 108 205 601

63 273 229 308 triumphat;
245 278 299 306 quo
312 271 399 304 magis
413 269 461 304 qui
476 276 570 304 regum
585 267 696 302 Regem,
712 267 858 294 Dominum

64 317 264 348 dominorum?
280 315 339 350 capi
353 315 463 350 quidem
480 315 538 341 haec
554 314 615 349 ejus
631 313 730 340 indicio
748 318 789 340 est
799 320 860 339 sen-

64 366 167 394 tentia:
184 363 241 399 Ego
260 369 284 390 et
304 361 388 389 Pater
404 361 547 392 veniemus,
567 364 592 387 et
615 359 685 394 apud
701 366 761 386 eum
781 367 859 385 nian-

65 414 163 440 sionem
178 411 308 445 faciemus
320 409 355 436 “.
371 408 410 436 Ac
427 415 554 435 rursum:
572 407 625 440 Qui
637 406 715 433 habet
733 405 861 432 mandata

66 468 134 490 mea,
146 463 171 485 et
187 461 274 484 servat
289 465 330 488 ea,
340 455 387 482 ille
413 460 452 482 est
477 454 521 489 qui
538 453 626 488 diligit
650 460 701 486 me,
718 453 763 487 qui
777 457 861 478 autem

66 506 151 540 diligit
171 512 221 535 me,
234 502 384 537 diligetura
397 500 480 527 Patre
495 508 560 532 meo,
577 503 602 525 et
613 507 659 534 ego
670 498 780 532 diligam
792 505 862 529 eum,

66 556 89 577 et
106 548 283 583 manifestabo
295 549 318 575 ei
330 547 458 581 meipsuin
473 547 506 572 ’⁵.
526 545 635 578 Quibus
649 545 731 572 editis
745 544 864 579 promis-

66 597 115 627 sis,
131 604 186 622 non
205 595 326 622 feramus
350 593 443 624 modo,
461 592 527 626 quin
546 591 598 618 ἰξειὶ
624 590 717 617 omnia
732 589 863 618 feramus.

68 647 122 668 tam
141 640 300 675 praesentia,
316 647 398 674 quam
412 645 473 672 qua:
489 637 646 664 rumoribus
657 636 805 670 jactentur,
823 639 865 662 at-

68 696 121 723 que
148 691 317 719 metuantur,
342 685 484 712 audientes
517 683 676 718 Apostolum
705 681 863 709 dicentem:

71 733 151 760 Nunc
168 733 271 767 gaudeo
294 732 322 758 in
336 730 505 765 pastionibus
525 737 573 764 pro
598 729 680 760 vobis,
695 732 720 754 et
736 727 867 760 adimpleo

70 785 101 803 ea
116 785 176 812 qua:
202 776 296 802 desunt
311 775 464 809 passionum
487 772 589 800 Christi
603 773 630 799 in
653 779 733 798 carne
747 779 806 797 mea
820 778 868 805 pro

71 828 180 854 corpore
195 820 265 854 ejus,
285 818 354 854 quod
370 823 408 845 est
422 817 544 844 Ecclesia
561 817 583 832 θ’
598 824 605 848 ;
620 816 771 849 divumque
789 813 869 842 Jaco—

71 867 136 895 bum
159 877 166 895 ς
183 867 268 895 Omne
290 866 418 901 gaudium
431 864 592 895 existimate,
612 863 708 896 fratre:
729 862 791 893 mei,
808 868 867 887 cum

71 914 100 941 in
119 913 279 940 lentationer
299 912 387 939 varias
413 909 572 941 incideritis,
585 908 695 935 acienlea
711 907 781 942 quod
806 915 867 940 pro-

73 960 146 986 batio
159 959 223 993 ﬁdei
240 963 332 985 vestrm
344 957 500 992 patientiam
521 959 656 988 operatur.
668 952 805 979 Patientia
820 959 868 978 αιιρ

74 1011 126 1032 tem
136 1012 203 1037 opus
214 1004 359 1038 perfectum
370 1001 475 1032 habeat,
491 1005 518 1027 ut
529 1000 588 1026 sitis
599 998 708 1033 perfecti
721 1002 745 1024 et
761 996 866 1030 integri,

75 1051 102 1077 in
115 1049 191 1076 nullo
205 1049 356 1083 deﬁcientes
370 1047 404 1074 ⁸⁷.
422 1045 518 1073 Viden‘
535 1049 564 1071 ut
580 1043 743 1071 tentationes
757 1042 868 1078 gaudio,

75 1103 108 1123 ac
125 1094 259 1128 voluptati
275 1094 331 1121 sint
346 1100 475 1120 aerumnae
489 1100 496 1124 ;
516 1091 553 1117 ita
568 1090 640 1118 enim
661 1093 725 1116 sunt
737 1095 798 1122 qua:
822 1094 869 1114 ne-

75 1142 225 1176 gotiatione
241 1140 359 1176 quadam
386 1139 480 1166 divina
507 1141 722 1168 commutentur,
739 1140 820 1170 atque
843 1135 868 1162 id

76 1188 140 1214 vitae
164 1186 323 1214 institutum
349 1187 437 1213 sancti
466 1184 562 1211 iniere.
593 1182 654 1215 Quo
682 1189 732 1208 nos
760 1187 871 1216 quoque

75 1233 206 1261 obeundo
231 1232 305 1263 nisu,
322 1239 354 1258 ac
379 1230 482 1261 renisu,
497 1235 524 1256 et
543 1236 637 1256 eorum
655 1227 778 1262 vestigiis
794 1234 872 1261 gras-

76 1279 141 1310 sati,
162 1278 276 1305 cceleste
292 1283 406 1311 regnum
420 1275 588 1302 erciscemur
604 1281 652 1308 per
663 1272 801 1299 Christum
826 1269 871 1298 Je-

77 1332 140 1351 sum
157 1323 305 1350 Dominum
335 1326 459 1348 nostrum
481 1329 487 1346 :
507 1320 551 1346 cui
564 1319 651 1354 gloria
671 1323 698 1345 et
726 1317 870 1351 itnperiutn

76 1377 142 1397 eum
159 1370 250 1401 Patre,
263 1376 295 1395 ac
315 1371 410 1395 saneto
429 1366 544 1401 Spiritu.
572 1373 645 1392 nunc
660 1369 687 1392 et
703 1371 823 1398 semper,
844 1362 872 1389 in

77 1422 245 1449 omnemque
263 1414 482 1450 perpetuitatem.
498 1413 596 1440 Amen.

364 1469 481 1498 SEKMO
500 1467 594 1496 LXIX.

80 1522 112 1549 lu
132 1523 187 1549 divi
209 1521 330 1548 Platani:
362 1519 524 1544 memoriam.
561 1514 612 1547 Qui
634 1515 662 1540 in
685 1513 809 1541 wrumm’s
842 1520 873 1538 ac

633 163 834 194 SERMONES
852 160 1047 193 CATECl-IET
1054 160 1116 190 [CL

60 229 171 256 vitetur.
186 225 257 258 Vah,
272 224 320 260 qui
338 223 384 251 hic
401 227 471 251 tecto
485 222 573 258 capiat
586 229 688 256 regem,
705 221 804 255 gaudet
821 228 852 247 ac
868 225 891 252 Α
944 218 1067 246 Eximius
1098 217 1262 251 [Prmcursor
1277 235 1284 249 ,

884 893 905 919 Β

1649 145 1704 179 602

1373 213 1402 239 '0
1419 210 1504 247 μέγας
1534 206 1702 242 Πρόδρομοςο

910 274 991 302 quem
1025 266 1053 293 in
1077 265 1134 300 (ΓΙ)
1169 262 1286 291 adulteri
1323 256 1353 287 οὒ
1379 257 1501 294 μιμητὴς
1528 252 1633 302 ἠξιώθη
1657 258 1705 302 τες

912 296 1130 347 reprehensione
1150 309 1223 345 regis
1236 308 1289 335 Pa-
1324 306 1418 334 νέσθαι
1435 305 1464 331 ὲν
1475 302 1513 338 τῷ
1529 299 1642 347 ste-{pqr
1656 296 1704 324 τοῦ

914 345 955 387 ter
977 359 1102 386 imitatus
1128 348 1206 384 Plato
1232 361 1288 388 est,
1329 351 1523 388 μοιχεύσαντος
1571 345 1706 382 βασιλέως

913 406 993 441 cujus
1018 404 1099 432 hodie
1127 403 1305 431 memorianr
1326 400 1449 430 Πλάτων,
1470 398 1485 424 ό
1510 398 1584 427 ὅσιος
1609 393 1706 428 Πατὴρ

913 451 1124 479 celebravimus.
1326 446 1416 482 ήμῶν,
1430 441 1462 471 οὖ
1478 443 1507 470 δὲ
1531 441 1582 477 τὴν
1595 441 1708 476 μνήμην

914 499 1033 534 σήμερον
1047 494 1188 532 ἑορτάζειν
1198 493 1350 529 ἡξιώμεύα.
1365 491 1476 518 ΕΑηΜο.
1511 488 1563 514 loc.
1580 487 1627 513 cit.
1641 492 1705 520 pag.

915 544 977 571 280.

950 589 1076 623 Cumque
1095 582 1197 622 egregii
1221 585 1345 620 magistri
1363 587 1443 618 cogat
1462 580 1614 609 necessitas
1626 585 1707 613 egre-

917 635 977 670 gios
1001 641 1062 662 esse
1086 639 1114 661 et
1137 631 1301 667 discipulos,
1333 627 1527 664 cognoscendo
1550 633 1585 653 ex
1609 624 1709 652 arbore

918 683 1018 712 fructu,
1039 680 1144 711 hortor,
1162 683 1189 705 et
1204 678 1338 710 obtestor,
1360 675 1519 711 gradiamur
1532 679 1583 700 nos
1596 676 1708 706 quoque

918 727 1012 753 eadem
1025 732 1133 757 norma,
1148 724 1302 757 iisdemque
1315 720 1449 756 vestigiis,
1466 719 1566 754 quibus
1578 721 1636 744 tum
1652 715 1708 747 ille,

921 777 977 799 tum
992 770 1082 805 caeteri
1098 770 1192 797 Patres
1223 768 1377 802 fratresque
1391 766 1425 793 de
1443 764 1533 793 studio
1546 761 1709 792 monastieo,

920 825 952 845 ac
969 816 1143 844 confessione
1168 822 1230 850 quae
1254 813 1405 844 incumbat,
1425 810 1594 838 remittentes
1616 805 1684 833 nihil
1701 813 1708 831 :

955 863 1014 890 iam
1046 862 1120 889 enim
1152 859 1294 888 audieritis

918 910 979 938 sine
1003 908 1086 936 dubio
1110 907 1175 942 quid
1201 905 1296 933 infelix

918 955 1071 983 Alexander
1091 952 1244 984 admiserit,
1267 956 1297 979 ut

919 1000 1102 1029 obedientiam
1134 999 1212 1034 juxta
1229 1019 1236 1032 ,
1270 1002 1297 1025 et

919 1047 1120 1076 conicssioncm
1152 1045 1295 1080 abjurarit.

921 1093 1002 1127 Quod
1034 1093 1106 1120 unde
1137 1091 1296 1123 contraxit,

922 1140 974 1168 nisi
986 1139 1032 1174 qui
1045 1138 1186 1166 solitarius
1199 1137 1297 1170 obiret,

922 1185 1005 1221 (quod
1026 1185 1154 1220 equidem
1172 1183 1300 1218 frequen-

922 1237 962 1260 ter
973 1231 1105 1259 solitariis
1116 1230 1235 1265 objecto)
1246 1234 1300 1257 stu-

922 1278 1024 1312 dioque
1047 1283 1224 1304 nummorum
1253 1274 1301 1302 Ju-

923 1325 1002 1352 daico
1034 1322 1183 1358 ﬂagraret?
1220 1322 1301 1357 igitur

924 1371 1020 1398 herum
1055 1374 1170 1403 uterque
1201 1367 1301 1401 glorio-

927 1425 988 1444 sum
1001 1416 1104 1451 prodit,
1128 1415 1173 1442 hic
1189 1413 1300 1442 Judacis.

923 1463 969 1490 ille
991 1462 1146 1490 Judzeorum
1169 1459 1302 1495 gregariis

924 1509 1123 1538 lconomacliis.

1347 858 1416 892 Ἦδη
1433 857 1488 892 γὰρ
1503 855 1612 884 πάντως
1624 851 1709 886 quod-

1332 913 1396 932 σατε
1406 904 1432 930 τί
1441 903 1582 938 πέπρακεν
1589 898 1712 930 Ἀλέξανσ

1331 949 1393 984 δρος
1414 949 1428 975 ὁ
1444 947 1584 981 δύστηνος-
1611 943 1709 978 Ἐξηρ-

1333 996 1435 1031 νὴσατο
1444 993 1493 1021 καὶ
1501 992 1549 1028 τὴν
1559 989 1710 1024 ὑποταγὴν,

1333 1041 1381 1069 καὶ
1402 1040 1453 1076 τὴν
1469 1037 1624 1074 ὁμολογίαν.
1656 1035 1712 1063 Καὶ

1333 1086 1416 1113 πόθεν
1445 1084 1525 1112 τοῦτο
1555 1081 1712 1114 πέπονθεν,

1334 1131 1392 1160 ἀλλ’
1409 1131 1426 1167 ἢ
1441 1132 1472 1158 ὲκ
1484 1129 1531 1157 τοῦ
1544 1127 1614 1156 εἷναι
1629 1127 1712 1154 αὐτὸν

1337 1189 1370 1215 με
1376 1188 1448 1215 μονω
1452 1178 1542 1213 μένον,
1559 1176 1573 1202 ὃ
1584 1175 1714 1206 πολλάκις

1336 1225 1447 1261 ἐγκαλῶ
1469 1225 1525 1255 τοῖς
1550 1231 1583 1258 με
1587 1220 1714 1258 μονωμέ-

1337 1282 1404 1306 νοις,
1420 1273 1451 1299 ὲκ
1470 1270 1518 1298 τοῦ
1544 1269 1714 1304 φιλάργυρος

1337 1318 1464 1354 γενέσθαι
1479 1316 1550 1344 κατὰ
1572 1315 1618 1341 τὸν
1647 1312 1714 1340 Ἰούο

1337 1366 1395 1392 δαν.
1414 1363 1577 1398 Ἀμφότεροι
1588 1357 1635 1387 οὖν
1647 1366 1716 1394 προ-

1338 1412 1442 1438 ἐδωκαν
1469 1408 1515 1435 τὸν
1544 1407 1647 1442 Κύριον
1665 1404 1716 1440 τῆς

1337 1457 1425 1490 δόξης,
1441 1456 1455 1481 ὀ
1482 1454 1532 1489 μὲν
1559 1454 1616 1484 τοῖς
1647 1451 1718 1478 Ἴου-

1338 1504 1433 1534 δαὶοις,
1446 1502 1461 1527 ὁ
1471 1502 1500 1528 δὲ
1515 1501 1571 1532 τοῖς
1582 1499 1718 1536 ὁμόφροσι

116 1557 234 1584 miseriis
260 1556 342 1582 vitam
373 1552 518 1583 transiere,
557 1542 708 1576 incredibili
732 1549 873 1582 alienaque

930 1553 978 1581 τῶν
1000 1552 1134 1579 Ἰουδαίων
1168 1549 1372 1583 εικονομάχοις.
1394 1546 1517 1583 [Fannia
1540 1543 1609 1571 Bibl.
1630 1542 1706 1570 Grata

116 1593 206 1620 dolori
222 1591 356 1624 uoluptate
370 1588 434 1622 frui.

117 1637 232 1664 Fratres
254 1635 415 1668 Patresque,
443 1639 504 1659 cum
529 1630 634 1658 homini
662 1630 735 1657 omni
768 1635 875 1656 sermo-

84 1692 159 1716 nem,
179 1689 271 1710 remve
288 1681 393 1707 ineunti
409 1685 540 1706 aerumnae
551 1677 578 1704 in
595 1675 703 1712 primis,
719 1679 747 1702 et
761 1674 876 1702 dillicul-

85 1737 127 1757 Ias
138 1728 283 1764 qumritur,
305 1731 361 1753 tum
387 1730 509 1752 extremo
522 1722 671 1751 certamine
698 1722 826 1756 gaudium
844 1727 876 1747 ac

86 1774 192 1802 laetitia.
222 1772 295 1799 Sane
316 1770 558 1806 lacrymabundus,
584 1769 735 1796 secundum
753 1774 875 1798 carnem,

87 1821 209 1848 rusticus
226 1819 303 1850 serit,
328 1815 544 1845 exsultabundus
568 1815 658 1845 metit,
687 1812 878 1848 prolectusque

90 1867 118 1892 in
139 1865 265 1901 pralium
286 1863 364 1890 miles
379 1862 472 1897 lugere
493 1861 572 1892 solet,
598 1859 760 1887 ovabundus
785 1858 876 1884 redit:

88 1912 172 1947 igitur
194 1910 227 1938 ad
250 1914 351 1937 metam
375 1916 425 1936 nos
447 1914 558 1943 quoque
580 1905 667 1933 evecti
690 1903 876 1936 continentiae,

88 1959 214 1993 priorum
235 1954 439 1982 alllictationem
464 1953 589 1980 laborum
616 1951 730 1978 minime
751 1950 879 1978 recorde-

89 2011 163 2035 mur,
179 2002 234 2029 laeti
249 2001 442 2036 praesentibus,
460 1999 623 2033 ﬂorumque
638 1997 791 2024 laudantes.
808 1996 878 2030 Quin

89 2047 258 2082 splendeatis
274 2051 302 2073 et
316 2046 343 2072 in
363 2048 504 2079 posterum
520 2043 621 2071 studiis
640 2042 796 2077 praeclaris;
816 2048 879 2067 nam

89 2092 217 2127 equidem
239 2094 323 2118 testor
346 2089 444 2125 jejunii
471 2094 578 2122 tempus
606 2087 714 2122 egregie
746 2086 878 2117 obivisse,

90 2139 151 2165 sine
164 2144 267 2173 pugna,
283 2136 349 2163 citra
363 2134 522 2166 tumultum,
538 2134 691 2167 morigeros
708 2132 791 2167 probe
804 2139 880 2158 com-

91 2188 222 2220 punctus,
248 2190 328 2210 suum
351 2188 486 2217 quemque
509 2180 626 2208 ollicium
651 2179 718 2206 satis
744 2185 881 2213 superque

93 2232 215 2258 functos.
232 2229 271 2257 Ac
293 2233 382 2264 grates
403 2227 563 2263 przepotenti
580 2226 647 2258 Deo,
672 2225 719 2261 qui
733 2225 805 2252 vires
817 2231 882 2252 con-

94 2277 160 2305 tulit
172 2276 310 2312 explendi.
326 2274 578 2309 ldemque,iratres,
590 2272 730 2307 exemplar
742 2271 884 2306 capiamus

95 2324 150 2352 sub
164 2323 249 2358 hujus
265 2322 369 2350 exitum
381 2321 453 2353 vitaz,
469 2327 530 2348 cum
545 2327 560 2346 a
575 2326 624 2346 sua
638 2318 755 2353 quisque
768 2317 886 2344 functio-

95 2378 130 2397 ne
148 2369 331 2401 cessabimus,
358 2367 468 2401 vitaque
494 2371 588 2393 nostra
612 2364 738 2392 Christus
764 2364 885 2398 patetict,

94 2416 161 2447 Deo,
177 2419 204 2442 et
216 2413 291 2441 Patri
306 2421 420 2448 regnum
445 2411 606 2442 traditurus,
630 2409 788 2436 auctoribus
804 2408 880 2435 Scri-

97 2462 197 2497 pturis,
211 2460 287 2487 omni
298 2460 432 2487 exstincta
444 2462 593 2494 potestate,
607 2456 732 2491 imperio,
742 2454 863 2490 potentia
879 2463 885 2480 :

97 2509 237 2543 siquidem
254 2507 329 2534 haud
344 2512 401 2533 tum
418 2505 508 2533 sancti
521 2503 665 2538 supplicia,
683 2510 715 2530 ac
729 2510 778 2536 pro
791 2502 888 2528 virtute

98 2554 217 2581 sentient
243 2551 414 2583 certamina.
448 2550 515 2585 quin
544 2548 715 2581 incredibili,
745 2547 889 2581 alienaque

97 2599 189 2627 dolori
204 2599 343 2631 \oluptatc
358 2596 385 2623 in
402 2603 490 2623 sevum
511 2594 697 2630 perfruentur.
716 2592 833 2626 Quinam
849 2592 886 2625 ii;

99 2653 155 2680 pra:
181 2646 238 2679 lege
265 2643 395 2674 illustres,
424 2647 451 2669 et
476 2642 503 2668 iu
532 2641 590 2675 lege
614 2639 726 2672 Patres,
755 2643 887 2673 vatesque

99 2690 261 2723 Abrahami,
277 2696 310 2716 ac
325 2688 407 2716 Mosis
426 2688 533 2720 instar;
551 2687 578 2713 in
600 2686 697 2720 gratia,
722 2684 794 2712 beati
814 2684 888 2719 Apo-

103 2736 178 2768 stoli,
193 2735 309 2764 laureati
324 2734 479 2770 martyres?
495 2733 584 2760 omnis
600 2736 757 2760 sanctorum
780 2731 889 2764 chorus,

103 2790 134 2811 ac
150 2790 205 2817 prae
219 2783 262 2810 his
277 2782 390 2816 insuper
408 2790 414 2807 :

139 2850 251 2877 "Joan.
268 2857 323 2882 xiv,
340 2849 385 2876 ‘23.
422 2848 444 2864 ’⁸
463 2848 526 2875 ibid.
541 2848 586 2874 2|.

624 2847 646 2863 π
662 2846 767 2873 Coloss.
786 2853 804 2876 ι,
817 2845 861 2872 L’i.
900 2845 921 2861 9’
939 2844 998 2872 Jac.
1017 2853 1034 2876 ι.
1050 2844 1076 2871 5.

926 1599 1032 1630 llarles,
1047 1596 1124 1632 281.]

963 1645 998 1673 Ut
1015 1644 1112 1671 merito
1126 1641 1276 1677 Apostolus
1297 1639 1405 1670 clamet,
1423 1637 1512 1664 Radix
1525 1636 1642 1662 omnium
1661 1642 1719 1660 nm-

927 1690 1014 1718 lorum
1035 1697 1072 1717 est
1091 1688 1219 1721 avaritia,
1239 1694 1319 1721 quam
1342 1685 1451 1720 quidam
1474 1686 1624 1717 appetentes
1645 1687 1720 1707 erra-

926 1741 1018 1765 verunt
1034 1744 1050 1762 a
1063 1736 1125 1768 (ide,
1146 1738 1172 1761 et
1194 1733 1360 1766 con/ﬁxerunt
1377 1738 1404 1757 ae
1426 1728 1561 1755 doloribus
1582 1725 1719 1753 multis".

929 1783 1024 1818 Neque
1049 1781 1093 1809 hic
1110 1787 1222 1816 possum
1239 1778 1306 1813 quin
1330 1777 1476 1812 plerosque
1502 1778 1622 1801 vestrum
1648 1770 1721 1799 haud

929 1831 978 1857 abs
994 1836 1023 1856 re
1040 1827 1164 1862 equidem
1182 1831 1303 1860 tangam.
1323 1821 1530 1856 Quamobrem?
1545 1819 1617 1854 quod
1634 1818 1721 1845 ambi-

930 1875 1015 1906 tione,
1040 1881 1072 1901 ac
1087 1873 1207 1908 primatu
1233 1871 1315 1897 homo
1339 1868 1425 1895 futilis
1440 1870 1595 1901 caperetur,
1614 1863 1722 1891 ludit-ro

930 1921 1032 1948 seriam
1047 1919 1071 1947 ei
1089 1925 1191 1946 noxam
1207 1915 1400 1951 comparastis,
1422 1913 1500 1948 quasi
1517 1911 1635 1946 quodam
1652 1909 1723 1936 Pon-

931 1966 1002 1993 tiiice
1019 1973 1051 1992 eo
1074 1963 1202 1992 creando.
1218 1961 1296 1995 Quod
1322 1961 1344 1988 is
1362 1959 1510 1990 ludicrum,
1535 1956 1646 1985 diabolo
1668 1954 1723 1989 ple-

932 2020 993 2044 nus,
1019 2010 1117 2038 extulit
1134 2010 1160 2036 in
1187 2015 1280 2042 opus:
1301 2006 1420 2040 indeque
1442 2003 1516 2039 quod
1540 2001 1723 2029 infortunium

932 2055 1090 2084 contraxit?
1114 2053 1176 2080 lidei
1201 2051 1374 2086 naufragium
1399 2048 1474 2081 fecit,
1501 2054 1607 2074 merces
1631 2044 1724 2072 amisit

932 2102 1052 2133 virtutis,
1069 2099 1243 2127 contristavit
1261 2098 1341 2124 nauci
1360 2103 1410 2122 nos
1425 2101 1545 2129 quoque,
1564 2092 1611 2119 Dei
1628 2091 1724 2118 Eccle-

932 2149 979 2175 size
999 2146 1134 2178 fraudem,
1148 2148 1283 2180 quantum
1300 2143 1327 2168 in
1348 2149 1378 2169 se
1396 2145 1448 2172 est,
1463 2139 1563 2167 attulit.
1581 2138 1634 2165 Sed
1648 2136 1725 2164 beni-

933 2201 1004 2229 gnus
1030 2192 1101 2220 Deus
1118 2191 1165 2226 qui
1179 2190 1304 2218 obrutam
1321 2187 1449 2215 interitus
1459 2184 1595 2220 profundo
1603 2186 1723 2210 mentem

935 2238 1035 2269 educit,
1063 2238 1170 2264 tandem
1194 2233 1344 2268 aliquando
1369 2239 1432 2259 eum
1460 2230 1523 2257 facti
1547 2229 1725 2264 pmnitentem

936 2287 1045 2311 revocet
1062 2290 1077 2309 a
1094 2282 1183 2316 lapsu,
1198 2284 1224 2307 et
1238 2278 1390 2311 temeritas,
1407 2284 1439 2304 ac
1456 2275 1595 2304 futilitatis
1609 2273 1725 2309 gratiam

935 2329 1012 2357 vobis
1038 2328 1131 2360 faciat,
1151 2332 1303 2360 onmesque
1330 2331 1380 2351 nos
1407 2324 1432 2350 in
1457 2329 1536 2349 Suum
1554 2320 1667 2347 cmleste
1683 2325 1727 2346 re-

937 2383 1019 2411 gnum
1042 2379 1196 2406 conservet,
1225 2380 1274 2407 per
1299 2370 1440 2398 Christum
1465 2368 1558 2396 Jcsum
1582 2365 1726 2393 Dominum

938 2425 1061 2448 nostrum
1079 2427 1086 2445 :
1101 2418 1146 2445 cui
1172 2418 1259 2453 gloria
1278 2420 1304 2444 et
1322 2415 1468 2450 imperium
1488 2420 1552 2441 cum
1578 2411 1670 2445 Patre,
1694 2417 1727 2437 ac

937 2471 1032 2495 sancto
1046 2465 1148 2501 Spiritu
1165 2471 1238 2491 nunc
1267 2468 1294 2490 et
1308 2469 1426 2497 semper,
1440 2461 1467 2487 in
1485 2465 1650 2493 omnemque
1667 2463 1729 2492 per—

939 2513 1110 2548 petuitatem.
1127 2512 1226 2537 Amen.

1235 2553 1351 2582 SERMO
1369 2552 1450 2580 LXX.

938 2603 971 2630 In
998 2601 1213 2636 ()uadragesimw
1234 2600 1323 2634 ﬁnem.
1356 2598 1393 2625 De
1413 2597 1512 2636 cunctis
1528 2594 1658 2636 patiendi:
1671 2601 1732 2626 sup»

1011 2631 1148 2671 pliciisfet
1169 2631 1275 2662 Dom-iui
1290 2642 1321 2661 ac
1336 2638 1486 2660 sanctorum
1501 2631 1660 2658 imitatione.

977 2684 1085 2711 Fratres
1102 2682 1260 2717 Patrcsque,
1283 2681 1339 2708 fors
1356 2678 1559 2708 contristaverit
1572 2684 1621 2704 vos
1650 2682 1732 2710 supe-

945 2730 1001 2757 rior
1029 2729 1181 2756 eatechesis
1207 2748 1216 2760 ,
1236 2727 1332 2761 agitari
1363 2727 1389 2753 in
1430 2733 1480 2752 nos
1507 2723 1627 2759 pericula
1665 2728 1732 2756 pro-

946 2776 1028 2804 fessa.
1046 2775 1095 2802 Sed
1123 2775 1185 2809 quia
1214 2774 1267 2801 hac
1292 2773 1465 2800 locutussum
1484 2770 1566 2802 vobis,
1588 2769 1624 2797 ait
1640 2767 1732 2796 Domi.-

1116 2844 1138 2859 ’⁸
1160 2842 1168 2868 l
1189 2842 1260 2869 Titii.
1283 2850 1317 2873 η,
1337 2842 1376 2868 10.

142 2907 196 2937 ’371
217 2905 431 2935 Constantinum
450 2903 574 2939 intelligit
586 2926 592 2937 ,
615 2903 751 2939 juniorciu
770 2900 861 2928 lrcucs
881 2900 1062 2937 impcralricis
1077 2899 1173 2931 lilium,
1191 2898 1222 2926 de
1240 2906 1293 2934 quo
1308 2898 1370 2925 iul'r.
1386 2898 1446 2925 Cat.
1464 2897 1507 2926 7i.
