1921 3073
198 151 253 186 603

803 156 834 186 S.
860 155 1055 186 THEODORI
1083 157 1258 187 STUDITE

1788 155 1843 187 CM

195 218 248 239 nus
263 229 272 241 ,
287 208 398 237 tristitia
417 210 531 245 implevit
553 217 598 236 cor
613 214 747 243 vestrum;
763 210 809 237 sed
830 217 876 244 ego
895 210 992 236 verita-
1009 213 1032 238 Α
1045 214 1072 236 et
1089 210 1232 244 imperium
1247 218 1310 238 cum
1327 210 1417 243 Patre,
1431 217 1464 239 ac
1476 215 1572 238 sancto
1601 209 1715 245 Spiritu,
1731 217 1805 238 nunc
1816 216 1844 238 et

198 261 249 283 tem
264 256 323 282 dico
342 256 374 282 ".
393 255 540 290 Apostolus
560 263 670 282 rursum
687 263 694 284 :
717 255 784 282 Mihi
801 256 905 291 quidem
922 255 993 282 haud

197 302 271 329 dictu
287 301 426 328 molestum
439 321 447 333 ,
475 301 546 328 vobis
573 300 705 335 .prteridio
722 306 760 328 est
786 302 794 318 ¹
807 310 813 335 ;
826 302 927 336 itaque,
944 308 993 328 co—

198 348 305 380 hortor,
320 342 435 382 spiritali
450 347 524 374 omni
541 347 668 382 praesidio
685 348 837 374 lirmemur.
853 347 892 374 Ae
919 348 941 375 si
968 347 995 374 in

200 401 270 428 opus
292 400 384 420 rumor
395 393 527 427 prodeat,
542 393 598 420 Deo
611 393 691 425 duce,
709 401 888 421 occurramus
911 400 994 428 quam

200 438 348 466 fortissime
361 446 369 471 ;
385 438 428 465 sin
443 438 544 471 minus,
559 446 593 465 ne
605 438 644 465 sic
654 437 763 473 quidem
779 438 899 465 alienum
923 437 996 472 frugi

202 483 324 512 futurum
344 488 396 516 est,
412 483 528 518 benigno
541 483 595 510 Dco
605 487 765 518 apparatum
790 491 852 510 eum
864 484 996 518 probante

202 530 325 564 citraque
341 529 444 564 plagas,
459 533 485 557 et
504 529 612 556 labores
634 530 803 564 propositum
823 533 995 556 munerante.

202 574 337 603 Caeterum
354 575 410 610 jam
426 575 453 602 in
473 575 603 602 extremis
623 575 835 610 Quadragesima
857 580 909 608 est,
926 579 996 603 tem-

203 627 310 656 pusque
341 620 476 655 insignem
503 620 596 648 attulit
625 621 833 652 coronidem,id
852 626 903 654 est,
925 621 997 648 vita-

203 668 270 696 lium
286 668 439 696 Servatoris
454 667 672 695 recordationem
685 667 839 701 vulnerum,
857 667 929 695 unde
955 673 1000 696 est

204 713 252 748 qui
272 713 313 740 vel
331 712 450 740 maxime
466 712 654 740 consolatione
669 711 806 740 fruamur.
822 711 890 740 Nam
906 712 929 740 si
943 712 996 740 He-

205 765 254 786 rus
273 757 399 792 Deusque
417 765 466 792 pro
489 758 609 792 peccatis
643 758 745 786 nostris
760 762 803 786 est
818 759 999 794 comprehen-

205 811 265 836 sus,
287 803 351 838 quid
374 810 502 838 magnum
533 803 556 830 si
571 811 621 830 nos
633 811 753 838 quoque,
777 803 888 832 inutiles
913 805 997 838 servi,

205 856 256 885 pro
273 857 307 876 eo
328 849 594 884 comprehendamnr
612 849 623 875 ?
646 849 670 877 si
694 857 781 877 nexus
798 850 859 883 ille,
875 858 908 878 ac
934 859 1001 878 con-

206 895 328 929 strictus,
351 895 378 922 in
409 895 559 923 custodiam
585 895 703 928 ducitur.
732 897 796 931 quid
812 904 911 924 novum
925 897 948 925 si
972 904 1001 927 ct

207 948 259 968 nos
277 941 347 968 idem
363 940 437 976 quod
451 941 533 968 herus
552 941 687 975 patiamur
701 942 712 968 Ὺ
724 942 865 970 enimvero
881 944 924 971 vel
939 952 1000 979 per-

207 986 353 1014 molestum
370 990 412 1014 est
426 994 597 1022 nequaquam
621 988 677 1014 lucc
697 987 866 1023 contingcre.
881 989 951 1022 Quin
977 991 1000 1018 si

207 1031 250 1059 vel
269 1032 396 1067 vapulare
424 1040 535 1059 necesse
549 1037 600 1064 est.
617 1033 786 1067 vapulemus,
804 1033 827 1061 si
844 1034 885 1062 vel
900 1035 999 1071 pugnis

207 1077 304 1112 accipi,
325 1085 441 1112 pugnos,
456 1077 478 1105 si
494 1078 534 1104 vel
551 1079 721 1112 consputari,
740 1083 816 1114 sputa
837 1089 844 1114 ;
858 1080 881 1108 si
897 1081 938 1107 vel
951 1089 997 1108 ne-

208 1130 267 1150 cem
292 1122 409 1157 denique
423 1122 510 1154 obire,
529 1123 663 1150 illustrem
683 1124 817 1158 patiamur
837 1133 943 1153 necem.
963 1126 1002 1153 Ac

208 1166 319 1193 beatum
337 1168 383 1202 qui
396 1167 437 1194 vel
453 1168 553 1202 partim
567 1168 669 1196 Christi
687 1169 827 1204 suppliciis
850 1172 1003 1198 communi-

208 1216 252 1238 cet
265 1221 272 1243 ;
288 1211 341 1238 hoc
356 1212 470 1239 felicitas
492 1217 545 1246 est,
565 1213 617 1241 hoc
631 1214 831 1244 immortalitas.
847 1215 907 1243 Non
921 1217 1003 1244 audi-

209 1264 272 1284 mus
289 1257 354 1292 quid
380 1258 527 1292 Apostolus
550 1258 635 1286 dicit:
655 1260 692 1286 De
713 1266 806 1288 czetero
835 1269 910 1289 nemo
937 1262 1003 1290 mihi

210 1302 334 1329 molestus
348 1303 382 1329 ait
397 1310 407 1329 :
426 1311 472 1337 ego
485 1303 555 1330 enim
570 1304 697 1338 stigmata
714 1305 821 1333 Domini
830 1305 894 1333 Jesu
905 1307 933 1333 in
944 1315 1003 1334 cor-

209 1355 272 1375 pore
293 1356 348 1374 meo
361 1354 436 1382 porto
456 1349 484 1375 'i
497 1349 536 1376 Ac
549 1349 574 1377 si
593 1350 695 1378 diceret
708 1360 714 1378 :
727 1350 811 1380 Nemo
828 1360 871 1380 me
883 1357 1005 1381 contem-

211 1398 269 1426 nat,
289 1401 352 1420 nam
366 1394 493 1428 equidem
508 1393 590 1429 Regis
604 1394 666 1429 Opt.
683 1395 753 1423 Max.
770 1396 796 1423 iu
814 1405 875 1425 meo
889 1406 1005 1434 corpore

210 1439 327 1474 insignia
341 1439 409 1468 fero.
428 1439 501 1468 Talis
527 1445 586 1468 erat
600 1449 661 1468 cum
679 1441 775 1469 beatus
791 1441 912 1478 lgnatius
929 1464 937 1476 ,
957 1445 1004 1480 qui

209 1485 345 1514 deiferum
376 1494 405 1515 se
420 1487 544 1519 vocavit,
567 1488 639 1523 quod
654 1487 756 1516 Christi
771 1489 798 1516 in
827 1497 856 1518 sc
872 1492 1004 1526 supplicia

1046 262 1162 290 Semper,
1179 255 1205 282 in
1220 263 1383 291 omnemque
1397 256 1617 291 perpetuitatem.
1635 255 1734 283 Amen.

1328 302 1447 331 SEBMO
1461 301 1555 330 LXXI.

1045 347 1146 375 Lazari
1156 347 1370 382 Prteparatoria.
1387 347 1539 375 Cavendum
1550 348 1624 375 nobis
1638 355 1694 375 esse
1709 356 1727 375 a
1737 348 1845 375 diaboli

1188 384 1306 418 vafritie,
1324 391 1374 410 neu
1385 384 1545 411 secessiones
1556 384 1698 418 agitemus.

1081 439 1191 468 Fratres
1211 440 1383 474 Patrcsque,
1411 439 1520 466 Domini
1550 439 1578 466 in
1600 439 1753 474 Evangeliis
1783 439 1846 467 haec

1048 485 1204 514 suntvcrba
1219 494 1225 512 :
1242 485 1350 518 Simon,
1369 484 1460 512 Simon
1474 506 1481 518 ,
1501 492 1559 511 ecce
1578 483 1699 511 Satanas
1718 485 1845 518 expetivit

1047 539 1090 558 vos
1104 536 1133 558 ut
1151 531 1279 558 cribraret
1292 531 1361 557 sicut
1379 531 1509 562 triticum,
1524 538 1570 565 ego
1586 535 1676 557 autem
1691 531 1782 565 rogavi
1793 538 1845 565 pro

1049 583 1073 605 te
1085 583 1113 604 ut
1126 586 1177 604 non
1192 577 1298 612 deﬁciat
1314 577 1380 611 [idea
1395 583 1441 604 tua
1453 579 1463 593 ⁸
1477 586 1485 610 ;
1500 577 1628 611 idemque
1643 584 1738 611 parum
1754 576 1847 603 adfuit

1050 624 1116 659 quin
1135 623 1216 651 nobis
1229 630 1339 658 quoque
1360 623 1437 650 fieret
1454 622 1546 650 nauci.
1565 621 1666 649 Verum
1685 622 1758 649 baud
1778 630 1844 657 per-

1049 669 1124 696 misit
1138 673 1178 696 ter
1191 667 1317 703 Optimus
1332 675 1415 702 supra
1430 667 1502 694 vires
1522 666 1656 699 aliiictari,
1681 667 1748 702 quin
1778 675 1845 694 cum

1050 715 1172 749 periculo
1182 714 1299 749 praebuit
1312 718 1340 741 et
1349 714 1466 745 exitum,
1478 720 1534 748 quo
1546 712 1665 747 perferre
1674 713 1843 740 valercmus.

1050 761 1145 796 Neque
1163 768 1229 788 vero
1245 760 1310 796 quid
1325 759 1442 788 sentiam
1454 759 1568 786 nescitis
1583 768 1590 786 :
1607 759 1733 794 equidem
1749 758 1847 786 frater-

1051 815 1116 834 num
1137 810 1260 834 vestrum
1276 806 1304 833 in
1319 805 1450 832 aerumnis
1464 804 1628 837 connixum,
1649 811 1682 832 ac
1699 805 1847 839 conspira-

1054 851 1156 878 tioaem
1170 850 1265 885 probo,
1283 853 1312 876 ut
1323 853 1463 884 acceptum
1482 850 1547 882 Deo,
1560 853 1587 876 et
1603 849 1687 884 frugi,
1701 856 1734 876 ac
1747 849 1847 876 lauda-
1868 876 1871 877 ,

1053 897 1145 928 bilem,
1164 896 1315 923 secundum
1331 895 1384 922 hoc
1398 895 1520 930 Apostoli
1535 895 1646 922 effatum
1664 903 1672 922 :
1692 895 1759 922 Ecce
1772 895 1845 921 enim

1051 942 1099 969 hoc
1114 942 1211 976 ipsum,
1226 941 1369 968 secundum
1385 940 1468 967 Deum
1483 940 1638 968 contristari
1649 946 1846 976 vor,quantam

1051 990 1080 1016 in
1096 988 1168 1016 vobis
1183 994 1318 1023 operatum
1339 992 1378 1013 eat
1400 987 1629 1014 sollicitudinem?
1645 986 1690 1014 sed
1709 987 1846 1021 defensio-

1052 1043 1121 1068 nem,
1131 1035 1176 1062 sed
1186 1033 1406 1069 indignationem,
1414 1033 1459 1060 sed
1469 1033 1601 1064 timorem,
1613 1033 1658 1060 sed
1667 1033 1845 1066 desiderium,

1052 1082 1096 1110 sed
1117 1081 1310 1108 wmulationem
1324 1101 1330 1113 ,
1349 1079 1394 1106 sed
1414 1079 1558 1106 vindictam
1576 1079 1605 1106 in
1630 1079 1754 1106 omnibus
1771 1079 1848 1106 exhi-

1053 1127 1147 1154 buistis
1161 1135 1204 1153 vos
1222 1125 1446 1152 incontaminatos
1461 1132 1518 1150 esse
1533 1125 1561 1150 in
1582 1125 1684 1159 negotio
1695 1125 1716 1151 ⁸.
1734 1124 1847 1152 Scilicet

1053 1180 1084 1201 ea
1101 1179 1228 1199 verorum
1248 1170 1364 1197 fratrum
1381 1174 1422 1197 est
1437 1169 1555 1202 affectio,
1573 1177 1656 1204 quam
1672 1175 1697 1197 et
1714 1170 1784 1197 ratio
1794 1169 1847 1196 de-

1053 1219 1156 1246 siderat
1173 1227 1179 1244 :
1197 1217 1236 1244 ait
1250 1216 1322 1243 enim
1341 1225 1347 1242 :
1371 1214 1431 1243 Sive
1457 1216 1560 1250 patitur
1582 1223 1664 1242 unum
1685 1216 1846 1246 membrum,

1054 1263 1250 1298 compatiuntur
1266 1262 1357 1288 omnia
1374 1261 1490 1288 membra
1502 1261 1522 1288 ⁷.
1539 1261 1578 1288 Ac
1594 1266 1680 1294 tuere,
1694 1261 1774 1288 sodes
1784 1261 1847 1288 dia-

1055 1309 1109 1337 boli
1123 1308 1244 1336 studium
1261 1312 1288 1334 ct
1301 1307 1477 1339 industriam,
1489 1306 1720 1341 quemadmodum
1734 1314 1784 1334 ceu
1802 1306 1847 1334 leo

1054 1353 1166 1388 rugiens
1182 1352 1301 1384 oberret,
1317 1351 1455 1386 vestigans
1471 1358 1553 1386 quem
1569 1351 1691 1382 devoret,
1705 1358 1786 1385 quem
1802 1350 1849 1378 in-

1057 1398 1190 1432 lci-cipiat,
1206 1404 1253 1425 seu
1272 1396 1380 1431 partim,
1398 1403 1447 1423 seu
1463 1395 1550 1423 solido
1567 1404 1574 1424 :
1590 1395 1725 1430 siquidem
1743 1395 1848 1430 partim

1056 1445 1171 1480 potitus,
1190 1443 1302 1470 tninime
1317 1442 1511 1477 conquiescat,
1531 1441 1598 1477 quin
1616 1441 1642 1468 in
1658 1442 1736 1476 pejus
1749 1448 1850 1476 prope-

1057 1495 1098 1519 ret
1116 1497 1241 1525 semper,
1257 1490 1321 1516 dum
1337 1489 1441 1523 peccati
1458 1488 1551 1522 exigat
1566 1492 1692 1515 mortem.
1722 1487 1848 1522 Exempli

211 1531 306 1565 ferret,
321 1537 377 1560 tum
394 1532 474 1561 divus
497 1532 650 1561 Eustratius
663 1553 670 1566 ,
688 1535 734 1569 qui
747 1535 775 1562 in
800 1537 944 1565 tormentis
958 1545 1006 1566 vo-
1021 1545 1042 1575 (ς
1058 1543 1152 1568 causa,
1169 1539 1255 1563 tentat
1267 1535 1294 1562 in
1307 1534 1403 1569 primis
1410 1534 1609 1569 quiaccessum
1625 1534 1772 1568 patiamur,
1787 1537 1848 1560 tum

210 1579 341 1608 ciferatus
353 1578 457 1606 diceret
470 1588 476 1605 :
490 1578 568 1606 Nunc
580 1580 638 1607 scio
652 1580 679 1606 in
703 1588 746 1608 me
754 1580 843 1609 vivere
854 1582 1004 1612 Christum.

211 1627 233 1652 ο
257 1625 431 1653 beatissimas
457 1626 559 1653 vocesl
589 1625 612 1653 0
632 1631 672 1653 ter
688 1626 861 1656 felicissimos
874 1629 1005 1658 animos!

213 1672 401 1705 Quorumnam
418 1679 482 1699 vero
493 1671 600 1706 agimus
625 1673 782 1699 memoriam
803 1673 945 1709 tquorum
964 1684 1006 1704 ce-

213 1718 350 1747 lebramus
363 1718 479 1746 natales?
503 1718 603 1752 quibus
629 1719 691 1746 fana
708 1724 823 1754 augusta
853 1721 1006 1756 molimur;

210 1773 327 1800 quorum
343 1773 507 1794 veneramur
518 1766 647 1800 reliquias
663 1766 674 1793 ?
686 1771 906 1803 non‘martyrum
920 1769 932 1795 ἶ)
952 1778 1006 1798 non

212 1814 403 1841 confessorum
417 1813 429 1839 ?
445 1820 500 1840 non
512 1817 670 1840 sanctorum
686 1814 697 1840 ?
711 1814 763 1847 Qui
781 1814 826 1842 hic
843 1820 917 1844 tanta
931 1817 1006 1844 aucti

213 1858 313 1894 gloria,
340 1858 395 1885 dici
415 1865 448 1886 ac
473 1858 587 1893 cogitari
613 1858 718 1893 nequit,
741 1864 844 1893 quanto
870 1865 897 1888 et
915 1862 1008 1897 cujus-

199 1902 286 1930 'modi
304 1902 448 1937 splendore
464 1903 490 1929 in
512 1902 604 1929 futuro
619 1902 719 1930 szeculo
732 1902 868 1930 fruentur.
884 1903 946 1932 Haec
961 1905 1007 1933 illa

212 1953 254 1976 est
265 1948 372 1983 egregia
383 1947 601 1983 negotiatio;bic
623 1948 668 1975 ille
683 1947 747 1975 felix
767 1953 934 1983 contractus,
952 1950 1009 1978 exi.

212 1994 274 2030 guis
284 1993 424 2020 laboribus
437 2001 469 2020 ac
480 1993 678 2020 certaminibus
686 1997 788 2021 aeterna
802 1999 829 2022 et
840 1994 1008 2024 immortalia

213 2046 321 2074 parare.
340 2037 415 2070 Quos
439 2037 592 2070 imitemur,
608 2036 726 2071 fratres,
754 2046 805 2066 nos
829 2047 950 2075 quoque,
977 2049 1009 2069 ac

213 2093 277 2112 cum
300 2089 416 2119 augusto
432 2083 565 2118 sanguine
580 2088 704 2111 nostrum
715 2084 879 2113 misceamus
890 2095 897 2119 ;
908 2086 1007 2114 etenim

213 2134 323 2166 potest;
339 2137 402 2156 nam
414 2136 465 2157 nec
474 2129 567 2163 dispar
575 2133 671 2156 natura
683 2134 734 2163 est,
754 2137 804 2158 nec
817 2136 937 2159 mutatus
959 2133 1006 2167 qui

214 2175 306 2203 dicat:
329 2174 429 2206 Videte,
445 2173 527 2200 videte
537 2173 599 2209 quia
610 2182 656 2209 ego
669 2183 739 2207 sum,
762 2180 787 2202 et
805 2184 856 2202 non
872 2185 931 2203 sum
948 2185 1007 2203 mu-

1057 1586 1149 1609 autcm
1175 1586 1205 1608 ut
1229 1580 1359 1608 vitiosum
1376 1580 1468 1608 animo
1490 1580 1636 1615 loquamur
1653 1580 1689 1606 ita
1713 1579 1849 1614 pollutam

1057 1635 1139 1663 porro
1155 1631 1273 1654 mentem
1302 1630 1330 1653 et
1340 1625 1480 1657 infectam,
1491 1625 1585 1652 habitu
1597 1625 1721 1652 demovet
1731 1630 1849 1657 naturai,

1058 1678 1206 1705 amentem,
1224 1672 1333 1699 brutam
1351 1679 1449 1699 caecam
1464 1671 1587 1702 molitus,
1600 1679 1662 1705 quae
1680 1670 1783 1698 ambiat
1800 1678 1851 1697 ne-

1058 1719 1137 1751 faria,
1154 1727 1202 1754 pro
1218 1719 1278 1746 luce
1293 1717 1430 1748 tenebras,
1451 1717 1603 1744 amaritiem
1622 1724 1670 1751 pro
1692 1715 1850 1749 dulcedine,

1058 1770 1174 1794 mortem
1193 1772 1243 1800 pro
1256 1764 1322 1791 vita.
1339 1764 1428 1798 Atque
1445 1763 1503 1790 lucc
1517 1766 1677 1797 comparata
1695 1766 1737 1789 est
1757 1766 1850 1789 tenta-

1058 1812 1127 1839 toris
1140 1812 1168 1838 in
1185 1818 1235 1838 nos
1250 1810 1344 1845 pestis.
1361 1810 1495 1837 Caeterum
1520 1816 1569 1836 nos
1580 1829 1588 1842 ,
1605 1808 1702 1836 fratres
1715 1828 1723 1841 ,
1739 1808 1850 1835 animos

1059 1858 1134 1886 omni
1154 1864 1205 1892 ope
1226 1862 1370 1888 tueamur,
1392 1862 1565 1890 nequaquam
1607 1853 1697 1880 locum
1738 1853 1851 1881 diabqu

1059 1903 1237 1938 dantes,quin
1247 1906 1377 1938 negantes
1388 1901 1461 1929 ilicet
1471 1907 1623 1933 accessum,
1635 1900 1677 1927 sin
1693 1900 1850 1933 vincamur,

1059 1950 1133 1985 quod
1148 1949 1302 1984 proximum
1318 1951 1360 1975 est
1374 1955 1408 1975 nc
1427 1946 1590 1982 polluamur.
1610 1945 1657 1973 Sin
1672 1945 1699 1972 id
1710 1945 1851 1980 patiamur

1059 2003 1178 2032 quoque,
1193 2003 1228 2022 ne
1245 1994 1434 2026 immoremur,
1448 1997 1530 2027 atque
1545 1992 1572 2019 in
1587 1991 1690 2026 peccati
1707 1996 1849 2026 perpetra-

1061 2043 1161 2070 tiouem
1177 2040 1355 2069 devolvamur
1369 2048 1375 2066 :
1388 2038 1460 2074 quod
1475 2037 1584 2065 evenire
1593 2045 1626 2065 ex
1636 2036 1851 2072 praesumptione

1060 2088 1139 2122 solet,
1152 2095 1183 2115 ac
1192 2092 1314 2114 veterum
1329 2084 1519 2112 recordatione
1533 2091 1634 2110 rerum.
1649 2082 1702 2110 Sed
1714 2090 1852 2117 prmsum-

1060 2135 1191 2169 ptionem,
1207 2139 1354 2166 rerumque
1366 2130 1508 2163 noviliam,
1531 2134 1558 2156 et
1570 2133 1700 2163 tanquam
1719 2128 1851 2156 reducem

1062 2180 1265 2214 usurpationem
1287 2177 1424 2212 fugiamus
1439 2185 1445 2203 :
1460 2183 1522 2203 nam
1539 2175 1705 2210 cogitatione
1727 2173 1850 2201 indidem

214 2227 286 2249 tatur
303 2222 324 2248 ³.
342 2221 381 2248 Ex
401 2228 479 2256 aequo
495 2228 591 2248 omnes
605 2221 723 2254 deamat,
741 2229 790 2257 pro
806 2223 935 2250 omnibus
956 2224 1004 2250 de:
1022 2212 1044 2241 υ
1058 2212 1160 2251 versari
1174 2222 1238 2257 quid
1259 2223 1330 2249 aliud
1343 2226 1480 2256 estquam
1494 2224 1583 2247 mente
1600 2220 1626 2246 in
1640 2219 1789 2254 [Egyptum
1806 2227 1850 2246 re-

214 2267 336 2299 functus,
363 2267 585 2301 inconsumptum
611 2267 749 2302 quoddam
772 2269 900 2297 omnibus
937 2269 1006 2297 deli-
1053 2269 1242 2304 verti?Atque
1261 2268 1286 2295 id
1301 2267 1453 2295 secundum
1468 2266 1630 2294 exteriorem
1644 2265 1785 2293 hominem
1803 2273 1850 2292 ca-

215 2314 289 2341 cium
304 2314 460 2348 propositus
477 2313 599 2340 omnium
616 2313 712 2340 salutis
735 2321 842 2346 amans,
856 2322 933 2349 etme
944 2315 1004 2351 ejus

1054 2315 1173 2343 vcndum
1193 2313 1254 2341 cst?
1268 2313 1418 2340 secundum
1436 2312 1606 2343 interiorem,
1622 2318 1683 2346 quae
1700 2310 1853 2345 Apostolus

215 2363 280 2387 sunt
307 2358 420 2387 divitiae.
451 2358 592 2393 Siquidem
622 2358 698 2386 Dives
716 2379 724 2392 ,
745 2359 844 2395 inquit,
871 2360 900 2387 in
917 2369 1004 2388 omnes
1052 2361 1130 2397 jubet
1148 2369 1154 2387 :
1174 2359 1267 2387 Omnia
1284 2367 1370 2386 sermo
1386 2358 1472 2385 malua
1483 2366 1515 2384 επ
1533 2365 1578 2384 ore
1593 2362 1678 2384 vestro
1693 2365 1745 2383 nou
1759 2365 1852 2391 proce-

215 2406 261 2441 qui
287 2405 410 2432 invocant
438 2405 515 2432 illum
538 2405 560 2433 ⁸.
577 2405 658 2440 Igitur
676 2413 738 2433 eum
765 2406 793 2433 in
826 2408 1006 2441 praesentibus
1055 2407 1114 2438 dat,
1129 2405 1174 2433 sed
1189 2405 1212 2432 si
1226 2405 1284 2440 quis
1303 2404 1397 2436 bonus,
1419 2403 1453 2430 ad
1465 2403 1670 2437 wdiﬁcationem
1681 2402 1853 2437 frugietuti-

217 2452 397 2484 invocemus,
421 2455 449 2479 et
482 2451 555 2479 vires
574 2459 607 2479 ac
633 2451 717 2479 robur
749 2452 848 2479 animis
876 2453 1008 2488 largietur

217 2499 425 2534 amplectamur,
436 2504 464 2527 et
480 2499 573 2526 hostes
587 2503 696 2526 nostros
708 2499 887 2534 aspectabilee
901 2519 909 2533 ,
928 2505 1010 2535 atque

218 2545 425 2580 inaspectabiles
443 2545 524 2573 nauci
538 2544 680 2580 praebebit,
696 2545 902 2578 prrcstolemur,
915 2553 947 2573 ac
961 2553 1011 2574 nos

219 2591 429 2619 resurrectionis
447 2595 620 2618 mortuorum
637 2589 691 2623 die,
712 2595 739 2618 et
763 2590 906 2624 adventus,
935 2599 1012 2619 coro-

218 2637 304 2670 nabit,
320 2643 401 2672 quem
417 2641 445 2664 et
453 2636 575 2664 insontes
588 2640 796 2670 ptaevertamus,
812 2643 844 2664 ac
860 2643 908 2671 pro
920 2637 1007 2664 tribu-

220 2683 274 2710 nali
295 2681 580 2717 sistamuriuculpati,
602 2680 760 2710 defensione
777 2682 850 2710 obita
875 2682 1007 2717 praeclara

221 2736 271 2765 per
283 2728 422 2757 Christum
429 2727 524 2756 desum
535 2726 679 2755 Dominum
694 2731 820 2756 nostrum
835 2736 842 2755 :
859 2727 903 2755 cui
920 2728 1007 2763 gloria

257 2840 279 2855 ”
295 2839 384 2866 .lnam.
404 2847 458 2871 xw.
479 2839 506 2868 6.

223 2875 234 2892 ⁶
249 2874 270 2903 ll
289 2875 352 2902 Cor.
371 2882 417 2907 vu,
439 2875 479 2903 ll.

545 2840 551 2855 '
568 2838 683 2874 Philipp.
716 2847 754 2866 III.
774 2839 796 2867 l.

835 2840 844 2854 '
862 2838 949 2866 Galat.
973 2846 1009 2870 Vl,
1030 2839 1071 2866 l7.
1110 2840 1119 2856 ³
1135 2839 1247 2868 Malach.
1265 2847 1305 2873 ill,
1322 2839 1347 2866 6.

519 2875 528 2891 ⁷
546 2874 557 2903 ι
575 2873 704 2908 Conari,
725 2874 769 2902 26.
808 2875 818 2889 ⁸
837 2873 934 2909 Eplies.
952 2874 1094 2909 M32962.

1060 2453 1092 2480 lis
1108 2457 1137 2479 ut
1153 2451 1196 2479 det
1212 2451 1326 2486 gratiam
1344 2449 1514 2477 audientibus
1525 2468 1532 2482 ,
1549 2453 1575 2476 et
1597 2448 1677 2476 nolite
1692 2449 1852 2475 contristare

1061 2497 1191 2531 Spiritum
1205 2500 1326 2523 sanctum
1343 2495 1414 2528 Dei,
1432 2495 1523 2529 inquo
1538 2494 1638 2529 signati
1651 2493 1714 2520 cui:
1734 2493 1764 2520 in
1781 2493 1852 2520 diem

1061 2542 1260 2576 redemptionis.
1278 2540 1370 2568 Omnis
1379 2539 1543 2572 amaritudo,
1556 2543 1581 2566 et
1590 2539 1642 2572 ira,
1651 2543 1676 2566 et
1689 2539 1852 2573 indignatio,

1062 2594 1086 2616 et
1102 2588 1214 2619 clamor,
1236 2592 1260 2614 et
1275 2586 1438 2621 blasphemia
1464 2585 1575 2613 tollatur
1592 2594 1608 2612 a
1620 2586 1692 2613 vobis
1702 2594 1764 2612 cum
1780 2587 1853 2613 οηιηὶ

1064 2635 1168 2662 malitia
1183 2643 1192 2668 ,'
1206 2638 1288 2661 euote
1308 2638 1397 2660 autem
1408 2632 1519 2660 invicem
1529 2632 1643 2667 benigni,
1656 2632 1852 2664 misericordes,

1061 2682 1188 2708 donantes
1206 2681 1330 2714 invicem,
1346 2680 1414 2707 sicut
1430 2683 1455 2707 et
1470 2679 1541 2707 Deus
1564 2679 1593 2706 in
1613 2678 1719 2706 Christo
1742 2678 1853 2706 donarit

1061 2728 1136 2755 nobis
1151 2727 1173 2756 ⁸.
1189 2726 1323 2754 ΡΓωιει-εη
1342 2725 1511 2755 secessiones
1528 2725 1664 2761 fugiamus
1683 2732 1806 2760 quoque,
1823 2729 1853 2753 ut

1387 2839 1396 2854 ‘
1411 2838 1489 2867 Rom.
1510 2846 1536 2871 κ,
1554 2837 1594 2865 li.
1634 2837 1644 2853 ⁸
1661 2836 1726 2864 Luc.
1744 2843 1790 2870 xx,
1806 2836 1851 2864 5!.
