1921 3073
54 153 112 185 605

644 147 847 179 SERMONES
866 147 1127 180 CATECHETICI.

1644 149 1696 181 606

54 210 192 234 auctores
203 207 330 240 lapsuum
347 211 354 231 :
371 203 444 236 hem,
463 201 536 230 intra
547 203 652 230 caulam
668 206 732 230 sunt
748 201 858 235 fratres,
874 205 896 233 Α
911 203 967 230 lum
982 211 1092 239 quoque
1109 203 1271 239 compedum
1287 203 1411 232 fecistis?
1426 210 1480 231 non
1490 210 1537 238 per
1548 203 1696 232 ludibrium

52 257 84 279 tu
100 256 182 279 extra
193 251 244 279 es?
254 251 281 278 in
293 250 401 278 silentio
417 249 526 283 fratres,
535 255 564 278 tu
578 248 698 285 gannis?
714 248 856 276 dormiunt

55 297 160 325 fratres
173 317 182 329 ,
202 301 233 324 tu
256 297 322 329 huc,
342 296 407 324 illuc
422 296 559 324 damnatis
571 302 671 331 vagare
687 294 775 322 locis?
790 294 855 322 hinc

55 344 112 371 illa!
130 351 211 371 noxa:
225 363 233 376 ,
249 343 315 370 hinc
329 342 426 370 ruinae.
442 341 512 374 Quid
529 348 641 376 segrege
663 341 693 368 fit
713 340 786 368 ove?
800 347 853 367 non

55 390 159 426 praedae
173 395 216 418 est
233 389 319 417 feris?
337 388 371 416 ad
386 388 523 426 eumdem
535 387 648 414 modum
665 391 694 414 et
707 386 754 422 qui
771 393 785 413 e
801 385 856 413 fra-

57 424 134 462 lrum
151 433 334 462 contubernio
349 433 469 461 secedat.
486 424 537 459 Sed
551 439 722 466 nequaquam
735 431 785 464 sic,
801 430 856 458 fra-

57 484 129 511 tres,
150 487 328 514 nequaquam
343 499 350 511 ,
378 478 444 513 quin
460 482 556 504 ornate
575 478 666 504 omnia
679 496 687 507 ,
716 476 854 507 decenter,

61 528 208 555 accurate,
221 523 294 550 serio
305 527 444 558 gerantur,
458 521 590 556 quasique
602 521 628 547 in
642 519 729 547 oculis
744 519 854 549 divinis,

58 569 108 604 qui
125 568 238 596 occulta
249 574 337 602 teque,
354 574 386 594 ac
399 571 503 601 aperta,
516 565 657 597 etdiurna,
667 568 855 598 nocturnaque

59 614 241 649 speculetur,
272 620 322 640 nec
341 611 466 646 corporis
493 611 571 646 juxta
611 614 639 638 et
664 610 748 637 animi
764 613 855 637 motus

60 668 159 688 omnes
177 660 302 692 nesciat;
317 666 373 693 quo
390 657 430 686 sic
454 657 556 685 nullam
569 656 671 684 Iudaeis
684 676 691 689 ,
709 656 854 687 Graecisve,

61 710 110 732 aut
126 705 175 731 Dei
194 703 323 731 Ecclesiae
335 702 460 729 fraudem
477 709 679 737 comparemus.
694 702 783 736 Atque
798 701 856 727 ha>c

62 749 213 781 hactenus,
229 755 304 775 nunc
321 754 383 774 cum
409 747 490 774 ﬁiiem
516 746 616 774 habeat
630 746 855 780 Quadragesima,

63 795 151 822 Deum
168 795 315 822 laudemus
327 795 373 828 qui
389 793 512 820 firmatos
523 793 550 820 in
566 792 625 827 ejus
635 791 776 819 laboribus
794 798 856 826 per-

64 840 142 876 fungi
153 848 188 868 ea
208 839 306 867 tribuit
320 846 353 866 en
367 839 435 865 abiit
451 838 588 871 molestia,
600 842 693 865 manet
703 838 856 872 praemium,

908 256 1033 276 cruorem
1049 249 1203 277 effudistis?
1213 250 1316 284 aliquot
1325 249 1451 277 athletice
1477 248 1573 276 fratres
1587 249 1698 278 obiere?

909 295 998 330 Igitur
1019 295 1063 322 hic
1078 295 1159 322 nobis
1173 295 1332 322 Dominieus
1355 294 1525 329 triumphus,
1540 302 1698 330 munusque

909 339 1072 374 suppeditat.
1091 339 1225 372 Quoniam
1251 347 1317 367 vero
1340 340 1374 367 ad
1400 343 1552 367 extremum
1580 339 1696 368 felicitas

909 393 1004 412 secura
1032 385 1135 412 nemini
1150 389 1210 418 est,
1224 389 1281 412 tum
1295 386 1367 420 quod
1387 385 1475 413 facilis
1491 386 1633 413 conversio
1643 390 1694 419 est,

909 434 966 458 tum
982 431 1063 458 etiam
1079 431 1152 466 quod
1170 432 1302 459 incertum
1319 431 1385 466 quid
1400 439 1462 459 cras
1475 431 1629 466 pariturum
1648 433 1695 465 sit,

909 476 1047 508 cohortor,
1059 480 1128 503 state
1143 477 1168 503 in
1183 476 1299 504 Domino
1314 476 1417 508 inﬂexi,
1428 481 1456 504 et
1464 476 1569 511 invicti,
1581 485 1629 505 ceu
1641 485 1696 505 uno

910 521 937 547 in
954 521 1045 548 animo
1062 529 1169 556 unaque
1182 527 1282 555 mente,
1299 523 1401 557 pariter
1411 522 1593 557 evangelicam
1615 523 1696 551 lldem

908 572 1122 601 propugnantes,
1142 567 1214 595 nulla
1231 567 1257 594 in
1276 575 1306 596 re
1321 568 1356 595 ab
1377 568 1542 596 adversariis
1561 569 1695 602 exterriti,

910 616 958 639 aut
981 612 1176 640 olIendiculum
1202 612 1373 647 praebentes,
1396 612 1462 648 quin
1487 612 1533 640 Dei
1555 613 1696 641 ministros

909 657 1085 692 undiquaque
1100 658 1264 692 probantes,
1295 658 1466 690 obedientia,
1500 657 1694 692 submissione,

909 702 1130 736 mansuetudine,
1147 703 1268 735 lenitate,
1281 704 1411 738 patientia
1428 704 1523 736 multa,
1540 711 1602 731 nam
1619 713 1626 731 ε
1641 704 1696 732 Pa-

911 747 1013 779 tientia,
1028 747 1125 781 inquit,
1143 747 1214 774 vobis
1234 748 1382 774 necessaria
1397 752 1456 780 est,
1482 752 1511 775 ut
1534 749 1696 776 voluntatem

910 793 958 820 Dei
976 793 1102 827 facientes
1120 794 1255 827 reportetis
1277 794 1496 828 promissionem;
1518 794 1605 821 adhuc
1626 795 1695 822 enim

911 838 1042 865 modicum
1060 838 1316 874 aliquantulumque,
1332 840 1378 874 qui
1391 843 1513 866 venturus
1524 845 1562 866 est
1578 841 1660 867 veniet
1671 843 1696 867 et

64 891 209 913 tenuatum
223 890 265 913 est
276 892 384 920 corpus.
393 885 501 912 animus
512 883 713 919 pinguefaetus.
725 882 857 918 Equidem
874 881 895 910 Β
909 892 961 912 non
977 884 1092 911 tardabit
1109 884 1142 911 ¹².
1162 884 1196 912 Ει
1210 884 1275 919 quid
1297 890 1386 911 autem
1406 885 1538 920 ringimnr
1553 885 1695 918 aerumnis,

64 937 122 959 tum
132 931 332 966 pinguescatis,
340 935 395 957 tum
406 929 604 959 consecremini
612 929 697 963 magis
705 929 855 963 magisque,

65 977 215 1011 solidaque
231 985 319 1009 mens,
333 981 360 1004 et
374 976 494 1007 animus,
506 981 586 1010 atque
600 982 700 1009 corpus
709 975 736 1001 in
749 973 856 1002 Domini

65 1024 155 1049 nostri
183 1021 248 1049 Jesu
268 1021 371 1048 Christi
401 1022 548 1048 adventum
580 1020 768 1054 irreprehensa
796 1026 855 1047 ser-

65 1073 178 1100 ventur,
197 1067 242 1095 cui
262 1067 349 1102 gloria
361 1070 388 1094 et
403 1066 547 1101 imperium
562 1073 625 1093 cum
641 1065 730 1099 Patre,
747 1072 779 1092 ac
794 1072 857 1092 san-

65 1118 111 1141 cto
126 1113 244 1148 Spiritu,
262 1120 335 1139 nunc
362 1116 390 1139 et
405 1118 523 1146 semper,
537 1111 565 1138 in
578 1117 742 1146 omnemque
762 1118 857 1146 perpe-

66 1159 205 1186 tuitatem.
224 1158 324 1185 Amen.

343 1212 460 1241 SERMO
479 1212 586 1240 LXXII.

68 1260 246 1288 Ilebdomada
268 1260 370 1295 majore
386 1259 418 1287 de
440 1259 581 1293 salutifero
606 1258 753 1293 supplicio,
776 1258 856 1293 deque

199 1294 376 1323 submissione
397 1302 428 1321 ac
441 1295 582 1329 patientia,
597 1294 728 1320 doctrina.

104 1341 218 1369 Fratres
248 1340 407 1376 Patresque,
421 1347 499 1367 sacer
518 1344 558 1367 est
576 1339 725 1367 hodiernus
740 1338 799 1366 dies
815 1341 857 1365 at-

66 1395 122 1423 que
140 1386 314 1414 venerandus
328 1395 334 1412 :
350 1385 451 1413 etenim
462 1385 526 1412 hinc
536 1385 695 1419 auspicatur
711 1384 794 1411 herus
807 1391 856 1418 pro

68 1432 148 1460 nobis
173 1431 306 1466 supplicia
326 1431 461 1458 sustinere
474 1429 578 1461 crucis,
595 1434 625 1456 ut
640 1429 692 1456 fert
705 1429 756 1456 hoc
775 1428 858 1456 Davi-

68 1478 161 1506 dicum
177 1477 280 1504 dictum
298 1485 305 1503 :
323 1476 410 1509 Quare
431 1478 593 1510 tremuerunt
606 1479 710 1510 gentes,
727 1479 752 1501 et
766 1474 856 1509 populi

68 1523 192 1551 meditati
207 1528 268 1549 sunt
285 1523 386 1549 inania.
402 1523 547 1549 Astiterunt
562 1529 632 1556 reges
646 1525 733 1554 terrai,
748 1525 772 1548 et
782 1521 856 1555 prin-

69 1571 138 1603 cipes
152 1572 330 1596 conuenerunt
356 1568 384 1594 in
405 1575 498 1600 unum,
525 1567 650 1593 adversus
665 1566 807 1594 Dominum
834 1571 859 1594 et

71 1615 196 1642 adversus
207 1613 344 1641 Christum
353 1612 408 1648 ejus
419 1612 449 1639 '1'
464 1612 599 1647 siquidem
614 1619 766 1640 convenere
777 1612 859 1640 simul

71 1661 236 1688 sceleratum
251 1660 278 1687 in
295 1659 440 1687 Dominum
454 1658 599 1686 consilium
618 1658 752 1694 agitantes
766 1665 799 1686 ac
813 1665 860 1685 ne-

72 1711 164 1741 galum
191 1709 328 1732 veterator
352 1703 456 1736 Judas,
487 1703 657 1738 discipulus,
685 1702 860 1730 fraudulento

72 1751 167 1778 suavio
177 1749 279 1785 prodit.
289 1749 360 1785 Ergo
375 1749 492 1776 trahitur
502 1748 608 1776 vinctus
623 1748 737 1780 arbiter,
747 1751 861 1776 cuncto-

74 1803 132 1822 rum
144 1794 248 1828 iudicio
255 1794 372 1826 sistitur,
381 1794 576 1828 interrogatur,
586 1793 742 1828 respondet,
751 1800 861 1828 respon-

72 1841 146 1868 denti
161 1842 189 1876 (ο
205 1840 348 1868 historiam
364 1839 541 1874 horrendam)
558 1847 679 1875 pugnum
691 1840 860 1875 ingerentem

74 1894 181 1914 servum
195 1887 295 1914 leniter
309 1885 454 1920 compellat
468 1894 474 1912 :
491 1884 520 1912 Si
537 1885 606 1912 male
620 1885 722 1912 loculus
740 1893 810 1919 sum,
822 1890 861 1912 te-

74 1933 227 1959 stimonium
243 1932 348 1964 perhibe
358 1934 389 1958 de
409 1931 495 1963 malo;
510 1931 533 1957 si
550 1935 638 1957 autem
657 1931 728 1963 bene,
741 1931 804 1966 quid
821 1939 862 1958 me

74 1978 151 2005 cadis
166 1977 210 2004 1°?
232 1977 378 2004 verborum
406 1976 551 2004 insolentia
581 1976 702 2011 petitur,
728 1976 860 2010 illudilur,

75 2023 272 2055 subsannatur,
286 2021 459 2049 contumeliis
475 2021 622 2055 laceratur,
638 2021 793 2056 inspuitur,
813 2029 861 2048 co-

75 2068 162 2103 laphis
176 2068 302 2100 ceditur,
320 2067 443 2101 vapulat,
461 2074 570 2094 crucem
595 2066 773 2099 conscendit,
795 2073 862 2094 con-

75 2121 182 2145 scensa,
195 2121 246 2148 pro
261 2111 482 2140 interfectoribus
498 2117 624 2147 precatur
635 2120 641 2138 :
652 2111 743 2144 Pater,
758 2111 862 2138 dimitte

74 2159 129 2186 illis
141 2163 288 2193 peccatum,
303 2166 353 2185 non
365 2158 433 2184 enim
440 2158 525 2185 sciunt
536 2158 598 2192 quid
610 2157 711 2192 faciunt
719 2156 739 2172 “
749 2165 757 2190 ;
767 2161 858 2192 potum

77 2205 110 2232 fel
121 2209 198 2232 aceto
210 2208 390 2238 temperatum
409 2204 493 2235 ducit,
512 2203 666 2237 perforatur
681 2203 792 2236 lancea,
810 2202 859 2230 de-
874 2213 897 2242 ο

76 2250 156 2285 nique
171 2249 287 2276 moritur
300 2249 471 2276 immortalis.
486 2248 548 2276 Haec
560 2253 634 2281 sunt,
654 2252 683 2276 ut
699 2249 856 2276 summatim

75 2296 172 2328 dicam,
191 2295 255 2325 Heri
271 2295 425 2330 supplicia:
444 2302 530 2330 eaque
549 2295 596 2330 qui
624 2295 746 2322 inaudiat
766 2300 855 2329 catus,

74 2348 128 2368 non
139 2340 281 2373 irascitur,
295 2347 350 2367 non
367 2340 499 2372 irritatur,
512 2347 567 2366 non
582 2339 729 2372 efferatur,
743 2347 797 2367 non
814 2340 858 2367 in-

76 2386 211 2418 tumescit,
227 2393 280 2412 non
299 2385 412 2413 fratrem
428 2385 526 2417 calcat,
537 2392 592 2412 non
603 2385 716 2418 invidet,
732 2392 786 2412 non
799 2392 858 2412 am-

75 2432 176 2459 bitione
188 2431 309 2463 ducitur,
326 2431 392 2466 quin
404 2431 567 2464 submissus,
585 2438 617 2458 ac
632 2431 777 2462 contritus,
804 2435 858 2457 tcr-

75 2486 130 2505 ram
156 2485 187 2505 se
210 2478 386 2511 cineremque
407 2481 500 2511 putat,
534 2477 693 2504 societatem
722 2475 860 2503 desiderat

75 2524 174 2552 Christi
193 2524 402 2559 suppliciorum,
425 2527 534 2550 mortuo
559 2523 657 2557 satagit
680 2521 858 2556 conformari,

76 2577 130 2606 quo
141 2571 168 2597 in
180 2569 384 2598 resurrectione
400 2569 538 2604 particeps
551 2568 598 2596 ﬁat
611 2569 713 2604 gloriae.
727 2567 782 2596 Vos
798 2568 859 2604 qui-

76 2616 134 2643 dem
148 2621 222 2644 certe
232 2621 259 2643 et
275 2616 521 2643 communicavisse
535 2615 649 2650 partim,
662 2619 689 2643 et
704 2615 857 2643 communi-

76 2669 137 2689 care
160 2661 312 2690 Dominicis
333 2661 474 2696 suppliciis
491 2669 539 2696 par
553 2661 690 2689 conlidere
713 2665 774 2694 est,
794 2668 857 2688 nam

76 2707 162 2734 videte
176 2707 221 2734 ubi
235 2707 308 2735 sitis.
323 2706 384 2735 Non
401 2707 438 2735 ob
455 2707 514 2741 ejus
525 2714 678 2735 sermonem
698 2711 725 2734 et
736 2707 859 2734 testimo-

77 2752 149 2780 nium
165 2753 192 2780 iu
205 2753 304 2780 exsilio
330 2760 363 2781 ac
376 2752 583 2787 persecutione?
600 2759 654 2780 non
671 2752 736 2780 olim
749 2753 858 2788 pericu-

908 936 941 957 ac
957 936 1013 956 non
1033 929 1123 963 potius
1139 928 1294 956 inducimus
1309 929 1430 958 animum
1445 937 1495 964 pro
1511 928 1582 957 Hero
1597 930 1624 957 in
1637 930 1695 957 dies

908 975 978 1003 mori
989 975 1144 1010 lsiquidem
1158 975 1289 1010 scriptum
1305 981 1348 1004 est
1359 984 1366 1003 :
1378 975 1407 1003 Si
1424 976 1581 1003 commortui
1592 983 1694 1008 sumus,

907 1027 932 1050 et
943 1022 1154 1056 convivemus;si
1167 1023 1338 1056 sustinemus,
1363 1027 1388 1050 et
1417 1022 1633 1057 conregnabimus
1646 1029 1656 1054 ;
1673 1021 1697 1048 si

906 1068 1097 1103 negaverimus,
1120 1072 1145 1095 et
1170 1068 1214 1095 ille
1233 1068 1337 1103 negabit
1353 1075 1420 1100 nos;
1444 1068 1467 1095 si
1486 1076 1536 1094 non
1551 1067 1694 1098 credimus.

907 1114 951 1141 ille
970 1114 1056 1148 ﬁdelis
1075 1118 1229 1148 permanet,
1253 1121 1348 1149 negare
1369 1113 1483 1148 seipsum
1501 1120 1554 1139 non
1565 1116 1649 1147 potest
1662 1111 1695 1139 ".

907 1159 968 1187 iam
982 1161 1054 1195 quod
1069 1159 1179 1188 sensuri
1193 1163 1257 1187 sunt
1271 1159 1400 1195 gaudium
1412 1158 1498 1186 sancti
1510 1165 1572 1186 cum
1586 1157 1696 1185 venien-

907 1209 960 1231 tem
981 1204 1087 1231 ccelitus
1118 1203 1220 1231 Herum
1246 1204 1407 1238 spectabunt
1429 1203 1572 1237 magnillce
1594 1201 1697 1238 angelis

907 1250 1047 1284 stipatum,
1068 1250 1114 1285 qui
1131 1257 1161 1278 se
1179 1257 1240 1277 cum
1262 1249 1415 1277 incredibili
1449 1249 1587 1283 triumpho
1619 1255 1697 1276 coro-

907 1303 999 1323 natum
1019 1301 1108 1329 vocet,
1123 1295 1326 1323 contubernalis
1338 1302 1418 1330 porro
1439 1295 1466 1322 in
1479 1302 1587 1322 omnem
1602 1301 1697 1330 perpe-

907 1342 1030 1369 tuitatem
1046 1341 1268 1376 futurusiquem
1284 1340 1403 1368 habituri
1421 1345 1488 1368 sunt
1506 1340 1626 1368 dolorem
1650 1339 1698 1374 qui

907 1387 1083 1423 Evangelium
1106 1388 1315 1420 detrectarunt,
1347 1386 1480 1421 iussaque
1504 1385 1627 1420 repulere
1649 1383 1698 1419 qui

906 1433 1014 1468 quidem
1024 1440 1119 1468 poenas
1125 1432 1402 1464 dabunt,auctoribus
1411 1431 1575 1466 Seripturis:
1588 1430 1698 1457 Exitum

906 1487 1015 1513 percitae
1029 1487 1046 1505 α
1061 1478 1130 1513 [acie
1141 1477 1259 1511 Domini,
1279 1481 1304 1505 et
1318 1486 1334 1505 a
1348 1477 1433 1513 gloria
1449 1477 1553 1504 uirtutis
1561 1477 1628 1511 ejus,
1638 1484 1698 1503 cum

908 1523 1006 1550 uenerit
1016 1523 1162 1557 glori/ictui
1171 1523 1199 1549 in
1207 1522 1306 1549 sanctis
1317 1522 1383 1555 suis,
1392 1525 1416 1548 et
1427 1521 1593 1548 admirabilis
1603 1521 1661 1555 ﬁeri
1671 1521 1699 1548 in

911 1568 1031 1596 omnibus
1046 1569 1090 1603 qui
1101 1568 1267 1595 crediderunt
1281 1567 1313 1594 ¹⁵.
1329 1566 1395 1600 Qum
1411 1566 1596 1601 contemplati,
1615 1573 1648 1594 ac
1659 1573 1699 1593 re-

910 1620 1046 1652 putantes,
1057 1614 1166 1645 fratres,
1180 1614 1266 1649 magis
1278 1614 1418 1648 magisque
1432 1620 1446 1640 a
1458 1613 1564 1640 cunctis
1575 1612 1698 1646 corporis

910 1662 1049 1697 animique
1063 1668 1114 1689 nos
1130 1660 1345 1696 inquinamentis
1365 1666 1512 1694 purgemus
1525 1677 1533 1690 ,
1549 1657 1698 1686 sanctimo-

909 1709 983 1737 niam
1010 1708 1142 1736 obeuntes
1161 1708 1188 1735 in
1207 1707 1254 1734 Dei
1266 1707 1384 1738 timore,
1399 1705 1471 1733 avidi
1486 1704 1513 1732 in
1529 1704 1636 1737 melius,
1653 1703 1698 1731 ni-

910 1759 998 1783 tentes
1011 1754 1037 1781 in
1053 1753 1210 1789 perfectius,
1223 1752 1288 1781 vitia
1305 1751 1404 1787 perosi,
1415 1751 1507 1778 virtuti
1517 1750 1697 1782 cohaerentes,

910 1807 961 1836 pro
979 1800 1099 1827 fraterno
1114 1806 1208 1826 amore
1227 1798 1342 1826 invicem
1359 1797 1493 1829 benevoli,
1510 1797 1614 1824 honore
1628 1796 1698 1823 alter

911 1846 1027 1873 alterum
1040 1844 1226 1880 praeferentes,
1241 1844 1312 1872 haud
1331 1843 1412 1872 studii
1426 1850 1522 1878 segnes
1533 1842 1629 1877 spiritu
1644 1840 1698 1868 fer-

910 1896 1013 1923 ventes,
1024 1889 1138 1917 Domino
1146 1889 1304 1922 servientes,
1323 1896 1372 1923 spe
1386 1887 1545 1923 gaudentes,
1562 1886 1589 1914 in
1598 1893 1698 1913 aerum-

912 1936 954 1963 nis
968 1936 1131 1968 tolerantes,
1155 1934 1283 1969 precibus
1307 1934 1440 1961 instantes
1465 1939 1519 1968 qua
1542 1932 1698 1959 sinceritate

912 1981 1026 2016 praediti,
1041 1985 1098 2008 tum
1111 1980 1259 2008 imminens
1273 1979 1355 2014 digne
1367 1978 1470 2006 Pascha
1485 1978 1626 2009 obeamus,
1641 1981 1698 2004 tum

911 2026 990 2054 bonis
1002 2025 1056 2053 frui
1076 2025 1243 2060 perennibus
1259 2030 1413 2050 mereamur
1435 2029 1482 2057 per
1500 2021 1638 2049 Christum
1652 2019 1699 2048 Je-

912 2079 973 2100 sum
988 2071 1133 2099 Dominum
1149 2074 1272 2098 nostrum
1289 2077 1296 2095 z
1317 2069 1362 2096 cui
1383 2067 1470 2103 gloria
1497 2071 1524 2096 et
1554 2066 1698 2102 imperium

913 2124 976 2144 cum
992 2116 1084 2148 Patre,
1106 2122 1138 2143 ac
1151 2120 1247 2143 sancto
1262 2114 1377 2149 Spiritu,
1394 2120 1468 2141 nunc
1493 2117 1521 2141 et
1531 2119 1652 2148 semper,
1669 2112 1698 2139 in

911 2169 1075 2197 omnemque
1089 2161 1306 2197 perpetuitatem.
1317 2160 1417 2186 Amen.

1174 2213 1290 2242 SERMO
1301 2212 1419 2242 LXXIII.

905 2263 939 2292 1η
956 2262 1148 2291 hebdomadam
1168 2261 1306 2296 majorem.
1333 2260 1369 2287 De
1388 2259 1493 2296 Domini
1518 2257 1632 2293 fierique
1653 2265 1700 2285 no-

1104 2298 1152 2324 stri
1171 2294 1235 2323 Jeiu
1249 2295 1347 2323 Christi
1363 2294 1502 2329 supplicio.

941 2341 1048 2369 Fratres
1066 2340 1225 2376 Patresque,
1240 2348 1301 2368 cum
1314 2339 1382 2367 alias
1396 2346 1503 2373 semper
1525 2337 1631 2365 Domini
1651 2344 1701 2364 no-

905 2388 954 2416 stri
972 2387 1036 2415 Jesu
1055 2386 1158 2414 Christi
1171 2386 1303 2421 supplicia
1317 2385 1351 2413 ad
1370 2389 1488 2413 mentem
1503 2387 1629 2412 revocata
1642 2383 1701 2410 ani.

911 2441 985 2460 mum
1027 2437 1150 2468 pungunt
1177 2436 1205 2459 et
1228 2431 1421 2463 exstimulant,
1446 2435 1502 2458 tum
1518 2430 1562 2457 his
1581 2429 1699 2457 maxime

910 2479 1019 2513 diebus,
1048 2487 1111 2506 cum
1130 2478 1212 2506 finem
1231 2477 1337 2513 singula
1355 2484 1472 2512 coepere.
1493 2476 1623 2509 Quaenam
1642 2475 1700 2502 hzec

909 2529 999 2552 autem
1020 2524 1225 2560 sanguinarium
1252 2523 1280 2551 in
1308 2531 1371 2551 eum
1400 2522 1565 2554 consilium,
1588 2520 1700 2548 Judaiea

908 2569 1125 2604 comprehensio,
1137 2569 1279 2597 ad.necem
1294 2568 1425 2601 ductatio,
1439 2574 1527 2595 causae
1551 2573 1601 2601 pro
1616 2565 1702 2593 tribu-

908 2615 962 2643 nali
975 2616 1051 2642 Pilati
1059 2615 1151 2648 dictio,
1161 2614 1347 2650 interrogatio,
1358 2612 1509 2648 castigatio,
1519 2611 1577 2639 cola
1581 2610 1701 2646 phi,spu-

909 2665 947 2693 ta,
955 2661 1135 2692 contumeliae,
1144 2660 1271 2693 ludibria,
1281 2660 1371 2688 crucis
1381 2664 1558 2689 conscensus,
1568 2662 1698 2683 manuum

908 2707 1046 2742 acpedum
1066 2706 1193 2738 sufﬁxio,
1218 2706 1288 2734 fellis
1301 2704 1472 2740 degustatio,
1497 2703 1568 2730 ictus
1589 2700 1699 2733 lateris,

908 2758 1003 2789 etquae
1011 2761 1072 2781 cum
1088 2753 1122 2781 iis
1133 2753 1184 2781 alia
1206 2753 1335 2785 micuere,
1356 2758 1406 2778 nec
1415 2756 1511 2784 capere
1533 2751 1616 2783 queat
1624 2754 1702 2774 mun-

111 2833 120 2848 '
134 2832 205 2860 Psal.
221 2840 252 2862 ιι.
270 2833 293 2863 l,
309 2831 336 2859 2.
377 2833 398 2849 ¹⁸
417 2832 484 2861 Joan
506 2832 639 2866 “111,25.
680 2833 699 2849 ¹¹
719 2832 785 2861 Luc.
822 2840 855 2860 xx

917 2833 961 2860 34.
1003 2834 1023 2850 "
1046 2832 1128 2861 Hebr.
1145 2841 1171 2866 ιι,
1204 2832 1247 2860 57.
1284 2831 1305 2846 ¹³
1322 2829 1343 2857 ll
1359 2828 1429 2856 Ti-n.
1445 2836 1473 2859 ιι,
1497 2827 1539 2860 l9,
1559 2826 1601 2854 l5.
1639 2824 1660 2841 “
1677 2825 1701 2855 ll

78 2866 158 2895 Tlte~~
188 2877 204 2897 i,
221 2868 247 2899 ll,
267 2868 307 2894 10.
