1921 3073
213 136 268 168 607

214 193 277 227 dus,
296 200 347 222 nec
365 193 445 230 digne
462 202 604 224 recensere
614 196 703 224 valeat
718 204 772 224 non
789 196 878 224 dicam
905 201 1008 223 morta»
1023 196 1047 224 Α

214 237 260 269 lis,
276 238 323 274 sed
337 246 386 266 nec
400 244 506 267 cuncta:
531 240 687 275 angelorum
711 241 810 276 linguae
826 250 833 274 ;
848 248 910 268 nam
930 240 1005 275 cogi-

215 287 316 316 temus,
333 283 441 317 fratres,
462 285 558 320 ingens
572 286 624 313 hoc
661 291 743 322 atque
772 286 906 314 ineffabile
929 293 1008 313 arca-

216 335 292 355 num.
306 328 355 362 Qui
365 330 519 358 animorum
534 331 651 358 consilia
668 332 764 367 retegit
776 331 858 365 Deus,
874 338 1009 366 omneque

217 375 346 409 perspicit
376 376 524 404 humanum
551 379 711 413 cogitatum,
731 378 775 406 hic
818 378 862 405 ille
893 382 936 405 est
962 377 1010 412 qui

218 419 315 453 capitis
331 421 437 448 sistitur
458 422 573 457 judicio,
585 423 630 458 qui
658 428 821 458 praepotente
851 423 930 458 jussu
947 423 1011 450 uni-

218 472 297 492 versa
311 465 391 493 librat
406 476 412 500 ;
427 467 472 496 hic
488 469 532 496 ille
543 472 584 496 est
601 469 647 504 qui
665 469 690 496 in
707 470 902 496 sceleratorum
914 476 1013 496 manus

219 510 336 542 deditur,
352 512 397 547 qui
413 513 559 549 obligatam
573 515 599 541 in
620 516 738 543 nubibus
755 516 855 543 undam
876 523 910 543 ex
935 522 1014 549 aequo

221 556 379 590 tempestive
408 558 504 586 inserit
525 560 595 593 solo,
617 560 661 588 hic
677 560 722 587 ille
741 565 783 588 est
810 561 857 595 qui
872 561 1016 595 colligatus

219 606 345 636 raptatur
361 623 368 636 ,
391 604 436 638 qui
467 605 567 632 ctelum
597 606 688 641 palmo
704 625 712 638 ,
730 614 762 634 ac
781 611 880 634 terram
907 613 1017 633 mensus

222 646 323 679 pugillo
340 651 392 681 est,
415 648 547 684 lanceque
573 655 680 678 montes
705 650 815 678 libravit
830 660 838 684 ;
855 651 898 677 hic
918 650 962 677 ille
977 654 1019 677 est

222 691 270 724 qui
281 693 351 719 servi
367 693 492 727 pulsatur
508 695 612 728 dextra,
628 695 674 729 qui
694 695 791 723 florum
808 695 938 723 varietate
953 695 1019 723 uber

222 735 320 764 imbuit
333 741 432 772 terrae;
452 739 495 766 hic
514 739 559 767 ille
586 744 629 767 est
643 740 690 774 qui
706 741 791 775 spinis
808 741 922 775 ingloria
939 748 1020 768 coro-

223 786 314 815 natur,
330 783 377 818 qui
393 784 419 810 in
442 786 567 818 pomario
592 787 702 814 vitalem
718 787 843 814 arborem
875 788 998 815 consevit
1013 796 1020 820 ;

224 826 269 854 hic
289 827 333 854 ille
352 832 394 855 est
407 830 453 864 qui
470 829 543 865 ligno
556 831 664 859 infelice
678 832 786 866 pendet.
803 832 825 860 0
839 833 978 865 immania,
995 837 1022 859 et

223 870 343 899 inaudita
360 861 514 902 miracula'!
532 882 592 909 quae
604 881 661 903 tum
678 861 795 904 intuitus
820 877 862 905 sol
880 861 978 905 defecit
991 884 1024 904 ac
1039 861 1059 890 Β

224 925 278 945 una
303 921 526 955 contenebravit,
551 926 608 950 tum
643 923 766 951 sentiens
796 930 931 951 concussa
949 927 1023 951 terra

222 967 274 996 est,
294 968 321 990 et
335 970 460 1000 perrupta
491 974 568 1000 saxa,
583 973 736 1003 cunctaque
750 967 815 996 Heri
834 968 945 1003 injuriis
957 975 1022 995 con-

222 1015 299 1036 versa
315 1010 451 1038 machina.
460 1011 519 1039 Jam
535 1013 676 1047 inanimis,
690 1022 722 1042 ac
735 1014 795 1042 sine
806 1022 888 1042 sensu
901 1014 1023 1042 elemen-

224 1053 268 1084 tis,
285 1061 334 1082 ceu
359 1056 503 1089 animalis,
520 1065 658 1093 sensuque
677 1059 799 1091 imbutis,
825 1067 880 1094 prae
898 1058 1021 1086 Domini-

222 1105 256 1126 co
283 1103 387 1128 terrore
409 1106 492 1137 atque
510 1104 688 1139 usurpatione
714 1105 862 1139 spectaculi
884 1105 1019 1140 attonitis,

222 1148 250 1172 et
265 1145 418 1174 immutatis
434 1167 442 1179 ,
473 1155 523 1175 nos
539 1148 548 1184 (
564 1149 666 1176 malum
690 1149 699 1184 )
714 1150 804 1178 ornati
824 1151 931 1178 ratione
946 1171 953 1183 ,
970 1158 1019 1185 pro

222 1189 323 1223 quibus
344 1191 411 1219 obiit
437 1193 575 1226 Christus,
601 1195 816 1229 inexstimuiari,
835 1204 868 1223 ac
891 1196 1020 1231 lacrymis

223 1235 303 1262 alieni
318 1244 365 1270 per
382 1237 432 1265 hos
446 1246 606 1268 maneamus
620 1241 678 1269 dies
693 1241 705 1268 ἲ
718 1243 824 1270 scilicet
840 1250 895 1278 non
927 1242 1020 1269 bardis

224 1280 311 1309 simus
328 1282 486 1316 bardiores,
517 1293 571 1312 non
594 1286 729 1321 lapidibus
744 1287 892 1315 duriores?
910 1287 1019 1322 Nequa-

224 1334 318 1361 quam,
339 1327 448 1362 fratres,
480 1338 652 1366 nequaquam
668 1333 733 1368 quin
750 1334 834 1368 positi
856 1335 884 1361 in
907 1338 1020 1368 stupOre

224 1373 344 1406 quodam
360 1374 463 1408 divino,
486 1377 648 1411 egregieque
679 1379 814 1411 conversi,
830 1379 924 1406 fletum
954 1386 1019 1413 pro-

225 1424 365 1450 vouemus,
383 1419 446 1447 vitia
467 1421 644 1454 trucidemus,
666 1422 794 1457 injuriam
810 1429 1019 1458 compensanth

225 1462 336 1497 injuria,
364 1465 462 1493 vulnus
477 1467 588 1494 vulnere
608 1474 755 1500 mutantes,
775 1470 873 1504 partim
889 1470 1017 1497 obedien-

226 1508 392 1563 tia,lpartim
418 1512 591 1540 confessione
606 1514 716 1542 obnixa.
734 1514 793 1542 Non
809 1516 935 1543 videmus
950 1521 1017 1551 quot
1032 1534 1054 1563 ο

227 1554 310 1581 studii
325 1554 380 1582 sint
399 1557 565 1585 suscitabula
585 1559 687 1592 divini,
707 1561 769 1595 quis
784 1568 834 1595 pro
855 1561 944 1589 amico
957 1569 1017 1589 car-

228 1606 316 1626 cerem
345 1601 524 1637 coluit?quis
550 1612 643 1632 necem
669 1613 717 1640 pro
745 1607 850 1634 amasio
877 1607 1022 1642 suscepit?

227 1643 373 1674 Enimvero
401 1648 620 1678 ciemensllerus
640 1659 688 1685 pro
702 1651 838 1680 damnatis
861 1660 914 1680 non
926 1661 1021 1685 unum,

227 1691 387 1725 alterumve,
403 1694 449 1721 sed
472 1695 545 1722 mille
565 1697 698 1731 supplicia
720 1698 838 1732 peregit,
868 1703 897 1725 ut
926 1699 1024 1726 merito

227 1736 284 1763 haec
298 1739 451 1772 recogitans
460 1740 616 1774 Apostolus,
628 1743 835 1778 vehementique
846 1744 928 1772 divini
941 1752 1023 1772 sensu

226 1783 371 1817 perfruens
401 1786 515 1818 amoris,
533 1787 636 1814 scribat
664 1788 690 1814 iu
720 1789 777 1815 haec
805 1789 906 1816 verba:
933 1789 1024 1817 Certus

227 1837 286 1856 sum
305 1831 367 1865 quia
383 1839 463 1866 neque
481 1839 562 1864 mors,
577 1841 657 1868 neque
677 1834 741 1867 vita,
756 1842 836 1869 neque
853 1836 950 1870 angeli,
978 1845 1025 1863 ne-

227 1883 276 1910 que
291 1877 465 1911 principatus,
484 1886 564 1913 neque
581 1879 701 1913 virtutes,
725 1888 806 1915 neque
822 1881 950 1908 instantia
960 1902 967 1915 ,
981 1890 1026 1909 ηε-

227 1930 278 1958 que
289 1923 392 1957 futura,
408 1932 490 1959 neque
509 1925 636 1958 altitudo,
655 1934 735 1961 neque
750 1927 925 1961 profundum,
945 1936 1027 1963 neque

227 1973 350 1995 creatura
364 1969 420 1996 alia
443 1971 538 2003 poterit
556 1980 603 1998 nos
626 1980 749 2006 separare
776 1981 792 2000 a
808 1973 938 2002 alacritate
967 1974 1026 2010 Dei,

227 2019 285 2046 qua:
307 2017 344 2038 est
358 2013 385 2038 in
403 2012 509 2041 Christo
523 2014 589 2042 Iesu
606 2015 718 2043 Domino
744 2021 834 2044 nostro
850 2017 871 2033 ”
888 2027 894 2045 :
910 2025 972 2045 nam
995 2026 1028 2045 eo

227 2056 319 2083 studio
334 2065 384 2084 nos
401 2059 543 2093 amplexus
558 2060 630 2088 Deus
649 2065 701 2095 est,
719 2066 748 2088 ut
764 2062 867 2089 Filium
880 2071 958 2090 suum
973 2065 1029 2095 uni_

228 2102 345 2135 genitum
363 2102 449 2136 darer,
464 2108 494 2131 ut
509 2106 591 2132 omnis
618 2107 663 2142 qui
685 2107 767 2134 credit
780 2109 807 2135 in
824 2117 884 2136 eum
906 2117 957 2136 nun
983 2118 1030 2145 pe-

229 2153 297 2182 reat,
312 2149 350 2175 uti
371 2151 502 2185 scriptum
519 2156 571 2184 est,
585 2153 630 2180 sed
643 2153 737 2181 habeat
752 2155 832 2181 vitam
853 2160 982 2182 wternam
994 2157 1027 2186 ’⁸,

229 2191 300 2220 lluic
316 2194 406 2221 studio
423 2196 495 2229 quod
514 2196 692 2224 ohmoverent
718 2198 912 2225 hostimentum
939 2199 1025 2226 sancti
1045 2210 1066 2237 ι)

229 2238 359 2267 habentes
374 2240 490 2274 nullum,
502 2247 616 2276 corpora
631 2249 691 2275 sua,
705 2244 919 2279 sanguinemque
934 2253 1028 2272 mona-

230 2285 296 2312 stice
324 2285 400 2319 juxta
414 2305 421 2317 ,
438 2291 466 2313 et
489 2286 614 2315 athletice
640 2287 772 2321 obtulere,
792 2290 949 2317 Davidicum
978 2292 1029 2319 hoc

228 2331 349 2358 exsecuti
371 2338 480 2359 carmen
514 2341 519 2359 :
540 2333 610 2365 Quid
639 2334 814 2362 retribuemus
835 2335 949 2362 Domino
981 2344 1029 2370 pro

229 2376 349 2403 omnibus
369 2385 428 2412 qua
443 2377 564 2405 retribuit
576 2380 650 2406 nobis
667 2380 803 2413 ”?Quam
825 2389 889 2414 nos,
914 2382 1024 2415 fratres,

229 2421 339 2449 assidue
373 2430 466 2451 vocem
493 2432 658 2459 usurpemus
684 2434 794 2461 quoque
817 2426 976 2455 inexaurata
1001 2429 1025 2455 ei

229 2469 345 2503 quadam
364 2470 447 2497 animi
463 2472 602 2500 voluntate
625 2473 786 2504 servientes,
802 2480 834 2500 ac
853 2473 940 2507 magis
965 2480 1024 2499 ma-

229 2515 325 2550 gisque
346 2515 374 2543 in
389 2517 487 2544 melius
501 2517 617 2546 nitentes
630 2538 637 2549 ,
658 2526 714 2553 quo
740 2526 801 2546 cum
820 2519 922 2546 sanctis
940 2518 1027 2545 hzerev

229 2560 354 2594 ditatem,
369 2562 536 2590 crciscamur
547 2568 711 2591 aeternorum
727 2565 871 2597 bonorum,
885 2571 933 2598 per
945 2564 1026 2591 (λιιι-ί-

230 2611 303 2634 stum
316 2606 410 2635 Jcsum
426 2607 571 2636 Dominum
587 2613 709 2637 nostrum
723 2609 784 2637 :cui
796 2609 881 2644 gloria
897 2614 922 2637 ct
935 2609 1024 2645 impe-

229 2655 313 2687 rium,
331 2662 393 2682 cum
405 2654 494 2687 Patre,
505 2663 538 2684 ac
548 2660 645 2684 sancto
656 2655 772 2691 Spiritu,
786 2663 857 2683 nunc
869 2660 896 2684 et
907 2663 1023 2691 semper,

229 2700 257 2728 in
277 2707 441 2735 omnemque
468 2701 683 2736 perpetuitatem.
701 2701 798 2729 Amen.

268 2814 289 2830 "
308 2814 387 2842 Rom.
405 2822 453 2842 vm
467 2836 474 2846 .
505 2814 550 2846 58.
566 2815 610 2845 59,

651 2815 671 2831 ¹⁶
689 2813 768 2842 Joan.
798 2814 898 2846 m.16,
927 2814 971 2841 t7.

237 2849 264 2866 "
278 2848 341 2877 Psal
376 2856 460 2882 cxvn,
474 2851 501 2883 6,

541 2851 562 2867 υ
578 2851 696 2886 Philipp.
713 2858 732 2882 ι,
752 2851 797 2883 si,

810 138 843 169 S.
866 136 1062 168 THEODORI
1078 135 1250 167 STUDITIE

1012 2814 1032 2830 "
1053 2813 1126 2843 Psal.
1143 2822 1204 2848 cxv,
1224 2814 1267 2843 η.

837 2851 858 2867 ⁸³
871 2849 964 2877 Matth.
985 2857 1064 2883 xvut,
1084 2850 1112 2882 7,

1811 128 1873 160 608

1337 191 1454 219 SERMO
1472 190 1590 219 LXXIV.

1060 239 1093 267 In
1111 238 1278 272 Michaelem,
1304 246 1383 274 regno
1405 237 1626 274 impie/unctum,
1646 238 1710 273 tam_
1729 239 1780 266 pro
1811 232 1871 266 ﬁde

1093 278 1228 308 corrupta,
1245 271 1391 308 quam'pro
1405 272 1504 306 nefarie
1517 271 1626 298 inducta
1650 271 1760 303 conjuge
1771 287 1778 301 ,
1811 275 1867 294 neu

1094 310 1121 336 in
1134 309 1256 343 periculis
1271 313 1478 336 consternantur.

1096 365 1204 392 Fratres
1227 364 1386 398 Palresque,
1403 363 1468 390 mihi
1489 362 1593 398 quidem
1617 360 1689 388 haud
1712 360 1789 387 dictu
1805 367 1869 386 mo-

1063 413 1157 439 lestum
1170 410 1241 437 vobis
1256 410 1380 445 prwsitlio
1399 413 1438 436 est
1462 409 1494 440 ’⁸,
1510 409 1598 443 inquit
1612 406 1771 442 Apostolus,
1784 405 1872 440 quod

1065 458 1142 492 inops
1156 457 1281 493 equidem
1308 463 1357 490 pro
1374 455 1442 482 virili
1458 462 1567 489 quoque
1588 453 1660 481 haud
1681 452 1772 480 facere
1787 451 1872 479 (1θεί-

1065 510 1146 537 stam,
1159 511 1233 531 nunc
1248 503 1404 533 cohertans,
1423 509 1496 529 DUIIC
1519 507 1706 531 commovens,
1720 506 1797 526 nunc
1817 505 1873 525 VOS

1067 550 1251 586 praemuniens
1265 569 1272 581 ,
1289 549 1312 576 si
1327 556 1381 583 qua
1395 547 1521 582 etrugiam
1549 545 1691 574 vobiscum
1717 549 1873 572 venturam

1068 595 1254 631 immorigeris
1269 594 1385 621 cladem.

1104 642 1238 669 Cmterum
1254 647 1318 668 esse
1334 644 1361 668 et
1385 646 1458 666 nunc
1482 637 1670 673 immorigeros
1686 643 1748 664 eum
1775 635 1873 663 multa

1070 694 1134 717 sunt
1149 688 1282 721 exempla,
1300 691 1357 714 tum
1383 693 1468 713 unum
1494 685 1610 719 capitale
1628 684 1654 711 in
1679 684 1869 718 imperatore,

1072 744 1125 763 non
1139 735 1227 762 solum
1237 734 1289 762 fide
1300 738 1439 768 corrupta,
1458 731 1506 760 sed
1528 731 1612 758 etiam
1629 729 1733 757 nefarie
1746 729 1871 756 inducta

1073 781 1200 816 conjuge,
1214 780 1327 815 quibus,
1345 779 1408 814 quis
1424 786 1478 805 non
1498 777 1669 812 ingemiscat,
1687 780 1716 803 et
1739 775 1872 802 indoleat

1073 831 1231 861 comparata
1260 832 1369 852 rursum
1394 823 1421 850 in
1452 822 1601 850 Ecciesiam
1627 828 1710 853 noxa,
1735 820 1871 855 pestique

1075 875 1149 907 peste
1169 878 1201 898 ac
1225 869 1407 904 persecutioni
1433 867 1526 896 addita
1549 866 1755 902 persecutione?
1780 865 1871 899 Fugit

1074 924 1132 950 vos,
1149 915 1260 947 fratres,
1277 914 1342 950 quid
1356 914 1407 942 sub
1418 912 1600 941 Constantino
1622 911 1733 942 accidit,
1747 915 1870 945 parente

1073 962 1142 997 ejus,
1153 968 1214 996 quae
1229 968 1301 988 nunc
1326 959 1510 987 monasticutn
1532 961 1611 985 exuta
1628 961 1691 985 vola
1714 956 1870 991 imperato-

1073 1009 1141 1036 riam
1154 1007 1312 1043 diguitatem
1329 1005 1443 1033 induit?
1459 1012 1514 1032 non
1532 1011 1618 1031 uxore
1636 1003 1722 1030 electa
1738 1001 1867 1036 legitime

1073 1055 1178 1083 ducta:
1198 1058 1225 1081 ct
1249 1053 1302 1081 alia
1326 1057 1482 1087 surrogata.
1508 1049 1672 1078 adulterium
1699 1049 1733 1076 de
1751 1047 1867 1075 Domini

1072 1100 1206 1129 sententia
1221 1103 1356 1135 patratum
1375 1103 1426 1131 est,
1453 1097 1571 1132 indeque
1585 1095 1816 1132 oppugnationes,
1832 1101 1868 1121 ac

1072 1146 1242 1174 calamitates
1263 1144 1310 1172 Dei
1335 1144 1466 1171 Ecclesia:
1492 1142 1627 1175 conﬂatm,
1657 1148 1712 1169 non
1741 1140 1778 1168 ab
1807 1148 1867 1167 uno

1072 1191 1162 1218 scelus
1182 1191 1208 1217 iu
1223 1189 1378 1224 complures
1393 1196 1557 1224 permanans
1572 1192 1696 1215 nostrum
1713 1185 1810 1214 infecit
1820 1192 1867 1212 or-

1072 1237 1133 1264 bem
1148 1237 1160 1263 ‘l
1174 1236 1246 1264 Idem
1263 1236 1306 1271 agi
1318 1239 1345 1262 et
1361 1242 1434 1262 nunc
1448 1235 1539 1262 videat
1555 1234 1602 1269 qui
1617 1237 1708 1261 mente
1730 1231 1867 1268 praeditus

1072 1283 1182 1310 inducat
1197 1282 1318 1309 animum
1336 1289 1384 1315 pro
1405 1289 1469 1308 vero
1493 1280 1617 1308 atllictari
1634 1289 1641 1313 ;
1663 1286 1726 1306 nam
1755 1276 1866 1305 caeteris

1072 1335 1122 1355 nec
1136 1335 1209 1355 cura:
1229 1331 1271 1354 est
1298 1327 1445 1359 tantillum,
1465 1326 1583 1361 stupidis
1606 1325 1725 1357 fortuna,
1748 1331 1810 1354 seu,
1835 1327 1866 1348 ut

1072 1373 1184 1408 propius
1212 1373 1311 1405 dicam,
1326 1372 1433 1407 imperii
1450 1371 1646 1404 detlicitiis,cui
1660 1370 1774 1398 Proteos
1787 1376 1818 1397 se
1830 1377 1865 1396 es

1071 1419 1181 1447 libidine
1192 1423 1298 1453 gerant.
1314 1417 1369 1446 Nos
1384 1418 1533 1449 enimvero,
1556 1418 1667 1449 fratres,
1690 1417 1866 1444 inconcussa:

1071 1466 1248 1494 stabilitatem
1268 1465 1329 1493 ﬁdei
1358 1469 1494 1499 tueamur,
1523 1465 1550 1491 in
1575 1471 1694 1499 veroque
1709 1467 1866 1498 praecepto-

1072 1520 1130 1539 rum
1144 1512 1248 1546 jutlicio
1259 1513 1451 1544 constantiam,
1465 1519 1521 1539 non
1532 1512 1578 1546 qui
1596 1510 1785 1546 plausibilibus
1794 1517 1867 1544 quo-

1076 1559 1201 1585 rumdam
1218 1558 1338 1585 inventis
1353 1558 1524 1585 deludamur.
1542 1558 1581 1585 Ac
1606 1557 1629 1585 si
1650 1556 1766 1588 videtur,
1780 1555 1867 1583 silen-

1076 1604 1142 1631 tium
1160 1604 1185 1630 in
1201 1604 1296 1638 primis
1305 1604 1539 1638 couiplectatnur;
1556 1603 1689 1638 siquidem
1702 1611 1727 1630 tt
1741 1601 1867 1629 Prudens

1075 1650 1123 1682 ait,
1138 1650 1166 1677 in
1190 1655 1312 1685 tempore
1336 1650 1381 1678 illo
1409 1650 1518 1682 tacebit,
1537 1650 1602 1685 quia
1628 1654 1734 1683 tempus
1761 1648 1867 1675 malum

1075 1701 1117 1724 est
1129 1696 1151 1712 ιο
1167 1704 1174 1729 ;
1192 1705 1201 1722 ι
1223 1701 1277 1723 tum
1292 1701 1383 1723 autem
1400 1702 1574 1730 apparemur,
1596 1703 1630 1723 ne
1655 1694 1711 1722 fors
1722 1701 1868 1729 oppugna-

1077 1743 1148 1770 tione
1164 1743 1215 1770 hac
1230 1743 1352 1777 abjectos
1366 1742 1438 1769 haud
1447 1743 1515 1770 citra
1532 1741 1650 1775 pericula
1666 1740 1867 1768 homunciones

1076 1788 1229 1816 dimittant.
1252 1788 1352 1823 Ecquis
1369 1795 1434 1816 vero
1462 1792 1504 1814 est
1542 1786 1713 1822 apparatus?
1736 1785 1865 1813 nimirum

1077 1834 1184 1862 excelse
1195 1834 1286 1861 omnia
1299 1834 1380 1867 ferre,
1390 1841 1440 1861 nec
1452 1833 1608 1860 Christiano
1621 1832 1760 1867 antiquius
1772 1839 1867 1858 amore

1078 1878 1227 1912 quidquam
1243 1878 1352 1911 ducere,
1370 1878 1437 1913 quin
1450 1885 1512 1906 cum
1524 1877 1625 1904 Davide
1647 1876 1717 1904 fari:
1736 1876 1865 1904 Dominus

1079 1923 1143 1950 mihi
1156 1923 1275 1957 adjutor,
1295 1931 1348 1950 non
1362 1923 1456 1950 timebo
1471 1923 1534 1958 quid
1546 1922 1630 1957 faciat
1652 1922 1717 1949 mihi
1731 1922 1808 1949 homo
1821 1922 1845 1937 "
1857 1931 1866 1955 ς

1079 1973 1161 2002 atque
1173 1967 1225 1995 hoc
1239 1967 1443 2002 apostolicum;
1461 1966 1530 1994 Milli
1555 1967 1640 1994 vivere
1665 1966 1789 1994 Christus
1814 1972 1866 1999 est,

1079 2017 1103 2039 et
1122 2013 1190 2039 mori
1203 2012 1306 2039 lucrum
1320 2013 1354 2040 “.
1379 2012 1422 2040 Va:
1434 2012 1532 2039 mundo
1553 2020 1568 2038 α
1585 2012 1732 2043 scandatis,
1747 2011 1802 2044 ait;
1818 2020 1866 2038 ne-

1079 2066 1150 2085 cesse
1168 2063 1206 2085 est
1227 2058 1297 2086 enim
1312 2059 1399 2086 venire
1415 2058 1554 2092 scandala,
1569 2063 1597 2085 ut
1622 2058 1668 2093 qui
1684 2058 1788 2093 probati
1803 2063 1865 2086 sunt

1081 2103 1219 2138 manifesti
1231 2104 1299 2138 ﬁant
1314 2104 1347 2131 ⁸³.
1365 2103 1460 2131 Viden’
1478 2109 1507 2132 ut
1523 2105 1548 2132 in
1567 2105 1705 2132 scandalis
1719 2105 1780 2133 lecti
1795 2110 1867 2133 rete-

1080 2155 1177 2185 guntut‘
1191 2150 1255 2183 Deo,
1273 2158 1305 2178 ac
1320 2150 1501 2178 tentationum
1523 2150 1579 2186 igni
1603 2151 1733 2185 probatus
1751 2151 1867 2179 aurifer-

1082 2196 1133 2223 mis
1147 2196 1256 2223 animus
1270 2195 1430 2223 ostendatur
1444 2196 1455 2222 'i
1471 2195 1531 2222 1am
1548 2196 1685 2223 malorum
1707 2196 1865 2229 insolentes,

1080 2242 1244 2270 haberemus
1272 2250 1322 2269 ceu
1347 2242 1462 2277 imperiti
1477 2250 1527 2270 cur
1550 2242 1761 2271 sollicitaremur
1793 2251 1866 2271 nunc

1081 2287 1160 2314 laude
1177 2287 1228 2315 hac
1246 2295 1299 2314 non
1321 2287 1415 2320 semel,
1441 2287 1576 2315 iterumve
1611 2288 1677 2322 quin
1702 2289 1802 2323 sapius
1816 2296 1865 2323 gu-

1080 2338 1160 2366 stata,
1175 2333 1302 2368 nactique
1316 2333 1367 2360 hoc
1378 2333 1510 2361 divinitus
1523 2333 1683 2361 beneficium
1700 2334 1867 2369 procul-isto

1080 2380 1196 2414 perpeti,
1231 2387 1404 2414 nequaquam
1446 2384 1664 2411 consternemur,
1699 2379 1862 2413 dicamusve,

1080 2426 1180 2453 lterum
1196 2427 1308 2453 tentatio
1322 2426 1333 2452 ?
1364 2433 1430 2453 sane
1446 2425 1543 2453 iterum
1556 2425 1681 2453 tentatio.
1696 2425 1771 2453 Cedo
1793 2427 1862 2453 enim

1079 2473 1128 2504 sis,
1143 2480 1208 2499 num
1222 2472 1296 2499 tluita
1311 2477 1351 2500 est
1364 2472 1495 2505 hostium,
1508 2473 1555 2506 qui
1572 2471 1659 2499 aciem
1671 2472 1781 2507 fugiunt
1799 2480 1863 2500 ocu-

1079 2518 1181 2551 lorum,
1198 2525 1262 2545 cum
1276 2525 1369 2550 carne,
1384 2523 1467 2552 atque
1479 2518 1610 2551 sanguine
1626 2517 1721 2545 lucta?
1732 2525 1796 2545 num
1810 2523 1863 2545 sta-

1077 2563 1152 2591 dium
1167 2563 1287 2590 solutum
1312 2562 1359 2591 Dei
1374 2563 1535 2598 petentum'i
1558 2563 1677 2590 solvetur
1703 2563 1730 2591 id
1758 2563 1861 2598 quidem

1076 2616 1140 2636 cum
1168 2608 1233 2636 hinc
1264 2608 1413 2636 abierimus
1428 2617 1435 2642 ;
1453 2613 1581 2636 caeterum
1609 2608 1732 2644 quandiu
1753 2615 1864 2644 corpore

1075 2659 1228 2688 teneamur,
1241 2654 1354 2683 omnino
1368 2654 1469 2682 bellum
1479 2659 1542 2682 sunt
1557 2659 1584 2682 et
1592 2654 1750 2682 discrimina
1759 2661 1861 2689 prtesto.

1084 2701 1229 2729 Enimvero
1244 2701 1277 2729 de
1293 2701 1472 2728 tentationum
1491 2701 1686 2736 prorogatioue
1709 2704 1861 2728 sanctorum

1307 2814 1327 2830 ⁸⁸
1361 2813 1477 2850 Philipp.
1513 2812 1597 2847 m,t.
1638 2813 1659 2830 "
1673 2812 1759 2841 Amos
1776 2819 1802 2846 v,
1830 2811 1861 2839 13
