1921 3073
33 131 84 165 609

604 125 808 158 SERMONES
823 121 1081 154 CATECHETICI.

1615 121 1667 152 610

36 186 224 216 slomachatus
239 192 318 213 nemo
335 188 387 216 est,
400 182 568 211 mrumnisve
597 179 746 208 tolerandis
761 185 822 205 mu-
839 178 861 207 Α
878 175 991 210 objectis
1001 181 1056 210 qua
1068 173 1238 206 obedientize,
1263 181 1316 209 qua
1331 173 1520 208 confessionis,
1545 184 1605 211 qua:
1624 178 1666 204 in-

37 239 119 267 tatus,
134 234 202 268 quin
219 233 258 260 ait
272 231 356 259 David
373 240 380 258 :
399 229 550 258 Tribulatio
576 232 602 255 et
631 227 755 261 angustia
783 226 828 252 in-

37 284 161 307 venerunt
172 287 225 311 me,
241 278 370 304 mandata
386 282 432 303 tua
447 275 585 302 meditatio
610 282 669 300 mea
685 279 722 300 est
736 272 778 305 ¹³;
802 276 830 298 et

39 324 172 352 Jeremias
187 333 194 351 :
211 323 275 350 Non
288 331 347 350 sum
374 327 398 350 te
421 322 552 357 sequendo
573 321 701 356 defessus,
720 324 744 346 et
759 320 829 346 diem

39 371 151 398 hominis
165 378 218 397 non
232 369 384 396 desideravi
398 369 431 395 ".
450 367 574 402 Apostoli
600 374 664 394 vero
682 367 739 393 haec
765 362 830 392 sunt

40 416 145 444 verba:
175 415 363 442 Libentissime
393 414 530 449 gloriabor
559 414 585 439 in
626 411 828 446 inﬁrmitatibus

42 462 114 493 meis,
133 465 163 488 ut
184 460 314 488 inhabitet
326 461 354 486 in
366 468 407 486 me
422 460 504 486 virtus
516 459 629 486 Christi:
640 464 746 492 propter
760 457 830 492 quod

41 508 131 543 placeo
152 508 217 534 mihi
233 507 262 533 in
276 506 490 541 inﬁrmitatibus.
508 506 535 532 in
554 505 731 536 contumeliis,
745 505 771 530 in
786 512 832 531 ne-

42 554 222 584 cessitatibus,
235 553 262 579 in
274 551 509 588 persecutionibus,
520 552 546 578 iu
559 551 690 586 angustiis
701 558 748 585 pro
755 549 832 576 Chri-

43 605 81 626 ιισ
92 607 102 626 :
118 607 178 626 cum
193 600 265 625 enim
293 599 427 633 inﬁrmor,
456 602 517 625 tunc
531 602 622 631 potens
632 605 691 623 sum
706 596 741 623 ’⁸.
758 595 832 623 Idem

43 646 122 673 nobis
149 645 271 673 studium
300 643 456 671 ducendum
484 648 536 675 est,
565 643 765 676 dicendumque
786 649 832 669 so-

44 692 114 719 cium
130 689 297 717 habentibus
324 678 477 720 Christum',
503 695 535 714 ac
564 687 779 714 commilitonem
806 685 832 712 in

44 736 237 768 conﬂictibus,
265 735 364 770 quippe
396 734 476 760 Haud
505 739 530 760 te
563 734 693 764 deseram,
734 732 834 767 inquit,

45 790 124 817 neque
143 781 293 815 relinquam
305 780 340 806 ".
367 779 504 807 Caeterum
517 779 539 806 si
556 787 605 814 pro
615 779 691 806 nobis
701 778 772 806 Deus
782 783 834 812 est,

45 829 212 864 quiscontra
236 826 308 853 nos?
328 825 386 852 Jam
404 825 427 852 si
458 825 555 860 vulgus
579 825 721 852 hominum
736 824 835 859 gaudet

45 881 91 908 pro
101 873 207 900 caduco
226 878 348 906 pugnare
370 879 443 905 rege,
474 874 577 905 quanto
594 878 644 897 nos
669 870 756 903 magis
784 876 833 903 pro

46 926 174 954 supremo
190 919 340 950 decertare,
356 921 383 943 et
406 916 432 943 in
445 923 555 943 arenam
578 916 741 943 descendere
754 915 765 940 ἰ
781 914 834 949 lgi-

45 970 88 992 tur
99 965 125 992 ei
143 963 286 1000 proposito
309 963 481 995 insistamus,
513 961 623 994 fratres,
657 969 706 989 seu
725 961 835 995 ingruat

46 1011 159 1039 tentatio
188 1018 237 1038 seu
255 1017 308 1037 non
325 1010 449 1044 ingruat.
471 1008 632 1042 Quanquam
661 1008 785 1034 imminet
800 1007 836 1034 ab

46 1060 124 1085 hoste
140 1063 251 1092 perpes,
270 1056 294 1082 si
317 1055 406 1082 minus
423 1055 572 1089 conspicua
587 1058 660 1081 certe
676 1053 773 1086 invisa,
786 1060 835 1087 po-

45 1104 158 1138 sitasque
169 1105 234 1129 Sunt
248 1101 276 1127 in
291 1100 441 1127 tentatione
452 1106 568 1130 coronat,
583 1104 611 1126 et
625 1099 651 1126 in
667 1098 737 1125 bello
750 1097 838 1125 victo-

46 1150 96 1180 ria,
111 1155 144 1176 ac
158 1148 206 1182 qui
223 1147 317 1182 gravia
332 1147 367 1173 sit
382 1153 537 1180 perpessus,
552 1153 594 1172 me
607 1145 631 1172 is
642 1145 752 1180 praemia
768 1151 837 1178 quo-

46 1202 97 1230 que
114 1193 219 1222 referat
241 1193 371 1227 ingentia,
398 1200 449 1219 nos
465 1192 574 1226 quidem
590 1191 642 1218 hac
670 1198 685 1217 e
704 1190 757 1217 vita
772 1197 837 1216 ova-

46 1239 127 1267 bundi
137 1238 265 1274 profecti,
274 1238 355 1265 vitam
367 1245 429 1265 cum
441 1237 543 1264 sanctis
558 1243 704 1271 perennem
714 1235 837 1262 ineamus

47 1294 93 1321 per
104 1286 249 1314 Christum
264 1284 357 1312 Jesum
371 1284 519 1311 Dominum
534 1287 670 1314 nostrum,
689 1283 733 1310 cui
751 1281 836 1316 gloria

48 1339 72 1360 et
91 1332 238 1368 imperium
253 1339 314 1359 cum
332 1331 421 1364 Patre,
436 1338 469 1358 ac
486 1334 583 1358 sancto
598 1329 712 1364 Spiritu,
726 1335 797 1356 nunc
811 1332 839 1355 et

48 1386 167 1414 semper,
182 1378 211 1405 in
227 1384 392 1411 omnemque
403 1376 623 1411 perpetuitatem.
650 1375 748 1402 Amen.

318 1432 434 1460 SERMO
455 1431 559 1464 LXXV.

49 1478 276 1506 Committendum
304 1486 354 1504 non
370 1486 425 1504 esse
452 1481 480 1503 ut
496 1477 603 1503 licentia
632 1477 768 1508 abutatur,
794 1475 838 1509 qui

83 1515 269 1542 Christianam
284 1513 356 1539 ineat
383 1513 475 1542 vitam,
513 1512 755 1547 gratulandumque
775 1510 838 1537 sub-
851 1516 872 1544 ο

83 1549 181 1576 eundi:
198 1549 338 1580 molestiis,
351 1549 490 1582 praemium
509 1546 670 1574 intuentibus
686 1546 818 1580 futurum.

81 1595 192 1622 Fratres
220 1593 384 1628 Patresque,
403 1594 527 1628 equidem
544 1593 640 1621 vellem
658 1600 839 1627 unumquem-

51 1649 102 1676 que
117 1645 243 1668 vestrum
255 1647 349 1668 coram
371 1644 506 1674 spectare,
533 1645 684 1673 omnesque
705 1637 838 1673 impertiri

52 1695 99 1722 pro
113 1686 220 1714 viribus
236 1692 362 1713 sermone
376 1685 421 1720 qui
437 1689 553 1713 vestram
562 1684 697 1712 elaborem
713 1684 840 1716 salutem,

52 1740 83 1760 ac
95 1731 267 1767 praefecturae
281 1731 392 1758 timeam
406 1730 557 1765 periculum
568 1750 575 1761 ,
597 1730 645 1758 sed
661 1733 839 1765 posteaquam

52 1779 163 1806 minime
174 1777 201 1805 id
221 1778 387 1812 oppugnatio
401 1777 534 1811 permittit
555 1776 688 1804 cohortor
700 1781 757 1803 tum
771 1784 839 1804 con-

50 1825 172 1859 iunctos,
187 1827 244 1851 tum
260 1823 402 1851 devinctos
418 1822 574 1858 pariterque
588 1828 704 1850 cunctos
719 1824 840 1850 circum-

51 1875 142 1905 specte
164 1869 218 1897 sibi
232 1876 340 1902 cavere,
371 1874 426 1897 tam
448 1869 567 1896 indidem
595 1869 622 1896 in
651 1869 771 1904 hospitio
784 1877 840 1904 quo

51 1923 171 1949 utamur,
187 1923 272 1951 quam
286 1915 442 1950 ubicunque
465 1915 587 1942 locorum
606 1922 756 1946 versemur.
771 1915 841 1942 nihil

51 1963 118 1989 citra
135 1961 318 1989 constitutum
346 1960 496 1994 facientes;
512 1968 565 1988 non
592 1960 700 1988 licentia
726 1961 796 1988 alter
813 1961 840 1987 ia

51 2009 168 2036 alterum
183 2007 273 2039 abusi,
291 2015 344 2034 non
369 2007 504 2041 colloquia
542 2015 603 2034 cum
635 2007 728 2042 pueris
746 2007 840 2034 crebra

52 2057 197 2092 agitantes,
209 2055 325 2090 (tantum
341 2055 417 2082 abest
430 2059 461 2082 ut
486 2062 548 2082 cum
564 2055 726 2082 mulieribus
741 2054 840 2088 dicam)

52 2103 116 2137 quin
133 2102 180 2129 ubi
197 2101 346 2129 necessitas
361 2105 440 2135 cogat
466 2101 569 2132 videre,
596 2101 733 2136 alloquive
757 2101 840 2133 cauti,

51 2148 99 2183 qui
115 2152 236 2175 mentem
261 2147 442 2182 surrigamus,
469 2151 496 2174 et
523 2147 617 2174 oculos
647 2146 838 2181 dejectemus;

879 222 989 249 cumbat
998 243 1005 255 ,
1029 222 1133 249 scilicet
1145 229 1226 256 quam
1242 220 1356 249 illustris
1371 221 1507 256 professio
1515 227 1605 249 vestra
1614 227 1667 255 est,

877 273 933 296 tam
946 268 1080 296 illustrius
1096 268 1238 303 praemium
1257 276 1310 295 non
1326 268 1478 295 mundanos
1489 268 1610 302 cernitis,
1627 275 1671 296 at—

879 319 1014 348 teruntur,
1027 319 1108 350 atque
1121 314 1292 346 amictentur,
1305 314 1331 341 bi
1343 315 1563 350 agricolationem
1573 323 1671 351 urgen-

878 365 921 389 tes
933 381 942 394 ,
970 361 1079 396 publica
1096 361 1176 396 stipe,
1189 366 1216 388 et
1227 361 1417 389 exactionibus
1432 361 1546 396 gravati.
1560 365 1590 388 ut
1600 369 1670 396 agre

880 413 974 443 potum
992 408 1054 438 sibi.
1071 415 1104 435 ac
1122 408 1224 435 cibaria
1241 412 1400 442 procurent,
1419 407 1457 434 illi
1474 407 1568 434 militia
1584 411 1669 439 terra,

882 455 1006 489 marique
1027 454 1173 489 perfuncti,
1198 453 1270 482 bello
1291 454 1469 486 lacessentes,
1486 458 1568 488 atque.
1582 453 1671 481 laces-

882 501 938 532 siti,
955 501 1090 528 cmdentes
1111 501 1249 535 cmsique?
1264 507 1382 534 quorum
1406 507 1457 527 nos
1473 500 1595 527 omnium
1619 501 1671 527 im-

882 555 991 580 munes,
1006 547 1069 574 vivo
1102 555 1222 581 veroque
1240 547 1295 573 Deo
1310 547 1456 574 servimus.
1476 545 1535 574 Non
1551 550 1582 574 ut
1596 546 1670 574 aliud

883 594 989 620 nullum
1005 597 1141 627 suppetat,
1159 593 1200 620 vel
1217 593 1269 620 hoc
1281 593 1349 620 satis
1372 596 1415 621 est
1430 593 1463 620 ad
1484 593 1671 628 voluptatem,

884 640 1105 675 gratulationem,
1124 639 1316 674 triumphum?
1337 647 1403 667 sane
1419 639 1544 671 obsecro,
1562 639 1671 667 fratres.

885 685 920 713 Ut
943 686 1141 720 circumspecte
1158 686 1269 720 insuper
1283 685 1318 713 sit
1336 685 1494 717 vivendum,
1512 686 1559 720 qui
1577 689 1674 713 ornate

886 733 997 760 cuncta,
1016 729 1199 764 decenterqne
1213 730 1357 761 obeamus,
1374 729 1552 761 abstinentes.
1567 733 1594 757 et
1610 737 1674 757 eor-

887 775 962 810 poris
990 774 1139 806 libidines.
1168 782 1229 809 qua:
1255 782 1317 802 cum
1347 775 1439 803 animo
1465 774 1672 807 conﬂictentur,

888 820 978 854 primo
1008 820 1121 848 incursu
1148 821 1310 856 repellentes
1342 821 1497 856 mentisque
1528 821 1674 856 puritatem

888 871 1026 901 parantes,
1043 874 1098 902 quo
1113 866 1221 894 sincere
1240 867 1303 894 hinc
1317 867 1442 902 profecti,
1458 867 1529 894 bona
1550 867 1674 894 ineamus

885 916 986 939 aeterna
1009 919 1058 947 per
1072 912 1211 940 Christum
1235 911 1329 940 Jesum
1354 913 1498 940 Dominum
1523 919 1648 941 nostrum
1664 922 1674 941 :

886 959 927 985 cui
943 958 1029 993 gloria
1045 961 1072 985 et
1087 958 1233 994 imperium
1250 966 1311 986 cum
1336 958 1426 991 Patre,
1447 967 1480 986 ac
1502 963 1597 986 sancto
1613 958 1676 994 Spi-

885 1004 939 1030 ritu
960 1012 1033 1031 nunc
1048 1008 1074 1032 et
1095 1011 1203 1040 semper
1223 1004 1251 1032 in
1269 1012 1435 1040 omnemque
1450 1005 1672 1040 perpetuitatem.

885 1053 983 1078 Amen.

1154 1098 1270 1127 SERMO
1288 1098 1406 1126 LXXVI.

889 1143 928 1170 De
949 1144 1041 1170 mortis
1058 1144 1249 1178 recordatione,
1262 1146 1370 1180 odioque
1387 1145 1489 1178 mundi,
1509 1153 1540 1172 ac
1560 1145 1676 1172 munda-

1229 1188 1334 1207 norum.

923 1224 1052 1257 Fratres,
1075 1225 1242 1260 Patresquc.
1267 1234 1348 1260 quam
1375 1226 1475 1253 eximia
1497 1225 1674 1259 Catechesis,

889 1278 970 1304 quam
993 1270 1062 1306 frugi
1084 1272 1234 1299 admonitio
1251 1272 1314 1299 est?
1330 1279 1391 1307 quae
1413 1273 1531 1300 intentos
1546 1273 1579 1300 ad
1594 1273 1675 1301 ollicii

889 1316 1075 1350 functionem,
1104 1318 1254 1353 vigilesque
1279 1323 1399 1354 przestet.
1434 1319 1463 1346 id
1490 1319 1559 1346 adeo
1586 1319 1678 1348 facere

888 1363 1059 1398 negligamus
1074 1371 1227 1399 nunquam,
1248 1372 1299 1392 neu
1320 1373 1460 1393 cessemus
1473 1373 1487 1393 a
1500 1366 1675 1401 cogitatione.

889 1413 915 1436 et
940 1416 1033 1437 amore
1059 1411 1152 1438 divino
1173 1419 1205 1438 ac
1228 1412 1351 1446 corporis
1368 1412 1518 1447 dejunctu;
1540 1413 1675 1448 siquidem

890 1457 970 1490 paulo
987 1461 1048 1490 post
1071 1457 1259 1492 dejungemur,
1284 1465 1315 1485 ac
1330 1459 1480 1485 moriemur
1496 1459 1677 1493 quemadmo-

891 1503 954 1528 dum
980 1504 1072 1530 cuncti
1101 1504 1238 1538 majores,
1267 1504 1293 1531 in
1327 1505 1410 1531 alium
1439 1506 1571 1533 mundum
1604 1506 1678 1533 aliud

889 1557 977 1576 :evum
990 1569 997 1580 ,
1018 1550 1100 1576 aliam
1119 1550 1219 1577 abituri
1238 1551 1321 1577 vitam
1334 1571 1342 1583 ,
1360 1551 1544 1584 immensam,
1571 1557 1598 1579 et
1615 1552 1678 1579 inli-

890 1595 985 1622 nitam.
1003 1594 1101 1622 Nostra
1116 1595 1174 1622 haec
1192 1603 1258 1623 sane
1280 1596 1367 1623 instar
1382 1597 1495 1628 somnii,
1517 1597 1680 1632 umbraeque

889 1645 942 1675 est,
962 1649 1023 1676 quae
1046 1641 1151 1677 exiguis
1167 1643 1329 1669 terminetur
1354 1643 1452 1670 annis.
1474 1642 1529 1670 Nec
1553 1644 1674 1677 spatium

890 1694 1094 1721 consequamur
1119 1687 1205 1715 oculis
1233 1688 1364 1722 temporis
1393 1692 1526 1723 quantum
1553 1688 1679 1724 longissi-

890 1740 965 1759 mum
988 1732 1023 1759 ab
1046 1732 1121 1760 orbis
1145 1732 1248 1760 fabrica
1265 1733 1299 1759 ad
1314 1734 1476 1760 saeculorum
1501 1735 1618 1768 pertinet
1632 1734 1680 1762 de.

890 1786 1015 1811 cursum,
1034 1779 1101 1813 quin
1118 1779 1253 1813 cujusque
1273 1780 1369 1813 vitam,
1388 1780 1621 1815 quemadmodum
1644 1780 1678 1808 ad

890 1823 1035 1852 Davidicas
1058 1829 1185 1860 pervecta
1202 1829 1301 1858 metas,
1326 1830 1407 1861 atque
1424 1826 1450 1853 id
1475 1826 1502 1853 in
1523 1827 1678 1861 perpaucis,

891 1871 1004 1898 minime
1032 1871 1148 1899 ulterius
1175 1872 1278 1899 tendat.
1305 1872 1367 1899 Haec
1394 1873 1535 1900 enimvero
1553 1873 1679 1900 arbitrati

891 1923 987 1944 omnes
1001 1917 1112 1945 obivere
1126 1918 1224 1949 sancti,
1243 1919 1293 1946 hac
1307 1927 1365 1953 spe,
1383 1923 1413 1945 ut
1431 1919 1576 1954 Apostolus
1595 1924 1680 1947 testa-

891 1967 946 1994 tur,
963 1963 1106 1991 decessere
1123 1972 1129 1990 :
1148 1964 1209 1991 Non
1227 1965 1341 1999 acceptis
1363 1966 1612 1999 repromissionibus
1633 1966 1679 1993 sed

892 2016 907 2034 a
927 2008 1002 2043 longe
1015 2017 1061 2036 eas
1075 2010 1240 2043 aspicientes,
1257 2015 1281 2037 et
1295 2012 1452 2043 salutantes,
1468 2016 1493 2038 et
1506 2012 1680 2046 conﬁtentes;

891 2055 954 2089 quia
977 2056 1123 2090 peregrini,
1147 2060 1171 2082 et
1187 2056 1302 2090 ltospites
1327 2063 1387 2083 sunt
1409 2065 1488 2091 super
1510 2062 1618 2089 terram,
1634 2058 1680 2093 qui

891 2101 961 2127 enim
976 2101 1030 2127 lucc
1052 2101 1153 2133 dicunt,
1172 2101 1322 2136 signiﬁcant
1346 2110 1372 2128 se
1397 2102 1514 2135 patriam
1536 2103 1678 2138 inquirere.

896 2146 927 2172 Et
944 2147 1071 2181 siquidem
1086 2147 1142 2181 ejus
1162 2147 1341 2174 meminissent
1361 2148 1394 2174 de
1414 2156 1465 2182 qua
1482 2149 1611 2180 exierunt,
1631 2149 1680 2176 ha-

51 2201 113 2221 nam
130 2193 211 2220 aiunt
227 2192 335 2220 Littera:
349 2201 356 2219 :
379 2191 516 2227 Virginem
528 2201 560 2219 ne
570 2197 704 2225 contuere,
721 2201 770 2219 neu
781 2201 840 2218 cum
857 2189 879 2216 D
894 2192 982 2218 berent
1002 2192 1091 2226 utique
1109 2197 1210 2226 tempus
1226 2193 1381 2223 revertendi,
1400 2201 1468 2220 nunc
1485 2198 1573 2220 autem
1589 2195 1681 2221 melio-

49 2238 164 2272 psaltria
193 2245 344 2269 consuesse,
359 2245 391 2264 ne
410 2237 479 2272 forte
493 2237 687 2265 scandalizeris
698 2238 726 2265 in
738 2238 841 2272 suppli-

51 2284 98 2311 ciis
110 2284 172 2317 ejus
188 2283 222 2310 ’⁷.

83 2327 260 2362 Omninoque
285 2335 336 2355 ceu
360 2328 443 2355 Deum
467 2329 598 2356 habentes
618 2334 778 2364 praesentem
811 2337 842 2358 ac

52 2377 143 2401 motus
156 2381 263 2405 omnes,
279 2377 308 2400 et
327 2373 448 2401 actiones
464 2374 598 2408 corporis,
613 2375 752 2409 animique
766 2380 843 2403 tuen-

54 2425 118 2454 tem,
132 2421 174 2448 sic
196 2420 325 2456 degilote,
351 2424 433 2454 atque
453 2421 572 2453 obitote,
596 2429 677 2456 quem
702 2422 728 2449 in
752 2422 841 2450 locum

53 2470 177 2493 secretus
192 2466 311 2500 quisque
331 2469 374 2492 est
394 2465 521 2500 gratulati
538 2470 565 2492 et
580 2466 730 2494 subeundis
746 2467 843 2494 discri-

53 2511 159 2538 minum
176 2510 320 2544 molestiis,
341 2511 389 2545 qui
413 2511 560 2545 repositam
577 2512 756 2546 speculemini
771 2521 843 2540 mer-

53 2557 157 2588 cedem,
173 2548 273 2590 'neque
289 2556 364 2584 enim
388 2556 506 2591 injustas
530 2556 603 2585 Deus
627 2562 669 2585 est
691 2563 720 2586 ut
736 2558 842 2586 facinus

53 2606 174 2629 vestrum
195 2609 228 2629 ac
242 2602 363 2629 laborem
389 2603 423 2630 sit
439 2603 542 2630 oblitus
559 2603 661 2631 amoris
680 2611 761 2638 quem
779 2612 843 2639 erga

55 2653 115 2673 eum
131 2647 226 2674 testati
240 2646 309 2674 estis
323 2654 356 2674 ex
368 2655 424 2682 quo
438 2649 556 2682 primum
571 2649 756 2677 secessionem
776 2649 844 2677 feci-

55 2693 120 2726 stis;
139 2693 187 2728 qui
204 2694 319 2727 mundo,
333 2698 362 2722 et
379 2695 527 2722 mundanis
544 2696 656 2728 relictis,
675 2696 845 2730 parentibus,

56 2737 195 2773 fratribus,
206 2740 303 2775 stirpe,
321 2742 418 2775 patria,
428 2749 528 2777 corpus
540 2743 651 2778 insuper
659 2743 694 2770 ad
707 2748 844 2772 certamen

88 2810 201 2846 ’fiPsal,
213 2818 310 2843 cxvm,
328 2812 390 2846 145,

441 2812 465 2828 ’⁵
493 2812 593 2845 Ιοιειιι,
610 2821 677 2846 xvn,
703 2812 747 2845 16,

58 2844 81 2861 ⁵³
100 2845 184 2873 llebr.
203 2853 242 2877 ιι,
257 2846 301 2873 15.

794 2813 817 2829 ’⁸
847 2812 867 2840 11
883 2812 947 2845 Cor,
971 2821 1020 2844 Ill,
1040 2813 1066 2846 7,
1090 2814 1132 2846 10,

894 2245 949 2264 rem
965 2242 1100 2272 appetunt,
1116 2238 1144 2264 id
1157 2243 1194 2265 est
1206 2238 1345 2266 caelestem.
1363 2238 1427 2265 Ideo
1443 2247 1494 2266 non
1509 2240 1682 2274 confunditur

895 2282 964 2309 Deus
979 2284 1067 2309 uocari
1086 2283 1154 2309 Deus
1177 2291 1286 2315 eorum;
1312 2285 1418 2318 parauit
1442 2285 1512 2311 enim
1535 2286 1592 2312 illis
1618 2287 1682 2313 ciri-

895 2329 1020 2355 latent".
1050 2329 1114 2355 Haec
1141 2329 1207 2356 utbs
1230 2335 1333 2363 nostra,
1360 2330 1416 2357 haec
1442 2331 1530 2365 patria
1554 2335 1608 2362 est,
1637 2331 1681 2358 hic

895 2373 991 2402 Patres
1018 2374 1172 2410 fratnesque
1195 2376 1292 2408 nostri,
1319 2375 1454 2411 spiritales
1493 2385 1524 2404 ac
1546 2379 1681 2406 carnales.

894 2421 954 2448 Jam
985 2421 1051 2456 quid
1085 2421 1302 2456 amplectendam
1335 2429 1417 2457 porro
1449 2423 1520 2451 hanc
1548 2429 1683 2459 tempora-

895 2468 964 2494 riam
992 2468 1075 2494 vitam
1099 2467 1326 2503 ducimus?quid
1350 2469 1378 2495 in
1402 2469 1462 2504 ejus
1489 2470 1580 2497 studio
1602 2470 1682 2505 quasi

895 2513 1060 2548 quibusdam
1093 2514 1177 2541 clavis
1212 2514 1375 2549 deligimur?
1401 2515 1467 2550 quid
1494 2516 1617 2543 irrevulsi
1648 2517 1683 2543 ad

894 2560 999 2587 exitum
1022 2560 1179 2587 luctamur?
1200 2561 1346 2587 Ameutum
1373 2565 1415 2588 est
1437 2562 1509 2588 nolle
1528 2562 1562 2588 ab
1586 2562 1684 2589 exsilio

895 2606 985 2633 redire
999 2605 1123 2638 domum,
1141 2611 1189 2633 aut
1204 2614 1219 2633 e
1236 2607 1309 2634 bello
1329 2607 1356 2634 in
1380 2615 1474 2642 pacem
1492 2608 1610 2635 restitui.
1629 2608 1684 2636 Nos

896 2652 1020 2686 quidem,
1040 2652 1196 2679 charissimi
1213 2652 1313 2680 fratres
1338 2660 1388 2680 ceu
1410 2653 1570 2688 prudentes,
1594 2659 1622 2681 et
1637 2655 1684 2689 qui

895 2697 1078 2725 secessionem
1095 2702 1175 2732 eapte
1199 2706 1282 2725 causa
1308 2699 1466 2732 fecerimus,
1483 2700 1586 2726 mundo
1604 2707 1684 2726 mun-

897 2744 1032 2778 danisque
1052 2744 1165 2776 relictis,
1184 2744 1225 2772 vel
1251 2746 1333 2772 vitam
1357 2746 1561 2774 meditationem
1588 2753 1685 2780 quam-

1190 2814 1212 2830 ”
1230 2814 1283 2841 Jos.
1315 2823 1335 2847 ι,
1349 2816 1376 2847 ις,
1420 2816 1442 2832 ³⁷
1458 2815 1547 2843 Eccle.
1565 2823 1603 2850 ix,
1621 2815 1648 2843 5.
