1921 3073
235 127 285 161 611

833 123 863 153 S.
876 118 1074 152 THEODORI
1095 116 1269 149 STUDIT/li

1813 110 1864 142 612

237 183 301 210 dam
320 181 412 209 obitus
426 184 601 215 praestemus,
625 186 680 215 qua
703 176 882 206 meditatione
902 180 1027 203 cunctam
1042 176 1066 206 Δ
1078 180 1129 209 per
1141 171 1281 199 Christum
1297 169 1389 197 Jesnm
1403 167 1548 196 Dominum
1563 171 1706 199 nostrum;
1720 165 1764 193 cui
1779 165 1865 200 gloria

237 228 381 263 exigamus
406 226 561 257 libidinem,
589 225 742 260 segnitiem,
767 228 917 258 torporem,
948 222 1026 256 igna-

239 274 325 305 viam,
340 273 530 303 vitiositatem,
548 278 604 305 quo
619 270 659 298 sic
676 270 732 297 Deo
746 274 858 304 accepta
882 268 1025 299 facientes,

239 320 312 347 bona
328 319 497 346 erciscamur
513 321 625 349 aeterna,
643 323 692 350 per
705 315 845 343 Christum
862 313 957 341 Jesum
973 313 1027 340 Do-

239 364 345 391 minum
375 368 499 390 nostrum
520 370 528 389 :
560 361 604 389 cui
632 360 717 396 gloria
743 365 771 387 et
796 359 940 394 imperium
964 365 1027 386 cum

240 410 331 441 Patre,
362 417 395 437 ac
423 413 519 437 sancto
549 406 664 442 Spiritu,
690 413 773 439 nunc,
800 410 828 433 et
854 411 972 439 semper,
999 403 1027 430 in

241 463 405 490 omnemque
416 454 637 490 perpetuitatem.
654 453 751 479 Amen.

501 498 617 526 SERMO
637 497 768 526 LXXVII.

242 547 281 576 De
305 556 377 580 vera,
408 554 440 573 ac
466 543 770 580 genuinaiobedientia,
796 546 820 569 et
848 541 1027 576 confessions,

426 581 566 615 studioque
582 579 628 606 Dei
642 582 841 613 praceptorum.

278 629 387 656 Fratres
415 626 579 660 Patresque,
607 624 682 651 aliud
707 627 830 650 vestrum
856 621 966 650 carnale
987 625 1036 648 est

241 673 424 704 demensum;
451 670 524 697 aliud
548 668 692 704 spiritale,
720 667 786 694 illud
816 670 969 702 porrectum
995 665 1029 692 ab

242 724 399 748 tecouomo,
417 717 445 742 in
459 714 539 746 cibis,
556 718 632 748 potu,
650 712 822 740 vestimentis
839 712 957 738 locatum
977 710 1030 737 hoc

243 771 259 790 a
276 770 318 790 me
335 761 426 794 nauci,
443 760 470 787 in
485 766 623 791 sermone,
638 758 818 792 doctrinaque
832 757 926 784 situm.
941 756 1030 790 Atque

243 812 274 835 ut
290 807 356 834 illud
364 804 522 833 necessario
536 803 671 838 praebetur
682 823 690 836 ,
706 803 743 830 ita
755 803 806 830 hoc
818 801 976 829 necessario
983 802 1031 827 de-

1077 223 1105 246 et
1121 217 1268 253 imperium
1288 223 1352 244 cum
1366 215 1458 247 Patre,
1481 221 1514 241 ac
1534 216 1632 240 sancto
1656 211 1771 247 Spiritu,
1793 217 1868 238 nunc

1077 268 1105 291 et
1117 270 1235 298 semper,
1252 262 1278 289 in
1295 267 1462 294 omnemque
1476 258 1696 293 perpetuitatem.
1714 256 1816 284 Amen.

1333 305 1449 334 SERMO
1466 303 1611 332 LXXVIII.

1208 354 1247 381 De
1265 353 1404 380 audiendis
1422 351 1490 378 serio
1508 350 1592 378 sacris
1612 348 1735 376 Litteris.

1115 401 1224 428 Fratres
1262 399 1421 432 Patresque,
1444 404 1540 424 omnes
1558 395 1685 422 homines
1705 401 1767 421 cum
1785 401 1871 421 aures

1080 448 1213 475 habemus
1240 445 1400 478 oculosque,
1414 447 1470 470 tum
1487 442 1602 469 minime
1614 448 1711 469 omnes
1727 439 1870 470 audimus.

1078 501 1110 521 ac
1125 492 1260 524 videmus,
1281 498 1332 517 nec
1357 489 1411 516 nisi
1432 489 1515 516 auriti
1545 492 1573 515 et
1589 487 1769 522 perspicaces.
1798 485 1872 519 Ergo

1078 539 1117 565 ait
1130 537 1262 565 Dominus
1272 536 1299 563 iu
1311 535 1468 570 Evangelio,
1478 533 1531 566 Qui
1544 533 1622 560 liabet
1637 539 1714 558 aures
1728 531 1871 561 audiendi,

1078 584 1172 610 audiat
1183 583 1223 615 “;
1241 590 1273 609 ac
1289 582 1323 609 de
1346 579 1588 614 inobsequentibus
1602 583 1678 605 vates
1693 585 1700 604 :
1719 574 1796 603 Diadit
1815 576 1872 602 illis

1080 629 1150 656 Deus
1162 629 1285 662 spiritum
1301 626 1524 660 compunctionis,
1541 624 1629 651 oculos
1645 628 1674 650 ut
1690 631 1742 649 non
1752 622 1872 652 rideant,

1079 679 1104 702 et
1119 682 1195 701 aures
1210 679 1238 700 ut
1257 681 1309 700 non
1325 671 1437 698 audiant
1447 670 1481 696 ³¹.
1497 669 1681 702 Quamobrem
1695 674 1811 695 necesse
1829 671 1875 694 est

1079 728 1140 756 qute
1157 720 1282 753 legantur
1301 718 1385 750 serio,
1406 723 1460 744 non
1476 715 1571 743 leviter
1604 719 1632 742 et
1653 714 1741 740 obiter
1761 713 1874 744 audire,

1079 774 1115 793 ne
1132 766 1160 793 in
1175 765 1264 792 minas
1282 764 1448 795 incidamus,
1470 762 1518 789 sed
1539 761 1591 788 hoc
1612 766 1779 794 usurpemus
1799 758 1875 785 seri-

1080 817 1175 848 ptum:
1191 811 1342 844 Disciplina
1356 808 1463 836 Domini
1479 807 1562 841 aperit
1572 806 1636 833 mihi
1649 812 1726 832 aures
1737 804 1770 830 ".
1786 803 1876 838 Equi-

245 853 325 881 belur
344 858 454 886 quoque
463 854 493 877 ut
501 849 674 876 nihilfaciam
684 849 880 883 maguum,qui
891 846 1031 874 ltaecvobis
1047 848 1070 876 Β
1081 846 1146 886 'dem
1165 857 1214 893 qui
1232 857 1274 884 sic
1289 855 1393 888 audiat,
1413 854 1528 885 iuaudil’
1548 851 1751 886 compungam,
1769 855 1876 884 purga-

244 902 383 934 segmenta
403 904 436 924 ac
448 896 637 924 mendicabula
645 894 779 922 disseram
792 902 823 921 ve
831 893 954 926 rborlm,
964 893 1030 928 quin

244 949 360 972 tremam
371 947 399 970 et
413 942 569 974 extitueam,
586 948 635 969 ceu
650 941 783 968 rationem
793 941 908 967 daturus
923 940 1031 967 animo-

245 999 306 1020 rum
319 995 474 1018 vestrorum
493 995 547 1015 non
571 987 638 1022 regi,
668 986 778 1021 praesidi
799 985 968 1020 imperatori,
983 984 1031 1012 sed

244 1037 366 1064 omnittm
380 1034 483 1070 judici,
507 1039 588 1067 atque
608 1031 674 1064 Deo,
703 1032 749 1058 cui
775 1030 1033 1066 congenuculabunt

244 1082 377 1113 universi,
384 1081 520 1112 caelestes,
532 1078 684 1113 terrigenae,
693 1077 863 1104 subterranei
873 1083 1032 1111 cunctaeque

244 1128 340 1156 laudes
366 1131 496 1162 peragent
511 1126 621 1161 linguae,
647 1132 701 1160 qua
719 1124 747 1151 in
761 1124 928 1158 cogitatione
949 1130 1032 1158 pave-

245 1177 326 1202 scant
346 1172 466 1200 illustres
488 1171 555 1202 vita,
574 1177 607 1197 ac
621 1176 748 1197 sermone
763 1169 852 1196 sancti
868 1168 968 1196 nedum
983 1168 1033 1194 in-

245 1219 312 1247 felix
325 1225 386 1253 ego.
405 1217 505 1245 Verum
520 1216 692 1251 opitulamiui
708 1215 834 1246 obsecro,
852 1213 928 1241 vobis
941 1214 1029 1248 juxta,

247 1265 381 1300 mihique,
407 1268 438 1291 ut
454 1266 580 1290 amantes
607 1261 734 1294 fratrum,
759 1261 869 1288 virtutis
893 1260 1033 1287 iunctione

248 1312 336 1345 vobis,
361 1310 488 1346 precibus
506 1308 573 1336 mihi
590 1308 641 1335 etsi
657 1315 717 1335 mea
738 1312 780 1335 est
801 1311 892 1334 vestra
914 1305 1031 1337 functio,

247 1363 331 1392 atque
357 1365 373 1393 e
397 1354 547 1387 contrario,
572 1358 750 1389 posteaquam
774 1359 875 1388 corpus
898 1358 982 1378 unum
1001 1358 1033 1378 ac

248 1403 368 1432 membra
397 1408 494 1429 sumus
519 1399 659 1431 vicissim,
694 1403 719 1426 et
745 1399 797 1426 sive
821 1398 922 1432 patitur
952 1405 1032 1424 unum

248 1450 412 1480 membrum,
431 1447 471 1474 ait
496 1445 561 1479 ille,
587 1444 785 1480 compatiuntur
809 1443 899 1470 omnia
916 1442 1032 1469 membra

247 1495 301 1522 sive
316 1493 447 1529 gloriatur
468 1500 549 1520 unum
574 1492 729 1523 membrum,
755 1490 919 1525 congaudent
942 1489 1031 1516 omnia

248 1540 406 1568 membra“.
432 1540 463 1567 Et
490 1546 541 1574 par
563 1543 606 1566 est
629 1545 714 1571 sane;
745 1542 776 1564 ut
801 1542 953 1564 vestrarum
982 1543 1032 1571 ego

248 1594 340 1615 rerum
356 1590 460 1620 satago,
478 1585 519 1613 sic
540 1592 589 1613 vos
605 1591 726 1612 mearum
741 1587 865 1617 satagere
879 1592 887 1616 ;
906 1589 968 1609 nam
982 1588 1034 1616 ego

248 1633 276 1660 in
292 1633 386 1664 vobis,
404 1639 437 1659 ac
451 1639 500 1660 vos
516 1631 543 1658 in
563 1638 608 1658 me
620 1631 698 1662 estis,
711 1637 760 1665 pro
782 1629 875 1657 studio
889 1633 917 1656 et
930 1635 1033 1660 amore,

248 1687 336 1714 eaque
364 1686 461 1706 norma
493 1685 562 1705 verte
597 1676 725 1704 fraternae
756 1675 912 1710 reipublicae
946 1679 1035 1703 coetus

249 1724 427 1753 describitur.
451 1723 524 1759 Ergo
550 1722 735 1750 obedientiam
759 1722 828 1748 mihi
854 1726 971 1748 vestram
994 1721 1036 1748 in-

249 1771 355 1807 signem
377 1770 523 1805 genuinam
549 1773 656 1796 servate
680 1769 755 1803 (uou
779 1767 853 1795 illam
870 1767 1035 1802 caupouaria

249 1817 322 1853 fide)
341 1817 367 1844 in
386 1824 440 1850 qua
458 1815 524 1848 uati,
550 1815 652 1846 educti,
675 1813 760 1842 adulti
783 1814 830 1840 Dei
855 1813 986 1840 beneficio
1001 1813 1035 1840 ad

249 1862 434 1891 confessionis
454 1862 552 1889 divina:
574 1860 682 1888 culmen
699 1859 837 1891 evasistis,
853 1859 949 1894 primis
969 1859 1036 1886 alte-

249 1909 344 1943 risque
359 1907 489 1942 periculis
504 1905 638 1936 defuncti.
653 1913 708 1933 non
728 1913 806 1940 reges
820 1905 961 1937 timuistis,
980 1913 1034 1932 non

249 1955 426 1990 magistratus
441 1952 591 1987 expavistis
615 1951 650 1978 ad
677 1951 838 1984 certamina,
861 1951 964 1986 plagas,
989 1958 1036 1978 ex-

249 2001 329 2033 silia,
355 1999 517 2034 compedes,
540 1998 676 2033 supplicia
691 1996 825 2033 expediti,
850 1998 1035 2025 celebritatem

250 2046 406 2083 peperistis,
424 2050 454 2073 ut
467 2045 596 2073 omnibus
609 2049 781 2080 perspectum
794 2048 846 2076 est,
859 2044 1036 2079 quamobrem

249 2101 284 2121 ne
300 2092 473 2123 committite,
490 2091 601 2123 fratres,
623 2094 654 2118 ut
678 2091 750 2118 hanc
770 2095 889 2118 vestram
908 2090 1035 2118 virtutem

249 2138 384 2174 prodatis,
405 2145 457 2165 neu
474 2136 615 2164 infamiam
637 2136 731 2172 gloriae
745 2136 885 2170 quaeratis,
909 2143 961 2163 neu
978 2137 1036 2163 exi-

1082 910 1138 936 tur,
1160 904 1323 934 illustratur,
1345 906 1419 933 ovat,
1440 899 1569 931 exsultat,
1591 902 1622 925 ut
1637 896 1690 924 fert
1706 895 1872 922 Davidicum

1082 957 1194 978 carmen
1207 958 1214 975 :
1229 948 1381 980 Exsultate,
1399 946 1474 979 iusti,
1489 946 1517 972 in
1533 944 1645 972 Domino
1654 943 1687 975 ³³,
1701 946 1801 969 cuncta
1813 940 1877 967 haec

1083 995 1209 1023 umbram
1231 994 1350 1022 aestimat
1377 992 1512 1027 fugacem,
1532 990 1681 1024 omniaque
1696 995 1746 1023 pro
1765 991 1877 1014 sterco«

1083 1042 1160 1069 ribus
1174 1040 1260 1072 ducit,
1273 1047 1328 1075 quo
1338 1039 1479 1067 Christum
1492 1038 1625 1068 lucretur,
1641 1033 1757 1068 exempli
1770 1032 1875 1068 gratia,

1082 1088 1160 1115 audit
1174 1087 1324 1122 discipulos
1339 1086 1523 1120 alloquentem
1544 1091 1551 1110 :
1570 1082 1633 1109 Non
1652 1081 1802 1115 relinquam
1828 1086 1876 1105 vos

1082 1134 1225 1169 orpltanos,
1249 1133 1352 1160 ueniant
1373 1131 1408 1158 ad
1430 1139 1474 1157 vos
1490 1129 1635 1160 modicum,
1649 1132 1674 1154 et
1696 1125 1812 1153 mundus
1833 1132 1877 1150 me

1078 1180 1138 1214 jam
1158 1187 1209 1206 non
1224 1179 1313 1210 uidet;
1333 1185 1377 1204 eos
1391 1181 1481 1203 autem
1499 1174 1595 1202 videtis
1613 1181 1654 1200 me
1670 1172 1735 1208 quia
1747 1179 1795 1206 ego
1817 1170 1876 1197 vit-0

1082 1231 1106 1253 et
1129 1234 1172 1252 vos
1190 1225 1331 1257 vinetis“;
1348 1228 1374 1250 et
1394 1229 1527 1250 rursum:
1548 1220 1604 1256 Ego
1629 1227 1688 1247 sum
1712 1218 1776 1246 uilis
1798 1225 1877 1247 vera,

1083 1280 1126 1299 vos
1139 1271 1262 1306 palmites
1272 1270 1305 1296 ³⁵.
1323 1269 1479 1303 lterumque
1493 1276 1500 1294 :
1526 1265 1577 1293 Vos
1595 1265 1675 1292 amici
1689 1264 1739 1291 mei
1755 1263 1833 1295 estis,
1851 1262 1878 1289 si

1083 1318 1199 1353 feceritis
1211 1324 1370 1352 quacunque
1382 1323 1428 1350 ego
1439 1313 1565 1349 praecipio
1580 1312 1662 1341 vobis.

1118 1363 1180 1390 Jam
1194 1371 1245 1390 non
1259 1363 1318 1390 dico
1333 1370 1378 1389 vos
1396 1369 1495 1393 servos,
1510 1360 1574 1395 quia
1596 1365 1686 1386 servus
1702 1357 1784 1384 nescit
1807 1355 1875 1391 quid

1084 1409 1163 1444 faciet
1188 1409 1309 1435 dominus
1325 1408 1401 1441 ejus;
1420 1414 1464 1433 vos
1480 1409 1567 1432 autent
1586 1404 1645 1431 dixi
1672 1403 1783 1434 amicos,
1808 1402 1876 1436 quia

1083 1455 1172 1482 omnia
1186 1461 1345 1488 quwcunque
1359 1451 1448 1478 audiui
1460 1460 1476 1478 a
1499 1450 1581 1477 Patre
1594 1457 1651 1476 meo
1673 1452 1736 1475 nota
1750 1447 1804 1482 feci
1826 1455 1876 1474 vo-

1048 1514 1069 1544 c
1086 1501 1126 1528 bis
1140 1501 1172 1527 “.
1195 1499 1228 1526 Et
1244 1499 1328 1526 alibi:
1353 1497 1402 1525 Vos
1430 1498 1493 1524 estis
1511 1496 1555 1531 qui
1568 1495 1752 1530 permansistis
1769 1502 1876 1521 mecum

1085 1548 1112 1574 in
1130 1547 1317 1574 tentationibus
1333 1544 1408 1575 meis,
1421 1548 1445 1570 et
1461 1551 1507 1578 ego
1522 1543 1631 1577 dispono
1643 1541 1713 1568 vobis
1729 1545 1878 1567 testamen-

1086 1597 1140 1619 tum
1155 1596 1292 1622 (etemum,
1308 1595 1337 1616 ut
1354 1589 1452 1621 edatis,
1469 1595 1494 1615 et
1506 1588 1602 1614 bibatis
1618 1588 1644 1613 in
1655 1592 1781 1614 teternum
1793 1593 1878 1619 super

1086 1645 1202 1664 mensam
1218 1644 1302 1663 meam
1322 1636 1349 1662 in
1371 1642 1449 1669 regno
1469 1642 1525 1660 meo
1535 1634 1568 1666 ³⁷,
1584 1633 1651 1666 haec,
1669 1632 1779 1667 aliaque
1793 1631 1877 1659 simi—

1085 1683 1120 1711 lia
1134 1683 1179 1710 Dci
1194 1682 1307 1710 audiens
1325 1681 1474 1711 studiosus,
1496 1687 1550 1707 non
1572 1680 1679 1707 laetatur
1694 1678 1786 1711 modo,
1803 1678 1877 1712 quin

1086 1729 1155 1756 mori
1172 1729 1282 1755 Christo
1296 1727 1420 1762 quotidie
1435 1726 1557 1752 animum
1570 1724 1685 1751 inducit.
1700 1722 1772 1750 Sane
1785 1722 1813 1749 id
1830 1723 1878 1749 in-

1085 1775 1208 1802 stitutum
1226 1772 1317 1800 cuncti
1345 1772 1430 1799 iniere
1445 1770 1531 1799 sancti
1561 1774 1588 1796 et
1607 1769 1651 1796 his
1678 1768 1777 1795 studiis
1792 1769 1878 1802 quasi

1085 1820 1202 1854 quodam
1211 1818 1311 1846 celebri
1325 1818 1461 1852 triumpho
1466 1824 1546 1844 suum
1553 1815 1599 1843 Dei
1606 1814 1772 1842 desiderium
1779 1819 1879 1841 osten-

1086 1868 1188 1896 tarunt,
1206 1864 1306 1899 quippe
1321 1863 1360 1890 ait
1369 1862 1506 1890 Jeremias
1520 1870 1526 1887 :
1542 1860 1604 1888 Non
1619 1869 1677 1887 sum
1694 1865 1719 1887 te
1744 1861 1879 1895 sequendo

1089 1911 1218 1946 defessus,
1235 1915 1260 1936 et
1276 1909 1346 1936 diem
1370 1908 1482 1935 hominis
1507 1915 1559 1934 non
1572 1907 1721 1934 desideravi
1729 1906 1764 1934 ³⁸.
1788 1906 1879 1934 David

1086 1965 1214 1992 quoque:
1236 1956 1306 1989 Quid
1324 1955 1467 1982 retribuam
1477 1953 1592 1980 Domino
1607 1961 1654 1988 pro
1669 1954 1792 1980 omnibus
1817 1961 1880 1988 qua:

1087 2003 1209 2029 retribuit
1222 2002 1287 2028 mihi
1300 2002 1312 2028 ί)
1327 2001 1436 2028 calicem
1450 2000 1577 2028 salutaris
1591 2001 1730 2034 accipiam,
1744 2005 1769 2027 et
1782 2008 1879 2027 norum

1087 2048 1197 2076 Domini
1227 2048 1356 2075 invocabo
1367 2047 1400 2075 ".
1428 2047 1552 2082 Apostoli
1571 2055 1637 2074 vero
1657 2047 1716 2075 haec
1739 2047 1878 2074 sententia

1087 2099 1129 2123 est
1142 2103 1148 2121 :
1168 2093 1252 2121 Nobis
1262 2094 1389 2121 donatum
1403 2098 1441 2121 est
1455 2103 1472 2121 α
1486 2093 1550 2126 Deo,
1564 2101 1612 2128 pro
1628 2093 1746 2125 Christo,
1762 2101 1816 2120 non
1835 2101 1879 2119 so-

1087 2141 1142 2168 lum
1159 2145 1187 2167 ut
1200 2140 1227 2167 in
1244 2148 1304 2167 eum
1317 2140 1467 2172 credamus,
1488 2140 1533 2167 sed
1548 2144 1577 2166 ut
1595 2140 1676 2166 etiam
1690 2147 1738 2174 pro
1765 2139 1814 2166 illo
1829 2146 1879 2173 pa-

250 2185 336 2212 mium
353 2191 454 2211 nomen
471 2183 499 2209 in
515 2181 618 2210 fmdum
633 2181 798 2209 vocabulum
822 2182 945 2214 vertatis,
970 2182 1034 2216 quin
1049 2184 1074 2214 ι)
1088 2187 1187 2214 (tamur
1202 2186 1234 2213 ιο,
1255 2185 1310 2214 Nec
1331 2186 1456 2221 Αροειοιί
1479 2194 1578 2214 secus:
1614 2185 1761 2219 verberati,
1775 2186 1878 2222 inquit,

251 2230 440 2266 superioribus
462 2229 604 2263 sequentia
625 2229 731 2263 egregie
751 2228 940 2263 superstruite,
956 2227 1037 2255 undi-

251 2283 362 2312 quaque
374 2274 490 2307 muniti;
514 2274 598 2306 intus,
616 2278 748 2308 extraque
763 2273 864 2300 divinis
885 2273 949 2300 tecti
969 2281 1037 2308 prte-

251 2324 349 2358 oeptis,
362 2321 538 2349 tentationem
554 2327 664 2347 omnem
687 2324 713 2348 et
723 2327 873 2347 aerumnam
886 2319 1036 2352 vincentes,

253 2373 334 2404 atque
350 2371 521 2403 superantes,
546 2366 612 2394 certi
628 2366 680 2394 hoc
698 2373 807 2401 quoque
824 2366 914 2393 adhuc
934 2373 985 2393 nos
1010 2365 1038 2392 iu

256 2415 328 2447 acie,
348 2421 381 2441 ac
395 2413 525 2449 periculis
546 2412 661 2445 versari,
682 2411 791 2447 ignaros
805 2412 870 2446 quid
887 2419 950 2440 cras
966 2411 1038 2447 pari-

253 2466 346 2488 turum
360 2459 406 2488 sit.
424 2460 587 2494 Quanquam
606 2459 629 2486 si
648 2466 697 2493 pro
712 2458 792 2486 nobis
815 2459 887 2486 Deus
902 2463 954 2492 est,
976 2459 1039 2493 quis

253 2510 351 2534 contra
366 2505 436 2533 nos?
451 2505 498 2540 qui
512 2504 582 2531 Filio
595 2512 648 2532 non
662 2505 793 2539 pepercit,
812 2504 875 2539 quin
896 2512 945 2539 pro
960 2504 1040 2532 nobis

253 2552 382 2580 omnibus
403 2551 583 2586 praeberetur,
607 2551 713 2578 scilicet
734 2559 787 2578 non
810 2558 871 2578 cum
894 2558 927 2578 eo
941 2555 1040 2578 cuncta

255 2596 410 2632 largiatur?
430 2596 471 2624 sic
490 2601 619 2630 sperate,
642 2595 682 2623 sic
703 2595 845 2630 praefidite.
870 2595 962 2630 anue
981 2603 1039 2630 spe,

255 2648 282 2671 et
299 2643 398 2670 fiducia
425 2642 554 2678 grassati,
580 2641 648 2668 nihil
672 2641 768 2668 dubito
793 2641 859 2676 quin
883 2646 1040 2669 sanctorum

255 2690 283 2717 iu
298 2689 404 2717 cmlesti
417 2696 503 2724 regno
517 2688 674 2716 eoltaeredes
689 2687 761 2720 sitis,
778 2694 811 2715 ac
821 2687 942 2722 partiarii
957 2687 1041 2716 futuri

1087 2233 1247 2268 gaudebant,
1264 2233 1390 2267 quoniam
1409 2233 1483 2267 digni
1499 2232 1583 2259 habiti
1606 2237 1668 2259 sunt
1699 2240 1748 2267 pro
1772 2234 1880 2261 nomine

1087 2278 1187 2306 Christi
1210 2278 1397 2305 contumeliam
1420 2278 1522 2312 pati“.
1551 2278 1675 2305 Breiter
1702 2278 1737 2305 iis
1762 2279 1878 2306 vocibus

1089 2332 1184 2353 omnes
1198 2332 1276 2352 suum
1302 2324 1403 2352 Christi
1431 2324 1551 2352 studiqu
1570 2325 1771 2352 demonstrant.
1794 2324 1880 2360 Igitur

1087 2371 1240 2403 audiamus,
1256 2370 1364 2403 fratres,
1379 2378 1430 2398 nos
1444 2378 1554 2406 quoque
1573 2379 1634 2406 quae.
1646 2371 1775 2398 dicantur
1785 2376 1878 2404 acuta,

1087 2420 1114 2443 et
1133 2416 1276 2443 amabilem
1294 2415 1378 2443 Deum
1393 2416 1494 2449 studio,
1509 2424 1541 2444 ac
1558 2423 1651 2443 amore
1664 2423 1878 2450 prosequamur,

1088 2462 1197 2489 assidue
1211 2469 1260 2497 pro
1270 2463 1377 2490 cunctis
1386 2470 1447 2498 quae
1461 2462 1487 2489 in
1503 2470 1553 2490 nos
1562 2462 1677 2490 contulit
1691 2461 1772 2490 bouis
1784 2467 1879 2498 gratu—

1089 2507 1185 2541 iantes,
1194 2515 1263 2543 quos
1280 2508 1307 2535 in
1318 2509 1414 2543 primis
1431 2508 1465 2536 ad
1483 2508 1596 2536 salutem
1609 2508 1775 2544 delegeritiu
1789 2517 1882 2536 mona-

1091 2554 1153 2581 stici
1164 2554 1342 2581 sanctimonia
1350 2554 1419 2588 voti,
1426 2558 1483 2581 tum
1493 2559 1583 2581 autem
1592 2554 1744 2582 orthodoxa
1752 2555 1804 2582 ﬁde
1811 2563 1882 2590 prte-

1091 2600 1174 2632 ditos,
1188 2606 1238 2626 nec
1249 2599 1418 2634 palubundos
1429 2600 1518 2627 colere
1531 2607 1572 2633 se,
1581 2604 1663 2634 atque
1677 2601 1803 2628 venerari
1812 2608 1882 2629 cou-

1091 2646 1289 2679 cesserit;uam
1300 2651 1367 2681 quot
1378 2645 1484 2678 fraude,
1496 2646 1651 2681 astutiaque
1659 2646 1818 2674 mortalium
1830 2648 1883 2675 im-

1091 2691 1161 2726 pulsi
1177 2696 1242 2719 sunt
1254 2692 1282 2719 in
1290 2699 1422 2724 errorem,
1435 2699 1467 2719 ac
1482 2691 1536 2720 fuci
1551 2692 1746 2728 plausibilitate
1756 2692 1884 2728 decepti?

291 2746 312 2782 ’ξ
334 2745 341 2771 |
359 2744 422 2772 Cor.
444 2751 494 2782 sit,
586 2744 619 2782 _'°
639 2743 857 2782 lllatth.__xm_,_Q.
871 2779 875 2782 _
887 2745 916 2782 A“
928 2745 1011 2782 Item.
1030 2755 1033 2774 ξ

1086 2747 1122 2782 8;
1145 2749 1196 2776 lsa.
1212 2756 1250 2781 vt,
1271 2749 1298 2780 9,
1320 2749 1364 2776 to.
1403 2749 1426 2764 ³³
1443 2749 1494 2776 lsa.
1513 2757 1538 2781 L,
1557 2749 1584 2776 5.
1623 2749 1645 2765 "
1657 2749 1729 2777 Psal.
1749 2757 1837 2780 xxsu,
1855 2750 1877 2775 Ι.

254 2780 278 2796 ³⁵
296 2780 374 2808 loan.
390 2787 445 2809 xw.
465 2779 506 2806 l8.
545 2779 566 2795 "
580 2778 659 2806 Joan.
677 2787 721 2809 xv.
737 2780 763 2808 5.
801 2780 824 2796 '°
840 2779 906 2807 Ibid.
926 2781 966 2807 l5.

255 2815 298 2846 ’.2,
313 2816 354 2844 l3.
391 2816 413 2831 ⁸⁸
425 2814 542 2850 Philipp.
559 2822 579 2848 1,
594 2814 638 2842 29.
685 2814 706 2831 “
720 2815 780 2846 Act.
798 2823 824 2848 ν,
841 2815 884 2842 Μ.

1023 2782 1045 2798 ³⁷
1064 2782 1131 2811 Luc.
1150 2791 1218 2818 xxu,
1239 2784 1285 2811 28.

1338 2784 1360 2802 ³⁸
1375 2783 1475 2812 Jercm.
1497 2792 1565 2817 xvu,
1587 2784 1629 2811 16.
1689 2784 1711 2800 ⁸³
1725 2783 1800 2812 Psal.
1817 2791 1880 2813 cur,
