1921 3073
53 109 101 142 013

642 106 844 139 SERMONES
862 106 1122 137 CATECUETICI.

1636 107 1690 142 614

51 177 116 206 quot
126 167 201 198 fame
208 169 385 201 alllictantur,
394 174 448 195 non
458 166 548 203 panis,
559 169 607 193 aut
620 173 699 201 aquae
709 166 765 198 siti,
775 165 842 200 quin
857 169 881 198 Α
894 165 1047 192 secundum
1061 164 1127 192 illud
1142 185 1149 197 ,
1167 164 1223 200 Ego
1236 164 1317 192 dixi:
1333 165 1378 192 Dii
1392 166 1465 199 estis,
1481 171 1505 193 et
1518 167 1570 202 ﬁlii
1584 167 1692 196 Επειεί

51 217 123 245 verbi
132 215 261 244 audiendi
271 213 366 246 divini,
380 212 610 248 quemadmodum
620 210 751 245 scriptum
760 214 802 237 est
808 210 844 237 ιη

50 263 133 291 Nobis
143 262 268 297 quidem.
283 267 332 288 ceu
349 259 463 294 opipara
479 256 603 292 quaedam
616 256 843 291 mensa,praebita

51 313 208 337 sanctorum
232 306 356 334 doctrina
379 309 430 338 est,
447 304 500 331 alio
516 303 580 330 hinc
593 310 747 330 sermonem
763 302 843 337 quasi

51 354 182 390 quasdam
194 352 340 380 condiente
360 349 501 386 cupedias,
516 349 580 376 inde
588 349 642 376 alio
652 348 841 379 velutaurum,

51 401 138 427 divina
149 399 279 426 moliente
292 397 383 429 verba,
397 404 430 424 ac
442 395 514 424 serio
523 395 593 425 aliis.
605 394 721 429 aliisque
735 393 843 426 hinc,et

52 446 109 473 inde
126 444 360 472 acclamationum
386 442 499 470 delicias
535 441 780 476 comparantibus:
812 443 842 466 ut

51 500 101 518 non
117 491 167 518 abs
184 497 214 517 re
228 497 309 524 porro
325 496 387 516 cum
397 488 528 523 Apostolo
538 488 692 515 dixerimus
705 497 711 514 ;
728 485 758 513 Si
772 487 841 512 Dens

50 545 94 571 pro
108 536 195 569 nobis,
214 535 272 570 quis
290 538 381 560 contra
396 541 442 559 nos
458 535 470 560 Ρ
484 533 545 568 quia
571 533 678 567 proprio
703 531 772 557 Filio
790 538 840 556 non

50 583 171 616 pepercit,
191 582 237 608 sed
263 588 310 614 pro
323 580 442 606 onmibus
460 578 573 604 tradidit
598 577 685 608 illum,
710 576 840 610 quomodo

50 637 97 655 non
104 629 187 655 etiam
200 635 260 653 cum
275 626 322 652 illo
337 625 425 651 omnia
438 624 511 650 nobis
529 623 660 650 donabit?
678 622 744 654 Quis
760 628 840 647 accu-

49 673 114 701 sabit
130 673 260 699 adversus
271 671 367 698 electas
385 670 432 696 Dei
446 671 457 697 ἑ)
471 670 538 696 Deus
550 669 595 704 qui
613 668 759 702 justiﬁcat,
780 666 839 701 quis

48 724 84 747 est
96 720 143 754 qui
167 719 322 745 condemnet
337 718 349 742 2’
368 716 491 742 Christus
503 715 547 749 qui
571 718 693 740 mortuus
707 717 756 742 ext.
787 714 839 737 imo

49 765 128 801 quiet
142 763 289 791 resurrexit
304 771 320 789 a
337 762 459 793 mortuis,
474 761 519 794 qui
537 765 561 787 et
587 764 625 786 est
643 759 677 785 ad
703 758 839 784 dexteram

49 811 104 842 Dei,
118 811 165 845 qui
173 810 255 836 etiam
264 807 413 842 interpellat
423 815 471 842 pro
481 804 732 837 nobis“',vide|icet
753 802 838 830 Deum

896 218 985 237 omnes
1000 210 1034 237 ".
1053 210 1150 245 Ecqnze
1163 215 1204 238 est
1218 215 1310 238 autem
1328 211 1371 238 vis
1385 211 1496 239 virtutis
1514 214 1609 241 mundi
1623 222 1690 249 pro-

896 256 1010 291 pudiutn
1031 264 1164 291 amorque
1181 257 1302 284 divinus.
1320 256 1404 284 Nemo
1421 257 1493 284 enim
1507 263 1611 292 potest,
1631 260 1689 293 ait,

895 301 996 328 duobus
1018 301 1133 329 dominis
1154 303 1270 335 servire,
1292 310 1345 329 non
1369 304 1479 336 potestis
1508 304 1563 331 Deo
1593 306 1690 334 servire

895 352 920 374 et
931 356 1089 374 mammona
1103 348 1135 375 “.
1159 347 1219 375 Non
1232 349 1327 376 virtuti
1339 369 1348 381 .
1362 354 1389 376 et
1403 349 1538 377 inharere
1552 351 1619 378 vitio
1638 359 1689 386 po-

895 394 992 428 testis},
1009 401 1072 421 nam
1085 394 1140 421 luci
1152 402 1213 422 cum
1228 395 1350 423 tenebris
1365 397 1526 423 communio
1543 398 1617 424 nulla
1634 403 1687 426 est.

895 439 953 466 Jam
971 440 1040 467 levia
1057 444 1122 467 sunt
1137 439 1185 467 Dei
1208 446 1362 476 praecepta;
1380 448 1463 476 grave.
1476 461 1483 474 ,
1498 449 1530 469 ac
1545 442 1621 470 nefas
1641 451 1690 478 po-

895 483 965 512 tins',
987 483 1091 510 insulse
1110 484 1276 511 contendere
1300 484 1348 519 qui
1369 485 1516 513 contrariis
1532 486 1688 521 potiamur;

895 528 1078 562 arbitrarique
1094 529 1189 556 virtuti
1202 529 1280 564 juxta
1293 550 1300 562 ,
1324 535 1351 557 et
1372 531 1438 558 vitio
1454 539 1567 565 vacare,
1587 533 1612 560 id
1627 537 1688 567 est,

894 573 1051 601 carnalibus
1068 574 1212 601 desideriis
1225 594 1233 607 ,
1260 582 1292 602 ac
1316 575 1485 609 spiritalibus
1506 576 1687 606 facinoribus.

894 617 1043 646 Enimvero
1060 619 1083 646 si
1105 619 1139 646 ad
1158 619 1338 654 perfectionis
1355 621 1495 650 evasimus
1512 629 1687 656 mensuram,

893 663 939 698 pol
954 662 1010 690 Deo
1023 665 1119 698 gratias
1131 685 1138 697 ,
1156 672 1171 692 a
1186 673 1242 700 quo
1258 670 1300 693 est
1324 673 1407 694 omne
1428 667 1606 700 beneficium,
1624 677 1687 696 tnu-

896 716 967 743 nusq
974 717 1007 735 ue
1023 710 1174 744 perfectum
1187 731 1194 743 ,
1213 712 1259 746 pol
1275 712 1386 739 stabiles
1399 713 1582 741 consistamus
1593 734 1601 746 ,
1616 714 1687 742 divi-

893 761 929 780 no
944 754 1042 782 timore
1056 756 1127 787 tuti,
1143 756 1178 783 ab
1195 756 1346 791 habituque
1366 759 1497 792 praeclaro
1514 758 1685 792 immobiles,

892 803 919 826 et
933 799 1042 833 inﬂexi;
1057 800 1099 828 sin
1116 801 1182 835 quid
1196 801 1267 829 desit
1284 810 1441 838 urgeamus,
1460 803 1632 840 nitamurque
1651 806 1686 833 ad

48 864 80 884 ac
93 856 219 886 Patrem,
236 860 372 888 suumque
389 860 502 887 regnum
514 855 556 879 est
570 857 689 886 perenne
700 849 814 876 daturus
829 856 836 874 :
856 848 878 876 Β
893 845 1089 879 perfectionem
1109 846 1269 882 contingere
1292 847 1381 875 donec
1401 848 1531 883 fungendi
1556 849 1683 878 imminet

48 911 124 938 quem
141 902 231 937 gloria
241 900 319 928 decet
329 904 356 927 el
371 899 517 934 imperium
533 905 595 925 cum
604 897 685 924 Patre
700 903 733 923 ac
743 899 839 922 sancto

49 948 162 983 Spiritu,
183 955 258 975 nunc
284 951 311 974 et
330 952 447 980 semper,
476 945 503 972 in
541 949 707 977 omnemque
738 948 839 977 perpe-

49 994 186 1026 tuitatem,
204 994 303 1024 Amen,

315 1035 433 1065 SERMO
454 1034 574 1068 LXXIX,

48 1085 224 1122 Nequaquam
241 1088 340 1122 mdeste,
352 1083 417 1122 quin
430 1083 533 1122 fortiter
552 1080 701 1108 obeundum
717 1078 752 1106 ad
769 1079 839 1114 quod

232 1119 319 1147 vocati
335 1120 418 1145 simus
433 1119 560 1144 diuinitus
571 1124 647 1151 opus.

80 1176 193 1204 Fratres
210 1174 371 1208 Patresque,
399 1173 542 1208 segnitiem
565 1175 685 1199 nostram
715 1171 838 1200 excitans

48 1221 205 1257 Apestolus,
213 1219 308 1247 scribit
323 1219 351 1245 in
360 1218 417 1245 haec
426 1217 508 1245 verba
523 1225 530 1244 :
547 1216 667 1243 Gaudete
676 1217 703 1243 in
713 1216 838 1249 Domino,

48 1275 147 1302 semper
161 1267 258 1293 iterum
273 1265 344 1296 dico,
369 1263 490 1298 gaudete.
509 1260 640 1288 Modestus
662 1265 752 1288 vestra
772 1265 837 1288 nota

48 1313 79 1341 sit
96 1312 152 1347 (18)
163 1311 282 1338 omnibus
294 1308 453 1336 hominibus.
471 1307 600 1334 Dominus
618 1315 697 1341 prope
711 1311 759 1339 est,
775 1306 841 1333 nihil

48 1359 146 1386 soliciti
155 1358 228 1389 sitis,
237 1357 282 1384 sed
294 1356 321 1383 in
335 1355 405 1383 omni
415 1354 544 1386 oratione,
556 1357 581 1380 et
594 1354 773 1380 obsecratione
781 1361 841 1380 cum

48 1406 196 1440 gratiarum
209 1403 314 1429 actione
327 1401 464 1436 petitiones
478 1404 571 1427 oestrte
580 1400 647 1434 ﬁant
661 1400 694 1425 ad
711 1399 796 1426 Deum
805 1399 839 1425 ".

49 1450 233 1485 Quamobrem
250 1456 285 1476 ne
298 1453 468 1483 torpeamus;
485 1447 552 1480 quin
569 1446 667 1478 vivide,
683 1450 768 1480 atque
782 1445 841 1472 for-

50 1498 113 1524 titer
128 1496 263 1523 obeamus
274 1494 307 1521 ad
319 1493 392 1529 quod
402 1493 491 1520 vocali
502 1493 590 1520 simus
605 1492 737 1519 divinitus
754 1499 838 1526 opus:
853 1510 875 1540 ο

50 1550 111 1570 nam
128 1541 258 1576 equidem
277 1540 346 1566 Deus
362 1542 404 1566 est
415 1538 460 1572 qui
476 1545 492 1565 e
506 1538 562 1565 vita
574 1538 713 1564 communi
734 1537 766 1564 ad
778 1543 841 1572 pro-

50 1587 195 1615 fessionem
214 1592 265 1612 nos
285 1584 467 1611 monasticam
492 1582 610 1614 vocavit,
639 1582 688 1617 qui
711 1581 841 1609 incolumi

49 1634 168 1669 quadam
188 1637 275 1665 veste,
292 1630 428 1665 hilarique
445 1633 507 1664 toga
520 1628 653 1660 amicivit,
670 1627 718 1663 qui
741 1635 756 1654 a
773 1628 842 1662 legis

51 1679 239 1708 exsecratione
251 1677 375 1709 redemit,
392 1675 480 1702 factus
491 1682 540 1710 pro
557 1673 636 1702 nobis
649 1673 839 1702 exsecrabilis.

51 1726 142 1761 Itaque
158 1726 345 1752 consistamus
360 1722 386 1749 in
415 1722 540 1749 libertate
559 1721 681 1755 inquam
699 1728 714 1747 a
729 1720 840 1747 Christo

51 1778 146 1799 sumus
176 1769 286 1801 asserti,
311 1775 362 1795 neu
391 1767 530 1795 servitutis
558 1774 668 1794 rursum
698 1769 840 1793 teneamur

51 1817 133 1851 jngo,
156 1823 209 1842 neu
227 1814 317 1841 foedus
327 1821 389 1841 cum
405 1813 478 1840 vitiis
495 1813 628 1840 ineamus.
646 1810 747 1838 Servus
757 1818 840 1838 manu

52 1862 150 1890 missus
166 1860 323 1896 paratitius.
338 1866 509 1894 nequaquam
523 1857 636 1885 inducat
648 1857 768 1884 animum
782 1864 840 1884 ser-

53 1908 162 1934 vitutem
171 1906 262 1932 denuo
270 1904 382 1936 servire,
393 1903 426 1930 ab
433 1910 518 1937 eaque
528 1902 659 1938 profugus
667 1901 838 1936 longissime,

51 1952 148 1988 gaudet
168 1951 240 1986 quod
269 1949 362 1977 servili
394 1948 537 1983 tyrannide
567 1948 603 1974 sit
631 1947 771 1980 exclusus,
788 1948 838 1975 etsi

51 1997 122 2025 haud
137 1996 240 2024 malum
256 1999 300 2023 est
319 1994 430 2021 omnino
458 1992 593 2025 servitus;
625 2000 687 2019 nam
714 1992 838 2027 Apostoli

51 2042 107 2069 hac
130 2040 269 2069 sententia
286 2045 338 2072 est,
354 2038 448 2066 Servus
461 2042 571 2065 vocatus
595 2038 644 2065 es?
668 2045 720 2064 non
736 2038 771 2065 sit
790 2038 839 2065 tibi

51 2094 120 2114 atra!
132 2086 189 2122 (sed
206 2089 231 2112 et
259 2085 283 2111 si
312 2088 384 2118 potes
397 2083 457 2117 ﬁeri
488 2083 566 2116 liber,
588 2083 672 2118 magis
695 2086 777 2119 utere)
792 2083 838 2118 qui

50 2133 118 2160 enim
130 2132 159 2159 in
176 2130 290 2158 Domino
302 2134 409 2156 vocatus
424 2133 474 2162 est,
484 2128 603 2161 Domini,
615 2127 740 2155 similiter
755 2133 779 2155 et
792 2128 837 2163 qui

892 896 998 926 tempus
1011 911 1018 923 ,
1036 892 1087 918 tlde
1103 893 1249 927 praelirmi,
1271 901 1319 928 spe
1331 894 1411 922 alites
1428 902 1522 923 amore
1538 895 1659 924 devincti
1674 915 1682 928 ,

890 937 1074 964 submtssione
1089 939 1225 970 nitentes,
1238 939 1395 967 obedientia
1410 941 1512 976 compti
1525 961 1532 974 ,
1551 942 1684 976 patientia

889 984 1034 1018 explorati,
1049 983 1221 1012 confessione
1236 985 1391 1013 relucentes
1403 1007 1411 1019 ,
1437 987 1597 1022 ceterisque
1613 995 1683 1016 eun-

890 1029 941 1057 etis
954 1035 1027 1057 recte
1040 1029 1120 1058 factis
1142 1031 1216 1058 velut
1236 1032 1270 1059 ad
1288 1033 1421 1060 amussim
1437 1033 1534 1068 politi,
1553 1041 1604 1061 ceu
1628 1034 1685 1063 veri

890 1077 1036 1110 monachi,
1053 1086 1102 1106 ceu
1118 1078 1229 1106 minime
1244 1082 1390 1108 mendaces
1410 1081 1514 1108 subditi
1535 1089 1584 1109 seu
1604 1082 1684 1116 probi

890 1121 1056 1153 Christiani.
1071 1130 1122 1151 ceu
1141 1123 1280 1152 Dominici
1297 1125 1390 1158 servi,
1410 1133 1463 1160 quo
1477 1133 1542 1153 cum
1558 1126 1685 1161 expedite

891 1167 936 1194 hic
948 1168 1030 1194 vitam
1042 1176 1217 1204 peragamus,
1226 1173 1284 1196 tum
1296 1171 1433 1205 supremis
1443 1171 1522 1198 bonis
1535 1172 1664 1206 potiantur
1674 1189 1684 1205 ,

889 1219 938 1247 per
953 1211 1092 1240 Christum
1113 1213 1205 1241 Iesum
1224 1215 1369 1242 Dominum
1392 1221 1538 1244 nostrum:
1561 1217 1605 1244 cui
1625 1217 1685 1252 glo-

891 1257 932 1284 ria
951 1261 979 1285 et
998 1258 1144 1293 imperium
1167 1267 1229 1287 cum
1255 1261 1356 1293 Patre,
1383 1268 1415 1288 ac
1442 1265 1539 1288 sancto
1559 1261 1683 1296 Spiritu,

891 1309 965 1330 nunc
997 1307 1025 1330 et
1052 1311 1183 1339 semper,
1213 1305 1240 1332 in
1268 1312 1436 1341 omnemque
1459 1307 1682 1342 perpetuitatem.

891 1348 989 1377 Amen.

1165 1394 1283 1424 SERMO
1301 1395 1409 1424 LXXX.

1155 1441 1286 1468 Doctrina
1304 1442 1336 1469 de
1355 1443 1417 1477 fide.

927 1484 1036 1513 Fratres
1065 1487 1238 1522 Patresque,
1265 1488 1385 1516 debitum
1406 1497 1481 1516 nunc
1512 1497 1620 1525 quoque
1635 1491 1684 1517 de-

892 1539 1016 1559 mensum
1037 1533 1115 1560 vobis
1133 1533 1276 1561 oﬂ‘erimus
1292 1536 1428 1562 sermonis
1441 1556 1449 1569 ,
1467 1541 1549 1563 tenue
1575 1537 1601 1564 id
1620 1537 1683 1571 qui-

891 1576 951 1603 dem
962 1597 969 1609 ,
992 1584 1024 1604 ac
1040 1577 1211 1611 mendicum,
1229 1579 1275 1606 sed
1291 1579 1362 1614 quod
1382 1581 1538 1607 necessario
1553 1581 1683 1609 offeratur

891 1626 1000 1655 tamen,
1026 1630 1060 1649 ne
1079 1623 1114 1650 ob
1137 1624 1277 1652 silentium
1295 1633 1345 1653 nos
1369 1626 1532 1654 damnentur
1545 1646 1553 1660 ,
1572 1635 1679 1663 vosque

891 1668 1096 1703 aliquantulum
1118 1670 1245 1697 solatium
1266 1670 1400 1706 capiatis:
1424 1679 1485 1699 nam
1513 1677 1542 1700 ut
1564 1674 1684 1702 maxime

890 1712 916 1740 id
939 1721 954 1740 e
976 1718 1138 1742 sanctorum
1160 1716 1275 1744 lectione
1290 1717 1403 1745 Patrum
1419 1719 1545 1746 sentiatis
1558 1739 1565 1752 ,
1582 1720 1683 1748 nihilo-

891 1759 981 1786 minus
1000 1765 1122 1788 nostram
1140 1761 1212 1790 hanc
1226 1763 1307 1790 etiam
1323 1764 1403 1791 nauci
1419 1765 1556 1799 requiritis
1572 1766 1676 1793 doctri-

889 1811 965 1836 nam,
978 1811 1010 1832 ae
1024 1812 1079 1839 pne
1094 1805 1150 1839 illa,
1167 1807 1238 1835 hanc
1252 1808 1342 1835 ausim
1356 1809 1456 1842 dicere,
1469 1818 1518 1837 ceu
1534 1810 1579 1837 illa
1597 1811 1682 1838 histo-

889 1849 946 1877 rice
967 1851 1099 1885 recitata,
1122 1852 1174 1880 hac
1196 1853 1222 1880 in
1239 1852 1336 1881 faciem
1351 1854 1467 1888 dictata,
1488 1860 1515 1883 et
1538 1858 1682 1891 arguendo

893 1895 1036 1930 instituta,
1061 1898 1098 1925 ait
1112 1898 1184 1925 enim
1199 1918 1206 1931 ,
1223 1900 1340 1934 Arguam
1358 1905 1398 1933 te,
1418 1906 1443 1928 et
1457 1906 1573 1929 statuant
1589 1908 1682 1930 contra

889 1939 982 1973 faciem
997 1947 1069 1968 tuam
1084 1948 1192 1977 peccata
1205 1949 1251 1971 tua
1264 1945 1299 1972 ⁸⁷.
1312 1945 1342 1972 Si
1356 1953 1406 1972 non
1421 1947 1557 1980 venissem,
1569 1952 1593 1974 et
1608 1947 1683 1975 locu-

889 1991 930 2013 tus
943 1987 1050 2021 fuissem
1065 1989 1113 2020 eis,
1132 1995 1268 2023 peccatum
1279 1999 1330 2017 non
1345 1991 1470 2019 haberent
1483 2011 1490 2025 ,
1508 2001 1577 2020 nunc
1593 1998 1680 2020 autent

887 2033 1084 2060 excusatione»:
1099 2042 1149 2061 non
1167 2035 1261 2062 habent
1275 2036 1306 2063 de
1320 2042 1426 2071 peccato
1439 2046 1487 2065 suo
1497 2039 1529 2066 ⁸⁸.
1545 2039 1623 2072 Quod
1637 2040 1682 2066 ab»

888 2077 924 2103 sit
937 2076 971 2103 de
984 2077 1061 2105 vobis
1076 2078 1168 2106 dicere
1181 2088 1189 2112 ;
1206 2080 1343 2115 siquidem
1364 2081 1437 2108 haud
1451 2083 1680 2116 sermocinamur,

888 2127 919 2150 ut
933 2124 1129 2159 immorigeris,
1147 2133 1180 2153 ac
1195 2126 1297 2161 flagitio
1312 2129 1469 2156 constrictis
1484 2129 1607 2164 (minime
1618 2138 1682 2164 gens

52 2178 116 2205 liber
131 2182 242 2204 uocatus
256 2180 306 2208 est,
323 2183 411 2202 servus
428 2179 466 2202 est
488 2174 588 2201 Christi
600 2174 623 2189 ιδ
636 2182 643 2206 ς
659 2178 740 2208 atque
767 2174 837 2201 inte-
854 2177 877 2205 Ῑ)
891 2170 1055 2206 tium),quin
1070 2177 1100 2199 ut
1115 2172 1258 2208 morigeris
1271 2173 1345 2206 liliis,
1357 2178 1387 2201 ut
1399 2173 1570 2207 charissimis
1589 2176 1660 2203 natis
1670 2195 1678 2208 ,

51 2224 111 2256 l’lnt,
128 2222 402 2256 mancipatus,negat
413 2220 464 2248 sub
477 2219 618 2248 servitutis
635 2220 726 2247 venire
734 2219 840 2254 jugum,

52 2276 104 2304 quo
124 2276 176 2296 nos
193 2268 326 2296 debemus
352 2266 449 2302 magis,
469 2270 581 2302 peccato
605 2265 724 2297 liberati,
746 2267 840 2300 procul

50 2313 208 2345 abscedere,

85 2358 233 2386 Nescimus
243 2357 308 2392 quid
325 2357 352 2384 in
373 2363 424 2384 nos
442 2355 621 2391 designarit?
640 2363 694 2382 non
715 2355 841 2390 pomario

51 2403 236 2440 proscripsit?
258 2410 314 2429 non
335 2401 467 2430 mortales
490 2409 524 2428 ex
551 2401 754 2428 immortalibus
776 2400 840 2428 elIe-

52 2451 107 2478 cit.’
130 2457 188 2478 non
215 2450 244 2477 in
274 2449 346 2477 hanc
371 2449 528 2476 luctuosam
557 2447 709 2475 introduxit
734 2447 841 2473 vitam?

53 2503 108 2523 non
126 2495 193 2523 mali
209 2499 306 2523 auctor
319 2489 411 2522 omnis
425 2499 453 2522 et
470 2493 522 2521 fuit
537 2498 564 2521 et
579 2500 653 2520 nunc
667 2492 727 2519 est?
741 2492 777 2520 Ut
797 2492 840 2519 fu-

53 2541 183 2575 giendum
197 2540 233 2567 sit
248 2539 336 2573 nobis,
351 2546 400 2567 ceu
417 2538 581 2573 pessimum,
597 2537 661 2564 odio
673 2543 842 2571 prosequen-

53 2583 134 2616 dum,
145 2588 177 2611 ut
192 2583 256 2610 odio
272 2583 384 2618 dignum
395 2601 403 2614 ,
418 2582 566 2618 potiusque
583 2579 720 2616 diligenda
734 2580 822 2606 virtus
833 2599 841 2612 ,

54 2636 114 2664 qua
137 2629 252 2664 angelos
266 2632 407 2663 comparet
420 2627 562 2660 mortales,
578 2629 661 2661 atque
677 2625 747 2652 adeo
762 2625 840 2658 deos,

87 2704 111 2719 δ’
131 2704 216 2732 Amos
230 2711 290 2736 vtn,
306 2702 350 2729 ﬂ.
383 2698 416 2714 “'
425 2701 507 2730 Rom.
530 2709 591 2735 vm,
608 2701 653 2732 51.
668 2701 712 2729 51.
744 2700 766 2716 ⁸³
781 2700 840 2728 Phil

101 2738 199 2762 Matth.
217 2746 262 2762 vt-
289 2738 335 2762 24.
373 2737 396 2753 δτ
417 2737 490 2762 Psal.
511 2744 593 2762 χιιι.
607 2736 652 2762 21.
690 2735 713 2751 ⁸⁸
726 2734 806 2762 Joan.
820 2743 836 2762 ι

892 2702 1030 2762 ἱὶΞωλι-6,
1068 2703 1187 2732 “lCor.
1220 2712 1266 2739 vn,
1299 2705 1344 2738 21,

799 2755 870 2768 σιν.
887 2755 930 2762 ---

53 2737 77 2753 ⁸⁸
101 2738 199 2766 Matth.
217 2746 263 2772 VI,
289 2738 335 2765 24.
373 2737 396 2753 ⁸⁷
417 2737 490 2765 Psal.
511 2744 593 2769 χιιι,
607 2736 652 2763 21.

890 2219 920 2242 ut
935 2217 1087 2249 unanimis,
1100 2221 1128 2244 et
1140 2218 1185 2252 qui
1201 2225 1385 2254 concorpores
1401 2220 1461 2246 sitis
1474 2241 1481 2253 ,
1499 2228 1531 2248 ac
1546 2221 1682 2248 commili-

890 2264 970 2288 tones
980 2282 988 2294 ,
1003 2270 1058 2297 quo
1071 2263 1225 2298 gaudeatis,
1239 2271 1295 2299 quo
1309 2264 1475 2299 proficiatis,
1489 2272 1544 2300 quo
1559 2265 1679 2298 sinceri,

889 2310 915 2333 et
933 2307 1081 2342 irreprensi
1101 2308 1128 2335 in
1143 2309 1245 2336 Christi
1260 2308 1332 2336 diem
1349 2310 1472 2337 evadatis
1483 2331 1491 2344 ,
1511 2310 1681 2338 Christiano—

891 2359 952 2379 rum
973 2352 1047 2387 pleni
1062 2353 1199 2380 fructuum
1217 2354 1370 2389 probitatis,
1382 2355 1408 2381 in
1424 2355 1536 2390 gloriam
1560 2356 1681 2384 laudem-

892 2404 946 2432 que
960 2397 1017 2425 Dei.
1036 2397 1071 2426 Ut
1086 2399 1163 2427 vobis
1177 2405 1334 2435 comparata
1359 2401 1394 2428 sit
1415 2402 1522 2436 oratio;
1543 2410 1613 2430 nam
1635 2402 1682 2438 qui

893 2450 970 2478 aquae
983 2444 1177 2478 scaturiginem
1197 2452 1211 2471 e
1224 2451 1358 2481 praerupta
1374 2447 1439 2473 olim
1455 2451 1533 2475 caute
1551 2447 1681 2477 lsraelitis

894 2488 1020 2522 praebuit,
1031 2489 1096 2523 quid
1111 2490 1209 2516 mirum
1223 2490 1246 2517 si
1260 2498 1274 2517 e
1287 2490 1393 2525 lapidea
1409 2492 1460 2520 hac
1475 2497 1564 2520 mente
1573 2493 1682 2520 brevem

895 2533 1093 2561 oratiunculam
1107 2535 1258 2563 estundat?
1270 2535 1356 2569 Quam
1373 2537 1541 2572 haurientes,
1556 2537 1611 2566 Deo
1619 2545 1682 2573 gra-

895 2579 1014 2606 tulemur
1025 2600 1032 2612 ,
1057 2581 1104 2614 qui
1119 2580 1248 2608 alimenta
1262 2588 1295 2609 ac
1311 2587 1404 2617 potum
1423 2582 1566 2616 conferat,
1583 2583 1682 2610 vitam-

895 2631 949 2658 que
968 2623 1086 2652 instruat
1101 2629 1224 2653 nostram
1244 2626 1318 2654 velut
1337 2627 1364 2654 in
1380 2627 1546 2660 solitudine,
1568 2627 1613 2655 hic
1634 2627 1684 2655 de-

1386 2706 1409 2723 "
1431 2705 1505 2734 Psal.
1538 2704 1682 2738 t.nxr,6.

90 2809 147 2841 (18)
167 2809 294 2837 Γενέσθω
308 2814 406 2838 auctor
420 2809 497 2843 citat,
511 2807 688 2843 γνωριζέσθω
701 2808 802 2835 halent
817 2807 944 2844 evulgati.
