1921 3073
224 143 278 176 615

845 136 874 165 S.
896 133 1090 165 THEODORI
1112 133 1285 163 STUDITA‘Z

1808 131 1860 161 6ιὸ

227 201 348 232 gentum.
362 195 416 222 Sed
432 194 562 229 quoniam
575 193 671 226 prisca:
685 191 807 218 historia.-
821 189 1008 220 meminimus,
1028 192 1047 218 Α
1062 189 1133 222 que?
1146 188 1315 215 Testimonio
1331 192 1395 214 sunt
1411 187 1518 220 exsilia,
1536 187 1754 222 persecutiones,
1783 194 1861 212 eom-

225 241 455 276 contcmplemur,
475 239 497 266 si
515 239 591 271 libet,
605 245 666 272 quae
681 242 739 264 tum
754 235 936 270 immorigeris
949 242 1014 261 eve-

226 295 309 319 nere,
325 287 359 313 de
370 285 470 320 quibus
484 284 607 318 Apostoli
625 283 682 310 haec
698 286 762 309 sunt
779 281 859 308 verba
870 301 877 313 ,
894 280 946 307 Sed
965 287 1016 306 non

228 333 257 359 in
270 331 390 367 pluribus
409 337 498 356 eorum
520 328 711 363 beneplacitum
729 332 766 354 est
783 327 857 353 Deo:
877 334 938 352 nam
956 333 1017 360 pro-

228 378 309 405 strati
330 380 392 403 sunt
405 376 432 401 in
447 375 561 402 deserto.
583 373 648 400 Ηιεε
665 378 751 399 autent
768 372 854 406 ﬁgura
869 372 943 405 facta
957 375 1018 397 sunt

228 423 324 454 nostri,
343 428 370 447 ut
384 429 436 447 non
451 420 533 446 simus
552 419 762 452 concupiscentes
782 417 912 443 malorum
924 436 930 446 ,
950 416 1018 441 sicut

228 474 253 497 et
277 469 317 495 illi
339 467 539 501 concupierunt.
561 464 651 499 Neque
667 463 816 490 idololatraz
844 461 1018 496 efﬁciantini,

229 517 298 544 sicut
312 514 420 549 quidam
432 520 465 540 ea:
477 512 540 546 ipsis
551 531 558 542 ,
573 509 794 545 quemadmodum
813 508 940 541 scriptum
960 511 998 533 est
1010 514 1018 532 :

235 561 312 589 Sedit
329 558 442 594 populus
457 556 628 586 manducare,
644 558 669 581 et
687 553 772 580 bibere
785 573 792 584 ,
808 558 832 580 et
851 557 1020 578 surrexerunt

230 605 332 633 ludere.
360 603 452 638 Neque
474 601 655 636 fornicamur,
677 599 746 625 sicut
767 597 875 632 quidam
903 604 935 623 ea:
956 596 1020 630 ipsis

233 650 359 686 fornicati
375 653 447 680 sunt,
461 652 485 674 et
501 646 650 673 ceciderunt
665 652 718 670 una
727 644 771 670 die
783 642 877 677 viginti
892 642 946 668 tria
960 640 1020 667 mil-

231 696 270 724 lia
290 701 392 729 ;neque
406 697 534 720 tentemus
550 690 686 718 Christum
699 708 706 719 ,
723 689 789 715 sicut
809 687 919 722 quidam
933 694 1023 714 eorunt

232 744 412 770 tentaverunt,
429 744 452 766 et
471 746 488 764 a
505 736 666 771 serpentibus
681 735 832 770 perierunt;
853 741 934 768 neque
950 740 1023 758 nutr-

231 787 400 816 muraceritis
410 805 418 818 ,
434 785 502 811 sicut
514 784 623 818 quidam
637 790 727 808 eorum
742 784 984 810 murmuraverunt,
999 783 1023 805 et

231 833 365 868 perierunt
379 830 411 857 ab
422 829 627 857 exterminatore
636 827 670 854 δυ.
686 827 752 859 Quae
764 825 955 859 contemplati,
974 823 1024 850 fra-

1069 236 1160 269 pcdes,
1191 235 1320 267 miseriae,
1352 242 1384 261 ac
1412 234 1455 260 vel
1484 234 1510 260 in
1541 233 1703 268 sanguinem
1735 232 1859 261 renisus,

1069 281 1187 308 ineundo
1201 288 1263 307 cum
1280 284 1392 314 peccato
1407 279 1568 311 certamine,
1597 286 1756 313 quanquam
1787 277 1861 304 haud

1069 327 1095 354 id
1113 331 1236 354 vestrum
1256 331 1307 354 est.
1333 326 1380 353 Dei
1402 326 1564 353 beneticium
1583 329 1635 356 est,
1652 331 1736 358 aquo
1756 328 1784 350 et
1801 323 1862 350 laus

1069 372 1234 407 suppeditat.
1255 372 1338 407 Igitur
1360 372 1404 399 alii
1419 372 1470 399 sibi
1485 371 1615 406 pecunias
1639 370 1770 401 habento,
1790 377 1862 404 prae-

1070 419 1124 450 dia,
1149 418 1333 451 monasteria,
1361 418 1493 452 collegia;
1521 417 1588 444 mihi
1616 415 1650 443 ad
1676 415 1862 442 celebritatem

1071 465 1139 492 satis
1152 469 1194 491 est
1208 471 1257 491 vos
1277 465 1409 491 duntaxat
1423 463 1535 494 habere,
1548 462 1575 488 in
1595 461 1696 496 quibus
1708 469 1750 487 me
1768 465 1863 488 osten-

1071 515 1137 541 tem,
1150 510 1254 537 scilicet
1268 516 1328 536 mea
1342 509 1409 536 estis
1423 509 1526 540 laetitia,
1545 514 1657 538 corona,
1679 507 1734 532 vita
1761 510 1789 532 et
1806 506 1864 532 ala-

1072 556 1166 587 critas,
1186 563 1218 582 ac
1231 555 1253 582 si
1267 555 1331 589 quid
1346 554 1418 581 aliud
1433 554 1537 588 insigne
1552 557 1602 579 est.
1622 551 1741 578 Tantum
1758 551 1863 578 cohor‘

1073 606 1116 628 tor
1128 600 1237 636 egregio
1252 605 1282 627 et
1297 600 1387 627 studio
1400 599 1513 626 minime
1530 597 1718 632 supersedere,
1736 604 1786 623 nec
1804 603 1866 622 mo-

1073 648 1137 674 dum
1154 651 1244 673 tenere
1259 645 1335 676 honi,
1344 650 1371 672 et
1384 652 1515 672 ascensus
1527 643 1663 678 quasique
1676 642 1722 676 qui
1737 641 1865 668 carnales

1073 692 1197 719 ambiant
1211 692 1340 726 pecunias
1357 691 1571 718 inexsaturatum
1586 690 1647 724 plus
1672 687 1789 715 habendi
1816 687 1866 714 dc-

1074 739 1207 766 siderium
1230 738 1406 770 contrahunt,
1422 737 1461 764 sic
1478 745 1526 763 vos
1539 736 1566 763 in
1586 735 1756 770 spiritalibus
1769 733 1804 761 ad
1816 741 1866 760 ex~

1074 790 1192 812 tremum
1222 784 1337 810 halitum
1368 782 1450 810 linem
1474 782 1578 809 nullum
1605 781 1695 808 facere
1711 780 1738 807 in
1764 779 1866 806 melius

1076 830 1253 865 provehendi.
1267 830 1401 863 siquidem
1413 829 1485 856 haud
1500 833 1566 856 sunt
1592 836 1672 862 pares
1697 827 1778 861 hujus
1793 831 1865 853 tem-

231 885 299 910 tt'es.
316 878 364 904 ira:
378 883 477 904 causas
492 875 602 906 dit/inin.
620 880 734 908 Pl'avum
749 871 927 902 δεδίάετίυων
943 878 1020 897 ωυν·
1037 871 1058 898 Β
1075 876 1150 910 poris
1166 884 1296 903 aerumna:
1311 875 1346 903 ad
1372 883 1432 902 eam
1455 875 1568 909 gloriam
1592 882 1653 909 qua:
1669 876 1694 900 in
1716 881 1767 900 nos
1787 873 1865 899 exhi-

231 932 305 955 mur,
318 923 457 950 Christum
475 925 580 948 tentare
594 919 745 954 fugiamus.
768 917 886 950 Quinam
910 916 933 943 is
962 920 1022 942 ten-

231 973 306 996 tetur
318 965 430 994 autem?
445 964 596 992 incredulis
608 963 711 998 illapsis
727 962 854 996 cogitatis
865 982 872 994 ,
886 966 916 988 ut
930 960 1022 995 prolo-

231 1021 358 1050 quamur.
380 1012 453 1047 Ergo
478 1009 636 1037 necessaria
655 1007 805 1044 praebebit?
835 1015 901 1042 ergo
925 1006 1024 1034 hostile

231 1060 333 1088 bellum
366 1055 505 1084 feremus?
535 1062 601 1088 ergo
628 1054 680 1081 hoc
712 1053 834 1087 illudque
869 1050 1023 1086 patiemur?

231 1113 424 1141 nequaquam,
441 1103 558 1135 fratres,
580 1101 803 1136 (incredulorum
823 1107 855 1126 ea
878 1102 961 1129 sunt,
983 1102 1024 1124 at-

231 1160 286 1187 que
302 1148 517 1183 dubitantumz)
534 1147 602 1183 quin
622 1146 689 1182 quid
713 1145 819 1174 creduli
843 1144 935 1172 omnia
959 1151 1022 1178 pas-

232 1204 323 1224 suros.

269 1240 316 1268 Sic
324 1240 450 1268 Noachus
461 1238 589 1267 credulus
600 1236 692 1263 diluvii
703 1235 914 1262 internecionem
927 1234 1023 1264 evasit,

232 1294 324 1314 arcam
338 1285 488 1312 fabricatus
503 1293 510 1317 ;
537 1283 576 1310 sic
591 1282 764 1309 Abrabamus
782 1281 908 1308 credulus
923 1287 1022 1314 parens

233 1332 382 1359 multarum
404 1330 494 1357 factus
506 1328 646 1355 nationum
662 1332 724 1359 est;
740 1327 779 1352 sic
796 1325 884 1352 Moses
898 1324 1024 1351 credulus

233 1384 309 1404 mare
320 1384 368 1404 ceu
382 1380 482 1402 terram
499 1372 671 1408 peragravit;
687 1372 727 1399 sic
743 1371 821 1406 pueri
836 1369 942 1397 creduli
967 1374 1023 1396 ter-

234 1421 336 1456 gemini
351 1420 379 1447 in
395 1419 457 1454 igne
472 1419 551 1453 quasi
575 1417 719 1452 quemdam
734 1416 836 1442 duxere
851 1423 953 1446 rorem,
974 1422 1024 1441 nec

234 1465 457 1499 conﬂagrarunt;
474 1463 514 1490 sic
530 1462 622 1489 Daniel
639 1461 766 1489 credulus
781 1461 891 1487 leonum
921 1460 1024 1487 illtesus

234 1510 361 1537 faucibus
374 1509 468 1539 exivit,
481 1513 573 1542 atque,
591 1512 619 1534 ut
636 1506 754 1534 breviter
767 1506 867 1536 dicam,
885 1505 925 1533 sic
937 1505 1023 1532 sancti

233 1563 330 1583 omnes
345 1554 537 1586 sanctimonia,
560 1553 599 1580 sic
613 1552 691 1587 probi
706 1552 850 1586 probitate,
867 1551 907 1578 sic
922 1557 1023 1586 marty-

235 1610 279 1629 res
291 1601 411 1629 deiuncti
426 1599 558 1635 martyrio
577 1603 651 1626 sunt.
674 1597 714 1625 Ita
728 1597 831 1625 creduli
846 1605 896 1624 nos
912 1605 1022 1632 quoque

234 1650 333 1674 cuncta
353 1646 499 1681 patiamur,
513 1644 678 1678 Christoque
690 1643 759 1670 duce
773 1643 916 1670 vincamus
941 1650 1022 1669 coro—

236 1700 286 1720 nas
299 1691 423 1726 adepturi
438 1690 593 1726 probitatis,
609 1694 692 1724 atque
724 1689 795 1715 hanc
822 1689 882 1723 ejus
903 1688 1023 1715 audituri

235 1738 397 1774 palmariam
420 1745 530 1764 vocem:
556 1736 657 1767 Venite,
685 1735 813 1762 benedicti
844 1735 935 1762 Patris
960 1735 1022 1767 mei,

233 1784 365 1819 possidete
394 1788 518 1817 paratum
552 1781 623 1808 vobis
655 1789 763 1816 regnum
791 1790 807 1807 a
837 1782 1023 1807 constitutione

234 1829 327 1856 mundi
342 1829 376 1855 '°.
392 1828 443 1856 Cui
466 1828 552 1863 gloria
578 1832 605 1855 et
630 1827 776 1860 imperium
792 1835 854 1854 eum
872 1827 969 1859 Patre,
990 1835 1024 1854 ac

235 1879 331 1903 sancto
358 1873 473 1908 Spiritu,
491 1881 565 1900 nunc
590 1877 617 1900 et
655 1881 772 1907 semper,
801 1873 829 1900 in
859 1880 1024 1906 omnemque

235 1920 453 1956 perpetuitatem.
468 1919 563 1946 Amen.

501 1974 617 2002 SERMO
641 1973 760 2001 LXXXI.

237 2021 275 2050 De
289 2029 380 2048 amore
398 2029 460 2056 erga
473 2021 636 2055 profectum;
652 2028 701 2046 neu
721 2020 848 2056 [utilitate
867 2027 1024 2054 occupentur

390 2055 461 2087 vitro,
477 2055 521 2083 sed
540 2056 567 2082 in
582 2055 675 2082 melius
686 2055 868 2089 provehantur.

271 2101 381 2129 Fratres
410 2102 567 2136 Palresque,
584 2100 674 2127 studio
689 2107 739 2126 vos
749 2100 884 2134 alloquor,
900 2108 954 2127 non
978 2108 1023 2127 ne—

235 2149 376 2180 cessitate,
393 2152 420 2175 et
439 2148 462 2175 si
482 2147 632 2174 necessitas
651 2146 781 2182 imposita
805 2147 871 2173 mihi
887 2151 940 2177 est,
965 2146 1023 2173 illo-

235 2194 353 2229 quendi:
371 2193 471 2221 etenim
492 2192 550 2220 zelo
567 2200 719 2228 prosequor
729 2193 832 2224 divino,
847 2193 1022 2227 quantumvis

237 2239 335 2266 noxius
349 2238 483 2272 valdeque
495 2237 521 2263 in
536 2241 629 2264 vestro
649 2237 752 2272 gaudeo
767 2236 901 2272 profectu.
918 2236 964 2263 Sin
976 2245 1022 2263 ac-
1040 2251 1063 2279 D

237 2285 304 2312 cidit
322 2284 480 2318 frequenter
496 2289 526 2309 ut
538 2290 588 2310 vos
614 2283 782 2313 contristem,
795 2282 1023 2317 quemadmodum

237 2331 335 2366 pridie,
359 2335 387 2357 at
410 2337 444 2356 ne
472 2329 497 2356 id
522 2329 633 2363 quidem
659 2336 714 2363 quo
731 2328 941 2359 contristemini,
958 2327 1024 2362 quin

236 2376 369 2404 eximium
389 2374 563 2410 cognoscatis
577 2381 668 2400 meum
681 2374 708 2400 in
725 2380 772 2400 vos
787 2379 908 2399 amorem
928 2372 1024 2407 (siqui-

236 2423 296 2450 dem
312 2422 428 2456 castigat
450 2421 521 2448 serio
546 2427 627 2455 quem
643 2420 759 2454 quisque
788 2419 905 2450 deamat,
919 2423 946 2444 et
963 2418 1024 2452 quis

235 2473 278 2495 est
293 2467 364 2494 filius
381 2474 455 2499 vero,
471 2474 551 2502 quem
566 2474 618 2492 non
634 2465 749 2499 castigat
771 2463 878 2498 pater?)
892 2471 946 2497 quo
959 2470 1022 2497 per-

237 2514 300 2541 fecti
317 2513 469 2548 integrique
484 2513 555 2543 sitis,
578 2511 652 2537 nulla
667 2511 694 2536 in
713 2518 742 2537 re
754 2508 863 2541 defecti,
879 2516 941 2535 nam
956 2508 1023 2535 alio-

235 2560 302 2594 quin
319 2564 345 2586 et
359 2559 519 2593 amplector.
534 2562 561 2584 et
580 2555 749 2586 obedientes,
769 2562 802 2581 ac
818 2554 968 2588 morigeros
982 2558 1022 2581 te-

236 2611 305 2638 stur,
326 2605 468 2640 patriaque
496 2609 627 2638 praecepta
655 2601 798 2633 obeuntes,
822 2606 923 2634 quanta
950 2600 1022 2627 haud

189 2660 192 2661 '
236 2652 296 2679 seio
307 2659 342 2678 an
360 2651 407 2678 ulli
423 2655 515 2677 nostra
535 2647 666 2676 memoria
687 2647 787 2674 subditi
804 2647 953 2681 diligentia.
970 2645 1024 2674 Nec

237 2697 282 2732 pol
298 2697 406 2727 adulor,
420 2697 484 2730 quin
501 2703 563 2721 vera
582 2694 720 2729 praedico;
734 2701 795 2720 nam
807 2693 869 2728 quis
888 2699 941 2720 tam
957 2701 1024 2720 una-

238 2744 330 2770 nimus
349 2743 431 2777 patri,
448 2746 495 2768 aut
518 2741 672 2774 obsequens
689 2739 810 2774 profecto
834 2744 875 2766 cst
892 2739 918 2766 in
933 2739 1024 2766 Domi-

237 2787 308 2815 nicis
325 2787 471 2819 mandatis,
488 2794 569 2821 quam
585 2793 634 2813 vos
662 2785 781 2812 illustres
805 2784 872 2812 estis
888 2784 1023 2818 undiqua-

279 2855 301 2870 "
320 2855 410 2885 lCor.
430 2863 464 2888 χ,
483 2855 525 2882 10.
546 2854 569 2870 ⁸⁸
585 2853 679 2881 Matth.
701 2860 764 2885 xxv,
779 2853 824 2879 54.

1037 1576 1058 1604 C

1075 922 1163 950 benda
1189 927 1240 950 est.
1258 921 1316 949 Non
1340 922 1410 949 vitas
1426 921 1569 949 intuemini
1596 925 1763 951 sanctorum,
1789 919 1865 953 quod

1074 968 1216 996 laboribus
1241 975 1273 995 ac
1289 968 1436 995 sudoribus
1450 968 1506 995 sint
1529 967 1649 994 exactae?
1666 974 1719 993 non
1734 965 1865 1000 martyria

1074 1019 1244 1046 sanctorum,
1260 1019 1326 1048 quot
1341 1013 1486 1040 cruoribus
1503 1013 1558 1040 sint
1589 1011 1784 1046 suppliciisque
1797 1018 1865 1038 con-

1075 1060 1163 1087 fecta?
1176 1059 1379 1092 Quamobrem?
1390 1067 1444 1094 quo
1461 1058 1600 1086 Christum
1613 1059 1794 1087 lucrarentur,
1809 1063 1866 1090 quo

1074 1106 1143 1132 bona
1163 1110 1292 1140 pararent
1308 1113 1370 1139 qua:
1393 1109 1511 1132 mentem
1525 1110 1552 1131 et
1569 1103 1707 1138 ingenium
1722 1107 1864 1136 superant,

1074 1155 1255 1185 posteaquam
1276 1151 1435 1185 temporalia
1452 1154 1518 1178 sunt
1547 1157 1607 1184 quae
1637 1150 1775 1180 videntur,
1803 1155 1866 1182 qua:

1075 1205 1127 1223 non
1145 1196 1272 1223 videntur
1286 1197 1465 1231 sempiterna.
1484 1195 1542 1222 Non
1568 1196 1608 1223 sol
1624 1194 1741 1222 eximius
1756 1200 1796 1221 est
1810 1194 1823 1220 ?
1837 1199 1865 1221 at

1075 1242 1097 1268 is
1113 1250 1223 1276 quoque
1248 1242 1361 1276 jamjam
1378 1243 1403 1268 in
1421 1242 1548 1269 tenebras
1567 1241 1662 1268 abibit.
1679 1239 1738 1267 Non
1765 1240 1864 1267 eximia

1075 1287 1162 1314 luna?
1178 1292 1206 1314 at
1221 1295 1253 1314 ea
1269 1295 1378 1322 quoque
1394 1287 1464 1314 baud
1479 1287 1569 1314 Illllleu
1584 1287 1656 1313 edet.
1673 1285 1731 1313 Non
1757 1285 1867 1313 eximiae

1075 1333 1183 1360 stellas?
1201 1338 1228 1359 at
1255 1340 1295 1360 ea:
1321 1341 1431 1368 quoque
1448 1333 1625 1360 collabantur.
1644 1331 1703 1360 Non
1732 1332 1865 1359 eximium

1075 1379 1196 1406 coelum?
1216 1384 1244 1406 at
1256 1379 1282 1406 id
1297 1387 1407 1414 quoque
1422 1387 1472 1407 ceu
1490 1380 1681 1406 vestimentum
1701 1382 1866 1408 veterascet,

1074 1429 1227 1459 cunctaque
1241 1426 1432 1457 mutabuntur,
1447 1425 1527 1452 novis
1551 1425 1621 1452 coelo
1636 1429 1718 1456 atque
1731 1428 1805 1449 terra
1820 1431 1868 1457 pa-

1074 1470 1178 1501 randis,
1197 1471 1237 1497 uti
1267 1471 1399 1505 scripturn
1426 1475 1477 1503 est,
1497 1478 1530 1497 ac
1550 1471 1605 1498 vita
1631 1470 1755 1497 Subitura
1775 1468 1866 1500 felice,

1075 1518 1101 1540 et
1121 1514 1261 1545 incll'abili,
1277 1522 1338 1548 quae
1353 1514 1428 1542 socia
1443 1514 1552 1542 Christo
1579 1514 1780 1549 coniunctaque
1806 1520 1867 1540 ma-

1075 1565 1182 1586 neatur.
1205 1560 1296 1594 Atque
1314 1560 1370 1587 lucc
1385 1564 1449 1587 sunt
1465 1560 1610 1594 promissa,
1628 1567 1661 1585 ex
1677 1559 1766 1593 iisque
1791 1559 1869 1593 cogi-

1076 1606 1138 1632 tatis
1149 1606 1305 1640 prwsidium
1321 1606 1519 1633 contrahanius
1535 1613 1596 1640 quae
1609 1604 1737 1632 sensibus
1753 1603 1869 1638 capian-

1076 1657 1120 1678 tur
1135 1653 1169 1679 iis
1192 1660 1252 1687 qua:
1276 1660 1386 1679 sensum
1406 1653 1675 1686 fugiantvincentes,
1689 1650 1870 1683 studiumque.

1075 1697 1167 1725 carnis
1195 1697 1288 1724 divino
1311 1702 1478 1728 coercentes.
1492 1704 1524 1723 ac
1538 1696 1770 1731 quemadmodum
1795 1695 1870 1730 Apo-

1075 1742 1162 1769 stolus
1187 1742 1282 1770 docet:
1309 1743 1375 1774 Qua:
1402 1750 1508 1769 sursum
1532 1745 1610 1774 sunt,
1638 1733 1794 1776 quttrentes,
1823 1740 1871 1766 ubi

1076 1787 1197 1815 Christus
1213 1793 1250 1814 est
1262 1789 1288 1814 in
1303 1788 1413 1814 dextera
1429 1787 1478 1814 Ilei
1494 1787 1597 1818 sedens,
1609 1795 1667 1822 qua:
1684 1794 1791 1813 sursum
1807 1790 1871 1813 sunt

1076 1834 1216 1868 sapientes,
1239 1842 1289 1860 non
1306 1842 1365 1868 qua:
1389 1841 1467 1868 super
1485 1838 1582 1860 terram
1599 1833 1633 1865 ",
1655 1840 1703 1859 ceu
1724 1832 1870 1859 hominum

1076 1879 1209 1914 plerique,
1224 1880 1270 1913 qui
1283 1884 1416 1914 tanquam
1432 1886 1494 1906 sues
1509 1879 1703 1913 cogitationum
1718 1878 1775 1904 luto
1792 1878 1871 1905 volu-

1077 1929 1181 1957 tentur,
1194 1925 1323 1955 vitiorum
1342 1925 1432 1952 obruti
1447 1924 1564 1957 lacunis,
1580 1931 1696 1959 quorum
1714 1923 1807 1950 exitus
1821 1930 1873 1957 pe-

1077 1971 1138 2004 stis,
1152 1974 1235 2006 atque
1248 1972 1275 1997 in
1292 1971 1440 2005 ignominia
1457 1971 1543 2005 gloria
1556 1976 1607 1998 est.
1621 1969 1757 1997 Caterum
1774 1975 1870 1996 nostra

1077 2017 1104 2043 in
1123 2017 1200 2044 cwlis
1219 2017 1274 2043 vita
1294 2022 1346 2050 est,
1365 2018 1437 2044 unde
1462 2022 1490 2044 et
1513 2017 1703 2051 sospitatorem
1722 2023 1869 2043 manemus

1076 2059 1221 2087 Dominqu
1236 2059 1328 2087 Jesum
1341 2060 1493 2093 Christum,
1505 2068 1584 2094 quem
1610 2065 1638 2087 et
1663 2064 1789 2094 spectare
1807 2067 1869 2087 me-

1077 2111 1187 2130 reamur
1200 2103 1314 2138 benigne
1325 2104 1352 2130 in
1368 2112 1480 2139 regnum
1491 2112 1539 2131 nos
1548 2104 1737 2137 asciscentem,
1746 2109 1868 2131 mactum

1077 2148 1162 2183 gloria
1192 2153 1218 2175 et
1247 2149 1361 2182 imperio
1386 2157 1448 2176 cum
1472 2149 1561 2181 Patre,
1577 2157 1610 2176 ac
1630 2154 1726 2177 sancto
1752 2149 1867 2184 Spiritu,

1078 2201 1149 2220 nunc
1188 2199 1214 2219 ct
1256 2202 1372 2228 semper,
1401 2195 1428 2221 in
1454 2202 1618 2229 omnemque
1646 2196 1869 2229 perpetuitatem.

1075 2240 1172 2266 Amen.

1333 2285 1450 2313 SEIIMO
1471 2285 1599 2312 LXXXII.

1076 2330 1189 2365 Operam
1206 2332 1321 2371 dandam
1339 2337 1367 2358 ut
1383 2332 1414 2358 ab
1431 2333 1502 2371 omni
1514 2333 1712 2371 inquinamento
1723 2341 1869 2368 purgentur

1124 2373 1171 2399 per
1184 2367 1374 2401 pwnitentium,
1386 2375 1465 2402 quant
1477 2367 1525 2394 Dei
1541 2375 1646 2393 munere
1657 2367 1814 2395 habeamus.

1109 2422 1219 2449 Fratres
1238 2423 1397 2457 Pawesque,
1409 2424 1508 2450 vulnus
1529 2431 1576 2451 vos
1592 2425 1644 2450 mei
1669 2425 1747 2459 pedis
1762 2427 1869 2452 contri-

1076 2468 1168 2501 stavit,
1194 2476 1244 2495 nec
1272 2469 1391 2503 injuria;
1419 2477 1481 2496 nam
1501 2470 1572 2502 laeto,
1587 2475 1742 2504 mmstoque
1765 2472 1870 2503 pariter

1077 2513 1247 2545 consentitis,
1261 2522 1309 2540 ceu
1325 2514 1416 2542 fratris
1430 2516 1614 2548 studiosi,ceu
1630 2516 1714 2550 patris
1731 2524 1868 2544 amantes.

1077 2559 1133 2594 Ego
1154 2559 1217 2586 hinc
1233 2567 1298 2586 vero
1313 2561 1479 2588 catechesim
1490 2561 1600 2588 molior.
1619 2562 1678 2594 Quo
1689 2563 1790 2596 pacto?
1803 2571 1871 2590 sane

1076 2605 1111 2631 ob
1126 2613 1186 2632 mea
1205 2607 1316 2634 saucius
1329 2613 1451 2641 peccata.
1467 2608 1541 2635 ilicet
1555 2616 1644 2643 opem,
1657 2616 1689 2635 ac
1700 2609 1870 2637 medicinam

1078 2651 1222 2684 postulavi,
1240 2659 1294 2686 quo
1318 2651 1420 2680 factum
1436 2659 1478 2680 est
1496 2659 1525 2680 ut
1550 2658 1635 2680 totum
1666 2654 1717 2681 hoc
1748 2656 1869 2682 triduum

1078 2696 1181 2723 versari
1205 2697 1355 2730 nequierim
1372 2698 1526 2730 vobiscum,
1543 2705 1599 2726 tum
1615 2705 1705 2726 autem
1728 2699 1778 2727 Dei
1792 2700 1873 2727 mise-

1079 2742 1193 2769 ricordia
1209 2749 1330 2776 curatus,
1350 2744 1440 2771 denuo
1460 2745 1592 2772 intersum
1620 2745 1705 2777 vobis,
1719 2750 1748 2772 et
1765 2746 1870 2774 inerru.

1079 2786 1150 2814 Idem
1180 2788 1208 2814 in
1234 2789 1316 2816 animi
1331 2789 1435 2817 morbis
1452 2797 1503 2817 usu
1526 2789 1597 2816 venit
1613 2799 1619 2816 :
1639 2791 1743 2825 accepit
1758 2791 1823 2826 quis
1838 2799 1871 2818 ex

864 2853 885 2868 “
902 2852 1007 2881 Coloss.
1025 2860 1066 2885 ιιι,
1087 2854 1109 2879 l.
