1921 3073
77 143 116 175 617
617 146 818 176 SEHMONES
843 147 1102 178 CATECHETICI.

75 204 166 235 aspectu
187 200 313 228 audituve
331 200 358 227 in
374 205 464 228 mente
474 202 573 228 vulnus
587 201 598 228 ?
622 202 752 228 Faustina
768 209 831 228 cor-
848 206 869 232 Α

76 250 149 280 reptas
160 246 238 272 animi
251 246 460 278 deformatione,
478 247 610 274 scelerata
626 246 764 281 cupidine,
780 247 832 280 ira,

75 290 156 320 furore,
170 290 241 321 odio.
255 290 366 322 invidia,
388 291 457 322 rixa,
484 292 665 323 contumacia,
685 292 773 318 a‘iove
796 292 834 318 le-

75 335 126 362 thali
139 336 187 363 ullo
199 335 316 362 facinore
329 336 441 370 flagrat?
456 343 471 363 e
485 337 600 371 vestigio
615 344 684 371 opus
699 337 833 364 medicina

75 385 105 407 est
117 382 152 414 (ea
166 386 204 408 est
229 387 317 408 autetn
348 383 517 416 poenitentia,
536 383 562 409 id
577 387 629 415 est,
646 383 834 417 compnnctio,

75 424 145 456 ﬂetus,
165 424 289 457 lamenta,
305 425 432 452 contritio
461 427 561 458 cordis,
579 431 675 453 cteteru
699 427 835 461 paeniten-

75 470 108 496 tia:
123 470 267 504 phartnacu)
281 479 289 502 ;
310 470 426 505 indeque
441 473 593 505 persanari,
617 476 646 499 et
663 472 689 498 in
714 473 833 507 priorem

75 514 144 541 redire
155 519 262 546 statum,
279 515 352 549 quod
366 515 392 542 ni
412 515 468 547 fiat,
486 521 627 551 peccatum
642 521 765 550 peccato,
774 517 835 544 vul-

75 567 114 587 nus
121 560 213 586 vulneri
220 559 413 594 deprendimur
425 561 566 593 addentes.
575 561 718 589 ineurabili
728 562 833 595 morbo,

74 604 176 632 lelhifera
197 606 313 640 quadam
331 607 433 640 peccati
445 607 606 642 aegritudine
619 607 773 641 conflanda,
787 608 835 636 sed

73 658 220 685 nequaquam
239 652 290 684 sic,
307 651 416 684 fratres,
433 654 499 686 quin
527 654 675 681 cavendum
692 655 719 681 in
739 655 835 690 primis

74 701 95 724 ut
113 704 142 724 ne
153 704 303 730 peccemus,
320 705 381 724 nam
395 699 461 732 quid
474 699 568 726 animo
578 699 728 733 jucundius
755 708 834 735 puro,

73 747 93 768 et
115 742 266 770 inconcussa
298 743 372 770 vitiis
389 744 501 772 mente?
527 744 570 772 sin
595 745 700 773 accidat
721 751 836 780 peccare

73 795 169 822 qtmque,
182 793 211 815 ut
233 793 275 815 est
288 788 376 816 labilis
393 794 488 816 natura
505 795 608 823 nostra,
625 791 760 825 extemplo
775 798 835 818 cor-

73 832 203 866 rigendum,
218 841 269 861 nec
290 834 331 861 vel
347 834 380 861 ad
401 835 496 862 horam
519 835 672 863 incuralum
692 836 834 863 sinendum

72 878 196 913 quidquam
206 884 257 911 est,
270 880 474 914 quippe'instar
490 881 558 908 furis
569 888 643 908 mors
654 886 705 913 est,
717 889 766 908 nec
780 889 833 916 qua

73 923 124 951 liora
138 923 177 951 fur
193 925 282 952 veniet
296 930 430 957 tvncmus,
443 926 575 954 concubia
589 931 677 959 nocte,
699 935 733 954 an
755 927 834 961 galli-

72 970 137 996 ciuio.
154 969 209 997 Jatn
226 971 390 1005 imparatum
409 979 424 998 e
440 979 556 1007 corpore
576 973 702 1000 recedere
727 973 835 1007 plenum

71 1020 103 1042 est
118 1017 230 1049 periculi,
245 1017 365 1052 sistique
381 1017 483 1045 Christi
506 1018 631 1045 tribunali
646 1018 834 1052 perhorribilr.

76 1059 139 1087 Virus
149 1067 185 1088 est
198 1063 278 1093 enim,
294 1063 332 1090 ait
352 1063 406 1096 ille,
422 1071 506 1090 sermo
523 1063 580 1096 Dei,
596 1068 621 1090 et
636 1064 736 1099 eﬂicaz,
749 1068 774 1091 et
792 1072 837 1099 pe-

71 1107 203 1134 netrabilior
217 1109 290 1135 omni
313 1108 403 1143 gladio
420 1109 540 1143 ancipiti,
554 1114 578 1136 et
595 1110 744 1144 pertingens
757 1118 838 1144 usque

72 1151 98 1178 ad
105 1153 245 1180 divisionem
251 1154 349 1181 anian
355 1162 388 1180 ac
394 1155 501 1188 spiritus
508 1154 565 1190 (I9)
574 1163 728 1190 compagum
737 1163 838 1191 quoque

71 1204 95 1222 ac
107 1198 272 1225 medullarum
289 1204 313 1226 et
329 1200 459 1226 discretor
483 1200 683 1235 cogitationum,
703 1205 727 1228 et
751 1201 838 1227 inten-

72 1242 153 1269 tianum
171 1244 266 1276 cordis,
284 1249 308 1271 et
324 1253 375 1272 non
390 1251 427 1272 est
444 1245 501 1271 ulla
519 1250 642 1272 creatura
659 1246 797 1272 invisibilis
810 1245 838 1272 in

71 1294 187 1323 conspectu
209 1291 277 1325 ejus,
295 1293 385 1330 omnia
405 1296 493 1318 autent
518 1292 600 1323 nulla,
615 1297 640 1319 et
661 1298 754 1326 aperta
777 1300 838 1318 sunt

71 1335 138 1361 oculis
160 1336 225 1370 ejus,
248 1339 284 1364 ad
304 1344 379 1370 quem
403 1336 478 1363 nobis
507 1345 593 1364 sermo
607 1338 642 1364 δ’.
663 1336 703 1364 Ac
717 1337 741 1365 si
767 1345 838 1372 aegre

72 1381 198 1413 sospiutur
215 1383 329 1417 probus,
347 1383 388 1409 his
405 1384 444 1410 sic
462 1383 636 1416 habentibus,
653 1383 775 1419 inquam,
787 1384 839 1410 itit-

71 1425 120 1459 pius
139 1432 213 1461 atque
232 1429 385 1456 sceleratus
407 1428 453 1455 ubi
475 1430 692 1464 comparebunt?
706 1430 729 1457 si
745 1429 838 1457 Daniel

71 1475 132 1498 rates
143 1472 242 1507 judicio
256 1481 307 1508 per
324 1474 412 1501 visum
430 1479 576 1508 conspecto
589 1475 723 1502 attonitus
741 1475 838 1503 inhor—

71 1517 124 1550 ntit,
139 1520 197 1553 quid
213 1528 263 1548 nos
278 1521 387 1555 passuri
410 1529 517 1553 sumus,
535 1529 598 1548 cum
614 1522 647 1548 ad
665 1529 708 1549 res
723 1521 774 1549 erit
788 1522 836 1549 de-

71 1565 182 1591 ventum?
197 1565 322 1599 Flauius,
345 1567 442 1601 inquit,
460 1567 550 1601 igneus
567 1567 722 1594 trahebatur
747 1575 838 1594 coram

71 1617 103 1640 ιο,
120 1610 199 1638 millia
222 1613 340 1639 millium
360 1613 518 1640 assistebant
532 1615 575 1647 ei;
592 1618 617 1640 et
641 1614 725 1640 decies
742 1613 838 1640 millies

72 1660 161 1682 centena
173 1657 257 1684 millia
271 1657 462 1684 ministrabant
476 1658 511 1691 ei,
521 1659 656 1692 judicium
669 1659 748 1691 sedit,
763 1664 788 1685 et
804 1659 839 1685 li-

73 1699 104 1726 bri
115 1704 192 1736 aperti
210 1708 272 1730 sunt
284 1703 320 1735 ⁵³,
335 1711 396 1737 qua:
410 1703 455 1730 ubi
481 1704 649 1738 contingent,
664 1704 758 1738 ecquis
775 1704 840 1731 sul»

73 1744 146 1778 sistet,
157 1748 251 1782 ecquis
278 1748 413 1782 pra‘tidet,
428 1748 481 1775 nisi
497 1748 544 1782 qui
558 1753 630 1775 recta
648 1748 766 1777 imbutus
788 1749 840 1776 title

73 1797 106 1817 est
118 1798 192 1827 atque
206 1794 316 1821 actione
329 1794 468 1827 praeclara,
483 1794 530 1828 qui
547 1793 839 1829 fortitudine,justitia,

73 1840 231 1871 temperantia
250 1844 360 1866 mactus
374 1839 521 1867 obsecutus
548 1847 580 1867 ac
599 1840 765 1874 subjectione
778 1847 841 1875 per-

73 1879 182 1910 functus?
200 1883 287 1919 Igitur
307 1884 457 1911 cavendum
473 1889 514 1912 est
528 1885 602 1912 omni
619 1886 719 1920 studio,
730 1886 839 1919 fratres,

73 1925 178 1962 horaque
200 1930 350 1957 metuenda
370 1930 478 1963 mortis,
490 1935 573 1965 atque
593 1931 657 1958 hinc
671 1931 698 1958 in
713 1939 777 1959 oras
793 1940 842 1966 pa-

73 1972 160 2001 randus
172 1975 270 2006 exitus,
298 1982 349 2002 nec
367 1975 591 2002 committendum
607 1980 637 2002 ut
651 1975 776 2004 incautos
792 1977 842 2004 fal-

72 2017 102 2044 lat
122 2019 249 2048 homicida
274 2021 372 2053 hostis,
388 2022 435 2056 qui
457 2029 565 2056 semper
579 2023 703 2050 socordia
723 2031 841 2057 praesens

71 2064 181 2098 dimittat,
190 2067 254 2093 etin
267 2067 392 2094 futurttm
404 2069 608 2096 exsecutionem
621 2069 753 2104 snbjcctet
768 2077 843 2096 man-

72 2108 198 2139 datorum:
218 2120 281 2140 nam
315 2114 337 2140 is
356 2118 398 2140 est
417 2121 536 2148 serpens,
554 2114 673 2147 delnsor,
689 2122 720 2142 ac
733 2116 778 2150 qui
801 2116 842 2142 fa—

72 2155 176 2184 cinorum
194 2159 289 2186 modus
310 2159 414 2194 ingerat
432 2159 565 2187 diversos.
586 2161 671 2193 Quem
691 2170 724 2188 ne
739 2163 842 2197 ignore-

73 2208 130 2233 mus,
142 2204 202 2237 quin
215 2205 328 2232 assidue
338 2205 428 2232 divina
445 2213 496 2240 ope
509 2207 645 2240 repulsum
657 2207 839 2243 protligemtts.

72 2243 188 2280 Equidem
204 2257 253 2276 vos
271 2250 346 2276 hanc
366 2251 392 2276 in
408 2250 503 2277 horam
525 2250 653 2286 frequens
674 2252 726 2279 hnc
745 2259 847 2281 convo-

72 2293 136 2325 cavi;
152 2301 204 2329 quo
221 2295 272 2322 tria
292 2295 346 2322 hoc
362 2303 394 2322 ex
411 2303 459 2323 ore
472 2296 554 2323 verba
568 2298 709 2329 audiretis,
725 2298 847 2333 interque

74 2344 113 2364 ros
123 2339 242 2367 solatium
258 2341 382 2368 vicissim
395 2346 488 2368 mutua
503 2343 686 2370 admonitione
702 2345 845 2378 caperetis:

73 2382 190 2417 siquidem
211 2391 349 2420 praestans
365 2386 516 2415 admonitio
531 2391 583 2420 est,
601 2389 721 2416 animum
752 2397 848 2424 usque-

73 2435 165 2463 qmtque
180 2432 315 2458 novitium
339 2439 508 2467 comparans.
526 2433 604 2466 Quod
620 2433 730 2461 Patrum
746 2435 771 2461 itt
791 2442 842 2462 nio-

74 2480 119 2501 rem
132 2475 300 2510 iactitantes,
314 2477 376 2504 novi
394 2478 545 2513 explorate,
556 2487 589 2506 ac
601 2479 717 2511 conﬁdo,
728 2480 844 2508 salutem

73 2522 232 2556 qua‘situros,
262 2527 291 2549 et
313 2522 396 2549 Deum
422 2524 568 2559 propitium
595 2529 747 2558 paraturos,
764 2525 852 2560 regno

74 2564 232 2599 adipiscendo
248 2568 368 2598 cmlesti.
384 2575 430 2602 per
443 2567 582 2595 Christum
594 2567 686 2597 Iesum
703 2568 846 2597 Dominum

75 2614 190 2638 nostrum.
209 2612 261 2639 Cui
293 2611 378 2646 gloria
403 2617 431 2639 et
461 2613 604 2647 imperium
621 2621 682 2640 cum
706 2613 795 2646 Patre,
814 2622 846 2642 ac

75 2659 154 2682 sant-to
183 2656 302 2691 Spiritu,
332 2664 404 2684 nunc
425 2661 452 2685 et
482 2664 602 2693 semper,
631 2658 659 2686 in
684 2666 846 2694 omnemque

74 2701 275 2733 Petpetnitatem.
292 2701 391 2728 Amen.

103 2768 123 2784 "
138 2768 215 2797 Hebr.
233 2779 254 2804 t,
273 2771 320 2798 13.
359 2771 382 2787 ⁵³
399 2771 467 2799 Dan.
481 2780 529 2804 vtt,
546 2771 591 2799 10.

1138 202 1254 230 SERMO
1271 201 1410 231 LXXXIII.

884 248 1132 284 Gratulatoria,qui
1146 250 1241 284 fratres
1258 249 1427 276 adventantes
1441 248 1512 276 haud
1524 249 1671 282 ptenitends

1153 294 1231 321 domo
1249 294 1396 328 capiamus.

920 339 1031 366 Fratres
1057 340 1218 375 Patresque,
1232 340 1344 375 agendae
1358 345 1423 367 sunt
1438 341 1516 369 nobis
1535 341 1591 370 Deo
1613 351 1673 377 gra-

885 386 928 413 tia:
946 393 995 421 pro
1006 386 1085 414 bonis
1102 394 1161 421 quae
1173 387 1296 420 largitur,
1306 386 1483 414 masimehoc
1500 387 1527 414 in
1542 387 1669 422 hospitio,

884 433 968 467 quod,
981 437 1008 460 et
1026 433 1049 460 si
1060 432 1194 468 profugis,
1213 440 1262 460 ceu
1276 433 1302 459 in
1315 434 1481 461 monasterio
1499 433 1670 468 degentibus,

885 478 953 505 satis
969 485 1106 514 superque
1119 483 1171 511 est,
1189 478 1260 506 unde
1281 478 1461 506 adventantes
1477 478 1558 506 domo
1577 480 1671 514 capia-

885 531 957 551 mus.

921 569 1026 597 Videtis
1043 574 1108 604 qttot
1125 569 1203 605 juges
1223 570 1285 598 hinc
1301 571 1364 599 inde
1379 575 1535 599 commeant
1552 570 1651 597 fratres
1662 590 1670 601 .

886 615 948 650 (nec
969 615 1127 648 immerito;
1149 623 1212 643 nam
1238 624 1293 651 quo
1317 617 1372 644 alio
1393 622 1548 652 respecnent
1569 616 1622 643 nisi
1644 617 1670 642 in

886 660 969 688 Deum
985 668 1098 695 prorsus
1109 681 1116 691 ,
1131 668 1163 688 ac
1179 661 1337 689 tenuitatem
1350 662 1510 695 nostram?)
1535 661 1632 688 videtis
1645 667 1673 688 et

886 705 954 732 alios
975 705 1075 733 fratres
1093 706 1258 741 Patresque,
1296 707 1410 741 inopes,
1430 715 1462 734 ac
1493 707 1648 740 deploratos
1662 726 1670 738 ,

886 751 1069 783 divertentes,
1095 759 1218 787 peneque
1235 752 1294 779 dies
1306 752 1365 780 sine
1378 752 1539 780 invitatione
1552 757 1592 779 est
1604 752 1673 779 nul-

887 796 946 830 lus,
962 803 1052 831 neque
1067 797 1094 824 itt
1113 798 1154 824 his
1170 798 1300 825 omnibus
1313 802 1402 825 tamen
1421 798 1575 825 necessaria
1596 797 1673 824 defe-

888 849 959 873 cere,
975 841 1040 876 quin
1055 841 1189 876 superﬂua
1205 849 1316 876 quoque
1331 841 1446 876 praebita
1459 842 1603 876 frugalitas
1620 846 1672 869 est.

888 886 1036 914 Enimvero
1050 887 1115 922 quid
1138 887 1210 914 aliud
1235 888 1359 914 dicamus
1381 895 1462 921 quam
1481 887 1553 915 haud
1572 887 1674 915 frustra

886 940 950 960 esse
967 933 1014 967 qui
1029 933 1196 967 promiserit,
1215 932 1332 965 Quaerite
1347 934 1463 966 primum
1482 941 1588 968 regnum
1606 933 1652 960 Dei
1664 952 1673 965 ,

889 981 914 1003 et
929 976 1066 1010 justitiam
1083 977 1150 1010 ejus,
1167 982 1192 1003 et
1203 978 1257 1004 Itwc
1271 977 1360 1003 omnia
1372 976 1442 1004 nobis
1460 977 1619 1011 adjiciantur
1631 978 1654 993 ”
1665 996 1674 1010 ,

888 1021 966 1048 nobis
978 1020 1088 1055 quidem
1105 1025 1168 1047 sunt
1184 1021 1301 1055 adjecta,
1318 1020 1460 1053 frumenti,
1474 1021 1540 1053 vini,
1554 1020 1606 1047 olei
1622 1020 1675 1048 fer-

887 1065 990 1096 tititas,
1004 1069 1104 1099 etquae
1124 1064 1177 1092 alia
1200 1064 1254 1092 fert
1274 1065 1438 1098 necessitas,
1457 1069 1609 1099 cunctaque
1627 1072 1675 1098 spe

887 1110 992 1145 majora
1008 1115 1089 1142 sunt,
1102 1117 1154 1137 nec
1166 1109 1318 1137 sufﬁcimus
1328 1129 1336 1142 ,
1352 1115 1399 1137 aut
1413 1110 1526 1144 agendis
1537 1109 1632 1145 gratiis
1645 1114 1676 1137 ut

887 1154 1040 1189 benignitas
1061 1159 1181 1182 meretur
1196 1161 1288 1181 vocem
1310 1154 1443 1182 habemus
1468 1162 1606 1189 rumpere.
1624 1154 1675 1182 Sin

888 1200 1016 1227 nimirum
1033 1199 1242 1227 invitationibus
1253 1199 1378 1233 cogimur
1391 1199 1418 1226 in
1431 1204 1537 1227 arctum
1553 1206 1585 1226 ac
1598 1207 1675 1227 com—

888 1245 1052 1280 primimur,
1072 1249 1102 1272 at
1117 1245 1220 1272 videsis
1242 1252 1367 1278 merces,
1393 1245 1507 1280 lausque
1531 1245 1564 1272 ad
1589 1245 1675 1273 Deum

888 1296 1005 1326 quanta,
1030 1291 1082 1327 ipsi
1100 1291 1268 1319 monasteria
1286 1295 1408 1318 tenentes
1421 1291 1592 1318 admirantur
1604 1310 1612 1323 ,
1635 1292 1675 1318 si-

888 1337 997 1372 quidem
1014 1345 1074 1372 qua:
1089 1337 1124 1365 iis
1140 1337 1211 1364 haud
1227 1337 1316 1364 facere
1342 1338 1498 1371 contingat,
1519 1337 1599 1365 nobis
1615 1344 1678 1372 per-

889 1391 970 1419 agere
983 1383 1076 1411 tribuit
1089 1383 1171 1411 Deus.
1185 1383 1385 1416 Quamobrem?
1398 1383 1490 1410 divina
1505 1383 1676 1418 agnoscenda

890 1430 1007 1464 potentia
1017 1448 1025 1461 ,
1040 1436 1099 1463 quae
1111 1436 1159 1463 spe
1174 1429 1279 1463 ﬁdeque
1293 1428 1458 1463 praestanda,
1474 1436 1530 1456 non
1545 1428 1676 1456 humanis

889 1475 988 1503 nfticiis
1012 1475 1136 1502 obeatur.
1157 1473 1223 1501 Mitti
1244 1478 1320 1501 certe
1345 1481 1389 1501 res
1413 1478 1548 1501 nostrates
1572 1474 1676 1502 similes

891 1520 1075 1548 Israelitarttm
1100 1521 1126 1547 in
1152 1520 1261 1547 deserto
1284 1519 1424 1546 erroribus
1443 1519 1586 1552 videntur,
1609 1527 1678 1554 qua.

893 1566 1046 1593 driennium
1068 1565 1148 1592 hodie
1165 1572 1214 1592 nec
1233 1564 1387 1592 serentibus
1399 1585 1407 1597 ,
1423 1571 1474 1591 nec
1488 1565 1655 1592 metentibus
1667 1584 1676 1594 .

893 1611 1048 1646 suppeditat
1060 1610 1246 1637 indeticienter
1259 1610 1386 1637 alimenta
1402 1610 1511 1644 corpori
1523 1610 1605 1643 Deus,
1621 1617 1676 1636 non

893 1663 993 1682 manna
1024 1655 1130 1683 caelitus
1153 1655 1258 1690 plncns,
1282 1655 1329 1682 sed
1354 1655 1451 1681 horrea
1477 1662 1600 1682 reserans
1629 1655 1679 1681 ha-

893 1703 1037 1734 bentium,
1066 1709 1118 1728 non
1147 1709 1162 1728 e
1191 1706 1269 1727 caute
1301 1708 1398 1735 aquam
1423 1701 1514 1733 ciens,
1543 1700 1589 1727 sed
1619 1700 1679 1734 pio-

893 1756 951 1775 rum
977 1749 1054 1775 nobis
1070 1747 1189 1774 vinarias
1211 1747 1293 1773 cellas
1317 1746 1482 1780 profundens
1496 1766 1504 1778 ,
1526 1750 1679 1779 curteraqne

894 1795 1007 1829 largitus
1022 1801 1083 1829 quae
1103 1793 1175 1820 haud
1195 1791 1274 1820 facile
1295 1799 1461 1829 recenseam.
1479 1789 1538 1820 Non
1556 1791 1608 1817 hoc
1627 1789 1680 1816 mi-

895 1828 967 1874 rum,
984 1840 1115 1870 insolens,
1130 1839 1288 1866 laudabile?
1304 1828 1408 1865 'Addam
1428 1842 1455 1864 ct
1475 1835 1550 1863 aliud
1570 1839 1680 1870 aposto-

895 1886 963 1918 lico,
980 1886 1047 1913 sicut
1064 1890 1166 1920 egentes
1185 1893 1231 1911 nos
1247 1885 1350 1919 quidem
1361 1903 1368 1916 ,
1387 1883 1483 1910 multos
1497 1887 1586 1909 autem
1607 1882 1682 1908 locu.

893 1932 1032 1965 pletantes,
1045 1934 1170 1964 tanquam
1180 1929 1245 1956 nihil
1259 1929 1392 1959 habentes,
1405 1933 1430 1954 et
1442 1927 1531 1953 omnia
1545 1926 1682 1959 possideti-

895 1981 932 2004 tes
942 1976 965 1992 "
976 1995 984 2008 ,
999 1979 1104 2002 tantum
1120 1975 1146 2002 in
1162 1981 1213 2002 nos
1227 1974 1369 2002 clementis
1388 1973 1435 2000 Dei
1451 1972 1612 2000 beneficium
1628 1975 1680 2002 est,

896 2025 1028 2056 tantaque
1045 2020 1195 2047 liberalitas
1209 2028 1215 2047 :
1236 2025 1265 2046 ιιι
1281 2019 1430 2054 periculum
1447 2019 1530 2045 sitne
1545 2018 1681 2044 honorum

895 2066 1066 2101 ignoratione
1081 2065 1208 2099 injuriam
1221 2065 1343 2092 benetico
1359 2064 1503 2092 faciamus.
1518 2063 1571 2090 Sed
1586 2063 1682 2090 adver-

896 2118 986 2139 tamus
998 2110 1119 2142 animos,
1137 2109 1253 2141 fratres,
1271 2117 1324 2136 una
1340 2117 1435 2136 otnnes
1450 2109 1524 2136 serio
1536 2128 1544 2138 ,
1560 2111 1616 2134 tam
1633 2106 1681 2140 qui

896 2157 940 2184 hic
956 2156 1065 2191 degitis.
1081 2164 1163 2191 quam
1177 2155 1222 2191 qui
1239 2156 1420 2190 commentis,
1435 2164 1467 2184 ac
1482 2157 1621 2185 Dominica
1638 2165 1681 2185 se-

858 2215 881 2246 ι)
897 2202 953 2229 duli
967 2207 1100 2237 praecepta
1117 2209 1311 2236 exsequamur,
1334 2206 1485 2236 mutuoque
1501 2212 1662 2233 moneamus
1673 2227 1680 2239 ,

896 2248 929 2275 ad
945 2249 1057 2280 amoris,
1075 2255 1106 2274 ac
1121 2247 1253 2274 bonorum
1268 2255 1381 2279 operum
1399 2249 1611 2283 instigationem,
1626 2259 1680 2278 non

896 2295 1018 2330 projecte
1031 2295 1169 2326 viventes,
1187 2301 1236 2320 nec
1252 2294 1361 2326 carnis,
1378 2295 1496 2321 animive
1520 2295 1681 2323 libidinibus

896 2339 1030 2374 perfuncti
1044 2358 1052 2371 ,
1077 2346 1127 2365 nec
1152 2343 1356 2366 nturmurantcs
1369 2359 1376 2371 ,
1397 2339 1484 2366 instar
1503 2341 1656 2374 priscorum
1674 2352 1679 2368 :

897 2393 947 2412 nec
960 2384 1099 2413 Christum
1115 2389 1250 2411 tentantes
1263 2404 1270 2416 ,
1287 2389 1316 2411 ut
1333 2388 1389 2411 tum
1405 2385 1441 2418 ii,
1456 2387 1590 2419 poteritne
1605 2387 1661 2414 haec
1674 2407 1680 2419 ,

898 2430 998 2464 illaque
1011 2429 1082 2457 Deus
1097 2437 1179 2464 porro
1192 2430 1336 2457 sufticere‘!
1346 2430 1470 2464 equidem
1484 2432 1617 2467 scriptum
1628 2437 1680 2464 est.

900 2476 996 2503 Omnia
1006 2476 1143 2510 possibilia
1158 2482 1218 2503 sunt
1228 2476 1342 2502 credenti
1354 2477 1387 2504 “.
1401 2476 1485 2504 Nobis
1499 2478 1609 2512 quidem
1621 2487 1682 2513 qum

899 2522 933 2549 ad
957 2523 1071 2549 salutem
1097 2521 1200 2549 faciant
1222 2522 1342 2549 credulis
1367 2527 1424 2549 tum
1449 2524 1586 2557 postulata
1611 2524 1683 2551 Deus

900 2572 998 2594 cuneta
1014 2567 1142 2602 praebeat,
1156 2572 1211 2593 tum
1229 2567 1383 2602 adjnmenta
1400 2569 1538 2604 corporis;
1560 2569 1683 2604 vitaequae

902 2620 1077 2647 peragi-emus
1094 2612 1278 2645 solitudinem,
1294 2613 1354 2640 luce
1370 2613 1497 2641 illustrati
1513 2614 1644 2646 veritatis,
1657 2620 1683 2640 ut

898 2658 1065 2685 Amaleciten
1095 2657 1270 2693 profligemus
1281 2658 1327 2692 qui
1338 2659 1424 2686 aciem
1440 2659 1527 2694 fugiat
1538 2661 1680 2687 oculorum

899 2702 998 2730 validis
1021 2703 1147 2730 instructi
1166 2705 1250 2732 armis
1272 2704 1402 2739 spiritus,
1419 2710 1501 2741 atque
1521 2706 1592 2734 haud
1615 2714 1680 2743 pro-

630 2772 653 2788 "
668 2770 763 2800 Matth.
781 2780 817 2806 vr,
835 2772 880 2800 33.
918 2773 941 2788 ⁵⁵
955 2772 974 2801 ll
989 2773 1054 2800 Cor.
1070 2781 1108 2804 vt,
1124 2774 1168 2802 l0.
1207 2775 1230 2790 "
1244 2774 1328 2803 Marc.
1346 2784 1384 2808 tx,
1404 2775 1449 2804 22.

105 2839 152 2874 (l9)
171 2841 315 2876 Σὼμιτος.
332 2840 394 2868 Erat
410 2842 436 2868 in
458 2847 564 2874 nostro,
588 2843 634 2870 sed
650 2842 789 2869 emendavi
807 2850 839 2870 cx

892 2847 921 2870 ιι,
939 2843 1102 2879 πνεύματος.
1121 2845 1159 2872 Ac
1176 2845 1215 2872 sic
1230 2849 1271 2874 est
1287 2845 1314 2874 in
1339 2845 1402 2871 divo
1418 2845 1515 2872 Paulo.

215 2889 354 2920 PATROL.
376 2889 399 2918 (Β
405 2898 436 2919 tt.
456 2889 557 2920 XCIX.

1433 2892 1472 2924 20
