1921 3073
223 151 277 184 619

809 147 838 176 S.
855 143 1051 175 TllEODORi
1067 140 1240 172 STUDlT/E

1799 137 1852 167 6Ξο

221 207 340 235 missum
355 203 484 239 equidem
502 202 591 230 solum
622 201 784 228 invadamus
806 199 952 235 (siquidem
972 197 1014 224 ui»
1032 200 1051 227 Α
1068 196 1132 223 stini
1156 195 1235 222 nobis
1257 194 1376 229 Spiritus
1396 194 1515 228 potentia
1534 197 1607 225 sunt,
1630 192 1789 225 viribusque
1813 193 1854 220 lo-

219 252 259 280 liil
278 251 310 278 ad
324 258 376 277 nos
395 253 588 276 momentanea
600 254 633 274 ac
651 246 788 280 caduca),
806 246 870 280 quin
901 244 1013 271 caeleste

221 303 338 332 regnum
355 295 505 326 ineamus;
527 296 620 320 certus
641 296 684 319 est
704 291 776 319 enim
799 290 846 324 qui
867 289 1013 324 stipulatus

222 343 292 369 dixit
306 361 314 375 ,
336 340 414 368 Beati
439 339 484 374 qui
506 338 712 373 persecutionem
740 336 879 371 patiuntur
905 338 1014 369 propter

217 387 367 423 justitiam,
384 385 512 420 quoniam
525 385 642 418 ipsorum
656 387 694 410 est
708 389 816 417 regnum
839 380 962 407 caelorum
977 379 1011 405 ⁵⁷.

218 433 270 459 Cui
281 432 367 467 gloria
379 436 406 458 et
417 429 574 465 imperium,
583 436 645 455 cum
655 427 746 459 Patre,
754 434 786 454 ac
793 431 887 453 sancto
897 424 1013 459 Spiritu,

220 486 295 505 nunc
315 481 342 504 et
350 483 467 511 semper,
477 475 503 502 in
515 481 680 508 omnemque
689 471 1011 507 perpetuitatem.Ameu.

470 530 588 558 SERMO
619 528 764 557 LXXXIV.

221 579 398 614 Nequaquam
425 577 588 614 occasionem
615 571 1011 614 qureretttibusmpraebendam,

362 613 442 647 deque
450 612 564 638 ineundo
576 608 636 637 cum
650 610 720 637 uitiis
734 608 870 642 conﬂictu.

255 659 366 686 Fratres
394 657 544 690 Patresque
557 675 565 688 ,
583 653 762 689 prmsentibus
778 652 858 679 malis
874 650 946 678 haud
963 650 1013 678 abs

220 712 250 732 re
262 705 315 731 hoc
328 702 453 737 Apostoli
469 707 645 735 usurpentus,
659 698 781 726 Tentatio
796 705 849 724 non
861 704 906 723 nos
920 703 1013 731 appre-

220 748 310 776 hendit
328 748 380 774 nisi
392 746 508 772 humana
522 745 562 761 “7”
576 764 584 778 ,
601 744 673 778 quod
685 743 720 770 ob
733 742 871 770 dominum
886 740 1013 768 Theocti-

221 799 306 826 stum,
320 792 450 821 eximium
467 798 571 824 senem,
589 790 725 821 diximus,
741 788 815 815 velut
831 787 944 814 omnino
959 793 1010 813 no-

221 843 322 866 strum.
339 836 437 871 Ecqua:
452 840 494 863 est
514 840 602 862 autem
618 833 747 861 tentatio?
761 831 834 867 quod
853 831 876 858 is
892 831 920 857 in
936 830 1012 856 insu-

1066 245 1143 272 catae,
1175 239 1288 266 consilia
1317 238 1493 270 destruentes,
1519 238 1558 265 uti
1586 238 1717 272 scriptum
1747 242 1801 271 est,
1828 243 1855 265 et

1066 291 1168 312 omnem
1191 283 1359 320 altitudinem
1381 282 1550 310 extollentem
1572 289 1600 308 se
1622 282 1747 308 adversus
1769 282 1855 308 scien—

1066 329 1132 356 tiam
1143 328 1202 361 Dei,
1217 333 1242 355 et
1257 328 1285 355 in
1297 328 1479 362 captivitatem
1495 327 1641 361 redigentes
1654 334 1756 353 omnem
1771 326 1854 353 intel-

1065 374 1161 401 lectum
1174 373 1200 399 in
1215 373 1367 407 obsequium
1381 371 1495 404 Christi,
1509 377 1535 399 ct
1546 374 1574 399 in
1587 377 1711 407 promptu
1729 372 1854 399 habentes

1065 419 1234 446 ulciscentem
1261 418 1468 445 inobedientiam
1480 417 1524 450 “,
1556 418 1636 452 idque
1660 418 1770 452 jugiter.
1803 418 1855 444 At-

1064 473 1118 500 que
1139 465 1192 492 hoc
1215 463 1425 499 improﬂigabile
1450 463 1551 490 bellum
1571 469 1624 494 est,
1644 464 1696 491 hoc
1711 463 1854 498 multiplex

1064 515 1093 537 et
1104 510 1264 537 diuturnum
1280 509 1452 544 martyrium,
1470 515 1533 535 nam
1550 508 1597 542 qui
1611 508 1729 535 assiduis
1749 509 1854 542 petitus

1065 555 1193 590 cogitatis
1217 554 1330 581 minime
1357 553 1546 585 deietiscatur,
1573 553 1714 580 accidatve
1745 552 1853 586 Bahali,

1065 600 1132 635 quin
1150 602 1294 634 repugnet,
1319 606 1352 625 ac
1368 598 1432 626 vitia
1460 598 1606 630 transiliat,
1624 598 1791 632 Cupidinem,
1809 598 1854 624 l'u-

1064 652 1166 677 rorem,
1183 645 1264 676 iram,
1281 644 1467 676 timiditatem,
1490 651 1534 671 na:
1553 644 1577 670 is
1602 645 1732 678 martyrio
1750 644 1777 670 in
1793 643 1856 671 dies

1064 691 1207 722 multetur,
1223 690 1374 724 habeatque
1385 689 1432 723 qui
1447 696 1509 716 cum
1524 688 1609 716 Paulo
1624 689 1735 720 dixerit,
1755 688 1857 720 Quoti-

1063 737 1107 763 die
1130 737 1241 768 morior,
1259 743 1305 769 per
1321 735 1518 770 gloriationem,
1537 742 1616 769 quam
1632 734 1713 761 habeo
1731 735 1757 761 in
1774 735 1856 761 Chii-

1063 786 1104 809 sto
1126 781 1190 809 Jun
1212 781 1325 808 Domino
1351 786 1441 808 nostro
1453 781 1487 807 ⁸³.
1515 779 1587 813 Quin
1618 781 1669 808 sub
1694 780 1856 808 certaminis

1064 829 1118 855 line
1131 827 1232 855 audeat
1247 826 1334 860 elIari,
1352 826 1453 854 Bonum
1469 831 1600 853 certamen
1614 827 1723 858 cenavi,
1742 834 1854 852 cursant

220 886 276 913 lam
295 884 437 912 Chaleiton
460 887 502 910 est
519 882 656 916 relegatus
668 901 675 914 ,
697 881 812 915 ejusque
832 877 979 909 sacerdos,
996 884 1012 904 a
1027 872 1049 900 Β
1064 873 1254 905 consummavi,
1278 873 1356 907 ﬁdem
1372 872 1485 904 servavi.
1507 872 1535 898 in
1559 872 1659 906 reliquo
1675 872 1792 906 reposita
1813 875 1855 898 est

221 929 413 959 contubernali
437 929 544 956 delatus
565 935 572 953 :
596 934 646 954 ceu
671 927 814 953 immemor
834 923 1009 959 principum,

221 977 412 1006 crudelissime
423 979 500 1009 tergo
512 973 663 1008 vapulavit.
679 970 716 998 Ut
729 970 796 997 mihi
811 969 924 1004 quidem
944 975 1011 995 con-

221 1022 282 1050 ﬂari
301 1022 328 1048 in
350 1028 400 1048 nos
421 1018 542 1055 pericula
565 1017 728 1049 videantur,
750 1020 776 1042 et
800 1015 824 1042 si
849 1013 1012 1049 plerumque

221 1067 373 1102 reperimur
385 1065 436 1100 ipsi
450 1065 476 1092 in
492 1072 523 1091 ea
536 1071 585 1090 nos
600 1062 740 1093 inducere,
753 1060 799 1095 qui
813 1059 885 1086 enim
897 1061 1013 1093 possunt

221 1113 418 1141 monasterium
436 1114 559 1138 tenentes
575 1115 628 1135 non
644 1107 805 1134 memoriam
821 1105 925 1140 agitare
938 1103 1009 1137 prin-

222 1159 314 1193 cipum
327 1157 443 1192 (scilicet
457 1163 511 1182 non
529 1154 681 1181 incolumes
695 1153 722 1179 in
745 1152 812 1179 urbe
827 1151 925 1178 fratres
941 1160 948 1177 ε
963 1149 1013 1176 Pa-

222 1208 333 1237 tresque
359 1202 489 1236 degentes
514 1198 651 1226 haereticis
677 1197 804 1224 conciant
829 1193 1010 1229 tumultum?)

224 1249 303 1276 Exite
314 1248 346 1274 de
357 1246 441 1274 medio
455 1254 546 1272 eorum
559 1245 581 1261 ⁸³
594 1266 601 1278 ,
613 1249 637 1272 et
649 1243 810 1278 separamini
819 1263 826 1275 ,
841 1242 904 1269 dicit
919 1241 1011 1268 Domi-

223 1302 273 1321 nus
287 1313 295 1326 ,
325 1298 350 1320 et
367 1291 531 1319 immundum
551 1299 582 1317 nc
601 1290 737 1325 tetigeritis
752 1289 775 1305 "
786 1310 794 1322 ,
814 1288 841 1315 hi
858 1292 951 1314 contra
969 1286 1010 1314 fa-

223 1341 328 1366 cientes
342 1358 349 1369 ,
375 1338 511 1366 sustinent
533 1336 681 1364 contraria.
703 1334 759 1362 Nos
771 1334 912 1362 enimvero
930 1332 1011 1360 nauci

223 1380 396 1416 profugimus
412 1379 533 1405 urbanos
545 1398 553 1410 ,
579 1378 631 1405 hac
662 1378 688 1404 in
704 1384 753 1404 ora
773 1377 962 1408 considentes,
982 1380 1011 1403 ut

224 1433 259 1452 ne
273 1424 445 1451 occasionem
463 1421 649 1456 quaerentibus
664 1420 846 1455 praebeamus,
857 1427 888 1447 ac
902 1427 953 1447 nos
969 1420 1011 1446 in-

224 1472 336 1498 demnes
347 1469 478 1495 hactenus
490 1471 591 1494 tutatus
606 1466 677 1493 Deus
689 1469 742 1499 est,
759 1469 916 1500 tuteturque
927 1464 1010 1491 etiam

223 1523 325 1552 porro,
353 1515 376 1542 si
401 1513 578 1545 carebimus,
610 1519 698 1547 neque
725 1510 879 1538 eii'utiemus
905 1510 956 1538 hoc
984 1513 1012 1537 et

225 1562 310 1593 illud,
331 1568 382 1587 nec
396 1559 502 1587 levi-bus
527 1562 555 1585 et
568 1557 700 1592 improbis
724 1557 897 1584 sermonibus
918 1563 1012 1582 aurem

225 1607 386 1634 tribuemus.
405 1605 470 1637 Quae
483 1603 605 1639 Apostoli
624 1603 759 1630 sententia
776 1602 838 1628 est?
853 1600 944 1628 Sermo
956 1609 1010 1627 res-

226 1658 264 1680 ter
277 1660 377 1687 semper
390 1651 418 1677 in
433 1651 521 1685 gratia
536 1650 580 1682 sit,
597 1648 652 1675 sale
664 1647 785 1675 conditus
799 1652 829 1674 ut
845 1647 935 1673 sciatis
947 1654 1013 1680 quo-

225 1699 302 1726 modo
318 1701 436 1733 oporteat
465 1704 510 1723 vos
529 1695 667 1729 unicuique
680 1693 834 1728 respondere
841 1693 875 1725 “;
891 1699 1014 1719 rursum-

225 1752 278 1778 que
288 1744 332 1770 Dei
344 1749 491 1778 germanus
506 1740 611 1775 inquit:
628 1739 672 1767 Sic
683 1739 831 1774 loquimini,
847 1743 869 1765 et
884 1738 922 1765 sic
934 1737 1013 1772 facite

224 1791 292 1816 sicut
309 1796 354 1822 per
370 1787 450 1822 legem
467 1785 597 1813 libertatis
613 1784 755 1818 judicandi
767 1783 799 1810 “.

262 1832 446 1865 Quamobrem
461 1831 557 1858 demus
569 1837 679 1865 operam
701 1830 897 1863 circumspecte
918 1835 952 1855 ne
970 1827 1012 1854 in-

227 1878 388 1912 tempestive
410 1877 436 1903 in
455 1875 608 1910 periculum
631 1882 756 1906 ruamus,
780 1874 846 1908 quin
866 1873 1012 1901 imminens

228 1924 330 1951 malum
344 1930 394 1950 ceu
408 1922 535 1956 laqueum
553 1921 711 1948 evadamus.
724 1920 813 1954 Atque
826 1921 882 1947 haec
899 1920 1012 1947 tentatio

226 1974 268 1997 est
292 1969 421 2000 humana,
439 1967 464 1994 id
481 1972 522 1994 est
545 1967 633 2000 levis;
654 1971 780 1994 caeterum
796 1966 958 1998 daemonum,
980 1972 1013 1993 ea

227 2021 293 2042 vero
320 2018 362 2041 est
387 2013 544 2048 pergravis,
577 2019 604 2039 et
628 2011 827 2047 implacabilis,
858 2011 905 2046 qui
933 2010 1012 2039 nobis

226 2059 362 2086 vexandis
382 2058 409 2085 in
423 2058 493 2090 dies,
510 2057 605 2089 horas,
624 2061 761 2084 momenta
779 2057 875 2089 dediti,
891 2055 1012 2092 perdim-

226 2104 305 2132 cilem
329 2102 503 2135 conﬂictum,
527 2102 697 2137 arduamque
722 2102 899 2136 cumprimis
924 2102 1011 2129 victo-

225 2149 294 2176 riam
318 2152 458 2183 praestant.
484 2147 535 2175 Sed
557 2148 687 2181 quoniam
707 2147 776 2174 nihil
792 2154 846 2174 non
870 2146 1011 2182 diligentia

1061 919 1126 946 milii
1139 926 1235 945 corona
1245 917 1363 952 justitia:
1378 925 1458 952 quam
1474 916 1565 944 reddet
1586 916 1653 943 mihi
1668 916 1800 943 Dominus
1824 917 1854 943 in

1061 965 1109 992 illa
1128 965 1182 996 die,
1206 964 1292 996 iustus
1313 963 1397 998 judea:
1408 963 1441 994 ",
1457 963 1530 998 quod
1552 962 1642 997 eloqui
1668 970 1717 989 nos
1741 970 1856 997 quoque

1061 1010 1183 1038 universi
1204 1017 1348 1045 queamus,
1374 1010 1530 1044 comptique
1547 1008 1662 1042 iustitiae
1685 1015 1787 1035 corona
1813 1015 1855 1034 re-

1062 1064 1150 1092 gnum
1175 1055 1281 1091 ingredi
1304 1055 1416 1083 cmleste
1437 1062 1486 1090 per
1509 1054 1649 1082 Christum
1674 1053 1768 1081 Jcsutn
1798 1053 1855 1080 Do-

1061 1102 1168 1129 minum
1199 1105 1334 1129 nostrum.
1361 1100 1410 1128 Cui
1444 1100 1531 1136 gloria
1555 1104 1582 1127 et
1608 1099 1753 1134 imperium
1787 1107 1854 1126 cum

1060 1146 1152 1180 Patre,
1169 1154 1202 1174 ac
1226 1152 1324 1174 sancto
1341 1145 1455 1181 Spiritu,
1474 1153 1548 1174 nunc
1573 1150 1601 1173 et
1613 1153 1731 1181 semper,
1752 1145 1778 1173 in
1791 1152 1856 1172 om-

1060 1198 1180 1226 nemque
1195 1191 1415 1226 perpetuitatem.
1431 1191 1530 1219 Amen.

1320 1236 1437 1265 SERMO
1456 1235 1588 1264 LXXXV.

1169 1282 1298 1310 Doctrina
1308 1282 1340 1309 dc
1358 1282 1440 1309 noxia
1455 1281 1742 1323 Iugiendayoluptate.

1096 1329 1207 1357 Fratres
1234 1328 1398 1363 Patresque,
1421 1334 1554 1363 quantum
1576 1333 1714 1356 certamen
1740 1328 1857 1356 incum-

1061 1375 1108 1403 bat
1126 1375 1232 1403 doctori
1256 1382 1308 1410 pro
1336 1375 1480 1409 discipulis
1501 1375 1649 1409 Apostolus
1678 1374 1800 1402 ostendit
1817 1374 1854 1401 ad

1061 1420 1234 1448 Timotheum
1249 1420 1276 1447 in
1292 1421 1349 1448 haec
1364 1421 1446 1448 verba
1463 1429 1469 1447 :
1482 1419 1560 1447 Iusta
1577 1425 1734 1455 opportune,
1749 1421 1856 1455 impor-

1061 1471 1133 1500 tune,
1152 1474 1245 1502 argue,
1266 1467 1384 1497 obsecra,
1406 1467 1522 1500 increpa,
1541 1467 1567 1494 in
1586 1467 1657 1493 omni
1669 1467 1812 1501 patientia,
1828 1473 1855 1494 et

1025 1533 1049 1564 ο
1065 1513 1208 1545 doctrina;
1223 1517 1274 1539 erit
1293 1513 1362 1539 enim
1387 1517 1488 1546 tempus
1509 1520 1568 1539 cum
1586 1521 1679 1540 sanam
1700 1513 1856 1540 doctrinam

1066 1566 1119 1585 non
1138 1558 1304 1584 sustinebunt
1317 1558 1350 1584 ".
1372 1558 1503 1592 Equidem
1517 1566 1582 1586 vero
1597 1559 1668 1586 absit
1685 1563 1713 1586 ut
1730 1559 1770 1586 sic
1787 1560 1858 1587 all'e-

1065 1610 1127 1632 etus
1152 1604 1292 1632 vobiscum
1322 1604 1500 1638 sermociner,
1528 1605 1575 1632 sed
1602 1606 1665 1639 quia
1694 1610 1856 1638 veternosa,

1064 1657 1206 1685 pronaque
1227 1654 1323 1677 natura
1340 1655 1447 1682 nostra,
1464 1658 1525 1685 quae
1543 1655 1585 1677 est
1603 1651 1686 1678 oblita
1701 1656 1858 1686 pracepto-

1064 1703 1124 1723 rum
1140 1695 1217 1730 quasi
1238 1696 1339 1727 calcar,
1364 1696 1499 1724 orationis
1515 1697 1656 1724 stimulum
1670 1701 1698 1724 et
1719 1702 1857 1732 tanquam

1064 1741 1176 1776 verbera
1203 1741 1312 1769 assidue
1330 1742 1462 1776 requirat,
1478 1749 1533 1777 quo
1548 1742 1657 1777 evigilet
1672 1751 1705 1770 ac
1725 1745 1858 1779 proposi-

1064 1790 1123 1814 tum
1151 1786 1204 1813 sibi
1228 1786 1356 1821 gaudium
1381 1791 1486 1819 cernat,
1515 1795 1576 1814 nam
1600 1788 1665 1823 quid
1683 1789 1770 1820 enim,
1797 1797 1857 1816 non

1062 1832 1230 1866 promissum
1246 1832 1357 1860 cceleste
1374 1840 1486 1867 regnum
1508 1833 1568 1861 est?
1588 1841 1641 1861 non
1659 1835 1712 1861 vita
1738 1835 1859 1861 immor-

1063 1877 1146 1905 talis?
1165 1885 1220 1905 non
1235 1877 1382 1906 inetl'abilis
1396 1878 1509 1906 laetitia?
1528 1886 1582 1906 non
1600 1880 1713 1913 pomarii
1730 1880 1859 1908 delicias?

1063 1930 1118 1950 non
1144 1930 1224 1957 pares
1248 1922 1351 1957 angelis
1375 1923 1514 1952 honores?
1541 1931 1596 1952 non
1621 1925 1730 1960 requies
1752 1927 1859 1960 sempi-

1063 1967 1159 1995 terna?
1178 1967 1239 1995 Jam
1254 1975 1304 1995 cur
1320 1968 1436 2000 vincula,
1453 1976 1556 2002 carcer,
1575 1971 1683 2003 exsilia,
1706 1978 1856 2004 aerumnae,

1063 2017 1217 2046 tormenta,
1245 2020 1325 2041 ncces
1354 2015 1538 2048 expetuntur?
1569 2022 1624 2043 non
1656 2022 1685 2043 ut
1715 2018 1859 2051 promissa

1062 2066 1263 2093 consequamur
1290 2059 1372 2091 bona,
1394 2064 1478 2095 atque
1500 2061 1619 2089 intentas
1646 2069 1741 2096 pmnas
1765 2062 1859 2099 fugia-

1062 2104 1146 2131 mus?
1160 2104 1266 2132 Videsis
1281 2109 1416 2140 martyres
1435 2113 1561 2134 cruorem
1577 2107 1653 2135 laetos
1668 2108 1857 2143 eﬂ'ultdcntes,

1062 2152 1090 2175 et
1113 2149 1218 2176 alacres
1239 2148 1273 2176 ad
1299 2156 1403 2182 ensem,
1430 2150 1531 2185 ignem,
1557 2152 1669 2185 beatias,
1697 2159 1859 2189 ratemque

226 2194 307 2222 conﬁt
327 2194 501 2225 resistamus,
516 2201 548 2220 ac
563 2193 672 2220 Christo
683 2193 753 2220 duce
767 2193 928 2226 vincemus;
947 2199 1011 2220 nam
1028 2199 1050 2227 ι’)
1065 2200 1164 2224 cuncta
1181 2197 1315 2232 supplicia
1330 2198 1481 2232 abeuntes;
1496 2200 1597 2228 videsis
1615 2205 1643 2228 et
1664 2207 1776 2230 sanctos
1791 2211 1857 2230 cum

227 2240 251 2267 is
274 2244 317 2267 est
333 2239 380 2274 qui
401 2239 543 2266 nobiscum
569 2238 691 2273 perierat
713 2239 876 2271 certamina,
892 2238 1015 2273 quando-

226 2286 338 2320 quidem
363 2283 427 2311 Sine
453 2291 504 2316 me,
535 2284 633 2318 inquit,
660 2284 728 2310 nihil
749 2285 858 2318 potestis
883 2284 1012 2319 facere".

224 2330 311 2363 Quam
327 2330 353 2356 in
373 2329 550 2356 tentationem
566 2333 720 2363 satagamus
737 2337 790 2356 non
812 2329 943 2362 incidere,
958 2337 1012 2357 neu

223 2375 332 2402 diabolo
348 2375 373 2401 in
393 2382 503 2402 manum
517 2375 673 2406 convenire,
688 2374 734 2402 ubi
748 2375 822 2402 haud
838 2375 928 2402 brevis
946 2382 1012 2410 aga-

223 2426 268 2448 tur
283 2421 309 2447 in
331 2421 447 2448 insulam
472 2420 614 2455 relegatio.
646 2421 712 2455 quin
733 2427 748 2447 a
771 2421 826 2448 Deo
846 2421 961 2456 proiecti
982 2421 1010 2448 in

222 2466 338 2493 extimas
363 2466 487 2493 tenebras
513 2466 650 2500 portatio,
680 2475 730 2494 nec
753 2471 844 2499 tanta,
872 2466 1012 2494 tantillave

222 2510 318 2546 ﬂagra,
350 2511 396 2538 sed
416 2511 563 2543 immensa,
594 2517 706 2544 aeterna,
740 2511 847 2538 inlinita
875 2511 1011 2545 siquidem

222 2556 348 2591 Surgent,
370 2557 418 2588 ait,
442 2557 486 2591 qui
515 2556 583 2583 bona
598 2557 716 2590 fecerunt
743 2557 771 2583 in
794 2556 1010 2583 resurrectionem

221 2603 291 2635 vitae,
306 2603 352 2637 qui
367 2610 426 2629 vero
439 2602 513 2629 mala
527 2606 635 2636 egerunt
653 2603 680 2629 in
695 2603 913 2630 resurrectionem
930 2603 1007 2638 judi-

220 2648 297 2678 cil“,
321 2647 413 2683 Itaque
430 2649 586 2679 timeamus,
602 2647 711 2680 fratres,
733 2655 826 2682 porro,
848 2655 881 2676 ac
899 2653 1008 2676 contre-

221 2694 383 2728 miscamus,
399 2694 507 2727 cunctis
524 2693 672 2721 contractis
693 2694 801 2728 opibus,
819 2701 880 2729 quae
898 2694 925 2722 in
941 2695 1008 2722 inte-

255 2771 277 2788 ⁸⁷
293 2771 389 2798 Matth.
415 2779 449 2804 ν,
475 2771 518 2798 10.
557 2771 589 2786 ³⁷·
614 2771 623 2797 ι
642 2771 704 2798 Cor.
726 2779 763 2805 Χ,
781 2771 826 2799 i3.
863 2772 886 2789 ⁸⁸
907 2772 959 2800 lsa.
980 2781 1036 2806 Lit,

1063 2243 1148 2270 animi
1162 2243 1304 2278 voluptate
1319 2251 1420 2279 corpus
1434 2244 1605 2279 aﬁliclantes,
1621 2251 1704 2281 atque
1722 2248 1750 2275 in
1765 2251 1859 2277 servi-

1063 2291 1148 2315 tutem
1166 2288 1319 2323 rcdigentes
1340 2289 1465 2324 nihilque
1487 2290 1654 2319 arbitrantes
1668 2292 1772 2320 virtute
1790 2301 1857 2322 suu-

1061 2334 1132 2360 vius.
1146 2333 1239 2368 Itaque
1250 2334 1315 2368 quid
1329 2341 1380 2362 nos
1395 2335 1536 2364 stertimus
1552 2337 1654 2371 porro?
1670 2339 1736 2372 quid
1754 2339 1858 2367 diﬂ‘un-

1061 2378 1171 2406 dimur‘t
1183 2379 1247 2414 quid
1266 2379 1429 2414 perniciosis
1449 2387 1481 2408 ac
1493 2383 1560 2416 pesti
1569 2381 1634 2409 feris
1647 2383 1720 2410 vitiis
1739 2391 1857 2412 occum-

1061 2423 1163 2455 bimus,
1181 2431 1242 2458 quae
1264 2424 1319 2452 telo
1334 2432 1383 2452 cor
1406 2426 1514 2454 acutius
1536 2427 1700 2455 vulnerent?
1717 2428 1799 2456 Exite
1820 2432 1857 2458 de

1060 2468 1147 2496 medio
1165 2477 1268 2501 eorum,
1290 2473 1315 2496 et
1329 2471 1502 2504 separantini,
1519 2471 1585 2498 dicit
1601 2472 1732 2500 Dominus
1744 2474 1778 2507 “,
1796 2482 1854 2502 non

1060 2514 1109 2541 abs
1130 2521 1160 2541 re
1182 2514 1227 2541 hic
1246 2522 1413 2550 usurpentus
1426 2523 1546 2551 quoque,
1567 2519 1746 2552 quamobrem
1772 2527 1854 2548 sece-

1060 2559 1157 2588 damus
1182 2560 1215 2587 ab
1232 2561 1283 2594 eis,
1307 2569 1356 2589 ceu
1385 2562 1521 2595 Sodomis,
1547 2571 1580 2592 ac
1599 2563 1764 2599 Gomorrha,
1790 2567 1850 2601 igni

1060 2610 1143 2640 atque
1158 2605 1290 2640 sulphure
1305 2608 1451 2640 ambustis,
1467 2607 1614 2643 carnisque
1633 2609 1723 2637 sensis
1738 2610 1857 2645 deposi-

1061 2651 1108 2683 tis,
1123 2659 1184 2686 qute
1204 2651 1313 2686 spiritui
1333 2652 1512 2686 reluctentur,
1529 2658 1557 2681 et
1572 2660 1736 2689 repugnent,
1757 2662 1773 2682 ει
1791 2664 1855 2684 ser-

1061 2697 1108 2724 vili
1124 2697 1214 2725 studio
1229 2705 1398 2730 asseramur,
1413 2698 1514 2726 animis
1533 2699 1670 2727 inventuri
1682 2701 1852 2736 requietem,

1061 2774 1101 2801 li.
1119 2775 1165 2811 ﬂ"?
1181 2775 1199 2811 ll
1214 2776 1278 2803 Cor.
1295 2783 1320 2802 vt
1334 2795 1340 2807 ,
1359 2776 1402 2803 l7.
1417 2810 1421 2811 γ
1440 2776 1463 2792 ⁸⁸
1474 2776 1580 2805 Coloss.
1594 2785 1631 2811 tv,
1649 2778 1676 2805 6.
1715 2779 1738 2796 "
1750 2779 1849 2809 Iacob.

221 2814 241 2848 με
256 2806 307 2848 25‘;
322 2806 451 2848 "“nJoan.
467 2807 555 2848 xv_,_5.
597 2806 708 2835 “Joan.
727 2814 753 2840 v,
773 2807 818 2835 29.
857 2807 911 2835 “ll
925 2808 989 2836 Cor.
1007 2817 1011 2836 1

1063 2811 1077 2835 ε.
1117 2810 1161 2838 ιιι
1176 2810 1239 2839 Cor.
1257 2818 1302 2843 xv,
1316 2811 1359 2837 si.
1380 2812 1403 2828 σο
1414 2810 1436 2838 ιι
1450 2811 1521 2839 Tim.
1536 2820 1574 2845 tv,
1589 2806 1631 2839 7.’
1654 2814 1675 2830 ιν
1686 2812 1709 2842 ιι
1721 2806 1796 2843 Tim.
1805 2806 1849 2848 it;

219 2842 248 2869 9η
285 2841 307 2857 ⁶¹¹
321 2840 341 2867 ll
356 2842 419 2869 Cor.
439 2849 474 2874 γι,
494 2841 537 2868 17.
