1921 3073
71 114 104 146 62!

602 112 807 143 SERMONES
821 110 1082 143 CATECHETICI.

1605 111 1657 143 623

70 179 114 199 nam
127 169 181 205 quid
197 169 342 205 requietius
361 174 452 197 mente
468 173 521 201 est,
539 176 601 204 quae
617 170 690 198 vitiis
713 170 812 204 imper-
829 171 849 198 Α
862 169 909 196 sed
926 169 1167 204 inaspectabilihus
1177 169 1303 206 cOgitatis
1312 169 1475 198 l‘erirchand
1487 171 1655 205 snpersedet,

70 217 107 244 cita
128 224 178 243 cum
207 215 260 243 Deo
286 215 371 250 agitet
399 215 516 250 pacem?
543 215 596 243 h0c
621 214 751 251 gaudium
784 222 817 242 ac

69 263 199 296 triumphus,
222 261 273 289 hoc
297 261 364 288 felix
386 262 519 294 suavitas,
545 268 680 296 sacraque
705 266 748 288 est
769 268 816 288 vo-

71 309 145 342 luptas.

94 352 239 387 Quapropter
267 352 291 380 si
319 352 371 379 frui
397 352 535 384 volumus,
566 351 698 387 perditam
725 351 817 379 carnis

71 399 199 433 voluptatem
215 398 360 433 fugiamus,
379 398 452 425 unde
475 392 629 432 corruptela
646 402 727 432 atque
743 405 817 425 mors

70 444 175 477 nascitur;
200 444 328 478 siquidem
357 443 409 477 Qui
432 444 554 476 seminat,
581 443 679 478 inquit,
699 444 726 469 in
739 451 818 470 carne

70 497 111 520 sua,
123 489 148 515 de
165 497 235 515 carne
248 493 272 515 et
289 493 364 515 metet
383 489 600 523 corruptionem}
614 487 659 522 qui
676 492 764 514 autent
776 495 818 513 se-

71 534 131 560 minat
140 535 162 561 in
174 534 272 568 spiritu,
290 534 322 560 de
338 533 437 568 spiritu
461 537 540 560 nictet
551 533 634 559 uitam
645 537 771 559 (sternam
782 532 815 558 ⁸³.

52 578 103 605 ·5ἱη
123 587 234 613 apparere
263 579 390 606 volumus
420 578 544 614 gloriosi,
573 585 683 610 vanam,
704 582 731 605 et
748 577 819 605 hanc

70 624 179 657 gloﬁolam
193 629 405 656 contemnamus,
424 623 524 658 compti
552 623 716 655 humilitate,
732 622 819 650 omni-

69 677 106 703 que
125 670 236 704 praeclara
257 669 394 697 functione
406 668 543 702 absoluti;
559 668 596 695 ita
611 668 683 695 enim
700 672 757 695 tum
772 675 819 695 ex-

69 715 130 748 petite
151 719 300 749 prasentem
334 715 417 741 vitam
444 714 639 749 transiganius,
662 717 720 740 tum
748 713 819 740 bona

69 759 214 794 adipiscamur
235 760 326 788 futura
352 760 459 787 Domini
477 760 560 788 nostri
576 752 644 787 Jesu'
657 758 820 786 liberalitate

70 809 129 839 atque
141 805 269 832 henelicio.
284 805 333 833 Cui
349 804 434 840 gloria
448 808 475 831 et
491 804 635 839 imperium
648 810 710 830 cum
727 801 817 834 Patre,

867 218 949 249 atque
962 214 1118 246 incendere,
1154 222 1208 242 non
1223 215 1278 250 igni
1295 223 1356 243 cum
1381 216 1494 243 materie
1506 216 1655 250 permixto,

867 260 914 287 sed
932 259 1024 294 pravis
1043 259 1199 293 desideriis,
1217 261 1380 296 ceterisque
1392 261 1467 287 vitiis
1481 261 1587 288 animos
1601 266 1659 288 ten-

867 309 906 332 tat
930 308 958 332 et
983 309 1131 340 oppugnat.
1160 305 1244 340 Igitur
1262 310 1331 332 state
1353 306 1481 332 succincti
1499 305 1599 333 lumbos
1615 314 1660 333 ve-

867 355 935 376 stros
945 350 972 376 in
987 350 1107 383 veritate,
1120 354 1150 377 ut
1166 355 1208 377 est
1224 350 1250 377 in
1270 350 1390 382 Litteris,
1406 355 1431 377 et
1446 350 1533 377 induti
1548 350 1660 377 loricam

862 395 988 430 justilite,
1000 400 1024 422 et
1039 395 1152 422 calceoli
1172 396 1249 430 pedes
1265 397 1294 422 in
1313 397 1507 431 praeparatione
1522 395 1662 431 Evangelii

867 443 952 476 pacis,
965 442 991 469 in
1006 442 1127 470 omnibus
1141 447 1271 470 sumentes
1287 447 1391 470 scutum
1404 435 1477 476 ﬁdei,
1492 443 1519 469 in
1529 451 1580 477 quo
1597 450 1662 477 pos-

867 488 927 514 sitis
965 488 1055 514 omnia
1088 488 1305 523 telanequissimi
1332 490 1407 524 ignea
1429 489 1605 523 exstinguere,
1636 497 1660 515 et

868 532 970 567 galeam
986 533 1081 560 salutis
1108 534 1245 566 assumite,
1259 539 1284 561 et
1306 534 1425 569 gladium
1441 535 1562 569 spiritus,
1591 536 1661 569 quod

868 583 906 606 est
935 577 1046 606 Verbum
1060 578 1108 606 Dei
1119 580 1153 606 7'.
1166 579 1232 612 Quae
1249 587 1298 608 nos
1309 581 1389 608 nauci
1405 588 1515 616 quoque
1526 586 1660 616 praecepta

868 624 1015 658 apostolica
1043 625 1137 657 locuti,
1153 626 1254 660 pariter
1279 626 1458 654 cohortamur
1482 627 1509 654 in
1529 628 1660 654 aerumnis

869 670 983 697 minime
1011 670 1146 704 defctisci,
1170 676 1218 699 aut
1243 671 1270 698 in
1295 673 1493 700 tentationibus
1520 674 1659 706 vacillare,

869 714 987 742 scientes
1002 715 1049 750 qui
1063 716 1183 750 amplius
1202 720 1330 749 tentetur,
1348 716 1373 744 ei
1391 717 1532 752 amplioris
1551 725 1661 745 corona:

869 760 1042 788 occasionem
1068 761 1164 796 quaeri.
1185 760 1263 789 Vires
1288 762 1397 797 quidem
1424 762 1544 798 praebeat
1567 763 1658 794 Dens;

870 814 932 833 nam
951 810 1039 841 potest
1055 814 1121 835 sane
1132 815 1193 842 quae
1206 807 1332 842 promisit
1347 809 1470 843 exsequi,
1485 815 1518 835 ac
1532 816 1582 836 nos
1596 816 1661 836 ecu-

69 857 90 877 ac
100 856 178 877 sancto
201 850 315 886 Spiritu,
344 859 418 878 nunc
435 855 462 878 et
474 857 593 886 semper,
609 849 636 877 in
656 855 820 884 omnemque
835 843 856 871 Β
871 851 992 884 firmare,
1022 852 1069 887 qui
1093 860 1149 879 non
1174 852 1257 889 ﬂagra
1282 853 1383 887 solum,
1404 853 1470 889 quin
1485 854 1586 889 ignem,
1604 854 1661 888 gla-

68 897 249 931 perpetuitatem.
266 898 363 924 Amen.

289 962 407 991 SERMO
421 961 564 991 LXXXVI.

67 1007 94 1034 De
110 1009 240 1043 gratiarum
268 1010 390 1070 national
406 1017 455 1035 neu
477 1009 504 1034 in
526 1008 714 1035 tentattonibus
737 1007 819 1034 vacil‘

391 1051 479 1070 enim.

391 1051 464 1070 emt“
472 1063 479 1070 .

90 1087 180 1117 Fratres
193 1089 355 1124 Patresque,
379 1088 527 1116 triennium
540 1088 596 1123 jam
614 1088 664 1116 hoc
679 1088 761 1115 vitam
778 1088 821 1115 in-

66 1134 168 1162 solentem
183 1136 316 1167 ducimus,
329 1141 379 1162 nec
395 1141 507 1168 prorsus
518 1134 677 1169 oppugnati,
688 1141 738 1161 nec
753 1133 820 1161 citra

65 1183 259 1216 oppugnationem
286 1186 444 1214 manentes,
468 1188 500 1208 ex
519 1188 574 1215 quo
585 1187 613 1207 et
624 1180 741 1207 invicem
753 1179 820 1207 visi-

66 1233 118 1258 mus,
129 1232 152 1254 et
163 1227 230 1254 ultro
256 1227 383 1262 citroque
395 1233 594 1257 commeamus,
608 1225 681 1260 quod
696 1224 822 1252 humani-

66 1271 112 1298 tatis
121 1279 179 1306 opus
189 1278 228 1300 est
243 1273 359 1305 divinae;
368 1280 430 1299 nam
444 1271 491 1307 qui
504 1271 662 1299 vacillantes
669 1271 821 1306 superioris

65 1316 177 1347 intervallo
206 1317 418 1354 oppugnationis
455 1317 568 1349 videret,
592 1323 654 1344 cum
682 1316 821 1344 custodias

67 1363 184 1396 contraxit,
212 1369 267 1391 tum
301 1364 391 1391 adhuc
429 1363 622 1396 orthodoxiam
651 1361 742 1390 dill‘ert
771 1369 821 1397 pro

65 1407 272 1445 impervestigabili
301 1410 414 1445 iustitiae
428 1416 485 1436 suze
504 1408 620 1443 judicio.
634 1408 723 1443 Atque
738 1409 762 1435 id
781 1408 821 1435 sic

64 1453 158 1486 quidem.
173 1454 227 1490 Ego
238 1462 316 1488 vero,
332 1455 379 1490 qui
393 1454 487 1482 leviter
506 1454 705 1488 despectarem,
717 1461 820 1488 paucos

64 1499 178 1527 credebam
189 1502 222 1528 ob
237 1501 383 1528 Dominum
394 1505 517 1530 vexatos,
531 1507 605 1527 nunc
620 1507 735 1528 cernens
751 1507 821 1534 quo-
835 1512 856 1541 ε

65 1543 120 1577 tidie,
134 1550 159 1573 ut
172 1547 207 1574 sic
219 1547 322 1579 dicam,
344 1550 411 1581 quot
435 1546 582 1574 advenient
611 1545 721 1578 fratres,
755 1553 825 1580 pene

63 1587 190 1624 iuvenesco,
214 1597 394 1627 posteaquam
418 1595 460 1619 tot
475 1595 540 1619 sunt
557 1591 605 1626 qui
626 1590 720 1618 Bahali
736 1591 824 1619 haud-

63 1642 172 1670 quaquam
196 1645 265 1673 genu
282 1637 394 1671 ﬂexere,
418 1638 484 1673 quin
511 1637 626 1665 Domino
645 1644 694 1664 ceu
719 1637 824 1665 lucidas

65 1686 86 1705 se
98 1681 177 1710 stellas
198 1687 408 1716 conservarunt,
423 1690 589 1718 quacunque
600 1683 660 1718 ejus
672 1683 824 1710 dominium

64 1729 126 1757 Patet,
138 1732 164 1754 ut
174 1734 236 1756 aetas
247 1730 309 1757 haec
321 1729 419 1756 haheat
434 1736 545 1763 quoque
560 1727 633 1762 quod
647 1727 680 1755 ad
699 1732 824 1762 posteros

64 1769 176 1806 glorietur,
188 1782 249 1802 vere
265 1775 357 1802 inesse
368 1775 395 1801 in
408 1775 488 1802 nobis
501 1772 661 1801 Deum.Nec
675 1774 826 1808 deperdidit

63 1813 157 1845 Ecclesia
166 1819 254 1852 robur,
269 1825 302 1847 ut
310 1826 391 1847 verax
400 1819 506 1846 Domini
517 1818 567 1846 fert
573 1818 749 1853 promissum,
758 1818 824 1852 quin

61 1859 79 1886 ei
93 1861 143 1889 illisi
163 1864 194 1892 ah
209 1872 265 1892 aevo
273 1865 383 1892 cunctis
400 1861 474 1891 cum'
492 1870 597 1898 spumae
614 1863 700 1890 instar
714 1863 825 1890 marina:

61 1912 109 1934 sunt
119 1909 243 1943 dissoluti,
259 1916 320 1939 tum
340 1918 382 1943 ea,
402 1915 430 1938 ut
441 1910 551 1945 irrupta
567 1913 672 1942 cautes,
684 1909 712 1936 in
727 1908 823 1936 eadem

60 1951 106 1985 “de,
117 1956 321 1985 aoconlcssione
332 1961 485 1992 permanet.
498 1957 591 1991 itaque
603 1955 721 1991 gaudere
736 1956 762 1982 in
778 1962 821 1988 eo,

60 2000 207 2029 ﬂexsultare
222 2003 366 2034 debemus,
383 2010 415 2029 ac
431 2001 480 2029 Pol
503 2002 627 2037 vigilare,
643 2004 670 2028 et
684 2000 825 2028 advertere

59 2045 176 2080 producti,
192 2056 225 2076 ne
240 2049 300 2077 fors
324 2050 424 2076 iterum
446 2054 557 2083 repente
571 2048 681 2083 ingruat
698 2047 822 2074 tentatio.

59 2086 144 2120 Scilicet
157 2102 208 2122 non
225 2096 277 2124 hoc
293 2096 394 2131 agitur,
410 2101 440 2123 ut
454 2095 548 2128 semel,
563 2095 649 2127 bisve,
662 2097 709 2121 aut
722 2094 823 2128 saepius

57 2136 236 2174 periclitemur;
260 2141 311 2169 sed
337 2141 370 2168 ad
392 2146 545 2168 extremum
565 2139 667 2168 tuenda
686 2140 823 2168 confessio

870 898 957 931 dium,
975 899 1078 928 bestias
1087 900 1194 935 aliaque
1210 905 1308 928 cuncta
1331 901 1479 935 patiamur,
1497 901 1570 934 quod
1587 901 1661 935 Apo-

871 946 959 973 stolus
975 946 1119 981 prmlidens
1138 947 1236 974 scribit
1252 947 1279 974 in
1296 947 1354 975 haec
1371 948 1453 975 verba
1468 956 1476 974 :
1498 948 1551 975 Sed
1577 949 1604 974 in
1620 949 1660 976 liis

868 991 988 1018 omnibus
1013 1000 1166 1027 superamus
1188 998 1295 1027 propter
1322 1001 1382 1020 eum
1394 994 1439 1027 qui
1458 994 1551 1021 dilexit
1567 1002 1614 1021 nos
1624 995 1659 1027 "’;

870 1041 908 1069 et,
931 1037 1023 1065 Certus
1040 1033 1098 1065 sum
1115 1039 1178 1073 quia
1193 1047 1273 1074 neque
1284 1047 1366 1070 mors.
1390 1047 1469 1074 neque
1492 1040 1555 1072 vita,
1580 1048 1661 1075 neque

869 1081 1044 1116 principatus,
1064 1089 1145 1117 neque
1155 1087 1296 1117 potestates
1327 1090 1407 1117 neque
1433 1082 1559 1116 altitudo,
1580 1091 1662 1118 neque

870 1126 1042 1162 profundum,
1062 1135 1142 1162 neque
1155 1132 1277 1154 creatura
1291 1128 1346 1154 alia
1362 1128 1458 1162 poterit
1477 1136 1523 1155 nos
1537 1136 1662 1163 separare

870 1179 887 1198 a
910 1171 1039 1198 c/iaritate
1057 1171 1115 1205 Dei,
1140 1180 1198 1207 quae
1222 1176 1261 1199 est
1283 1173 1310 1198 in
1337 1172 1444 1200 Christo
1461 1171 1526 1199 Iesu
1548 1172 1661 1199 Domino

871 1217 1002 1244 nostra".
1016 1216 1148 1252 Equidem
1166 1218 1207 1245 sic
1224 1217 1313 1245 all'ecli
1327 1218 1488 1253 martyrium
1507 1218 1533 1245 in
1550 1218 1609 1246 dies
1618 1217 1662 1246 vel

870 1267 934 1290 ante
959 1263 1132 1298 martyrium,
1146 1262 1265 1298 jugcque
1278 1267 1417 1290 certamen
1437 1263 1480 1290 vel
1494 1267 1558 1290 ante
1573 1267 1662 1290 certa-

872 1315 932 1334 men
956 1307 1099 1341 oheamus,
1127 1312 1231 1343 partem
1260 1316 1322 1335 cum
1354 1308 1520 1344 martyribus
1540 1308 1661 1336 habituri

871 1361 919 1388 per
930 1353 1179 1388 Cliristumllesum
1198 1354 1342 1382 Dominum
1352 1359 1488 1382 nostrum.
1510 1354 1559 1381 Cui
1574 1354 1661 1389 gloria

871 1403 898 1426 et
908 1399 1051 1434 imperium
1066 1408 1127 1428 cum
1146 1399 1225 1428 Patre
1241 1408 1274 1428 ac
1299 1405 1394 1428 sancto
1410 1400 1524 1435 Spiritu,
1539 1408 1612 1427 nunc
1633 1404 1662 1427 et

873 1453 993 1480 semper,
1015 1446 1041 1473 in
1053 1453 1218 1481 omnemque
1232 1446 1451 1481 perpetuitatem.
1465 1446 1562 1473 Amen.

1113 1500 1231 1528 SERMO
1250 1500 1403 1528 LXXXVII.

894 1545 935 1573 Ne
947 1546 1122 1580 possessiones
1140 1554 1272 1580 paremus,
1296 1554 1347 1573 neu
1368 1545 1487 1573 solitarii
1507 1546 1645 1581 degamus.

911 1591 1020 1620 Fratres
1051 1591 1208 1627 Patresque,
1233 1598 1370 1620 summum
1395 1591 1557 1619 beneﬁcium
1581 1592 1662 1620 nobis

874 1638 970 1665 tribuit
982 1637 1054 1666 Deus
1073 1645 1121 1672 pro
1132 1646 1161 1665 se
1173 1637 1414 1673 oppugnationem.
1429 1638 1661 1672 quentadmodum

875 1684 902 1711 in
919 1683 1073 1718 Evangeliis
1085 1683 1134 1716 ait,
1154 1683 1231 1710 Beati
1245 1684 1290 1717 qui
1300 1683 1504 1718 persecutionem
1522 1683 1662 1717 patiuntur

874 1735 979 1765 propter
985 1729 1133 1764 justitiam,
1148 1730 1270 1764 quoniam
1282 1730 1400 1764 ipsorum
1412 1733 1450 1755 est
1463 1736 1570 1763 regnum
1585 1728 1662 1756 mlo-

876 1776 977 1809 rum“,
990 1776 1042 1803 etsi
1058 1776 1201 1803 videndum
1218 1779 1260 1803 est
1275 1775 1365 1807 nobis,
1381 1783 1416 1802 ne
1428 1775 1512 1802 vitam
1528 1775 1662 1803 obeuntes

875 1821 1042 1849 beatitudine
1081 1821 1219 1857 indignam
1253 1821 1483 1856 oppugnationem
1500 1821 1527 1848 in
1552 1828 1662 1855 poenam

875 1868 1033 1896 habeamus.
1048 1867 1134 1902 igitur
1153 1874 1265 1894 necesse
1286 1871 1328 1895 est
1343 1867 1370 1894 in
1395 1866 1491 1902 primis
1505 1866 1552 1900 qui
1573 1873 1663 1900 oppu~

875 1918 972 1949 gnetur
987 1913 1100 1940 minime
1115 1912 1268 1940 solitarium
1293 1912 1401 1946 degere,
1417 1912 1483 1947 quin
1497 1919 1559 1939 cum
1575 1912 1663 1939 altero

875 1960 959 1987 fratre
986 1958 1138 1990 convivere,
1171 1957 1317 1992 siquidem,
1344 1955 1393 1983 Ubi
1407 1961 1468 1983 sunt
1487 1957 1539 1983 duo
1554 1956 1594 1983 uel
1612 1961 1664 1983 tres

874 2006 1027 2040 congregati
1043 2005 1070 2031 in
1079 2004 1183 2030 nomine
1194 2011 1262 2034 meo,
1272 2002 1308 2029 ibi
1323 2010 1381 2029 sum
1392 2002 1420 2029 in
1433 2002 1516 2029 medio
1527 2010 1618 2029 eorum
1629 2003 1663 2035 ⁷⁵,

875 2051 964 2086 inquit
973 2051 1113 2078 Dominus.
1126 2049 1227 2076 Deinde
1237 2056 1291 2076 non
1310 2048 1361 2075 nisi
1377 2048 1532 2076 necessario
1541 2049 1663 2084 prodire.

875 2099 922 2127 sed
934 2105 988 2133 quo
1000 2097 1026 2124 in
1040 2097 1100 2124 loco
1113 2095 1266 2123 diversetur
1284 2102 1404 2127 manere,
1418 2094 1538 2130 inibique
1552 2102 1661 2129 operam

874 2144 939 2171 dare
950 2142 1088 2178 precibus,
1099 2141 1244 2176 supplicio,
1262 2140 1382 2172 lectioni.
1401 2140 1570 2175 psalniodiae,
1585 2140 1664 2174 0ρὶιὶ-

58 2184 97 2213 est,
120 2190 164 2211 nec
181 2187 225 2220 qui
249 2187 378 2214 ferantur
403 2185 598 2214 extitttescetldi
621 2192 760 2215 rumores.
774 2189 821 2212 θυι
837 2184 859 2212 ο
875 2189 919 2217 cio
947 2188 1118 2223 reliquisque
1129 2186 1227 2215 studiis
1243 2186 1390 2220 praeclaris,
1411 2190 1551 2221 aspectum
1571 2185 1664 2220 fugere

57 2224 120 2262 ﬂagra
141 2233 293 2265 metuenda,
318 2240 379 2267 quae
393 2232 515 2259 lacerare
536 2239 637 2266 corpus
666 2231 821 2263 videantur,

57 2277 90 2299 ³υι
99 2281 150 2308 qua:
164 2284 273 2305 carnem
286 2278 434 2313 compedes
443 2282 579 2313 premant,
595 2281 642 2304 aut
654 2277 706 2303 alia
719 2276 822 2311 quaevis

56 2316 150 2348 humana
160 2324 250 2356 noxia,
263 2324 332 2358 quin
346 2324 422 2351 solus
436 2323 567 2351 terribilis
582 2322 654 2350 Deus
667 2322 819 2359 habendus,

56 2363 115 2397 cuius
129 2368 214 2395 omnia
237 2374 304 2396 nuta
321 2368 532 2400 labefactentur,
553 2368 674 2402 solaeque
689 2367 820 2402 pavendae

57 2414 121 2440 [teme
132 2411 306 2447 immortales,
322 2422 439 2450 quarum
456 2414 566 2442 infanda
589 2414 762 2449 experientia
775 2418 826 2452 est;

56 2460 149 2484 ceterum
163 2467 221 2494 qua:
233 2461 259 2488 in
273 2461 404 2488 manibus
415 2461 472 2487 sitit
488 2468 535 2487 seu
550 2460 677 2492 adversa,
693 2468 740 2487 seu
759 2467 827 2494 prte-

56 2498 102 2532 Ῑῖίιέι.
123 2507 287 2533 somniorum
301 2506 451 2538 simillima,
464 2506 608 2533 celerrime
619 2506 771 2540 exspirant,
788 2505 826 2532 si-

56 2548 140 2578 ‘luidem
171 2553 305 2587 scriptum
333 2557 384 2584 est,
411 2551 524 2586 Sagitttz
546 2551 718 2586 parvulorum
747 2551 825 2585 facta

57 2599 100 2621 "HN
111 2596 186 2633 plagis
200 2607 294 2626 eorum
310 2599 344 2626 '°.
365 2599 466 2626 Adlucc
489 2598 700 2633 depugnandum
715 2605 825 2632 quoque

57 2644 86 2665 εει
107 2651 161 2670 cum
179 2650 369 2680 persecutore,
387 2644 434 2679 qui
455 2645 582 2671 obtutum
606 2643 715 2678 fugiens
731 2643 823 2670 oculo-

56 2690 113 2722 l'lltn,
126 2688 217 2719 indies
231 2698 284 2719 nos
299 2690 419 2723 lacessit.
434 2697 465 2718 ac
481 2697 536 2717 non
558 2688 733 2717 sensibilibus
747 2688 824 2721 loris,

81 2775 98 2812 ff
110 2777 188 2807 Galat.
217 2789 255 2812 ‘tl,
273 2781 303 2808 8.

38 2810 109 2857 ›¹-¹⁰-
141 2814 161 2830 ’⁵
187 2810 284 2843 Milli-ll.
332 2823 409 2846 xvnr,
428 2815 475 2843 20.
513 2810 540 2830 τί
560 2815 648 2842 Ευςιιι.
665 2810 704 2848 tv,
718 2815 759 2842 tu.

874 2233 1048 2266 muliebrem,
1071 2233 1106 2260 ab
1129 2231 1203 2260 omni
1227 2231 1310 2258 fratre
1333 2231 1495 2259 immodeste
1514 2235 1664 2266 segerente

873 2279 1022 2311 abstittere,
1040 2278 1162 2306 laetitiam
1183 2278 1392 2313 gratulationem
1412 2278 1525 2313 agitare,
1546 2278 1571 2304 in
1587 2284 1663 2311 spem

872 2328 1007 2351 arrectum
1020 2323 1178 2360 [animum],
1194 2328 1223 2351 et
1242 2324 1421 2358 praesentibus
1434 2326 1604 2354 contentum,
1614 2330 1663 2357 pro

870 2370 1189 2405 Christoquesuheundis
1195 2369 1334 2404 suppliciis
1343 2373 1466 2404 paratum
1473 2378 1480 2403 ;
1488 2369 1534 2396 ubi
1541 2373 1582 2397 est
1590 2369 1661 2396 enim

878 2415 1052 2450 oppugnatio,
1074 2419 1281 2450 consequuntur
1301 2420 1328 2442 et
1340 2415 1483 2450 supplicia.
1501 2415 1607 2448 Quibus
1624 2415 1664 2442 sic

877 2468 907 2488 se
922 2460 1096 2493 habentibus,
1114 2461 1160 2488 ubi
1174 2465 1238 2488 sunt
1256 2461 1302 2495 qui
1322 2461 1437 2488 solitarii
1451 2461 1562 2496 degunt,
1578 2468 1610 2488 ac
1625 2468 1664 2488 va:

875 2504 1072 2532 crciseuntur?
1092 2513 1154 2532 nam
1174 2505 1216 2533 Va:
1237 2505 1299 2536 soli,
1311 2506 1360 2537 ait,
1374 2507 1437 2540 quia
1455 2513 1514 2532 cum
1529 2505 1662 2535 ceciderit,

875 2558 927 2577 non
949 2550 1026 2577 habet
1047 2551 1223 2578 sublevantem
1245 2552 1317 2578 se“.
1339 2552 1390 2579 Ubi
1416 2556 1480 2578 sunt
1505 2550 1551 2584 qui
1569 2557 1663 2578 servos

875 2601 976 2629 tenent,
1006 2601 1033 2624 et
1057 2597 1256 2624 monachorum
1274 2598 1427 2625 libertatem
1447 2596 1574 2624 amittunt
1591 2605 1597 2627 ;
1614 2596 1661 2630 qui

877 2649 968 2676 agros,
985 2643 1090 2676 vineas,
1115 2643 1208 2676 boves,
1229 2643 1318 2671 mulos
1333 2647 1498 2674 mercantur,
1514 2650 1546 2669 ac
1559 2642 1633 2676 lepra
1647 2651 1662 2667 ιι

878 2687 1043 2715 contrahunt
1055 2687 1144 2715 Giezis
1156 2687 1241 2716 ?bine
1252 2688 1368 2724 argenti,
1378 2687 1441 2715 hinc
1449 2687 1517 2715 lucri
1529 2686 1661 2719 studium,

342 2781 366 2797 "°
381 2780 541 2812 Psal.ani,
558 2780 585 2807 8.
623 2780 644 2796 7‘
673 2779 774 2814 ‘Epl‘es.
809 2788 820 2807 ν

873 2780 908 2815 li,
927 2781 969 2810 15,
1008 2782 1030 2798 ⁷²
1048 2781 1127 2810 Rom.
1155 2789 1214 2815 vni,
1238 2781 1281 2809 57.
1321 2781 1344 2797 ’³
1360 2779 1425 2808 ibid.
1440 2780 1483 2808 59.
1523 2779 1544 2795 ⁷⁵
1561 2779 1658 2807 Matth.
