1921 3073
225 151 278 190 0'23

825 156 857 186 S.
875 154 1074 185 THEODORI
1093 154 1267 185 STUDIT/E

1814 154 1868 186 624

224 214 290 241 hinc
315 211 462 244 stabilitas,
491 210 661 245 fraternique
676 209 818 238 convictus
847 209 1020 245 detrectatio,
1035 212 1060 241 Α
1074 208 1368 244 est,quemadmodum
1381 207 1515 243 scriptum
1529 211 1582 240 est,
1598 206 1664 234 ΕΗιί
1677 216 1776 242 omnes,
1789 214 1866 236 testi-

225 264 253 287 et
267 257 427 293 singularis,
445 261 526 292 atque
546 264 580 283 ex
597 244 647 283 sua
666 256 800 290 cujusque
816 244 928 282 libidine
944 256 1020 288 vita;

226 305 291 332 hinc
313 308 404 331 vestra
430 310 512 330 causa
530 302 564 329 ab
587 302 689 329 exteris
714 301 840 336 gentibus
859 300 906 327 Dei
921 308 1020 327 nomen

227 350 402 378 contumeliis
418 349 564 380 laceratttr,
581 352 611 374 ut
640 347 749 374 Litterae
767 347 918 380 loquuntur
932 354 939 379 ;
960 346 1025 372 hinc

228 394 313 421 aiiimi
342 394 434 428 lapsus
459 393 604 424 exsistunt,
622 392 670 427 qui
695 392 768 419 enim
788 396 880 426 potest
895 398 950 418 non
965 389 1022 417 labi

227 440 348 475 projecte
373 439 493 466 vivens:
517 437 645 469 Nescitis,
672 438 760 472 inquit
785 436 944 472 Apostolus,
960 436 1025 471 quia

229 484 355 519 templum
372 483 420 510 Dei
434 483 508 514 estis,
520 488 545 510 et
560 484 670 517 spiritus
684 483 730 510 Dei
742 482 845 509 habitat
860 483 887 508 in
900 480 1027 508 vobis?Si

228 531 287 566 quis
301 535 389 557 autem
410 529 534 563 templum
556 529 605 556 Dei
626 529 773 562 violaverit,
790 528 923 563 disperdet
948 528 1026 555 illum

229 576 299 603 Deus
314 576 348 607 '7;
367 583 543 609 rursumque:
561 573 652 601 Nolite
664 582 754 602 errare
768 581 777 600 :
789 582 870 608 neque
877 573 1027 608 fornicarii,

230 629 312 656 neque
323 621 401 648 idolis
419 622 572 652 servientes,
584 628 667 655 neque
677 620 806 652 adulteri,
827 627 908 655 neque
920 619 1024 652 molles,

231 675 310 702 neque
329 667 510 694 ntasculurum
526 666 718 697 concubitores,
736 673 816 701 neque
835 666 921 698 avari,
946 673 1026 700 neque

232 716 315 747 turea,
335 721 416 745 neque
436 711 542 744 ebriosi,
567 720 647 746 neque
670 711 803 744 maledici,
820 719 901 746 neque
915 719 1027 746 rapaces

232 767 340 794 regnum
353 758 401 784 l)ei
415 757 584 792 possidebunt
598 757 630 784 ⁷⁸.
644 757 731 792 Atque
746 757 804 785 haec
822 757 855 785 iis
877 758 948 789 dicta
963 761 1030 784 suttt

232 805 279 839 qui
300 804 441 831 communi
468 804 520 830 vita
539 807 692 836 teneantur,
719 808 747 830 at
761 811 814 830 non
845 802 915 830 idem
934 803 1025 837 nobis,

233 850 281 877 sed
306 850 370 884 quid
386 851 397 875 ‘.’
413 848 464 882 Qui
493 854 579 876 autem
603 854 664 876 sunt
690 849 801 882 Christi,
823 857 930 876 carnem
949 858 1025 876 suam

235 896 492 930 crnciﬁxeruntcum
507 896 578 922 vitiis
593 896 627 927 ⁷⁸,
646 899 693 922 et:
715 894 764 922 Vos
788 903 838 921 non
854 896 916 922 estis
934 903 967 922 ea:
980 895 1028 922 Itoc

235 942 332 968 mundo
345 941 377 971 ⁹⁰.
395 946 421 968 et
435 949 441 967 :
461 940 552 967 Vestra
570 941 733 967 conversatio
747 946 785 968 est
802 941 828 967 in
843 941 912 968 caelis
926 941 959 967 ⁸¹.
973 940 1027 968 Ita.

234 994 289 1020 que
303 986 369 1020 quid
391 986 588 1013 beatitudinem
604 986 744 1021 perdimus
763 994 845 1021 porro
860 986 945 1021 iquid
961 994 1028 1014 con-

235 1031 364 1059 fessionis
387 1034 597 1066 generositatem
628 1039 846 1066 conspurcantus
870 1033 881 1059 Ῥ
908 1032 972 1067 quid
1000 1033 1027 1059 ni

235 1076 333 1104 fratres
350 1077 490 1103 imitamur
515 1078 598 1111 probe
615 1076 747 1108 virentes,
775 1085 892 1112 quorum
911 1078 1026 1105 illustris

233 1123 290 1149 vita
309 1128 359 1155 est,
387 1123 500 1157 lausque
522 1123 557 1150 ab
575 1122 642 1155 Deo,
668 1130 701 1150 ae
720 1123 878 1151 hominibus
892 1123 905 1150 ?
929 1124 987 1151 Non
1001 1128 1029 1151 et

234 1176 286 1196 nos
314 1169 422 1195 laudent
439 1168 620 1196 destertemus
633 1169 646 1196 ἲ
669 1176 723 1195 non
747 1169 938 1204 resipiscemus
950 1169 962 1196 ?
974 1177 1028 1196 non

236 1215 333 1241 salutis
353 1222 447 1241 curam
465 1215 597 1249 agemus?
617 1222 671 1241 non
687 1214 779 1242 obitus
792 1215 862 1242 diem
875 1223 929 1250 pra:
942 1216 1029 1243 oculis

236 1267 379 1287 sumemus
394 1260 474 1292 ?Quo
487 1266 566 1294 pacto
577 1259 609 1286 ad
627 1259 728 1287 Christi
746 1260 864 1287 tribunal
875 1260 1030 1287 sistetuur?

236 1313 352 1340 ecquam
380 1306 526 1332 reddemus
563 1306 710 1336 rationem,
734 1305 781 1340 qui
817 1306 896 1333 otiosi
934 1313 1030 1340 poenas

237 1351 343 1378 verbuli
358 1351 461 1382 (laturi,
491 1351 517 1377 in
536 1351 698 1385 majoribus,
716 1359 748 1378 ac
766 1351 952 1386 praegravibus
971 1352 1028 1378 vin-

238 1405 334 1424 camur
360 1397 372 1423 ?
390 1397 490 1424 Verum
505 1398 700 1429 desterlamus,
730 1397 771 1424 vel
791 1398 890 1428 serius,
919 1397 1029 1430 fratres,

238 1442 523 1477 resipiscamushvitia
542 1441 729 1477 proﬂigemus,
757 1442 930 1469 tenebrarum
948 1450 1031 1477 opera

238 1489 419 1524 deponamus,
431 1496 563 1523 armaque
587 1488 654 1515 lucis
669 1488 825 1521 iuduamus,
838 1489 945 1516 :tnituos
957 1489 1030 1516 muni

238 1535 363 1562 custodia
388 1538 508 1565 tuentes,
532 1534 709 1570 undiquaque
734 1534 788 1561 Deo
813 1535 962 1569 placentes,
977 1542 1031 1570 quo

238 1581 279 1607 sic
291 1579 442 1606 incolumes
459 1580 622 1615 perennium
642 1580 822 1607 hereditatem
834 1579 969 1607 bonorum
986 1580 1028 1606 in-

240 1633 337 1653 eamus
362 1633 410 1660 per
439 1625 579 1653 Christum
603 1625 696 1653 Jesum
727 1625 871 1652 Dominum
894 1631 1028 1653 nostrum.

237 1671 287 1698 Cui
304 1671 389 1706 gloria
398 1672 577 1706 etimpet‘ium
589 1679 651 1699 cum
663 1671 792 1704 Patre,ac
805 1676 901 1699 sancto
913 1671 1028 1705 Spiritu,

237 1725 311 1744 nunc
345 1721 373 1744 et
408 1725 537 1753 semper,
564 1718 592 1744 iu
618 1725 783 1753 omnemque
809 1718 1028 1753 perpetuitatem.

237 1764 336 1791 Amen.

482 1808 600 1836 SEBMO
620 1808 785 1836 LXXXVIII.

454 1855 493 1882 De
509 1856 604 1882 mortis
627 1855 817 1883 recordatione.

273 1900 386 1927 Fratres
399 1899 558 1935 Patresque,
573 1900 645 1934 quod
663 1901 756 1926 animo
772 1905 886 1933 tantum,
901 1905 1030 1936 tanquam

259 1948 305 1975 tile
324 1947 427 1974 bonum
450 1951 502 1977 est,
519 1954 551 1973 ac
575 1946 672 1973 mortis
688 1946 859 1973 recordatio?
879 1946 912 1974 de
925 1954 980 1981 qua
1004 1951 1032 1975 et

239 1995 374 2023 disserere
391 1995 491 2021 invitor
506 1994 540 2021 ab
556 1993 634 2022 Clazze
650 1994 779 2029 episcopo
795 1993 935 2026 defuncto,
949 2003 1030 2029 quem

238 2049 289 2069 vos
313 2041 475 2067 morientem
503 2039 617 2066 tuinime
640 2038 758 2071 vidistis,
786 2046 848 2071 nos,
867 2039 913 2074 qui
930 2040 1032 2067 videri-

240 2095 313 2120 ntus,
329 2087 430 2122 oppido
447 2091 473 2113 et
486 2086 616 2117 fructum,
637 2089 665 2112 et
678 2085 803 2112 stimulos
816 2085 953 2120 quosdam
968 2093 1032 2114 sen-

239 2134 337 2165 simus,
353 2141 414 2168 quae
428 2133 454 2159 in
473 2140 507 2160 eo
531 2137 690 2166 gererentur
703 2131 729 2158 in
752 2131 832 2159 nobis
844 2132 1031 2167 contemplati.

240 2178 311 2214 Ergo
327 2178 445 2205 excessit
459 2178 515 2209 ille,
540 2185 572 2204 ac
586 2177 725 2208 discessit.
741 2184 790 2204 ceu
805 2177 852 2211 qui
869 2178 1032 2205 tabernacu-

1076 255 1165 280 monio
1180 254 1243 287 fidei
1255 253 1371 287 probati,
1387 261 1440 280 non
1454 257 1610 288 acceperunt
1624 253 1867 287 repromissionem,

1077 299 1132 326 Deo
1155 308 1202 332 pro
1226 299 1302 326 nobis
1326 299 1420 326 melius
1445 298 1549 334 aliquid
1573 299 1735 333 providente,
1760 305 1789 326 ut
1817 308 1870 326 non

1076 344 1134 371 sine
1159 344 1234 371 nobis
1254 348 1504 371 consummarentur
1516 343 1549 370 ⁸⁸.
1573 343 1679 378 Ecquid
1699 351 1750 371 nos
1767 344 1869 379 igitur.

1077 389 1195 416 fratres?
1220 390 1286 424 quid
1316 389 1402 422 aliud,
1424 389 1476 416 nisi
1498 390 1572 424 quod
1595 389 1667 416 idem
1692 389 1871 418 subibimus?

1077 433 1138 461 Non
1155 443 1233 470 aeque
1255 434 1428 462 moriemur?
1445 442 1500 462 non
1520 442 1598 469 aeque
1615 435 1641 461 in
1657 440 1757 462 terram
1775 442 1871 462 rever-

1079 485 1180 513 temur,
1204 481 1277 508 unde
1301 480 1436 515 assumpti
1453 480 1572 507 sumus?
1595 487 1650 507 non
1675 488 1753 515 azque
1780 481 1873 509 pulvis

1078 528 1203 561 cinisque
1228 526 1345 554 fiemus?
1366 526 1551 561 lnspectemus
1575 532 1762 559 monumenta,
1778 528 1875 555 videa-

1079 579 1143 599 mus
1159 572 1186 599 iu
1203 571 1270 606 quid
1283 571 1344 598 vita:
1358 571 1467 599 desinat
1481 575 1580 599 status.
1597 572 1668 605 Quid
1683 580 1874 600 aerumnosum

1082 618 1134 644 hoc
1155 617 1346 652 amplectimur
1362 624 1474 651 corpus,
1488 618 1562 652 quod
1578 618 1722 653 postpaulo
1739 624 1818 646 terrae
1843 628 1878 648 ac

1080 664 1221 691 vermibus
1240 663 1384 690 tradetur?
1399 663 1463 698 quid
1481 664 1556 691 vitiis
1576 664 1752 696 iuvolvimur,
1771 666 1878 700 quibus

1079 710 1131 737 sub
1148 709 1253 737 obitum
1274 710 1470 737 occurremus?
1486 709 1557 738 Sane
1583 711 1628 738 hic
1650 711 1740 738 adltuc
1763 713 1879 746 spirans

1079 754 1149 782 duos
1163 751 1214 782 sibi
1230 754 1337 782 dicebat
1350 762 1482 789 apparere
1493 756 1582 782 virum
1609 760 1635 783 et
1645 756 1784 788 feminam,
1802 757 1879 784 hanc

1079 805 1183 828 statura
1201 800 1358 834 sublimem,
1379 801 1454 828 illum
1471 801 1582 828 brevum
1611 806 1638 828 ct
1652 802 1810 837 gibbosum,
1826 803 1880 838 qui

1080 854 1110 874 se
1125 852 1289 882 coargueret
1303 854 1334 874 ac
1350 847 1509 874 crudelibus
1521 847 1613 874 verbis
1630 847 1786 882 acciperet;
1806 857 1883 884 qua-

1044 885 1194 926 Bpropter
1223 897 1251 919 et
1277 892 1450 928 ingemebat,
1479 892 1685 927 plorabundus,
1713 894 1882 929 obitumque

1081 938 1249 971 detrectans,
1267 946 1299 965 ac
1315 939 1506 973 praetrepidus.
1525 938 1586 966 Non
1599 939 1697 968 videtis
1717 940 1881 975 cujusmodi

1080 984 1216 1011 sententia
1234 983 1270 1011 sit
1288 984 1402 1011 mortis?
1417 991 1472 1011 non
1493 984 1617 1019 aspicitis
1634 990 1662 1012 ut
1676 990 1741 1012 ante
1756 991 1881 1013 mortem

1080 1037 1190 1064 quoque
1197 1033 1313 1062 actores,
1327 1034 1354 1057 et
1364 1035 1539 1058 accusatores
1558 1031 1696 1059 daemones
1707 1032 1886 1061 habeamus?

1080 1075 1189 1103 Etenim
1202 1076 1242 1104 sic
1253 1076 1344 1108 habet,
1358 1084 1420 1111 qua:
1436 1076 1480 1104 hie
1494 1076 1568 1104 obita
1585 1078 1787 1113 amplectamur
1801 1081 1886 1114 cogi-

1083 1126 1149 1156 tata,
1163 1129 1195 1149 ea
1207 1126 1235 1149 et
1245 1122 1273 1148 in
1282 1122 1397 1150 decessu
1409 1123 1606 1157 spectabimus.
1620 1123 1706 1158 Igitur
1717 1124 1740 1151 si
1752 1126 1887 1158 provide-

1080 1175 1139 1194 mus
1166 1166 1313 1194 Dominum
1340 1168 1368 1195 in
1388 1173 1531 1203 conspectu
1559 1174 1648 1196 nostro
1674 1177 1779 1205 semprr
1790 1170 1825 1202 ⁸³,
1853 1176 1888 1199 ιιι

1080 1213 1189 1241 Litterae
1201 1214 1363 1248 loquuntur,
1380 1214 1404 1242 si
1420 1215 1561 1242 custodem
1575 1216 1637 1242 vitae
1646 1217 1772 1251 angelum
1788 1219 1887 1244 revol-

1079 1258 1192 1291 vimus,
1217 1259 1240 1286 si
1275 1259 1327 1286 bos
1354 1259 1470 1294 illosque
1493 1264 1610 1287 sanctos
1643 1261 1884 1295 contemplamur,

1080 1303 1190 1330 eosdem
1204 1304 1358 1331 videbimus
1370 1311 1480 1340 quoque
1490 1312 1649 1339 supremum
1663 1306 1820 1340 spirantes;
1837 1307 1886 1333 sin

1081 1349 1153 1377 haud
1174 1350 1222 1382 ita,
1240 1350 1288 1377 sed
1309 1350 1423 1377 vitiosos
1446 1356 1541 1377 contra
1557 1351 1742 1384 characteres,
1766 1359 1802 1379 ac
1818 1353 1887 1379 dia-

1080 1395 1185 1422 bolicas
1213 1394 1311 1422 mentis
1339 1394 1554 1423 deformationes
1578 1397 1751 1430 cogitamus,
1777 1397 1886 1424 iisdem

1081 1448 1272 1474 occurremus,
1289 1441 1317 1468 id
1336 1441 1413 1476 quod
1428 1447 1472 1469 est
1488 1442 1677 1470 miserandum
1694 1447 1721 1470 et
1745 1444 1884 1478 capitale.

1081 1486 1267 1519 Quamobrem
1294 1487 1495 1515 contendatnus
1522 1488 1595 1516 haud
1625 1489 1755 1523 deprendi
1784 1489 1812 1516 in
1848 1491 1888 1517 iis

1083 1532 1250 1566 simulacris,
1273 1533 1339 1568 quin
1363 1533 1448 1561 anhni
1474 1534 1526 1562 sub
1541 1535 1646 1562 obitum
1664 1537 1724 1570 puri
1747 1538 1886 1570 reperiri,

1081 1585 1136 1613 quo
1154 1586 1216 1605 cuiu
1243 1579 1341 1606 fiducia
1356 1580 1481 1607 dicamus
1504 1587 1555 1608 nos
1569 1588 1689 1616 quoque,
1709 1580 1743 1608 In
1764 1590 1834 1617 pace
1857 1585 1887 1610 in

1080 1624 1108 1650 id
1119 1625 1205 1659 ipsum
1223 1625 1366 1658 dormiam,
1387 1631 1411 1652 et
1431 1627 1627 1662 consopiar":
1643 1635 1726 1663 sopor
1744 1634 1789 1656 est
1804 1630 1888 1657 enim

1081 1679 1155 1698 mors
1181 1672 1283 1706 probo,
1307 1673 1538 1707 quemadmodqu
1561 1678 1588 1701 et
1608 1674 1742 1703 Dominus
1767 1676 1888 1711 inquit,

1080 1717 1202 1744 Lazarus
1222 1720 1323 1746 anticus
1343 1723 1431 1746 noster
1442 1721 1592 1755 consopitus
1609 1726 1659 1755 est,
1676 1722 1721 1748 sed
1733 1722 1802 1749 vado
1820 1731 1852 1750 ut
1872 1733 1889 1750 a

1080 1771 1172 1789 somno
1187 1764 1300 1790 excitem
1312 1764 1410 1790 eum”.
1421 1763 1468 1791 Sin
1486 1773 1568 1800 sopor
1580 1770 1632 1799 est,
1648 1766 1781 1794 nimirum
1794 1775 1889 1795 causa

1080 1813 1123 1836 est
1138 1810 1281 1844 requietis,
1301 1813 1328 1836 et
1346 1811 1520 1844 auspicandae
1535 1812 1664 1846 perennis
1679 1814 1789 1840 cerasia
1805 1816 1888 1845 νῆιν.

1082 1859 1112 1881 ιιι
1125 1854 1163 1881 ait
1174 1861 1254 1882 sacer
1269 1855 1435 1889 Apostolus:
1452 1855 1532 1882 Nunc
1545 1862 1632 1884 autem
1648 1857 1770 1885 Christus
1790 1867 1890 1887 resur-

1082 1900 1151 1926 rexit
1181 1909 1196 1927 a
1227 1901 1352 1933 mortuis,
1374 1903 1502 1937 primitiae
1512 1902 1700 1930 dormientium
1721 1904 1837 1938 factus,-
1857 1916 1891 1934 ac

1082 1953 1192 1973 rursum
1205 1945 1354 1981 :Absorpta
1366 1951 1404 1973 est
1417 1948 1523 1974 morsiu
1535 1947 1645 1974 tictoria
1657 1957 1665 1981 ;
1677 1949 1722 1975 ubi
1731 1955 1782 1982 est,
1798 1959 1890 1983 nwrs,

1082 1992 1207 2019 stimulus
1222 1993 1302 2019 tuus?
1317 1993 1362 2020 ubi
1379 1998 1430 2026 est,
1445 1992 1522 2027 Orce,
1537 1994 1650 2021 victoria
1667 1996 1732 2022 tua?
1746 1994 1891 2025 Stimulos

1082 2043 1168 2065 autem
1186 2039 1280 2066 martis
1294 2043 1432 2074 peccatum
1451 2044 1501 2073 est,
1523 2041 1608 2067 virtus
1626 2048 1685 2067 vero
1706 2042 1813 2075 peccati
1830 2043 1889 2070 lex.

1082 2082 1137 2111 Deo
1168 2090 1257 2111 autent
1273 2085 1370 2119 gratia
1396 2085 1443 2119 qui
1469 2084 1542 2112 dedit
1573 2085 1648 2112 nobis
1672 2086 1816 2113 uictoriam
1841 2097 1893 2122 per

1082 2129 1226 2156 Dominum
1248 2134 1369 2156 nostrum
1384 2129 1476 2158 Iesum
1491 2130 1624 2158 Clu-istum
1639 2131 1671 2158 ³⁸.
1690 2131 1729 2158 En
1747 2133 1891 2168 absorpta

1082 2183 1157 2203 mors
1181 2180 1232 2209 εει,
1255 2184 1288 2203 en
1313 2176 1429 2203 victoria
1456 2177 1531 2209 data,
1549 2177 1683 2212 siquidem
1709 2179 1889 2207 continuat:

240 2225 296 2251 lum
325 2224 477 2251 fabricatus
505 2223 636 2255 destruit,
665 2223 691 2249 in
715 2223 786 2249 hanc
809 2222 894 2249 vitam
918 2222 1031 2250 minime
1047 2231 1070 2260 ι)
1091 2222 1210 2248 Vincenti
1227 2223 1296 2248 dabo
1310 2223 1386 2250 edere
1408 2223 1442 2250 de
1461 2223 1535 2259 ligno
1553 2224 1624 2257 vim,
1641 2225 1712 2259 quod
1729 2230 1769 2252 est
1789 2226 1819 2252 in
1837 2236 1891 2262 pa-

240 2270 398 2302 rediturns;
418 2277 471 2296 non
479 2269 503 2296 ei
518 2268 617 2296 ctelum
635 2269 700 2295 utile
715 2267 855 2303 deinceps,
875 2276 929 2295 non
945 2272 1029 2300 terra,

240 2325 293 2343 non
312 2324 398 2348 mare,
415 2323 469 2342 non
485 2315 537 2347 sol,
553 2322 607 2342 non
623 2314 699 2347 luna,
715 2321 768 2341 non
784 2315 879 2348 stellae,
892 2322 947 2342 non
960 2315 1033 2342 hunc

240 2369 322 2395 porro
353 2367 445 2388 acrem
474 2361 568 2392 ducet,
594 2367 648 2388 non
677 2364 787 2394 gutture
812 2360 952 2391 clamabit,
979 2367 1032 2387 non

240 2406 328 2434 oculis
343 2411 446 2437 cernet,
473 2413 526 2433 non
551 2405 666 2432 auribus
691 2405 822 2437 inaudiet,
849 2412 903 2432 non
922 2405 1034 2433 naribus

240 2452 412 2483 odorabilur,
434 2459 489 2478 non
514 2451 642 2478 manibus
658 2450 828 2481 attrectahit,
849 2457 904 2477 non
919 2451 1034 2485 pedibus

239 2496 403 2529 ambulabit,
423 2504 477 2524 non
505 2496 577 2524 aliud
594 2516 602 2529 ,
631 2503 746 2530 parvum
770 2502 946 2530 magnumve,
970 2504 1032 2524 cum

240 2543 292 2570 hac
307 2543 361 2570 vita
377 2542 556 2577 conjunctum
569 2547 747 2576 exsequetur,
757 2547 818 2575 qua:
832 2542 941 2575 quidem
958 2542 981 2568 ei
998 2543 1035 2570 sit

240 2589 389 2623 praeclusa,
422 2595 454 2614 ac
484 2586 719 2614 remunerationis
749 2590 859 2612 maneat
878 2585 1030 2620 judicium:

241 2641 303 2662 nam
319 2632 446 2668 equidem
468 2632 548 2659 nobis
576 2631 762 2658 remuneratio
787 2631 899 2665 insuper
916 2633 1032 2666 reposita

275 2734 297 2748 "
319 2733 404 2761 ICor.
430 2742 470 2764 ui.
494 2733 537 2761 l7.
575 2733 624 2761 ⁷⁸1
648 2734 713 2761 Cor.
734 2742 760 2762 vi
778 2734 821 2762 l7.

254 2776 295 2802 ιι,
312 2769 358 2796 59.
396 2769 418 2785 ⁸³
432 2769 506 2796 l'sal.
521 2777 566 2801 xv,
582 2769 609 2796 8.
648 2769 671 2785 ”
684 2769 757 2797 Psal.
773 2778 810 2803 iv,
830 2770 856 2798 9.

858 2736 882 2751 '”
905 2735 995 2762 Galat.
1016 2743 1042 2768 v,

897 2771 920 2787 ⁸⁸
933 2770 1015 2799 .Ioan.
1032 2779 1074 2805 ιι,
1094 2773 1138 2800 Η.

1076 2737 1122 2764 ἳιίι.

1084 2269 1175 2295 radiso
1190 2268 1238 2295 Dei
1251 2269 1307 2303 (20)
1321 2269 1354 2296 ⁸⁷.
1378 2270 1416 2296 En
1434 2274 1557 2304 apertum
1569 2275 1610 2298 est
1623 2270 1745 2298 caelestis
1759 2273 1888 2300 stadium

1084 2314 1173 2349 regni,
1193 2323 1226 2341 en
1250 2319 1291 2342 ter
1316 2315 1383 2343 felix
1410 2317 1582 2352 propositum
1604 2322 1758 2351 certamen,
1783 2320 1890 2348 victori

1084 2368 1196 2394 corona,
1214 2369 1247 2388 ac
1263 2361 1325 2389 vitae
1340 2362 1470 2389 delicium
1483 2371 1490 2396 ;
1504 2363 1596 2398 itaque
1614 2364 1759 2391 vincamus
1778 2370 1808 2392 et
1823 2374 1889 2398 nos.

1084 2406 1195 2439 fratres,
1220 2407 1374 2441 diabolum,
1399 2408 1465 2436 vitia
1492 2409 1696 2443 proculcemus,
1722 2412 1847 2440 omnino
1874 2421 1890 2441 a

1085 2452 1193 2487 ﬂagitiis
1209 2461 1410 2488 expurgentur;
1430 2455 1546 2482 virtutes
1563 2462 1769 2490 comparemus,
1789 2467 1851 2494 quo
1864 2465 1890 2487 et

1086 2497 1214 2533 inquilini
1229 2499 1328 2526 liamus
1344 2500 1477 2534 paradisi,
1494 2505 1521 2528 et
1533 2501 1610 2528 vitali
1624 2502 1725 2530 arbore
1741 2503 1887 2538 fruamur,

1086 2550 1134 2577 per
1145 2541 1286 2570 Christum
1304 2543 1398 2571 Jesum
1414 2543 1560 2572 Dominum
1572 2550 1706 2574 nostrum.
1723 2546 1777 2574 Cui
1795 2550 1887 2584 gloria

1085 2592 1112 2614 et
1124 2589 1270 2623 imperium
1281 2597 1344 2616 eum
1356 2590 1447 2624 Patre,
1464 2598 1496 2618 ac
1509 2597 1606 2619 sancto
1617 2591 1735 2627 Spiritu,
1767 2601 1849 2624 nunc
1863 2601 1887 2623 et

1086 2642 1206 2670 semper,
1225 2635 1252 2662 in
1269 2643 1435 2672 omnemque
1451 2638 1670 2672 perpetuitatem.
1689 2638 1793 2669 Amen.

1160 2738 1274 2776 “_._Ioan.
1293 2747 1354 2771 χιιι,
1368 2740 1419 2776 ιι,
1449 2739 1471 2755 ⁸⁸
1486 2740 1602 2776 Philipp.
1620 2749 1660 2774 Ill,
1675 2741 1721 2770 20.

1260 2748 1274 2779 ι.
1293 2747 1354 2771 xm,
1368 2743 1419 2779 lt.”
1449 2743 1471 2755 "
1486 2743 1608 2779 Philipp,
1620 2749 1660 2774 Ill,
1675 2743 1721 2770 20.
1762 2743 1786 2760 ⁸¹
1799 2743 1886 2775 Hebr.

1184 2774 1228 2800 "l
1246 2775 1310 2801 Cor.
1327 2783 1371 2807 xv,
1386 2774 1421 2802 δῦ
1438 2783 1516 2810 seqq.

1560 2776 1583 2792 ⁸⁷
1595 2777 1680 2811 Apoc.
1699 2785 1730 2810 ιι,
1748 2779 1777 2806 ‘l.

252 2867 255 2869 ’
276 2869 334 2904 (20)
355 2868 408 2895 Τοῦ
423 2869 492 2896 Θεοῦ
518 2869 570 2904 pta-3
591 2875 635 2898 est
651 2870 678 2897 in
695 2868 757 2897 Vat.
783 2877 797 2896 a
815 2874 911 2898 nostra
927 2871 1045 2900 lectione
1070 2879 1112 2901 est
1131 2878 1232 2904 textus,
1249 2873 1284 2901 ab
1302 2874 1362 2907 illa,
1379 2879 1433 2902 vet.
1451 2874 1502 2902 int.
1519 2874 1645 2903 Latinus.
