1921 3073
72 114 116 147 ωδ

303 172 420 203 SBRMO
440 175 584 205 LXXXIX.

99 236 167 263 Omni
179 236 267 264 studio
289 243 314 265 et
327 240 471 268 alacritate
497 242 611 270 salutem
630 244 804 274 moliendum.

101 301 196 330 Fratres
223 303 383 340 Patresque,
401 314 453 334 sua
469 308 569 342 cuique
585 311 785 345 tempestivitas
801 313 840 340 rei

73 352 113 378 est.
125 349 160 376 uti
173 350 290 383 postulat
306 352 457 386 scriptum;
479 358 507 381 at
523 355 606 382 saluti
621 357 763 385 moliendae
779 366 841 393 per-

75 400 119 425 oes,
132 398 155 420 et
180 395 287 423 assidua
301 405 308 429 ;
326 405 390 425 nam
404 398 526 432 Apostoli
555 401 611 428 haec
625 403 760 430 sententia
789 410 841 437 est,

74 437 164 473 Semper
182 441 300 475 gaudete,
317 442 374 468 sine
388 443 584 473 intermissione
605 451 689 480 orate,
707 448 735 475 in
758 450 843 476 omni—
858 458 864 470 ε

74 485 111 512 but
128 487 224 520 gratias
240 489 311 522 agite
320 489 354 516 ⁸⁸.
372 489 519 518 Enimvero
537 492 625 520 tribus
650 493 694 521 his
722 493 842 522 functio-

74 531 140 559 nibus
162 533 235 561 salus
263 539 358 563 nostra
372 535 552 569 describitur,
577 539 712 574 siquidem
734 548 843 576 semper

74 577 172 610 gaudere
198 579 361 612 probitatem
389 582 529 615 conciliet,
546 583 607 611 sine
635 585 842 615 intermissione

74 628 138 648 orare
165 622 272 651 diabolo
301 625 328 652 in
354 633 402 652 nos
429 627 520 654 locum
545 627 618 656 haud
643 630 792 663 permittat,
814 631 841 658 in

74 667 182 695 omnibus
196 670 300 703 gratias
311 678 391 704 agere
408 672 524 700 evidens
538 674 575 699 sit
590 674 693 702 amoris
708 675 841 703 indicium

73 711 154 740 divini.
171 713 253 749 Igitur
263 716 391 747 utrinque
404 717 505 750 exacti,
527 717 583 745 Deo
597 721 764 753 placeamus,
782 721 843 748 ani-

75 764 136 784 mum
153 759 262 787 minime
277 760 489 796 despondentes,
511 771 563 790 nett
579 765 705 793 socordia
718 766 842 794 dissoluti

75 802 96 828 in
111 803 273 838 ministeriis,
291 811 318 833 et
329 807 456 841 opificiis,
469 816 501 835 ac
518 809 686 843 psalmodiis,
702 812 768 846 quin
779 819 841 839 cum

74 848 134 874 omni
144 848 249 876 lenitate
262 856 363 878 cuncta
380 852 562 885 obeuntes,ut
578 854 670 882 eximii
686 856 844 890 multiplicis
861 861 881 888 Β

74 891 157 920 divina:
174 896 267 928 gratize
286 897 433 925 ceconomi.
452 897 510 925 Non
537 899 638 927 milites
663 901 798 934 videmus,
814 906 844 929 ut

74 945 148 971 regem
167 940 271 968 alacres
297 942 484 970 comitentur?
508 949 537 971 et
567 952 687 979 quonam
718 947 798 974 vero?
815 947 843 974 in

74 982 169 1017 bellum,
196 987 355 1022 homicidia,
372 997 465 1017 neces.
481 990 520 1018 Ac
534 990 714 1019 nihilominus
725 993 759 1020 ob
775 1001 844 1028 pra:-

74 1033 161 1057 sentem
175 1032 302 1065 gloriam,
320 1038 347 1061 et
366 1041 434 1069 opes
449 1035 547 1068 fluxas,
570 1038 689 1072 prompti
711 1038 737 1064 in
750 1040 843 1067 omnia

74 1080 150 1107 ruunt,
167 1084 215 1104 nos
234 1079 284 1113 qui
314 1079 348 1106 ad
363 1081 476 1108 caeleste
499 1089 624 1116 regnum,
639 1083 722 1110 vitam
744 1087 844 1118 sempi-

74 1123 176 1154 ternam,
197 1122 364 1151 ineffabilem
380 1125 500 1153 laetitiam
519 1134 660 1160 vocemur,
690 1135 787 1163 segnes
811 1137 845 1156 ac

74 1165 222 1199 praefractas.
237 1176 294 1196 non
311 1171 417 1198 alacres
428 1177 523 1203 nos,et
534 1173 639 1200 excitos
656 1173 710 1200 Deo
724 1173 844 1208 praebea-

75 1218 132 1243 mus,
146 1220 191 1240 ceu
217 1215 343 1249 egregios
369 1217 473 1245 Christi
496 1218 621 1254 milites?
645 1218 738 1254 Legite
761 1228 843 1254 quem

74 1264 141 1285 manu
155 1263 232 1287 teneo
253 1261 352 1288 librum
366 1271 373 1294 ;
391 1262 488 1296 videte,
501 1264 626 1298 inquam,
644 1272 676 1291 ac
688 1266 845 1299 cognoscite

74 1301 256 1332 ineoPatrum
284 1307 410 1340 virtutes,
439 1316 500 1343 quae
526 1309 553 1336 in
585 1309 617 1337 iis
643 1310 780 1343 alacritas,
796 1313 843 1346 qui

74 1349 169 1382 spiritus
193 1352 294 1385 fervor,
309 1362 370 1389 quae
385 1355 553 1389 certamina;
570 1360 626 1383 tum
644 1361 734 1384 autem
747 1366 844 1392 quern-

74 1395 199 1424 allmodum
222 1399 393 1427 cohonestati
420 1401 476 1428 sint
511 1406 656 1437 eapropter
680 1410 695 1430 a
711 1403 844 1432 clemente

74 1438 119 1467 Deo
130 1443 202 1476 quasi
217 1444 329 1479 quidam
345 1446 382 1472 dii
402 1449 573 1481 comparati,
587 1456 637 1482 pro
654 1449 804 1482 miraculis,
816 1453 844 1476 et

74 1493 122 1518 qua
133 1489 244 1521 edidere,
263 1491 405 1525 prodigiis.
419 1491 478 1519 lllic
493 1493 651 1527 pra-fulsere
670 1501 725 1522 non
752 1496 841 1522 solum

75 1532 111 1564 qui
125 1533 154 1560 ab
167 1535 271 1569 origine
284 1535 396 1564 formosi
414 1538 510 1565 vitium
527 1540 677 1573 nescivere,
693 1540 740 1568 sed
757 1541 842 1568 etiam

74 1577 111 1610 qui
125 1581 275 1612 proturbati
298 1582 325 1608 in
342 1582 414 1610 foeda
429 1583 551 1611 facinora
568 1586 702 1617 cecidere,
715 1586 845 1620 pulcher-

76 1622 131 1650 rima
156 1626 194 1652 usi
218 1627 390 1660 pcenitentia,
410 1633 451 1655 'ut
472 1630 605 1657 socordia:
623 1635 781 1665 przetextus,
799 1636 846 1658 aut

75 1672 229 1704 contemptus
246 1673 351 1700 nemini
364 1674 400 1700 sit
418 1674 540 1706 relictus,
557 1675 608 1702 nisi
625 1677 686 1710 quis
700 1677 845 1711 plumbeus

76 1718 128 1740 Sane
143 1719 190 1748 est,
199 1724 353 1752 expersque
367 1727 478 1749 sensus.
489 1727 569 1754 quem
586 1720 732 1755 Apostolus
747 1721 846 1749 aﬂatur

76 1758 96 1784 in
108 1759 156 1786 haec
173 1763 263 1794 verba,
288 1762 371 1798 Surge
386 1766 431 1799 qui
445 1765 557 1797 dormis,
573 1771 597 1792 et
616 1775 729 1802 exsurge
743 1776 759 1793 a
775 1776 847 1794 mor-

77 1804 128 1837 tuis,
145 1810 167 1833 et
183 1807 347 1835 illuminabit
369 1813 392 1836 te
412 1810 576 1838 Christus".
592 1811 633 1838 Αιι
647 1813 753 1840 divitias
772 1814 847 1840 boni-

76 1851 126 1877 tatis
136 1853 197 1887 ejus,
213 1859 236 1880 et
253 1855 401 1889 patientiae,
418 1861 443 1883 et
460 1856 671 1892 longanimitatis
687 1860 846 1892 contemnis,

75 1895 182 1930 ignorans
199 1901 325 1934 quoniam
341 1902 487 1936 benignitas
503 1902 550 1929 Dei
573 1903 608 1930 ad
620 1905 801 1938 pcenitentiam
824 1909 848 1931 te

77 1942 186 1972 rdducit?
202 1946 348 1973 secundum
369 1952 456 1974 autent
473 1948 602 1975 duritiam
619 1953 701 1982 tuam,
718 1955 742 1976 et
757 1951 848 1985 impae-

77 1988 147 2016 nitens
166 1999 219 2024 cor,
241 1992 410 2019 thetaurizas
431 1993 479 2020 tibi
505 1994 573 2020 iram
596 1994 622 2020 in
649 1995 719 2022 diem
740 1996 802 2028 ine,
823 2001 848 2022 et

76 2034 237 2070 reuelationis,
252 2044 277 2065 et
290 2037 465 2072 justijudicii
481 2039 537 2070 Dei,
551 2040 596 2074 qui
608 2041 698 2067 reddet
709 2042 849 2076 uniruique

76 2082 203 2109 mundum
232 2091 315 2117 opera
337 2084 444 2118 ejus"?
470 2084 589 2119 Videsis,
615 2091 799 2122 contemplor,
817 2096 849 2116 ac

77 2125 152 2154 minas
181 2130 350 2162 extimesce,
384 2135 466 2165 atque
493 2138 508 2158 e
532 2131 707 2166 contemptus
735 2141 850 2169 exsurge

633 124 789 156 SERMON
793 126 838 156 ES
856 127 1120 159 CA'I'ECHETICI.

857 181 1001 216 Aperiunt
1027 189 1089 209 cum
1116 182 1206 216 Patre,
1222 190 1255 211 ac
1283 188 1380 211 sancto
1407 183 1510 219 Spiritu
1526 205 1533 217 ,
1559 193 1632 213 mtuc
1658 192 1685 214 et

1631 132 1685 164 626

894 234 1012 261 semper,
1028 227 1055 254 in
1073 230 1463 264 omnemqueperpetuitalem.
1478 231 1576 258 Amen.

1191 273 1307 302 SEBMO
1329 274 1386 302 XC.

929 316 1094 345 Faciendum
1110 328 1162 347 non
1177 327 1233 347 esse
1247 324 1275 346 ut
1289 320 1397 347 diabolo
1412 321 1481 355 fores
1495 321 1645 354 pandemus

1069 364 1239 392 admittendis
1256 366 1346 400 pravis
1369 367 1506 401 cogitatis.

927 406 1038 437 Fratres
1075 409 1237 445 Patresque,
1260 411 1386 446 equidem
1416 413 1494 439 vobis
1519 412 1591 439 haud
1617 413 1686 440 citra

894 453 1013 482 laborem
1040 463 1127 490 pauca
1152 456 1226 489 lucc,
1242 457 1376 492 nihilique
1397 458 1504 485 dissero
1519 458 1614 490 verba,
1637 459 1684 486 sed

892 500 1035 534 quoniam,
1057 505 1087 528 ut
1104 501 1157 529 fert
1171 502 1295 537 Apostoli
1311 503 1426 537 dictum,
1441 511 1543 531 munus
1565 503 1684 539 pra‘fecti

892 549 935 572 est
959 545 1085 574 laborare
1107 547 1134 574 in
1150 548 1243 581 verbo,
1261 553 1288 576 et
1301 549 1435 581 doctrina,
1454 549 1594 577 communi
1613 549 1683 576 bono

892 591 1088 622 necessarium,
1108 593 1236 627 exiguum
1250 601 1313 620 eum
1329 594 1448 622 laborem
1461 595 1539 622 laetus
1550 595 1683 630 suscipio,

892 637 1028 672 siquidem
1054 643 1081 666 et
1106 644 1209 675 pastor.
1224 648 1286 668 cum
1309 641 1415 669 laborat
1433 649 1513 677 grege
1534 642 1682 676 pascendo,

892 686 950 709 tum
981 684 1114 711 mercedis
1129 692 1177 719 spe
1194 685 1300 712 laetatur
1312 707 1319 716 ,
1339 686 1366 713 id
1383 691 1424 714 est
1444 687 1543 714 summi
1563 687 1681 721 pastoris

892 729 1034 757 demerito.
1050 730 1107 757 Nec
1132 730 1181 758 Pol
1206 730 1276 767 frugi
1298 732 1403 759 alienus
1419 739 1509 759 sermo
1523 737 1576 763 est,
1592 739 1682 766 quatt-

893 776 995 803 tumvis
1011 775 1127 803 forsitan
1143 778 1258 804 credunt
1280 778 1404 805 nonnulli
1425 779 1682 806 sermocinationem

894 821 1025 856 prodesse
1035 822 1121 855 nihil;
1137 823 1184 857 qui
1201 823 1274 850 enim
1290 828 1378 858 potest
1391 831 1445 850 non
1461 824 1580 852 fructum
1595 824 1684 850 facere

896 872 950 894 tam
973 867 1020 901 qui
1039 867 1161 895 inaudiat
1175 874 1309 903 prompte,
1326 870 1372 903 qui
1388 869 1497 904 quidem
1513 869 1548 897 sit
1563 877 1613 904 pro
1628 870 1683 896 vir-

895 915 962 941 tutis
979 914 1069 941 studio
1093 915 1277 946 coronandus,
1293 923 1375 950 quam
1394 916 1548 950 negligens,
1568 915 1613 943 cui
1634 923 1684 951 pu-

894 960 988 986 dorem
1006 959 1069 986 boni
1089 960 1226 994 neglectus
1243 960 1355 988 all'erat'!
1372 960 1483 993 Verum,
1501 961 1641 993 cohortor,
1657 966 1684 988 et

894 1005 1014 1043 prompti
1040 1005 1152 1038 insuper
1167 1006 1383 1039 protnptitudine
1398 1011 1543 1043 certemus,
1562 1012 1587 1033 et
1601 1007 1684 1040 negli-

893 1040 988 1084 gentes
1015 1057 1236 1084 consurgamus;
1255 1058 1318 1077 nam
1341 1055 1449 1085 tempus
1463 1041 1505 1078 est
1529 1056 1682 1085 acceptum,

895 1100 1058 1130 tempusque
1083 1096 1191 1129 salutis,
1207 1097 1280 1131 quod
1297 1097 1320 1124 si
1343 1097 1495 1132 perdimus,
1513 1098 1684 1126 inveniemus

895 1147 1047 1175 nunquam.

930 1184 1015 1220 Igitur
1039 1194 1089 1214 nec
1108 1187 1166 1215 dies
1184 1188 1302 1222 segniter
1316 1187 1455 1223 deinceps,
1470 1195 1502 1216 ac
1519 1189 1684 1224 negligenter

894 1231 1019 1262 transito,
1033 1232 1098 1266 quin
1127 1240 1261 1266 perennes
1289 1240 1419 1267 cogamus
1449 1241 1525 1268 opes,
1541 1234 1685 1268 supplicia.

894 1283 996 1308 preces,
1012 1276 1141 1311 alloquia,
1155 1277 1374 1311 gratulationem,
1391 1278 1534 1313 lacrytnas,
1548 1279 1685 1310 stimulos,

894 1321 1140 1353 collustrationem,
1158 1323 1286 1351 honestas
1301 1324 1554 1358 contemplationes,
1582 1332 1634 1351 neu
1653 1332 1686 1352 ex

894 1368 1003 1403 ingenio
1032 1374 1126 1397 nostro
1162 1371 1329 1399 aestimemus
1354 1372 1484 1402 alienum.
1512 1371 1576 1406 quin
1607 1379 1686 1399 suam

893 1421 1030 1448 quemque
1049 1415 1164 1442 salutem
1185 1416 1211 1442 in
1228 1415 1320 1443 abdito
1336 1416 1425 1443 moliri
1447 1417 1622 1448 arbitremur,
1643 1422 1687 1444 nt-

894 1466 1002 1494 cunque
1018 1458 1085 1487 foris
1111 1460 1181 1488 alius
1198 1465 1336 1496 appareat.
1354 1462 1452 1489 Annon
1484 1461 1595 1490 Patrum
1631 1471 1687 1490 me-

894 1505 980 1532 moria
997 1505 1132 1539 permulti,
1156 1507 1202 1541 qui
1219 1506 1285 1534 nihil
1312 1515 1373 1535 esse
1393 1508 1559 1542 viderentur,
1579 1509 1612 1536 iis
1639 1510 1687 1543 qui

895 1551 997 1585 aliquid
1017 1551 1173 1579 riderentur
1202 1552 1336 1580 illustrius
1355 1553 1474 1581 fulsere?
1492 1560 1638 1589 postquam
1661 1561 1688 1582 ct

896 1602 987 1624 nostra
1012 1601 1101 1629 aetate,
1118 1601 1146 1624 et
1174 1598 1202 1625 in
1230 1598 1281 1625 hac
1312 1600 1450 1634 republica
1480 1605 1585 1633 nostra,
1603 1601 1629 1628 id
1646 1606 1688 1628 est

895 1640 1026 1675 exemplis
1050 1641 1204 1675 probatum,
1231 1642 1362 1677 multique
1385 1651 1419 1670 ex
1448 1643 1614 1678 ignobilibus
1655 1651 1687 1670 ac

896 1685 1058 1719 contemptis
1094 1686 1269 1720 splenducre,
1308 1687 1425 1715 maxime
1455 1688 1482 1714 in
1512 1688 1685 1716 confessione

896 1729 1063 1756 Christiana.
1083 1729 1158 1757 Unde
1175 1731 1211 1762 id,
1227 1731 1325 1759 sodes?
1343 1739 1403 1759 meo
1426 1732 1540 1767 judicio,
1557 1740 1611 1759 non
1631 1737 1687 1759 tam

897 1782 928 1801 ex
941 1782 1023 1809 opura
1051 1780 1078 1802 et
1104 1775 1237 1802 industria
1258 1777 1411 1811 propatnla,
1444 1785 1526 1812 quam
1558 1779 1686 1805 intestino

897 1818 1017 1853 quodam
1050 1823 1134 1846 statu.
1151 1818 1203 1846 Ubi
1232 1824 1275 1846 est
1301 1820 1373 1847 enim
1389 1821 1551 1848 constitutio
1580 1824 1685 1856 pacata,

898 1864 1056 1898 puritasque
1068 1864 1178 1897 utentis,
1196 1869 1223 1891 et
1238 1865 1430 1898 mansuetudo,
1444 1873 1476 1893 ac
1490 1866 1686 1900 tranquillitas,

899 1907 936 1934 ibi
952 1908 1062 1934 virtutis
1086 1907 1175 1934 finitio
1205 1912 1256 1939 est,
1273 1908 1449 1943 indidemque
1481 1909 1578 1943 aspicit
1604 1909 1686 1944 Deus,

898 1951 1126 1986 quemadmodum
1143 1951 1274 1986 scriptum
1304 1957 1356 1982 est,
1382 1953 1421 1979 Ad
1446 1960 1521 1987 quem
1549 1958 1687 1986 respectem

899 1994 950 2021 nisi
975 1994 1009 2020 ad
1026 2000 1203 2026 mansuetum,
1228 2003 1259 2021 ac
1288 1993 1474 2029 tranquillum,
1489 2000 1513 2022 et
1537 2001 1688 2023 trementem

899 2048 1030 2066 sermones
1049 2047 1118 2066 meos
1134 2040 1155 2056 ⁹¹
1168 2039 1179 2066 ?
1194 2038 1229 2066 Ut
1243 2039 1329 2066 danda
1344 2048 1426 2073 opera
1454 2041 1490 2067 sit
1515 2041 1614 2075 cuique
1639 2049 1688 2075 pn-

900 2092 962 2111 rum
987 2092 1017 2112 se
1036 2091 1051 2111 a
1066 2085 1236 2112 conscientia
1266 2090 1396 2119 praestare
1426 2085 1491 2117 Deo,
1507 2093 1560 2113 neu
1580 2086 1688 2113 diabolo

901 2130 974 2158 fores
999 2130 1128 2164 pandere,
1141 2130 1317 2157 admittendis
1343 2130 1434 2165 pravis
1464 2132 1608 2165 cogitatis;
1626 2140 1686 2158 nam

76 2178 169 2206 somno,
192 2175 330 2210 siquidem
352 2181 378 2203 et
394 2184 469 2204 mors
485 2176 609 2204 imminet
634 2183 754 2212 repente.
768 2179 805 2206 En
822 2184 848 2207 et
864 2185 887 2215 ο
901 2175 984 2204 simul
999 2175 1180 2208 admittimus,
1203 2175 1269 2210 quid
1288 2176 1425 2211 patiamur
1439 2178 1548 2210 tenetis,
1566 2179 1611 2212 qui
1624 2177 1689 2205 cile-

76 2216 198 2248 Candidus
210 2221 295 2249 frater
307 2223 349 2256 pie
360 2223 477 2250 decussit
492 2227 518 2250 et
533 2224 648 2258 prmivit,
661 2225 730 2252 alter
740 2230 767 2252 et
778 2226 849 2254 alius

77 2271 255 2301 consequetur,
274 2276 325 2295 nec
351 2274 441 2296 manet
464 2269 586 2297 indidem
609 2271 766 2305 quisquam,
783 2279 850 2298 cnn-

77 2310 155 2345 ctique
177 2313 325 2340 obibimus.
342 2314 474 2349 Equidem
499 2314 605 2342 felicem
626 2316 673 2350 qui
689 2317 772 2351 probe
788 2325 850 2351 per-

77 2356 178 2391 rixerit,
202 2367 265 2386 nam
294 2359 343 2386 Pol
366 2368 469 2388 merces
497 2361 598 2388 coemit
611 2361 797 2395 immortales,
820 2370 852 2390 ac

77 2409 194 2435 quaestum
215 2405 281 2433 fecit
300 2407 507 2441 sempiternum,
525 2407 666 2435 alacritate
697 2414 778 2443 atque
791 2408 852 2435 dili-

78 2449 153 2481 gentia
180 2452 287 2485 paratis
309 2459 370 2487 quae
392 2452 481 2487 prima
511 2457 538 2480 et
564 2453 700 2488 praecipua
727 2455 792 2481 sint.
810 2454 850 2481 Ac

79 2498 155 2525 postea
181 2504 265 2531 quam
293 2497 437 2525 celebritas
460 2498 552 2525 adhuc
573 2498 675 2532 obitur,
691 2504 851 2534 prestatque

78 2539 182 2568 cmlestis
205 2543 284 2578 regni
312 2549 458 2575 mercatus,
477 2543 559 2578 agite,
582 2544 721 2576 cohortor,
750 2544 851 2573 fratres

80 2581 225 2621 Patresquc,
253 2587 397 2622 vigilemus
424 2595 530 2619 onmes,
556 2592 638 2622 atque
667 2589 848 2622 excubemus,

79 2628 163 2664 diaque
186 2637 212 2659 ct
227 2633 394 2660 immortalia
418 2641 588 2667 mercemur,
606 2642 661 2669 quo
677 2642 739 2662 cum
758 2634 849 2661 fratri-

81 2671 121 2700 bus
137 2675 240 2703 cunctis
259 2676 371 2704 cmleste
395 2684 506 2712 regnum
520 2678 689 2706 erciscamur
711 2687 759 2713 per
773 2679 852 2705 Chri-

81 2722 142 2747 stum
155 2720 247 2749 Jcsum
267 2721 413 2750 Dominum
429 2727 566 2751 nostrum.
584 2723 634 2751 Cui
650 2725 735 2759 gloria
756 2728 782 2752 et
800 2725 852 2752 im-

108 2806 127 2823 “
143 2808 150 2835 Ι
165 2807 261 2837 Thess.
282 2816 306 2842 ν,
324 2809 366 2838 16.
404 2810 427 2826 ⁸⁹
440 2810 539 2845 Ephes.
559 2818 583 2842 ν,
601 2810 642 2838 14.

681 2810 703 2826 ’⁸
721 2809 798 2837 Rom.
821 2817 850 2842 ll,
873 2809 914 2836 10.

898 2229 1002 2252 ramur,
1018 2225 1100 2255 atque
1117 2221 1305 2253 immutamur,
1322 2226 1349 2249 et
1363 2222 1518 2249 amaritiem
1539 2223 1688 2257 carpimus,

900 2275 955 2294 non
971 2266 1138 2300 voluptatem
1155 2274 1163 2298 ;
1182 2270 1333 2302 contraque
1358 2275 1421 2294 cum
1441 2267 1631 2302 resipiscimus
1641 2268 1689 2303 qui

899 2312 999 2347 pacati,
1019 2319 1051 2339 ac
1067 2312 1167 2344 sereni,
1183 2312 1262 2339 melle
1278 2313 1390 2340 suavius
1404 2313 1541 2348 dcgitnus,
1559 2314 1632 2341 velut
1660 2315 1689 2341 in

900 2361 980 2391 portu
995 2355 1050 2383 siti.
1070 2355 1207 2390 Valdeque
1219 2356 1318 2383 ntirurn
1333 2361 1385 2388 est,
1400 2357 1500 2384 virtute
1513 2358 1586 2384 dulci
1611 2365 1690 2386 coma

902 2405 1006 2436 parata,
1019 2405 1046 2428 et
1061 2401 1182 2433 atnabili,
1207 2408 1288 2436 atque
1307 2403 1471 2437 expetenda,
1492 2404 1560 2430 vitio
1594 2412 1689 2431 amaro

904 2455 936 2474 ac
950 2448 1052 2478 lethali,
1067 2448 1191 2482 diroque,
1207 2449 1272 2482 quid
1287 2449 1337 2475 hoc
1352 2448 1476 2484 (malum)
1491 2451 1642 2485 capiamur,
1659 2458 1691 2478 ac

904 2501 957 2520 non
970 2493 1062 2528 potius
1083 2494 1116 2520 ad
1153 2493 1328 2528 perfectionis
1357 2495 1480 2522 habitum
1506 2497 1689 2531 dillingamur.

904 2540 961 2567 Etsi
989 2539 1029 2567 sic.
1042 2545 1132 2567 anteit)
1153 2540 1314 2575 plerumque
1333 2541 1468 2568 vincimur
1492 2550 1542 2576 pro
1562 2543 1689 2570 imbecilli

904 2590 1011 2617 natura,
1027 2590 1054 2612 et
1066 2585 1112 2620 qui
1125 2593 1139 2612 a
1161 2586 1253 2620 pueris
1268 2587 1405 2621 impendio
1431 2587 1464 2614 ad
1478 2587 1548 2614 mala
1574 2588 1690 2623 ingeniis

905 2631 1104 2664 incumbamus,
1122 2637 1149 2660 at
1166 2641 1198 2660 ne
1212 2634 1306 2660 taedeat
1321 2639 1394 2661 certe
1411 2635 1443 2661 ad
1462 2634 1566 2670 frugem
1586 2643 1635 2662 nos
1649 2643 1690 2661 rc-

905 2678 995 2712 cipere
1013 2686 1064 2711 ;ac
1079 2679 1172 2706 videns
1185 2679 1254 2706 Deus
1274 2680 1391 2712 labores,
1408 2687 1457 2715 pro
1486 2681 1564 2707 nobis
1590 2688 1691 2715 propu-

906 2725 998 2759 gnabit
1010 2733 1017 2757 ;
1033 2724 1158 2759 belloque
1168 2725 1310 2754 lacessitos
1319 2727 1428 2754 aeternis
1436 2727 1555 2762 praemiis
1568 2726 1693 2762 donabit,

953 2810 972 2825 ἰ
994 2810 1043 2836 lsa.
1061 2818 1132 2840 Lm,
1148 2811 1175 2841 ει,
