1921 3073
228 157 280 188 ϐΞἹ

227 218 255 240 et
273 212 404 241 arumnis
429 212 575 240 defunctos
590 212 733 247 probitatis
749 219 852 239 corona
875 212 1016 247 obligahit,
1031 215 1056 244 Α

228 259 332 285 sanctis
355 264 500 290 accensos,
515 264 547 284 ac
562 262 660 292 suopte
683 264 768 292 regno
793 256 915 283 affectos.
933 256 1019 288 Quem

229 301 315 337 gloria
331 302 419 334 decet,
439 305 466 328 et
483 302 570 328 honor
590 305 671 335 atque
691 300 782 326 cultus
797 306 859 326 cum
885 298 975 330 Patre,
987 305 1020 325 ac

230 353 324 376 sancto
355 346 474 382 Spiritu,
498 353 572 373 nunc
596 351 624 373 et
650 352 771 379 semper,
799 345 826 371 in
857 350 1022 378 omnemque

231 394 450 429 perpetuitatem.
466 392 563 419 Amen.

516 444 633 472 SERMO
654 444 720 472 XCI.

234 492 270 520 De
296 492 423 520 alacriter
451 491 610 552 obluctantia
641 491 670 517 in
698 490 869 517 scelestarum
897 490 1023 525 conﬂictu

567 533 708 552 mmonum.

567 533 708 554 wmonum.

267 572 377 600 Fratres
396 571 557 607 Patresque,
581 572 671 599 adhuc
693 572 912 599 sermocinamur
937 578 1023 606 quor-

234 625 294 645 sum
308 625 341 645 ac
369 625 425 652 quo
442 618 557 645 evadent
571 625 634 652 qua:
652 616 795 648 feruntur,
832 625 883 644 nec
913 617 1024 650 mirum,

234 670 297 690 nam
323 663 350 690 in
370 664 403 690 iis
430 662 590 690 rumoribus
609 662 790 690 sermocinari
816 670 893 690 mens
912 663 1023 690 assolet.

234 708 347 742 Verum,
362 710 385 736 si
402 709 522 742 videtur,
539 709 635 736 crebra
651 708 882 736 sermocinatione
901 708 1024 741 dimissa,

235 754 378 782 nobiscum
404 754 456 789 ipsi
469 761 608 785 vacemus,
627 755 660 780 ad
676 752 848 784 conﬂictum,
863 752 911 788 qui
929 753 956 779 in
974 760 1024 779 nos

235 800 417 835 imperspicue
445 799 579 826 conﬂetur
597 803 690 832 noctu,
707 803 734 826 et
750 799 881 832 interdiu,
911 799 1023 831 intenti,

237 853 280 878 ne,
309 846 476 881 corporalem
504 850 667 881 spectantes,
682 845 709 872 in
729 846 821 873 animo
839 846 1023 873 vulneremur.

236 893 321 927 Ecqui
345 897 409 920 sunt
436 897 526 920 autem
554 892 726 927 perduelles?
742 892 848 920 scelesti
875 891 1024 925 daamones,

237 946 354 973 nequam
380 938 503 973 spiritus,
523 937 618 965 mundi
647 942 772 972 potentes
789 937 925 965 tenebrosi
943 937 1025 972 hujus

236 984 338 1015 saeculi,
354 992 470 1019 quorum
488 985 627 1011 immensa:
656 983 751 1018 copiae,
769 984 890 1018 atquein
907 992 958 1012 nos
972 983 1026 1010 irn-

235 1030 377 1065 placabilis
406 1029 519 1057 fcroeia.
545 1029 708 1064 Quanquam
733 1037 768 1056 ne
798 1030 955 1062 timeamus,
972 1037 1024 1057 neu

235 1080 454 1107 consternemur,
483 1075 615 1102 habemus
630 1082 680 1102 nos
701 1072 819 1109 quoque
857 1075 962 1102 socium
996 1082 1027 1101 ac

236 1125 475 1156 propugnatorem,
498 1125 623 1148 sanctum
650 1120 793 1156 Spiritum,
822 1120 1026 1154 Dominumque

237 1171 361 1194 nostrum
377 1164 471 1193 Jesum
492 1164 644 1198 Christum,
667 1164 715 1200 qui
735 1165 856 1192 miseriis
872 1165 1028 1200 morbisque

238 1213 340 1240 nostris
358 1212 496 1246 susceptis
510 1215 592 1246 atque
619 1211 745 1244 sublatis,
769 1211 934 1238 tentationes
963 1219 1028 1246 per-

239 1265 347 1292 pessus,
365 1257 475 1285 tentatis
492 1264 654 1284 succurrere
669 1261 769 1292 potest.
802 1256 890 1290 Quem
903 1261 930 1284 ct
945 1257 1029 1284 incla-

240 1311 346 1331 memus
359 1310 421 1330 cum
438 1302 546 1335 fiducia,
576 1301 684 1336 Judica,
700 1302 819 1336 Domine,
843 1307 961 1329 nocentes
978 1310 1028 1335 me,

240 1356 363 1384 expugna
375 1349 559 1383 impugnante:
577 1356 627 1381 me,
648 1348 811 1382 apprehende
837 1355 913 1374 arma
928 1353 952 1374 et
968 1355 1028 1374 scu-

240 1402 308 1427 Ium,
318 1399 343 1421 et
354 1402 466 1429 exsurge
474 1394 503 1421 in
511 1394 674 1428 adjutortum
684 1393 759 1420 mihi.
768 1393 882 1427 E/l‘unde
891 1393 1029 1427 frameam,

241 1445 266 1467 et
290 1440 415 1467 conclude
439 1440 564 1467 adversus
583 1448 626 1467 eos
643 1440 688 1474 qui
704 1444 894 1474 persequuntur
910 1447 949 1465 me
969 1439 1003 1466 9‘.
1017 1447 1028 1465 ι

243 1485 311 1512 Nam
338 1485 462 1520 equidem
479 1493 530 1513 nos
542 1488 745 1521 persequuntur
769 1484 874 1518 hostes,
889 1491 922 1512 ac
937 1491 1031 1512 necem

244 1532 349 1563 sitiunt,
367 1531 506 1558 instructis
523 1531 674 1558 secundum
699 1530 825 1557 semitam
856 1530 947 1562 noxis,
965 1537 1033 1558 cun-
1047 1545 1072 1577 ο

244 1577 351 1611 ctisque
368 1576 437 1604 dolis
451 1580 588 1604 tentantes
603 1576 630 1603 in
648 1575 752 1611 peccati
773 1576 898 1603 scrobem
918 1583 969 1603 nos
983 1575 1035 1602 im-

245 1621 355 1655 pellere.
385 1621 532 1648 Enimvero
557 1628 606 1649 ceu
636 1621 738 1648 milites
757 1628 807 1648 nos
822 1627 932 1655 quoque
949 1621 1036 1647 instec

246 1675 306 1695 inus
321 1667 442 1695 viciSsim
455 1668 534 1703 quasi
550 1667 668 1703 quodam
684 1667 747 1694 tidci
757 1671 784 1694 et
795 1666 898 1694 amoris
912 1666 1035 1698 thorace,

245 1721 277 1741 ac
291 1714 366 1741 velut
381 1714 458 1749 galea
472 1722 520 1749 spe
537 1714 623 1741 induti
654 1713 750 1741 salutis
767 1713 868 1748 quippe
896 1712 930 1739 iis
953 1711 1037 1739 armis

247 1760 346 1788 bellum
364 1760 534 1795 profligatur.
563 1759 622 1786 Jam
638 1759 704 1786 illud
724 1759 836 1792 mirum,
858 1757 963 1792 positas
978 1757 1038 1792 ipso

247 1808 273 1833 in
302 1806 371 1834 bello
401 1813 530 1838 coronas,
545 1806 570 1831 in
594 1804 729 1840 corporali
749 1810 833 1836 certe,
862 1804 889 1831 ni
921 1804 1039 1830 luctatus

248 1851 435 1878 adversarium
454 1855 622 1885 prosternas,
636 1849 708 1876 haud
736 1857 875 1884 quaquam
894 1857 1038 1883 coronare,

249 1897 292 1924 hic
314 1897 336 1924 si
361 1896 433 1924 haud
457 1901 633 1932 prosternare
656 1896 691 1922 ab
715 1895 883 1927 adversario,
908 1903 1038 1922 coronam

249 1943 286 1969 sis
305 1942 442 1976 indeptus.
465 1941 581 1971 Evidens
593 1942 619 1969 id
637 1947 679 1969 est
695 1949 728 1969 ex
740 1948 772 1969 co
787 1941 859 1976 quod
881 1947 1039 1969 sanctorum

250 1988 360 2014 l’atrum
390 1987 498 2015 cuidam
525 1986 676 2013 revelatum
704 1989 747 2013 est
771 1985 805 2012 de
829 1984 975 2020 discipulo,
994 1984 1040 2019 qui

250 2038 423 2069 oppugnatus
438 2033 539 2068 septies
550 2033 625 2060 abire
634 2033 738 2067 absque
749 2035 914 2064 Commeatu,
930 2031 1041 2059 totidcnt

252 2079 382 2116 patientia
410 2087 527 2108 coronas
554 2079 737 2114 quesivissct,
761 2077 941 2112 quamobrem
967 2077 988 2104 si
1015 2077 1041 2104 in

251 2126 328 2153 bellis
340 2126 435 2161 posita:
449 2129 514 2153 sunt
526 2132 646 2157 coronae,
659 2124 756 2152 leniter
773 2125 918 2156 cobet-tor,
941 2123 1043 2150 bellum

253 2171 399 2209 patiamur,
415 2171 485 2198 baud
499 2171 683 2198 diuturnitate
702 2177 798 2205 pugnae
811 2169 958 2204 pracfracti.
984 2168 1043 2195 Non

257 2219 335 2245 beata
351 2217 419 2244 Sara
436 2225 483 2251 per
497 2225 586 2244 annos
601 2216 782 2252 quadraginta
798 2217 899 2245 acriter
921 2216 955 2244 ab
966 2216 1044 2243 adul-
1060 2212 1082 2239 D

254 2271 311 2292 tero
325 2267 480 2299 oppugnata
508 2262 630 2290 dmmone
650 2267 701 2294 est,
716 2271 766 2290 nec
780 2262 921 2297 obtorpuit
935 2261 1044 2291 tamen?

255 2318 308 2338 non
323 2310 418 2338 eodem
434 2310 517 2337 modo
531 2314 558 2336 et
570 2309 678 2344 quidem
693 2317 708 2336 e
727 2309 844 2336 subditis
859 2313 1044 2343 oppugnatus.

254 2365 286 2385 ac
303 2361 413 2392 rogatus
426 2364 441 2383 a
455 2354 596 2391 praefecto,
607 2355 687 2383 vellet
705 2361 739 2382 ne
753 2354 879 2382 deor-aret
891 2353 976 2380 Deum
990 2360 1045 2389 quo

254 2403 354 2435 bellum
374 2410 389 2430 a
420 2409 449 2429 se
467 2405 632 2432 removeret,
647 2400 769 2427 animum
787 2408 840 2427 non
860 2399 968 2428 induxit
980 2398 990 2424 ‘i
1004 2398 1046 2424 vi-

255 2449 337 2477 debat
351 2449 425 2478 enim
454 2447 558 2484 positas
574 2447 600 2474 in
625 2447 696 2474 bello
713 2446 852 2474 victorias.
874 2445 925 2472 Cui
941 2444 1048 2475 exstiti-

256 2495 365 2530 guendo
392 2494 463 2522 bello
487 2494 556 2521 nihil
573 2498 629 2521 tam
645 2492 822 2528 praevalidum
836 2498 869 2518 ac
884 2498 989 2525 preces,
1006 2490 1046 2516 la-

255 2550 367 2577 crymat,
383 2540 513 2568 contritio
527 2539 639 2567 cordis:
660 2539 744 2574 igitur
760 2543 789 2566 ut
804 2537 935 2564 invaserit
948 2536 1048 2568 hostis,

257 2593 303 2615 aut
321 2589 404 2615 etiam
423 2587 525 2614 vulnus
542 2594 598 2621 pra:
614 2583 776 2619 negligentia
793 2583 908 2615 dederit,
924 2582 1049 2610 immisso

257 2635 284 2663 in
300 2634 421 2661 animout
442 2633 564 2661 libidinis
579 2625 643 2663 telo,
657 2631 739 2658 illicet
749 2629 877 2665 precibus
889 2633 1012 2659 utamur.
1022 2631 1050 2655 et

258 2688 272 2707 a
291 2680 370 2708 nobis
388 2678 526 2714 aufugieti;
539 2678 733 2712 lacrytnemur,
750 2683 783 2703 ac
798 2675 881 2703 carbo
897 2674 1050 2702 exstinctus

260 2732 294 2753 Ml
308 2725 410 2753 rrroris
429 2724 567 2752 submisse
584 2731 634 2751 nos
650 2730 787 2758 geramus,
805 2726 832 2749 et
846 2729 895 2749 nos
917 2720 988 2748 Deus
1003 2727 1051 2748 ex-

261 2773 344 2798 tollet.
384 2773 422 2798 Ac
445 2771 549 2798 felicem
579 2777 644 2797 sane
665 2769 711 2803 qui
739 2776 769 2796 se
796 2772 875 2802 urget
894 2767 920 2794 in
945 2766 1002 2794 dies
1023 2766 1049 2793 in

261 2827 341 2852 Dpt'l'e
352 2818 454 2848 divino.
470 2817 516 2854 qui
531 2815 690 2844 obedientiae
701 2814 842 2842 molestias
859 2812 969 2848 perfert;
989 2820 1051 2843 nam

615 2876 637 2892 ⁸³
653 2874 673 2905 ll
691 2875 754 2903 Cor.
774 2881 823 2908 χιι,
841 2872 883 2902 10.

1041 882 1063 909 Β

299 2879 320 2895 ⁰²
340 2879 409 2906 Psal.
429 2886 520 2910 xxxtv,
537 2877 563 2904 5.

816 157 846 187 S.
864 157 1060 188 THEODORI
1092 158 1267 190 STUDITIE

923 2873 945 2888 ’δ
960 2872 1027 2901 Gen.
1046 2881 1111 2904 χχιι,
1132 2872 1153 2898 l.

1810 157 1858 189 628

1070 218 1207 241 certamen
1233 212 1388 241 obedientia
1414 212 1565 239 maximum
1584 212 1682 246 estqui
1708 212 1859 240 castitatem

1072 259 1258 295 incorruptam
1291 263 1393 290 tuetur,
1410 266 1443 285 ne
1469 258 1493 285 is
1514 258 1547 284 ad
1566 257 1650 292 praelii
1678 257 1759 284 finem
1776 257 1862 285 deve—

1072 305 1152 332 niens
1166 312 1228 331 cum
1254 304 1328 331 omni
1349 303 1501 335 alacritate,
1527 306 1555 329 et
1576 302 1706 329 ineﬁabili
1725 304 1864 337 voluptate

1072 348 1136 376 hinc
1148 348 1285 382 abscedet,
1298 348 1365 375 nihil
1381 348 1516 375 sollicitus
1528 347 1562 374 de
1574 347 1716 375 auditione
1729 349 1817 381 mala,
1826 349 1862 375 uti

1072 394 1311 422 concinitsanctns
1327 394 1422 421 David.
1440 393 1499 420 Non
1512 393 1729 428 triumpltatores
1741 393 1866 420 videmus
1895 386 1905 393 ’

1074 439 1184 472 hilares,
1204 447 1236 467 ac
1261 440 1394 474 pmlaetos
1409 439 1522 466 domum
1551 439 1651 466 reverti
1671 438 1866 472 conﬂictus,ct

1073 484 1194 512 victoria:
1213 485 1290 519 signa
1303 484 1496 512 ostendentes?
1516 483 1588 511 idem
1610 484 1637 510 in
1653 491 1686 511 eo
1700 483 1866 519 cogitemus,

1073 530 1316 565 quiinaspectabili
1334 531 1404 558 bello
1419 529 1581 565 perfunctus
1595 530 1759 564 praeclarum
1778 534 1869 557 certa-

1075 584 1136 604 men
1156 576 1314 608 decertavil,
1332 580 1361 603 ut
1388 576 1416 603 in
1437 576 1506 603 urbe
1533 576 1670 611 vaegrandi
1698 576 1867 611 conspicuus
1891 571 1895 574 ’

1074 622 1224 657 apparebit,
1241 622 1321 656 cujus
1336 622 1438 656 opifex,
1452 626 1534 656 atque
1548 621 1720 649 architectus
1737 621 1814 649 Deus
1827 626 1869 648 est

1075 669 1174 703 plausu
1199 671 1330 702 exceptus
1355 667 1524 702 angelorum,
1557 670 1710 701 auctusque
1736 666 1869 693 divinitus

1075 722 1187 747 corona,
1218 721 1251 741 ac
1279 713 1429 748 requietem
1460 712 1574 740 sortitus
1601 712 1797 746 sempiternam
1835 712 1870 739 ad

1076 767 1158 794 quam
1175 765 1225 786 nos
1249 765 1359 793 quoque
1370 757 1464 785 venire
1481 765 1636 784 mereamur
1656 756 1765 784 Domini
1782 757 1871 784 nostri

1075 804 1140 833 Jesu
1155 803 1256 831 Christi
1278 804 1410 831 beneficio
1424 812 1431 830 :
1447 803 1489 830 cui
1504 803 1594 838 gloria
1606 808 1633 830 et
1645 803 1790 837 imperium
1807 810 1871 830 cum

1076 848 1167 881 Patre,
1184 855 1216 875 ac
1230 852 1325 875 sancto
1353 846 1466 882 Spiritu,
1483 854 1556 874 nunc
1572 851 1599 874 et
1617 854 1735 882 semper,
1753 846 1782 874 in
1809 854 1874 874 om-

1077 901 1193 929 nemque
1209 893 1426 928 perpetuitatem.
1442 892 1540 919 Amen.

1375 948 1490 976 SEBMO
1508 947 1588 975 XCII.

1079 996 1259 1024 Titubaudum
1286 1003 1338 1022 non
1363 1003 1418 1022 esse
1436 995 1462 1021 in
1480 993 1659 1020 diuturnitate
1673 991 1874 1024 discriminum,

1200 1032 1265 1066 quin
1281 1030 1446 1065 referendum
1464 1029 1498 1055 ad
1510 1029 1592 1055 Deum
1606 1029 1747 1055 rationem.

1105 1078 1223 1106 'Fratres
1245 1076 1405 1110 Patresquc,
1418 1075 1544 1110 cquidcm
1560 1074 1681 1101 studium
1696 1077 1836 1105 nostrum,
1848 1076 1879 1099 et

1077 1125 1110 1151 ad
1130 1123 1216 1151 Deum
1245 1130 1339 1157 preces
1355 1121 1388 1148 ad
1416 1128 1511 1155 pacem
1539 1119 1702 1148 Christiana:
1735 1118 1880 1154 pertinent

1078 1169 1206 1197 Ecclesia:
1221 1175 1228 1194 :
1245 1176 1308 1195 nam
1329 1167 1394 1202 quid
1419 1166 1512 1193 utilius
1536 1171 1601 1200 pace
1625 1164 1660 1192 ad
1690 1164 1813 1199 quietam
1845 1171 1881 1190 ac

1079 1214 1254 1249 tranquillam
1275 1212 1427 1240 obeundam
1443 1212 1471 1238 in
1505 1211 1609 1238 nostris
1639 1210 1818 1237 monasteriis
1837 1210 1880 1236 vi-

1079 1261 1156 1289 tam?
1176 1259 1339 1293 Quanquam
1353 1257 1424 1284 baud
1451 1264 1499 1291 par
1519 1255 1631 1283 credere
1646 1259 1688 1282 est
1702 1254 1836 1289 expedire
1851 1253 1880 1281 id

1079 1306 1202 1338 omnino,
1221 1304 1427 1338 sciendumque,
1442 1309 1496 1337 quo
1511 1301 1666 1329 diuturnius
1682 1300 1882 1328 sitdiscrimen

1080 1353 1133 1381 hoc
1146 1351 1258 1386 majoris
1272 1348 1467 1385 explorationis
1483 1355 1595 1376 causam
1611 1346 1738 1383 praeberi.
1752 1346 1824 1381 Ergo
1841 1345 1883 1372 ait

1080 1398 1228 1435 Apostolus
1246 1405 1253 1424 :
1274 1395 1371 1423 Ptuceo
1386 1395 1451 1422 mihi
1471 1395 1498 1421 iu
1515 1393 1740 1429 (inﬁrmitatibus,
1756 1393 1785 1418 in
1813 1401 1884 1419 con-

1082 1442 1208 1473 tumeliis,
1222 1442 1249 1468 in
1267 1438 1475 1470 necessitatibus,
1492 1436 1764 1471 inpersecutiouibus,
1787 1436 1815 1462 in
1832 1444 1885 1462 an-

1082 1488 1176 1524 gustiis
1190 1495 1238 1522 pro
1254 1485 1360 1514 Christo
1374 1493 1384 1517 ,'
1404 1492 1464 1511 cum
1479 1483 1547 1510 enim
1567 1481 1697 1516 inﬁrmor,
1714 1485 1775 1507 tunc
1788 1485 1886 1515 potens

1085 1543 1144 1563 sum
1157 1531 1543 1568 n’quamobremquousque,
1561 1532 1589 1555 et
1605 1525 1725 1562 quandin
1745 1526 1886 1558 dimissis.

1087 1580 1238 1608 referamus
1258 1577 1291 1604 ad
1309 1576 1393 1604 Deum
1425 1574 1571 1604 rationem,
1592 1573 1640 1607 qui
1672 1571 1775 1598 utiliter
1803 1571 1888 1604 plane

1088 1632 1241 1660 temporum
1255 1623 1344 1658 spatia
1357 1621 1510 1656 dispensat.
1527 1618 1597 1646 Audi
1611 1618 1728 1645 Litteras
1745 1617 1887 1646 dicentes.

1089 1672 1209 1700 'l'entavit
1236 1670 1305 1696 Deus
1337 1667 1474 1695 Abraham
1485 1665 1632 1700 ".Ecquid
1657 1664 1763 1696 leviter,
1784 1663 1892 1690 sodes?

1088 1723 1273 1752 nequaquam,
1295 1714 1361 1749 quin
1377 1718 1405 1741 et
1427 1711 1615 1747 compluribus
1633 1709 1723 1741 annis,
1742 1713 1769 1736 et
1795 1713 1892 1735 tenta-

1090 1764 1213 1791 tionibus
1230 1760 1334 1792 multis,
1362 1760 1527 1793 tandemque
1543 1757 1668 1784 absoluta
1690 1755 1743 1783 fide
1758 1762 1893 1789 comper-

1090 1814 1145 1836 tum
1160 1807 1308 1841 alloquitur
1325 1805 1353 1832 in
1368 1804 1426 1831 haec
1452 1803 1534 1830 verba
1552 1810 1558 1828 :
1575 1801 1654 1828 Nunc
1679 1800 1788 1835 cognovi
1815 1799 1893 1834 quod

1091 1854 1183 1880 linteas
1193 1851 1284 1883 Deum,
1294 1854 1318 1878 et
1333 1857 1384 1876 non
1391 1847 1530 1883 pepercisti
1536 1845 1593 1881 ﬁlio
1603 1851 1646 1873 tuo
1656 1845 1814 1872 charissima
1827 1852 1894 1878 pro-

1090 1905 1148 1935 pter
1162 1907 1202 1926 me
1213 1898 1247 1925 θ’.
1263 1895 1395 1924 Tentavit
1407 1899 1433 1922 et
1445 1893 1545 1921 Jobum
1559 1896 1616 1919 tum
1629 1891 1783 1926 majoribus
1797 1895 1893 1917 certa—

1092 1945 1222 1976 minibus,
1239 1947 1297 1970 tum
1317 1941 1396 1969 annis
1409 1938 1554 1974 permultis
1570 1944 1622 1970 ;ac
1638 1943 1753 1964 cernens
1767 1934 1895 1969 denique

1092 1990 1236 2020 tolerantia
1261 1987 1424 2024 perfectum,
1445 1986 1473 2013 in
1496 1987 1568 2012 hanc
1582 1982 1747 2011 scntentiam
1766 1982 1896 2016 compel-

1093 2038 1140 2064 lat.
1171 2035 1213 2063 Ne
1234 2042 1274 2062 me
1288 2033 1368 2060 aliter
1382 2030 1507 2059 existima
1532 2029 1587 2056 hinc
1601 2029 1628 2055 in
1645 2032 1669 2054 ιε
1683 2027 1805 2062 exempla
1836 2033 1897 2054 sta-

1094 2083 1185 2113 tuisse,
1208 2087 1288 2116 quant
1308 2082 1336 2104 ut
1366 2076 1463 2111 probus
1479 2073 1667 2109 appareret".
1688 2071 1729 2098 Ad
1754 2070 1895 2097 eumdem

1094 2127 1202 2154 modem
1221 2129 1338 2152 caeteros
1368 2126 1453 2153 vates,
1477 2123 1643 2153 sanctosque
1669 2115 1824 2151 apostolos,
1863 2123 1896 2142 ac

1096 2173 1191 2201 beatos
1210 2175 1353 2205 martyres.
1371 2171 1399 2195 et
1414 2166 1472 2202 pios
1488 2172 1585 2192 omnes
1600 2168 1683 2197 atque
1700 2162 1814 2197 probos,
1839 2161 1896 2188 [τεο

1097 2217 1244 2253 quentibus
1259 2213 1390 2245 miseriis,
1416 2220 1448 2239 ac
1462 2209 1672 2246 quamplurimis
1686 2207 1767 2253 annis
1795 2207 1896 2241 explo-

1096 2251 1172 2291 ratos
1204 2259 1398 2295 mulltatosque,
1424 2255 1523 2284 ascivit
1549 2254 1679 2288 denique.
1704 2256 1734 2278 ut
1747 2251 1783 2278 de
1812 2252 1896 2278 nobis

1097 2309 1167 2336 idem
1193 2307 1230 2335 sit
1255 2305 1440 2340 cogitandum.
1455 2301 1592 2332 Nondum,
1610 2299 1645 2326 ad
1664 2305 1792 2326 cruorem
1811 2298 1898 2325 resti-

1097 2356 1180 2383 timus
1203 2360 1266 2380 cum
1288 2354 1397 2386 peccato
1414 2348 1601 2382 conﬂigentes,
1623 2345 1748 2372 nondum
1778 2349 1824 2371 sat
1855 2345 1898 2371 in-

1098 2398 1262 2427 canduimus
1286 2394 1428 2427 aerumnis,
1445 2393 1569 2420 nondum
1585 2390 1647 2418 fidei
1672 2389 1898 2424 exploratiomm

1099 2446 1234 2473 sinceram
1264 2441 1443 2478 prashuimus,
1464 2439 1521 2465 haec
1532 2436 1661 2464 nimirum
1691 2434 1774 2469 spatii
1811 2442 1898 2461 causa

1099 2497 1150 2520 est.
1185 2489 1217 2516 Et
1247 2487 1367 2522 alioquin
1393 2493 1456 2514 cum
1482 2483 1605 2520 plerique
1631 2481 1793 2515 resipuisse,
1828 2480 1897 2515 lapsi

1100 2537 1268 2566 viderentur,
1300 2538 1458 2568 quanquam
1487 2529 1560 2556 haud
1589 2528 1682 2555 animo
1709 2531 1798 2558 recto,
1830 2526 1898 2560 quin

1101 2582 1173 2612 fit-te,
1189 2587 1222 2607 ac
1240 2579 1287 2614 qui
1304 2577 1364 2605 foro
1385 2580 1536 2607 uterentur,
1550 2581 1597 2601 eos
1611 2573 1657 2607 qui
1674 2572 1730 2599 sint
1745 2576 1898 2605 tempestas

1103 2627 1211 2663 probat.
1232 2623 1385 2660 cujusmodi
1409 2626 1473 2649 sunt
1493 2619 1666 2648 Heracleotes
1690 2622 1772 2652 atque
1798 2617 1900 2644 Cattis.

1105 2675 1193 2706 rinus,
1216 2671 1263 2707 qui
1277 2668 1507 2698 monasteriorum
1536 2665 1663 2700 cupidine
1682 2671 1812 2695 suorum,
1840 2671 1898 2694 seu,

1106 2725 1136 2749 ut
1151 2719 1242 2747 verius
1263 2717 1363 2749 dicam,
1378 2714 1467 2742 studio
1481 2719 1571 2740 rerum
1584 2719 1644 2746 qua:
1657 2710 1797 2740 occidant,
1814 2715 1842 2735 et
1861 2711 1900 2736 iu-

1108 2770 1221 2797 tereant,
1235 2770 1343 2791 rursum
1361 2760 1394 2788 ad
1411 2760 1588 2795 imperatores
1610 2757 1760 2784 deﬂuxere.
1779 2755 1820 2782 De
1837 2755 1899 2790 qui-

1108 2812 1159 2840 bus
1179 2810 1275 2839 merito
1291 2809 1343 2837 hoc
1363 2812 1503 2840 uSurpes:
1527 2803 1636 2832 Utinam
1665 2802 1783 2837 frigidus
1815 2810 1897 2834 esses,

1193 2871 1214 2886 ’θ
1230 2869 1294 2897 ibid.
1316 2867 1357 2895 1'2.
1396 2867 1418 2882 “'5
1431 2864 1482 2893 Job
1506 2871 1547 2897 xc,
1565 2864 1574 2891 l
1590 2871 1668 2898 seqq.
