1921 3073
83 125 130 156 δὲ)

661 123 865 155 SERMONES
883 124 1144 156 CATECHETICI.

1660 124 1713 156 630

83 189 125 208 aut
138 182 256 214 calidus;
275 182 320 209 sed
333 182 396 217 quia
429 181 533 216 tepidus
547 189 586 214 es,
601 185 626 208 et
643 189 688 208 nec
702 181 816 212 calidus,
829 188 874 207 nec
889 183 911 211 Α
930 188 980 208 nec
1005 189 1173 214 recenseam,
1197 181 1223 209 in
1239 181 1339 216 quibus
1355 187 1396 209 est
1418 186 1445 210 et
1458 182 1519 210 ditts
1537 182 1632 213 David,
1653 188 1714 217 post

83 228 204 262 (rigidas,
217 236 335 255 eueniant
350 232 374 254 te
386 235 419 254 ea:
428 235 472 254 ore
486 235 542 254 meo
554 227 588 254 ⁸⁷.
601 226 732 262 Equidem
749 235 799 254 ttcc
814 227 874 253 lau-

82 274 280 309 itaverint,qui
307 273 482 301 confessione
510 278 631 308 peracta,
647 281 703 301 non
730 281 759 301 se
788 273 874 301 absti-

83 327 164 347 nuere
195 321 262 354 qttin
290 320 324 347 de
352 319 529 347 monasteriis
560 319 619 346 suis
637 323 778 350 curarent,
796 319 875 353 quasi

82 365 193 399 quidam
206 364 349 396 bifrontes,
362 370 518 400 nostraeque
538 363 674 399 factionis,
684 369 711 391 et
724 363 874 391 ltzereticze?

83 415 184 437 nostra:
203 410 238 437 ob
267 409 478 442 confessionem,
501 410 636 438 haeretica
664 410 699 437 ob
737 415 875 438 monaste-

83 458 186 484 riorum
216 457 397 484 retentiouem
414 466 422 489 ;
436 464 530 491 pacem
547 458 666 492 amplexi
692 462 755 485 ante
769 465 874 492 pacem,

82 508 113 527 ac
140 501 271 535 periculis
291 504 422 534 quantum
460 500 487 527 in
511 508 541 528 se
566 500 647 533 foret,
667 501 790 528 defuncti
813 506 876 528 ante

83 546 288 578 orthodoxiam,
304 546 394 573 adhuc
408 546 509 580 petitur
528 545 665 579 Christus,
683 550 709 573 et
730 555 760 574 se
773 547 799 574 in
816 555 875 574 mo-

85 592 204 620 nasteria
231 599 358 627 recepere
375 601 382 625 ;
398 593 489 619 adhuc
506 592 573 619 diris
598 593 685 620 sancti
707 593 874 627 obligantur,

83 645 115 664 ac
127 645 157 664 se
168 637 305 664 obnoxios
320 637 455 664 haereticis
470 638 620 670 prtebuere,
632 645 694 665 cunt
714 638 754 664 vel
771 638 876 672 lapides

83 685 224 716 opmteret
251 682 435 711 conclamare.
451 683 637 710 etcoutestari
656 684 778 718 pericula
799 684 874 718 ipsa-

83 736 138 762 que
167 728 365 755 c0ntumcliam
391 727 494 755 Christi
524 729 626 762 lugere.
642 737 675 756 ac
689 730 877 764 deplorareli-

83 781 148 808 gna.
166 773 279 800 Scilicet
288 774 334 807 qui
347 775 542 801 monasterium
559 778 631 801 tettet
646 775 748 802 inibive
759 774 877 802 residet?

85 817 131 851 qui
147 817 238 843 dicere
251 821 333 850 queat
348 817 435 851 capite
453 824 483 844 se
504 825 536 844 ac
549 817 667 844 fortunis
680 818 755 852 peti?
771 818 817 853 qui
830 827 877 853 pa-

927 226 1091 254 adnlteriutu
1118 227 1287 262 aedemque,
1312 228 1431 255 vaticitto
1468 233 1576 262 recepto
1589 236 1713 255 munere.

928 272 1012 301 Maria
1031 278 1104 301 certe
1119 273 1279 310 [Egyptiaea
1303 274 1337 301 ab
1353 268 1497 309 inexpletis
1529 274 1659 309 neqttitiis
1681 275 1716 301 ad

927 319 1079 352 angelicum
1095 327 1183 354 genus
1198 320 1311 354 profuga
1327 320 1399 352 vitae,
1431 320 1548 346 emeruit
1571 324 1598 347 et
1616 327 1718 353 przesa-

927 363 1068 397 gitionem,
1082 368 1110 390 ut
1135 365 1210 391 nulla
1226 364 1333 392 ratione
1349 365 1446 398 cuique
1463 364 1498 391 sit
1508 369 1656 399 prwtextus
1671 371 1718 391 re-

926 407 1019 439 lictus,
1034 410 1099 444 quin
1111 417 1157 443 per
1170 410 1357 445 paenitentiam
1373 410 1406 437 ad
1423 410 1539 437 salutem
1567 409 1658 436 denuo
1672 417 1717 437 re-

904 458 1034 483 -currat.
1065 454 1170 487 Quibus
1190 455 1324 490 exemplis
1349 455 1497 482 alacriores
1520 462 1570 482 nos
1595 461 1716 489 quoque.

927 500 1030 534 optima
1047 507 1200 534 speremus,
1220 500 1418 534 credamusque
1432 499 1453 526 si
1472 498 1584 534 illapsos
1601 498 1628 526 itt
1653 506 1718 533 pro~

929 544 1045 572 fundum
1063 545 1193 572 vitiorum
1215 545 1368 573 incredibili
1383 545 1454 572 Deus
1469 544 1659 572 misericOrdia
1673 551 1717 571 re-

928 590 1046 622 vocavit,
1063 597 1094 617 ac
1111 590 1240 621 restituit.
1262 598 1311 618 nos
1336 590 1445 625 quidem
1461 598 1528 617 sane
1544 594 1716 616 servaturum

928 634 974 668 qui
989 642 1018 661 se
1035 642 1180 670 nrgeatnns
1197 635 1254 662 dies
1283 640 1443 670 noctesque.
1458 636 1496 662 Ac
1511 642 1590 662 nemo
1605 635 1648 661 hic
1660 634 1718 661 fru-

928 687 987 714 gem
999 680 1113 707 audietis
1136 681 1271 710 nocentis.
1295 681 1390 711 dicito,
1409 680 1523 709 lliccine
1539 685 1568 708 ut
1592 680 1635 708 ltis
1651 688 1717 708 sua-

928 726 998 752 viter
1012 733 1076 753 usus
1088 725 1242 760 perfruatur
1254 731 1278 754 et
1290 727 1359 754 illis?
1371 727 1437 754 milti
1446 727 1558 759 credite,
1567 734 1656 761 neque
1665 726 1717 759 his,

928 778 1016 806 neque
1035 771 1088 799 illis
1103 772 1148 806 qui
1163 776 1274 806 peccato
1288 773 1324 799 sit
1348 773 1499 800 obstrictus
1525 774 1648 800 suaviter
1660 776 1719 798 uta-

929 820 983 849 tur,
994 824 1056 844 nam
1071 824 1131 851 quae
1147 816 1272 852 (malum)
1290 817 1412 844 suavitas
1430 822 1471 844 est
1491 816 1657 846 adulterare,
1671 823 1718 842 ne-

84 870 142 889 cem
160 861 263 896 ﬂagitet
279 870 333 896 pra:
352 869 417 896 pace
427 870 480 896 qua
495 862 668 897 perfruatur?
685 863 737 890 Sed
754 863 796 890 hae
815 864 874 890 dia-
893 859 912 886 Β
926 862 1025 897 potari,
1047 863 1142 897 opibus
1168 863 1284 896 inhiare,
1307 863 1436 898 peculari,
1452 862 1614 896 caeterisque
1644 862 1718 889 vitiis

85 906 138 933 boli
150 912 216 934 sunt
230 912 314 937 artes,
329 915 384 941 quo
397 915 459 934 cum
474 908 583 935 inanem
596 909 798 936 confessionem
815 910 876 937 red-

83 952 140 985 dat,
158 956 216 979 tum
231 952 415 980 Cltristianam
445 954 533 981 elevet
559 955 789 990 persecutionem,
809 963 876 984 cun-

83 1002 208 1031 ctoSque,
222 1001 252 1024 ttt
266 998 384 1029 videtur,
401 998 538 1033 inquient.

118 1042 283 1077 Quanquam
300 1043 412 1071 mittime
431 1044 457 1071 id
473 1044 585 1076 evaluit,
601 1044 703 1073 Christi
719 1045 873 1081 beneficio;

83 1097 146 1116 nam
160 1093 288 1116 extorres
302 1090 404 1124 degunt
417 1090 582 1124 complures,
607 1091 653 1126 qui
672 1091 874 1120 confessionem

81 1136 185 1162 obeunt
199 1140 340 1168 accurate,
358 1143 408 1162 nec
421 1135 488 1162 clari
506 1135 540 1162 ab
556 1136 636 1163 initio
653 1135 755 1170 solutn,
770 1137 817 1164 sed
832 1137 873 1165 usi

81 1181 242 1215 paenitentia
255 1189 375 1216 quoque,
397 1181 444 1216 qui
461 1181 573 1216 qnidctn
591 1182 663 1216 pulsi
693 1182 795 1210 obnixu
813 1190 873 1210 mo-

82 1228 222 1259 nasteriis,
247 1235 430 1254 aerumnosam
459 1235 566 1261 erepere
596 1228 691 1261 vitam,
706 1235 823 1263 quorum
845 1229 872 1256 in

82 1281 199 1301 numero
212 1278 241 1301 et
257 1281 308 1301 ttos
321 1274 396 1300 nihili
413 1273 513 1306 simus,
534 1274 580 1308 qui
601 1274 732 1309 religione
747 1275 825 1310 juxta
841 1283 873 1303 ac

80 1321 134 1347 vita
150 1325 322 1352 constantes,
333 1325 360 1347 et
371 1319 527 1347 inconcussi
544 1327 636 1354 pacem
663 1321 797 1355 agitemus
809 1329 871 1348 cum

80 1367 135 1393 Deo
147 1373 196 1402 per
211 1365 356 1393 Dominum
371 1370 493 1392 nostrum
519 1364 613 1393 Jesum
635 1365 786 1393 Christum.
805 1366 872 1400 Quae

80 1413 102 1439 si
119 1413 192 1439 ittest
208 1412 234 1439 in
257 1411 348 1444 nobis,
374 1419 426 1439 nec
453 1412 476 1439 si
493 1416 630 1439 terrarum
657 1412 732 1440 orbis
759 1417 868 1446 aestuet,

81 1457 206 1485 fraudem
227 1458 434 1489 contrahamus,
459 1456 570 1484 Christo
600 1464 648 1492 pro
666 1457 746 1484 nobis
769 1465 868 1492 propn-

80 1507 191 1537 gnante.
206 1502 257 1530 Cui
277 1503 361 1537 gloria
372 1508 398 1530 et
411 1503 554 1536 imperium
568 1511 630 1530 cum
640 1502 719 1530 Patre
732 1510 764 1530 ac
776 1508 870 1530 sattcto

81 1548 198 1583 Spiritu,
215 1556 288 1576 nunc
313 1553 339 1576 et
368 1556 485 1583 semper,
513 1549 538 1576 in
552 1557 718 1584 omnemque
735 1550 871 1585 perpetui-

80 1599 175 1622 tatem.
213 1595 312 1622 Amen.

367 1641 484 1670 SERMO
500 1641 591 1670 XClll.

81 1687 120 1716 De
133 1687 167 1715 iis
177 1689 224 1722 qui
239 1687 357 1722 corporis
370 1687 481 1715 inescati
497 1687 675 1722 voluptatibus
690 1696 736 1723 per
747 1688 873 1723 pwnilcn-

277 1734 342 1760 (iam
351 1741 378 1760 se
389 1733 424 1760 ad
436 1733 538 1769 frugem
553 1742 679 1769 recepere.

115 1779 229 1807 Fratres
254 1778 414 1813 Patresque,
440 1780 546 1807 nullum
568 1785 611 1808 est
640 1781 871 1816 impedimentum

81 1824 183 1851 servari
207 1824 353 1858 satagenti,
375 1831 424 1851 nec
438 1825 564 1853 detinens
592 1830 740 1859 praetextas
753 1834 807 1861 quo
822 1827 874 1854 mi-

83 1879 133 1898 nus
147 1871 189 1898 vel
204 1870 239 1898 ad
255 1871 389 1898 scelerum
416 1876 517 1898 metam
543 1877 691 1906 provectus
719 1873 873 1908 resipiscat,

81 1918 119 1944 Ac
134 1925 228 1944 veram
253 1924 315 1945 esse
334 1925 393 1944 eam
419 1919 582 1945 sententiam
602 1926 664 1946 cum
691 1920 777 1946 mttlta
805 1923 874 1947 sunt

81 1963 217 1997 exempla,
239 1967 296 1990 tum
311 1971 394 1990 unum
410 1971 426 1991 e
442 1964 535 1992 multis
552 1964 580 1991 in
610 1965 712 1993 Davide
735 1965 873 1992 latronum

81 2007 158 2039 duce,
169 2009 243 2043 quod
254 2009 445 2043 praeparatoria
461 2009 586 2044 legimus,
601 2010 737 2044 siquidem
748 2011 873 2038 ostendit

81 2061 172 2081 sermo
185 2057 213 2081 et
227 2054 274 2088 qui
291 2058 350 2081 erat
365 2059 438 2087 ante,
457 2055 584 2086 sicarius,
597 2063 628 2082 ac
641 2055 794 2083 facinorum
812 2057 872 2091 ple-

81 2106 142 2130 nus,
155 2103 184 2125 et
204 2099 435 2132 quemadmodum
453 2107 614 2131 conversus,
626 2099 736 2135 Deoque
752 2101 870 2136 conjun-

80 2149 140 2170 ctus
151 2151 200 2178 per
211 2144 333 2171 habitum
350 2145 543 2177 monasticum,
558 2149 611 2172 tam
625 2147 743 2173 evaserit
758 2147 873 2181 probus,

81 2194 108 2214 ut
123 2188 165 2216 vel
182 2194 330 2222 occupatos
345 2189 455 2216 diabolo
483 2195 641 2224 persanaret
656 2198 664 2222 ;
685 2198 749 2218 nant
774 2191 813 2218 ait
839 2191 873 2218 ad

80 2242 141 2262 eum
156 2233 276 2262 Genius:
293 2234 388 2268 David,
407 2235 500 2266 David,
518 2237 651 2263 scelerum
670 2236 718 2263 tibi
737 2236 807 2264 Deus
825 2245 872 2264 ve-

80 2289 152 2308 utam
170 2280 244 2313 fecit,
275 2282 386 2317 erisque
397 2282 454 2316 jam
469 2282 533 2310 hinc
553 2283 600 2317 qni
620 2283 745 2318 prodigia
767 2288 870 2318 patres.

80 2327 106 2354 In
118 2335 175 2362 quo
189 2328 284 2362 ingens
292 2332 333 2355 est
350 2328 505 2356 humanitas
518 2328 619 2361 divina,
644 2336 697 2355 non
716 2329 839 2356 caedibus
847 2329 873 2356 ei

80 2378 186 2400 tantum
200 2373 374 2407 condonatis,
389 2373 437 2401 sed
459 2373 591 2408 signifero
605 2382 715 2409 quoque
743 2382 776 2401 eo
793 2375 874 2402 insti-

79 2424 146 2448 tuto.
172 2418 234 2445 Vin’
257 2423 285 2446 et
311 2420 428 2446 alterum
442 2419 557 2447 videre?
583 2427 678 2447 eccum
707 2420 875 2454 Manassem,

79 2466 135 2499 qui,
153 2465 254 2492 lsraele
268 2466 349 2492 annis
360 2465 467 2494 duobus
490 2474 523 2493 ac
540 2467 742 2502 quinquaginta
766 2466 793 2493 itt
815 2467 876 2494 ani-

79 2513 130 2539 mis
143 2512 268 2539 colendis
292 2512 448 2539 simulacris
486 2513 610 2546 seducto,
646 2513 709 2540 facti
739 2514 875 2548 pmnitetts

79 2558 197 2589 sincere,
219 2565 281 2584 cum
296 2557 414 2585 donatus
429 2558 515 2585 salute
532 2562 584 2591 est,
609 2564 666 2586 tttm
679 2566 789 2586 carmen
803 2567 872 2586 cott-

79 2603 165 2630 cinuit
180 2602 248 2635 Deo,
264 2604 337 2638 qttod
351 2604 486 2640 hodieque
498 2605 572 2632 canit
590 2604 709 2633 Ecclesia
722 2604 781 2632 Dei.
804 2604 872 2632 Nam

80 2649 151 2682 quod
163 2648 262 2675 attinet
277 2647 310 2675 ad
322 2656 370 2676 eos
389 2650 436 2684 qui
458 2649 573 2677 inescati
594 2650 719 2684 corporis
733 2657 827 2677 amore
842 2657 873 2678 se

80 2694 111 2720 ad
125 2693 232 2728 frugem
253 2701 390 2729 recepere,
408 2694 480 2730 quod
491 2695 556 2729 sint,
570 2703 708 2730 quamque
720 2696 871 2728 numerosi,

116 2760 139 2776 ’τ
152 2760 240 2795 Apoc.
254 2768 297 2793 ttt,
315 2761 357 2790 l6.
409 2762 433 2778 "
453 2761 549 2790 Matth.
565 2754 620 2796 itvt,
637 2763 684 2790 24.

927 908 1037 935 teneri?
1054 915 1106 934 nott
1133 908 1150 935 ii
1176 914 1294 935 mentem
1321 913 1419 942 gerunt
1444 908 1527 936 fiedis
1560 907 1719 935 libidinibus

927 954 1079 986 ardentem,
1107 954 1186 988 quasi
1219 954 1266 988 qtti
1296 953 1419 982 febribus
1444 953 1589 981 laborent?
1608 952 1641 980 Ut
1661 953 1720 980 hate

926 1000 1017 1027 verior
1027 1001 1063 1027 sit
1076 1000 1174 1031 oratio,
1196 1004 1252 1026 tum
1270 1000 1314 1027 hic
1324 1007 1371 1027 eos
1382 1000 1483 1035 puniri,
1499 1005 1557 1027 tum
1575 999 1602 1027 in
1625 999 1719 1026 futuro

926 1045 1026 1072 saeculo
1039 1049 1170 1072 :etetnutn
1184 1044 1339 1080 puniendos
1353 1053 1360 1076 ;
1378 1050 1404 1073 et
1419 1045 1573 1079 voluptates
1599 1045 1719 1079 perditas

926 1098 958 1118 ac
977 1090 1121 1124 pestiferas
1144 1090 1277 1126 amplexis
1308 1090 1500 1126 ingemendutn
1523 1090 1580 1122 sit;
1611 1090 1720 1124 illacry-

925 1136 1065 1168 ntandum,
1078 1143 1130 1163 non
1146 1136 1265 1164 suaviter
1274 1136 1393 1170 gaudere
1408 1140 1511 1167 sontes,
1525 1140 1608 1171 atqtte
1627 1137 1718 1170 impu-

923 1182 1140 1214 dicicredeudi;
1165 1187 1292 1209 caeterum
1320 1182 1367 1216 qui
1382 1182 1509 1209 virtutem
1534 1181 1673 1217 przeferat,
1691 1184 1716 1209 in

923 1236 1009 1263 eaque
1025 1229 1108 1259 vivat,
1125 1235 1158 1255 ne
1174 1227 1196 1255 is
1207 1233 1321 1262 utraque
1339 1228 1472 1260 lucretur,
1489 1235 1521 1255 ac
1535 1228 1594 1264 jugi
1615 1236 1718 1256 arcana

923 1275 1063 1310 voluptate
1078 1281 1126 1310 pro
1149 1275 1306 1301 innocentia
1333 1274 1461 1308 fruatur,
1485 1275 1717 1309 quemadmodum

923 1321 1021 1352 sancti,
1036 1321 1063 1348 in
1076 1321 1130 1348 Deo
1144 1320 1256 1348 assidue
1270 1321 1419 1356 gaudentes
1430 1340 1437 1353 ,
1456 1325 1609 1355 cunctaque
1626 1320 1717 1347 studio

922 1366 1012 1394 divino
1027 1365 1233 1400 posthabentcs.
1249 1365 1430 1398 Qnosintitali
1442 1370 1469 1392 et
1477 1373 1528 1392 nos
1541 1365 1638 1392 fratres
1650 1387 1657 1398 ,
1671 1365 1719 1392 lte-

922 1416 1020 1444 tentur,
1033 1416 1060 1438 et
1073 1411 1188 1439 invicem
1205 1411 1385 1447 gratulemur,
1397 1411 1477 1438 saluti
1489 1431 1497 1443 ,
1510 1411 1717 1447 exercitationi,

921 1457 1286 1491 tolerantiae,morigerationi
1295 1457 1450 1492 frangenda:
1457 1457 1638 1493 voluntati,(id
1645 1458 1718 1492 quod

923 1503 1082 1538 martyrium
1103 1502 1155 1537 est)
1174 1502 1279 1530 caeteris
1290 1502 1398 1536 studiis,
1412 1510 1445 1530 ac
1459 1503 1654 1530 certaminibus
1675 1503 1718 1530 itt-

924 1547 1067 1580 bterentes,
1078 1556 1133 1583 quo
1149 1548 1191 1575 his
1201 1548 1332 1576 absolutis
1346 1556 1491 1583 perennem
1504 1550 1586 1576 vitam
1599 1549 1718 1577 ercisca-

924 1601 984 1622 mur
992 1601 1040 1628 per
1048 1593 1185 1621 Christum
1196 1593 1288 1622 Jcsum
1299 1594 1442 1622 Dominum
1455 1601 1589 1622 nestrum.
1600 1596 1651 1626 Cui
1661 1598 1718 1632 glo-

924 1640 965 1666 ria
978 1643 1004 1666 et
1017 1639 1162 1674 imperium
1178 1647 1239 1667 cum
1251 1639 1342 1672 Patre,
1352 1648 1384 1667 ac
1398 1645 1493 1668 sancto
1501 1641 1616 1676 Spiritu,
1645 1651 1717 1670 nttttc

923 1690 951 1713 et
965 1693 1083 1720 semper,
1097 1685 1123 1712 in
1143 1693 1305 1721 ontnemque
1316 1687 1532 1721 perpetuitatem.
1548 1687 1647 1717 Amen,

1203 1742 1321 1771 SERMO
1342 1743 1434 1772 XCIV.

926 1788 964 1816 De
979 1789 1012 1816 iis
1025 1797 1085 1824 quae
1100 1790 1212 1817 molesta
1231 1791 1259 1817 in
1275 1791 1330 1818 vita
1345 1790 1494 1817 cmttobiaca
1510 1791 1664 1823 credantur,
1684 1799 1717 1818 ac

1007 1825 1060 1852 sint
1075 1825 1200 1859 praelata,
1213 1825 1243 1852 ob
1257 1834 1330 1861 spem
1348 1827 1374 1852 in
1387 1826 1459 1852 caelis
1476 1826 1631 1860 repositam.

962 1868 1070 1898 Fratres
1083 1870 1241 1905 Patresque,
1258 1872 1398 1898 enimvero
1426 1876 1528 1898 arctam
1546 1879 1607 1898 esse
1633 1876 1660 1898 et
1675 1870 1717 1897 af-

926 1915 1027 1943 ﬂictam
1043 1917 1222 1944 monasticam
1239 1916 1321 1944 vitam
1337 1925 1370 1944 ex
1386 1916 1438 1943 hac
1452 1916 1592 1943 Dominica
1607 1921 1718 1943 sentcn-

926 1962 962 1989 tia
973 1962 1055 1997 liquet
1069 1972 1075 1989 z
1090 1961 1119 1989 Si
1132 1962 1190 1997 quis
1204 1963 1258 1988 vult
1272 1967 1330 1996 pos!
1343 1970 1382 1989 me
1398 1962 1611 1995 venirembnegct
1623 1967 1718 1989 semet-

926 2009 1023 2042 ipsum,
1040 2013 1065 2035 et
1077 2007 1153 2034 tollat
1167 2016 1269 2034 crucem
1279 2016 1366 2039 suam,
1378 2012 1402 2034 et
1421 2013 1548 2042 sequatur
1563 2016 1602 2035 me
1613 2008 1646 2034 ".
1656 2007 1718 2035 Jattt

928 2053 1128 2080 ntundanoruttt
1158 2060 1267 2088 quoque
1288 2053 1386 2087 oppido
1407 2053 1534 2080 aeerbam
1561 2054 1717 2088 spectaenla

927 2099 1056 2126 clamant.
1074 2098 1128 2126 Nec
1140 2099 1173 2126 de
1188 2099 1315 2126 omnibus
1329 2098 1434 2132 i0t|UOl‘,
1451 2099 1523 2134 {nam
1540 2099 1602 2134 quis
1617 2099 1718 2133 ampli-

930 2146 991 2172 ficet
1011 2153 1072 2180 qua:
1089 2149 1217 2180 gerantur
1232 2144 1338 2178 singula
1355 2144 1505 2180 dicendo,)
1521 2145 1587 2180 quin
1611 2153 1627 2173 e
1649 2145 1718 2172 bello

927 2191 1057 2225 dilapsos,
1067 2191 1090 2218 si
1103 2191 1219 2223 videtur,
1235 2191 1449 2226 contetnpletnur
1463 2191 1554 2221 modo.
1571 2199 1623 2218 non
1636 2191 1719 2218 amis-

927 2237 965 2264 sis
983 2244 1044 2272 qua:
1071 2237 1199 2264 tenebant
1221 2237 1374 2269 universis,
1402 2237 1467 2264 nudi
1485 2237 1682 2272 propemodum
1702 2245 1719 2264 ο

928 2283 1110 2310 Barbarorutn
1126 2283 1218 2317 lugere
1231 2283 1331 2310 manu?
1347 2291 1400 2310 non
1421 2284 1520 2318 partim
1538 2283 1622 2310 habiti
1641 2284 1718 2319 igno-

929 2329 1044 2356 miniose
1058 2335 1132 2361 suttt,
1142 2334 1170 2356 et
1182 2329 1207 2356 in
1220 2329 1347 2356 exsilium
1362 2329 1449 2363 missi,
1462 2338 1494 2357 ac
1509 2330 1553 2365 pol
1569 2331 1716 2364 primores,

928 2375 1028 2410 partim
1050 2376 1183 2411 dignitate
1201 2376 1277 2409 moti,
1303 2376 1400 2410 partim
1432 2377 1496 2410 huc,
1516 2377 1580 2404 illnc
1599 2375 1717 2411 dispersi

928 2425 1058 2454 tretnuttt,
1075 2426 1102 2449 et
1119 2422 1262 2449 inhorrent
1278 2430 1333 2458 pra:
1352 2423 1386 2450 iis
1401 2430 1462 2458 quae
1477 2431 1539 2450 mox
1557 2423 1693 2458 patietttnt
1705 2423 1718 2450 ἲ

924 2467 1093 2503 Criminique
1105 2468 1186 2495 datur
1201 2468 1273 2502 quod
1291 2468 1316 2495 itt
1330 2469 1388 2495 acie
1401 2477 1454 2496 non
1471 2477 1606 2501 mansere,
1622 2477 1654 2497 ac
1668 2476 1717 2503 pe-

923 2515 992 2541 riere
1006 2523 1014 2547 ;
1027 2515 1126 2542 etenim
1141 2519 1243 2542 tantum
1263 2515 1297 2542 ab
1315 2515 1347 2542 iis
1363 2515 1484 2542 studium
1511 2520 1540 2542 et
1554 2515 1717 2549 obsequium

923 2559 1071 2595 flagitatur,
1085 2564 1115 2587 ut
1135 2560 1175 2588 vel
1197 2568 1298 2595 corpus
1317 2561 1493 2596 animamque
1524 2561 1672 2595 negligant,
1693 2561 1718 2588 si

927 2606 964 2632 sit
989 2611 1101 2632 necesse
1124 2605 1151 2632 itt
1171 2605 1286 2639 gratiam
1309 2606 1449 2640 principis.
1470 2605 1604 2632 Caeterum
1624 2610 1716 2632 ttostra

927 2658 991 2677 cutn
1009 2655 1121 2678 sanctus
1144 2650 1262 2685 Spiritus
1278 2651 1371 2678 laetitia
1385 2651 1532 2685 conjuncta
1547 2650 1603 2686 (2|)
1625 2657 1716 2685 pugna

927 2702 978 2729 est,
996 2701 1026 2724 ut
1043 2697 1194 2732 praeliatum
1220 2697 1257 2725 sit
1278 2697 1349 2732 quod
1376 2697 1505 2725 acerbum
1523 2697 1659 2730 videatur,
1680 2698 1716 2725 ob

117 2828 174 2863 (2t)
194 2830 291 2863 Θλῖψις
315 2835 358 2858 est
385 2830 412 2858 in
428 2829 490 2858 Vat.
515 2839 571 2866 quo
593 2836 644 2864 est,
668 2839 802 2864 :erumna,
829 2840 873 2867 pre

926 2832 1022 2868 Ιλησις,
1041 2834 1114 2869 quod
1131 2833 1230 2870 placet.
