1921 3073
224 134 274 170 631

223 199 298 226 spem
317 192 343 219 in
367 191 446 220 caelis
460 191 617 226 repositam.
643 189 716 227 Ergo
737 191 808 219 haud
823 192 1009 219 suifundimnr
1026 196 1046 222 Α

223 237 340 271 pudore,
356 237 414 272 qui,
431 237 552 272 gloriola:
573 237 627 267 his.
650 245 682 264 ac
713 237 844 272 przetnioli
865 245 947 265 causa
974 243 1014 265 tot

224 286 354 316 tantaque
377 281 569 314 subeuntibus,
598 287 749 316 contraque
769 283 895 317 jubentes
911 283 1014 310 mutire

225 327 407 357 audientibus,
433 334 482 360 pro
501 331 555 353 tam
579 327 706 355 maximis
733 332 759 354 et
775 328 941 360 cmlestibus,
963 336 1012 356 nec

225 371 357 400 tantillam
380 378 530 400 aerumnam
557 373 653 401 leniter
669 373 808 401 feramus?
822 373 950 406 Quaenam
971 380 1012 401 est

225 423 314 445 autem
340 419 482 451 :crumnal?
505 420 577 454 quod
606 422 703 454 prmter
731 420 896 447 voluntatem
919 419 1011 447 forsan

225 463 405 490 ministerium
424 463 541 498 iussum,
558 465 647 497 cibus,
660 471 750 499 potus,
767 466 892 498 vestitus.
907 466 1013 493 calcea-

226 513 326 542 tneuta,
354 509 441 541 locus,
471 509 622 544 modusque
648 511 819 541 obedientiat,
845 511 917 538 aliud
946 511 1012 545 quid

225 553 359 588 ejusmodi
387 561 503 582 mentem
522 555 702 583 conturbans.
727 554 789 583 llaec
805 557 878 583 enim
900 564 964 584 vero
985 562 1013 584 ut

229 605 294 627 sunt
305 601 430 633 molesta,
444 609 497 629 non
513 603 581 629 adeo
600 607 702 633 tamen,
721 606 752 629 ut
762 602 797 628 ab
811 602 900 629 oﬂicio
927 602 1013 630 dimo—

225 649 318 679 veant,
342 646 477 681 siquidem
503 647 574 674 haud
596 651 660 674 sunt
675 655 754 682 pares
777 647 858 682 hujus
878 648 1012 682 temporis

227 691 344 719 miseriae
356 692 389 718 ad
408 700 468 719 eam
481 693 594 728 gloriam
610 701 672 728 quas
687 693 713 720 in
727 701 778 720 nos
792 693 945 720 exhibenda
959 697 1011 720 est.

226 734 278 764 Pro
295 737 394 772 quibus
411 738 434 765 si
449 738 490 764 vel
501 739 678 765 amburamur
690 739 810 773 quotidie
827 738 894 772 puti.
908 738 944 765 sit
962 745 1012 764 ne-

226 789 314 814 cesse,
328 783 426 810 nedum
441 787 471 811 ut
486 788 539 810 tam
556 784 662 811 levibus
675 785 707 811 de
722 785 814 812 causis
837 791 870 812 ac
882 784 1012 811 tolerabi-

227 828 297 855 Iibus
321 829 470 863 riugamur.
493 829 582 864 Atque
606 829 663 857 haec
684 830 795 856 tninime
820 829 938 857 disserui
958 837 1012 864 quo

226 873 430 907 contristentur,
443 875 506 909 quin
519 882 639 902 antorem
658 874 808 906 videamus,
826 882 881 910 quo
895 882 944 902 nos
959 874 1013 902 cle-

227 926 304 946 mens
320 923 481 953 prosecutus
503 919 575 947 Deus
590 924 644 953 est,
671 920 717 955 qui
731 920 786 955 (22)
803 920 942 947 communi
957 920 1012 947 vita

225 965 353 991 sacerdos
369 964 395 991 iu
411 964 482 992 ltanc
505 972 612 992 sacram
635 965 845 1000 professionem,
860 965 1014 992 cmlestem-

224 1017 277 1044 que
300 1010 473 1044 conscripsit.
491 1010 543 1044 Qui
566 1019 617 1038 nec
640 1019 701 1045 qua:
720 1012 811 1046 exigat
835 1019 850 1038 a
877 1011 956 1038 nobis
979 1011 1013 1038 ad

225 1060 303 1081 nsunt
327 1055 411 1089 exigit
436 1062 517 1082 suum
531 1074 538 1087 ,
557 1055 777 1090 quandoquidem
801 1055 897 1090 plenus
913 1060 955 1083 cst
972 1059 1013 1083 ter

223 1100 353 1134 optimus,
377 1105 406 1127 et
425 1100 526 1128 nullius
549 1101 668 1135 indigus,
693 1101 742 1128 sed
767 1106 858 1127 nostra
889 1101 1012 1135 ipsorum

223 1145 321 1179 gratia,
340 1150 368 1173 ut
390 1146 550 1172 bencticium
564 1148 716 1181 capiamus,
741 1154 774 1174 ac
794 1154 946 1178 serventur,
962 1147 1012 1173 ita-

223 1198 286 1224 que.
302 1190 411 1222 fratres.
427 1191 500 1218 omni
516 1192 686 1219 dubitatione
703 1197 818 1222 remota,
832 1200 880 1226 per
894 1193 1013 1219 toleran~

225 1235 289 1261 tiam
308 1240 414 1263 utentes
436 1236 677 1269 incolumitemus,
696 1241 823 1264 cunctam
847 1237 1011 1264 incidentem

225 1280 403 1307 tentationem
414 1285 584 1315 superantes,
595 1281 676 1308 nullis
687 1281 751 1308 victi
767 1282 903 1316 cogitatis,
924 1289 1012 1316 quan-

226 1326 327 1352 tumvis
345 1326 494 1360 probandis
511 1327 599 1359 nobis,
616 1332 643 1354 et
656 1327 830 1361 explorandis
842 1327 968 1362 ingruere
979 1328 1013 1354 si-

224 1374 334 1402 nantur,
353 1370 491 1404 vitamque
511 1375 632 1398 nostraut
659 1371 727 1398 male
744 1372 855 1403 habere,
869 1378 925 1405 qllO
943 1379 1012 1406 prte-

224 1416 338 1443 fidentes
348 1424 410 1443 cum
417 1416 548 1450 Apostolo
561 1424 611 1443 nos
621 1424 730 1451 quoque
742 1417 833 1444 dicere
844 1417 1010 1444 habeamus:

226 1461 258 1488 In
270 1462 391 1489 omnibus
404 1462 602 1490 tribulationem
613 1463 742 1498 patimur,
752 1463 797 1489 sed
812 1471 862 1489 non
874 1463 1013 1498 angustia-

224 1515 295 1538 ntur;
304 1508 467 1542 aporiamur,
476 1508 521 1535 sed
536 1516 588 1535 non
602 1509 774 1535 deatituimur
784 1516 794 1541 ;
806 1510 1012 1543 persecutionem

223 1553 352 1587 patimur,
370 1553 414 1580 sed
429 1561 480 1580 non
495 1553 717 1588 derelinquimur;
733 1554 884 1588 dejicimur,
900 1553 945 1580 sed
960 1561 1012 1580 non

223 1599 351 1633 perimus,
361 1607 462 1634 tentper
477 1600 709 1634 mortiﬁcationem
723 1599 786 1626 Jesu
801 1600 830 1626 in
844 1607 952 1633 corpore
965 1606 1013 1625 no-

224 1649 280 1671 stro
297 1645 510 1680 circumferentes
519 1646 552 1672 θ’.
569 1645 629 1678 Quo
646 1645 801 1672 adhibettdo
825 1645 927 1678 studio,
943 1646 1012 1671 vita-

226 1697 280 1724 que
293 1690 443 1724 procincta,
457 1691 513 1717 Deo
537 1691 750 1725 contplacentes,
766 1690 877 1718 caeleste
896 1697 1012 1725 regnum

225 1736 350 1764 ineamus
372 1744 418 1771 per
436 1736 574 1764 Christum
596 1735 689 1764 Jesum
704 1735 849 1763 Dominum
874 1742 1012 1768 nostrum,

223 1783 269 1809 cui
284 1782 370 1816 gloria
385 1787 412 1810 et
429 1782 574 1816 imperium
588 1789 650 1809 cum
666 1781 747 1808 Patre
757 1801 766 1814 ,
791 1789 823 1809 ac
837 1786 933 1809 sancto
948 1781 1011 1816 5ρί-

225 1827 290 1858 ritu,
306 1834 380 1854 nunc
392 1831 421 1855 et
432 1835 550 1861 semper,
566 1827 592 1854 in
608 1834 774 1862 omnemque
788 1828 1010 1861 perpetuitatem.

225 1872 322 1899 Amen.

1027 861 1050 889 Β

1026 1541 1048 1572 C

505 1927 622 1956 SERMO
641 1927 722 1956 XCV.

225 1971 264 2001 De
276 1978 360 2006 arcto,
377 1978 401 2000 et
414 1978 526 2009 angusto
539 1974 642 2003 itinere.
654 1974 774 2015 'lwtaque
787 1974 848 2002 vita:
864 1974 1010 2002 diversorio

552 2017 683 2043 perennis.

262 2053 374 2082 Fratres
399 2053 560 2090 Patraeque,
589 2055 636 2090 qui
653 2055 802 2091 longinquo
817 2064 850 2084 ac
869 2057 1011 2086 salebroso

225 2101 323 2128 itinere
339 2101 560 2135 proficiscuntur,
577 2109 641 2129 cum
665 2102 788 2129 laborant
803 2123 810 2136 ,
833 2109 859 2130 ct
877 2104 926 2131 via:
943 2105 1008 2131 sub-

224 2147 322 2175 eundis
344 2147 476 2175 molestiis
495 2147 599 2179 dolent,
627 2153 684 2174 tum
706 2148 768 2175 honi
795 2157 843 2183 spe
865 2149 1009 2177 diversorii

225 2193 334 2221 dolores
351 2192 492 2227 perferunt
504 2213 511 2223 .
535 2201 566 2220 ac
585 2193 694 2221 labores
709 2194 858 2228 depellunt,
881 2196 1008 2223 alacriter
1026 2204 1047 2232 ι)

223 2246 331 2273 semper
345 2243 528 2272 contenteque
541 2239 655 2266 ulterius
673 2239 823 2267 tendentes.

258 2284 397 2316 Quorsum
417 2283 470 2310 hoc
484 2283 549 2309 mihi
563 2283 737 2317 cxoruplum?
751 2284 857 2312 scilicet
870 2285 1006 2320 proﬁcisci

221 2336 274 2356 nos
294 2336 404 2364 quoque
428 2329 456 2355 in
481 2329 531 2355 hac
551 2329 603 2355 vita
628 2328 726 2356 itinere
742 2330 879 2364 quodam,
908 2338 941 2358 ac
965 2331 1009 2366 pol

221 2378 310 2408 arcto,
324 2379 351 2402 et
369 2374 479 2405 alllicto,
500 2379 582 2409 atque
597 2373 688 2409 longo,
716 2375 848 2410 valdeque
869 2376 1009 2405 laborioso

221 2421 296 2455 (quis
306 2421 378 2448 enim
396 2419 522 2455 negat?),
534 2420 668 2454 siquidem
684 2428 797 2449 necesse
809 2426 851 2449 est
865 2422 1007 2458 virginita-

220 2471 276 2494 tem
298 2474 330 2494 ac
355 2467 550 2494 continentiam
576 2467 640 2494 dum
658 2467 777 2494 vivimus
793 2467 876 2501 tueri,
894 2469 1008 2503 morige-

219 2515 356 2541 rationem
371 2517 453 2548 atque
465 2512 648 2540 obedientiam
666 2520 775 2540 servare
791 2513 921 2546 vividam,
943 2523 1007 2542 con-

219 2559 281 2586 silia
296 2558 429 2586 destruere
445 2563 469 2585 et
494 2566 596 2585 omnem
610 2559 780 2586 altitudinem
799 2560 968 2587 extollentem
979 2569 1007 2588 se

219 2606 343 2631 adversus
357 2605 496 2631 scientiam
511 2604 559 2630 Dei
569 2625 577 2637 ,
598 2609 623 2631 et
645 2605 673 2630 in
691 2605 871 2639 captivitatem
889 2606 1007 2641 redigere

219 2657 322 2677 omnem
342 2650 505 2676 intellectum
530 2651 557 2676 in
573 2649 726 2684 obsequium
742 2649 841 2677 Christi
853 2652 873 2683 ³,
894 2659 926 2679 ac
946 2660 1006 2686 qua:

253 2731 277 2746 ”
299 2729 320 2756 ll
333 2729 395 2757 Cor.
411 2738 448 2761 tv,
467 2728 510 2755 10.

218 2765 265 2796 20,
279 2765 323 2792 21.

559 2729 566 2743 ¹
586 2727 607 2755 ll
621 2727 685 2755 Cor.
702 2735 730 2760 κ,
744 2728 770 2755 5.
809 2729 818 2744 '
838 2728 933 2757 Matth.
951 2738 978 2762 ν,
995 2730 1039 2758 16.

819 135 850 166 S.
862 136 1059 167 THEODORI
1076 135 1252 168 STUDI'LE

1800 134 1852 165 632

1062 192 1105 222 his
1122 193 1176 220 alia
1190 191 1362 220 consectaria
1375 195 1440 218 sunt
1454 197 1504 225 pro
1518 189 1668 218 monastica
1683 189 1750 217 vita.
1760 189 1854 223 Quan-

1063 246 1158 273 quam,
1175 239 1219 266 hic
1235 246 1343 273 quoque
1357 238 1418 265 linis
1437 237 1564 272 praelatus
1578 240 1629 264 est.
1646 236 1792 269 Quisnam,
1807 243 1854 263 so—

1063 285 1128 312 des?
1153 284 1354 315 immortalitas.
1370 291 1452 318 quant
1471 282 1643 310 certissimus
1658 281 1728 308 Deus
1741 288 1771 308 se
1783 289 1853 316 pra-

1063 330 1169 357 stolatis
1183 330 1304 364 praebere
1318 329 1474 363 stipulatur.
1490 327 1674 360 Quamobrem
1693 331 1792 354 cuncta
1811 326 1850 353 hit

1063 375 1160 402 acerba
1179 375 1214 402 ob
1229 375 1477 405 immortalitatem,
1493 373 1593 400 fratres
1609 372 1790 408 gratulanter,
1811 375 1855 397 at-

1062 427 1115 455 que
1137 420 1272 454 patienter
1298 419 1430 451 feramus.
1457 420 1669 446 cohonestantes
1698 422 1794 444 nostro
1826 417 1854 443 in

1063 473 1186 500 corpore.
1201 466 1354 500 spirituque
1368 465 1462 493 Deum.
1475 465 1510 492 At
1523 465 1568 499 qui
1581 463 1775 492 cohonestetur
1784 462 1856 488 Deus

1062 511 1151 538 dicam
1167 520 1252 539 unum
1266 512 1292 538 in
1307 512 1428 539 modum.
1441 512 1510 538 Ante
1523 510 1635 538 biduum
1650 517 1699 537 nos
1724 509 1786 536 laici
1799 509 1856 537 ltuc

1063 563 1161 584 venere
1178 557 1347 592 speculatum
1361 578 1368 590 ,
1386 557 1525 592 simulque
1547 556 1674 584 sedentes
1689 555 1854 590 conspicati,

1063 608 1094 628 ac
1103 601 1228 628 manibus
1237 601 1289 628 alia
1304 606 1464 636 purgantes.
1478 606 1505 628 et
1513 609 1562 628 ore
1575 600 1722 627 Davidicos
1736 601 1855 634 hymnos

1062 651 1256 681 exsequentes,
1267 646 1351 673 Deum
1366 647 1525 678 laudarunt,
1540 645 1676 681 gratulati,
1690 644 1855 679 frugemque

1063 697 1208 720 senserunt
1222 713 1230 724 ,
1246 698 1328 727 atque
1360 692 1417 719 hinc
1435 692 1611 726 comprobata
1628 690 1770 721 Dotninica
1790 697 1858 717 sen-

1063 737 1146 764 tentia
1158 742 1210 766 est.
1223 737 1267 765 Sic
1281 737 1367 764 luceat
1386 737 1433 763 tua:
1447 741 1531 763 t-estra
1545 744 1634 762 coram
1644 735 1802 766 hominibus.
1824 739 1855 761 ut

1062 782 1166 809 videant
1173 791 1250 817 opera
1256 787 1341 810 vestra
1349 783 1425 814 bona,
1431 787 1453 809 et
1460 781 1716 817 gloriﬁcentPatrem
1725 787 1853 811 vestrum,

1063 828 1107 863 qui
1121 828 1149 854 in
1159 828 1231 855 cwlis
1247 829 1312 855 est’.
1328 827 1367 855 En
1381 828 1506 862 equidem
1520 827 1706 854 cohoneSIatis
1718 831 1810 853 vestro
1824 825 1853 852 in

1064 881 1189 908 corpore,
1209 873 1362 908 spirituque
1378 873 1462 900 Deum
1481 873 1533 900 hac
1548 872 1576 900 in
1593 877 1678 907 parte.
1694 871 1812 898 Atenim
1825 875 1855 897 et.

1064 919 1248 946 cohonestetis
1272 919 1383 953 insuper
1407 918 1515 946 assidue
1538 925 1647 945 omnem
1672 917 1699 944 in
1726 916 1853 946 modum,

1064 963 1111 998 qui
1130 963 1186 990 Deo
1199 964 1280 999 digne
1294 964 1411 991 obeatis.
1423 963 1462 990 Ac
1474 963 1606 998 quoniam
1624 962 1754 989 mortales
1767 969 1853 988 tentu-

1064 1009 1165 1035 latione
1181 1009 1328 1043 plurimum
1356 1009 1390 1036 ad
1411 1009 1546 1043 agendum
1565 1007 1738 1039 inducimur,
1761 1005 1857 1040 Neque

1064 1055 1191 1082 zelatieris
1217 1055 1342 1089 facientes
1364 1055 1545 1089 iniquitatem.
1571 1053 1705 1086 Quoniam
1726 1057 1855 1086 tanquam

1064 1100 1154 1134 fenum
1177 1101 1300 1128 uelociter
1326 1105 1463 1133 arescent,
1485 1105 1511 1127 et
1533 1099 1754 1134 quemadmodum
1779 1098 1857 1124 olera
1901 1102 1905 1105 ‘

1065 1146 1207 1173 herbarum
1230 1147 1281 1173 cita
1296 1146 1416 1173 deciderit
1427 1147 1448 1178 ³,
1471 1146 1537 1180 quin
1554 1146 1639 1180 proba
1651 1164 1658 1176 .
1684 1145 1858 1177 honesteque

1063 1190 1210 1225 oﬂ't-ingito.
1239 1190 1310 1217 Sane
1336 1190 1379 1218 hic
1397 1191 1506 1226 quidem
1531 1190 1583 1217 arti
1600 1190 1729 1224 cuiquam
1755 1187 1854 1219 dediti,

1065 1244 1117 1263 non
1135 1244 1150 1263 a
1182 1236 1332 1271 pejor-ibus,
1349 1236 1395 1264 sed
1411 1236 1539 1271 egregiis,
1552 1235 1643 1270 operis
1654 1235 1696 1261 sui
1712 1234 1857 1268 exemplar

1063 1288 1155 1319 petere
1180 1283 1314 1316 laborant,
1334 1284 1409 1311 verbi
1435 1284 1534 1318 gratia,
1561 1283 1638 1310 faber
1654 1282 1688 1309 ab
1702 1281 1858 1309 artiliciose

1063 1329 1228 1360 fabricante,
1241 1330 1328 1364 pictor
1339 1329 1373 1356 ab
1385 1330 1490 1357 erudite
1503 1330 1641 1364 pingente,
1657 1327 1794 1363 planeque
1806 1335 1857 1353 ru-

1062 1374 1111 1401 des
1143 1381 1175 1400 ac
1199 1375 1291 1401 minus
1314 1374 1434 1401 imbutos
1459 1381 1550 1404 nemo,
1575 1373 1640 1407 quiti
1676 1376 1804 1405 expertos
1826 1375 1858 1397 et

1063 1418 1181 1445 imbutos
1193 1419 1291 1453 satagit
1307 1419 1425 1445 imitari:
1443 1419 1500 1446 haec
1511 1418 1533 1445 si
1547 1418 1574 1445 iu
1590 1416 1741 1444 materiatis
1754 1423 1786 1442 ac
1804 1423 1857 1448 pe-

1064 1465 1210 1491 reuntibus
1226 1464 1268 1491 lex
1285 1469 1367 1499 atque
1380 1464 1472 1499 regula
1489 1468 1540 1496 est,
1556 1468 1657 1498 quanto
1675 1463 1726 1489 hac
1740 1462 1766 1488 in
1781 1466 1855 1493 arte,

1063 1514 1090 1537 et
1116 1510 1230 1538 scientia
1257 1510 1354 1544 magis.
1383 1517 1444 1544 quae
1470 1510 1570 1536 artium
1611 1513 1638 1535 et
1674 1508 1856 1535 scientiarum

1063 1563 1169 1582 summa
1184 1559 1236 1588 cst,
1254 1560 1375 1582 nostrain
1404 1556 1437 1582 ad
1458 1557 1607 1590 proborum
1629 1553 1752 1586 exempla
1766 1553 1857 1580 vitam

1063 1607 1227 1634 componere
1249 1600 1396 1631 debemus,
1416 1607 1470 1627 non
1495 1599 1649 1627 contrarios
1671 1599 1759 1632 Sequi.
1780 1597 1858 1631 Ergo

1064 1645 1203 1672 imitemur
1226 1645 1273 1680 qui
1301 1654 1316 1672 ιι
1339 1646 1431 1680 pueris
1455 1652 1484 1672 se
1508 1645 1542 1672 ad
1565 1650 1702 1672 senectam
1725 1643 1857 1671 subditos

1063 1698 1181 1726 gessere,
1195 1699 1250 1719 non
1263 1692 1326 1719 dico
1343 1692 1494 1726 antiquittts
1509 1696 1620 1718 sanctos
1630 1691 1695 1726 quin
1713 1695 1809 1717 nostro
1824 1691 1857 1718 in

1062 1737 1241 1764 contubernio
1272 1738 1393 1765 illustres
1420 1738 1576 1770 imitemur;
1598 1737 1644 1771 qui
1675 1736 1859 1770 simplicitate

1062 1783 1161 1810 diaboli
1176 1783 1312 1810 vafritiem
1334 1784 1450 1814 solvere,
1469 1787 1496 1810 et
1510 1783 1594 1810 alacri
1609 1782 1762 1809 obedientia
1782 1789 1858 1816 prae-

1063 1829 1170 1861 standa,
1197 1828 1365 1856 curriculum
1392 1829 1528 1863 quoddam
1558 1828 1740 1856 monasticum
1765 1828 1859 1862 probe

1062 1874 1264 1906 decucurrere;
1278 1882 1321 1906 ac,
1337 1874 1359 1902 si
1378 1874 1468 1906 vultis,
1489 1874 1631 1908 iubentem
1650 1881 1679 1901 se
1696 1874 1856 1906 imitemur,

1063 1924 1094 1947 ut
1115 1920 1173 1954 ipse
1195 1920 1350 1952 Christum,
1378 1927 1542 1954 rursumque
1570 1920 1722 1947 edicentem
1743 1919 1858 1946 :Deum

1062 1967 1249 1999 imitarentur,
1266 1966 1335 1992 sicut
1349 1965 1400 1999 ﬁlii
1415 1966 1565 1992 charissimi
1576 1985 1583 1996 .
1598 1971 1623 1992 et
1638 1965 1805 1992 ambularent
1827 1967 1858 1992 in

1062 2011 1218 2043 dilectione,
1237 2011 1303 2037 sicut
1319 2014 1344 2036 et
1359 2009 1480 2036 Christus
1499 2009 1591 2036 dilexit
1607 2017 1654 2036 nos
1665 2029 1672 2041 ,
1697 2014 1720 2035 et
1739 2010 1860 2036 tradidit

1062 2058 1229 2091 semetipsum
1242 2064 1289 2091 pro
1305 2056 1379 2083 nobis
1391 2055 1558 2088 oblationem,
1575 2060 1601 2082 et
1620 2055 1733 2082 hostiam
1754 2054 1807 2081 Deo
1826 2056 1859 2082 in

1063 2104 1169 2130 adorent
1183 2103 1322 2129 suauitatis
1335 2102 1356 2128 ⁸.
1376 2101 1434 2129 Jam
1460 2105 1601 2136 nostrapte
1616 2108 1700 2128 causa
1723 2100 1857 2127 Christus

1063 2148 1229 2175 oblationem
1241 2155 1271 2174 se
1287 2147 1352 2179 Deo,
1367 2152 1395 2174 et
1411 2147 1529 2174 hostiam
1545 2147 1668 2178 tradidit,
1683 2154 1715 2173 ac
1729 2154 1778 2173 ttos
1801 2155 1857 2174 nec

1062 2193 1195 2220 tantillam
1214 2200 1364 2220 aerumnam
1391 2193 1504 2227 agendis
1528 2192 1623 2227 gratiis
1643 2192 1785 2219 feramus?
1803 2200 1857 2226 op-

1060 2239 1179 2274 probriis
1206 2238 1308 2273 petitus
1325 2238 1451 2265 Christus
1465 2242 1523 2269 est,
1541 2245 1591 2272 pro
1609 2237 1662 2265 hoc
1674 2237 1768 2269 etfato.
1793 2236 1855 2263 Im-

1058 2285 1180 2320 properia
1203 2284 1438 2319 impr-operantium
1454 2284 1501 2310 tibi
1521 2284 1671 2310 ceciderunt
1685 2291 1767 2318 super
1781 2292 1822 2310 me
1829 2284 1853 2317 ⁸,

1059 2339 1091 2358 ac
1107 2338 1158 2358 nos
1175 2330 1216 2357 vel
1232 2331 1376 2357 tuinimutn
1402 2330 1496 2364 impeti
1521 2337 1537 2356 a
1550 2337 1689 2364 quoquam
1701 2349 1708 2361 ,
1732 2335 1761 2357 et
1781 2331 1853 2358 insi—

1059 2377 1157 2403 ntulari
1172 2375 1322 2411 negemus?
1334 2375 1439 2402 scilicet
1456 2379 1616 2402 sanctorum
1631 2375 1718 2402 simus
1735 2383 1853 2404 consor-

1060 2426 1110 2453 tes,
1135 2428 1252 2455 quorum
1278 2420 1391 2455 vestigia
1416 2420 1528 2447 minime
1551 2420 1719 2454 sequantur?
1744 2421 1852 2448 scilicet

1059 2474 1121 2495 cum
1134 2466 1248 2493 Christo
1265 2473 1420 2500 reguetnus,
1441 2465 1522 2500 cujus
1539 2465 1598 2492 neci
1617 2472 1670 2492 non
1689 2464 1851 2492 conforme-

1059 2521 1132 2544 mur,
1148 2520 1199 2540 uec
1214 2513 1370 2539 societatem
1386 2518 1515 2538 coeamus
1538 2511 1700 2546 pinnarum?
1715 2510 1749 2537 Et
1765 2513 1789 2537 si
1801 2512 1849 2545 ju-

1058 2565 1115 2586 stus
1126 2559 1170 2586 vix
1186 2558 1318 2590 salvatur,
1334 2558 1430 2592 impius
1441 2562 1465 2583 et
1480 2561 1602 2591 peccator
1617 2556 1662 2583 ubi
1677 2557 1809 2591 parebunt
1822 2558 1851 2583 ‘1’

1061 2605 1156 2632 Videte
1181 2604 1399 2634 accurationcnt,
1429 2603 1661 2638 quetnadmodum
1683 2603 1778 2637 justus
1804 2603 1848 2629 vix

1059 2654 1190 2684 salvatur,
1205 2656 1235 2679 ut
1248 2651 1315 2678 nihil
1329 2651 1418 2678 dicam
1433 2650 1550 2684 probqu
1564 2658 1625 2677 esse
1640 2657 1694 2676 non
1708 2657 1790 2684 posse
1800 2650 1847 2684 qui

1588 2701 1603 2714 ο

1077 2731 1087 2746 ³
1108 2728 1180 2756 Psal.
1196 2736 1290 2758 ituri.
1308 2729 1343 2756 1.,
1378 2727 1390 2742 ⁸
1410 2726 1510 2761 Ephes.
1524 2733 1550 2759 ν,
1563 2726 1590 2753 2.
1628 2727 1638 2743 ⁸
1658 2725 1731 2754 Psal.
1749 2734 1846 2761 tum,

256 2832 312 2869 (Ἡ)
330 2829 473 2859 Κοινοσιου
490 2831 549 2856 erat
564 2827 591 2855 in
611 2831 716 2860 nostro,
730 2828 778 2857 sed
795 2829 1004 2858 emendaveram

1062 2829 1114 2857 ινοῦ
1132 2830 1200 2866 βίου,
1219 2830 1291 2866 qttod
1310 2829 1399 2857 inveni
1417 2830 1444 2857 itt
1463 2828 1522 2856 Vat.
