1921 3073
72 129 127 160 633

71 187 215 223 impatiens
231 186 278 220 sit,
293 186 382 214 labori
398 187 515 220 alienus,
525 193 632 217 veteres
645 190 764 219 ott‘ensas
777 193 856 220 remi-
873 196 893 223 Α

69 234 190 265 uisceris,
207 234 328 268 indeque
344 233 475 261 incensus
503 241 536 262 ac
553 236 719 270 concitatus,
731 245 781 265 nec
794 246 858 265 cum

69 279 123 306 Deo
139 280 248 313 agitans
262 286 367 313 pacem.
384 278 469 312 Igitur
485 279 543 306 haec
558 281 733 315 des‘guaiites
745 290 859 310 necesse

66 330 108 352 est
118 333 133 351 a
147 325 344 359 conjunctione
363 325 506 352 t-(enubica
518 325 623 357 reVelli,
636 330 717 361 atque
735 327 798 355 hinc
809 328 858 355 ab-

65 372 163 399 ductos
188 372 312 398 incidere
328 371 354 398 in
375 371 509 406 judicium
535 379 675 406 perenne,
699 372 748 400 Pol
761 381 859 402 amens

65 418 155 444 dicam
172 417 247 451 quod
262 424 322 444 sum
336 417 472 446 dicturus.
489 424 543 444 non
572 417 712 445 subditum
729 419 771 452 egi
793 426 858 452 quo-

64 463 138 497 que?
151 469 208 489 non
221 461 380 497 pra-fectum
394 462 498 489 habui?
529 469 584 489 non
599 463 791 490 (economum?
803 471 857 490 non

64 507 239 541 spiritualem
255 507 334 541 juxta
360 514 393 534 ac
407 507 549 534 carnalem
565 508 688 541 patrem?
704 515 758 535 non
773 509 856 543 spiri-

65 555 133 581 tales
145 562 225 588 aeque
242 553 352 585 fratres,
366 558 394 580 et
411 554 554 581 carnales?
570 554 642 581 inter
657 561 728 589 quos
742 555 816 582 velut
829 555 855 581 in

64 601 118 635 igni
141 600 289 635 degebant,
311 601 375 627 hinc
401 600 465 627 inde
479 601 597 634 petitus,
613 605 765 635 contraque
788 599 857 628 ditas

62 646 238 673 adversaries
254 646 324 673 vitas
340 646 511 680 depugnans.
527 648 562 672 At
580 646 702 678 servari,
721 646 774 674 nisi
789 648 856 674 tole-

63 693 164 725 rantia,
180 693 341 727 nequibant,
358 700 390 719 ac
410 693 436 719 ni
453 692 599 720 confiterer
614 693 715 725 debite,
735 694 858 728 mihique

60 739 177 765 crimina
206 738 370 765 ascriberem
401 745 520 772 semper,
547 745 636 772 neque
669 739 742 765 enim
766 743 855 772 potest

61 784 142 810 aliter
173 783 201 809 in
222 782 353 810 aerumnis
384 784 493 810 animus
534 784 637 817 pacari.
660 782 714 811 Vos
743 783 854 818 quidem

62 829 131 856 estis
145 829 194 863 qui
210 829 370 863 estis,(nam
381 829 423 858 vel
438 829 464 856 id
481 829 579 856 euilicit
594 829 709 864 dictum)
720 834 747 857 et
757 829 856 857 docere

60 881 121 905 me,
146 881 180 900 ac
206 873 346 907 corrigere
361 873 489 904 tentatis,
507 881 557 900 ceu
576 873 671 900 rudem
684 893 691 905 ,
711 879 738 901 et
758 881 853 901 eorum

60 927 121 954 quae
144 919 275 946 dicantur
290 918 419 952 inscium,
443 926 505 946 cum
521 919 562 946 vel
585 920 677 953 pueris
692 919 728 947 sit
741 920 852 947 evidens

59 965 238 1000 suggestione
255 972 302 991 vos
317 965 450 992 diabolica
469 965 545 992 cieri.
566 963 624 992 Non
641 965 693 992 sub
715 970 852 999 potentem

59 1011 107 1038 Dei
126 1019 240 1038 manum
257 1011 449 1042 succumliitis,
466 1011 492 1037 in
504 1018 557 1045 qua
575 1011 646 1038 inest
666 1011 800 1042 suavitas,
819 1019 852 1039 ac

58 1058 198 1092 voluptas,
215 1062 242 1084 et
257 1058 410 1085 securitas?
424 1057 552 1084 Conliteri
569 1058 696 1084 videiiiitii
715 1066 765 1084 nec
786 1066 852 1085 con-

59 1104 145 1132 fessio
159 1109 202 1131 est
214 1111 276 1138 quae
290 1105 417 1136 obeatur,
432 1103 498 1138 quin
522 1104 662 1130 comitium
680 1104 746 1131 rixis
760 1105 854 1139 aperi-

58 1153 104 1181 tis,
132 1151 272 1184 quasique
296 1150 453 1184 pnetovium
479 1149 608 1178 tribunal.
637 1150 663 1176 in
695 1151 851 1177 animorum

57 1196 208 1229 perniciem
226 1200 396 1227 vestrorum,
411 1202 533 1229 memque
549 1195 640 1222 miseri
658 1195 809 1230 dignitatis,
825 1201 852 1224 et

56 1241 183 1268 omnium
210 1241 258 1274 qui
277 1240 404 1268 audiant.
421 1240 529 1272 Dolent,
551 1241 660 1275 opinor,
676 1249 737 1275 quae
758 1243 850 1270 retuli.

55 1287 104 1314 Pol
127 1287 241 1317 doletis.
261 1290 304 1313 sat
327 1287 402 1319 scio;
420 1290 448 1313 at
469 1286 569 1319 laquor
587 1287 721 1315 sollicitus
739 1293 764 1315 et
781 1288 849 1322 ipse,

56 1339 137 1367 atque
154 1338 185 1360 ut
200 1340 312 1359 causam
330 1339 379 1367 pro
393 1340 502 1368 quoque
514 1338 635 1361 vestrum
649 1334 675 1360 in
694 1334 738 1361 die
753 1334 849 1369 judlcii

55 1379 194 1406 dicturus.
210 1377 262 1405 Sed
274 1386 337 1405 cum
354 1379 485 1413 scriptum
502 1384 556 1406 est:
570 1378 648 1405 Nunc
664 1383 763 1413 tempus
776 1387 851 1406 acce-

54 1424 155 1456 ptabile
167 1444 175 1456 ,
191 1432 261 1450 nunc
271 1425 328 1451 dies
339 1429 377 1451 est
388 1425 513 1456 saliuis",
524 1425 696 1460 malignitate
705 1433 738 1452 ex
750 1426 850 1453 animis

55 1470 179 1501 sublata,
196 1470 359 1497 benefacere
384 1471 533 1502 discamus,
550 1479 687 1506 purusqtte
703 1479 754 1498 nos
767 1472 850 1499 bene-

55 1517 119 1543 licio
134 1516 309 1550 praebeamus
320 1535 327 1545 .
342 1516 502 1550 priusquam
520 1515 629 1542 Domini
644 1515 702 1543 dies
721 1516 850 1544 terribilis

54 1567 80 1589 et
99 1561 217 1588 illustris
231 1565 340 1595 appetat
351 1581 358 1591 .
377 1561 403 1587 in
419 1568 474 1596 quo
491 1562 533 1587 vel
549 1561 629 1588 otiusi
645 1562 777 1588 rationein
789 1569 851 1588 ver-

55 1610 111 1637 buli
127 1609 288 1639 reddemus,
300 1614 328 1635 ut
341 1613 444 1643 quanta
457 1608 559 1643 optima
576 1612 669 1642 potest
679 1609 850 1636 conscientia

55 1657 121 1682 hinc
145 1654 273 1689 profecti,
291 1655 440 1681 habeamus
455 1654 502 1688 qui
519 1661 666 1688 perennem
683 1655 766 1681 vitam
782 1662 849 1682 nan-

55 1702 194 1729 ciscamur
215 1708 263 1735 per
279 1701 418 1728 Christum
438 1700 532 1728 .lesum
547 1700 692 1727 Dominum
711 1705 848 1728 nostrum.

55 1747 105 1775 Cui
138 1747 226 1782 gloria
258 1751 286 1773 et
314 1747 459 1781 imperium
488 1754 551 1774 cuin
580 1745 671 1777 Patre,
700 1754 732 1773 ac
756 1751 851 1774 saneto

56 1793 160 1826 Spiritu
173 1813 180 1824 ,
195 1799 270 1819 nunc
281 1797 308 1820 et
321 1800 438 1827 semper,
456 1793 483 1820 in
500 1800 666 1828 omnemque
683 1793 851 1828 perpetuita-

56 1843 122 1866 tem.
139 1839 238 1865 Amen.

864 1546 887 1575 (Σ

342 1893 460 1922 εειιιιο
476 1894 570 1922 XCVI.

56 1941 92 1968 De
101 1942 196 1975 {ratris
205 1940 322 1968 Carterii
330 1942 482 2002 sece‘ssione,
494 1941 575 1976 deque
585 1949 660 1975 pace,
676 1949 707 1968 ac
727 1942 851 1968 concordi

397 1981 511 2002 octrma.

397 1981 511 2003 octriita.

89 2023 204 2050 Fratres
228 2022 387 2057 Patresque,
407 2022 534 2057 equidem
552 2022 651 2050 crebro
669 2023 702 2050 ad
723 2031 771 2050 vos
791 2023 848 2050 dis-

51 2077 150 2097 SEI'Q'IIS
174 2069 245 2094 haud
262 2069 419 2095 necessario
435 2068 573 2096 disserere
590 2068 712 2100 videbar,
733 2077 782 2096 ceu
802 2069 849 2103 qui

50 2116 106 2150 jam
126 2115 241 2150 perfecti
257 2115 354 2142 essetis
372 2115 398 2141 in
413 2114 511 2147 oﬂicio,
534 2121 584 2141 nec
601 2115 704 2141 moneri
718 2123 786 2149 opus
802 2115 850 2141 ha-

52 2162 177 2193 beretis;
203 2168 288 2190 nunc,
303 2165 332 2187 ut
347 2159 436 2191 video,
460 2159 501 2186 vel
517 2159 544 2186 in
568 2160 665 2194 primis
681 2160 847 2193 necessario,

51 2215 202 2243 postquam
224 2212 252 2234 et
270 2215 311 2234 me
326 2207 366 2234 sic
393 2207 556 2240 disserente,
578 2207 691 2234 minime
711 2211 800 2234 cessat
819 2207 846 2234 in
864 2217 883 2244 ο

52 2254 195 2288 plerisque
219 2257 340 2279 vestrum
366 2253 485 2287 inquies,
514 2259 546 2279 ac
569 2252 667 2279 seditio
692 2253 796 2280 moveri
819 2254 846 2280 in

51 2308 108 2335 quo
124 2304 154 2327 et.
170 2299 294 2326 demiror
308 2299 542 2333 quemadmodum
559 2299 606 2333 qui
620 2299 747 2325 doctores
766 2305 848 2333 agere

51 2355 100 2381 pro
116 2351 247 2380 tempore
262 2345 413 2378 deberent,
440 2345 529 2372 adhuc
550 2350 726 2380 pucrescant,
745 2345 847 2378 stolidi,

51 2399 75 2420 et
87 2397 220 2420 amentes
233 2398 416 2426 nequaquam.
428 2390 577 2418 Enimvero
592 2398 675 2418 causa
685 2396 727 2418 est
741 2391 847 2418 defecta

51 2440 176 2466 charitas
187 2447 193 2463 :
205 2445 269 2464 nam
283 2437 479 2471 siexApostuli
495 2438 648 2464 sententia:
664 2437 787 2465 Charitas
800 2446 849 2472 pa-

52 2488 116 2513 tiens
129 2491 182 2518 est,
198 2485 310 2519 benigna
327 2490 377 2516 est,
394 2493 445 2511 non
460 2484 613 2516 aemulatur,
630 2492 680 2511 non
692 2485 747 2520 agit
759 2492 849 2518 perpe-

52 2541 120 2564 ram,
148 2540 205 2558 non
227 2531 317 2565 inﬂat,
334 2539 386 2557 non
400 2530 524 2557 indecore
545 2538 572 2557 se
589 2531 665 2565 gerit,
685 2539 736 2558 non
751 2531 848 2565 quwrit

51 2587 107 2612 quo:
127 2586 180 2605 sua
195 2582 269 2609 sunt,
287 2585 339 2603 non
352 2577 486 2609 irritatur,
496 2585 548 2603 non
563 2578 662 2612 cogitat
676 2577 786 2608 malum.
797 2585 849 2603 non

53 2625 148 2660 gaudet
170 2631 252 2658 super
273 2623 422 2658 iniquitate,
447 2624 590 2659 congaudet
615 2628 701 2651 autent
717 2625 846 2656 veritati;

53 2672 141 2698 omnia
167 2670 275 2704 suffert,
299 2670 387 2711 omnia
410 2670 504 2702 credit,
530 2671 619 2697 omnia
638 2675 738 2705 sperat,
756 2672 847 2697 omnia

63 2718 175 2743 sustinet
183 2715 206 2748 ⁸,
226 2715 356 2742 nimirum
371 2715 424 2743 hac
438 2716 552 2744 absente
564 2716 692 2743 oriuntur
707 2717 847 2744 contraria

54 2763 189 2795 vicissim,
216 2761 407 2794 incredulitas,
429 2762 562 2796 secessio,
587 2763 751 2798 pertinacia,
771 2771 845 2798 spes,

90 2820 124 2849 Ἰ
149 2821 207 2848 Pet.
225 2829 264 2853 iv,
286 2820 329 2848 18.
368 2821 379 2836 ⁷
404 2820 425 2848 ll
437 2821 503 2850 Cor.
518 2831 556 2855 vt,
572 2823 599 2850 2.
638 2823 648 2840 ⁸
669 2823 688 2849 ll
704 2823 766 2851 Cor.
785 2831 846 2856 λιιι,
860 2825 886 2852 7.

60 2857 99 2885 lO.
139 2858 161 2874 "
181 2856 203 2884 ll
225 2857 289 2885 Cor.
308 2863 355 2888 vii,
372 2855 414 2883 ll.

641 131 848 166 SERMONES
861 136 1124 170 CATECHETICI.

1651 146 1704 178 634

908 197 990 227 atque
1007 194 1152 222 tolerantia
1168 194 1255 222 nulla.
1275 195 1303 222 In
1321 194 1364 223 his
1377 195 1474 230 positi,
1505 197 1553 232 qui
1570 197 1703 228 Dominici

912 238 1038 274 discipuli
1054 240 1201 268 vocemur?
1223 240 1284 275 ipso
1295 241 1442 273 clamante,
1459 249 1491 270 ac
1504 243 1612 272 dicente
1641 254 1647 272 :
1670 245 1704 274 In

912 285 960 311 hoc
985 290 1139 320 cognoscent
1163 294 1253 313 omnes
1277 287 1342 321 quia
1366 287 1492 322 discipuli
1508 290 1557 316 mei
1574 292 1654 324 estis,
1679 293 1704 319 si

912 329 1067 356 charitatem
1081 330 1227 357 habueritis
1245 331 1280 358 ad
1294 331 1406 358 invicem
1414 332 1435 365 ';
1457 337 1484 359 et
1496 333 1560 360 alibi
1577 342 1701 367 rursttm,

912 374 943 402 Si
956 385 998 403 ros
1017 377 1169 404 metueritis
1185 378 1213 404 t'n
1224 385 1343 405 sermone
1360 387 1429 412 meo,
1442 387 1500 406 uere
1513 381 1639 414 discipuli
1651 383 1702 409 mei

911 422 996 451 eritis.
1010 427 1034 449 et
1049 423 1208 458 cognoscetis
1233 423 1371 450 veritatem
1383 445 1391 457 ,
1414 429 1439 452 et
1456 426 1552 452 veritas
1580 426 1701 454 liberabit

913 469 997 501 vos",
1013 469 1096 503 igitur
1119 469 1294 502 charitatem,
1318 477 1351 498 ac
1366 471 1508 498 veritatem
1527 480 1581 499 non
1599 472 1703 499 haben-

912 520 964 546 tes,
981 515 1048 549 quin
1065 515 1235 548 inimicitias,
1250 523 1367 551 pugnas,
1383 516 1506 549 dissidia,
1521 525 1575 544 non
1590 518 1702 546 Christo

910 561 1062 592 erudimur,
1078 561 1124 587 sed
1139 561 1242 588 Christi
1260 561 1373 589 inimico
1384 582 1392 596 ,
1410 563 1589 597 quantumvis
1602 564 1702 592 acerba

910 611 952 633 est
975 607 1076 634 oratio.
1102 606 1163 634 Jam
1189 615 1245 642 quo
1262 609 1380 636 vivimus
1398 609 1512 640 miselli,
1537 617 1593 645 quo
1608 618 1700 638 aerem

909 653 1055 686 ducimus,
1075 653 1147 680 haud
1183 653 1319 681 obeuntes
1351 662 1412 688 quae
1437 659 1512 689 grata
1535 660 1562 682 ct
1589 659 1700 688 accepta

911 698 982 725 Deo?
999 707 1080 734 quem
1108 699 1228 726 fructum
1256 700 1399 727 Cartcrius
1427 701 1500 734 fecit,
1522 709 1665 735 scgressus
1684 709 1699 728 a

910 744 1000 776 nobis,
1016 749 1099 780 atque
1115 745 1143 772 in
1158 745 1232 772 aliud
1250 746 1421 773 consortium
1447 747 1607 781 profectus?
1628 746 1700 774 Sane

909 797 971 816 cuni
990 791 1102 817 noxium
1117 795 1168 822 est,
1185 795 1212 818 et
1226 792 1381 826 improbum
1399 799 1525 826 prorsus,
1546 800 1578 818 ex
1595 792 1651 818 alio
1672 792 1699 819 iii

909 836 982 862 aliut
1000 837 1170 864 consortium
1188 837 1324 873 migrare;
1339 843 1396 865 tum
1408 837 1434 864 id
1451 838 1518 864 citra
1537 838 1698 872 praefectum

906 882 1087 915 committere,
1102 891 1155 917 qua
1173 890 1226 910 non
1246 884 1402 918 suspicione
1418 884 1519 919 dignus
1530 884 1592 911 est?
1610 883 1697 911 maxi-

907 935 950 954 me
974 933 1104 955 accusato
1130 936 1175 960 eo,
1191 932 1218 955 et
1246 929 1395 962 damnato,
1417 935 1500 964 atque
1519 931 1697 965 reprehenso.

906 971 980 1004 Quas
1005 972 1040 999 ob
1055 979 1117 1004 res,
1146 977 1176 999 ut
1196 973 1315 1006 videtur,
1347 974 1393 1008 qui
1421 974 1446 1000 id
1475 982 1489 1001 ει
1516 974 1595 1002 nobis
1621 975 1698 1008 adju-

905 1023 1044 1049 meutum,
1069 1026 1180 1053 suaeque
1209 1024 1344 1046 secretum
1377 1021 1554 1047 cutiscieiitiie
1583 1021 1697 1048 ntinime

906 1069 1102 1098 concoqueret,
1117 1065 1275 1092 missionem
1292 1066 1427 1099 poposcit,
1443 1074 1474 1093 ac
1491 1067 1536 1101 pol
1550 1066 1696 1093 imbecilli-

906 1114 961 1137 tate
974 1110 1094 1138 hominis
1110 1111 1251 1142 inductus,
1268 1119 1302 1137 ne
1317 1111 1416 1145 majori
1431 1112 1541 1139 tristitia
1566 1111 1697 1138 obruere-

907 1160 960 1186 tur.
987 1157 1014 1183 iti
1033 1157 1143 1190 gravius
1167 1157 1269 1184 malum
1283 1157 1406 1192 illapstis,
1432 1157 1498 1184 fecit
1522 1161 1694 1184 commeatus

905 1202 1032 1237 gratiam.
1049 1202 1161 1230 Demum
1178 1203 1329 1237 deprensus
1343 1207 1395 1234 est,
1409 1202 1522 1233 frustra,
1532 1210 1564 1229 ac
1580 1202 1697 1236 nequid-

905 1257 988 1284 quam
1006 1249 1090 1282 huiie,
1118 1254 1144 1276 et
1160 1249 1236 1276 illum
1263 1254 1405 1281 causatus,
1433 1249 1523 1276 abitus
1547 1252 1697 1283 praeteritus

905 1294 1036 1329 coegisse,
1051 1300 1133 1330 atque
1151 1295 1214 1322 hinc
1226 1295 1306 1322 vobis
1320 1295 1428 1322 dedisse
1440 1295 1545 1325 turbas,
1556 1294 1694 1329 equidem.

905 1339 958 1372 Qui
973 1348 1016 1367 vos
1035 1341 1175 1367 conturbat
1193 1341 1327 1375 judicium
1344 1341 1460 1376 portabit
1474 1361 1480 1373 ,
1494 1341 1641 1375 quicunque
1656 1345 1696 1366 est

904 1385 990 1418 ille",
1003 1387 1234 1420 quemadmodum
1251 1387 1384 1422 scriptum
1402 1392 1454 1414 est.
1472 1387 1556 1413 Porro
1573 1387 1618 1413 ubi
1633 1386 1696 1420 quis

904 1439 1068 1466 responsare
1085 1433 1210 1466 cmperit,
1229 1432 1269 1460 sic
1295 1433 1405 1464 habeto,
1422 1433 1464 1466 agi
1490 1432 1572 1459 illicet
1599 1432 1692 1466 perui-

903 1477 987 1508 ciem,
1001 1478 1048 1512 qui
1072 1477 1095 1504 si
1112 1477 1265 1511 aequalibus
1291 1483 1448 1512 responsat,
1474 1477 1558 1504 habet
1577 1477 1695 1504 fortasse

904 1531 959 1558 quo
971 1524 1064 1550 animo
1079 1522 1249 1550 satisfaciat?
1266 1523 1308 1551 sin
1327 1523 1490 1558 majoribus,
1506 1523 1639 1558 judicium
1653 1527 1695 1549 est

904 1569 1021 1602 tlissidii,
1038 1574 1065 1597 et
1086 1569 1215 1597 interitus
1229 1569 1290 1605 ejus
1305 1570 1351 1604 qui
1376 1575 1532 1604 responset.
1554 1569 1694 1602 Quamob-

903 1623 973 1648 rem,
996 1615 1105 1648 fratres,
1131 1616 1153 1643 si
1170 1615 1193 1643 is
1211 1616 1366 1644 incoiisulte
1389 1623 1421 1643 ac
1442 1616 1524 1642 noxie
1548 1615 1624 1646 fecit,
1646 1623 1694 1642 vos

902 1662 1011 1696 quidem
1029 1666 1103 1689 certe
1118 1661 1242 1689 consulte
1265 1667 1348 1696 atque
1364 1662 1448 1697 probe
1463 1662 1576 1696 agitate,
1597 1669 1692 1696 pacem

902 1708 1019 1742 amplexi
1033 1715 1095 1735 cum
1114 1708 1253 1737 omnibus.
1277 1713 1302 1735 et
1316 1708 1539 1741 sanctimoniam,
1560 1708 1619 1735 sine
1638 1715 1691 1741 qua

901 1754 986 1781 Deum
1012 1753 1185 1781 contucbitur
1208 1753 1300 1781 nullus
1330 1754 1440 1781 solliciti
1461 1761 1493 1781 ne
1507 1753 1570 1788 quis
1593 1753 1692 1780 divinae

903 1801 996 1835 gratiae
1017 1801 1052 1827 sit
1074 1807 1183 1832 exsors,
1193 1807 1228 1827 ne
1245 1808 1297 1835 qua
1314 1799 1472 1828 acerbitatis
1488 1800 1564 1826 radix
1582 1799 1693 1827 sobole-

902 1854 981 1873 scens
991 1845 1131 1880 negotium
1145 1845 1273 1877 facessat,
1286 1854 1339 1881 qua
1356 1845 1512 1880 frequentes
1522 1844 1691 1880 polluuntur.

902 1892 972 1926 Quid
991 1893 1044 1920 hoc
1057 1892 1132 1919 verbi
1157 1893 1218 1921 est?
1237 1893 1273 1920 uti
1292 1893 1405 1928 probum
1431 1891 1576 1927 quemdam
1604 1890 1691 1917 zcluni

902 1939 1052 1966 ostendatis
1074 1940 1244 1971 innocentes,
1260 1938 1458 1972 malignitatem
1475 1937 1563 1968 exosi,
1577 1941 1604 1963 et
1616 1943 1693 1962 aver-

902 1986 965 2016 sati,
980 1993 1032 2012 neit
1046 1986 1139 2014 hostes
1154 1985 1271 2018 ducatis,
1288 1985 1353 2019 quin
1368 1988 1398 2010 ut
1417 1983 1528 2016 fratres,
1545 1983 1692 2014 moneatis,

902 2031 1026 2066 Apostoli
1044 2031 1285 2059 commendatione
1300 2029 1386 2064 digni,
1404 2029 1484 2063 cujus
1513 2028 1613 2055 alicubi
1634 2028 1692 2055 haec

902 2081 967 2104 sunt
983 2077 1067 2104 verba
1084 2085 1090 2103 :
1114 2076 1146 2103 In
1160 2076 1280 2103 omnibus
1295 2075 1451 2101 exhibuistis
1464 2083 1506 2101 vos
1533 2074 1694 2101 incontami-

902 2129 980 2151 nntos
995 2132 1050 2151 esse
1065 2124 1092 2151 in
1116 2124 1261 2159 negotio”.
1281 2122 1353 2150 Sane
1367 2123 1434 2154 haec,
1453 2122 1563 2153 fratres,
1579 2129 1632 2148 non
1649 2121 1691 2147 iii-

903 2170 1010 2198 sultans
1024 2169 1164 2205 equidem,
1176 2177 1207 2197 ac
1221 2177 1270 2196 vos
1283 2169 1420 2195 lacessens
1434 2167 1615 2198 scrmocinor,
1625 2166 1691 2201 quin

899 2216 986 2243 amice
1008 2223 1143 2251 parceque
1175 2215 1331 2250 exemplum
1366 2222 1449 2249 super
1475 2213 1539 2240 filiis
1561 2212 1620 2240 Heli
1650 2219 1692 2238 rc-

898 2261 1061 2294 formidaus,
1080 2266 1136 2288 tum
1150 2265 1262 2296 propter
1279 2268 1332 2292 ine,
1349 2265 1406 2287 tum
1422 2263 1531 2295 propter
1544 2266 1592 2285 vos
1605 2258 1690 2292 ipsos,

899 2307 942 2335 sin
961 2306 1135 2333 arbitramini
1153 2313 1244 2337 secus,
1261 2305 1375 2339 jamjam
1396 2307 1528 2339 apparent
1542 2303 1609 2334 dies,
1627 2309 1690 2328 cum

900 2353 957 2380 haec
971 2352 1048 2380 vobis
1072 2352 1163 2386 lingua
1186 2351 1376 2382 subtrahetur,
1394 2357 1426 2377 ac
1441 2354 1497 2376 tum
1522 2349 1615 2376 scietis
1629 2356 1690 2382 qua:

899 2399 980 2426 nauci
1005 2398 1050 2425 hic
1062 2406 1112 2433 ego
1128 2397 1253 2425 dicebam
1269 2396 1355 2423 fuisse
1368 2403 1442 2423 vera.
1458 2395 1593 2422 Caeterum
1614 2393 1690 2429 pacis

901 2445 983 2478 Deus,
1010 2444 1057 2479 qui
1084 2448 1198 2471 cunctos
1215 2443 1274 2470 vult
1299 2441 1443 2477 sospitari,
1467 2445 1494 2468 et
1518 2441 1545 2467 in
1565 2440 1689 2467 notitiam

896 2491 989 2518 venire
1002 2490 1136 2523 veritatis,
1151 2494 1212 2517 tum
1229 2489 1370 2515 revulsum
1388 2496 1404 2514 a
1419 2487 1498 2514 nobis
1510 2487 1585 2514 velut
1599 2494 1688 2517 ovcin,

897 2535 970 2563 haud
985 2535 1126 2570 permittat
1145 2535 1198 2562 sub
1211 2542 1243 2562 os
1261 2533 1409 2560 atiimivori
1431 2532 1528 2559 cadere
1544 2531 1688 2563 Draconis,

897 2587 954 2609 tum
969 2589 1028 2612 vos,
1044 2581 1162 2608 eximios
1176 2588 1242 2608 suos
1254 2587 1341 2615 agnus
1352 2579 1380 2607 in
1395 2582 1592 2613 praeceptorum
1609 2577 1688 2604 caula

898 2632 1017 2658 tueatur.
1034 2636 1096 2663 quae
1114 2632 1224 2662 accepta
1240 2626 1265 2654 ei
1286 2627 1341 2654 Sitit
1358 2629 1468 2658 agentes
1486 2632 1532 2659 per
1549 2623 1688 2651 Christum

899 2674 993 2702 Jesum
1014 2673 1157 2701 Dominum
1187 2677 1322 2700 nostrum.
1337 2671 1386 2699 Cui
1405 2670 1489 2706 gloria
1505 2674 1531 2697 et
1545 2669 1688 2704 imperium

901 2728 962 2748 cum
985 2721 1076 2750 Patre,
1099 2728 1132 2748 ac
1148 2724 1244 2747 sancto
1261 2718 1376 2753 Spiritu,
1391 2726 1464 2745 nunc
1479 2721 1506 2745 et.
1519 2724 1639 2752 semper,
1661 2715 1689 2743 in

901 2774 1068 2801 omnemque
1088 2766 1309 2800 perpetuitatem.
1328 2764 1424 2791 Amen.

1225 2821 1246 2837 ‘°
1267 2820 1346 2848 tuan.
1363 2827 1422 2851 viii,
1437 2818 1482 2847 52.
1522 2819 1542 2835 ”
1556 2817 1645 2846 Galat.
1661 2824 1688 2850 ν.

934 2825 943 2840 ³
964 2823 1044 2852 Juan.
1063 2831 1124 2856 xui,
1140 2823 1185 2851 55.
