1921 3073
232 141 286 172 635

505 193 624 223 SERMO
641 193 747 222 XCVII.

235 241 413 269 Declinandos
436 248 493 269 esse
509 240 706 281 qui'suppliciis
725 240 832 268 multati
860 247 965 268 rursum
983 248 1024 268 se-

500 279 593 303 ctariis
610 283 754 302 accessere.

270 322 381 350 Fratres
395 321 558 356 Patresque,
568 322 667 350 iterum
676 321 844 350 concitatum
858 326 900 350 est
913 321 1024 354 bellum,

235 373 264 394 ιιι
287 368 376 400 aiunt,
401 375 434 395 ac
458 367 503 403 pol
525 367 697 400 intestinum,
721 375 776 402 quo
791 368 856 402 quid
886 367 1024 399 acerbius,

236 414 374 441 trucidare
393 413 509 441 invicem
525 413 714 441 Christianos?
729 421 795 448 ergo
809 414 929 442 orandus
947 413 1026 441 nobis

236 459 346 487 assidue
370 459 444 486 Deus
457 463 518 492 est,
537 464 567 486 ut
583 459 685 487 subditi
707 459 862 494 quiescant,
879 463 933 486 tam
953 459 1026 494 quod

236 506 269 532 ad
295 512 409 540 regnum
427 505 525 532 attinet
543 504 714 532 mundanum
728 525 736 538 ,
751 513 833 540 quam
851 505 923 539 quod
941 505 973 532 ad
993 505 1026 532 Ii-
1042 502 1048 513 ‘

237 550 310 581 dem,
336 550 372 577 ob
400 557 483 585 quam
508 550 553 578 hic
577 550 765 578 considemus.
790 551 825 576 At
852 550 1027 578 considentes

238 595 310 622 haud
335 603 384 631 par
409 596 556 623 considere
572 600 614 624 est
631 595 720 623 obiter
749 595 940 631 proiectoque,
960 596 1027 630 quin

238 646 318 668 laute
343 641 370 668 in
391 642 499 676 primis,
516 646 543 669 et
561 642 778 676 circumspecte,
795 649 829 669 ne
844 642 906 668 aliis
930 641 1027 676 praedi-

238 692 331 715 cantes
354 687 405 722 ipsi
429 687 547 722 improbi
563 687 662 720 simus,
677 688 751 721 quod
768 688 804 714 ob
827 695 874 715 eos
894 687 1027 721 diximus,

238 732 284 766 qui
301 732 444 766 suppliciis
466 732 592 765 multati,
607 740 717 759 rursum
733 733 860 760 sectariis
875 740 1027 761 accessere.

239 777 362 810 Quorum
396 778 510 805 missilia
537 785 624 813 nuper
657 777 809 813 refugimus
835 779 971 814 accipere,
1000 783 1030 806 ut

240 822 322 850 noxia
346 823 548 858 conjunctaque
578 831 639 850 cum
658 823 743 851 animi
765 825 902 858 periculo,
920 832 974 859 qua
1000 832 1029 852 re

831 139 861 170 S.
879 137 1077 169 THEODORI
1100 136 1276 168 STUDIT/E

1036 196 1059 224 Α
1073 192 1274 225 subtractionis,
1286 191 1338 226 ﬁlii
1353 190 1381 217 in
1393 189 1578 225 perditionem,
1593 190 1638 217 sed
1648 190 1721 225 ﬁdei,
1737 190 1764 217 in
1776 192 1880 225 acqui-

1815 134 1879 165 03G

1075 239 1198 266 sitionem
1208 239 1304 264 animo:
1312 238 1345 263 ιο.
1357 236 1452 263 Viden‘
1465 241 1493 264 ut
1505 236 1724 264 retractationem
1734 237 1877 269 nominet,

1076 285 1109 312 ad
1127 283 1293 318 perniciem?
1317 282 1411 316 Itaque
1437 282 1494 308 haec
1515 281 1639 316 ejusdem
1664 281 1785 315 Apostoli
1806 289 1879 308 sen-

1077 329 1158 356 tentia
1174 332 1226 360 est,
1241 326 1358 353 Mundus
1370 333 1428 352 sunt
1442 333 1459 352 a
1469 325 1599 358 sanguine
1609 324 1727 351 omnium
1741 329 1878 354 vestrum,

1077 382 1129 401 non
1151 374 1221 400 enim
1243 370 1391 405 subterfugi
1415 369 1555 405 quominus
1579 370 1767 395 annuntiarem
1792 376 1880 395 omne

1077 419 1218 447 consilium
1246 417 1295 444 Dei
1322 416 1394 443 uobis
1404 416 1439 442 “.
1469 414 1654 448 Quamobrem
1682 421 1734 442 nos
1758 422 1881 449 quoque

1077 465 1225 500 apostolica
1250 464 1384 496 doctrina,
1413 470 1446 490 ac
1473 466 1631 490 sanctorum
1656 461 1724 488 adeo
1754 460 1878 487 Patrum

1078 509 1200 543 subnixi,
1213 510 1259 544 qui
1277 509 1372 537 eadem
1388 513 1415 536 et
1427 507 1478 542 ipsi
1493 515 1554 535 cum
1568 507 1692 542 apostolo
1705 507 1877 541 loquuntur,

1078 557 1112 584 ab
1138 556 1267 584 haeretica
1295 554 1489 582 consuetudine
1515 560 1667 588 eorumque
1692 552 1739 587 qui
1765 556 1880 579 mutato

1077 602 1195 629 consilio
1221 602 1263 628 his
1292 607 1444 632 accessere,
1470 600 1647 630 abstinentes,
1669 598 1879 626 confessionem

1079 651 1234 674 accuratam
1252 651 1387 678 tueamur,
1415 646 1441 672 in
1458 652 1510 679 qua
1526 649 1640 676 stamus,
1656 651 1689 672 ae
1702 643 1803 670 divinae
1824 651 1881 677 spe

1079 693 1173 728 gloriae
1198 692 1408 727 triumphamus,
1424 691 1585 725 ceterisque
1597 690 1704 717 cunctis
1719 689 1881 716 functioni-

1079 739 1130 767 bus
1144 747 1195 766 ceu
1211 738 1377 766 adamussim
1390 737 1537 772 poliamur,
1549 744 1605 771 quo
1620 735 1744 770 perfecti,
1755 736 1880 770 integri-

1079 792 1133 820 que
1147 785 1244 816 simus,
1262 784 1334 810 nulla
1354 783 1381 810 in
1410 790 1439 810 re
1459 782 1569 810 defecti.
1594 782 1632 808 Ac
1657 781 1705 808 Dei
1726 789 1790 816 pax,
1811 788 1881 815 qua:

1081 839 1190 858 omnem
1214 835 1324 865 supcrat
1340 833 1467 861 mentem,
1482 829 1589 856 animos
1618 835 1754 863 sensaque
1775 832 1880 854 nostra

240 868 347 902 cognita
364 868 476 903 quidam
494 868 564 895 inter
579 876 630 896 nos
640 867 735 897 Patres
750 869 954 904 indignati,ceu
967 870 1030 898 hinc
1048 861 1069 888 Β
1083 877 1222 904 custodia;
1237 861 1286 910 ᾖεν
1305 875 1444 902 Christum
1460 874 1555 902 Jesum
1573 861 1717 901 Dominum
1733 877 1879 905 nostrum,

241 914 330 942 turbis
346 914 480 942 accensis.
497 913 553 942 Nos
572 915 645 942 enim
661 922 727 942 vero
738 916 833 943 turbas
848 916 960 944 accendi
979 916 1027 943 de-

241 967 395 994 precamur,
415 968 467 988 nec
497 967 644 995 possumus
661 964 769 994 tamen,
785 964 848 989 utut
863 961 1029 989 conturben-

241 1010 286 1032 tur
310 1005 447 1038 nonnulli,
471 1005 505 1033 de
522 1007 638 1034 veritate
661 1007 810 1041 quidquam
833 1007 981 1039 remittere,
997 1014 1029 1034 ac

240 1050 440 1078 confessionem
465 1052 587 1087 polluere
601 1051 798 1084 Christianam,
814 1053 1028 1086 conspirationis

239 1097 342 1125 crimen
359 1097 449 1130 veriti,
472 1105 527 1125 uno
539 1097 648 1126 dicente
665 1098 782 1125 Vatum:
801 1097 886 1125 Sacra
909 1098 1028 1133 profanis

239 1151 290 1169 non
313 1143 515 1174 discernebant,
533 1144 578 1171 sed
605 1148 681 1170 erant
702 1144 740 1170 eis
763 1144 854 1170 omnia
879 1143 1029 1178 polluta”?

240 1187 349 1215 Nu-cnon
371 1188 525 1222 Apostolo:
548 1188 614 1221 Qua:
637 1189 808 1223 participatio
828 1189 944 1223 justitite
969 1197 1029 1216 cum

241 1232 400 1267 iniquitate?
413 1240 472 1267 quae
486 1233 599 1260 societas
614 1233 668 1260 luci
686 1233 720 1260 ad
733 1233 852 1260 tenebras
861 1233 874 1260 .7
889 1241 949 1268 qua
965 1241 1029 1260 con-

240 1279 326 1305 rentio
337 1278 436 1305 Christi
446 1278 480 1305 ad
491 1277 578 1305 Belial
587 1279 599 1306 ξ)
608 1287 666 1313 quce
677 1287 740 1314 pars
749 1279 822 1314 ﬁdeli
833 1287 892 1306 cum
907 1279 1027 1314 inﬁdeli?

240 1322 285 1356 qui
301 1330 441 1350 consensus
455 1323 551 1358 templo
568 1323 614 1351 Dei
635 1332 694 1351 cum
710 1324 839 1351 idolis“?
856 1325 893 1352 Ac
907 1332 1027 1359 rursum,

242 1368 401 1396 Snbtrahere
412 1377 455 1396 vos
467 1369 498 1396 ab
513 1370 586 1396 omni
595 1370 680 1404 fratre
691 1370 844 1398 ambulante
859 1371 1028 1404 inordinate;

241 1420 266 1441 et
282 1423 333 1442 non
346 1415 489 1443 secundum
504 1415 674 1443 traditionem
689 1424 770 1447 quam
783 1422 938 1451 acceperunt
949 1426 966 1445 α
981 1426 1029 1445 no-

243 1461 282 1488 bis
293 1462 327 1491 “.
342 1467 369 1490 et
383 1462 498 1490 iterum:
516 1462 547 1490 Si
560 1463 582 1490 is
596 1464 642 1498 qui
658 1464 742 1499 frater
755 1470 908 1492 nommatur
919 1470 958 1493 est
972 1465 1030 1500 for-

243 1508 355 1540 nicator,
371 1514 415 1535 aut
431 1517 538 1542 avarus,
553 1514 598 1536 aut
614 1510 693 1537 idolis
714 1511 837 1543 seruiens,
860 1516 905 1538 aut
919 1512 1030 1539 maledi-
1043 1528 1064 1558 ο

243 1561 299 1587 cus,
320 1559 367 1582 aut
381 1555 499 1583 ebriosus
509 1576 516 1589 ,
532 1561 579 1582 aut
598 1564 695 1591 rapax,
717 1565 777 1584 cum
790 1557 921 1592 ejusmodi
934 1566 980 1586 nec
994 1559 1031 1585 ci-

244 1601 305 1626 bum
318 1601 460 1628 sumere".
479 1601 566 1637 igitur
579 1607 677 1630 cuncta
702 1602 760 1631 haec
774 1607 893 1631 mentem
920 1609 1031 1632 conter-

244 1650 314 1678 rent,
334 1653 366 1673 ac
378 1646 528 1680 distinent,
555 1655 641 1682 eaque
655 1648 771 1683 gratiam
793 1649 921 1684 quamvis
941 1649 1032 1684 potius

244 1690 382 1719 miseriam
406 1697 432 1719 et
454 1700 603 1720 arumnam
634 1693 756 1728 perferre
779 1695 902 1722 animum
927 1695 1034 1722 induxi-

246 1743 319 1770 mus,
335 1743 417 1770 quam
431 1737 589 1772 praesidium
614 1745 646 1765 ac
666 1738 783 1766 salutem
802 1739 927 1773 prodere.
947 1739 1033 1774 Equi-

244 1782 304 1808 dem
323 1789 385 1809 cum
412 1782 544 1819 scriptum
565 1783 619 1810 sit:
637 1782 697 1810 Sive
720 1785 823 1818 patitur
848 1792 929 1811 unum
953 1793 1034 1812 mem-

246 1827 331 1859 brum,
348 1827 545 1861 compatiunlur
559 1829 649 1855 omnia
671 1829 789 1856 membra
802 1837 812 1861 ;
827 1831 880 1856 sive
901 1829 1034 1864 gloriatur

246 1880 326 1898 unum
341 1872 495 1905 membrum,
511 1874 674 1909 congaudent
693 1875 782 1902 omnia
795 1876 910 1902 membra
922 1876 956 1909 ’⁷,
975 1883 1033 1904 vos-

245 1925 298 1952 que
314 1918 436 1945 membra
455 1919 515 1946 sitis
528 1926 658 1954 germana
670 1940 678 1952 ,
697 1925 779 1955 atque
793 1920 923 1948 intestina
941 1926 1034 1950 nostra

246 1964 360 1995 viscera,
382 1971 434 1991 non
453 1964 529 1998 potui
554 1965 620 2000 quin
643 1965 778 1993 edicerem
800 1967 956 2000 praesentia,
979 1976 1034 2003 quo

246 2011 364 2042 sciretis,
379 2013 406 2037 et
420 2010 537 2039 scientes
549 2011 742 2045 condoleretis,
759 2020 790 2040 ac
802 2021 863 2047 quae
878 2014 942 2041 hinc
954 2022 1034 2042 even-

246 2060 305 2083 tura
322 2056 377 2083 sint
392 2057 532 2089 videretis,
548 2057 683 2092 siquidem
707 2058 745 2086 ait
764 2067 771 2085 :
793 2058 895 2086 Virtute
923 2059 1034 2095 fungens

245 2107 367 2136 exspecta
381 2103 412 2130 ob
423 2111 482 2130 eam
497 2104 653 2131 tentationcs
665 2103 762 2131 ".Jam
775 2112 823 2139 per
835 2112 883 2132 vos
897 2105 947 2140 ipsi
959 2106 1034 2139 judi-

245 2153 315 2179 cate,
332 2149 456 2180 obsecro,
477 2149 550 2184 quod
567 2148 624 2176 dixi
649 2157 757 2184 aequum
782 2150 818 2178 sit
833 2150 868 2178 ob
891 2151 1034 2178 veritatem

1080 923 1123 950 cui
1137 921 1222 957 gloria
1235 926 1263 948 et
1289 921 1435 954 imperium
1451 927 1514 948 cum
1534 920 1623 951 Patre,
1639 926 1672 946 ac
1688 923 1786 946 sancto
1807 918 1879 951 Spi-

1080 969 1145 1001 ritu,
1164 975 1236 994 nunc
1265 972 1292 995 et
1305 974 1424 1002 semper,
1434 966 1460 993 in
1475 973 1640 1001 omnemque
1651 966 1878 1000 perpetuitatem.

1082 1014 1181 1041 Amen.

1358 1076 1474 1106 SERMO
1491 1076 1606 1105 XCVIII.

1080 1136 1118 1164 De
1136 1136 1299 1172 obsequendo
1313 1135 1437 1172 prtcfecto
1447 1155 1454 1166 ,
1479 1139 1666 1172 gratanterque
1680 1132 1790 1169 ferendo
1811 1133 1879 1161 obe-

1342 1171 1449 1198 dientiw
1466 1170 1621 1197 certamine.

1114 1236 1224 1264 Fratres
1248 1235 1408 1271 Patresque,
1421 1235 1549 1271 equidem
1561 1236 1588 1263 in
1605 1234 1682 1262 vobis
1693 1234 1813 1270 gaudeo,
1828 1234 1879 1269 qui

1080 1283 1107 1311 in
1132 1283 1263 1310 omnibus
1280 1289 1384 1310 morem
1401 1282 1502 1318 geratis
1516 1302 1524 1315 ,
1548 1289 1581 1308 ac
1596 1281 1673 1308 nihili
1691 1281 1759 1308 meis
1782 1281 1879 1307 verbis

1080 1318 1271 1364 obsequamini
1281 1337 1329 1357 seu
1339 1328 1441 1360 afﬂicti.
1453 1335 1502 1356 seu
1515 1328 1636 1360 hilarati,
1645 1335 1693 1355 seu
1703 1327 1878 1362 reprehensi,

1080 1382 1128 1402 seu
1155 1374 1317 1407 eollaudati,
1337 1375 1388 1402 etsi
1406 1375 1617 1410 haudquaquam
1643 1374 1668 1401 id
1687 1378 1730 1401 est
1752 1381 1767 1400 a
1785 1373 1877 1403 vobis.

1080 1420 1148 1456 quin
1165 1420 1211 1448 Dei
1239 1429 1340 1449 munus
1356 1425 1409 1453 est,
1429 1425 1456 1448 et
1468 1420 1630 1448 obedientiae
1644 1427 1726 1451 verae,
1742 1419 1879 1446 minime-

1079 1474 1134 1502 que
1143 1466 1241 1494 fucatae
1250 1472 1517 1502 argumeutum.qua:
1526 1467 1621 1502 ingens
1630 1465 1710 1493 habet
1717 1465 1879 1500 praemium,

1081 1519 1114 1539 ac
1130 1512 1283 1540 mercedem
1307 1512 1485 1544 certaminis,
1518 1510 1748 1547 quemadmodum
1785 1510 1879 1537 sancti

1082 1555 1178 1585 Patres
1197 1556 1315 1585 edixere.
1333 1556 1380 1583 Sin
1397 1560 1535 1583 certamen
1551 1559 1609 1587 est,
1635 1554 1717 1582 habet
1740 1553 1880 1581 nimirum

1083 1610 1212 1638 pugnas,
1245 1607 1272 1629 et
1298 1602 1462 1635 conﬂictus,
1504 1605 1650 1636 postquam
1675 1603 1778 1635 martyr
1806 1600 1881 1626 citra

1083 1647 1246 1681 supplicium
1277 1653 1358 1675 nemo
1397 1650 1463 1679 est,
1494 1653 1544 1674 nec
1569 1646 1709 1673 laureatos
1742 1645 1791 1678 qui
1820 1652 1880 1672 non

1085 1692 1235 1727 legitimum
1255 1697 1393 1720 certamen
1422 1691 1594 1724 confecerit,
1617 1690 1802 1726 quamobrem
1829 1698 1883 1718 nos

1083 1745 1193 1772 quoque
1209 1737 1280 1764 haud
1294 1737 1489 1766 defetiscamur
1510 1736 1630 1772 quodam
1649 1736 1727 1771 quasi
1744 1738 1883 1771 martyrio

1085 1783 1208 1819 pcrfungi
1223 1783 1407 1816 conscientia,
1422 1783 1482 1811 tmte
1499 1783 1627 1810 universa
1647 1781 1766 1809 ferentes
1784 1782 1883 1816 objur-

1085 1829 1209 1864 gationcs
1229 1836 1278 1856 ceu
1295 1829 1390 1863 flagra,
1409 1828 1581 1856 voluntatum
1607 1827 1805 1855 coercitionem
1830 1836 1882 1855 ceu

1085 1873 1536 1910 obtruncationem.cogitationum
1547 1874 1734 1908 impetus,ceu
1745 1879 1883 1900 accensas

1085 1927 1100 1946 a
1131 1919 1242 1946 diabolo
1259 1927 1351 1955 pyras.
1371 1919 1430 1946 Non
1446 1919 1627 1954 restinguitur
1648 1917 1720 1952 ignis
1739 1918 1794 1945 nisi
1810 1925 1883 1953 aqua

1086 1965 1200 1998 suffusa,
1219 1973 1270 1992 nec
1287 1965 1365 1992 feda:
1383 1964 1504 1992 libidinis
1526 1964 1647 1994 flamma,
1672 1963 1725 1990 nisi
1750 1964 1883 1999 lacrymis

1085 2010 1197 2044 aflusis;
1215 2010 1287 2038 haud
1301 2014 1414 2038 curatur
1425 2010 1503 2038 labor
1518 2010 1571 2038 nisi
1583 2010 1789 2038 restauratione
1797 2010 1882 2044 quie-

1086 2057 1132 2090 tis,
1145 2064 1195 2084 nec
1210 2065 1285 2084 mens
1318 2061 1430 2092 gravata
1446 2056 1574 2092 cogitatis
1586 2056 1638 2084 nisi
1658 2064 1692 2083 ex
1707 2056 1882 2087 oneratione,

1086 2110 1168 2137 quam
1194 2102 1333 2130 confessio
1349 2106 1469 2137 praestet.
1485 2104 1643 2137 Apertaque
1663 2106 1728 2129 sunt
1756 2103 1883 2129 remedia

1087 2149 1194 2181 salutis,
1211 2153 1239 2176 et
1254 2149 1384 2176 hactenus
1406 2148 1489 2176 etiam
1510 2152 1591 2183 atque
1605 2148 1688 2175 etiam
1712 2147 1740 2174 in
1763 2147 1883 2174 Domino

246 2195 420 2223 monasteriis
435 2196 540 2229 pulsos,
553 2195 703 2230 eademque
713 2195 852 2230 prodenda
864 2197 1033 2225 monasteria
1051 2194 1072 2222 ι)
1087 2194 1199 2226 valetis,
1220 2194 1244 2222 si
1259 2195 1318 2229 quis
1333 2200 1422 2221 autem
1438 2199 1552 2221 uestrum
1574 2193 1672 2228 indiget
1697 2193 1836 2227 sapientia
1850 2193 1882 2224 ³⁸,

247 2240 407 2273 retinentes,
422 2248 501 2275 pares
514 2245 636 2272 cernere,
652 2245 678 2268 et
696 2245 838 2269 consortes
853 2246 959 2276 putare.
977 2242 1034 2278 Ego

246 2291 273 2313 et
290 2285 475 2321 nequidquam
493 2285 564 2321 pulsi
579 2291 644 2314 sunt
658 2291 795 2320 extorres.
809 2292 837 2314 et
853 2295 902 2323 pro
913 2287 955 2315 his
968 2287 1033 2314 olim

246 2333 431 2368 nequidquam
443 2333 687 2368 propugnavimus,
697 2338 779 2368 atque
790 2333 956 2368 impostores
968 2333 1035 2361 adeo

246 2377 487 2412 deprehendimur,
506 2378 577 2412 aliis,
596 2379 636 2406 sic
653 2379 714 2407 aliis
739 2380 808 2407 alter
824 2379 980 2414 loquentes,
1002 2386 1035 2406 ac

237 2424 306 2458 ‘jure
321 2424 458 2459 ingement
473 2424 551 2453 nobis
573 2425 621 2460 qui
644 2425 845 2453 confessionem
866 2425 970 2453 obeant
988 2433 1035 2453 ac-

246 2473 350 2502 curate,
365 2470 387 2496 si
402 2470 551 2498 accessisse
569 2471 602 2498 iis
624 2470 753 2498 videbunt
771 2470 818 2506 qui
834 2477 932 2497 noxam
947 2470 973 2497 in
990 2469 1037 2498 Del

248 2515 398 2543 Ecclesium
412 2521 614 2551 compararunt.
631 2516 701 2549 Quin
717 2516 787 2543 absit
802 2523 865 2543 vero
879 2521 908 2543 ut
926 2516 1040 2543 acceda-

248 2569 318 2595 mus,
349 2567 376 2589 et
404 2561 430 2589 in
458 2570 507 2589 nos
527 2561 638 2596 insuper
667 2562 780 2589 exitium
805 2561 963 2589 coullcnnls.
990 2560 1039 2588 Pol

245 2608 409 2642 jampridem
437 2612 573 2643 quatenus
605 2610 720 2642 tempus"
745 2607 899 2642 postulabat
927 2607 1040 2634 indulsi-

249 2660 322 2686 mus,
339 2660 390 2681 nec
413 2652 524 2688 injuria.
541 2660 614 2680 nunc
641 2652 795 2687 urgendum
821 2652 966 2679 aedificium
993 2652 1039 2685 sit,

247 2706 299 2726 nec
313 2698 532 2732 retractandum;
545 2705 607 2726 nam
621 2706 628 2725 :
645 2697 722 2730 Quod
733 2698 756 2725 si
770 2691 931 2724 subtraxerit
948 2705 986 2730 se,
999 2697 1042 2724 in-

247 2743 319 2778 quit,
337 2751 389 2771 non
403 2742 514 2779 placebit
531 2743 628 2770 animae
643 2751 706 2770 mete
718 2743 750 2776 ",
769 2748 796 2770 ct
810 2751 817 2771 :
835 2741 885 2770 Vos
911 2751 963 2769 non
977 2742 1040 2770 estis

283 2810 306 2827 "
327 2809 426 2838 Ezech.
441 2817 508 2840 un.
524 2809 569 2836 ‘26.
609 2808 659 2836 I‘Il
674 2809 738 2836 Cor.
752 2817 789 2840 vr,
808 2808 849 2835 l6.

890 2811 910 2825 ’⁵
931 2808 950 2835 ll
969 2808 1065 2836 Thess.
1081 2816 1121 2841 Ill,
1137 2807 1164 2834 ὃ.
1204 2807 1226 2823 ’⁸
1245 2807 1254 2834 l
1270 2807 1334 2834 Cor.
1355 2815 1379 2838 ν,
1398 2807 1441 2834 Η.

248 2853 286 2879 XI,
302 2845 347 2874 55.
385 2846 407 2862 ¹⁹
428 2844 510 2874 Ilcbr.
527 2853 553 2879 Χ,
567 2844 611 2873 58,
650 2844 673 2860 ²⁰
693 2844 758 2873 ibid.
780 2844 823 2872 59.
863 2845 885 2861 ²¹
907 2844 967 2872 Act.
987 2852 1031 2876 xx,

1092 2866 1093 2869 η
1132 2842 1260 2870 “Jacob.
1283 2850 1302 2876 ι,
1318 2842 1344 2870 5.

1086 2245 1117 2268 ιιι
1133 2240 1179 2268 Dei
1194 2248 1341 2276 germanus
1353 2240 1530 2273 vociferatur,
1544 2240 1657 2275 postulet
1668 2248 1685 2266 a
1696 2239 1762 2272 Deo,
1778 2240 1826 2275 qui
1839 2241 1883 2266 dat

1087 2287 1208 2314 omnibus
1221 2286 1366 2322 affluenter,
1385 2291 1409 2314 et
1422 2295 1474 2313 non
1492 2287 1664 2321 improperat,
1675 2290 1699 2312 et
1712 2282 1827 2312 dabitur
1849 2286 1883 2311 ei.

1088 2332 1209 2360 Postulat
1225 2337 1312 2360 autem
1329 2333 1356 2359 in
1373 2333 1435 2367 ﬁde,
1454 2332 1520 2359 nihil
1534 2332 1678 2364 hwsitans;
1691 2331 1818 2366 quienim
1830 2332 1884 2358 lia:-

1086 2379 1153 2406 sitat
1166 2379 1264 2405 similis
1277 2383 1315 2405 est
1333 2378 1429 2412 ﬂuctui
1446 2378 1527 2405 maris
1537 2396 1545 2410 ,
1567 2378 1613 2412 qui
1629 2385 1645 2404 a
1660 2381 1736 2404 vento
1751 2382 1884 2407 movetur,

1085 2431 1111 2452 et
1124 2425 1323 2459 circumfertur.
1349 2424 1411 2451 Non
1432 2432 1493 2459 ergo
1512 2424 1624 2451 mtimet
1638 2423 1716 2450 homo
1742 2423 1789 2450 ille
1812 2423 1883 2458 quod

1087 2469 1202 2503 accipiat
1223 2468 1325 2504 aliquid
1350 2477 1367 2495 a
1389 2467 1503 2494 Domino
1517 2488 1524 2500 ,
1547 2467 1610 2502 quia
1625 2467 1666 2494 uir
1682 2465 1781 2500 duplex
1795 2467 1883 2492 animo

1087 2514 1240 2541 inconstans
1258 2518 1297 2541 est
1320 2513 1348 2540 in
1363 2513 1484 2540 omnibus
1505 2513 1554 2539 viis
1574 2511 1631 2539 suis
1646 2512 1689 2545 “,
1714 2515 1884 2546 quapropter

1089 2568 1123 2587 ne
1137 2559 1319 2594 ambigat-ms.
1334 2565 1387 2586 neu
1405 2558 1532 2593 precibus
1548 2557 1685 2592 agitandis
1697 2556 1858 2583 dubitemus
1875 2563 1880 2587 ;

1092 2606 1158 2640 quin
1173 2604 1318 2640 gratulati,
1345 2611 1378 2631 ac
1397 2611 1458 2631 cum
1475 2603 1574 2630 fiducia
1585 2603 1690 2630 sincera
1707 2601 1795 2628 Deum
1815 2604 1884 2627 votis

1093 2649 1259 2685 ﬂagitemus,
1278 2654 1306 2676 ct
1317 2656 1520 2684 consequemur
1532 2648 1593 2675 sine
1605 2647 1779 2675 dubitatione
1791 2647 1884 2682 petita,

1095 2701 1177 2731 atque
1195 2695 1315 2723 insolens
1325 2695 1515 2730 exstinguetur
1532 2694 1614 2730 ignis,
1630 2693 1797 2728 cognitaque
1809 2691 1886 2719 ditiu-

1094 2742 1167 2778 gient
1185 2742 1298 2769 inimica
1316 2748 1348 2769 ac
1367 2742 1422 2770 Deo
1443 2741 1514 2769 duce
1532 2739 1702 2775 propositum
1724 2738 1886 2766 obedientia'.

1479 2807 1500 2822 "
1510 2805 1589 2833 lCor.
1609 2813 1656 2837 sn,
1670 2804 1715 2833 26.
1773 2805 1814 2833 "l
1825 2805 1883 2832 Cur.

1384 2843 1407 2858 ¹¹
1423 2842 1488 2870 ibid.
1507 2842 1532 2868 8.
