1921 3073
86 142 139 173 637

656 148 809 180 SEBMON
815 150 857 180 ES
888 151 1145 184 CATECHETICI-

1656 155 1710 189 638

87 199 248 234 martyrium
263 203 418 234 peragetur.
432 199 566 228 Caeterum
591 209 652 235 vos,
668 202 778 237 fratres,
801 205 873 233 scire
888 209 910 236 Α
925 213 999 242 ptum
1016 209 1048 236 iri
1063 209 1114 236 nisi
1133 207 1211 243 panis
1223 229 1230 240 ,
1255 212 1282 236 et
1304 215 1383 242 aqua
1404 208 1517 243 penuria
1538 209 1707 244 praesidium.

85 245 163 272 velim
181 245 289 272 loculos
305 250 415 274 nostros
429 254 482 274 non
499 247 613 275 nimium
631 249 770 277 abundare
793 252 875 286 stipe,

85 288 150 322 quin
167 288 288 323 erogari,
303 295 354 315 non
371 297 528 324 augescere,
549 299 622 319 nunc
646 294 796 327 prasertim
812 303 875 323 cum

30 343 36 350 -
84 332 184 360 defecit
198 338 227 360 et
242 334 348 366 vinum,
362 343 414 369 qua
429 343 459 363 re
475 336 668 365 imbecilliores
684 340 875 373 percellimini,

85 378 186 406 sentio.
203 379 304 406 Verum
320 381 458 414 contidite,
476 389 590 417 propere
603 383 790 418 adiumentum
804 391 877 414 attu-

85 424 114 450 lit
132 424 218 456 Deus,
234 432 285 459 pro
300 425 430 453 frumenti
445 427 524 462 copia
558 428 683 463 vinique,
698 438 731 458 ac
747 439 808 466 quae
822 433 874 460 alia

85 467 137 495 fert
150 470 312 502 necessitas,
331 478 438 499 necnon
454 472 549 500 alferat
563 477 591 501 et
604 474 726 509 insuper,
741 477 763 503 si
779 477 803 503 ei
826 478 875 504 toti

86 513 290 546 incumbamus,
305 523 366 549 quae
381 515 506 550 placeant
529 522 650 552 egentes,
666 526 715 547 nec
729 520 762 547 de
777 521 876 549 ﬁducia

84 557 198 590 demoti,
213 567 275 592 quae
289 567 322 587 ex
336 567 369 588 eo
379 561 542 595 suppeditet.
559 563 606 597 qui
632 563 741 597 quidem
755 565 852 593 dixerit
867 575 873 594 :

88 601 147 629 Non
162 607 186 629 te
209 603 328 632 deseram
340 624 348 636 ,
366 613 447 639 neque
472 605 617 641 relinquam
630 607 672 640 ²⁸;
692 615 724 636 ac
742 617 852 637 rursum
867 619 873 637 :

84 647 203 679 Quttrite
212 649 327 682 primum
337 658 445 685 regnum
461 651 519 684 Dei,
533 657 557 679 et
568 653 707 687 justitiam
719 655 777 689 ejus
786 660 811 683 et
819 657 875 684 haec

83 694 175 720 omnia
198 694 362 728 adjiciantur
378 697 449 724 vobis
463 697 496 724 ".
519 698 586 731 Quae
606 701 629 727 si
655 700 806 728 destituant
820 702 876 736 plc-

87 746 213 774 rumque,
222 740 291 767 nihil
302 741 410 775 mirum,
424 743 490 777 quin
503 745 665 778 exploratio,
679 754 711 773 ac
723 747 873 781 periculum

86 788 128 811 est
143 784 265 813 virtutis.
281 785 340 814 Non
362 788 465 821 probus
483 794 543 817 erat
562 790 680 820 Jacobus
699 793 874 827 patriarcha?

87 834 113 856 at
130 830 201 857 fame
217 830 326 858 interim
343 840 465 867 pressus,
480 835 598 869 majores
614 841 723 864 nostros
743 838 771 865 in
789 838 873 874 Egy—

87 879 162 906 ptum
180 875 317 910 ablegavit
337 877 472 906 frumenta
496 885 663 915 coemptum.
686 881 745 910 Non
768 884 870 918 probus

86 918 159 946 Elias
173 921 274 947 vates?
297 921 343 955 qui
366 922 545 952 nihilominus
565 925 725 960 Sarephtam
746 928 774 955 in
792 928 871 956 Sido-

85 972 145 991 nem
161 967 309 999 concessit,
318 975 387 1002 pone
400 969 509 996 viduam
519 970 657 999 clamans:
670 972 750 1000 Sume
761 974 798 1000 sis
805 975 869 1001 mihi

85 1017 159 1043 aqum
172 1011 323 1044 pauxillum
346 1013 374 1040 in
389 1015 552 1048 capedinem,
567 1017 685 1044 bibituro
705 1018 870 1055 [nutumque

84 1056 161 1088 panis
176 1065 311 1085 comesum
326 1059 359 1092 ’°,
380 1068 435 1087 non
450 1061 524 1089 aliud
538 1063 679 1097 postulans
693 1072 774 1099 quam
790 1073 871 1100 para-

87 1101 156 1134 bile,
182 1109 215 1130 ac
238 1106 423 1132 necessarium
445 1106 615 1136 alimentum.
642 1108 675 1136 Et
696 1110 758 1144 quis
780 1112 870 1138 vero?

84 1146 167 1180 Elias,
182 1148 229 1182 qui
244 1149 343 1176 caelum
355 1151 492 1178 obseravit
502 1152 604 1187 lingua,
619 1161 653 1181 ne
669 1155 788 1189 pluviam
801 1164 870 1191 prte-

85 1194 168 1225 beret,
182 1202 349 1230 rursumque
360 1203 486 1231 precatus
502 1199 665 1233 supplicium
681 1202 774 1233 solvit,
789 1208 815 1230 et
826 1211 870 1231 re-

86 1238 154 1270 ﬁxit,
170 1246 222 1266 nos
241 1240 307 1267 viles
322 1241 405 1274 intus,
422 1248 563 1278 extraque.
576 1245 627 1277 Qui
645 1247 697 1273 etsi
710 1247 776 1282 quid
797 1248 870 1283 ejus-

86 1284 159 1310 modi
176 1284 307 1319 feramus,
336 1287 448 1316 minime
464 1289 499 1316 sit
515 1290 635 1318 alienum
649 1310 657 1323 ,
687 1299 737 1319 nec
757 1294 871 1322 moleste

84 1330 254 1364 patiendum,
277 1332 343 1367 quin
368 1334 557 1367 gratulandum
580 1336 607 1364 in
625 1337 716 1372 inopia
730 1338 820 1373 juxta,
837 1347 870 1368 ac

83 1376 170 1410 copia,
190 1384 254 1404 nam
276 1385 306 1405 ea
319 1378 420 1407 Christi
434 1380 629 1416 discipulorum
648 1388 711 1411 nota
730 1389 771 1412 est
783 1404 791 1417 ,
815 1393 868 1412 non

84 1421 186 1454 perdite
200 1429 427 1452 murmurantem.
437 1424 496 1458 Quo
504 1433 631 1462 suscepto
642 1429 742 1462 studio,
760 1434 789 1456 et
803 1437 870 1457 con-

83 1467 156 1499 silio.
170 1467 251 1496 facile
265 1476 327 1496 cum
342 1470 400 1498 haec
411 1472 523 1500 adversa
537 1477 783 1506 transeamus,tum
799 1476 869 1503 bona

83 1513 268 1548 adipiscamur
286 1514 388 1549 futura,
405 1524 453 1551 per
463 1517 602 1546 Christum
616 1518 708 1547 Jesum
721 1520 867 1548 Dominum

85 1563 222 1586 nostrum.
231 1559 282 1587 Cui
296 1561 382 1594 gloria
392 1566 420 1589 et
430 1561 575 1597 imperium
585 1571 646 1591 cum
660 1564 750 1599 Patre,
765 1573 797 1594 ac
805 1574 868 1594 san-

84 1610 126 1631 cto
140 1603 256 1639 Spiritu,
275 1613 349 1634 nunc
368 1610 395 1634 et
411 1614 529 1642 semper,
542 1608 568 1636 in
592 1616 757 1646 omnemque
772 1618 868 1646 perpe-

85 1651 220 1679 tuitatem.
236 1652 335 1680 Amen.

358 1697 474 1726 SERMO
492 1698 585 1727 XCIX.

85 1741 129 1768 Dei
146 1742 329 1780 inbmrendum
340 1743 486 1780 formidini,
497 1752 547 1778 quo
563 1745 700 1780 pestiferos
719 1747 868 1775 dwmonum

193 1777 317 1804 incursus
333 1778 476 1812 fugiamus,
492 1777 572 1814 deque
587 1777 754 1809 Psalmudia.

115 1821 227 1850 Fratres
239 1823 397 1858 Patresque,
411 1832 497 1858 nuper
509 1826 626 1859 egressis
638 1827 770 1860 Agareuis
783 1827 868 1856 illicet

83 1869 250 1895 consternati
267 1868 419 1902 timuimus,
436 1869 547 1897 solliciti
566 1878 600 1898 ne
617 1871 645 1898 in
664 1877 793 1900 cruentas
814 1873 867 1900 im-

83 1911 187 1945 piarum
212 1919 311 1939 manus
337 1912 529 1946 incideremus,
547 1922 581 1941 ne
596 1915 696 1949 injuria
709 1936 717 1949 ,
738 1921 867 1945 caeterum

82 1958 121 1992 agi
132 1961 159 1984 et
175 1958 332 1985 daemonum
356 1958 494 1990 incursus,
510 1960 536 1987 id
553 1967 616 1987 vero
633 1961 744 1988 minime
763 1963 868 1996 cogita-

82 2011 152 2033 inus,
167 2010 218 2030 nec
229 2004 376 2031 metuimus
390 2011 423 2031 ne
435 2004 536 2032 incauti
554 2012 569 2032 a
582 2006 708 2041 malignis
726 2008 866 2042 spiritibus

80 2052 232 2086 capiamur.
247 2050 393 2078 Enimvero
402 2052 428 2078 in
442 2052 565 2080 hostibus
576 2053 621 2087 qui
634 2058 791 2088 spectentur
803 2062 866 2083 cum

81 2097 263 2132 temporarius
274 2101 317 2124 est
334 2097 471 2129 incursus,
494 2101 552 2124 tttm
566 2099 674 2126 eminus
688 2104 777 2127 tumor
789 2101 866 2128 dela-

82 2147 123 2169 tus
141 2143 298 2170 volentibus
314 2147 474 2178 potestatem
486 2143 550 2171 facit
563 2143 626 2177 huc,
647 2145 712 2172 illuc
723 2146 865 2181 dillugere,

80 2188 152 2223 quod
166 2189 231 2221 dici,
251 2189 494 2224 inaspectabilibus
507 2190 611 2224 nequit,
623 2190 670 2225 qui
680 2196 783 2225 noctes,
796 2192 864 2226 dies,

81 2237 106 2263 in
121 2235 205 2263 horas
218 2235 367 2263 insultibus
384 2235 411 2261 in
427 2243 477 2262 nos
485 2235 568 2263 dediti
585 2243 634 2264 nec
649 2237 792 2272 respirare}
808 2239 868 2273 (pe-

79 2289 113 2308 ne
128 2282 266 2315 dixerim)
288 2281 459 2316 permittunt.
476 2281 511 2309 Ut
527 2283 587 2317 plus
604 2282 647 2310 hic
668 2291 737 2318 opus
754 2284 790 2312 sit
811 2284 868 2311 for-

79 2328 154 2356 mido
169 2329 313 2362 majorque
324 2328 460 2361 custodia,
477 2336 511 2355 nc
526 2329 679 2363 capiamur,
702 2330 767 2364 quin
784 2331 867 2365 pesti-

79 2373 152 2401 feros
163 2380 259 2400 eorum
275 2372 402 2400 incursus
417 2372 570 2408 fugiamus,
590 2377 618 2400 at
634 2381 689 2409 quo
710 2374 868 2409 fugiamus!

78 2420 111 2446 ad
125 2419 212 2446 Deum
238 2417 362 2450 scilicet;
391 2426 454 2445 nam
481 2418 551 2445 Deus
571 2423 659 2446 noster
682 2419 825 2454 refugium,
843 2425 869 2447 et

81 2465 175 2497 uirtus,
193 2472 226 2491 ac
246 2464 302 2496 ille,
320 2464 429 2499 adjulor
447 2464 474 2491 in
488 2464 708 2492 tribulationibus
720 2485 729 2498 ,
750 2474 809 2501 quia
824 2467 868 2494 in-

78 2515 201 2538 venerunt
212 2518 260 2537 nos
272 2511 349 2537 nimis
363 2510 396 2543 '7;
412 2515 439 2537 et
452 2518 458 2535 :
470 2509 636 2537 lmmittetur
647 2511 754 2546 angelus
764 2512 870 2540 Domini

79 2557 104 2583 in
121 2557 240 2584 circuitu
254 2555 403 2582 timentium
414 2563 483 2587 eum,
496 2560 521 2582 et
532 2555 624 2589 eripiet
637 2563 680 2582 eos
691 2556 714 2572 ¹⁶
727 2565 734 2584 :
748 2563 870 2585 rursum-

77 2610 147 2635 que:
161 2602 215 2634 Qui
228 2603 365 2636 conﬁdunt
378 2603 406 2629 in
423 2602 536 2629 Domino
552 2602 621 2630 sicut
640 2611 714 2630 mons
727 2602 803 2636 Sion,
819 2612 872 2631 non

79 2647 285 2675 commovebitur
294 2648 322 2675 in
331 2652 459 2676 aeternum
472 2649 517 2683 qui
528 2648 630 2676 habitat
638 2648 820 2676 inJerusalem
835 2650 868 2677 ".

53 2699 55 2730 ι
81 2693 163 2728 Igitur
174 2694 222 2721 Dei
241 2693 399 2727 formidine,
418 2701 450 2721 ac
464 2694 562 2722 fiducia
578 2694 682 2729 praediti
695 2702 868 2730 nequaquam

83 2740 173 2767 hostes
188 2739 360 2774 pavebimus.
373 2738 433 2766 Jam
453 2739 519 2766 illud
537 2744 714 2774 reputemur,
730 2740 802 2768 haud
818 2748 866 2769 ca-

117 2806 139 2822 "
151 2805 210 2842 Jos.
229 2813 249 2839 ι,
266 2805 310 2833 16.
339 2805 372 2842 ν¹¹
385 2804 534 2842 Matlhrvt,
555 2806 654 2842 ἕνῇ-’⁸
678 2805 712 2833 Ill
728 2805 793 2840 Reg.
818 2816 868 2836 ιιι-ιι

921 2809 943 2836 ἱ).
982 2809 1003 2825 ⁸⁷
1022 2807 1168 2842 Psal.xr.v,
1195 2808 1222 2837 2.

86 2849 175 2873 cxxtv,
194 2841 220 2869 1.
257 2841 279 2858 ³⁰
297 2841 402 2869 Coloss.
424 2849 463 2873 ιιι,
482 2841 525 2868 lli.
565 2841 592 2878 ιζ
607 2840 770 2875 Ρδιιιδινι,
787 2843 814 2869 8.

927 254 996 287 Quid
1012 254 1052 281 his
1062 254 1152 282 simile
1167 254 1194 281 in
1209 254 1307 281 nobis?
1320 254 1456 289 lacrymze,
1476 262 1509 281 ac
1522 255 1632 282 verbum
1650 255 1708 288 Dei,

926 308 974 335 per
987 308 1048 335 quae
1063 300 1171 327 animus
1196 299 1326 334 pascitur,
1352 304 1379 327 et
1405 299 1625 333 incolumitatnr,
1642 309 1711 335 quo-

927 353 1043 380 rumque
1062 345 1168 372 delectu
1185 345 1265 380 perit,
1283 353 1314 372 ac
1327 345 1461 379 proditur.
1479 344 1549 380 Ergo
1566 346 1665 373 habitet
1681 347 1711 374 in

927 390 1000 416 nobis
1015 390 1120 416 uerbum
1136 389 1301 417 abundanter
1316 390 1349 422 ³⁸,
1367 393 1396 416 ιιι
1417 390 1494 416 aiunt
1508 389 1615 417 Litterae
1628 411 1636 423 ,
1661 398 1712 418 nec

927 435 1054 471 lacrymzn
1068 435 1166 462 desint.
1186 435 1258 468 Quin
1276 435 1368 462 obitus
1391 435 1511 462 indidem
1534 441 1560 463 et
1580 437 1709 470 proditio,

926 481 1157 515 quemadmodum
1174 480 1274 508 ierunt.
1294 480 1364 514 Quid
1378 481 1430 508 hoc
1451 481 1548 508 iterum
1565 482 1605 509 rei
1616 481 1628 508 Τ
1640 481 1711 509 inte-

925 527 997 555 stina
1014 530 1106 554 nostra
1129 526 1205 559 vitia,
1224 526 1370 561 studioque
1383 526 1475 553 carnis
1495 526 1611 553 excitata
1627 527 1711 554 animi

926 579 1016 604 sensa,
1028 579 1100 606 quae,
1116 576 1146 599 ut
1166 571 1348 604 insidiatores,
1365 571 1484 599 inimicis
1497 573 1597 600 ostium
1610 573 1712 600 daemo-

926 617 1008 644 nibus
1028 617 1162 652 aperiant.
1178 616 1231 644 Sed
1249 617 1266 644 ii
1281 617 1444 652 proﬂigandi
1459 622 1523 645 sunt
1535 618 1674 650 nimirum,
1684 623 1711 645 et

925 663 1000 690 omni
1014 670 1065 698 ope
1079 663 1230 690 cavendum
1242 670 1276 691 ne
1286 663 1382 690 civitas
1397 667 1499 694 nostra,
1513 663 1540 691 id
1551 668 1602 696 est,
1621 672 1709 696 mens,

924 713 1104 743 expugnetur,
1123 716 1176 736 neu
1193 716 1208 736 a
1238 713 1350 743 peccato
1361 708 1537 743 dejectemur,
1554 717 1606 736 neu
1622 709 1710 737 ftedns

927 761 988 780 cum
1006 753 1094 781 noxiis
1109 753 1260 780 sceleribus
1277 753 1414 786 ineamus,
1426 753 1491 787 quin
1512 753 1710 781 immaneamus

924 796 1029 828 virtuti,
1043 796 1070 823 in
1085 804 1139 832 qua
1153 797 1255 824 conditi
1266 804 1374 830 sumus,
1388 797 1421 825 ad
1432 797 1579 825 conditoris
1591 798 1709 830 laudem,

925 848 1069 876 meumque
1084 841 1170 869 sontis
1185 842 1211 868 in
1223 841 1324 870 Christi
1341 842 1410 869 diem
1428 842 1606 878 triumphum.
1625 842 1710 870 Porro

889 874 910 901 Β
925 889 1015 912 autem
1025 874 1087 912 cum
1102 885 1160 912 heri
1172 885 1248 913 vobis
1257 887 1463 914 succensuerim
1474 887 1509 915 ob
1517 887 1706 921 psalmodiam,

923 931 1038 959 obsecro
1054 938 1087 958 ac
1109 930 1249 963 cohortor,
1271 931 1370 959 decore
1384 932 1490 967 riteqne
1509 933 1640 967 psallere,
1653 940 1708 960 non

921 979 1026 1011 obiter,
1049 982 1076 1005 et
1103 978 1201 1012 supine
1227 977 1404 1014 confuseque.
1433 979 1462 1006 id
1484 980 1609 1015 equidem
1633 980 1707 1008 haud

921 1028 1026 1051 Sontem
1043 1030 1086 1050 me
1099 1023 1220 1055 oll‘endit,
1232 1023 1280 1051 sed
1302 1024 1346 1056 pol
1357 1028 1482 1052 sanctum
1495 1025 1640 1060 Spiritum,
1659 1026 1705 1060 qui

921 1068 1057 1101 edixerit,
1091 1067 1201 1094 Psallite
1218 1068 1395 1103 intelligenter
1409 1070 1430 1085 “
1448 1078 1454 1096 ε
1473 1074 1501 1097 at
1524 1070 1708 1106 intelligenter

921 1113 1038 1148 psallere
1052 1121 1229 1148 nequeamus,
1255 1114 1281 1140 ni
1303 1114 1329 1141 id
1354 1115 1533 1147 observetur,
1551 1123 1585 1142 ne
1596 1136 1604 1149 ,
1621 1117 1707 1144 choro

922 1159 1135 1193 frequentaudo,
1156 1166 1263 1186 versum
1279 1160 1454 1194 auspicemur
1476 1160 1541 1187 dum
1563 1161 1707 1195 praedictus

921 1206 958 1232 sit
982 1204 1125 1232 absolutus
1149 1211 1196 1232 seu
1217 1209 1343 1232 contenta
1357 1226 1365 1238 ,
1382 1213 1430 1233 seu
1451 1206 1533 1233 exilis
1557 1206 1707 1241 psalmodia

921 1253 977 1286 fiat,
1000 1260 1047 1280 seu
1064 1252 1177 1285 lentius,
1202 1259 1250 1280 seu
1266 1252 1433 1279 concitatius
1458 1256 1502 1279 eat
1525 1260 1631 1280 versus.
1658 1253 1706 1280 Sin

920 1297 1026 1324 accidat
1041 1300 1150 1332 torpor,
1166 1301 1193 1324 et
1218 1297 1344 1332 ignavia;
1366 1300 1440 1324 certe
1462 1298 1617 1324 succurrito
1639 1299 1708 1325 alter

920 1343 1053 1374 alterum,
1078 1342 1104 1368 in
1120 1342 1271 1376 primisque
1292 1341 1421 1368 decorum
1436 1346 1611 1369 conservator
1634 1342 1706 1376 quod

920 1387 944 1415 si
971 1393 1013 1415 est
1039 1387 1066 1414 in
1094 1388 1156 1415 aliis
1181 1387 1417 1422 pulcherrimum,
1445 1392 1548 1422 quanto
1562 1387 1651 1423 magis
1679 1388 1706 1414 in

920 1433 1039 1468 alloquio
1071 1433 1187 1461 divino?
1209 1433 1307 1461 Annon
1333 1434 1361 1461 in
1387 1434 1473 1462 turbis
1495 1434 1707 1462 deformationes

922 1479 1005 1506 animi
1019 1478 1107 1511 frndaz,
1128 1486 1160 1506 ac
1179 1479 1324 1513 captivitas
1340 1479 1463 1513 quaedam
1485 1479 1584 1507 accidit
1597 1480 1706 1513 mentis,

924 1529 1074 1558 contraque
1088 1524 1158 1551 inest
1169 1524 1196 1550 in
1211 1524 1310 1551 decoro
1327 1529 1382 1552 tum
1400 1524 1521 1552 studium
1533 1529 1560 1552 et
1568 1526 1708 1553 contentio

923 1569 1009 1604 major
1025 1573 1081 1596 tum
1097 1569 1225 1602 suavitas,
1237 1569 1371 1603 siquidem
1385 1570 1439 1597 ait:
1449 1570 1534 1602 Quam
1546 1570 1635 1598 dulcia
1644 1571 1707 1606 fau-

921 1615 995 1642 cibus
1011 1615 1074 1642 meis
1089 1615 1193 1650 eloquia
1215 1615 1283 1642 tua!
1306 1622 1385 1647 super
1399 1615 1450 1642 mel
1467 1616 1507 1641 ori
1529 1623 1595 1643 meo.
1624 1616 1708 1651 Igitur

922 1662 1016 1689 hortor
1041 1661 1227 1696 obtestorque,
1239 1667 1346 1691 summa
1363 1668 1414 1695 ope
1429 1660 1549 1688 nitamur
1564 1661 1635 1688 hanc
1652 1662 1707 1689 vir-

921 1711 1007 1734 tutem
1020 1706 1164 1741 acquirere
1182 1712 1312 1741 quoque,
1334 1706 1450 1733 invicem
1472 1706 1649 1739 adiurantes,
1675 1714 1708 1734 ac

921 1752 1088 1787 corrigentes
1109 1752 1136 1779 in
1152 1751 1290 1784 canendo;
1303 1758 1365 1778 nam
1377 1751 1418 1779 sic
1434 1751 1614 1785 intelligenler
1633 1752 1706 1786 psal-

921 1797 1026 1830 lentes,
1048 1797 1150 1825 animis
1173 1797 1337 1832 voluptatem
1364 1796 1463 1831 oppido
1480 1803 1653 1831 quazramus,
1679 1803 1707 1824 et

922 1843 1077 1879 exemplum
1100 1842 1163 1870 aliis
1189 1842 1276 1870 simus
1303 1842 1488 1874 luculentum;
1513 1846 1594 1877 atque
1610 1842 1638 1869 in
1654 1843 1707 1870 hoc

921 1888 1001 1915 etiam
1018 1888 1102 1916 Deum
1117 1888 1234 1922 denique
1250 1887 1380 1920 colentes,
1397 1894 1543 1922 perennem
1560 1887 1643 1915 vitam
1659 1894 1704 1914 er-

919 1933 1056 1960 ciscamur
1068 1941 1116 1968 per
1128 1933 1265 1961 Christum
1288 1931 1382 1960 Jesum
1401 1931 1544 1959 Dominum
1569 1936 1704 1959 nostrum.

920 1978 971 2007 Cui
983 1977 1068 2013 gloria
1079 1983 1106 2006 et
1114 1978 1258 2013 imperium
1269 1985 1332 2006 cum
1342 1977 1432 2009 Patre,
1446 1984 1478 2004 ac
1487 1981 1581 2004 sancto
1590 1977 1704 2012 Spiritu,

920 2030 994 2050 nunc
1029 2027 1058 2050 et
1085 2029 1213 2058 semper,
1239 2023 1267 2050 in
1293 2028 1457 2056 omnemque
1486 2023 1704 2057 perpetuitatem.

919 2069 1016 2096 Amen.
1061 2081 1066 2085 -

1234 2111 1350 2141 SEBMO
1369 2112 1401 2140 C.

921 2159 1009 2195 Dirigi
1022 2164 1133 2186 mentem
1150 2159 1371 2195 dextreroportere
1387 2158 1422 2195 ad
1435 2158 1591 2195 immensam
1605 2159 1706 2194 api/itii

1146 2193 1370 2228 pulchritudinem
1380 2193 1474 2220 divini.

882 2220 906 2248 Β
957 2238 1064 2267 Fratres
1091 2220 1238 2273 Paticsque
1254 2257 1262 2270 ,
1280 2237 1334 2264 huc
1351 2236 1491 2273 ingenium
1507 2245 1616 2274 semper
1627 2259 1635 2271 ,
1651 2238 1706 2266 huc

917 2285 1040 2320 invigilct
1053 2284 1161 2312 animus
1183 2283 1210 2311 in
1224 2283 1403 2311 monasticum
1417 2289 1566 2316 certamen,
1580 2292 1703 2320 opusque

917 2331 1051 2364 divinum,
1069 2337 1122 2357 non
1142 2329 1195 2357 huc
1221 2329 1287 2357 illuc
1302 2331 1418 2365 paletur,
1438 2337 1489 2358 ceu
1511 2335 1703 2365 manucnptus,

917 2377 1023 2406 scilicet
1034 2375 1105 2404 haud
1118 2383 1188 2410 aqua
1198 2383 1283 2410 mare,
1294 2380 1340 2403 aut
1352 2377 1516 2411 aspirantem
1531 2384 1578 2404 aer
1588 2376 1703 2410 defecit;

920 2423 1062 2457 multoque
1077 2429 1126 2449 nos
1141 2421 1232 2450 minus
1246 2422 1355 2457 egregia
1370 2421 1500 2457 cogitatio
1511 2421 1641 2450 destituat
1657 2429 1704 2449 ne-

919 2476 996 2498 cesse
1011 2473 1071 2501 est,
1097 2468 1123 2495 in
1142 2467 1189 2495 Dei
1216 2468 1411 2495 miraculorum
1435 2468 1546 2503 pelagus
1567 2468 1703 2495 infinitum

919 2518 1073 2549 spectantes
1088 2514 1187 2548 quibus
1202 2521 1279 2541 mens
1303 2513 1428 2542 inerrans
1454 2521 1626 2548 nequaquam
1649 2513 1704 2548 agit

919 2559 1004 2587 otium
1018 2559 1064 2594 qui
1078 2559 1105 2586 in
1120 2559 1171 2586 huc
1185 2559 1240 2587 vita
1260 2566 1371 2593 operam
1385 2559 1477 2591 ludat,
1506 2566 1537 2586 at-
1553 2567 1583 2586 se
1600 2558 1705 2586 vitiosis

921 2605 1021 2640 obliget
1033 2605 1178 2640 cogitatis,
1203 2605 1337 2640 siquidem
1360 2609 1436 2632 motu
1460 2604 1572 2640 prasdita
1593 2604 1704 2639 perenni

920 2651 1116 2685 conquiescere
1131 2651 1243 2686 nequit,
1268 2651 1334 2686 quin
1353 2650 1419 2678 ferri
1445 2657 1555 2678 necesse
1569 2655 1611 2678 est
1629 2657 1705 2683 quo-

920 2703 1027 2731 cunque
1041 2696 1192 2731 dirigatur,
1217 2704 1265 2724 seu
1280 2697 1375 2723 dexlre
1388 2715 1395 2728 ,
1418 2703 1466 2724 seu
1483 2695 1603 2723 sinistre.
1627 2695 1666 2721 Ac
1680 2695 1702 2722 si

919 2741 1022 2773 dextre,
1037 2741 1089 2768 fari
1107 2741 1163 2769 lucc
1176 2741 1303 2769 Davidica
1320 2741 1552 2777 queatzﬂomine,
1570 2741 1598 2767 in
1612 2739 1706 2767 volun-

1263 2809 1285 2825 "
1299 2808 1372 2837 Psal.
1390 2817 1486 2843 xxxiii,
1505 2808 1532 2841 8,
1588 2807 1611 2824 ³³
1627 2805 1702 2835 Psal.
