1921 3073
218 123 271 156 639

800 126 820 156 S
827 143 834 150 -
865 125 1062 156 THEODORI
1093 124 1270 156 STUDITE

1807 123 1856 154 δίο

220 186 274 207 tate
288 186 333 208 tua
344 181 495 215 prmtitisti
507 181 597 210 decori
614 189 671 209 meo
686 181 808 209 virtutem
825 182 865 214 ";
885 182 928 209 sin
944 181 1014 209 sini-
1027 184 1050 212 Α
1066 189 1128 217 quae
1140 181 1257 216 petierat
1268 181 1428 209 drachmam
1443 180 1619 215 vestigatnm.
1637 184 1667 207 ut
1692 186 1709 207 ε
1736 179 1857 206 tenebris

221 233 294 258 stre,
312 235 420 254 versum
437 232 597 263 sequentem
608 247 616 260 ,
641 227 768 254 Avertisti
781 227 876 263 faciem
895 233 970 254 tuam
997 235 1014 254 α

221 281 278 302 me.
304 277 329 300 et
356 273 443 308 factus
468 282 527 301 sum
545 274 718 301 conturbatus
731 274 752 290 "
772 283 779 301 :
797 282 860 301 nam
885 273 1013 308 equidem

222 327 348 346 aversum
386 319 441 347 Deo
453 324 495 347 est
526 319 607 346 inane
634 320 767 350 studium,
796 320 1014 355 animiquerper-

223 365 343 392 turbatio
368 365 476 393 lethalis
493 369 586 393 sontes
603 365 687 392 feriae.
709 364 892 398 Quamobrem
917 365 1015 393 demus

223 419 333 444 operam
346 412 440 439 dextre
454 415 483 438 ut
498 416 630 446 perpetuo
642 411 785 446 dirigatur.
799 416 826 439 et
840 412 940 438 eximia
952 419 1014 446 spe-

223 458 329 485 ctacula
349 463 452 485 cernat.
484 458 638 491 Quanam?
656 458 802 494 Angelicas
833 466 866 485 ac
889 458 1015 486 cmlestes

223 503 335 537 copias,
362 502 460 538 ingens
475 503 543 531 mibi
577 509 660 539 atque
687 504 900 538 incomparabile
919 503 1010 537 decus,

224 548 382 582 splendidas
397 549 599 584 apostolorum,
613 554 719 581 vatum,
737 554 900 585 martyrum,
913 555 940 577 et
953 558 1015 577 om-

226 593 302 620 nium
319 594 399 622 sedes
413 594 575 629 proborum,
592 595 655 623 caeli
668 602 832 628 convexum,
856 595 949 623 radios
970 602 1016 622 so-

227 640 308 672 lares,
318 639 401 674 jubar
414 640 520 673 lunare,
536 645 675 668 astrorum
697 641 829 676 tripudia,
842 648 875 668 ac
887 648 948 675 quae
962 641 1016 668 alia

226 689 291 712 sunt
304 685 427 720 subjecta
446 686 591 720 sensibus,
612 693 667 713 non
682 694 736 721 quo
752 687 913 714 immoretur
926 687 955 714 in
969 687 1016 720 iis,

226 730 292 764 quin
307 731 392 758 totius
408 731 537 760 universa
547 740 595 766 per
605 740 636 759 ea
653 733 806 760 molitorem
818 733 902 760 Deum
917 741 1017 768 specu-

227 776 290 806 lata,
303 775 536 810 pulchritudinem
547 784 630 811 quam
646 777 727 804 habet
737 778 925 812 incorruptam
941 781 1018 805 tuea-

228 825 282 847 tur.
297 819 369 848 Sane
380 822 487 848 ornavit
503 829 552 849 nos
568 821 640 850 Deus
654 843 661 854 ,
688 823 806 856 primum
832 823 859 850 in
876 823 1015 858 paradiso,

1064 235 1127 255 eum
1146 228 1252 263 peccati
1280 232 1430 255 revocaret.
1456 227 1542 263 Igitur
1568 234 1682 254 necesse
1706 231 1750 253 est
1779 226 1855 252 nauci

1065 281 1116 301 nos
1135 281 1255 309 quoque,
1275 274 1376 301 bonum
1401 273 1539 305 imitatos,
1564 272 1713 307 unicuique
1734 275 1856 298 vestrum

1066 318 1203 350 laborare,
1219 326 1252 346 ac
1269 318 1458 351 sermocinari,
1475 323 1502 346 et
1519 318 1564 352 pol
1579 317 1738 352 impendere
1761 317 1856 342 vitam.

1065 365 1154 399 Atque
1168 365 1274 392 utinam
1291 364 1348 391 ales
1361 363 1470 396 eﬂiciat,
1495 363 1637 391 volaturus
1649 383 1657 395 ,
1685 371 1718 389 ac
1741 362 1859 396 singulis

1065 410 1256 438 contuberniis
1278 411 1440 445 quieturus,
1462 409 1570 437 cunctis
1593 409 1721 436 videndis
1737 417 1744 435 :
1763 413 1790 435 et
1809 415 1860 442 pro

1065 457 1155 484 olliclo
1164 456 1381 492 compellandis;
1396 464 1447 484 nec
1459 456 1494 484 iis
1501 456 1603 488 solum,
1615 455 1661 490 qui
1676 455 1703 482 in
1711 454 1790 482 Caini
1803 454 1859 485 via,

1066 501 1220 537 fraudeque
1233 501 1338 529 Balami
1351 502 1495 538 grassatis.
1512 502 1651 535 Quosnam
1665 501 1716 528 hos
1726 500 1861 534 inquam?

1066 548 1222 580 Leontium,
1238 548 1390 580 Hermiam,
1401 546 1572 579 Nectarium,
1584 547 1683 578 nostri.
1698 554 1732 573 ac
1747 545 1861 579 religio-

1067 594 1112 621 nis
1137 593 1318 629 transfugas,
1343 595 1391 629 qui
1411 593 1601 629 pmfectnram
1633 591 1748 620 sceleris
1772 590 1862 617 tulere

1067 640 1220 674 pricmium,
1231 647 1302 674 quos
1315 640 1340 668 si
1357 643 1488 675 spectem.
1501 639 1636 674 alloquar.
1652 642 1679 664 ut
1692 637 1766 664 aliud
1779 636 1861 668 nihil,

1066 683 1163 711 saltem
1179 684 1308 713 consoler
1320 685 1443 711 animum
1460 684 1555 711 miser.
1580 683 1620 710 Ac
1632 682 1724 710 videre
1737 682 1820 709 velim
1835 686 1863 708 et

1067 730 1127 764 qui,
1141 738 1190 764 pro
1206 730 1274 757 meis
1290 730 1463 762 criminibus,
1478 737 1558 758 sacro
1573 729 1668 756 habitu
1691 728 1815 763 proiecto
1835 727 1862 754 in

1068 775 1203 803 nefarium
1222 784 1252 804 se
1268 775 1375 803 facinus
1392 776 1516 807 induere,
1534 775 1596 810 plus
1608 782 1664 809 quo
1677 774 1775 809 ejuler,
1791 780 1864 807 quo-

1069 829 1129 848 rum
1144 829 1215 849 unus
1233 821 1365 858 Pegasius
1391 822 1454 854 ille,
1476 829 1558 855 quem
1587 821 1677 848 ferunt
1711 828 1744 848 eo
1765 819 1863 854 ﬂagitii

226 865 360 900 dignitate
380 866 537 900 simulacri,
562 873 590 895 et
611 868 740 902 imaginis
755 869 906 904 quamlibet
920 869 1017 896 inobe—
1033 865 1054 894 Β
1071 872 1231 902 provectum
1246 887 1254 900 ,
1281 873 1312 895 ιιι
1335 869 1409 903 regia
1434 868 1567 903 dignitate
1590 867 1692 902 populo
1711 866 1862 901 imperitet,

227 911 329 938 dientia
349 919 400 940 nos
413 912 630 946 deartuavimus,
654 921 687 941 ac
709 914 905 949 confud‘imus;
921 914 1018 941 deinde

229 957 255 983 in
273 958 361 992 gratia
377 966 426 993 per
444 960 659 994 regeneratiOnis
685 961 824 988 lavacrum
836 981 844 994 ,
875 961 1018 996 sanctique

229 1002 348 1037 Spiritus
362 1005 578 1039 renovationcm,
593 1014 674 1040 quem
686 1006 783 1034 ell‘udit
798 1007 825 1034 in
841 1014 891 1034 nos
908 1007 1019 1040 copiose

229 1055 275 1081 per
282 1048 421 1076 Christum
432 1049 524 1078 Jesum
535 1051 707 1079 Servatmem
718 1056 851 1085 nostrum,
861 1060 1017 1088 quanquam

228 1095 273 1122 bic
299 1095 543 1131 degeneravimus;
569 1106 678 1133 quoque
694 1099 774 1126 tertio
803 1099 829 1126 in
855 1099 1019 1134 virginitatis

228 1139 410 1174 professione,
425 1142 533 1169 cunctis
546 1144 707 1170 condonatis
721 1144 859 1176 admissis,
870 1148 1020 1179 contraque

230 1191 281 1212 nos
297 1185 481 1221 chirographo
507 1188 649 1223 crueigera
668 1189 785 1223 quatiant
809 1189 866 1216 vita
887 1197 965 1224 atque
987 1197 1021 1217 ac

231 1230 363 1258 tinctione
388 1232 488 1259 deleto.
511 1232 595 1267 Igitur
612 1234 638 1260 in
662 1241 710 1260 sua
727 1242 804 1262 mens
816 1235 1021 1269 pulchritudine

231 1279 351 1307 maneto,
368 1281 397 1303 ut
411 1277 507 1305 audire
522 1284 667 1310 uterentur,
681 1279 747 1306 Tota
761 1280 875 1307 candida
884 1289 922 1312 es,
934 1281 1021 1308 amica

231 1328 298 1353 mea,
310 1326 334 1348 et
349 1323 455 1349 macula
469 1332 520 1350 non
534 1329 573 1351 est
585 1324 612 1351 in
624 1331 648 1351 te
656 1324 688 1352 “.
701 1324 749 1352 Sin
761 1331 788 1352 et
803 1326 935 1354 maculam
955 1335 1021 1353 cott-

231 1366 277 1393 llet
290 1367 362 1401 (25),
377 1372 554 1403 posteaquam
575 1370 720 1398 mutabiles
737 1379 844 1403 sumus,
865 1379 914 1398 nec
935 1379 1021 1406 purus
1040 1390 1045 1394 .

231 1421 248 1439 a
268 1413 397 1441 sordibus
420 1415 578 1450 quisquam,
595 1421 642 1443 aut
662 1417 711 1451 qui
736 1417 858 1444 animum
874 1425 904 1445 se
920 1418 1021 1446 habere

231 1464 338 1486 castum
355 1459 496 1494 glorietur,
520 1466 548 1488 at
564 1462 705 1490 enimvero
719 1462 846 1498 lacrymis
863 1471 1020 1498 purgemur,

231 1505 271 1532 ait
281 1506 362 1539 enim,
381 1505 495 1534 Lauabis
516 1516 566 1541 me,
580 1513 605 1535 et
626 1517 705 1543 super
730 1510 815 1538 nivem
827 1509 971 1536 dealbabor
983 1510 1018 1541 ³¹;

232 1558 409 1588 rursumque,
430 1553 580 1587 Lavamini,
603 1555 784 1588 mundamini,
805 1556 908 1591 auferte
922 1557 1022 1584 scelera

231 1606 264 1625 ea:
281 1599 377 1626 animis
392 1601 485 1628 vestris
501 1601 537 1627 ³⁵.
551 1601 590 1629 Ac
604 1601 667 1629 felix
689 1610 767 1629 mens
782 1610 843 1637 quae
856 1603 896 1630 sic
910 1603 1022 1630 assidue

232 1652 262 1672 se
276 1651 384 1681 purget,
399 1646 531 1681 omnique
546 1647 637 1674 studio
653 1648 750 1681 libera,
766 1647 868 1680 soluta,
889 1648 1022 1680 studium,

231 1699 372 1725 amorem,
394 1693 549 1727 cupidinem
562 1694 651 1722 solum
670 1698 772 1726 teneat,
792 1694 876 1721 Deum
895 1698 1024 1722 mortem-

232 1745 285 1771 que
299 1738 394 1766 indies
406 1738 528 1773 jucunde
538 1740 720 1773 praestolctur,
731 1747 794 1767 nam
801 1740 891 1767 veniet
899 1740 1023 1772 omnino,

232 1790 265 1809 ac
281 1783 404 1810 debitum
417 1791 466 1810 nos
482 1791 593 1818 quoque
604 1785 803 1818 persnlvemus.
819 1786 908 1820 Atque
918 1786 1024 1813 utinam

232 1827 296 1860 pie,
326 1833 490 1862 sancteque,
514 1832 570 1855 tmn
591 1829 716 1863 reliquiis
740 1830 873 1865 enjusque
899 1836 1024 1858 nostrum

233 1873 433 1906 spectantibus,
451 1881 484 1900 ac
506 1874 685 1908 psallentibus
708 1876 795 1903 sacris
822 1876 943 1910 futuris,
974 1885 1024 1905 ceu

233 1917 304 1945 lecto
321 1918 443 1951 ulensili,
468 1927 519 1946 ceu
540 1920 626 1954 probo
643 1920 835 1955 instrumento,
859 1927 916 1950 tum
932 1924 1025 1950 animo

233 1969 249 1989 a
274 1962 376 1990 sanctis
390 1963 495 1998 angelis
516 1963 543 1990 in
569 1971 716 1998 perennem
739 1965 822 1992 vitam
847 1965 1024 2000 asportando,

234 2016 282 2043 per
294 2008 435 2036 Christum
453 2008 547 2037 Jesum
563 2009 710 2038 Demittunt
727 2016 860 2039 nostrum.
876 2012 926 2039 Cui
938 2012 1026 2047 gloria

233 2060 261 2082 et
276 2055 423 2089 imperiutn
441 2056 618 2089 cumJ‘atI-e,
638 2065 670 2084 ac
688 2063 783 2085 saneto
813 2057 928 2093 Spiritu,
955 2066 1028 2086 nunc

233 2105 262 2128 et
273 2109 391 2137 semper,
407 2103 433 2129 in
446 2110 611 2138 omnemque
626 2105 844 2138 perpetuitatem.
860 2105 960 2133 Amen.

537 2149 654 2176 SERMO
676 2151 721 2178 Cl.

237 2194 275 2221 De
296 2193 361 2221 Heri
374 2193 474 2231 Christi
489 2195 685 2227 incarnatione,
709 2204 741 2222 nc
763 2196 912 2231 transfugis
929 2196 1023 2230 deplo-

261 2230 354 2256 randis
368 2230 507 2264 fratribus,
526 2231 558 2256 de
569 2231 693 2265 nobisque
705 2232 853 2258 muniendis
868 2230 1001 2259 doctrina.

271 2275 381 2303 Fratres
389 2275 546 2310 Patrcsquc,
559 2284 652 2303 rarum
674 2281 714 2303 est
729 2277 906 2310 auditorium,
921 2278 1024 2313 aliquot

234 2322 369 2357 digressis
387 2322 530 2349 fratribus.
548 2321 709 2357 Quanquam
734 2330 784 2350 nec
798 2331 917 2358 prtesens
939 2323 1026 2358 negli-

236 2369 342 2404 gendus
355 2369 464 2396 auditor
477 2377 559 2400 unus,
572 2369 705 2403 siquidem
717 2369 753 2396 ait
768 2368 897 2397 Dominus
910 2379 916 2397 :
936 2369 1028 2396 Videte

237 2423 269 2442 ne
286 2415 459 2442 contemnatis
473 2423 554 2442 unum
571 2422 603 2442 ea:
618 2415 660 2442 his
675 2415 803 2449 pusillis;
820 2416 880 2442 dico
895 2416 966 2442 enim
981 2423 1028 2442 vo-

237 2461 288 2494 bis,
303 2462 365 2496 quia
387 2461 474 2496 angeli
489 2469 580 2488 eorum
594 2470 695 2497 semper
718 2462 807 2488 vident
823 2461 918 2495 faciem
937 2461 1028 2488 Patris

238 2509 300 2539 mei,
315 2509 361 2543 qui
368 2514 407 2535 est
416 2509 442 2535 in
451 2508 522 2535 cwlis
532 2516 540 2535 :
550 2509 618 2536 venit
625 2509 695 2535 enim
704 2508 791 2535 Filius
801 2509 916 2535 hominis
925 2508 1029 2535 saluere

237 2555 306 2588 quod
332 2556 446 2589 perierat
465 2555 498 2582 ⁸⁷.
518 2555 568 2582 llui
585 2555 745 2583 incredibile
768 2555 930 2582 beneficium
946 2573 954 2586 ,
981 2563 1028 2581 ve-

238 2602 278 2629 nit
294 2603 327 2629 ad
345 2602 489 2637 fugitivum
501 2610 610 2630 servum
639 2603 723 2629 herus
755 2601 782 2628 in
810 2601 904 2628 habitu
922 2600 1027 2633 servili,

238 2651 270 2674 ut
286 2655 350 2675 eum
362 2648 496 2676 servitute
508 2648 642 2676 diabolica
657 2647 804 2675 liberaret!
818 2647 892 2674 venit
906 2647 952 2673 lux
964 2654 1028 2674 vera

276 2726 299 2742 ³¹
314 2726 388 2755 Psal.
404 2735 480 2760 nu,
499 2727 524 2755 8.
565 2727 588 2744 ³³
607 2727 674 2756 ibid.
700 2727 727 2755 9.
768 2727 792 2744 "
811 2727 889 2756 Cant.
907 2736 943 2761 iv,
963 2728 989 2755 7.

239 2794 339 2864 vagi?-
351 2796 424 2826 Φανῆ
443 2796 601 2833 μωμιϊσοαι
621 2801 663 2826 est
682 2797 709 2826 in
734 2802 829 2826 nostro
840 2797 948 2826 melius.
970 2796 1029 2824 Vat.

1071 913 1141 940 bella
1163 918 1281 946 moveat,
1295 913 1444 941 homicidia
1467 917 1564 948 palret,
1583 917 1610 940 et
1628 913 1713 940 vitam
1727 919 1794 939 vero
1811 911 1863 938 bo-

1070 958 1180 985 tnicidio
1200 959 1354 994 abrupissin
1369 957 1392 986 0
1407 959 1610 986 calamitatem!
1635 959 1661 985 in
1685 958 1758 993 quod
1783 958 1864 984 misc-

1070 1004 1173 1032 randus
1193 1005 1372 1039 praecipitium
1386 1005 1456 1032 ruit!
1477 1005 1597 1039 primum
1613 1004 1794 1031 contubernio
1804 1011 1865 1038 pro-

1070 1048 1152 1083 fugus
1181 1049 1235 1076 huc
1257 1049 1322 1077 illuc
1343 1050 1422 1081 itare,
1447 1057 1502 1084 quo
1516 1049 1648 1076 alluberet
1661 1069 1668 1081 ,
1685 1056 1734 1076 ceu
1751 1049 1863 1076 brutum

1070 1102 1155 1129 pecus
1171 1094 1316 1127 interiens,
1332 1100 1389 1122 tum
1411 1095 1579 1122 monachum
1596 1100 1693 1121 exutus
1704 1115 1710 1126 ,
1729 1094 1864 1128 tragoedia

1070 1148 1153 1175 quam
1168 1140 1325 1168 audivimus
1339 1140 1462 1176 defungi.
1478 1140 1660 1175 Quapropter,
1676 1140 1784 1170 hortor.
1804 1143 1863 1166 tum

1070 1195 1120 1222 pro
1136 1187 1191 1222 (24)
1207 1188 1247 1215 eis
1261 1188 1488 1222 compreeamini,
1507 1192 1564 1215 tum
1579 1195 1628 1216 vos
1648 1187 1794 1218 munitote,
1830 1193 1865 1212 ne

1071 1233 1136 1267 quid
1152 1233 1185 1259 de
1195 1233 1371 1260 contentione
1385 1234 1537 1260 monastica
1551 1233 1707 1265 remittatis,
1717 1239 1782 1259 nam
1796 1239 1866 1266 pau-

1072 1278 1146 1305 latim
1165 1278 1349 1311 remittendo,
1376 1286 1409 1306 ac
1431 1279 1631 1314 relanguendn,
1663 1279 1690 1305 in
1712 1278 1865 1313 perniciem

1071 1324 1181 1351 animus
1195 1325 1352 1359 impellitur.
1374 1324 1440 1351 Eam
1453 1325 1489 1352 ob
1504 1333 1560 1352 rem
1574 1330 1600 1353 et
1629 1332 1701 1352 nunc
1724 1324 1867 1352 solitario:

1072 1370 1199 1405 degentes
1215 1371 1345 1404 miseror,
1369 1378 1401 1398 ac
1426 1371 1540 1406 deploro
1564 1376 1593 1398 ut
1615 1371 1723 1398 facilem
1755 1370 1867 1398 diabolo

1072 1416 1193 1450 praedam
1207 1416 1348 1451 obiectos;
1366 1417 1468 1444 etenim
1487 1417 1510 1444 si
1527 1424 1543 1444 c
1568 1417 1646 1444 caula
1672 1424 1751 1444 ovem
1768 1416 1866 1451 arripit

1072 1460 1164 1495 lupus,
1177 1461 1281 1488 scilicet
1296 1469 1351 1488 non
1367 1466 1446 1488 extra
1461 1462 1534 1489 ovile
1557 1461 1740 1496 palabundam
1768 1466 1867 1488 nactus

1073 1506 1233 1534 interimat?
1257 1507 1376 1535 Nescitis
1393 1515 1447 1542 qua
1468 1508 1494 1534 in
1523 1515 1574 1535 nos
1599 1508 1704 1535 insania
1734 1507 1867 1542 praeditus

1037 1547 1059 1577 C
1075 1552 1201 1580 diabolus
1216 1553 1273 1580 sit?
1289 1554 1390 1588 quippe
1405 1554 1508 1589 ingruit
1520 1554 1640 1584 cunctis.
1654 1561 1709 1581 non
1731 1559 1824 1581 tamen
1839 1558 1867 1580 ut

1074 1598 1190 1626 misellis
1216 1600 1380 1633 monachis;
1405 1607 1438 1627 ac
1460 1607 1522 1628 cum
1549 1599 1739 1627 internecione
1766 1600 1869 1633 gaudet

1075 1644 1236 1676 multorum,
1250 1650 1306 1672 tum
1332 1645 1359 1672 in
1374 1645 1469 1679 primis
1489 1645 1640 1680 triumphat
1656 1644 1679 1672 si
1699 1645 1868 1671 monachum

1076 1692 1328 1725 unumquempiam
1346 1695 1512 1726 prosternat,
1531 1699 1619 1726 eaque
1632 1692 1720 1726 gratia
1734 1691 1868 1722 luctatur,

1075 1735 1170 1769 instat,
1182 1737 1332 1769 contendit,
1353 1736 1528 1764 obedientem
1552 1737 1587 1764 ab
1609 1736 1764 1764 obedientia
1780 1741 1869 1763 retra-

1076 1781 1152 1814 here,
1169 1781 1291 1817 quietum
1307 1790 1323 1809 e
1338 1782 1438 1816 quiete,
1456 1783 1577 1818 stylitam
1605 1790 1621 1810 e
1642 1783 1729 1818 stylo,
1749 1782 1868 1809 clusium

1075 1834 1091 1854 e
1107 1827 1239 1860 claustro,
1257 1835 1311 1862 qua
1334 1828 1495 1855 avocatione
1510 1833 1621 1863 captum
1646 1827 1740 1855 incitet
1756 1835 1812 1862 quo
1829 1827 1871 1853 lu-

1076 1872 1133 1901 bet.
1154 1872 1188 1900 Ut
1204 1873 1250 1908 qui
1267 1881 1297 1901 se
1318 1873 1345 1900 in
1368 1874 1426 1901 suis
1443 1873 1582 1906 modulis,
1608 1873 1733 1907 locisque
1759 1877 1871 1900 teneant

1077 1920 1197 1952 virtutis.
1216 1920 1415 1956 insuperabiles
1437 1921 1492 1948 sint
1506 1921 1633 1953 diabolo,
1662 1920 1768 1954 laqueis
1788 1920 1873 1948 altius

1077 1966 1190 1999 sublati,
1204 1966 1287 2000 igitur
1308 1971 1336 1993 et
1350 1975 1419 2000 nos,
1437 1966 1554 2000 fratres,
1572 1967 1694 2002 prtebitis
1718 1967 1746 1993 in
1763 1967 1870 1993 hostem

1077 2011 1209 2039 divinitus
1228 2012 1270 2039 usi
1284 2012 1389 2040 viribus
1407 2013 1433 2039 in
1453 2012 1543 2048 fugam
1561 2020 1623 2040 eum
1648 2019 1800 2047 cogamus,
1825 2012 1871 2038 Dei

1077 2057 1224 2084 formidine
1246 2058 1327 2091 tecti,
1355 2059 1402 2094 qui
1428 2059 1589 2086 caelestibus
1616 2059 1707 2086 sensis
1730 2059 1871 2094 impurum

1078 2103 1221 2135 feriamus.
1240 2112 1293 2132 non
1310 2105 1344 2131 ab
1368 2113 1401 2132 eo
1424 2105 1554 2140 profectis
1569 2107 1798 2137 succumbamus,
1816 2113 1873 2140 quo

1078 2149 1192 2177 victoria
1208 2150 1251 2178 hic
1267 2151 1344 2185 potiti
1356 2151 1470 2186 justitize
1484 2159 1615 2179 coronam
1632 2151 1798 2184 referamus,
1827 2159 1874 2186 per

1079 2196 1219 2223 Chriswm
1236 2195 1328 2224 Jesum
1341 2196 1486 2224 Dominum
1504 2201 1642 2224 nostrum.
1659 2196 1710 2224 Cui
1735 2196 1823 2232 gloria
1848 2201 1874 2223 et

1079 2242 1224 2277 imperium
1241 2250 1303 2269 cum
1317 2242 1409 2275 Patre,
1432 2250 1465 2270 ac
1481 2247 1578 2270 sancto
1593 2242 1696 2277 Spiritu
1709 2262 1717 2274 ,
1747 2251 1824 2270 nunc
1848 2247 1875 2269 et

1079 2294 1196 2322 semper,
1211 2287 1239 2314 in
1255 2295 1420 2323 omnemque
1434 2288 1652 2322 perpetuitatem.
1668 2286 1770 2314 Amen.

1382 2343 1500 2370 SERMO
1516 2342 1573 2371 Cll.

1083 2390 1121 2417 De
1139 2390 1293 2418 ueteratoris
1306 2389 1411 2424 vafritie
1425 2391 1554 2423 serpentis
1567 2409 1574 2420 ,
1594 2397 1626 2415 ac
1649 2389 1873 2424 queritadmodum

1114 2434 1176 2452 vera
1191 2425 1376 2454 submissione.
1390 2425 1482 2459 viaque
1496 2425 1569 2459 regia
1585 2425 1712 2459 grassati,
1738 2425 1875 2458 multifor-

1114 2469 1168 2488 mes
1187 2460 1262 2487 dolos
1276 2461 1432 2487 evadamus.

1114 2506 1224 2533 Fratres
1250 2506 1409 2539 Patresque,
1428 2512 1488 2532 cum
1505 2504 1657 2532 hodiernus
1673 2511 1717 2531 mc
1738 2504 1800 2531 dies
1811 2512 1875 2531 cun-

1079 2553 1130 2580 ctis
1148 2552 1269 2587 postulat
1285 2552 1432 2584 disserere,
1449 2556 1506 2578 tum
1527 2551 1562 2578 iis
1576 2551 1602 2578 in
1621 2550 1718 2585 primis
1732 2551 1781 2585 qui
1797 2551 1875 2578 modo

1079 2599 1225 2631 advenere,
1247 2602 1278 2625 ut
1300 2598 1357 2633 jam
1383 2597 1489 2632 pridem
1511 2597 1599 2632 jejuni
1622 2597 1709 2624 nostri
1738 2597 1875 2624 sermonis

1078 2646 1248 2680 expertibus.
1268 2646 1303 2672 At
1318 2644 1365 2679 qui
1380 2643 1490 2672 futurus
1505 2651 1596 2672 sermo
1605 2643 1666 2671 est?
1679 2643 1874 2671 utChristiaua

1029 2728 1052 2744 "
1084 2727 1156 2756 Psal.
1180 2736 1206 2760 L,
1223 2728 1250 2755 9.
1289 2728 1312 2744 ³⁸
1327 2727 1378 2755 lsa.
1397 2736 1416 2759 ι,
1434 2727 1477 2755 16,
1509 2727 1532 2743 ³⁷
1545 2726 1641 2754 Matth.
1663 2734 1743 2759 xvttl.
1761 2727 1808 2754 ll.

1121 2796 1178 2831 (2n
1199 2796 1317 2824 Set-ntus
1337 2803 1396 2824 sum
1418 2795 1479 2823 Vat.
1507 2795 1534 2824 in
1553 2803 1608 2831 quo
1629 2799 1671 2823 est
1689 2795 1804 2822 ἐκείνων
1829 2802 1874 2830 pro

1086 2832 1203 2858 ἐκείνου.
1221 2843 1245 2860 ο
