1921 3073
53 136 100 169 641

644 137 799 168 SERMON
803 137 848 168 ES
858 136 1110 168 CATECHETICI

1643 143 1697 175 642

52 196 163 230 dignam
178 194 385 230 oppugnatione
399 194 484 221 vitam
500 194 643 224 obeamus.
671 195 747 221 omni
767 202 846 222 exer-
863 196 884 224 Α
900 201 950 222 nos
962 194 1077 228 protulit
1090 194 1117 220 in
1132 193 1231 226 lucem,
1244 194 1319 222 velut
1332 195 1358 222 in
1372 196 1467 224 schola
1478 196 1596 232 quadam
1607 199 1633 226 in
1644 200 1696 227 huc

52 243 135 269 cettda
154 241 256 276 pietate
269 262 276 274 ,
303 246 385 276 atque
398 240 546 276 probitate,
564 248 615 268 ceu
631 241 760 276 morigeri
779 241 825 268 lilil
836 241 849 268 ?

53 295 104 314 non
127 287 176 322 qui
193 287 262 314 olim
282 286 310 314 in
326 286 483 320 ignorantia
509 286 673 314 libidinibus
692 286 849 314 conforme-

53 341 123 365 tnur.
138 333 230 368 deque
243 333 326 360 studii
345 333 521 360 contentione
535 333 680 361 monastici
697 332 845 368 quidquam

53 378 247 411 remittamus;
264 385 326 404 nam
339 377 448 409 videtis,
465 377 565 405 fratres
592 382 623 404 ut
647 377 774 405 diabolus
789 382 849 404 tau-

53 431 131 458 quam
152 423 197 450 leo
212 424 324 458 rugiens
336 424 454 456 oberret,
464 431 591 458 quaerens
604 423 739 459 deglutire
750 431 848 459 quem-

53 470 132 503 piam.
153 469 189 495 At
203 477 277 496 nttnc
292 477 409 496 cernens
425 470 617 504 persecutione
633 470 784 505 sejunctos,
799 478 849 498 ve-

54 514 212 541 hementius
226 515 322 545 instat,
336 514 383 550 qtti
396 515 514 549 praedari
530 515 654 542 animum
672 515 778 551 glisnat.
795 515 848 543 Sed

53 559 149 586 intenti
170 567 279 595 semper
293 580 302 593 ,
327 565 354 587 et
368 561 471 595 ubique
491 561 647 596 vigilemus,
666 561 766 589 divinis
785 562 849 589 tecti

53 606 205 641 praeceptis.
224 611 307 641 atque
325 606 349 634 is
367 607 456 634 locum
474 614 528 634 non
550 607 694 635 inveniens
708 628 716 640 ,
734 607 848 642 pudefa-

54 656 113 677 ctus
125 651 316 684 abscesserit;
336 651 471 686 siquidem
489 656 599 685 nactus,
614 653 734 687 penitius
746 653 848 680 irrum-

54 701 109 730 pat,
123 703 178 724 nec
190 696 317 728 desistat,
331 698 396 725 dum
413 703 513 726 mactet
542 706 574 726 ac
587 699 736 727 interimat.
754 698 849 726 Nesci-

56 751 116 770 tuus
123 747 195 777 quot
208 743 324 777 peremit
340 743 374 770 ab
385 743 450 771 orbe
459 744 581 776 condito,
592 752 646 771 non
657 745 848 780 primigenium

56 787 202 814 mortalem
230 787 373 822 voluptate
395 787 497 814 victum
519 788 642 822 pomario
669 788 851 823 proscripsit?

55 840 107 858 non
122 832 242 859 Cainum
259 831 286 858 in
302 833 450 859 fraternam
465 833 567 860 caedent
581 832 719 860 armavit?
733 841 785 861 non
799 833 849 861 Ju-

55 878 114 905 dam
133 877 289 912 apostolico
301 878 417 906 exseidit
429 882 514 910 cmtu,
529 884 694 906 cunctorum
714 879 775 906 vitae
787 886 850 914 pro-

55 925 173 951 ditoru-m
194 923 328 950 molitus?
346 931 401 951 nott
429 924 590 951 innumeros
607 925 676 952 alios
692 925 751 952 neci
766 925 850 952 tradi-

55 969 252 1004 dittldcmque
262 973 304 996 est
317 970 364 1005 qui
379 977 452 997 nunc
467 977 578 1005 quoque
593 975 680 1005 urget,
691 970 848 1004 insidiatur,

55 1017 168 1052 decipit,
185 1025 309 1052 peneque
332 1018 465 1044 mundum
483 1018 608 1053 deglutit,
627 1025 708 1053 quem
729 1018 849 1050 difficile,

54 1067 79 1088 et
91 1062 236 1097 impendio
246 1063 372 1090 sedulum
384 1063 421 1090 sit
433 1063 558 1090 evadere.
571 1062 626 1090 Nec
637 1068 753 1091 conatur
761 1064 849 1092 solum

55 1108 176 1136 ineunda
190 1109 335 1142 dissoluta,
353 1117 385 1136 ac
402 1109 501 1137 licente
516 1110 570 1136 vita
586 1129 593 1141 ,
608 1109 656 1137 sed
673 1110 755 1137 etiam
772 1117 851 1137 exer-

56 1155 186 1182 citatione
201 1155 323 1190 degenda
338 1159 465 1182 accurata
478 1161 666 1190 prosternere,
682 1160 710 1182 ct
724 1155 750 1182 in
761 1155 851 1182 diver-

56 1209 116 1228 sum
132 1208 184 1228 nos
200 1201 351 1235 impellere,
382 1201 488 1232 varius,
513 1201 664 1236 multisque
681 1208 711 1228 se
731 1201 850 1233 tccltuis,

57 1246 253 1274 aclraudibus
269 1246 424 1282 diftiugens,
451 1252 535 1282 atque
555 1247 582 1274 in
608 1254 659 1274 nos
685 1246 796 1282 laqueos
823 1247 850 1274 in

57 1297 129 1319 terra
143 1293 304 1327 complures
315 1293 466 1327 explicans,
482 1293 634 1320 secundum
648 1293 719 1320 beati
737 1292 850 1320 Antonii

57 1338 253 1365 revelationem
267 1359 276 1372 ,
298 1346 367 1372 quos
383 1344 410 1366 ct
425 1338 483 1366 sola
511 1338 605 1373 cll‘ugit
629 1339 770 1366 humilitas
782 1357 790 1371 ,
811 1339 850 1366 uti

56 1382 153 1411 fertur.

90 1427 151 1462 Qua
172 1436 223 1466 nos
241 1428 282 1456 usi
296 1435 416 1463 quoque,
434 1428 595 1456 diverticula
609 1428 681 1464 ejus,
699 1434 725 1456 ct
741 1436 850 1456 errores

57 1476 151 1503 devios
160 1475 319 1508 evadamus,
331 1475 450 1509 grassari
468 1475 541 1510 regia
554 1483 642 1510 tteque
657 1476 720 1506 huc,
732 1475 851 1510 illucque

900 237 954 263 vita
970 237 1127 271 collocavit,
1152 240 1228 273 regni
1256 239 1299 266 sui
1331 239 1509 275 Evangelium
1535 242 1694 272 discituros.

898 281 982 315 lgttur
996 282 1176 317 praedicatum
1193 283 1344 318 discipulos
1365 285 1478 314 mittens
1492 286 1570 321 jubet
1587 288 1614 315 in
1637 289 1697 316 haec

898 328 981 355 verba
998 336 1005 354 :
1022 328 1124 356 Eumer
1135 329 1226 357 docete
1243 338 1332 358 omne:
1359 337 1460 366 genter,
1477 333 1642 367 baptizanm
1653 343 1696 362 eos

898 372 925 399 in
943 374 1048 400 nomine
1062 374 1165 406 Patris,
1178 380 1203 402 et
1221 375 1296 408 Filii,
1313 381 1339 403 et
1355 376 1472 411 Spiritus
1484 379 1581 407 sancti.
1599 380 1697 407 docen—

900 424 938 447 tes
949 428 993 447 eos
1010 428 1118 448 servare
1141 422 1231 448 omnia
1251 430 1412 458 quacunque
1436 425 1560 451 mandavi
1580 425 1651 452 vobis
1661 426 1696 453 ³⁸.

899 465 1031 498 Quantam
1056 470 1121 493 sunt
1140 471 1231 493 autent
1253 474 1314 500 qua
1338 468 1499 494 mandavit?
1527 470 1554 495 in
1580 470 1696 504 antiquo

899 509 1013 542 ftedere,
1035 515 1064 538 ttt
1082 511 1180 545 partim
1195 512 1296 544 dicam,
1323 511 1384 539 Non
1407 513 1530 545 occides,
1545 521 1600 542 non
1618 515 1698 542 adul-

901 556 1012 589 terabis,
1028 564 1082 583 non
1099 556 1236 590 iurabere,
1252 565 1305 584 tton
1326 558 1426 585 falsum
1440 559 1627 587 testimonium
1648 561 1692 588 di-

899 609 946 629 ces
957 603 984 629 in
1006 609 1076 629 novo
1088 602 1131 629 his
1147 603 1263 637 majora,
1278 609 1304 630 et
1313 606 1496 637 accuratiora;
1509 613 1571 632 nam
1588 606 1697 633 Dictum

899 653 939 675 est
953 648 1002 680 ait,
1017 649 1133 683 antiquis
1149 657 1158 676 :
1175 648 1237 676 Non
1251 650 1352 676 occides
1366 651 1441 685 ;'qui
1453 656 1541 678 autem
1557 653 1696 684 occiderit,

900 702 960 720 reus
972 694 1021 720 erit
1033 694 1138 729 judicio
1153 703 1160 727 ;
1173 703 1220 730 ego
1233 701 1321 722 autent
1331 696 1389 723 dico
1400 696 1552 732 vobir,quia
1561 699 1645 725 omnis
1653 698 1698 732 qui

900 740 1028 766 irascitur
1042 740 1122 774 fratri
1138 748 1186 766 suo
1201 746 1305 773 temere,
1317 749 1377 768 reus
1391 743 1442 768 erit
1464 742 1570 774 iudicii.
1595 743 1697 771 Rursus

901 785 1002 812 dictum
1021 791 1059 812 est
1077 787 1194 821 antiquis
1209 795 1219 814 :
1238 786 1300 814 Non
1326 788 1515 821 adulterabis;
1538 799 1584 825 ego
1609 796 1698 818 autent

901 831 960 858 dico
975 831 1046 858 vobis
1063 832 1126 867 quia
1143 833 1229 859 omnis
1243 833 1288 868 qui
1311 834 1406 861 viderit
1422 835 1559 862 mulierem
1580 836 1614 862 ad
1629 844 1694 863 con-

867 869 888 896 Β
902 877 1090 910 cupiscendum
1102 885 1172 910 eam,
1185 878 1242 913 jam
1256 878 1416 907 adulteravit
1436 889 1494 907 eam
1513 882 1539 908 in
1555 883 1698 911 cordesuo.

899 921 1001 949 Rursus
1017 923 1120 950 dictum
1133 929 1172 950 est
1187 931 1196 951 :
1213 924 1273 951 Non
1297 925 1448 960 pejerabis;
1463 935 1509 961 ego
1532 934 1622 954 autent
1639 929 1700 956 dico

900 968 972 994 vobis
985 977 1036 995 non
1050 969 1148 1003 jurare
1164 970 1283 996 omnino.
1305 969 1406 998 Rursus
1418 971 1520 998 dictum
1536 978 1584 1005 est,
1599 973 1701 1008 Diliges

899 1015 1051 1049 proximum
1067 1020 1158 1049 tuum,
1172 1021 1196 1042 et
1214 1016 1276 1043 odio
1296 1016 1403 1043 habebis
1431 1018 1568 1044 inimicum
1597 1024 1671 1046 tuum
1688 1027 1700 1052 ς

900 1068 946 1094 ego
959 1065 1046 1086 autem
1062 1060 1121 1087 dico
1135 1061 1207 1088 vobis
1219 1069 1227 1088 :
1246 1061 1358 1097 Diligite
1372 1062 1494 1089 inimicos
1503 1068 1616 1097 uestros,
1638 1064 1700 1091 bene

900 1106 1046 1140 prccantini
1055 1107 1255 1134 exsecrantibus
1264 1115 1316 1139 vos,
1326 1108 1470 1142 benefacite
1480 1109 1521 1136 Itis
1532 1110 1576 1144 qui
1587 1110 1698 1137 oderunt

901 1161 944 1179 ros
955 1152 988 1180 ".
1002 1151 1331 1188 Videu'quodptriusque
1345 1153 1456 1182 lauderis
1469 1155 1639 1182 discrimen?
1653 1155 1700 1184 1110

900 1197 1023 1224 actiones
1037 1201 1155 1230 vetante,
1170 1197 1224 1225 hoc
1247 1198 1289 1225 vel
1301 1199 1471 1232 occasiones,
1486 1200 1558 1228 unde
1573 1201 1697 1229 actiones

900 1244 1044 1278 exsistant,
1064 1252 1098 1272 ne
1115 1245 1178 1271 hinc
1196 1244 1303 1272 radices
1325 1248 1389 1280 agat
1399 1250 1551 1279 peccatum,
1571 1246 1662 1281 itaque
1673 1247 1697 1274 si

900 1290 1097 1325 neclegaliter,
1124 1298 1175 1318 nec
1202 1291 1375 1324 Evangelice,
1394 1291 1442 1319 sed
1469 1292 1588 1323 etltuice,
1606 1297 1634 1319 ιιι
1660 1293 1701 1320 sit:

902 1336 1033 1368 dixerim,
1053 1336 1163 1364 oltimus
1175 1337 1241 1371 quid
1254 1342 1310 1363 tum
1323 1337 1456 1372 temporis
1467 1337 1626 1372 patiemur?
1642 1338 1700 1365 No—

900 1382 947 1408 lite
963 1390 1066 1414 errare,
1087 1382 1184 1418 inquit,
1195 1391 1277 1418 neque
1289 1383 1441 1417 fornicarii,
1458 1391 1539 1419 neque
1552 1383 1633 1410 idolis
1644 1391 1701 1411 sero

900 1428 1010 1462 cientes,
1031 1436 1114 1464 mque
1131 1428 1258 1459 adulteri,
1278 1437 1358 1463 neque
1376 1429 1480 1461 molles,
1494 1437 1577 1464 neque
1594 1438 1701 1456 marcu-

899 1474 986 1501 lorum
1012 1475 1202 1508 concubitores,
1219 1483 1301 1509 neque
1322 1476 1409 1507 avari,
1423 1483 1511 1510 neque
1523 1476 1605 1510 fures,
1620 1484 1701 1511 neque

58 1522 226 1554 declinante,
243 1521 309 1556 quin
324 1521 452 1556 praecepti
467 1529 563 1548 norma
584 1521 674 1549 traditi
703 1522 848 1554 obeuntes,
863 1540 884 1569 c
900 1520 1008 1552 ebriosi,
1026 1528 1107 1555 neque
1127 1521 1262 1553 maledici,
1288 1529 1371 1555 ncque
1393 1529 1502 1555 rapaces
1521 1530 1630 1557 regnum
1651 1521 1701 1550 Dei

57 1575 88 1595 ac
101 1575 299 1603 praecessorqu
311 1567 423 1602 vestigia
435 1566 545 1594 Patrum
558 1571 714 1603 sequentes,
732 1575 848 1602 quorum

58 1613 84 1640 in
99 1613 178 1640 etatis
197 1613 253 1640 vita
271 1617 323 1640 est.
341 1613 426 1648 igitur
450 1621 465 1640 a
489 1613 595 1640 vitiosis
622 1614 750 1648 cogitatis
773 1622 850 1641 mens

60 1659 221 1690 retrahitur,
239 1659 347 1686 animus
360 1659 452 1686 divina
477 1659 589 1686 oracula
605 1659 760 1692 meditator,
777 1668 809 1687 os
824 1661 851 1687 in

62 1704 105 1732 Dei
120 1705 228 1732 laudem
245 1710 393 1737 reserator,
408 1705 504 1732 oculus
521 1705 571 1732 rite
580 1705 695 1738 ccrnito,
707 1706 782 1733 auris
792 1706 852 1733 ina-

61 1758 106 1778 nes
121 1751 229 1777 fabulas
238 1758 273 1778 ne
284 1751 431 1783 admittite,
449 1758 547 1779 manus
560 1752 593 1778 ad
610 1751 719 1787 opificia
741 1760 852 1780 moven-

61 1801 112 1828 tor,
123 1797 207 1831 pedes
223 1797 347 1824 modeste
359 1797 529 1832 gradiuntor,
545 1797 625 1825 cibus
649 1802 783 1833 potusque
795 1798 853 1825 obi-

61 1845 101 1869 tor
116 1841 286 1874 moderatus,
312 1849 425 1870 somnus
447 1843 480 1870 ad
503 1843 636 1870 amussim
669 1842 851 1878 cotnponitor,

61 1895 110 1915 neu
125 1888 196 1915 citra
215 1888 410 1915 necessitatem
433 1895 573 1922 egressus,
595 1896 646 1915 tteu
662 1896 723 1923 qute
737 1893 851 1916 mortem

61 1934 155 1962 afferat
171 1934 301 1965 licentiae,
316 1941 367 1960 ncu
391 1933 464 1961 aliud
489 1934 554 1969 quid
579 1933 701 1962 insolens
722 1934 851 1970 agitator,

60 1981 122 2015 quin
138 1984 240 2008 cuncta
261 1984 357 2006 sancte
384 1979 589 2015 prudenterque
606 1985 748 2015 geruutor,
760 1979 854 2014 Neque

60 2032 122 2051 varo
143 2026 266 2059 spatium
285 2025 395 2059 longum
412 2029 465 2058 est,
490 2029 518 2052 et
533 2025 596 2052 linis
624 2025 748 2052 inttninet
763 2031 855 2053 certae

61 2071 178 2097 mtuum.
203 2070 314 2104 Ecquod
328 2074 370 2098 est
387 2075 479 2098 autem
501 2070 624 2098 laborum
641 2071 782 2105 praemium
798 2078 854 2099 etn-

61 2115 124 2143 leste
141 2124 271 2151 regnum.
288 2116 340 2143 Pro
355 2123 410 2151 quo
429 2116 538 2148 fratres,
551 2116 637 2151 magis
648 2118 790 2152 magisque
807 2117 856 2144 de-

61 2167 208 2195 certemus,
224 2161 371 2194 luctemur,
386 2163 429 2190 sin
450 2162 618 2196 corruimus,
641 2167 669 2190 at
696 2164 794 2190 iterum
811 2170 854 2191 re-

905 1565 1074 1599 possidebunt
1087 1565 1121 1597 ‘°.
1140 1573 1227 1600 caque
1240 1565 1274 1593 de
1296 1573 1389 1598 causa,
1409 1567 1448 1594 uti
1471 1575 1552 1602 saepe,
1569 1572 1596 1595 et
1621 1577 1697 1596 nunc

905 1612 1090 1647 prannunicns
1105 1612 1194 1644 edico,
1225 1620 1259 1639 ne
1275 1612 1336 1646 quis
1352 1613 1495 1641 solitarius
1523 1615 1628 1649 degito,
1644 1623 1698 1643 neu

905 1655 1003 1690 supine
1025 1655 1120 1689 fet-tor,
1138 1664 1189 1683 tteu
1211 1664 1309 1684 aurum
1334 1658 1436 1693 cogito,
1463 1666 1516 1686 neu
1532 1667 1641 1687 servant
1659 1664 1700 1687 te-

906 1706 978 1733 ttcto,
994 1709 1045 1728 neu
1059 1709 1172 1736 equum,
1192 1710 1245 1730 neu
1259 1703 1355 1730 bovem
1370 1703 1446 1736 alito,
1470 1711 1522 1732 neu
1537 1705 1602 1739 quid
1624 1706 1698 1735 aliud

890 1751 1024 1774 ttractato
1052 1747 1121 1775 citra
1150 1749 1351 1783 persecutionis
1377 1757 1514 1782 normam,
1543 1751 1615 1778 unde
1634 1759 1699 1786 gra.

907 1793 984 1821 viora
999 1814 1006 1826 ,
1024 1798 1052 1821 ct
1070 1795 1207 1822 atrociora
1227 1795 1347 1822 facinora
1366 1801 1488 1823 manent.
1504 1795 1624 1824 Tametsi
1635 1804 1698 1827 sunt

906 1840 1015 1867 «vobis
1035 1840 1082 1874 qui
1111 1845 1207 1868 contra
1235 1848 1327 1868 verum
1355 1841 1495 1869 obstinate
1521 1843 1699 1875 contenditis.

907 1893 1023 1921 quorum
1036 1894 1051 1913 a
1067 1887 1201 1921 sanguine
1212 1894 1273 1914 sum
1288 1887 1394 1920 insons;
1407 1888 1576 1922 nequeenim
1591 1889 1701 1916 subter-

908 1931 964 1968 fugi
978 1933 1044 1967 quin
1062 1933 1184 1960 divinum
1199 1932 1246 1968 jus
1260 1933 1408 1965 edicerem,
1425 1941 1482 1962 nec
1510 1935 1606 1962 reticui
1635 1943 1701 1962 ven-

908 1982 999 2005 turum
1015 1979 1199 2014 immorigcris
1224 1987 1330 2007 ensem.
1359 1981 1400 2006 An
1421 1979 1564 2008 irritamus
1592 1981 1702 2008 Deum?

909 2031 975 2051 num
989 2025 1116 2051 fortiores
1133 2031 1167 2052 eo
1190 2025 1309 2052 sumus?
1323 2025 1384 2052 Jam
1409 2033 1475 2052 vero
1504 2030 1529 2052 et
1549 2027 1650 2054 aet-uris
1665 2027 1700 2053 ad

907 2070 1024 2096 radicem
1038 2069 1164 2096 arborum
1180 2070 1268 2105 potita
1294 2075 1345 2097 est.
1367 2069 1458 2098 Omnis
1471 2079 1533 2106 ergo
1547 2071 1628 2098 arbor
1642 2080 1702 2106 queo

907 2123 960 2142 non
975 2115 1039 2151 facit
1057 2115 1176 2150 fructum
1193 2115 1289 2143 bonum
1313 2116 1490 2148 exscinditur,
1519 2117 1587 2145 etin
1611 2118 1698 2152 ignem

908 2161 1028 2188 mittitur
1038 2161 1072 2187 ".
1089 2160 1148 2188 Non
1163 2161 1317 2196 exemplum
1344 2162 1458 2196 timetis,
1471 2170 1526 2190 non
1549 2163 1639 2191 minas
1653 2171 1701 2191 exv

61 2214 229 2242 surgamus;
253 2207 296 2233 sin
322 2207 533 2240 obdormiimus,
559 2212 587 2234 at
607 2215 716 2235 rursum
741 2208 853 2243 evigile-
871 2216 893 2244 ι)
908 2206 1092 2235 ltorrescitis?
1118 2215 1172 2235 non
1197 2212 1314 2235 mortem
1343 2208 1460 2243 pavetis,
1482 2216 1544 2245 quae
1567 2216 1632 2237 mox
1651 2209 1702 2238 ob-

62 2261 131 2284 utus,
145 2253 201 2279 vim
220 2252 373 2281 inferamus
392 2258 506 2286 naturae,
522 2254 643 2281 membra
666 2254 725 2282 haec.
746 2258 853 2282 terrena

61 2299 251 2332 perimamus,
280 2298 394 2326 vittutes
415 2299 608 2334 acquiramus.
631 2299 704 2334 (quat
726 2299 854 2334 equidem

61 2345 125 2372 mihi
155 2352 269 2380 quoque
288 2345 376 2378 edico,
405 2345 510 2373 obsitus
525 2350 552 2372 et
577 2346 635 2380 ipse
658 2345 854 2379 imbecillitate,

62 2395 89 2416 ut
104 2390 201 2418 eadem
217 2390 358 2418 vobiscum
387 2396 485 2418 natura
507 2392 649 2427 praeditus)
669 2399 724 2427 quo
748 2391 856 2420 sincere

76 2444 166 2468 mnes,
183 2441 212 2463 et
224 2437 347 2464 insontes
364 2437 428 2464 hinc
460 2438 586 2472 profecti,
610 2446 759 2473 perennent
772 2439 854 2466 vitam

60 2488 266 2516 consequamur
282 2490 329 2517 per
353 2483 493 2510 Christum
520 2482 615 2511 .lesum
643 2483 792 2511 Dominum
808 2490 858 2510 no-

61 2532 158 2555 strum.
180 2528 229 2556 Cui
242 2529 328 2563 gloria
345 2534 371 2556 et
386 2529 531 2564 itnperiuttt
544 2537 607 2556 cum
620 2528 709 2562 Patre,
722 2537 754 2556 ac
764 2533 859 2556 sancto

62 2572 179 2607 Spiritu,
201 2583 275 2602 nunc
293 2579 320 2602 et
336 2582 456 2611 semper,
486 2575 515 2603 in
533 2583 699 2610 omnemque
721 2574 859 2610 perpetui-

64 2624 154 2648 tatem.
169 2623 269 2649 Amen.

364 2667 482 2696 SERMO
498 2667 564 2696 Clll.

105 2712 143 2740 De
163 2713 262 2741 divinis
275 2716 448 2749 exsequendis
461 2716 611 2750 praeceptis,
634 2723 666 2742 ac
680 2715 764 2750 justi;
781 2716 810 2742 in

330 2749 487 2785 negligenter
505 2749 596 2778 minis.

98 2792 207 2823 Fratres
234 2794 398 2831 Patresque,
419 2797 532 2824 molitor
558 2796 630 2824 Deus
659 2797 705 2832 qui
728 2805 744 2823 e
765 2797 853 2824 nihilo

99 2852 120 2869 "
135 2852 221 2882 Matth
249 2861 348 2887 xxvnt,
366 2855 412 2888 9.0,
449 2855 472 2872 "
490 2855 585 2884 Matth.
603 2863 631 2889 v.
647 2855 693 2883 44.

733 2856 755 2872 ⁸⁸
767 2857 777 2884 1
789 2856 853 2886 Cor.
875 2866 912 2892 Vl,
930 2859 973 2886 to.

904 2254 993 2281 eunda
1006 2258 1049 2281 est
1063 2253 1074 2280 ?

943 2298 994 2332 Qui
1009 2299 1154 2327 horribiles
1173 2299 1286 2335 angelos
1300 2304 1426 2327 tueamur
1439 2319 1447 2333 ,
1462 2300 1591 2329 eductum
1617 2310 1668 2331 nos
1682 2310 1698 2331 θ

909 2350 950 2370 co:
959 2350 1025 2377 pore
1039 2343 1180 2371 venientes
1197 2351 1205 2376 ;
1222 2345 1268 2378 qui
1280 2343 1390 2379 longum
1404 2344 1469 2372 illud
1482 2344 1702 2381 immensumque

905 2389 956 2417 iter
967 2396 1158 2424 peragrentus,
1169 2389 1270 2417 viatico
1282 2397 1336 2417 nott
1350 2389 1477 2417 instructi
1486 2390 1498 2417 7
1507 2390 1555 2425 qui
1568 2391 1700 2421 tribunali

906 2434 1038 2462 sistamur
1062 2434 1186 2467 Christi,
1214 2434 1259 2462 cui
1294 2435 1519 2471 congenulabuut
1557 2438 1698 2471 universi,

907 2486 1068 2515 cunctaeque
1095 2480 1190 2509 laudes
1209 2481 1326 2509 ollereut
1349 2482 1468 2518 lingua,
1492 2484 1595 2512 laedam
1630 2492 1700 2513 con~

907 2527 1052 2556 scientiam
1067 2531 1191 2555 tenentes
1202 2526 1258 2555 ?Ut
1275 2528 1394 2563 ablegari
1409 2530 1445 2557 sit
1460 2538 1572 2558 necesse
1589 2531 1633 2559 ubi
1646 2540 1700 2559 non

908 2571 1093 2606 exstinguitur
1109 2571 1200 2607 ignis,
1216 2579 1271 2600 non
1286 2572 1403 2601 moritur
1413 2574 1528 2606 vermis;
1546 2575 1592 2602 ubi
1609 2575 1700 2609 fletus,

909 2624 943 2644 ac
960 2617 1085 2644 detttittm
1104 2618 1207 2646 stridor
1222 2619 1350 2653 agitatur,
1367 2619 1441 2654 quod
1457 2627 1492 2647 ne
1503 2620 1632 2655 accidat,
1645 2621 1701 2648 fra-

905 2668 973 2696 tres,
987 2663 1060 2698 agite
1074 2664 1260 2692 venerabundi
1277 2664 1481 2700 illacrymemur
1492 2666 1618 2694 clementi
1633 2667 1698 2700 Deo,

903 2714 931 2736 et
946 2716 1008 2736 eum
1031 2717 1125 2737 coram
1139 2716 1346 2746 praevertamus,
1362 2711 1545 2744 confessione,
1562 2713 1699 2747 precibus,

906 2755 1129 2791 compunctione,
1157 2756 1298 2793 lacrymis,
1313 2757 1465 2792 supplicio,
1479 2757 1597 2792 jejunio,
1613 2760 1696 2786 casti-

903 2804 978 2833 tate,
1003 2801 1078 2828 omni
1108 2802 1240 2836 przcclara
1266 2802 1414 2832 functione.
1436 2803 1582 2832 Enimvero
1613 2805 1637 2833 is
1657 2810 1700 2833 est

1012 2858 1034 2875 “
1049 2858 1147 2892 Matth,
1161 2867 1209 2892 vn,
1228 2860 1273 2894 l9,
