1921 3073
196 142 250 175 (illi

778 136 808 166 S.
829 135 1025 166 THEODORI
1043 133 1217 165 STUDlT/E

1701 86 1714 94 ο

1744 159 1754 167 κ
1775 134 1826 166 δα

198 199 332 226 scelerum
359 201 518 224 nostrorum
542 195 743 229 placamentum
756 212 764 226 ,
779 199 830 219 nec
849 199 878 219 se
891 191 918 218 in
933 197 984 218 nos
999 193 1023 221 Α
1038 190 1128 218 veniet
1143 189 1310 222 horrendus,
1322 197 1354 217 ac
1370 189 1417 224 qui
1432 189 1588 218 defraudari
1603 195 1722 225 nequeat
1731 190 1827 225 judex,

198 243 358 275 oftlrmavit,
374 242 541 276 minimeque
555 244 735 268 revertentem
753 242 906 270 aversatur,
918 237 985 271 quin

198 288 309 316 asciscit
322 297 328 315 :
343 292 372 314 ut
388 287 571 318 meretricem,
587 291 617 313 ut
631 285 785 320 prodigum,
799 288 829 310 ut
841 283 984 310 latronem.

200 332 290 364 Sane,
317 329 556 362 obsecro,fratres
574 335 786 362 consurgamus,
817 326 985 359 excitemus,

200 377 398 404 contendamus
412 395 420 407 ,
442 383 497 410 quo
519 375 594 402 velut
618 372 694 408 pueri
717 371 834 400 studiosi
858 379 873 398 c
893 371 986 399 schola

200 422 373 448 discedentes
407 421 460 447 lati
492 421 602 446 domum
636 422 838 450 revertuntur;
873 417 913 444 sic
936 424 988 444 nos

201 474 310 502 quoque
331 474 379 493 ceu
393 465 504 500 genuini
528 464 665 498 Evangelii
687 462 813 497 discipuli
843 461 870 488 in
893 469 989 496 peren-

201 519 262 538 nem
277 512 360 538 vitam
383 510 520 538 ovabundi
541 510 766 544 commigremur,
781 515 828 543 per
845 507 987 535 Christum

200 556 292 584 Jesum
309 556 452 583 Dominum
472 560 607 582 nostrum.
633 555 685 582 Cui
702 554 787 589 gloria
799 560 826 581 et
844 554 988 588 imperium

201 608 262 626 cum
277 599 367 632 Patre,
383 608 415 626 ac
429 604 523 626 sancto
539 599 653 633 Spiritu,
675 606 749 626 nunc
773 603 802 626 et
820 605 940 633 semper,
961 599 989 625 in

201 651 366 679 omnemque
380 645 598 679 perpetuitatem.
620 645 716 671 Amen.

499 688 617 716 SERMO
631 689 699 717 CIV.

200 733 240 761 De
260 734 360 760 sincero
389 741 499 767 veroque
532 741 638 765 amore,
658 742 690 760 ac
706 734 905 768 morigeratione
930 741 991 768 erga

237 768 403 803 prtefectum,
419 773 443 795 et
455 768 585 795 horrcndo
592 769 661 802 justi
670 769 770 802 judicis
788 769 917 795 examine.

238 813 349 842 Fratres
380 814 550 847 Patresque,
580 821 641 848 qua:
686 813 821 848 superiori
850 811 991 840 Catechesi

1035 235 1081 270 qui
1097 235 1237 262 subditum
1255 235 1366 262 subdito
1378 255 1386 268 ,
1406 234 1566 270 praefectum
1599 235 1730 270 praefecto
1742 255 1751 269 ,
1770 237 1828 271 epi-

1036 286 1149 313 scopum
1165 279 1312 314 episcopo,
1326 283 1470 313 praetorem
1487 278 1612 313 primori,
1633 279 1689 314 regi
1703 285 1830 314 aggreget

1038 331 1127 359 regem
1142 343 1150 356 ,
1173 329 1202 351 et
1230 324 1394 352 alterutrum
1413 331 1448 351 ex
1479 325 1612 351 alterutro
1630 324 1773 360 corrigat,
1797 332 1830 352 ac

1039 369 1149 400 refutet.
1162 374 1186 396 et
1197 369 1338 403 unicuique
1352 369 1444 396 reddat
1458 370 1600 396 secundum
1616 377 1695 404 opera
1706 369 1775 403 ejus,
1791 370 1825 396 iis

1038 415 1145 449 quidem
1154 415 1199 450 qui
1213 415 1359 441 secundum
1372 415 1528 448 patientiam
1540 414 1600 440 boni
1615 415 1700 448 operis
1714 414 1832 449 gloriam

1038 466 1062 487 et
1078 461 1212 491 honorem,
1231 465 1256 486 et
1267 460 1490 494 incorruptionem
1505 464 1639 495 quierunt,
1657 460 1739 487 vitam
1752 465 1832 487 mter-

1039 513 1100 532 nam
1117 514 1127 538 ;
1149 506 1183 532 iis
1204 510 1293 532 autem
1316 506 1361 539 qui
1378 511 1440 532 sunt
1466 505 1631 532 contentione
1643 524 1650 537 ,
1669 510 1695 531 et
1709 505 1755 539 qui
1778 513 1833 531 non

1040 553 1206 586 acquiescant
1217 552 1332 584 veritati,
1348 551 1458 578 credunt
1470 556 1558 577 autem
1572 551 1719 585 iniquitati,
1738 551 1790 581 ira,
1804 555 1832 577 et

1039 595 1206 630 indignatio,
1231 595 1368 621 tribulatio
1387 599 1411 621 et
1432 594 1556 628 angustia
1572 593 1613 625 ",
1645 593 1684 620 uti
1711 593 1833 621 canitur.

1040 641 1118 674 Quod
1134 640 1334 675 pertimendum
1347 644 1400 671 est,
1415 640 1545 674 omnique
1559 639 1650 666 studio
1665 639 1833 671 cavendum,

1041 694 1076 713 ne
1101 687 1153 713 sub
1173 685 1277 712 obitum
1295 685 1431 712 bonorum
1454 692 1568 719 operum
1594 685 1690 711 inanes
1713 685 1836 719 depren-

1041 731 1163 762 damur,
1200 730 1266 765 quiti
1309 729 1487 757 honestarum
1524 729 1630 756 feraces
1658 729 1833 756 functionum

1042 780 1207 810 spectemus.
1231 774 1280 802 Sin
1306 775 1463 802 obluctatur
1489 774 1577 802 hostis
1598 782 1653 809 quo
1672 775 1765 803 minus
1778 775 1835 803 vir-

1043 825 1128 847 tutem
1152 820 1305 852 obeamus;
1338 819 1413 854 quod
1437 820 1591 854 negandum
1621 827 1675 846 non
1700 823 1759 852 est,
1784 820 1833 854 qni

203 863 315 893 propter
336 861 393 884 tum
418 862 563 892 praesentes
583 858 719 890 disserui,
749 865 820 893 aeger
846 865 879 884 ac
897 857 991 884 dolens

1045 865 1152 900 quidem
1177 864 1314 892 homicida
1336 865 1373 891 sit
1401 864 1435 891 ab
1458 864 1558 896 initio,
1589 871 1642 890 neu
1668 864 1776 891 steterit
1804 864 1833 890 in

204 902 333 934 disserui,
360 907 387 929 at
408 911 469 937 qua:
487 903 520 930 de
542 903 619 929 vobis
642 910 716 930 nunc
740 903 828 930 habeo
846 903 945 934 dicere,
960 908 992 929 ea

203 955 267 975 vero
281 952 344 975 sunt
358 948 470 974 meliora
482 967 490 979 ,
515 951 619 974 etcum
643 947 733 974 salute
753 947 899 982 conjuncta
912 966 920 979 ,
942 947 991 981 qui

205 993 253 1020 Dei
272 992 333 1028 Opt.
362 992 435 1020 Max.
451 992 584 1020 beneficio
611 1000 714 1020 morem
743 993 868 1020 tenuitati
894 998 994 1020 nostra:

204 1039 387 1074 obsequentes
398 1040 509 1074 geratis.
522 1039 588 1066 nihil
599 1039 666 1066 citra
683 1039 860 1066 constitutum
872 1044 993 1074 agentes.

204 1084 281 1118 Quod
301 1092 355 1111 non
374 1084 441 1111 mihi
457 1085 586 1120 gaudium
600 1084 681 1111 modo
695 1089 748 1117 est,
763 1093 795 1112 ac
815 1085 972 1119 triumphus
984 1104 992 1117 ,

204 1131 251 1158 sed
268 1138 322 1165 prae
338 1138 381 1158 me
393 1131 461 1158 adeo
474 1131 566 1162 vobis,
581 1130 627 1165 qui
641 1131 766 1158 virtutem
781 1135 845 1158 ante
856 1131 992 1165 coepistis;

204 1176 268 1210 quid
292 1180 335 1203 est
357 1177 430 1203 enim
458 1177 582 1208 suavius,
613 1176 712 1208 lanius,
736 1176 885 1211 jucundius
911 1183 993 1211 quam

205 1221 239 1248 ad
256 1222 445 1256 prascriptum
462 1222 564 1254 vivere,
577 1229 627 1250 nec
646 1230 695 1257 pro
718 1222 831 1249 libidine
845 1222 994 1257 quidquam

206 1267 282 1294 obire
308 1267 469 1294 subditum?
493 1267 545 1295 hoc
571 1275 635 1294 vera
668 1267 844 1300 morigeratio
863 1272 915 1300 est,
937 1268 995 1295 haec

206 1312 286 1340 beata
306 1312 361 1339 vita
373 1332 381 1345 ,
398 1313 453 1348 (20
469 1316 478 1347 )
498 1313 550 1340 hoc
576 1313 777 1348 praemolestum
796 1313 932 1348 quoddam
946 1333 953 1345 ,
968 1318 996 1341 et

206 1359 391 1386 imlnolestum
402 1378 409 1390 ,
434 1363 464 1385 ut
478 1359 518 1386 sic
535 1358 649 1386 dixerim
661 1378 669 1391 ,
691 1364 827 1386 certamen
841 1367 848 1392 ;
877 1366 995 1393 praemo-

207 1404 305 1430 lestum
322 1404 347 1431 ei
369 1403 522 1439 qui_adhuc
539 1404 597 1431 suis
621 1403 717 1431 studiis
732 1408 872 1435 teneatur,
895 1403 996 1430 immo-

207 1449 305 1477 lcstum
323 1451 347 1478 ei
363 1451 410 1485 qui
427 1456 523 1483 suapte
537 1450 625 1477 studia
658 1449 825 1485 prwfregerit
837 1471 844 1483 ,
869 1453 898 1477 ut
915 1457 995 1485 apos-

1043 911 1167 942 veritate,
1179 917 1242 938 cum
1256 917 1312 938 non
1333 910 1369 938 sit
1381 910 1483 938 veritas
1496 910 1524 937 in
1540 917 1584 942 eo,
1600 910 1833 944 quemadmodum

1043 955 1081 982 ait
1108 955 1260 989 Dominus;
1287 960 1314 982 at
1332 955 1492 983 fortitudine
1517 954 1546 982 in
1570 962 1643 988 eum,
1664 962 1696 982 ac
1720 962 1835 989 magna—

1043 1001 1168 1029 nimitate
1182 1006 1303 1033 utamur,
1320 1001 1476 1032 laboribus,
1488 1000 1591 1032 studio,
1606 1000 1732 1034 precibus
1744 1020 1751 1032 ,
1768 1007 1835 1034 sup-

1044 1046 1126 1081 plicio
1139 1065 1146 1079 ,
1174 1047 1303 1082 laerymis
1323 1046 1484 1074 adhibendis
1495 1066 1504 1079 ,
1527 1050 1610 1080 atque
1623 1046 1646 1073 is
1660 1045 1834 1078 succumbet,

1045 1092 1100 1119 Deo
1120 1094 1146 1120 in
1166 1099 1304 1121 certamen
1318 1097 1449 1124 coeunte,
1482 1096 1630 1126 nostraque
1647 1091 1837 1119 itubccillLtate

1042 1138 1161 1172 juvanda
1173 1146 1320 1174 perennem
1333 1138 1475 1166 victoriam
1487 1138 1624 1173 praebente
1635 1145 1684 1172 per
1693 1137 1837 1164 Christum

1044 1183 1136 1211 Jesum
1151 1184 1297 1212 Dominum
1316 1188 1453 1212 nostrum.
1478 1183 1528 1210 Cui
1546 1183 1632 1218 gloria
1644 1188 1672 1210 et
1690 1183 1837 1218 imperium

1045 1237 1107 1258 cum
1120 1230 1210 1263 Patre,
1229 1238 1262 1257 ac
1275 1235 1369 1257 sancto
1384 1228 1486 1264 Spiritu
1500 1248 1508 1261 ,
1533 1235 1607 1256 nunc
1622 1233 1650 1256 et
1664 1235 1772 1264 semper
1783 1248 1792 1262 ,
1809 1229 1838 1256 in

1045 1282 1211 1311 omnemque
1225 1275 1447 1310 perpetuitatem.
1463 1274 1560 1302 Arnen.

1350 1319 1465 1347 SERMO
1480 1318 1534 1348 CV.

1064 1356 1103 1384 De
1131 1355 1302 1391 expurganda
1320 1356 1490 1382 asceteritzus
1515 1356 1622 1389 animo,
1648 1355 1822 1391 ineundisque

1308 1400 1413 1426 uirtutis
1430 1399 1573 1427 laboribus.

1081 1446 1192 1474 Fratres
1223 1445 1390 1481 Patresque,
1409 1445 1466 1473 fors
1482 1446 1604 1473 animum
1620 1445 1711 1473 dicere
1724 1445 1840 1473 inducat

209 1496 289 1523 tolice
307 1496 380 1523 ausit
398 1495 489 1523 dicere
510 1505 516 1523 :
535 1495 597 1523 Vivo
612 1501 700 1522 autent
715 1495 775 1530 jam
791 1503 841 1522 non
857 1504 915 1531 ego,
933 1496 997 1523 vivit
1009 1515 1030 1545 ο
1047 1493 1185 1528 quispiam
1219 1491 1324 1527 frugem
1355 1499 1389 1518 ex
1431 1491 1474 1518 his
1504 1491 1701 1519 Catechesibus
1733 1491 1838 1518 nullam

206 1548 266 1567 ivero
280 1540 307 1567 in
327 1548 367 1567 me
386 1539 507 1567 Christus
523 1541 556 1568 δ’.
581 1540 691 1568 Scilicet
711 1541 759 1576 qui
778 1548 950 1576 nequaquam
962 1549 995 1568 ex

207 1592 256 1612 sua
270 1585 383 1613 libidine
411 1587 493 1619 vivat,
510 1593 558 1620 per
573 1586 732 1621 prtefcctum
749 1587 827 1621 quasi
848 1588 994 1622 quemdam

207 1635 378 1665 sequestrum
392 1630 448 1658 Deo
464 1631 540 1663 vivit,
553 1631 667 1658 revelata
680 1631 747 1666 [acie
760 1632 872 1666 gloriam
891 1631 996 1658 Domini

206 1676 373 1710 speculatus,
390 1682 412 1702 et
426 1677 453 1703 in
471 1677 589 1704 eamdem
603 1677 744 1712 imaginem
758 1677 963 1711 lrausfurmatus
979 1685 996 1703 a

207 1721 330 1748 claritate
341 1722 369 1748 in
384 1721 545 1755 claritatem,
560 1727 685 1757 tanquam
697 1730 713 1749 a
728 1722 836 1748 Domini
850 1721 954 1756 Spiritu
963 1722 995 1754 “,

205 1768 433 1801 quemadmodum
450 1768 580 1802 scriptum
599 1772 649 1795 est.
681 1768 830 1795 Enimvero
844 1767 888 1795 hic
902 1767 994 1794 mundi

206 1816 247 1839 est
260 1817 376 1839 securus
388 1832 396 1844 ,
417 1812 545 1839 interitus
560 1817 650 1840 morte
660 1832 668 1845 ,
691 1812 780 1840 laetam
793 1833 801 1845 ,
826 1820 859 1840 ac
874 1813 995 1848 quietam

207 1864 341 1892 peragens
369 1858 452 1885 vitam
477 1863 550 1886 totus
568 1864 746 1887 consecratus
769 1859 840 1892 Deo,
868 1864 996 1888 caeterum

208 1901 256 1935 qui
272 1905 368 1936 suapte
383 1903 524 1931 voluntate
534 1924 542 1936 ,
558 1903 686 1938 proiectis
701 1904 862 1932 obedientize
881 1905 995 1940 legibus,

206 1946 319 1978 nitatur,
333 1946 386 1974 sibi
397 1948 505 1981 volens,
520 1948 571 1976 sibi
587 1949 700 1984 placens
709 1952 768 1983 ,Enac
781 1950 806 1977 is
816 1951 898 1977 vitam
908 1952 998 1979 trahat

207 1989 358 2024 afflictam,
380 1992 427 2026 qui
452 1999 467 2019 a
483 1992 595 2021 diabolo
616 1998 714 2029 captus
738 1994 772 2021 ad
792 1995 936 2022 arbitrium
956 2000 997 2023 te-

208 2040 316 2064 neatur.
341 2036 393 2070 Qui
409 2041 439 2064 ut
453 2037 580 2072 jejunare
605 2039 741 2073 videatur,
757 2045 805 2067 aut
825 2042 997 2076 pervigilare,

205 2083 254 2106 aut
268 2079 320 2106 alia
335 2079 435 2108 virtute
459 2080 552 2116 fungi,
575 2081 703 2110 illaudata
717 2083 820 2111 functio
836 2089 878 2112 est
888 2089 997 2120 postca-

206 2131 289 2159 quam
328 2124 411 2153 Omne
426 2127 495 2161 quod
511 2135 564 2154 non
583 2132 623 2155 est
639 2128 702 2163 ﬁde,
717 2134 852 2163 peccatum
865 2135 904 2157 est
919 2131 957 2164 “,
970 2135 998 2158 et

1047 1539 1161 1574 percipi,
1177 1538 1223 1566 sed
1236 1538 1371 1573 profecto,
1382 1542 1411 1565 ut
1426 1537 1493 1564 mihi
1507 1538 1628 1570 videtur,
1644 1537 1686 1564 vel
1702 1537 1729 1563 in
1741 1537 1839 1571 primis

1049 1585 1208 1620 percipitur.
1240 1584 1352 1611 Scilicet
1375 1583 1448 1618 quod
1466 1588 1586 1610 aratrum
1608 1587 1706 1614 terrae,
1721 1587 1750 1609 et
1766 1590 1839 1617 aqua

1047 1632 1166 1664 sitienti,
1181 1632 1207 1658 id
1223 1639 1309 1666 gnave
1324 1630 1444 1657 audienti
1455 1629 1646 1657 Catecheticus
1670 1636 1764 1656 sermo
1784 1634 1838 1657 est.

1050 1677 1126 1705 Unde
1145 1678 1217 1704 enim
1245 1684 1322 1703 mens
1353 1675 1560 1710 corrumpitur?
1586 1675 1658 1702 unde
1671 1675 1698 1701 in
1722 1674 1839 1702 fratrum

1047 1723 1129 1751 rebus
1152 1722 1269 1758 publicis
1294 1722 1376 1754 bella,
1400 1722 1478 1752 rixae,
1492 1721 1604 1749 dissidia
1618 1721 1730 1747 lnonne
1745 1728 1779 1747 ex
1805 1728 1840 1747 eo

1048 1769 1121 1804 quod
1134 1769 1259 1796 doctrinm
1273 1788 1281 1800 ,
1302 1775 1334 1795 ac
1349 1767 1492 1802 castigatio
1510 1770 1563 1794 non
1577 1766 1670 1793 obitur
1681 1766 1694 1792 Υ
1707 1767 1776 1799 Qua:
1791 1767 1837 1792 ubi

1047 1815 1104 1840 sint
1125 1813 1161 1840 ibi
1174 1813 1308 1841 serenitas
1322 1833 1330 1845 ,
1356 1817 1436 1847 atque
1449 1820 1505 1847 pax
1517 1815 1569 1843 est,
1589 1811 1634 1838 ubi
1648 1818 1702 1846 pax
1717 1831 1725 1844 ,
1751 1815 1780 1838 et
1793 1819 1839 1838 se-

1047 1861 1150 1887 renitas
1172 1859 1209 1886 ibi
1230 1863 1342 1886 sanctus
1375 1858 1492 1892 Spiritus
1516 1857 1697 1891 conquiescit.
1728 1856 1789 1889 Qua
1806 1857 1839 1884 de

1047 1913 1131 1933 causa
1145 1905 1272 1940 equidem
1289 1904 1384 1931 timide
1412 1903 1566 1938 cupidequc
1583 1903 1718 1930 disserere
1729 1923 1737 1935 ,
1753 1903 1839 1930 casti-

1048 1959 1124 1986 gare,
1138 1950 1256 1982 hortari,
1272 1957 1304 1977 ac
1320 1957 1496 1977 commonere
1511 1953 1616 1983 satago,
1630 1949 1652 1976 sl
1665 1956 1717 1983 qua
1734 1949 1838 1983 possim

1047 1997 1082 2023 ab
1116 1995 1269 2031 omnigenis
1308 1995 1412 2022 diaboli
1443 1994 1619 2022 tcntamentis
1650 2001 1699 2021 vos
1738 2001 1839 2028 meque

1048 2049 1173 2073 servare,
1187 2048 1346 2076 quanquam
1361 2039 1450 2068 fateor
1463 2047 1574 2074 cperant
1591 2046 1640 2066 vos
1658 2046 1768 2074 quoque
1783 2047 1838 2066 non

1048 2087 1191 2114 minimam
1206 2086 1332 2113 conferre
1345 2106 1352 2118 ,
1371 2086 1490 2112 maxime
1509 2085 1660 2120 primores,
1685 2092 1840 2120 omnesque

1048 2139 1092 2159 me
1113 2132 1147 2159 ad
1168 2132 1268 2159 hortum
1287 2131 1466 2166 opitulatores
1487 2130 1597 2158 habere.
1623 2130 1679 2165 Ego
1695 2130 1817 2164 plantam”
1831 2150 1838 2162 ,

206 2169 309 2205 alioqui
325 2173 396 2205 quod
413 2171 448 2198 ad
461 2179 633 2200 communem
650 2175 770 2209 regulam
795 2182 849 2202 non
875 2181 972 2210 agatur
985 2197 993 2210 ,
1012 2179 1033 2207 ι)
1048 2178 1085 2205 ait
1100 2178 1157 2210 ille,
1185 2177 1278 2212 Apollo
1301 2177 1411 2212 rigavit,
1434 2177 1478 2203 sed
1492 2177 1559 2203 Deus
1582 2177 1771 2203 incrementum
1793 2176 1840 2203 de-

206 2223 268 2243 cum
283 2217 424 2251 proprium
442 2222 485 2245 est
501 2219 619 2253 agentis,
636 2223 695 2246 tum
717 2220 836 2248 alienum
853 2229 868 2248 a
887 2222 996 2257 pietate.

207 2259 242 2288 Ut
260 2261 358 2289 merito
380 2269 428 2290 eos
450 2263 685 2297 reprehenderim,
698 2272 747 2292 vos
761 2265 879 2299 laudem,
907 2274 939 2294 ac
953 2274 999 2294 co—

206 2307 303 2334 hortor
321 2307 453 2335 inhaerere
469 2308 661 2343 pulcherrima!
674 2310 880 2345 morigerationi
893 2331 902 2343 ,
930 2312 999 2339 tole-

206 2353 302 2379 rantia:
316 2373 324 2385 ,
345 2352 501 2388 frangendae
516 2355 659 2386 voluntati,
673 2355 747 2389 ﬁdei,
760 2356 835 2390 spei,
851 2357 979 2385 charitati
989 2378 998 2391 ,

205 2398 312 2426 caeteris
351 2399 514 2427 obedientiae
539 2400 638 2428 studiis
655 2421 663 2434 ,
693 2409 747 2436 qua
777 2409 807 2430 re
829 2407 857 2430 et
882 2403 997 2431 salutem

206 2444 356 2478 quaeratis,
379 2449 407 2472 et
420 2447 560 2481 exemplar
583 2446 724 2482 egregium
739 2448 789 2475 toti
812 2449 994 2476 contubernio

205 2488 266 2515 sitis
283 2496 369 2521 sane,
391 2489 524 2523 obsecro,
552 2490 670 2524 fratres,
695 2491 831 2526 siquidem
851 2492 929 2520 abest
943 2493 995 2520 mi-

205 2534 311 2562 nimum
337 2535 402 2570 quin
418 2535 530 2571 jamjam
556 2537 665 2564 veniam
683 2537 832 2564 adventans
845 2557 852 2571 ,
873 2537 996 2572 nihilque

204 2585 360 2614 cunctetur,
379 2590 507 2617 supremo
522 2582 682 2610 imminente
701 2582 746 2610 die
756 2590 811 2617 quo
833 2582 994 2610 intenebris

207 2632 363 2662 perpetrata
379 2629 518 2663 pateﬁant,
536 2629 676 2664 animique
693 2627 809 2656 consilia
824 2632 992 2663 retegantur,

241 2724 264 2742 “
283 2725 371 2754 Galat.
391 2734 427 2760 II,
449 2725 494 2752 20.

1047 2223 1086 2248 dit
1098 2222 1121 2238 ’⁸⁸
1138 2231 1145 2249 :
1162 2226 1192 2249 ut
1207 2229 1261 2249 non
1275 2229 1336 2249 mea
1356 2222 1453 2253 solius,
1470 2222 1536 2256 quin
1556 2225 1648 2248 vestra
1665 2221 1789 2248 omnium
1804 2222 1840 2248 sit

1047 2268 1162 2299 functio,
1180 2275 1228 2295 seu
1247 2267 1338 2302 potius
1356 2267 1414 2301 Dei,
1426 2267 1460 2294 ab
1476 2275 1532 2302 quo
1549 2273 1647 2294 cuncta
1664 2267 1691 2294 in
1710 2268 1840 2294 homines

1048 2318 1120 2340 recte
1135 2312 1208 2339 facta
1223 2316 1345 2339 manant.
1363 2312 1456 2347 itaque
1468 2333 1476 2346 ,
1492 2315 1634 2345 cohortor,
1648 2314 1720 2348 quod
1737 2314 1840 2348 cuique

1049 2357 1145 2392 obtigit
1167 2364 1265 2384 munus
1285 2357 1319 2383 ad
1333 2357 1469 2391 publicam
1490 2357 1597 2393 frugem
1611 2363 1732 2393 urgetote
1745 2377 1753 2390 ,
1776 2359 1840 2385 ani-

1050 2403 1142 2438 mique
1158 2403 1327 2430 domicilium
1343 2403 1400 2431 Deo
1413 2407 1618 2436 construuntur,
1635 2411 1700 2431 nam
1711 2405 1837 2439 Apostoli

1045 2449 1102 2476 haec
1135 2449 1269 2476 sententia
1299 2453 1362 2481 est,
1398 2448 1427 2476 Si
1454 2450 1512 2484 quis
1537 2450 1733 2484 superadiﬁcat
1757 2459 1838 2485 super

1044 2494 1245 2528 fundamentum
1267 2494 1315 2521 Itoc
1341 2502 1446 2527 aurum,
1473 2501 1628 2530 argentum,
1652 2496 1754 2530 lapides
1774 2505 1837 2530 pre-

1044 2540 1123 2566 tiosos
1134 2558 1141 2570 ,
1159 2539 1242 2573 ligna,
1259 2540 1347 2574 fenum
1359 2559 1366 2571 ,
1382 2540 1508 2573 stipulam
1521 2560 1528 2572 ,
1550 2541 1757 2576 uniuscujusque
1771 2549 1837 2576 opus

1045 2585 1215 2619 manifestum
1231 2586 1281 2611 erit
1294 2593 1301 2617 ;
1315 2586 1370 2612 dies
1381 2586 1449 2612 enim
1460 2586 1617 2619 declarabit,
1635 2587 1718 2621 (quia
1736 2588 1764 2614 in
1777 2588 1838 2622 igne

1045 2628 1197 2664 reuelatur)
1226 2634 1250 2656 et
1278 2630 1484 2665 uniuscujusque
1514 2638 1577 2665 opus
1608 2632 1686 2667 quale
1703 2632 1738 2660 sit
1766 2633 1838 2667 ignis

542 2726 565 2741 “
585 2725 605 2752 ll
623 2725 693 2754 Cor.
718 2733 767 2758 tn,
794 2726 837 2754 l8.
876 2726 899 2742 “
916 2726 993 2754 Rom.

1049 2735 1075 2758 v,
1093 2726 1138 2754 25.
1176 2727 1198 2743 ⁵⁸
1216 2726 1296 2756 Rom.
1315 2735 1344 2762 ιι,
1361 2728 1387 2756 8.
1427 2730 1449 2745 ⁸⁸
1469 2729 1477 2756 l
1496 2730 1559 2758 Cor.
1573 2738 1616 2763 tu,
1630 2730 1657 2758 6.

242 2807 300 2843 (εδ)
321 2807 384 2836 Haec
403 2808 431 2835 in
457 2813 550 2836 nostro
576 2808 646 2835 finde
676 2809 798 2836 mutilata
827 2814 914 2842 erant,
931 2817 990 2844 qua:
1008 2810 1034 2837 in
1057 2809 1117 2837 Vat.
1133 2809 1236 2846 integra
1257 2809 1367 2838 oﬂ‘cndi.
