  <div class='ocr_page' id='page_1' title='image "/cluster/home/n/w/nwhite01/storage/ocr_20150623/99/njp.32101010943858/342.png"; bbox 0 0 1921 3073; ppageno 0'>
   <div class='ocr_carea' id='block_1_1' title="bbox 53 127 113 159">
    <p class='ocr_par' dir='ltr' id='par_1_1' title="bbox 53 127 113 159">
     <span class='ocr_line' id='line_1_1' title="bbox 53 127 113 159; baseline 0.033 -2"><span class='ocrx_word' id='word_1_1' title='bbox 53 127 113 159; x_wconf 70' lang='grc'>645</span> 
     </span>
    </p>
   </div>
   <div class='ocr_carea' id='block_1_2' title="bbox 51 179 847 216">
    <p class='ocr_par' dir='ltr' id='par_1_2' title="bbox 51 179 847 216">
     <span class='ocr_line' id='line_1_2' title="bbox 51 179 847 216; baseline -0.003 -8"><span class='ocrx_word' id='word_1_2' title='bbox 51 181 178 216; x_wconf 77' lang='lat' dir='ltr'><strong>probabit</strong></span> <span class='ocrx_word' id='word_1_3' title='bbox 190 180 224 206; x_wconf 82' lang='lat'><strong>&quot;.</strong></span> <span class='ocrx_word' id='word_1_4' title='bbox 241 179 342 206; x_wconf 72' lang='lat' dir='ltr'><strong>Obsert</strong></span> <span class='ocrx_word' id='word_1_5' title='bbox 349 186 428 207; x_wconf 88' lang='lat' dir='ltr'><strong>emus</strong></span> <span class='ocrx_word' id='word_1_6' title='bbox 439 179 503 214; x_wconf 89' lang='lat' dir='ltr'><strong>quid</strong></span> <span class='ocrx_word' id='word_1_7' title='bbox 516 179 600 211; x_wconf 95' lang='lat' dir='ltr'><strong>dicat,</strong></span> <span class='ocrx_word' id='word_1_8' title='bbox 617 179 847 214; x_wconf 85' lang='lat' dir='ltr'><strong>quemadmodum</strong></span> 
     </span>
    </p>
   </div>
   <div class='ocr_carea' id='block_1_3' title="bbox 50 225 848 260">
    <p class='ocr_par' dir='ltr' id='par_1_3' title="bbox 50 225 848 260">
     <span class='ocr_line' id='line_1_3' title="bbox 50 225 848 260; baseline -0.004 -5"><span class='ocrx_word' id='word_1_9' title='bbox 50 235 124 255; x_wconf 88' lang='lat' dir='ltr'><strong>auro</strong></span> <span class='ocrx_word' id='word_1_10' title='bbox 138 247 147 258; x_wconf 86' lang='lat'><strong>,</strong></span> <span class='ocrx_word' id='word_1_11' title='bbox 166 229 298 260; x_wconf 84' lang='lat' dir='ltr'><strong>argento,</strong></span> <span class='ocrx_word' id='word_1_12' title='bbox 323 225 458 260; x_wconf 84' lang='lat' dir='ltr'><strong>lapidibus</strong></span> <span class='ocrx_word' id='word_1_13' title='bbox 483 226 610 260; x_wconf 88' lang='lat' dir='ltr'><strong>pretiosis</strong></span> <span class='ocrx_word' id='word_1_14' title='bbox 629 225 757 253; x_wconf 76' lang='lat' dir='ltr'><strong>virtutem</strong></span> <span class='ocrx_word' id='word_1_15' title='bbox 772 233 848 253; x_wconf 78' lang='lat' dir='ltr'><strong>eom-</strong></span> 
     </span>
    </p>
   </div>
   <div class='ocr_carea' id='block_1_4' title="bbox 52 269 849 307">
    <p class='ocr_par' dir='ltr' id='par_1_4' title="bbox 52 269 849 307">
     <span class='ocr_line' id='line_1_4' title="bbox 52 269 849 307; baseline -0.001 -9"><span class='ocrx_word' id='word_1_16' title='bbox 52 276 135 307; x_wconf 79' lang='lat' dir='ltr'><strong>paret</strong></span> <span class='ocrx_word' id='word_1_17' title='bbox 151 271 249 298; x_wconf 88' lang='lat' dir='ltr'><strong>vitium</strong></span> <span class='ocrx_word' id='word_1_18' title='bbox 261 290 270 302; x_wconf 89' lang='lat'><strong>,</strong></span> <span class='ocrx_word' id='word_1_19' title='bbox 286 270 385 304; x_wconf 76' lang='lat' dir='ltr'><strong>lignis,</strong></span> <span class='ocrx_word' id='word_1_20' title='bbox 408 269 490 302; x_wconf 73' lang='lat' dir='ltr'><strong>feno,</strong></span> <span class='ocrx_word' id='word_1_21' title='bbox 507 270 607 305; x_wconf 91' lang='lat' dir='ltr'><strong>stipula</strong></span> <span class='ocrx_word' id='word_1_22' title='bbox 619 288 627 302; x_wconf 92' lang='lat'><strong>,</strong></span> <span class='ocrx_word' id='word_1_23' title='bbox 643 270 744 304; x_wconf 91' lang='lat' dir='ltr'><strong>quibus</strong></span> <span class='ocrx_word' id='word_1_24' title='bbox 755 270 849 304; x_wconf 84' lang='lat' dir='ltr'><strong>judice</strong></span> 
     </span>
    </p>
   </div>
   <div class='ocr_carea' id='block_1_5' title="bbox 51 315 848 352">
    <p class='ocr_par' dir='ltr' id='par_1_5' title="bbox 51 315 848 352">
     <span class='ocr_line' id='line_1_5' title="bbox 51 315 848 352; baseline -0.004 -7"><span class='ocrx_word' id='word_1_25' title='bbox 51 317 111 352; x_wconf 82' lang='lat' dir='ltr'><strong>igni</strong></span> <span class='ocrx_word' id='word_1_26' title='bbox 120 316 310 350; x_wconf 85' lang='lat' dir='ltr'><strong>explorandis,</strong></span> <span class='ocrx_word' id='word_1_27' title='bbox 323 320 415 343; x_wconf 86' lang='lat' dir='ltr'><strong>tenera</strong></span> <span class='ocrx_word' id='word_1_28' title='bbox 426 315 643 351; x_wconf 75' lang='lat' dir='ltr'><strong>conﬂagrabunt,</strong></span> <span class='ocrx_word' id='word_1_29' title='bbox 654 315 848 349; x_wconf 75' lang='lat' dir='ltr'><strong>superstitibus</strong></span> 
     </span>
    </p>
   </div>
   <div class='ocr_carea' id='block_1_6' title="bbox 50 360 847 395">
    <p class='ocr_par' dir='ltr' id='par_1_6' title="bbox 50 360 847 395">
     <span class='ocr_line' id='line_1_6' title="bbox 50 360 847 395; baseline -0.001 -8"><span class='ocrx_word' id='word_1_30' title='bbox 50 363 140 389; x_wconf 69' lang='lat' dir='ltr'><strong>duris.</strong></span> <span class='ocrx_word' id='word_1_31' title='bbox 157 362 198 388; x_wconf 83' lang='lat' dir='ltr'><strong>Ac</strong></span> <span class='ocrx_word' id='word_1_32' title='bbox 207 360 403 388; x_wconf 66' lang='lat' dir='ltr'><strong>terribiliorem</strong></span> <span class='ocrx_word' id='word_1_33' title='bbox 418 368 582 395; x_wconf 85' lang='lat' dir='ltr'><strong>comparans</strong></span> <span class='ocrx_word' id='word_1_34' title='bbox 591 367 756 392; x_wconf 85' lang='lat' dir='ltr'><strong>sermonem,</strong></span> <span class='ocrx_word' id='word_1_35' title='bbox 772 360 847 387; x_wconf 83' lang='lat' dir='ltr'><strong>addit</strong></span> 
     </span>
    </p>
   </div>
   <div class='ocr_carea' id='block_1_7' title="bbox 50 405 846 440">
    <p class='ocr_par' dir='ltr' id='par_1_7' title="bbox 50 405 846 440">
     <span class='ocr_line' id='line_1_7' title="bbox 50 405 846 440; baseline -0.004 -6"><span class='ocrx_word' id='word_1_36' title='bbox 50 408 78 434; x_wconf 93' lang='lat' dir='ltr'><strong>in</strong></span> <span class='ocrx_word' id='word_1_37' title='bbox 96 409 155 434; x_wconf 71' lang='lat' dir='ltr'><strong>haec</strong></span> <span class='ocrx_word' id='word_1_38' title='bbox 174 408 256 433; x_wconf 88' lang='lat' dir='ltr'><strong>verba</strong></span> <span class='ocrx_word' id='word_1_39' title='bbox 275 414 282 432; x_wconf 92' lang='lat'><strong>:</strong></span> <span class='ocrx_word' id='word_1_40' title='bbox 301 405 417 433; x_wconf 78' lang='lat' dir='ltr'><strong>Nescitis</strong></span> <span class='ocrx_word' id='word_1_41' title='bbox 439 407 502 440; x_wconf 77' lang='lat' dir='ltr'><strong>quia</strong></span> <span class='ocrx_word' id='word_1_42' title='bbox 521 405 649 440; x_wconf 81' lang='lat' dir='ltr'><strong>templum</strong></span> <span class='ocrx_word' id='word_1_43' title='bbox 671 405 719 432; x_wconf 86' lang='lat' dir='ltr'><strong>Dei</strong></span> <span class='ocrx_word' id='word_1_44' title='bbox 731 405 805 437; x_wconf 76' lang='lat' dir='ltr'><strong>estis,</strong></span> <span class='ocrx_word' id='word_1_45' title='bbox 821 410 846 432; x_wconf 85' lang='lat' dir='ltr'><strong>et</strong></span> 
     </span>
    </p>
   </div>
   <div class='ocr_carea' id='block_1_8' title="bbox 49 450 846 489">
    <p class='ocr_par' dir='ltr' id='par_1_8' title="bbox 49 450 846 489">
     <span class='ocr_line' id='line_1_8' title="bbox 49 450 846 489; baseline -0.006 -7"><span class='ocrx_word' id='word_1_46' title='bbox 49 455 170 489; x_wconf 72' lang='lat' dir='ltr'><strong>Spiritus</strong></span> <span class='ocrx_word' id='word_1_47' title='bbox 194 453 243 479; x_wconf 86' lang='lat' dir='ltr'><strong>Dei</strong></span> <span class='ocrx_word' id='word_1_48' title='bbox 256 453 359 478; x_wconf 77' lang='lat' dir='ltr'><strong>habitat</strong></span> <span class='ocrx_word' id='word_1_49' title='bbox 381 453 408 478; x_wconf 85' lang='lat' dir='ltr'><strong>in</strong></span> <span class='ocrx_word' id='word_1_50' title='bbox 427 452 508 478; x_wconf 77' lang='lat' dir='ltr'><strong>vobis.</strong></span> <span class='ocrx_word' id='word_1_51' title='bbox 524 451 624 486; x_wconf 77' lang='lat' dir='ltr'><strong>Siquis</strong></span> <span class='ocrx_word' id='word_1_52' title='bbox 647 450 774 486; x_wconf 84' lang='lat' dir='ltr'><strong>templum</strong></span> <span class='ocrx_word' id='word_1_53' title='bbox 797 451 846 477; x_wconf 84' lang='lat' dir='ltr'><strong>Dei</strong></span> 
     </span>
    </p>
   </div>
   <div class='ocr_carea' id='block_1_9' title="bbox 48 497 845 534">
    <p class='ocr_par' dir='ltr' id='par_1_9' title="bbox 48 497 845 534">
     <span class='ocr_line' id='line_1_9' title="bbox 48 497 845 534; baseline -0.004 -7"><span class='ocrx_word' id='word_1_54' title='bbox 48 501 205 531; x_wconf 75' lang='lat' dir='ltr'><strong>violaverit,</strong></span> <span class='ocrx_word' id='word_1_55' title='bbox 216 499 348 534; x_wconf 79' lang='lat' dir='ltr'><strong>disperdet</strong></span> <span class='ocrx_word' id='word_1_56' title='bbox 364 498 441 524; x_wconf 86' lang='lat' dir='ltr'><strong>illum</strong></span> <span class='ocrx_word' id='word_1_57' title='bbox 458 497 528 524; x_wconf 82' lang='lat' dir='ltr'><strong>Deus</strong></span> <span class='ocrx_word' id='word_1_58' title='bbox 545 505 554 524; x_wconf 95' lang='lat'><em>:</em></span> <span class='ocrx_word' id='word_1_59' title='bbox 572 499 697 532; x_wconf 81' lang='lat' dir='ltr'><strong>templum</strong></span> <span class='ocrx_word' id='word_1_60' title='bbox 712 498 782 524; x_wconf 85' lang='lat' dir='ltr'><strong>enim</strong></span> <span class='ocrx_word' id='word_1_61' title='bbox 797 497 845 524; x_wconf 81' lang='lat' dir='ltr'><strong>Dei</strong></span> 
     </span>
    </p>
   </div>
   <div class='ocr_carea' id='block_1_10' title="bbox 48 542 845 579">
    <p class='ocr_par' dir='ltr' id='par_1_10' title="bbox 48 542 845 579">
     <span class='ocr_line' id='line_1_10' title="bbox 48 542 845 579; baseline -0.005 -6"><span class='ocrx_word' id='word_1_62' title='bbox 48 550 176 573; x_wconf 80' lang='lat' dir='ltr'><strong>sanctum</strong></span> <span class='ocrx_word' id='word_1_63' title='bbox 189 549 246 576; x_wconf 82' lang='lat' dir='ltr'><strong>est,</strong></span> <span class='ocrx_word' id='word_1_64' title='bbox 264 545 310 579; x_wconf 79' lang='lat' dir='ltr'><strong>qui</strong></span> <span class='ocrx_word' id='word_1_65' title='bbox 329 544 393 570; x_wconf 82' lang='lat' dir='ltr'><strong>estis</strong></span> <span class='ocrx_word' id='word_1_66' title='bbox 408 551 452 570; x_wconf 78' lang='lat' dir='ltr'><strong>vos</strong></span> <span class='ocrx_word' id='word_1_67' title='bbox 465 543 499 570; x_wconf 75' lang='lat'><strong>“.</strong></span> <span class='ocrx_word' id='word_1_68' title='bbox 525 542 578 569; x_wconf 91' lang='lat' dir='ltr'><strong>Hui</strong></span> <span class='ocrx_word' id='word_1_69' title='bbox 595 543 756 570; x_wconf 85' lang='lat' dir='ltr'><strong>beneficium</strong></span> <span class='ocrx_word' id='word_1_70' title='bbox 767 563 775 575; x_wconf 93' lang='lat'><strong>,</strong></span> <span class='ocrx_word' id='word_1_71' title='bbox 799 542 845 570; x_wconf 90' lang='lat' dir='ltr'><strong>Dei</strong></span> 
     </span>
    </p>
   </div>
   <div class='ocr_carea' id='block_1_11' title="bbox 49 587 845 626">
    <p class='ocr_par' dir='ltr' id='par_1_11' title="bbox 49 587 845 626">
     <span class='ocr_line' id='line_1_11' title="bbox 49 587 845 626; baseline -0.005 -7"><span class='ocrx_word' id='word_1_72' title='bbox 49 599 103 619; x_wconf 74' lang='lat' dir='ltr'><strong>nos</strong></span> <span class='ocrx_word' id='word_1_73' title='bbox 119 591 250 626; x_wconf 78' lang='lat' dir='ltr'><strong>templum</strong></span> <span class='ocrx_word' id='word_1_74' title='bbox 271 590 408 618; x_wconf 91' lang='lat' dir='ltr'><strong>nominari</strong></span> <span class='ocrx_word' id='word_1_75' title='bbox 422 590 428 616; x_wconf 88' lang='lat'>!</span> <span class='ocrx_word' id='word_1_76' title='bbox 454 589 500 615; x_wconf 86' lang='lat' dir='ltr'><strong>hui</strong></span> <span class='ocrx_word' id='word_1_77' title='bbox 519 588 608 615; x_wconf 77' lang='lat' dir='ltr'><strong>minas</strong></span> <span class='ocrx_word' id='word_1_78' title='bbox 620 608 627 620; x_wconf 90' lang='lat'><strong>,</strong></span> <span class='ocrx_word' id='word_1_79' title='bbox 648 587 695 623; x_wconf 91' lang='lat' dir='ltr'><strong>qui</strong></span> <span class='ocrx_word' id='word_1_80' title='bbox 711 587 758 615; x_wconf 85' lang='lat' dir='ltr'><strong>Dei</strong></span> <span class='ocrx_word' id='word_1_81' title='bbox 775 592 845 616; x_wconf 87' lang='lat' dir='ltr'><strong>tem-</strong></span> 
     </span>
    </p>
   </div>
   <div class='ocr_carea' id='block_1_12' title="bbox 47 633 843 672">
    <p class='ocr_par' dir='ltr' id='par_1_12' title="bbox 47 633 843 672">
     <span class='ocr_line' id='line_1_12' title="bbox 47 633 843 672; baseline -0.004 -9"><span class='ocrx_word' id='word_1_82' title='bbox 47 638 126 672; x_wconf 88' lang='lat' dir='ltr'><strong>plum</strong></span> <span class='ocrx_word' id='word_1_83' title='bbox 163 642 386 670; x_wconf 86' lang='lat' dir='ltr'><strong>corrumpamus,</strong></span> <span class='ocrx_word' id='word_1_84' title='bbox 417 638 579 669; x_wconf 87' lang='lat' dir='ltr'><strong>corruptum</strong></span> <span class='ocrx_word' id='word_1_85' title='bbox 612 633 645 660; x_wconf 90' lang='lat' dir='ltr'><strong>iri</strong></span> <span class='ocrx_word' id='word_1_86' title='bbox 684 633 843 661; x_wconf 88' lang='lat' dir='ltr'><strong>divinitus:</strong></span> 
     </span>
    </p>
   </div>
   <div class='ocr_carea' id='block_1_13' title="bbox 47 677 843 717">
    <p class='ocr_par' dir='ltr' id='par_1_13' title="bbox 47 677 843 717">
     <span class='ocr_line' id='line_1_13' title="bbox 47 677 843 717; baseline -0.005 -8"><span class='ocrx_word' id='word_1_87' title='bbox 47 682 232 717; x_wconf 85' lang='lat' dir='ltr'><strong>quamobrem</strong></span> <span class='ocrx_word' id='word_1_88' title='bbox 244 689 279 708; x_wconf 89' lang='lat' dir='ltr'><strong>ne</strong></span> <span class='ocrx_word' id='word_1_89' title='bbox 292 680 339 708; x_wconf 88' lang='lat' dir='ltr'><strong>Dei</strong></span> <span class='ocrx_word' id='word_1_90' title='bbox 359 679 489 714; x_wconf 86' lang='lat' dir='ltr'><strong>templum</strong></span> <span class='ocrx_word' id='word_1_91' title='bbox 502 686 719 714; x_wconf 84' lang='lat' dir='ltr'><strong>corrumpamus,</strong></span> <span class='ocrx_word' id='word_1_92' title='bbox 733 677 843 711; x_wconf 85' lang='lat' dir='ltr'><strong>fratres,</strong></span> 
     </span>
    </p>
   </div>
   <div class='ocr_carea' id='block_1_14' title="bbox 47 723 844 761">
    <p class='ocr_par' dir='ltr' id='par_1_14' title="bbox 47 723 844 761">
     <span class='ocr_line' id='line_1_14' title="bbox 47 723 844 761; baseline -0.005 -7"><span class='ocrx_word' id='word_1_93' title='bbox 47 736 102 754; x_wconf 85' lang='lat' dir='ltr'><strong>neu</strong></span> <span class='ocrx_word' id='word_1_94' title='bbox 133 727 270 761; x_wconf 88' lang='lat' dir='ltr'><strong>Spiritum</strong></span> <span class='ocrx_word' id='word_1_95' title='bbox 294 725 426 753; x_wconf 86' lang='lat' dir='ltr'><strong>habentes</strong></span> <span class='ocrx_word' id='word_1_96' title='bbox 441 725 624 752; x_wconf 89' lang='lat' dir='ltr'><strong>domesticum</strong></span> <span class='ocrx_word' id='word_1_97' title='bbox 642 723 775 751; x_wconf 87' lang='lat' dir='ltr'><strong>scelerum</strong></span> <span class='ocrx_word' id='word_1_98' title='bbox 795 723 844 750; x_wconf 86' lang='lat' dir='ltr'><strong>do-</strong></span> 
     </span>
    </p>
   </div>
   <div class='ocr_carea' id='block_1_15' title="bbox 47 767 842 802">
    <p class='ocr_par' dir='ltr' id='par_1_15' title="bbox 47 767 842 802">
     <span class='ocr_line' id='line_1_15' title="bbox 47 767 842 802; baseline -0.005 -4"><span class='ocrx_word' id='word_1_99' title='bbox 47 772 188 798; x_wconf 87' lang='lat' dir='ltr'><strong>micilium</strong></span> <span class='ocrx_word' id='word_1_100' title='bbox 202 771 312 802; x_wconf 84' lang='lat' dir='ltr'><strong>fiamus,</strong></span> <span class='ocrx_word' id='word_1_101' title='bbox 328 778 380 796; x_wconf 88' lang='lat' dir='ltr'><strong>neu</strong></span> <span class='ocrx_word' id='word_1_102' title='bbox 392 777 407 796; x_wconf 93' lang='lat' dir='ltr'><strong>a</strong></span> <span class='ocrx_word' id='word_1_103' title='bbox 420 769 495 796; x_wconf 84' lang='lat' dir='ltr'><strong>vitiis</strong></span> <span class='ocrx_word' id='word_1_104' title='bbox 505 768 604 796; x_wconf 81' lang='lat' dir='ltr'><strong>asserti</strong></span> <span class='ocrx_word' id='word_1_105' title='bbox 616 769 714 795; x_wconf 84' lang='lat' dir='ltr'><strong>iterum</strong></span> <span class='ocrx_word' id='word_1_106' title='bbox 732 767 842 795; x_wconf 80' lang='lat' dir='ltr'><strong>diabolo</strong></span> 
     </span>
    </p>
   </div>
   <div class='ocr_carea' id='block_1_16' title="bbox 46 815 843 850">
    <p class='ocr_par' dir='ltr' id='par_1_16' title="bbox 46 815 843 850">
     <span class='ocr_line' id='line_1_16' title="bbox 46 815 843 850; baseline -0.004 -5"><span class='ocrx_word' id='word_1_107' title='bbox 46 818 211 845; x_wconf 80' lang='lat' dir='ltr'><strong>servitutem</strong></span> <span class='ocrx_word' id='word_1_108' title='bbox 233 817 390 844; x_wconf 80' lang='lat' dir='ltr'><strong>serviamus</strong></span> <span class='ocrx_word' id='word_1_109' title='bbox 402 836 408 848; x_wconf 88' lang='lat'><strong>,</strong></span> <span class='ocrx_word' id='word_1_110' title='bbox 427 815 494 850; x_wconf 88' lang='lat' dir='ltr'><strong>quin</strong></span> <span class='ocrx_word' id='word_1_111' title='bbox 508 820 605 843; x_wconf 77' lang='lat' dir='ltr'><strong>stemus</strong></span> <span class='ocrx_word' id='word_1_112' title='bbox 619 815 716 842; x_wconf 76' lang='lat' dir='ltr'><strong>sinceri</strong></span> <span class='ocrx_word' id='word_1_113' title='bbox 725 834 733 847; x_wconf 94' lang='lat'><strong>,</strong></span> <span class='ocrx_word' id='word_1_114' title='bbox 747 819 773 842; x_wconf 85' lang='lat' dir='ltr'><strong>et</strong></span> <span class='ocrx_word' id='word_1_115' title='bbox 786 815 843 842; x_wconf 86' lang='lat' dir='ltr'><strong>sine</strong></span> 
     </span>
    </p>
   </div>
   <div class='ocr_carea' id='block_1_17' title="bbox 46 859 843 896">
    <p class='ocr_par' dir='ltr' id='par_1_17' title="bbox 46 859 843 896">
     <span class='ocr_line' id='line_1_17' title="bbox 46 859 843 896; baseline 0 -8"><span class='ocrx_word' id='word_1_116' title='bbox 46 863 150 896; x_wconf 67' lang='lat' dir='ltr'><strong>oﬁ&#39;esua</strong></span> <span class='ocrx_word' id='word_1_117' title='bbox 161 881 170 894; x_wconf 88' lang='lat'><strong>,</strong></span> <span class='ocrx_word' id='word_1_118' title='bbox 198 861 289 896; x_wconf 81' lang='lat' dir='ltr'><strong>repleti</strong></span> <span class='ocrx_word' id='word_1_119' title='bbox 305 860 435 895; x_wconf 76' lang='lat' dir='ltr'><strong>fructibus</strong></span> <span class='ocrx_word' id='word_1_120' title='bbox 447 860 562 895; x_wconf 73' lang='lat' dir='ltr'><strong>justitite</strong></span> <span class='ocrx_word' id='word_1_121' title='bbox 575 868 621 894; x_wconf 78' lang='lat' dir='ltr'><strong>per</strong></span> <span class='ocrx_word' id='word_1_122' title='bbox 640 859 732 887; x_wconf 69' lang='lat' dir='ltr'><strong>Iesum</strong></span> <span class='ocrx_word' id='word_1_123' title='bbox 751 859 843 888; x_wconf 75' lang='lat' dir='ltr'><strong>Chris-</strong></span> 
     </span>
    </p>
   </div>
   <div class='ocr_carea' id='block_1_18' title="bbox 47 905 842 942">
    <p class='ocr_par' dir='ltr' id='par_1_18' title="bbox 47 905 842 942">
     <span class='ocr_line' id='line_1_18' title="bbox 47 905 842 942; baseline -0.003 -8"><span class='ocrx_word' id='word_1_124' title='bbox 47 914 103 934; x_wconf 80' lang='lat' dir='ltr'><strong>tum</strong></span> <span class='ocrx_word' id='word_1_125' title='bbox 123 910 153 934; x_wconf 84' lang='lat' dir='ltr'><strong>in</strong></span> <span class='ocrx_word' id='word_1_126' title='bbox 180 907 296 942; x_wconf 78' lang='lat' dir='ltr'><strong>gloriam</strong></span> <span class='ocrx_word' id='word_1_127' title='bbox 318 911 342 933; x_wconf 87' lang='lat' dir='ltr'><strong>et</strong></span> <span class='ocrx_word' id='word_1_128' title='bbox 365 905 472 932; x_wconf 80' lang='lat' dir='ltr'><strong>laudem</strong></span> <span class='ocrx_word' id='word_1_129' title='bbox 491 905 544 932; x_wconf 82' lang='lat' dir='ltr'><strong>Dei</strong></span> <span class='ocrx_word' id='word_1_130' title='bbox 551 906 591 938; x_wconf 73' lang='grc' dir='ltr'><strong>δ’,</strong></span> <span class='ocrx_word' id='word_1_131' title='bbox 611 905 842 940; x_wconf 85' lang='lat' dir='ltr'><strong>quemadmodum</strong></span> 
     </span>
    </p>
   </div>
   <div class='ocr_carea' id='block_1_19' title="bbox 46 950 842 987">
    <p class='ocr_par' dir='ltr' id='par_1_19' title="bbox 46 950 842 987">
     <span class='ocr_line' id='line_1_19' title="bbox 46 950 842 987; baseline -0.001 -8"><span class='ocrx_word' id='word_1_132' title='bbox 46 953 184 987; x_wconf 63' lang='lat' dir='ltr'><strong>scriptum</strong></span> <span class='ocrx_word' id='word_1_133' title='bbox 203 957 255 980; x_wconf 88' lang='lat' dir='ltr'><strong>est.</strong></span> <span class='ocrx_word' id='word_1_134' title='bbox 273 951 358 986; x_wconf 79' lang='lat' dir='ltr'><strong>igitur</strong></span> <span class='ocrx_word' id='word_1_135' title='bbox 371 951 407 978; x_wconf 88' lang='lat' dir='ltr'><strong>sit</strong></span> <span class='ocrx_word' id='word_1_136' title='bbox 420 950 529 978; x_wconf 91' lang='lat' dir='ltr'><strong>animus</strong></span> <span class='ocrx_word' id='word_1_137' title='bbox 541 955 636 978; x_wconf 91' lang='lat' dir='ltr'><strong>noster</strong></span> <span class='ocrx_word' id='word_1_138' title='bbox 645 951 710 985; x_wconf 91' lang='lat' dir='ltr'><strong>vigil</strong></span> <span class='ocrx_word' id='word_1_139' title='bbox 724 959 842 985; x_wconf 89' lang='lat' dir='ltr'><strong>semper,</strong></span> 
     </span>
    </p>
   </div>
   <div class='ocr_carea' id='block_1_20' title="bbox 44 996 842 1031">
    <p class='ocr_par' dir='ltr' id='par_1_20' title="bbox 44 996 842 1031">
     <span class='ocr_line' id='line_1_20' title="bbox 44 996 842 1031; baseline -0.001 -7"><span class='ocrx_word' id='word_1_140' title='bbox 44 1006 76 1024; x_wconf 82' lang='lat' dir='ltr'><strong>ac</strong></span> <span class='ocrx_word' id='word_1_141' title='bbox 91 1002 245 1025; x_wconf 87' lang='lat' dir='ltr'><strong>contentus</strong></span> <span class='ocrx_word' id='word_1_142' title='bbox 258 1017 265 1029; x_wconf 95' lang='lat'><strong>,</strong></span> <span class='ocrx_word' id='word_1_143' title='bbox 277 996 324 1031; x_wconf 89' lang='lat' dir='ltr'><strong>qui</strong></span> <span class='ocrx_word' id='word_1_144' title='bbox 341 996 440 1023; x_wconf 82' lang='lat' dir='ltr'><strong>timore</strong></span> <span class='ocrx_word' id='word_1_145' title='bbox 456 996 560 1028; x_wconf 91' lang='lat' dir='ltr'><strong>divino,</strong></span> <span class='ocrx_word' id='word_1_146' title='bbox 576 1001 603 1023; x_wconf 89' lang='lat' dir='ltr'><strong>et</strong></span> <span class='ocrx_word' id='word_1_147' title='bbox 616 997 726 1024; x_wconf 84' lang='lat' dir='ltr'><strong>assidua</strong></span> <span class='ocrx_word' id='word_1_148' title='bbox 744 997 842 1024; x_wconf 86' lang='lat' dir='ltr'><strong>mortis</strong></span> 
     </span>
    </p>
   </div>
   <div class='ocr_carea' id='block_1_21' title="bbox 44 1042 841 1074">
    <p class='ocr_par' dir='ltr' id='par_1_21' title="bbox 44 1042 841 1074">
     <span class='ocr_line' id='line_1_21' title="bbox 44 1042 841 1074; baseline -0.004 -3"><span class='ocrx_word' id='word_1_149' title='bbox 44 1043 252 1071; x_wconf 77' lang='lat' dir='ltr'><strong>deformatione</strong></span> <span class='ocrx_word' id='word_1_150' title='bbox 266 1043 415 1073; x_wconf 87' lang='lat' dir='ltr'><strong>imbuatur.</strong></span> <span class='ocrx_word' id='word_1_151' title='bbox 428 1042 475 1069; x_wconf 85' lang='lat' dir='ltr'><strong>ubi</strong></span> <span class='ocrx_word' id='word_1_152' title='bbox 495 1042 518 1068; x_wconf 89' lang='lat' dir='ltr'><strong>is</strong></span> <span class='ocrx_word' id='word_1_153' title='bbox 532 1042 605 1069; x_wconf 89' lang='lat' dir='ltr'><strong>enim</strong></span> <span class='ocrx_word' id='word_1_154' title='bbox 622 1043 738 1069; x_wconf 76' lang='lat' dir='ltr'><strong>olieatur</strong></span> <span class='ocrx_word' id='word_1_155' title='bbox 753 1042 841 1074; x_wconf 84' lang='lat' dir='ltr'><strong>labor,</strong></span> 
     </span>
    </p>
   </div>
   <div class='ocr_carea' id='block_1_22' title="bbox 44 1085 843 1121">
    <p class='ocr_par' dir='ltr' id='par_1_22' title="bbox 44 1085 843 1121">
     <span class='ocr_line' id='line_1_22' title="bbox 44 1085 843 1121; baseline -0.001 -6"><span class='ocrx_word' id='word_1_156' title='bbox 44 1087 186 1115; x_wconf 85' lang='lat' dir='ltr'><strong>subeundi</strong></span> <span class='ocrx_word' id='word_1_157' title='bbox 199 1087 290 1114; x_wconf 90' lang='lat' dir='ltr'><strong>locum</strong></span> <span class='ocrx_word' id='word_1_158' title='bbox 303 1091 445 1121; x_wconf 86' lang='lat' dir='ltr'><strong>peccatum</strong></span> <span class='ocrx_word' id='word_1_159' title='bbox 458 1086 557 1113; x_wconf 79' lang='lat' dir='ltr'><strong>habeat</strong></span> <span class='ocrx_word' id='word_1_160' title='bbox 571 1086 687 1113; x_wconf 91' lang='lat' dir='ltr'><strong>nullum.</strong></span> <span class='ocrx_word' id='word_1_161' title='bbox 698 1085 746 1113; x_wconf 87' lang='lat' dir='ltr'><strong>Sin</strong></span> <span class='ocrx_word' id='word_1_162' title='bbox 767 1094 843 1114; x_wconf 87' lang='lat' dir='ltr'><strong>reses</strong></span> 
     </span>
    </p>
   </div>
   <div class='ocr_carea' id='block_1_23' title="bbox 44 1131 841 1168">
    <p class='ocr_par' dir='ltr' id='par_1_23' title="bbox 44 1131 841 1168">
     <span class='ocr_line' id='line_1_23' title="bbox 44 1131 841 1168; baseline 0 -8"><span class='ocrx_word' id='word_1_163' title='bbox 44 1134 215 1168; x_wconf 82' lang='lat' dir='ltr'><strong>stupidaque</strong></span> <span class='ocrx_word' id='word_1_164' title='bbox 233 1140 311 1160; x_wconf 87' lang='lat' dir='ltr'><strong>mens</strong></span> <span class='ocrx_word' id='word_1_165' title='bbox 327 1132 380 1165; x_wconf 87' lang='lat' dir='ltr'><strong>sit;</strong></span> <span class='ocrx_word' id='word_1_166' title='bbox 395 1136 453 1159; x_wconf 93' lang='lat' dir='ltr'><strong>tum</strong></span> <span class='ocrx_word' id='word_1_167' title='bbox 472 1139 538 1159; x_wconf 90' lang='lat' dir='ltr'><strong>vero</strong></span> <span class='ocrx_word' id='word_1_168' title='bbox 552 1131 727 1159; x_wconf 82' lang='lat' dir='ltr'><strong>subolescere</strong></span> <span class='ocrx_word' id='word_1_169' title='bbox 746 1132 841 1164; x_wconf 88' lang='lat' dir='ltr'><strong>libido,</strong></span> 
     </span>
    </p>
   </div>
   <div class='ocr_carea' id='block_1_24' title="bbox 44 1177 843 1214">
    <p class='ocr_par' dir='ltr' id='par_1_24' title="bbox 44 1177 843 1214">
     <span class='ocr_line' id='line_1_24' title="bbox 44 1177 843 1214; baseline -0.001 -8"><span class='ocrx_word' id='word_1_170' title='bbox 44 1187 107 1214; x_wconf 68' lang='lat' dir='ltr'><strong>quae</strong></span> <span class='ocrx_word' id='word_1_171' title='bbox 120 1187 176 1206; x_wconf 87' lang='lat' dir='ltr'><strong>nos</strong></span> <span class='ocrx_word' id='word_1_172' title='bbox 189 1179 284 1206; x_wconf 85' lang='lat' dir='ltr'><strong>incitet</strong></span> <span class='ocrx_word' id='word_1_173' title='bbox 300 1185 333 1206; x_wconf 90' lang='lat' dir='ltr'><strong>ac</strong></span> <span class='ocrx_word' id='word_1_174' title='bbox 352 1179 497 1205; x_wconf 85' lang='lat' dir='ltr'><strong>conturbet</strong></span> <span class='ocrx_word' id='word_1_175' title='bbox 509 1197 516 1209; x_wconf 89' lang='lat'><strong>,</strong></span> <span class='ocrx_word' id='word_1_176' title='bbox 531 1177 700 1213; x_wconf 88' lang='lat' dir='ltr'><strong>minimeque</strong></span> <span class='ocrx_word' id='word_1_177' title='bbox 713 1177 843 1210; x_wconf 89' lang='lat' dir='ltr'><strong>dimittat,</strong></span> 
     </span>
    </p>
   </div>
   <div class='ocr_carea' id='block_1_25' title="bbox 43 1224 844 1261">
    <p class='ocr_par' dir='ltr' id='par_1_25' title="bbox 43 1224 844 1261">
     <span class='ocr_line' id='line_1_25' title="bbox 43 1224 844 1261; baseline -0.001 -8"><span class='ocrx_word' id='word_1_178' title='bbox 43 1228 111 1254; x_wconf 91' lang='lat' dir='ltr'><strong>dum</strong></span> <span class='ocrx_word' id='word_1_179' title='bbox 130 1227 158 1254; x_wconf 91' lang='lat' dir='ltr'><strong>iu</strong></span> <span class='ocrx_word' id='word_1_180' title='bbox 177 1227 297 1261; x_wconf 88' lang='lat' dir='ltr'><strong>priorem</strong></span> <span class='ocrx_word' id='word_1_181' title='bbox 309 1230 410 1253; x_wconf 87' lang='lat' dir='ltr'><strong>statum</strong></span> <span class='ocrx_word' id='word_1_182' title='bbox 427 1224 599 1260; x_wconf 86' lang='lat' dir='ltr'><strong>postliminio</strong></span> <span class='ocrx_word' id='word_1_183' title='bbox 611 1230 790 1252; x_wconf 85' lang='lat' dir='ltr'><strong>revertamur.</strong></span> <span class='ocrx_word' id='word_1_184' title='bbox 809 1224 844 1252; x_wconf 87' lang='lat' dir='ltr'><strong>Ut</strong></span> 
     </span>
    </p>
   </div>
   <div class='ocr_carea' id='block_1_26' title="bbox 45 1270 842 1306">
    <p class='ocr_par' dir='ltr' id='par_1_26' title="bbox 45 1270 842 1306">
     <span class='ocr_line' id='line_1_26' title="bbox 45 1270 842 1306; baseline -0.004 -6"><span class='ocrx_word' id='word_1_185' title='bbox 45 1273 225 1300; x_wconf 82' lang='lat' dir='ltr'><strong>inducendus</strong></span> <span class='ocrx_word' id='word_1_186' title='bbox 247 1273 283 1299; x_wconf 86' lang='lat' dir='ltr'><strong>sit</strong></span> <span class='ocrx_word' id='word_1_187' title='bbox 300 1271 410 1299; x_wconf 86' lang='lat' dir='ltr'><strong>animus</strong></span> <span class='ocrx_word' id='word_1_188' title='bbox 429 1271 476 1306; x_wconf 92' lang='lat' dir='ltr'><strong>qui</strong></span> <span class='ocrx_word' id='word_1_189' title='bbox 489 1278 537 1306; x_wconf 91' lang='lat' dir='ltr'><strong>pro</strong></span> <span class='ocrx_word' id='word_1_190' title='bbox 553 1270 652 1298; x_wconf 89' lang='lat' dir='ltr'><strong>virtute</strong></span> <span class='ocrx_word' id='word_1_191' title='bbox 666 1271 822 1298; x_wconf 85' lang='lat' dir='ltr'><strong>laboremus</strong></span> <span class='ocrx_word' id='word_1_192' title='bbox 834 1289 842 1302; x_wconf 92' lang='lat'><strong>,</strong></span> 
     </span>
    </p>
   </div>
   <div class='ocr_carea' id='block_1_27' title="bbox 44 1315 844 1351">
    <p class='ocr_par' dir='ltr' id='par_1_27' title="bbox 44 1315 844 1351">
     <span class='ocr_line' id='line_1_27' title="bbox 44 1315 844 1351; baseline -0.001 -7"><span class='ocrx_word' id='word_1_193' title='bbox 44 1326 101 1351; x_wconf 91' lang='lat' dir='ltr'><strong>quo</strong></span> <span class='ocrx_word' id='word_1_194' title='bbox 122 1318 209 1344; x_wconf 83' lang='lat' dir='ltr'><strong>vitam</strong></span> <span class='ocrx_word' id='word_1_195' title='bbox 222 1317 348 1343; x_wconf 88' lang='lat' dir='ltr'><strong>ineamus</strong></span> <span class='ocrx_word' id='word_1_196' title='bbox 364 1315 470 1343; x_wconf 78' lang='lat' dir='ltr'><strong>felicem</strong></span> <span class='ocrx_word' id='word_1_197' title='bbox 486 1315 606 1342; x_wconf 90' lang='lat' dir='ltr'><strong>nitamur</strong></span> <span class='ocrx_word' id='word_1_198' title='bbox 620 1323 670 1350; x_wconf 90' lang='lat' dir='ltr'><strong>pro</strong></span> <span class='ocrx_word' id='word_1_199' title='bbox 684 1315 768 1348; x_wconf 86' lang='lat' dir='ltr'><strong>bono,</strong></span> <span class='ocrx_word' id='word_1_200' title='bbox 787 1322 844 1350; x_wconf 83' lang='lat' dir='ltr'><strong>quo</strong></span> 
     </span>
    </p>
   </div>
   <div class='ocr_carea' id='block_1_28' title="bbox 44 1361 844 1399">
    <p class='ocr_par' dir='ltr' id='par_1_28' title="bbox 44 1361 844 1399">
     <span class='ocr_line' id='line_1_28' title="bbox 44 1361 844 1399; baseline -0.003 -9"><span class='ocrx_word' id='word_1_201' title='bbox 44 1363 164 1399; x_wconf 71' lang='lat' dir='ltr'><strong>perenni</strong></span> <span class='ocrx_word' id='word_1_202' title='bbox 183 1362 306 1397; x_wconf 82' lang='lat' dir='ltr'><strong>requiete</strong></span> <span class='ocrx_word' id='word_1_203' title='bbox 323 1362 473 1396; x_wconf 89' lang='lat' dir='ltr'><strong>poliamur;</strong></span> <span class='ocrx_word' id='word_1_204' title='bbox 490 1362 640 1396; x_wconf 85' lang='lat' dir='ltr'><strong>ploremus,</strong></span> <span class='ocrx_word' id='word_1_205' title='bbox 655 1369 711 1396; x_wconf 82' lang='lat' dir='ltr'><strong>quo</strong></span> <span class='ocrx_word' id='word_1_206' title='bbox 726 1361 844 1396; x_wconf 85' lang='lat' dir='ltr'><strong>gaudere</strong></span> 
     </span>
    </p>
   </div>
   <div class='ocr_carea' id='block_1_29' title="bbox 44 1405 843 1440">
    <p class='ocr_par' dir='ltr' id='par_1_29' title="bbox 44 1405 843 1440">
     <span class='ocr_line' id='line_1_29' title="bbox 44 1405 843 1440; baseline -0.003 -7"><span class='ocrx_word' id='word_1_207' title='bbox 44 1407 71 1434; x_wconf 87' lang='lat' dir='ltr'><strong>in</strong></span> <span class='ocrx_word' id='word_1_208' title='bbox 88 1406 211 1433; x_wconf 85' lang='lat' dir='ltr'><strong>Domino</strong></span> <span class='ocrx_word' id='word_1_209' title='bbox 229 1413 373 1440; x_wconf 80' lang='lat' dir='ltr'><strong>queamus;</strong></span> <span class='ocrx_word' id='word_1_210' title='bbox 390 1409 478 1436; x_wconf 86' lang='lat' dir='ltr'><strong>arcto,</strong></span> <span class='ocrx_word' id='word_1_211' title='bbox 493 1409 520 1432; x_wconf 90' lang='lat' dir='ltr'><strong>et</strong></span> <span class='ocrx_word' id='word_1_212' title='bbox 543 1405 643 1432; x_wconf 83' lang='lat' dir='ltr'><strong>amicto</strong></span> <span class='ocrx_word' id='word_1_213' title='bbox 655 1405 752 1432; x_wconf 88' lang='lat' dir='ltr'><strong>itinere</strong></span> <span class='ocrx_word' id='word_1_214' title='bbox 764 1412 843 1440; x_wconf 88' lang='lat' dir='ltr'><strong>gras-</strong></span> 
     </span>
    </p>
   </div>
   <div class='ocr_carea' id='block_1_30' title="bbox 650 126 1121 158">
    <p class='ocr_par' dir='ltr' id='par_1_30' title="bbox 650 126 1121 158">
     <span class='ocr_line' id='line_1_30' title="bbox 650 126 1121 158; baseline 0.004 -2"><span class='ocrx_word' id='word_1_215' title='bbox 650 126 693 156; x_wconf 89' lang='lat' dir='ltr'><strong>SE</strong></span> <span class='ocrx_word' id='word_1_216' title='bbox 699 126 804 156; x_wconf 78' lang='grc' dir='ltr'><strong>ΗΜΘΝ</strong></span> <span class='ocrx_word' id='word_1_217' title='bbox 808 127 830 157; x_wconf 83' lang='lat' dir='ltr'>E</span> <span class='ocrx_word' id='word_1_218' title='bbox 837 127 856 157; x_wconf 89' lang='lat' dir='ltr'>S</span> <span class='ocrx_word' id='word_1_219' title='bbox 873 126 1121 158; x_wconf 82' lang='lat' dir='ltr'><strong>CATECHETlCl</strong></span> 
     </span>
    </p>
   </div>
   <div class='ocr_carea' id='block_1_31' title="bbox 1634 133 1687 165">
    <p class='ocr_par' dir='ltr' id='par_1_31' title="bbox 1634 133 1687 165">
     <span class='ocr_line' id='line_1_31' title="bbox 1634 133 1687 165; baseline 0.019 -1"><span class='ocrx_word' id='word_1_220' title='bbox 1634 133 1687 165; x_wconf 72' lang='lat'><strong>646</strong></span> 
     </span>
    </p>
   </div>
   <div class='ocr_carea' id='block_1_32' title="bbox 901 179 1687 221">
    <p class='ocr_par' dir='ltr' id='par_1_32' title="bbox 901 179 1687 221">
     <span class='ocr_line' id='line_1_32' title="bbox 901 179 1687 221; baseline 0.011 -15"><span class='ocrx_word' id='word_1_221' title='bbox 901 179 1106 215; x_wconf 87' lang='lat' dir='ltr'><strong>demergeretur</strong></span> <span class='ocrx_word' id='word_1_222' title='bbox 1134 188 1242 216; x_wconf 87' lang='lat' dir='ltr'><strong>rogare,</strong></span> <span class='ocrx_word' id='word_1_223' title='bbox 1268 182 1341 217; x_wconf 85' lang='lat' dir='ltr'><strong>quod</strong></span> <span class='ocrx_word' id='word_1_224' title='bbox 1366 187 1394 211; x_wconf 91' lang='lat' dir='ltr'><strong>et</strong></span> <span class='ocrx_word' id='word_1_225' title='bbox 1417 191 1514 219; x_wconf 87' lang='lat' dir='ltr'><strong>passus</strong></span> <span class='ocrx_word' id='word_1_226' title='bbox 1538 185 1687 221; x_wconf 78' lang='lat' dir='ltr'><strong>aliquando</strong></span> 
     </span>
    </p>
   </div>
   <div class='ocr_carea' id='block_1_33' title="bbox 899 225 1688 266">
    <p class='ocr_par' dir='ltr' id='par_1_33' title="bbox 899 225 1688 266">
     <span class='ocr_line' id='line_1_33' title="bbox 899 225 1688 266; baseline 0.011 -14"><span class='ocrx_word' id='word_1_227' title='bbox 899 231 949 258; x_wconf 86' lang='lat' dir='ltr'><strong>est,</strong></span> <span class='ocrx_word' id='word_1_228' title='bbox 962 225 1126 259; x_wconf 80' lang='lat' dir='ltr'><strong>dorinitans,</strong></span> <span class='ocrx_word' id='word_1_229' title='bbox 1141 228 1206 261; x_wconf 88' lang='lat' dir='ltr'><strong>quid</strong></span> <span class='ocrx_word' id='word_1_230' title='bbox 1225 235 1275 255; x_wconf 88' lang='lat' dir='ltr'><strong>nos</strong></span> <span class='ocrx_word' id='word_1_231' title='bbox 1298 230 1376 256; x_wconf 80' lang='lat' dir='ltr'><strong>nauci</strong></span> <span class='ocrx_word' id='word_1_232' title='bbox 1397 230 1530 264; x_wconf 66' lang='lat' dir='ltr'><strong>dii-anius,</strong></span> <span class='ocrx_word' id='word_1_233' title='bbox 1545 238 1688 266; x_wconf 83' lang='lat' dir='ltr'><strong>quantuni-</strong></span> 
     </span>
    </p>
   </div>
   <div class='ocr_carea' id='block_1_34' title="bbox 899 272 1690 313">
    <p class='ocr_par' dir='ltr' id='par_1_34' title="bbox 899 272 1690 313">
     <span class='ocr_line' id='line_1_34' title="bbox 899 272 1690 313; baseline 0.015 -17"><span class='ocrx_word' id='word_1_234' title='bbox 899 277 952 304; x_wconf 90' lang='lat' dir='ltr'><strong>que</strong></span> <span class='ocrx_word' id='word_1_235' title='bbox 962 272 1090 298; x_wconf 83' lang='lat' dir='ltr'><strong>convenit</strong></span> <span class='ocrx_word' id='word_1_236' title='bbox 1101 273 1206 305; x_wconf 89' lang='lat' dir='ltr'><strong>timere,</strong></span> <span class='ocrx_word' id='word_1_237' title='bbox 1223 277 1250 301; x_wconf 85' lang='lat' dir='ltr'><strong>et</strong></span> <span class='ocrx_word' id='word_1_238' title='bbox 1263 281 1297 301; x_wconf 86' lang='lat' dir='ltr'><strong>ne</strong></span> <span class='ocrx_word' id='word_1_239' title='bbox 1312 274 1382 302; x_wconf 90' lang='lat' dir='ltr'><strong>idem</strong></span> <span class='ocrx_word' id='word_1_240' title='bbox 1397 277 1546 306; x_wconf 86' lang='lat' dir='ltr'><strong>subeamus</strong></span> <span class='ocrx_word' id='word_1_241' title='bbox 1561 281 1667 313; x_wconf 80' lang='lat' dir='ltr'><strong>precari</strong></span> <span class='ocrx_word' id='word_1_242' title='bbox 1677 281 1690 307; x_wconf 77' lang='lat' dir='ltr'><strong>i</strong></span> 
     </span>
    </p>
   </div>
   <div class='ocr_carea' id='block_1_35' title="bbox 899 314 1689 358">
    <p class='ocr_par' dir='ltr' id='par_1_35' title="bbox 899 314 1689 358">
     <span class='ocr_line' id='line_1_35' title="bbox 899 314 1689 358; baseline 0.016 -17"><span class='ocrx_word' id='word_1_243' title='bbox 899 314 971 350; x_wconf 71' lang='lat' dir='ltr'><strong>Ergo</strong></span> <span class='ocrx_word' id='word_1_244' title='bbox 987 317 1096 344; x_wconf 86' lang='lat' dir='ltr'><strong>animus</strong></span> <span class='ocrx_word' id='word_1_245' title='bbox 1112 323 1204 345; x_wconf 87' lang='lat' dir='ltr'><strong>noster</strong></span> <span class='ocrx_word' id='word_1_246' title='bbox 1225 320 1304 354; x_wconf 84' lang='lat' dir='ltr'><strong>quasi</strong></span> <span class='ocrx_word' id='word_1_247' title='bbox 1328 321 1438 355; x_wconf 86' lang='lat' dir='ltr'><strong>qudam</strong></span> <span class='ocrx_word' id='word_1_248' title='bbox 1463 323 1628 358; x_wconf 76' lang='lat' dir='ltr'><strong>gubernator</strong></span> <span class='ocrx_word' id='word_1_249' title='bbox 1647 331 1689 354; x_wconf 86' lang='lat' dir='ltr'><strong>est</strong></span> 
     </span>
    </p>
   </div>
   <div class='ocr_carea' id='block_1_36' title="bbox 897 361 1688 403">
    <p class='ocr_par' dir='ltr' id='par_1_36' title="bbox 897 361 1688 403">
     <span class='ocr_line' id='line_1_36' title="bbox 897 361 1688 403; baseline 0.015 -17"><span class='ocrx_word' id='word_1_250' title='bbox 897 361 943 395; x_wconf 92' lang='lat' dir='ltr'><strong>qui</strong></span> <span class='ocrx_word' id='word_1_251' title='bbox 961 361 1006 388; x_wconf 92' lang='lat' dir='ltr'><strong>ubi</strong></span> <span class='ocrx_word' id='word_1_252' title='bbox 1026 362 1117 397; x_wconf 86' lang='lat' dir='ltr'><strong>vigilet</strong></span> <span class='ocrx_word' id='word_1_253' title='bbox 1153 363 1289 396; x_wconf 87' lang='lat' dir='ltr'><strong>intentus,</strong></span> <span class='ocrx_word' id='word_1_254' title='bbox 1304 366 1434 394; x_wconf 89' lang='lat' dir='ltr'><strong>vitiorum</strong></span> <span class='ocrx_word' id='word_1_255' title='bbox 1452 375 1544 395; x_wconf 87' lang='lat' dir='ltr'><strong>arceat</strong></span> <span class='ocrx_word' id='word_1_256' title='bbox 1556 371 1688 403; x_wconf 74' lang='lat' dir='ltr'><strong>procellas</strong></span> 
     </span>
    </p>
   </div>
   <div class='ocr_carea' id='block_1_37' title="bbox 898 405 1686 448">
    <p class='ocr_par' dir='ltr' id='par_1_37' title="bbox 898 405 1686 448">
     <span class='ocr_line' id='line_1_37' title="bbox 898 405 1686 448; baseline 0.015 -16"><span class='ocrx_word' id='word_1_257' title='bbox 898 405 1040 434; x_wconf 88' lang='lat' dir='ltr'><strong>minimum</strong></span> <span class='ocrx_word' id='word_1_258' title='bbox 1055 409 1181 441; x_wconf 82' lang='lat' dir='ltr'><strong>cogitatis</strong></span> <span class='ocrx_word' id='word_1_259' title='bbox 1197 417 1260 444; x_wconf 67' lang='lat' dir='ltr'><strong>qua</strong></span> <span class='ocrx_word' id='word_1_260' title='bbox 1278 411 1408 446; x_wconf 86' lang='lat' dir='ltr'><strong>ingruant</strong></span> <span class='ocrx_word' id='word_1_261' title='bbox 1424 421 1563 448; x_wconf 87' lang='lat' dir='ltr'><strong>aspersus,</strong></span> <span class='ocrx_word' id='word_1_262' title='bbox 1574 416 1686 444; x_wconf 80' lang='lat' dir='ltr'><strong>defetis-</strong></span> 
     </span>
    </p>
   </div>
   <div class='ocr_carea' id='block_1_38' title="bbox 897 452 1686 494">
    <p class='ocr_par' dir='ltr' id='par_1_38' title="bbox 897 452 1686 494">
     <span class='ocr_line' id='line_1_38' title="bbox 897 452 1686 494; baseline 0.015 -16"><span class='ocrx_word' id='word_1_263' title='bbox 897 452 1116 485; x_wconf 69' lang='lat' dir='ltr'><strong>caturhatreses,</strong></span> <span class='ocrx_word' id='word_1_264' title='bbox 1133 453 1265 488; x_wconf 85' lang='lat' dir='ltr'><strong>ﬂagitium</strong></span> <span class='ocrx_word' id='word_1_265' title='bbox 1281 456 1459 491; x_wconf 85' lang='lat' dir='ltr'><strong>intromittat,</strong></span> <span class='ocrx_word' id='word_1_266' title='bbox 1473 466 1522 486; x_wconf 87' lang='lat' dir='ltr'><strong>ceu</strong></span> <span class='ocrx_word' id='word_1_267' title='bbox 1540 462 1686 494; x_wconf 86' lang='lat' dir='ltr'><strong>mundans,</strong></span> 
     </span>
    </p>
   </div>
   <div class='ocr_carea' id='block_1_39' title="bbox 896 495 1688 540">
    <p class='ocr_par' dir='ltr' id='par_1_39' title="bbox 896 495 1688 540">
     <span class='ocr_line' id='line_1_39' title="bbox 896 495 1688 540; baseline 0.016 -19"><span class='ocrx_word' id='word_1_268' title='bbox 896 495 1031 529; x_wconf 80' lang='lat' dir='ltr'><strong>quoddam</strong></span> <span class='ocrx_word' id='word_1_269' title='bbox 1045 496 1157 531; x_wconf 85' lang='lat' dir='ltr'><strong>ﬂumen,</strong></span> <span class='ocrx_word' id='word_1_270' title='bbox 1173 499 1337 535; x_wconf 89' lang='lat' dir='ltr'><strong>sentinaque</strong></span> <span class='ocrx_word' id='word_1_271' title='bbox 1351 507 1490 536; x_wconf 86' lang='lat' dir='ltr'><strong>gravatus,</strong></span> <span class='ocrx_word' id='word_1_272' title='bbox 1509 504 1605 540; x_wconf 86' lang='lat' dir='ltr'><strong>ingens</strong></span> <span class='ocrx_word' id='word_1_273' title='bbox 1617 514 1688 534; x_wconf 89' lang='lat' dir='ltr'><strong>nau-</strong></span> 
     </span>
    </p>
   </div>
   <div class='ocr_carea' id='block_1_40' title="bbox 896 539 1685 585">
    <p class='ocr_par' dir='ltr' id='par_1_40' title="bbox 896 539 1685 585">
     <span class='ocr_line' id='line_1_40' title="bbox 896 539 1685 585; baseline 0.018 -19"><span class='ocrx_word' id='word_1_274' title='bbox 896 539 1013 575; x_wconf 76' lang='lat' dir='ltr'><strong>fragium</strong></span> <span class='ocrx_word' id='word_1_275' title='bbox 1029 541 1114 570; x_wconf 87' lang='lat' dir='ltr'><strong>faciat</strong></span> <span class='ocrx_word' id='word_1_276' title='bbox 1125 544 1242 577; x_wconf 84' lang='lat' dir='ltr'><strong>peccati,</strong></span> <span class='ocrx_word' id='word_1_277' title='bbox 1259 546 1332 580; x_wconf 87' lang='lat' dir='ltr'><strong>quod</strong></span> <span class='ocrx_word' id='word_1_278' title='bbox 1345 554 1407 574; x_wconf 88' lang='lat' dir='ltr'><strong>cum</strong></span> <span class='ocrx_word' id='word_1_279' title='bbox 1431 548 1509 576; x_wconf 87' lang='lat' dir='ltr'><strong>triste</strong></span> <span class='ocrx_word' id='word_1_280' title='bbox 1523 539 1565 577; x_wconf 79' lang='lat' dir='ltr'><strong>est</strong></span> <span class='ocrx_word' id='word_1_281' title='bbox 1576 551 1685 585; x_wconf 86' lang='lat' dir='ltr'><strong>auditu,</strong></span> 
     </span>
    </p>
   </div>
   <div class='ocr_carea' id='block_1_41' title="bbox 896 587 1687 630">
    <p class='ocr_par' dir='ltr' id='par_1_41' title="bbox 896 587 1687 630">
     <span class='ocr_line' id='line_1_41' title="bbox 896 587 1687 630; baseline 0.018 -18"><span class='ocrx_word' id='word_1_282' title='bbox 896 589 952 613; x_wconf 90' lang='lat' dir='ltr'><strong>tum</strong></span> <span class='ocrx_word' id='word_1_283' title='bbox 967 587 1072 615; x_wconf 83' lang='lat' dir='ltr'><strong>tristius</strong></span> <span class='ocrx_word' id='word_1_284' title='bbox 1099 589 1234 623; x_wconf 89' lang='lat' dir='ltr'><strong>cogitatu.</strong></span> <span class='ocrx_word' id='word_1_285' title='bbox 1253 590 1323 619; x_wconf 87' lang='lat' dir='ltr'><strong>Tum</strong></span> <span class='ocrx_word' id='word_1_286' title='bbox 1347 593 1463 621; x_wconf 89' lang='lat' dir='ltr'><strong>sollicita</strong></span> <span class='ocrx_word' id='word_1_287' title='bbox 1491 603 1522 622; x_wconf 89' lang='lat' dir='ltr'><strong>ac</strong></span> <span class='ocrx_word' id='word_1_288' title='bbox 1535 597 1687 630; x_wconf 83' lang='lat' dir='ltr'><strong>periculosa</strong></span> 
     </span>
    </p>
   </div>
   <div class='ocr_carea' id='block_1_42' title="bbox 895 632 1685 678">
    <p class='ocr_par' dir='ltr' id='par_1_42' title="bbox 895 632 1685 678">
     <span class='ocr_line' id='line_1_42' title="bbox 895 632 1685 678; baseline 0.018 -21"><span class='ocrx_word' id='word_1_289' title='bbox 895 632 958 659; x_wconf 68' lang='lat' dir='ltr'><strong>vitae</strong></span> <span class='ocrx_word' id='word_1_290' title='bbox 968 633 1107 668; x_wconf 75' lang='lat' dir='ltr'><strong>navigatio</strong></span> <span class='ocrx_word' id='word_1_291' title='bbox 1120 640 1222 663; x_wconf 60' lang='lat' dir='ltr'><strong>nostra:</strong></span> <span class='ocrx_word' id='word_1_292' title='bbox 1232 640 1275 663; x_wconf 83' lang='lat' dir='ltr'><strong>est</strong></span> <span class='ocrx_word' id='word_1_293' title='bbox 1289 645 1296 669; x_wconf 89' lang='lat'>;</span> <span class='ocrx_word' id='word_1_294' title='bbox 1311 642 1341 665; x_wconf 90' lang='lat' dir='ltr'><strong>ut</strong></span> <span class='ocrx_word' id='word_1_295' title='bbox 1354 638 1457 666; x_wconf 88' lang='lat' dir='ltr'><strong>intente</strong></span> <span class='ocrx_word' id='word_1_296' title='bbox 1487 641 1685 678; x_wconf 59' lang='lat' dir='ltr'><strong>vigilanti-mque</strong></span> 
     </span>
    </p>
   </div>
   <div class='ocr_carea' id='block_1_43' title="bbox 895 675 1684 724">
    <p class='ocr_par' dir='ltr' id='par_1_43' title="bbox 895 675 1684 724">
     <span class='ocr_line' id='line_1_43' title="bbox 895 675 1684 724; baseline 0.019 -22"><span class='ocrx_word' id='word_1_297' title='bbox 895 675 1066 704; x_wconf 86' lang='lat' dir='ltr'><strong>retinendum</strong></span> <span class='ocrx_word' id='word_1_298' title='bbox 1077 679 1113 706; x_wconf 92' lang='lat' dir='ltr'><strong>sit</strong></span> <span class='ocrx_word' id='word_1_299' title='bbox 1125 680 1350 716; x_wconf 75' lang='lat' dir='ltr'><strong>gubernaculum,</strong></span> <span class='ocrx_word' id='word_1_300' title='bbox 1361 688 1388 710; x_wconf 89' lang='lat' dir='ltr'><strong>et</strong></span> <span class='ocrx_word' id='word_1_301' title='bbox 1400 685 1506 712; x_wconf 89' lang='lat' dir='ltr'><strong>eminus</strong></span> <span class='ocrx_word' id='word_1_302' title='bbox 1516 675 1684 724; x_wconf 73' lang='lat' dir='ltr'><strong>proﬂigaiida</strong></span> 
     </span>
    </p>
   </div>
   <div class='ocr_carea' id='block_1_44' title="bbox 894 720 1686 767">
    <p class='ocr_par' dir='ltr' id='par_1_44' title="bbox 894 720 1686 767">
     <span class='ocr_line' id='line_1_44' title="bbox 894 720 1686 767; baseline 0.02 -20"><span class='ocrx_word' id='word_1_303' title='bbox 894 720 959 748; x_wconf 86' lang='lat' dir='ltr'><strong>vitia</strong></span> <span class='ocrx_word' id='word_1_304' title='bbox 974 729 1007 749; x_wconf 85' lang='lat' dir='ltr'><strong>ac</strong></span> <span class='ocrx_word' id='word_1_305' title='bbox 1023 723 1169 751; x_wconf 89' lang='lat' dir='ltr'><strong>confestim</strong></span> <span class='ocrx_word' id='word_1_306' title='bbox 1190 725 1323 755; x_wconf 89' lang='lat' dir='ltr'><strong>irruentes</strong></span> <span class='ocrx_word' id='word_1_307' title='bbox 1347 728 1425 756; x_wconf 69' lang='lat' dir='ltr'><strong>findat</strong></span> <span class='ocrx_word' id='word_1_308' title='bbox 1448 720 1629 767; x_wconf 69' lang='lat' dir='ltr'><strong>cogitationes</strong></span> <span class='ocrx_word' id='word_1_309' title='bbox 1641 743 1686 763; x_wconf 90' lang='lat' dir='ltr'><strong>ar-</strong></span> 
     </span>
    </p>
   </div>
   <div class='ocr_carea' id='block_1_45' title="bbox 896 764 1685 813">
    <p class='ocr_par' dir='ltr' id='par_1_45' title="bbox 896 764 1685 813">
     <span class='ocr_line' id='line_1_45' title="bbox 896 764 1685 813; baseline 0.023 -23"><span class='ocrx_word' id='word_1_310' title='bbox 896 764 999 796; x_wconf 66' lang='lat' dir='ltr'><strong>cendae,</strong></span> <span class='ocrx_word' id='word_1_311' title='bbox 1012 773 1046 792; x_wconf 89' lang='lat' dir='ltr'><strong>ne</strong></span> <span class='ocrx_word' id='word_1_312' title='bbox 1063 766 1107 794; x_wconf 82' lang='lat' dir='ltr'><strong>his</strong></span> <span class='ocrx_word' id='word_1_313' title='bbox 1135 767 1273 798; x_wconf 87' lang='lat' dir='ltr'><strong>immorati</strong></span> <span class='ocrx_word' id='word_1_314' title='bbox 1291 764 1496 809; x_wconf 58' lang='lat' dir='ltr'><strong>demergatnur:</strong></span> <span class='ocrx_word' id='word_1_315' title='bbox 1520 777 1613 813; x_wconf 85' lang='lat' dir='ltr'><strong>Neque</strong></span> <span class='ocrx_word' id='word_1_316' title='bbox 1627 779 1685 808; x_wconf 72' lang='lat' dir='ltr'><strong>haec</strong></span> 
     </span>
    </p>
   </div>
   <div class='ocr_carea' id='block_1_46' title="bbox 896 809 1683 856">
    <p class='ocr_par' dir='ltr' id='par_1_46' title="bbox 896 809 1683 856">
     <span class='ocr_line' id='line_1_46' title="bbox 896 809 1683 856; baseline 0.023 -21"><span class='ocrx_word' id='word_1_317' title='bbox 896 816 962 836; x_wconf 88' lang='lat' dir='ltr'><strong>vero</strong></span> <span class='ocrx_word' id='word_1_318' title='bbox 973 809 1138 845; x_wconf 86' lang='lat' dir='ltr'><strong>adjuniores</strong></span> <span class='ocrx_word' id='word_1_319' title='bbox 1149 817 1254 842; x_wconf 90' lang='lat' dir='ltr'><strong>tantum</strong></span> <span class='ocrx_word' id='word_1_320' title='bbox 1269 817 1387 851; x_wconf 89' lang='lat' dir='ltr'><strong>pertinet</strong></span> <span class='ocrx_word' id='word_1_321' title='bbox 1399 820 1488 847; x_wconf 89' lang='lat' dir='ltr'><strong>oratio</strong></span> <span class='ocrx_word' id='word_1_322' title='bbox 1506 809 1576 856; x_wconf 73' lang='lat' dir='ltr'><strong>quin</strong></span> <span class='ocrx_word' id='word_1_323' title='bbox 1594 824 1628 852; x_wconf 88' lang='lat' dir='ltr'><strong>ad</strong></span> <span class='ocrx_word' id='word_1_324' title='bbox 1643 833 1683 853; x_wconf 85' lang='lat' dir='ltr'><strong>se-</strong></span> 
     </span>
    </p>
   </div>
   <div class='ocr_carea' id='block_1_47' title="bbox 893 855 1688 903">
    <p class='ocr_par' dir='ltr' id='par_1_47' title="bbox 893 855 1688 903">
     <span class='ocr_line' id='line_1_47' title="bbox 893 855 1688 903; baseline 0.02 -22"><span class='ocrx_word' id='word_1_325' title='bbox 893 855 984 882; x_wconf 89' lang='lat' dir='ltr'><strong>niores</strong></span> <span class='ocrx_word' id='word_1_326' title='bbox 1001 863 1121 892; x_wconf 84' lang='lat' dir='ltr'><strong>quoque,</strong></span> <span class='ocrx_word' id='word_1_327' title='bbox 1137 859 1203 886; x_wconf 88' lang='lat' dir='ltr'><strong>etin</strong></span> <span class='ocrx_word' id='word_1_328' title='bbox 1219 862 1426 891; x_wconf 84' lang='lat' dir='ltr'><strong>exercitatione</strong></span> <span class='ocrx_word' id='word_1_329' title='bbox 1437 855 1589 900; x_wconf 76' lang='lat' dir='ltr'><strong>provectos,</strong></span> <span class='ocrx_word' id='word_1_330' title='bbox 1612 875 1688 903; x_wconf 86' lang='lat' dir='ltr'><strong>post-</strong></span> 
     </span>
    </p>
   </div>
   <div class='ocr_carea' id='block_1_48' title="bbox 893 901 1688 946">
    <p class='ocr_par' dir='ltr' id='par_1_48' title="bbox 893 901 1688 946">
     <span class='ocr_line' id='line_1_48' title="bbox 893 901 1688 946; baseline 0.019 -20"><span class='ocrx_word' id='word_1_331' title='bbox 893 906 976 934; x_wconf 88' lang='lat' dir='ltr'><strong>quam</strong></span> <span class='ocrx_word' id='word_1_332' title='bbox 993 908 1029 929; x_wconf 90' lang='lat' dir='ltr'><strong>ne</strong></span> <span class='ocrx_word' id='word_1_333' title='bbox 1046 901 1097 930; x_wconf 86' lang='lat' dir='ltr'><strong>hos</strong></span> <span class='ocrx_word' id='word_1_334' title='bbox 1108 903 1219 938; x_wconf 86' lang='lat' dir='ltr'><strong>quidem</strong></span> <span class='ocrx_word' id='word_1_335' title='bbox 1246 906 1365 936; x_wconf 89' lang='lat' dir='ltr'><strong>intentos</strong></span> <span class='ocrx_word' id='word_1_336' title='bbox 1383 909 1512 939; x_wconf 88' lang='lat' dir='ltr'><strong>diabolus</strong></span> <span class='ocrx_word' id='word_1_337' title='bbox 1529 901 1642 946; x_wconf 83' lang='lat' dir='ltr'><strong>omittit,</strong></span> <span class='ocrx_word' id='word_1_338' title='bbox 1655 916 1688 941; x_wconf 77' lang='lat' dir='ltr'><strong>de</strong></span> 
     </span>
    </p>
   </div>
   <div class='ocr_carea' id='block_1_49' title="bbox 893 945 1685 988">
    <p class='ocr_par' dir='ltr' id='par_1_49' title="bbox 893 945 1685 988">
     <span class='ocr_line' id='line_1_49' title="bbox 893 945 1685 988; baseline 0.019 -17"><span class='ocrx_word' id='word_1_339' title='bbox 893 945 994 979; x_wconf 85' lang='lat' dir='ltr'><strong>quibus</strong></span> <span class='ocrx_word' id='word_1_340' title='bbox 1009 951 1100 974; x_wconf 78' lang='lat' dir='ltr'><strong>exstat</strong></span> <span class='ocrx_word' id='word_1_341' title='bbox 1116 948 1175 976; x_wconf 70' lang='lat' dir='ltr'><strong>haec</strong></span> <span class='ocrx_word' id='word_1_342' title='bbox 1189 950 1290 978; x_wconf 90' lang='lat' dir='ltr'><strong>alicubi</strong></span> <span class='ocrx_word' id='word_1_343' title='bbox 1312 954 1404 988; x_wconf 87' lang='lat' dir='ltr'><strong>magni</strong></span> <span class='ocrx_word' id='word_1_344' title='bbox 1445 961 1478 982; x_wconf 89' lang='lat' dir='ltr'><strong>ac</strong></span> <span class='ocrx_word' id='word_1_345' title='bbox 1497 955 1581 984; x_wconf 89' lang='lat' dir='ltr'><strong>divini</strong></span> <span class='ocrx_word' id='word_1_346' title='bbox 1593 945 1685 986; x_wconf 79' lang='lat' dir='ltr'><strong>Basilii</strong></span> 
     </span>
    </p>
   </div>
   <div class='ocr_carea' id='block_1_50' title="bbox 894 992 1687 1038">
    <p class='ocr_par' dir='ltr' id='par_1_50' title="bbox 894 992 1687 1038">
     <span class='ocr_line' id='line_1_50' title="bbox 894 992 1687 1038; baseline 0.015 -20"><span class='ocrx_word' id='word_1_347' title='bbox 894 992 1030 1019; x_wconf 87' lang='lat' dir='ltr'><strong>sententia</strong></span> <span class='ocrx_word' id='word_1_348' title='bbox 1061 993 1118 1029; x_wconf 76' lang='lat'><strong>(26)</strong></span> <span class='ocrx_word' id='word_1_349' title='bbox 1139 994 1361 1025; x_wconf 82' lang='lat' dir='ltr'><strong>:Tristissimum</strong></span> <span class='ocrx_word' id='word_1_350' title='bbox 1391 1001 1589 1034; x_wconf 88' lang='lat' dir='ltr'><strong>spectaculum,</strong></span> <span class='ocrx_word' id='word_1_351' title='bbox 1625 1009 1687 1038; x_wconf 86' lang='lat' dir='ltr'><strong>post</strong></span> 
     </span>
    </p>
   </div>
   <div class='ocr_carea' id='block_1_51' title="bbox 893 1037 1685 1082">
    <p class='ocr_par' dir='ltr' id='par_1_51' title="bbox 893 1037 1685 1082">
     <span class='ocr_line' id='line_1_51' title="bbox 893 1037 1685 1082; baseline 0.018 -20"><span class='ocrx_word' id='word_1_352' title='bbox 893 1037 1044 1072; x_wconf 81' lang='lat' dir='ltr'><strong>pervigilia,</strong></span> <span class='ocrx_word' id='word_1_353' title='bbox 1062 1044 1124 1073; x_wconf 88' lang='lat' dir='ltr'><strong>post</strong></span> <span class='ocrx_word' id='word_1_354' title='bbox 1141 1040 1316 1076; x_wconf 76' lang='lat' dir='ltr'><strong>alﬂictioues,</strong></span> <span class='ocrx_word' id='word_1_355' title='bbox 1333 1049 1396 1077; x_wconf 76' lang='lat' dir='ltr'><strong>pest</strong></span> <span class='ocrx_word' id='word_1_356' title='bbox 1418 1050 1563 1074; x_wconf 86' lang='lat' dir='ltr'><strong>contentas</strong></span> <span class='ocrx_word' id='word_1_357' title='bbox 1578 1056 1685 1082; x_wconf 76' lang='lat' dir='ltr'><strong>preces,</strong></span> 
     </span>
    </p>
   </div>
   <div class='ocr_carea' id='block_1_52' title="bbox 893 1083 1685 1126">
    <p class='ocr_par' dir='ltr' id='par_1_52' title="bbox 893 1083 1685 1126">
     <span class='ocr_line' id='line_1_52' title="bbox 893 1083 1685 1126; baseline 0.018 -18"><span class='ocrx_word' id='word_1_358' title='bbox 893 1087 955 1117; x_wconf 87' lang='lat' dir='ltr'><strong>post</strong></span> <span class='ocrx_word' id='word_1_359' title='bbox 970 1083 1068 1111; x_wconf 85' lang='lat' dir='ltr'><strong>uberes</strong></span> <span class='ocrx_word' id='word_1_360' title='bbox 1082 1084 1227 1120; x_wconf 88' lang='lat' dir='ltr'><strong>lacrymas,</strong></span> <span class='ocrx_word' id='word_1_361' title='bbox 1242 1093 1302 1122; x_wconf 91' lang='lat' dir='ltr'><strong>post</strong></span> <span class='ocrx_word' id='word_1_362' title='bbox 1317 1089 1411 1125; x_wconf 87' lang='lat' dir='ltr'><strong>viginti</strong></span> <span class='ocrx_word' id='word_1_363' title='bbox 1426 1097 1475 1118; x_wconf 87' lang='lat' dir='ltr'><strong>aut</strong></span> <span class='ocrx_word' id='word_1_364' title='bbox 1502 1093 1611 1126; x_wconf 79' lang='lat' dir='ltr'><strong>triginta</strong></span> <span class='ocrx_word' id='word_1_365' title='bbox 1627 1094 1685 1122; x_wconf 85' lang='lat' dir='ltr'><strong>fors</strong></span> 
     </span>
    </p>
   </div>
   <div class='ocr_carea' id='block_1_53' title="bbox 894 1131 1686 1174">
    <p class='ocr_par' dir='ltr' id='par_1_53' title="bbox 894 1131 1686 1174">
     <span class='ocr_line' id='line_1_53' title="bbox 894 1131 1686 1174; baseline 0.015 -19"><span class='ocrx_word' id='word_1_366' title='bbox 894 1135 1028 1157; x_wconf 87' lang='lat' dir='ltr'><strong>annorum</strong></span> <span class='ocrx_word' id='word_1_367' title='bbox 1059 1131 1272 1167; x_wconf 85' lang='lat' dir='ltr'><strong>continentiam,</strong></span> <span class='ocrx_word' id='word_1_368' title='bbox 1291 1135 1326 1162; x_wconf 89' lang='lat' dir='ltr'><strong>ob</strong></span> <span class='ocrx_word' id='word_1_369' title='bbox 1348 1136 1432 1164; x_wconf 84' lang='lat' dir='ltr'><strong>animi</strong></span> <span class='ocrx_word' id='word_1_370' title='bbox 1454 1139 1580 1172; x_wconf 89' lang='lat' dir='ltr'><strong>supinam</strong></span> <span class='ocrx_word' id='word_1_371' title='bbox 1599 1140 1686 1174; x_wconf 88' lang='lat' dir='ltr'><strong>negli-</strong></span> 
     </span>
    </p>
   </div>
   <div class='ocr_carea' id='block_1_54' title="bbox 893 1174 1684 1216">
    <p class='ocr_par' dir='ltr' id='par_1_54' title="bbox 893 1174 1684 1216">
     <span class='ocr_line' id='line_1_54' title="bbox 893 1174 1684 1216; baseline 0.016 -16"><span class='ocrx_word' id='word_1_372' title='bbox 893 1174 1011 1208; x_wconf 82' lang='lat' dir='ltr'><strong>gentiam</strong></span> <span class='ocrx_word' id='word_1_373' title='bbox 1028 1177 1137 1205; x_wconf 87' lang='lat' dir='ltr'><strong>cunctis</strong></span> <span class='ocrx_word' id='word_1_374' title='bbox 1151 1179 1310 1214; x_wconf 82' lang='lat' dir='ltr'><strong>exspoliari.</strong></span> <span class='ocrx_word' id='word_1_375' title='bbox 1332 1179 1465 1216; x_wconf 84' lang='lat' dir='ltr'><strong>Equidem</strong></span> <span class='ocrx_word' id='word_1_376' title='bbox 1479 1183 1506 1210; x_wconf 89' lang='lat' dir='ltr'><strong>id</strong></span> <span class='ocrx_word' id='word_1_377' title='bbox 1517 1184 1612 1212; x_wconf 88' lang='lat' dir='ltr'><strong>infelix</strong></span> <span class='ocrx_word' id='word_1_378' title='bbox 1627 1189 1684 1212; x_wconf 87' lang='lat' dir='ltr'><strong>tum</strong></span> 
     </span>
    </p>
   </div>
   <div class='ocr_carea' id='block_1_55' title="bbox 894 1220 1685 1267">
    <p class='ocr_par' dir='ltr' id='par_1_55' title="bbox 894 1220 1685 1267">
     <span class='ocr_line' id='line_1_55' title="bbox 894 1220 1685 1267; baseline 0.018 -21"><span class='ocrx_word' id='word_1_379' title='bbox 894 1220 947 1247; x_wconf 91' lang='lat' dir='ltr'><strong>vidi</strong></span> <span class='ocrx_word' id='word_1_380' title='bbox 967 1225 1024 1249; x_wconf 90' lang='lat' dir='ltr'><strong>tum</strong></span> <span class='ocrx_word' id='word_1_381' title='bbox 1036 1223 1141 1257; x_wconf 86' lang='lat' dir='ltr'><strong>audivi,</strong></span> <span class='ocrx_word' id='word_1_382' title='bbox 1158 1229 1185 1252; x_wconf 88' lang='lat' dir='ltr'><strong>et</strong></span> <span class='ocrx_word' id='word_1_383' title='bbox 1202 1225 1392 1262; x_wconf 81' lang='lat' dir='ltr'><strong>illaerymatus</strong></span> <span class='ocrx_word' id='word_1_384' title='bbox 1423 1228 1595 1265; x_wconf 85' lang='lat' dir='ltr'><strong>illacrymor,</strong></span> <span class='ocrx_word' id='word_1_385' title='bbox 1609 1233 1685 1267; x_wconf 80' lang='lat' dir='ltr'><strong>cogi-</strong></span> 
     </span>
    </p>
   </div>
   <div class='ocr_carea' id='block_1_56' title="bbox 895 1269 1686 1308">
    <p class='ocr_par' dir='ltr' id='par_1_56' title="bbox 895 1269 1686 1308">
     <span class='ocr_line' id='line_1_56' title="bbox 895 1269 1686 1308; baseline 0.016 -15"><span class='ocrx_word' id='word_1_386' title='bbox 895 1270 955 1294; x_wconf 84' lang='lat' dir='ltr'><strong>tans</strong></span> <span class='ocrx_word' id='word_1_387' title='bbox 968 1269 1198 1302; x_wconf 84' lang='lat' dir='ltr'><strong>quemadmodum</strong></span> <span class='ocrx_word' id='word_1_388' title='bbox 1216 1275 1256 1300; x_wconf 90' lang='lat' dir='ltr'><strong>tot</strong></span> <span class='ocrx_word' id='word_1_389' title='bbox 1266 1280 1332 1308; x_wconf 86' lang='lat' dir='ltr'><strong>opes</strong></span> <span class='ocrx_word' id='word_1_390' title='bbox 1346 1274 1490 1307; x_wconf 89' lang='lat' dir='ltr'><strong>virtutum,</strong></span> <span class='ocrx_word' id='word_1_391' title='bbox 1501 1284 1534 1305; x_wconf 89' lang='lat' dir='ltr'><strong>ac</strong></span> <span class='ocrx_word' id='word_1_392' title='bbox 1547 1281 1587 1305; x_wconf 91' lang='lat' dir='ltr'><strong>tot</strong></span> <span class='ocrx_word' id='word_1_393' title='bbox 1603 1279 1686 1306; x_wconf 88' lang='lat' dir='ltr'><strong>annis</strong></span> 
     </span>
    </p>
   </div>
   <div class='ocr_carea' id='block_1_57' title="bbox 893 1318 1686 1358">
    <p class='ocr_par' dir='ltr' id='par_1_57' title="bbox 893 1318 1686 1358">
     <span class='ocr_line' id='line_1_57' title="bbox 893 1318 1686 1358; baseline 0.015 -18"><span class='ocrx_word' id='word_1_394' title='bbox 893 1318 1040 1346; x_wconf 57' lang='lat' dir='ltr'><strong>congestas,</strong></span> <span class='ocrx_word' id='word_1_395' title='bbox 1058 1322 1111 1343; x_wconf 91' lang='lat' dir='ltr'><strong>uno</strong></span> <span class='ocrx_word' id='word_1_396' title='bbox 1132 1318 1262 1352; x_wconf 80' lang='lat' dir='ltr'><strong>temporis</strong></span> <span class='ocrx_word' id='word_1_397' title='bbox 1291 1325 1432 1348; x_wconf 85' lang='lat' dir='ltr'><strong>momento</strong></span> <span class='ocrx_word' id='word_1_398' title='bbox 1454 1322 1555 1350; x_wconf 89' lang='lat' dir='ltr'><strong>diaboli</strong></span> <span class='ocrx_word' id='word_1_399' title='bbox 1579 1324 1686 1358; x_wconf 89' lang='lat' dir='ltr'><strong>periere</strong></span> 
     </span>
    </p>
   </div>
   <div class='ocr_carea' id='block_1_58' title="bbox 894 1357 1686 1404">
    <p class='ocr_par' dir='ltr' id='par_1_58' title="bbox 894 1357 1686 1404">
     <span class='ocr_line' id='line_1_58' title="bbox 894 1357 1686 1404; baseline 0.018 -20"><span class='ocrx_word' id='word_1_400' title='bbox 894 1357 1002 1392; x_wconf 86' lang='lat' dir='ltr'><strong>fraude,</strong></span> <span class='ocrx_word' id='word_1_401' title='bbox 1021 1361 1096 1388; x_wconf 90' lang='lat' dir='ltr'><strong>nudo</strong></span> <span class='ocrx_word' id='word_1_402' title='bbox 1120 1366 1148 1389; x_wconf 91' lang='lat' dir='ltr'><strong>et</strong></span> <span class='ocrx_word' id='word_1_403' title='bbox 1161 1362 1251 1391; x_wconf 89' lang='lat' dir='ltr'><strong>inutili</strong></span> <span class='ocrx_word' id='word_1_404' title='bbox 1266 1365 1364 1393; x_wconf 86' lang='lat' dir='ltr'><strong>relicto</strong></span> <span class='ocrx_word' id='word_1_405' title='bbox 1377 1367 1457 1402; x_wconf 87' lang='lat' dir='ltr'><strong>quasi</strong></span> <span class='ocrx_word' id='word_1_406' title='bbox 1472 1357 1593 1404; x_wconf 82' lang='lat' dir='ltr'><strong>quodam</strong></span> <span class='ocrx_word' id='word_1_407' title='bbox 1608 1377 1686 1398; x_wconf 82' lang='lat' dir='ltr'><strong>exer-</strong></span> 
     </span>
    </p>
   </div>
   <div class='ocr_carea' id='block_1_59' title="bbox 893 1404 1685 1451">
    <p class='ocr_par' dir='ltr' id='par_1_59' title="bbox 893 1404 1685 1451">
     <span class='ocr_line' id='line_1_59' title="bbox 893 1404 1685 1451; baseline 0.018 -21"><span class='ocrx_word' id='word_1_408' title='bbox 893 1404 979 1432; x_wconf 87' lang='lat' dir='ltr'><strong>citore</strong></span> <span class='ocrx_word' id='word_1_409' title='bbox 998 1405 1117 1440; x_wconf 89' lang='lat' dir='ltr'><strong>pietatis,</strong></span> <span class='ocrx_word' id='word_1_410' title='bbox 1146 1412 1200 1436; x_wconf 89' lang='lat' dir='ltr'><strong>tam</strong></span> <span class='ocrx_word' id='word_1_411' title='bbox 1217 1409 1313 1444; x_wconf 89' lang='lat' dir='ltr'><strong>ingens</strong></span> <span class='ocrx_word' id='word_1_412' title='bbox 1330 1417 1374 1439; x_wconf 88' lang='lat' dir='ltr'><strong>est</strong></span> <span class='ocrx_word' id='word_1_413' title='bbox 1398 1413 1495 1440; x_wconf 88' lang='lat' dir='ltr'><strong>salutis</strong></span> <span class='ocrx_word' id='word_1_414' title='bbox 1514 1419 1614 1442; x_wconf 70' lang='lat' dir='ltr'><strong>nostrae</strong></span> <span class='ocrx_word' id='word_1_415' title='bbox 1625 1423 1685 1451; x_wconf 87' lang='lat' dir='ltr'><strong>my-</strong></span> 
     </span>
    </p>
   </div>
   <div class='ocr_carea' id='block_1_60' title="bbox 44 1450 1685 1494">
    <p class='ocr_par' dir='ltr' id='par_1_60' title="bbox 44 1450 1685 1494">
     <span class='ocr_line' id='line_1_60' title="bbox 44 1450 1685 1494; baseline 0.006 -15"><span class='ocrx_word' id='word_1_416' title='bbox 44 1460 164 1485; x_wconf 83' lang='lat' dir='ltr'><strong>semur,</strong></span> <span class='ocrx_word' id='word_1_417' title='bbox 187 1459 244 1486; x_wconf 88' lang='lat' dir='ltr'><strong>quo</strong></span> <span class='ocrx_word' id='word_1_418' title='bbox 266 1451 330 1478; x_wconf 83' lang='lat' dir='ltr'><strong>hinc</strong></span> <span class='ocrx_word' id='word_1_419' title='bbox 345 1455 501 1477; x_wconf 79' lang='lat' dir='ltr'><strong>manantem</strong></span> <span class='ocrx_word' id='word_1_420' title='bbox 517 1451 635 1478; x_wconf 89' lang='lat' dir='ltr'><strong>alienam</strong></span> <span class='ocrx_word' id='word_1_421' title='bbox 650 1450 744 1478; x_wconf 87' lang='lat' dir='ltr'><strong>dolore</strong></span> <span class='ocrx_word' id='word_1_422' title='bbox 761 1450 841 1477; x_wconf 78' lang='lat' dir='ltr'><strong>vitam</strong></span> <span class='ocrx_word' id='word_1_423' title='bbox 857 1450 878 1479; x_wconf 89' lang='lat' dir='ltr'><strong>C.</strong></span> <span class='ocrx_word' id='word_1_424' title='bbox 894 1450 1019 1483; x_wconf 84' lang='lat' dir='ltr'><strong>sterium,</strong></span> <span class='ocrx_word' id='word_1_425' title='bbox 1034 1455 1165 1488; x_wconf 87' lang='lat' dir='ltr'><strong>tantaque</strong></span> <span class='ocrx_word' id='word_1_426' title='bbox 1181 1453 1282 1482; x_wconf 85' lang='lat' dir='ltr'><strong>diaboli</strong></span> <span class='ocrx_word' id='word_1_427' title='bbox 1297 1457 1439 1491; x_wconf 89' lang='lat' dir='ltr'><strong>atrocitas,</strong></span> <span class='ocrx_word' id='word_1_428' title='bbox 1462 1459 1488 1486; x_wconf 88' lang='lat' dir='ltr'><strong>in</strong></span> <span class='ocrx_word' id='word_1_429' title='bbox 1507 1461 1620 1494; x_wconf 70' lang='lat' dir='ltr'><strong>coelum,</strong></span> <span class='ocrx_word' id='word_1_430' title='bbox 1634 1469 1685 1489; x_wconf 92' lang='lat' dir='ltr'><strong>nos</strong></span> 
     </span>
    </p>
   </div>
   <div class='ocr_carea' id='block_1_61' title="bbox 43 1497 842 1533">
    <p class='ocr_par' dir='ltr' id='par_1_61' title="bbox 43 1497 842 1533">
     <span class='ocr_line' id='line_1_61' title="bbox 43 1497 842 1533; baseline -0.003 -7"><span class='ocrx_word' id='word_1_431' title='bbox 43 1506 264 1533; x_wconf 85' lang='lat' dir='ltr'><strong>consequamur.</strong></span> <span class='ocrx_word' id='word_1_432' title='bbox 272 1497 417 1524; x_wconf 84' lang='lat' dir='ltr'><strong>Enimvero</strong></span> <span class='ocrx_word' id='word_1_433' title='bbox 425 1497 448 1524; x_wconf 90' lang='lat' dir='ltr'><strong>is</strong></span> <span class='ocrx_word' id='word_1_434' title='bbox 458 1497 700 1532; x_wconf 64' lang='lat' dir='ltr'><strong>prmslantissimus</strong></span> <span class='ocrx_word' id='word_1_435' title='bbox 711 1501 842 1531; x_wconf 70' lang='lat' dir='ltr'><strong>quaestus,</strong></span> 
     </span>
    </p>
   </div>
   <div class='ocr_carea' id='block_1_62' title="bbox 44 1542 843 1577">
    <p class='ocr_par' dir='ltr' id='par_1_62' title="bbox 44 1542 843 1577">
     <span class='ocr_line' id='line_1_62' title="bbox 44 1542 843 1577; baseline -0.001 -7"><span class='ocrx_word' id='word_1_436' title='bbox 44 1552 75 1570; x_wconf 83' lang='lat' dir='ltr'><strong>ea</strong></span> <span class='ocrx_word' id='word_1_437' title='bbox 94 1551 209 1571; x_wconf 88' lang='lat' dir='ltr'><strong>summa</strong></span> <span class='ocrx_word' id='word_1_438' title='bbox 225 1549 267 1570; x_wconf 87' lang='lat' dir='ltr'><strong>est</strong></span> <span class='ocrx_word' id='word_1_439' title='bbox 286 1542 403 1570; x_wconf 83' lang='lat' dir='ltr'><strong>felicitas</strong></span> <span class='ocrx_word' id='word_1_440' title='bbox 415 1562 424 1575; x_wconf 93' lang='lat'><strong>,</strong></span> <span class='ocrx_word' id='word_1_441' title='bbox 447 1542 554 1577; x_wconf 79' lang='lat' dir='ltr'><strong>exiguis</strong></span> <span class='ocrx_word' id='word_1_442' title='bbox 579 1550 629 1577; x_wconf 91' lang='lat' dir='ltr'><strong>pro</strong></span> <span class='ocrx_word' id='word_1_443' title='bbox 644 1543 744 1570; x_wconf 69' lang='lat' dir='ltr'><strong>virtute</strong></span> <span class='ocrx_word' id='word_1_444' title='bbox 756 1546 843 1570; x_wconf 78' lang='lat' dir='ltr'><strong>certa-</strong></span> 
     </span>
    </p>
   </div>
   <div class='ocr_carea' id='block_1_63' title="bbox 44 1587 843 1621">
    <p class='ocr_par' dir='ltr' id='par_1_63' title="bbox 44 1587 843 1621">
     <span class='ocr_line' id='line_1_63' title="bbox 44 1587 843 1621; baseline -0.003 -5"><span class='ocrx_word' id='word_1_445' title='bbox 44 1589 185 1621; x_wconf 86' lang='lat' dir='ltr'><strong>minibus,</strong></span> <span class='ocrx_word' id='word_1_446' title='bbox 201 1595 234 1615; x_wconf 85' lang='lat' dir='ltr'><strong>ac</strong></span> <span class='ocrx_word' id='word_1_447' title='bbox 243 1587 383 1615; x_wconf 83' lang='lat' dir='ltr'><strong>laboribus</strong></span> <span class='ocrx_word' id='word_1_448' title='bbox 396 1588 541 1619; x_wconf 82' lang='lat' dir='ltr'><strong>immensa,</strong></span> <span class='ocrx_word' id='word_1_449' title='bbox 551 1592 579 1614; x_wconf 89' lang='lat' dir='ltr'><strong>et</strong></span> <span class='ocrx_word' id='word_1_450' title='bbox 593 1587 759 1614; x_wconf 82' lang='lat' dir='ltr'><strong>immortalia</strong></span> <span class='ocrx_word' id='word_1_451' title='bbox 773 1587 843 1614; x_wconf 88' lang='lat' dir='ltr'><strong>bona</strong></span> 
     </span>
    </p>
   </div>
   <div class='ocr_carea' id='block_1_64' title="bbox 45 1631 841 1668">
    <p class='ocr_par' dir='ltr' id='par_1_64' title="bbox 45 1631 841 1668">
     <span class='ocr_line' id='line_1_64' title="bbox 45 1631 841 1668; baseline -0.003 -7"><span class='ocrx_word' id='word_1_452' title='bbox 45 1641 148 1668; x_wconf 86' lang='lat' dir='ltr'><strong>parare</strong></span> <span class='ocrx_word' id='word_1_453' title='bbox 161 1641 224 1668; x_wconf 72' lang='lat' dir='ltr'><strong>quae</strong></span> <span class='ocrx_word' id='word_1_454' title='bbox 238 1632 348 1667; x_wconf 84' lang='lat' dir='ltr'><strong>assequi</strong></span> <span class='ocrx_word' id='word_1_455' title='bbox 360 1640 454 1659; x_wconf 86' lang='lat' dir='ltr'><strong>omnes</strong></span> <span class='ocrx_word' id='word_1_456' title='bbox 471 1632 615 1667; x_wconf 87' lang='lat' dir='ltr'><strong>contingat</strong></span> <span class='ocrx_word' id='word_1_457' title='bbox 631 1631 739 1659; x_wconf 89' lang='lat' dir='ltr'><strong>Domini</strong></span> <span class='ocrx_word' id='word_1_458' title='bbox 753 1632 841 1660; x_wconf 72' lang='lat' dir='ltr'><strong>nostri</strong></span> 
     </span>
    </p>
   </div>
   <div class='ocr_carea' id='block_1_65' title="bbox 43 1677 843 1712">
    <p class='ocr_par' dir='ltr' id='par_1_65' title="bbox 43 1677 843 1712">
     <span class='ocr_line' id='line_1_65' title="bbox 43 1677 843 1712; baseline -0.001 -6"><span class='ocrx_word' id='word_1_459' title='bbox 43 1679 111 1706; x_wconf 82' lang='lat' dir='ltr'><strong>Jesu</strong></span> <span class='ocrx_word' id='word_1_460' title='bbox 129 1678 233 1705; x_wconf 82' lang='lat' dir='ltr'><strong>Christi</strong></span> <span class='ocrx_word' id='word_1_461' title='bbox 250 1677 414 1704; x_wconf 83' lang='lat' dir='ltr'><strong>liberalitate</strong></span> <span class='ocrx_word' id='word_1_462' title='bbox 426 1681 508 1711; x_wconf 85' lang='lat' dir='ltr'><strong>atque</strong></span> <span class='ocrx_word' id='word_1_463' title='bbox 525 1677 668 1704; x_wconf 81' lang='lat' dir='ltr'><strong>beneﬁcio.</strong></span> <span class='ocrx_word' id='word_1_464' title='bbox 684 1677 734 1704; x_wconf 91' lang='lat' dir='ltr'><strong>Cui</strong></span> <span class='ocrx_word' id='word_1_465' title='bbox 756 1678 843 1712; x_wconf 83' lang='lat' dir='ltr'><strong>gloria</strong></span> 
     </span>
    </p>
   </div>
   <div class='ocr_carea' id='block_1_66' title="bbox 44 1722 843 1761">
    <p class='ocr_par' dir='ltr' id='par_1_66' title="bbox 44 1722 843 1761">
     <span class='ocr_line' id='line_1_66' title="bbox 44 1722 843 1761; baseline -0.001 -10"><span class='ocrx_word' id='word_1_466' title='bbox 44 1730 71 1751; x_wconf 89' lang='lat' dir='ltr'><strong>et</strong></span> <span class='ocrx_word' id='word_1_467' title='bbox 86 1723 238 1761; x_wconf 80' lang='lat' dir='ltr'><strong>imperium</strong></span> <span class='ocrx_word' id='word_1_468' title='bbox 250 1730 313 1749; x_wconf 84' lang='lat' dir='ltr'><strong>cum</strong></span> <span class='ocrx_word' id='word_1_469' title='bbox 324 1722 414 1754; x_wconf 85' lang='lat' dir='ltr'><strong>Patre,</strong></span> <span class='ocrx_word' id='word_1_470' title='bbox 431 1729 463 1749; x_wconf 88' lang='lat' dir='ltr'><strong>ac</strong></span> <span class='ocrx_word' id='word_1_471' title='bbox 477 1727 572 1749; x_wconf 88' lang='lat' dir='ltr'><strong>sancto</strong></span> <span class='ocrx_word' id='word_1_472' title='bbox 599 1722 713 1757; x_wconf 87' lang='lat' dir='ltr'><strong>Spiritu,</strong></span> <span class='ocrx_word' id='word_1_473' title='bbox 728 1731 800 1751; x_wconf 92' lang='lat' dir='ltr'><strong>nunc</strong></span> <span class='ocrx_word' id='word_1_474' title='bbox 816 1727 843 1750; x_wconf 89' lang='lat' dir='ltr'><strong>et</strong></span> 
     </span>
    </p>
   </div>
   <div class='ocr_carea' id='block_1_67' title="bbox 45 1767 740 1804">
    <p class='ocr_par' dir='ltr' id='par_1_67' title="bbox 45 1767 740 1804">
     <span class='ocr_line' id='line_1_67' title="bbox 45 1767 740 1804; baseline -0.004 -6"><span class='ocrx_word' id='word_1_475' title='bbox 45 1776 161 1804; x_wconf 81' lang='lat' dir='ltr'><strong>semper</strong></span> <span class='ocrx_word' id='word_1_476' title='bbox 182 1768 210 1796; x_wconf 90' lang='lat' dir='ltr'><strong>in</strong></span> <span class='ocrx_word' id='word_1_477' title='bbox 223 1775 390 1803; x_wconf 84' lang='lat' dir='ltr'><strong>omnemque</strong></span> <span class='ocrx_word' id='word_1_478' title='bbox 405 1767 626 1803; x_wconf 85' lang='lat' dir='ltr'><strong>perpetuitatem.</strong></span> <span class='ocrx_word' id='word_1_479' title='bbox 643 1768 740 1796; x_wconf 81' lang='lat' dir='ltr'><strong>Amen.</strong></span> 
     </span>
    </p>
   </div>
   <div class='ocr_carea' id='block_1_68' title="bbox 353 1864 550 1899">
    <p class='ocr_par' dir='ltr' id='par_1_68' title="bbox 353 1864 550 1899">
     <span class='ocr_line' id='line_1_68' title="bbox 353 1864 550 1899; baseline 0.01 -7"><span class='ocrx_word' id='word_1_480' title='bbox 353 1864 470 1893; x_wconf 81' lang='lat' dir='ltr'><strong>SERMO</strong></span> <span class='ocrx_word' id='word_1_481' title='bbox 484 1865 550 1899; x_wconf 75' lang='lat' dir='ltr'><strong>CVI,</strong></span> 
     </span>
    </p>
   </div>
   <div class='ocr_carea' id='block_1_69' title="bbox 108 1910 775 1950">
    <p class='ocr_par' dir='ltr' id='par_1_69' title="bbox 108 1910 775 1950">
     <span class='ocr_line' id='line_1_69' title="bbox 108 1910 775 1950; baseline 0.009 -13"><span class='ocrx_word' id='word_1_482' title='bbox 108 1910 151 1937; x_wconf 83' lang='lat' dir='ltr'><strong>De</strong></span> <span class='ocrx_word' id='word_1_483' title='bbox 167 1910 229 1937; x_wconf 71' lang='lat' dir='ltr'><strong>vitta</strong></span> <span class='ocrx_word' id='word_1_484' title='bbox 243 1911 408 1946; x_wconf 78' lang='lat' dir='ltr'><strong>navigatione</strong></span> <span class='ocrx_word' id='word_1_485' title='bbox 422 1918 519 1940; x_wconf 72' lang='lat' dir='ltr'><strong>nostra:</strong></span> <span class='ocrx_word' id='word_1_486' title='bbox 532 1913 654 1946; x_wconf 77' lang='lat' dir='ltr'><strong>sollicite,</strong></span> <span class='ocrx_word' id='word_1_487' title='bbox 667 1915 775 1950; x_wconf 62' lang='lat' dir='ltr'><strong>vigilem</strong></span> 
     </span>
    </p>
   </div>
   <div class='ocr_carea' id='block_1_70' title="bbox 341 1950 564 1982">
    <p class='ocr_par' dir='ltr' id='par_1_70' title="bbox 341 1950 564 1982">
     <span class='ocr_line' id='line_1_70' title="bbox 341 1950 564 1982; baseline 0.004 -10"><span class='ocrx_word' id='word_1_488' title='bbox 341 1952 429 1981; x_wconf 81' lang='lat' dir='ltr'><strong>terque</strong></span> <span class='ocrx_word' id='word_1_489' title='bbox 442 1950 564 1982; x_wconf 83' lang='lat' dir='ltr'><strong>regenda.</strong></span> 
     </span>
    </p>
   </div>
   <div class='ocr_carea' id='block_1_71' title="bbox 80 1990 843 2026">
    <p class='ocr_par' dir='ltr' id='par_1_71' title="bbox 80 1990 843 2026">
     <span class='ocr_line' id='line_1_71' title="bbox 80 1990 843 2026; baseline 0.012 -9"><span class='ocrx_word' id='word_1_490' title='bbox 80 1991 201 2018; x_wconf 82' lang='lat' dir='ltr'><strong>Fratres</strong></span> <span class='ocrx_word' id='word_1_491' title='bbox 240 1990 404 2026; x_wconf 89' lang='lat' dir='ltr'><strong>Patresque,</strong></span> <span class='ocrx_word' id='word_1_492' title='bbox 425 1993 512 2020; x_wconf 89' lang='lat' dir='ltr'><strong>instar</strong></span> <span class='ocrx_word' id='word_1_493' title='bbox 535 1994 620 2022; x_wconf 88' lang='lat' dir='ltr'><strong>maris</strong></span> <span class='ocrx_word' id='word_1_494' title='bbox 646 1995 766 2025; x_wconf 88' lang='lat' dir='ltr'><strong>humana</strong></span> <span class='ocrx_word' id='word_1_495' title='bbox 788 1997 843 2026; x_wconf 89' lang='lat' dir='ltr'><strong>vita</strong></span> 
     </span>
    </p>
   </div>
   <div class='ocr_carea' id='block_1_72' title="bbox 45 2037 845 2076">
    <p class='ocr_par' dir='ltr' id='par_1_72' title="bbox 45 2037 845 2076">
     <span class='ocr_line' id='line_1_72' title="bbox 45 2037 845 2076; baseline 0.01 -13"><span class='ocrx_word' id='word_1_496' title='bbox 45 2043 97 2071; x_wconf 83' lang='lat' dir='ltr'><strong>est,</strong></span> <span class='ocrx_word' id='word_1_497' title='bbox 120 2037 148 2064; x_wconf 87' lang='lat' dir='ltr'><strong>iu</strong></span> <span class='ocrx_word' id='word_1_498' title='bbox 168 2044 223 2071; x_wconf 84' lang='lat' dir='ltr'><strong>qua</strong></span> <span class='ocrx_word' id='word_1_499' title='bbox 250 2038 352 2069; x_wconf 90' lang='lat' dir='ltr'><strong>cuncti,</strong></span> <span class='ocrx_word' id='word_1_500' title='bbox 375 2045 425 2065; x_wconf 87' lang='lat' dir='ltr'><strong>ceu</strong></span> <span class='ocrx_word' id='word_1_501' title='bbox 453 2040 604 2074; x_wconf 84' lang='lat' dir='ltr'><strong>navigium,</strong></span> <span class='ocrx_word' id='word_1_502' title='bbox 620 2048 721 2076; x_wconf 82' lang='lat' dir='ltr'><strong>corpus</strong></span> <span class='ocrx_word' id='word_1_503' title='bbox 739 2043 790 2071; x_wconf 89' lang='lat' dir='ltr'><strong>hoc</strong></span> <span class='ocrx_word' id='word_1_504' title='bbox 805 2044 845 2071; x_wconf 53' lang='lat' dir='ltr'><strong>in.</strong></span> 
     </span>
    </p>
   </div>
   <div class='ocr_carea' id='block_1_73' title="bbox 45 2082 841 2123">
    <p class='ocr_par' dir='ltr' id='par_1_73' title="bbox 45 2082 841 2123">
     <span class='ocr_line' id='line_1_73' title="bbox 45 2082 841 2123; baseline 0.01 -14"><span class='ocrx_word' id='word_1_505' title='bbox 45 2083 148 2117; x_wconf 83' lang='lat' dir='ltr'><strong>gressi,</strong></span> <span class='ocrx_word' id='word_1_506' title='bbox 171 2082 335 2118; x_wconf 86' lang='lat' dir='ltr'><strong>imaginario</strong></span> <span class='ocrx_word' id='word_1_507' title='bbox 346 2083 499 2118; x_wconf 80' lang='lat' dir='ltr'><strong>trajicimus</strong></span> <span class='ocrx_word' id='word_1_508' title='bbox 512 2093 520 2118; x_wconf 92' lang='lat'><strong>;</strong></span> <span class='ocrx_word' id='word_1_509' title='bbox 538 2093 589 2112; x_wconf 89' lang='lat' dir='ltr'><strong>nec</strong></span> <span class='ocrx_word' id='word_1_510' title='bbox 599 2085 710 2114; x_wconf 81' lang='lat' dir='ltr'><strong>definito</strong></span> <span class='ocrx_word' id='word_1_511' title='bbox 722 2096 841 2123; x_wconf 77' lang='lat' dir='ltr'><strong>quonam</strong></span> 
     </span>
    </p>
   </div>
   <div class='ocr_carea' id='block_1_74' title="bbox 43 2128 842 2169">
    <p class='ocr_par' dir='ltr' id='par_1_74' title="bbox 43 2128 842 2169">
     <span class='ocr_line' id='line_1_74' title="bbox 43 2128 842 2169; baseline 0.008 -13"><span class='ocrx_word' id='word_1_512' title='bbox 43 2135 174 2164; x_wconf 87' lang='lat' dir='ltr'><strong>tempore</strong></span> <span class='ocrx_word' id='word_1_513' title='bbox 187 2132 218 2156; x_wconf 90' lang='lat' dir='ltr'><strong>ut</strong></span> <span class='ocrx_word' id='word_1_514' title='bbox 238 2129 284 2163; x_wconf 90' lang='lat' dir='ltr'><strong>qui</strong></span> <span class='ocrx_word' id='word_1_515' title='bbox 308 2128 360 2156; x_wconf 87' lang='lat' dir='ltr'><strong>sub</strong></span> <span class='ocrx_word' id='word_1_516' title='bbox 374 2136 487 2158; x_wconf 84' lang='lat' dir='ltr'><strong>sensum</strong></span> <span class='ocrx_word' id='word_1_517' title='bbox 503 2131 658 2165; x_wconf 90' lang='lat' dir='ltr'><strong>subjectum</strong></span> <span class='ocrx_word' id='word_1_518' title='bbox 672 2141 766 2168; x_wconf 72' lang='lat' dir='ltr'><strong>aequor</strong></span> <span class='ocrx_word' id='word_1_519' title='bbox 781 2143 842 2169; x_wconf 89' lang='lat' dir='ltr'><strong>per-</strong></span> 
     </span>
    </p>
   </div>
   <div class='ocr_carea' id='block_1_75' title="bbox 43 2175 838 2215">
    <p class='ocr_par' dir='ltr' id='par_1_75' title="bbox 43 2175 838 2215">
     <span class='ocr_line' id='line_1_75' title="bbox 43 2175 838 2215; baseline 0.008 -13"><span class='ocrx_word' id='word_1_520' title='bbox 43 2181 149 2207; x_wconf 82' lang='lat' dir='ltr'><strong>meent,</strong></span> <span class='ocrx_word' id='word_1_521' title='bbox 170 2182 246 2201; x_wconf 86' lang='lat' dir='ltr'><strong>nunc</strong></span> <span class='ocrx_word' id='word_1_522' title='bbox 264 2175 436 2209; x_wconf 82' lang='lat' dir='ltr'><strong>navigantes,</strong></span> <span class='ocrx_word' id='word_1_523' title='bbox 454 2183 530 2203; x_wconf 87' lang='lat' dir='ltr'><strong>nunc</strong></span> <span class='ocrx_word' id='word_1_524' title='bbox 549 2177 576 2204; x_wconf 93' lang='lat' dir='ltr'><strong>in</strong></span> <span class='ocrx_word' id='word_1_525' title='bbox 593 2182 701 2213; x_wconf 86' lang='lat' dir='ltr'><strong>portum</strong></span> <span class='ocrx_word' id='word_1_526' title='bbox 720 2181 838 2215; x_wconf 84' lang='lat' dir='ltr'><strong>appulsi,</strong></span> 
     </span>
    </p>
   </div>
   <div class='ocr_carea' id='block_1_76' title="bbox 42 2221 837 2260">
    <p class='ocr_par' dir='ltr' id='par_1_76' title="bbox 42 2221 837 2260">
     <span class='ocr_line' id='line_1_76' title="bbox 42 2221 837 2260; baseline 0.01 -13"><span class='ocrx_word' id='word_1_527' title='bbox 42 2222 110 2255; x_wconf 90' lang='lat' dir='ltr'><strong>quin</strong></span> <span class='ocrx_word' id='word_1_528' title='bbox 129 2221 247 2248; x_wconf 86' lang='lat' dir='ltr'><strong>assidue</strong></span> <span class='ocrx_word' id='word_1_529' title='bbox 260 2221 434 2256; x_wconf 86' lang='lat' dir='ltr'><strong>navigamus.</strong></span> <span class='ocrx_word' id='word_1_530' title='bbox 447 2221 515 2254; x_wconf 90' lang='lat' dir='ltr'><strong>dies,</strong></span> <span class='ocrx_word' id='word_1_531' title='bbox 529 2228 687 2260; x_wconf 82' lang='lat' dir='ltr'><strong>noctesque,</strong></span> <span class='ocrx_word' id='word_1_532' title='bbox 701 2233 752 2254; x_wconf 91' lang='lat' dir='ltr'><strong>nec</strong></span> <span class='ocrx_word' id='word_1_533' title='bbox 769 2227 837 2255; x_wconf 89' lang='lat' dir='ltr'><strong>citra</strong></span> 
     </span>
    </p>
   </div>
   <div class='ocr_carea' id='block_1_77' title="bbox 41 2268 838 2307">
    <p class='ocr_par' dir='ltr' id='par_1_77' title="bbox 41 2268 838 2307">
     <span class='ocr_line' id='line_1_77' title="bbox 41 2268 838 2307; baseline 0.009 -14"><span class='ocrx_word' id='word_1_534' title='bbox 41 2268 160 2299; x_wconf 78' lang='lat' dir='ltr'><strong>fluctus,</strong></span> <span class='ocrx_word' id='word_1_535' title='bbox 178 2274 210 2293; x_wconf 88' lang='lat' dir='ltr'><strong>ac</strong></span> <span class='ocrx_word' id='word_1_536' title='bbox 232 2270 435 2301; x_wconf 87' lang='lat' dir='ltr'><strong>tempestatem,</strong></span> <span class='ocrx_word' id='word_1_537' title='bbox 456 2272 487 2295; x_wconf 90' lang='lat' dir='ltr'><strong>ut</strong></span> <span class='ocrx_word' id='word_1_538' title='bbox 500 2268 569 2296; x_wconf 83' lang='lat' dir='ltr'><strong>nihil</strong></span> <span class='ocrx_word' id='word_1_539' title='bbox 588 2270 678 2297; x_wconf 87' lang='lat' dir='ltr'><strong>dicam</strong></span> <span class='ocrx_word' id='word_1_540' title='bbox 695 2276 775 2299; x_wconf 82' lang='lat' dir='ltr'><strong>atrox</strong></span> <span class='ocrx_word' id='word_1_541' title='bbox 787 2280 838 2307; x_wconf 80' lang='lat' dir='ltr'><strong>pe~</strong></span> 
     </span>
    </p>
   </div>
   <div class='ocr_carea' id='block_1_78' title="bbox 42 2311 838 2351">
    <p class='ocr_par' dir='ltr' id='par_1_78' title="bbox 42 2311 838 2351">
     <span class='ocr_line' id='line_1_78' title="bbox 42 2311 838 2351; baseline 0.008 -12"><span class='ocrx_word' id='word_1_542' title='bbox 42 2313 122 2347; x_wconf 84' lang='lat' dir='ltr'><strong>lagus</strong></span> <span class='ocrx_word' id='word_1_543' title='bbox 140 2311 296 2346; x_wconf 86' lang='lat' dir='ltr'><strong>objectum,</strong></span> <span class='ocrx_word' id='word_1_544' title='bbox 311 2319 401 2347; x_wconf 90' lang='lat' dir='ltr'><strong>neque</strong></span> <span class='ocrx_word' id='word_1_545' title='bbox 413 2317 493 2340; x_wconf 88' lang='lat' dir='ltr'><strong>atrox</strong></span> <span class='ocrx_word' id='word_1_546' title='bbox 508 2314 609 2347; x_wconf 89' lang='lat' dir='ltr'><strong>solum,</strong></span> <span class='ocrx_word' id='word_1_547' title='bbox 625 2315 672 2343; x_wconf 88' lang='lat' dir='ltr'><strong>sed</strong></span> <span class='ocrx_word' id='word_1_548' title='bbox 699 2316 838 2351; x_wconf 88' lang='lat' dir='ltr'><strong>impendio</strong></span> 
     </span>
    </p>
   </div>
   <div class='ocr_carea' id='block_1_79' title="bbox 40 2358 838 2397">
    <p class='ocr_par' dir='ltr' id='par_1_79' title="bbox 40 2358 838 2397">
     <span class='ocr_line' id='line_1_79' title="bbox 40 2358 838 2397; baseline 0.01 -13"><span class='ocrx_word' id='word_1_549' title='bbox 40 2363 163 2390; x_wconf 75' lang='lat' dir='ltr'><strong>vastum,</strong></span> <span class='ocrx_word' id='word_1_550' title='bbox 177 2359 294 2392; x_wconf 70' lang='lat' dir='ltr'><strong>vitaeque</strong></span> <span class='ocrx_word' id='word_1_551' title='bbox 306 2358 444 2386; x_wconf 88' lang='lat' dir='ltr'><strong>curriculo</strong></span> <span class='ocrx_word' id='word_1_552' title='bbox 455 2364 557 2388; x_wconf 62' lang='lat' dir='ltr'><strong>nostra</strong></span> <span class='ocrx_word' id='word_1_553' title='bbox 570 2361 746 2397; x_wconf 87' lang='lat' dir='ltr'><strong>descriptum.</strong></span> <span class='ocrx_word' id='word_1_554' title='bbox 759 2363 838 2397; x_wconf 88' lang='lat' dir='ltr'><strong>Quod</strong></span> 
     </span>
    </p>
   </div>
   <div class='ocr_carea' id='block_1_80' title="bbox 39 2404 837 2444">
    <p class='ocr_par' dir='ltr' id='par_1_80' title="bbox 39 2404 837 2444">
     <span class='ocr_line' id='line_1_80' title="bbox 39 2404 837 2444; baseline 0.008 -14"><span class='ocrx_word' id='word_1_555' title='bbox 39 2405 93 2431; x_wconf 78' lang='lat' dir='ltr'><strong>dici</strong></span> <span class='ocrx_word' id='word_1_556' title='bbox 107 2412 167 2431; x_wconf 87' lang='lat' dir='ltr'><strong>non</strong></span> <span class='ocrx_word' id='word_1_557' title='bbox 188 2408 278 2438; x_wconf 86' lang='lat' dir='ltr'><strong>potest</strong></span> <span class='ocrx_word' id='word_1_558' title='bbox 295 2404 407 2438; x_wconf 84' lang='lat' dir='ltr'><strong>quantis</strong></span> <span class='ocrx_word' id='word_1_559' title='bbox 422 2405 551 2440; x_wconf 88' lang='lat' dir='ltr'><strong>procellis</strong></span> <span class='ocrx_word' id='word_1_560' title='bbox 568 2414 625 2441; x_wconf 76' lang='lat' dir='ltr'><strong>pra:</strong></span> <span class='ocrx_word' id='word_1_561' title='bbox 635 2408 763 2442; x_wconf 81' lang='lat' dir='ltr'><strong>malignis</strong></span> <span class='ocrx_word' id='word_1_562' title='bbox 780 2411 837 2444; x_wconf 85' lang='lat' dir='ltr'><strong>spi-</strong></span> 
     </span>
    </p>
   </div>
   <div class='ocr_carea' id='block_1_81' title="bbox 40 2448 838 2489">
    <p class='ocr_par' dir='ltr' id='par_1_81' title="bbox 40 2448 838 2489">
     <span class='ocr_line' id='line_1_81' title="bbox 40 2448 838 2489; baseline 0.008 -13"><span class='ocrx_word' id='word_1_563' title='bbox 40 2449 142 2476; x_wconf 84' lang='lat' dir='ltr'><strong>ritibus</strong></span> <span class='ocrx_word' id='word_1_564' title='bbox 168 2448 352 2481; x_wconf 83' lang='lat' dir='ltr'><strong>inhorrescat,</strong></span> <span class='ocrx_word' id='word_1_565' title='bbox 369 2455 470 2484; x_wconf 86' lang='lat' dir='ltr'><strong>quotve</strong></span> <span class='ocrx_word' id='word_1_566' title='bbox 491 2451 785 2482; x_wconf 67' lang='lat' dir='ltr'><strong>incurrantdaemones</strong></span> <span class='ocrx_word' id='word_1_567' title='bbox 799 2455 838 2489; x_wconf 88' lang='lat' dir='ltr'><strong>pi-</strong></span> 
     </span>
    </p>
   </div>
   <div class='ocr_carea' id='block_1_82' title="bbox 41 2495 836 2534">
    <p class='ocr_par' dir='ltr' id='par_1_82' title="bbox 41 2495 836 2534">
     <span class='ocr_line' id='line_1_82' title="bbox 41 2495 836 2534; baseline 0.01 -14"><span class='ocrx_word' id='word_1_568' title='bbox 41 2501 117 2528; x_wconf 63' lang='lat' dir='ltr'><strong>rata,</strong></span> <span class='ocrx_word' id='word_1_569' title='bbox 137 2495 259 2530; x_wconf 90' lang='lat' dir='ltr'><strong>quinos</strong></span> <span class='ocrx_word' id='word_1_570' title='bbox 285 2495 456 2530; x_wconf 86' lang='lat' dir='ltr'><strong>demergant.</strong></span> <span class='ocrx_word' id='word_1_571' title='bbox 483 2496 512 2524; x_wconf 87' lang='lat' dir='ltr'><strong>id</strong></span> <span class='ocrx_word' id='word_1_572' title='bbox 533 2497 601 2525; x_wconf 87' lang='lat' dir='ltr'><strong>adeo</strong></span> <span class='ocrx_word' id='word_1_573' title='bbox 626 2506 680 2525; x_wconf 92' lang='lat' dir='ltr'><strong>non</strong></span> <span class='ocrx_word' id='word_1_574' title='bbox 705 2499 836 2534; x_wconf 87' lang='lat' dir='ltr'><strong>ignorans</strong></span> 
     </span>
    </p>
   </div>
   <div class='ocr_carea' id='block_1_83' title="bbox 41 2540 835 2576">
    <p class='ocr_par' dir='ltr' id='par_1_83' title="bbox 41 2540 835 2576">
     <span class='ocr_line' id='line_1_83' title="bbox 41 2540 835 2576; baseline 0.005 -8"><span class='ocrx_word' id='word_1_575' title='bbox 41 2546 154 2569; x_wconf 80' lang='lat' dir='ltr'><strong>sancms</strong></span> <span class='ocrx_word' id='word_1_576' title='bbox 183 2540 268 2568; x_wconf 79' lang='lat' dir='ltr'><strong>David</strong></span> <span class='ocrx_word' id='word_1_577' title='bbox 294 2541 487 2576; x_wconf 87' lang='lat' dir='ltr'><strong>precabundus</strong></span> <span class='ocrx_word' id='word_1_578' title='bbox 506 2543 617 2572; x_wconf 82' lang='lat' dir='ltr'><strong>dicere:</strong></span> <span class='ocrx_word' id='word_1_579' title='bbox 634 2543 730 2571; x_wconf 87' lang='lat' dir='ltr'><strong>Libera</strong></span> <span class='ocrx_word' id='word_1_580' title='bbox 750 2553 790 2572; x_wconf 88' lang='lat' dir='ltr'><strong>me</strong></span> <span class='ocrx_word' id='word_1_581' title='bbox 803 2545 835 2572; x_wconf 85' lang='lat' dir='ltr'><strong>ab</strong></span> 
     </span>
    </p>
   </div>
   <div class='ocr_carea' id='block_1_84' title="bbox 40 2586 835 2624">
    <p class='ocr_par' dir='ltr' id='par_1_84' title="bbox 40 2586 835 2624">
     <span class='ocr_line' id='line_1_84' title="bbox 40 2586 835 2624; baseline 0.006 -12"><span class='ocrx_word' id='word_1_582' title='bbox 40 2587 79 2614; x_wconf 80' lang='lat' dir='ltr'><strong>In&#39;s</strong></span> <span class='ocrx_word' id='word_1_583' title='bbox 93 2587 141 2621; x_wconf 79' lang='lat' dir='ltr'><strong>qui</strong></span> <span class='ocrx_word' id='word_1_584' title='bbox 155 2586 270 2613; x_wconf 79' lang='lat' dir='ltr'><strong>oderunt</strong></span> <span class='ocrx_word' id='word_1_585' title='bbox 291 2594 342 2620; x_wconf 86' lang='lat' dir='ltr'><strong>me,</strong></span> <span class='ocrx_word' id='word_1_586' title='bbox 355 2590 379 2613; x_wconf 85' lang='lat' dir='ltr'><strong>et</strong></span> <span class='ocrx_word' id='word_1_587' title='bbox 395 2586 429 2614; x_wconf 88' lang='lat' dir='ltr'><strong>de</strong></span> <span class='ocrx_word' id='word_1_588' title='bbox 450 2587 591 2621; x_wconf 80' lang='lat' dir='ltr'><strong>profundis</strong></span> <span class='ocrx_word' id='word_1_589' title='bbox 609 2597 752 2624; x_wconf 80' lang='lat' dir='ltr'><strong>aquarum.</strong></span> <span class='ocrx_word' id='word_1_590' title='bbox 772 2589 835 2617; x_wconf 86' lang='lat' dir='ltr'><strong>Non</strong></span> 
     </span>
    </p>
   </div>
   <div class='ocr_carea' id='block_1_85' title="bbox 40 2634 838 2669">
    <p class='ocr_par' dir='ltr' id='par_1_85' title="bbox 40 2634 838 2669">
     <span class='ocr_line' id='line_1_85' title="bbox 40 2634 838 2669; baseline 0.006 -11"><span class='ocrx_word' id='word_1_591' title='bbox 40 2642 79 2660; x_wconf 83' lang='lat' dir='ltr'><strong>me</strong></span> <span class='ocrx_word' id='word_1_592' title='bbox 93 2634 236 2668; x_wconf 74' lang='lat' dir='ltr'><strong>demerget</strong></span> <span class='ocrx_word' id='word_1_593' title='bbox 251 2637 391 2667; x_wconf 76' lang='lat' dir='ltr'><strong>tempestas</strong></span> <span class='ocrx_word' id='word_1_594' title='bbox 418 2641 505 2667; x_wconf 67' lang='lat' dir='ltr'><strong>aquas,</strong></span> <span class='ocrx_word' id='word_1_595' title='bbox 534 2641 615 2669; x_wconf 82' lang='lat' dir='ltr'><strong>neque</strong></span> <span class='ocrx_word' id='word_1_596' title='bbox 637 2635 777 2662; x_wconf 76' lang='lat' dir='ltr'><strong>absorbent</strong></span> <span class='ocrx_word' id='word_1_597' title='bbox 796 2644 838 2663; x_wconf 87' lang='lat' dir='ltr'><strong>me</strong></span> 
     </span>
    </p>
   </div>
   <div class='ocr_carea' id='block_1_86' title="bbox 40 2679 835 2714">
    <p class='ocr_par' dir='ltr' id='par_1_86' title="bbox 40 2679 835 2714">
     <span class='ocr_line' id='line_1_86' title="bbox 40 2679 835 2714; baseline 0.006 -9"><span class='ocrx_word' id='word_1_598' title='bbox 40 2679 217 2714; x_wconf 74' lang='lat' dir='ltr'><strong>profundum,</strong></span> <span class='ocrx_word' id='word_1_599' title='bbox 233 2686 316 2713; x_wconf 79' lang='lat' dir='ltr'><strong>neque</strong></span> <span class='ocrx_word' id='word_1_600' title='bbox 327 2683 419 2713; x_wconf 84' lang='lat' dir='ltr'><strong>urgeat</strong></span> <span class='ocrx_word' id='word_1_601' title='bbox 436 2687 515 2713; x_wconf 86' lang='lat' dir='ltr'><strong>super</strong></span> <span class='ocrx_word' id='word_1_602' title='bbox 533 2687 573 2706; x_wconf 86' lang='lat' dir='ltr'><strong>me</strong></span> <span class='ocrx_word' id='word_1_603' title='bbox 586 2685 680 2714; x_wconf 82' lang='lat' dir='ltr'><strong>puteus</strong></span> <span class='ocrx_word' id='word_1_604' title='bbox 704 2689 732 2708; x_wconf 82' lang='lat' dir='ltr'><strong>os</strong></span> <span class='ocrx_word' id='word_1_605' title='bbox 747 2690 835 2710; x_wconf 83' lang='lat' dir='ltr'><strong>suum.</strong></span> 
     </span>
    </p>
   </div>
   <div class='ocr_carea' id='block_1_87' title="bbox 40 2723 835 2758">
    <p class='ocr_par' dir='ltr' id='par_1_87' title="bbox 40 2723 835 2758">
     <span class='ocr_line' id='line_1_87' title="bbox 40 2723 835 2758; baseline 0.006 -8"><span class='ocrx_word' id='word_1_606' title='bbox 40 2725 119 2757; x_wconf 73' lang='lat' dir='ltr'><strong>Quod</strong></span> <span class='ocrx_word' id='word_1_607' title='bbox 137 2724 163 2750; x_wconf 88' lang='lat' dir='ltr'><strong>si</strong></span> <span class='ocrx_word' id='word_1_608' title='bbox 179 2723 277 2756; x_wconf 89' lang='lat' dir='ltr'><strong>David,</strong></span> <span class='ocrx_word' id='word_1_609' title='bbox 295 2723 369 2756; x_wconf 83' lang='lat' dir='ltr'><strong>talis,</strong></span> <span class='ocrx_word' id='word_1_610' title='bbox 389 2728 534 2758; x_wconf 85' lang='lat' dir='ltr'><strong>tantusque</strong></span> <span class='ocrx_word' id='word_1_611' title='bbox 546 2725 737 2758; x_wconf 87' lang='lat' dir='ltr'><strong>extimescere,</strong></span> <span class='ocrx_word' id='word_1_612' title='bbox 752 2734 785 2754; x_wconf 87' lang='lat' dir='ltr'><strong>ac</strong></span> <span class='ocrx_word' id='word_1_613' title='bbox 800 2735 835 2756; x_wconf 94' lang='lat' dir='ltr'><strong>ne</strong></span> 
     </span>
    </p>
   </div>
   <div class='ocr_carea' id='block_1_88' title="bbox 80 2769 838 2806">
    <p class='ocr_par' dir='ltr' id='par_1_88' title="bbox 80 2769 838 2806">
     <span class='ocr_line' id='line_1_88' title="bbox 80 2769 838 2806; baseline 0 -6"><span class='ocrx_word' id='word_1_614' title='bbox 80 2775 104 2789; x_wconf 78' lang='lat'>&quot;</span> <span class='ocrx_word' id='word_1_615' title='bbox 119 2773 130 2800; x_wconf 86' lang='grc'><strong>1</strong></span> <span class='ocrx_word' id='word_1_616' title='bbox 148 2773 213 2801; x_wconf 88' lang='lat' dir='ltr'><strong>Cor.</strong></span> <span class='ocrx_word' id='word_1_617' title='bbox 230 2780 272 2805; x_wconf 85' lang='lat' dir='ltr'><strong>nl,</strong></span> <span class='ocrx_word' id='word_1_618' title='bbox 293 2772 338 2800; x_wconf 73' lang='lat' dir='ltr'><strong>I5.</strong></span> <span class='ocrx_word' id='word_1_619' title='bbox 377 2771 400 2788; x_wconf 76' lang='lat'><strong>&quot;</strong></span> <span class='ocrx_word' id='word_1_620' title='bbox 414 2771 479 2799; x_wconf 86' lang='lat' dir='ltr'><strong>ibid.</strong></span> <span class='ocrx_word' id='word_1_621' title='bbox 496 2770 540 2798; x_wconf 78' lang='lat' dir='ltr'><strong>l7.</strong></span> <span class='ocrx_word' id='word_1_622' title='bbox 580 2770 604 2787; x_wconf 70' lang='grc' dir='ltr'><strong>δ’</strong></span> <span class='ocrx_word' id='word_1_623' title='bbox 623 2769 739 2806; x_wconf 79' lang='lat' dir='ltr'><strong>Philipp.</strong></span> <span class='ocrx_word' id='word_1_624' title='bbox 758 2779 777 2805; x_wconf 84' lang='lat' dir='ltr'><strong>i,</strong></span> <span class='ocrx_word' id='word_1_625' title='bbox 794 2772 838 2800; x_wconf 78' lang='grc' dir='ltr'><strong>Η.</strong></span> 
     </span>
    </p>
   </div>
   <div class='ocr_carea' id='block_1_89' title="bbox 82 2817 854 2855">
    <p class='ocr_par' dir='ltr' id='par_1_89' title="bbox 82 2817 854 2855">
     <span class='ocr_line' id='line_1_89' title="bbox 82 2817 854 2855; baseline -0.003 -7"><span class='ocrx_word' id='word_1_626' title='bbox 82 2821 143 2855; x_wconf 70' lang='lat'><strong>(26)</strong></span> <span class='ocrx_word' id='word_1_627' title='bbox 163 2819 195 2847; x_wconf 93' lang='lat' dir='ltr'><strong>D.</strong></span> <span class='ocrx_word' id='word_1_628' title='bbox 210 2819 296 2847; x_wconf 85' lang='lat' dir='ltr'><strong>Basil.</strong></span> <span class='ocrx_word' id='word_1_629' title='bbox 310 2819 384 2846; x_wconf 88' lang='lat' dir='ltr'><strong>Orat.</strong></span> <span class='ocrx_word' id='word_1_630' title='bbox 399 2819 446 2850; x_wconf 76' lang='grc' dir='ltr'>Εἰς</span> <span class='ocrx_word' id='word_1_631' title='bbox 457 2817 507 2854; x_wconf 80' lang='grc' dir='ltr'><strong>τὴν</strong></span> <span class='ocrx_word' id='word_1_632' title='bbox 518 2817 605 2854; x_wconf 80' lang='grc' dir='ltr'><strong>ἀρχὴν</strong></span> <span class='ocrx_word' id='word_1_633' title='bbox 616 2817 670 2845; x_wconf 84' lang='grc' dir='ltr'><strong>τῶν</strong></span> <span class='ocrx_word' id='word_1_634' title='bbox 683 2818 854 2855; x_wconf 81' lang='grc' dir='ltr'><strong>Παροιμιῶν.</strong></span> 
     </span>
    </p>
   </div>
   <div class='ocr_carea' id='block_1_90' title="bbox 896 1496 1685 1543">
    <p class='ocr_par' dir='ltr' id='par_1_90' title="bbox 896 1496 1685 1543">
     <span class='ocr_line' id='line_1_90' title="bbox 896 1496 1685 1543; baseline 0.019 -22"><span class='ocrx_word' id='word_1_635' title='bbox 896 1496 967 1523; x_wconf 89' lang='lat' dir='ltr'><strong>unde</strong></span> <span class='ocrx_word' id='word_1_636' title='bbox 977 1498 1091 1531; x_wconf 82' lang='lat' dir='ltr'><strong>excidit,</strong></span> <span class='ocrx_word' id='word_1_637' title='bbox 1117 1500 1259 1529; x_wconf 89' lang='lat' dir='ltr'><strong>tendentes</strong></span> <span class='ocrx_word' id='word_1_638' title='bbox 1274 1504 1436 1538; x_wconf 88' lang='lat' dir='ltr'><strong>conspicati.</strong></span> <span class='ocrx_word' id='word_1_639' title='bbox 1457 1505 1556 1541; x_wconf 71' lang='lat' dir='ltr'><strong>.Atque</strong></span> <span class='ocrx_word' id='word_1_640' title='bbox 1576 1508 1598 1535; x_wconf 91' lang='lat' dir='ltr'><strong>is</strong></span> <span class='ocrx_word' id='word_1_641' title='bbox 1611 1508 1685 1543; x_wconf 83' lang='lat' dir='ltr'><strong>ejus-</strong></span> 
     </span>
    </p>
   </div>
   <div class='ocr_carea' id='block_1_91' title="bbox 895 1541 1683 1589">
    <p class='ocr_par' dir='ltr' id='par_1_91' title="bbox 895 1541 1683 1589">
     <span class='ocr_line' id='line_1_91' title="bbox 895 1541 1683 1589; baseline 0.018 -22"><span class='ocrx_word' id='word_1_642' title='bbox 895 1541 967 1568; x_wconf 76' lang='lat' dir='ltr'><strong>uiodi</strong></span> <span class='ocrx_word' id='word_1_643' title='bbox 981 1549 1047 1570; x_wconf 87' lang='lat' dir='ltr'><strong>sane</strong></span> <span class='ocrx_word' id='word_1_644' title='bbox 1062 1548 1115 1576; x_wconf 85' lang='lat' dir='ltr'><strong>est,</strong></span> <span class='ocrx_word' id='word_1_645' title='bbox 1135 1549 1265 1581; x_wconf 89' lang='lat' dir='ltr'><strong>tantaque</strong></span> <span class='ocrx_word' id='word_1_646' title='bbox 1276 1548 1420 1576; x_wconf 89' lang='lat' dir='ltr'><strong>nobiscum</strong></span> <span class='ocrx_word' id='word_1_647' title='bbox 1435 1552 1544 1578; x_wconf 81' lang='lat' dir='ltr'><strong>vesania</strong></span> <span class='ocrx_word' id='word_1_648' title='bbox 1553 1541 1683 1589; x_wconf 80' lang='lat' dir='ltr'><strong>conﬂigit:</strong></span> 
     </span>
    </p>
   </div>
   <div class='ocr_carea' id='block_1_92' title="bbox 895 1588 1684 1633">
    <p class='ocr_par' dir='ltr' id='par_1_92' title="bbox 895 1588 1684 1633">
     <span class='ocr_line' id='line_1_92' title="bbox 895 1588 1684 1633; baseline 0.016 -20"><span class='ocrx_word' id='word_1_649' title='bbox 895 1590 1023 1614; x_wconf 64' lang='lat' dir='ltr'><strong>caeterum</strong></span> <span class='ocrx_word' id='word_1_650' title='bbox 1040 1595 1100 1621; x_wconf 84' lang='lat' dir='ltr'><strong>nos,</strong></span> <span class='ocrx_word' id='word_1_651' title='bbox 1118 1588 1228 1623; x_wconf 84' lang='lat' dir='ltr'><strong>fratres,</strong></span> <span class='ocrx_word' id='word_1_652' title='bbox 1243 1599 1297 1626; x_wconf 91' lang='lat' dir='ltr'><strong>qua</strong></span> <span class='ocrx_word' id='word_1_653' title='bbox 1309 1594 1398 1627; x_wconf 85' lang='lat' dir='ltr'><strong>parvi,</strong></span> <span class='ocrx_word' id='word_1_654' title='bbox 1413 1602 1467 1630; x_wconf 83' lang='lat' dir='ltr'><strong>qua</strong></span> <span class='ocrx_word' id='word_1_655' title='bbox 1494 1598 1596 1631; x_wconf 87' lang='lat' dir='ltr'><strong>magni,</strong></span> <span class='ocrx_word' id='word_1_656' title='bbox 1628 1588 1684 1633; x_wconf 88' lang='lat' dir='ltr'><strong>qua</strong></span> 
     </span>
    </p>
   </div>
   <div class='ocr_carea' id='block_1_93' title="bbox 890 1630 1681 1676">
    <p class='ocr_par' dir='ltr' id='par_1_93' title="bbox 890 1630 1681 1676">
     <span class='ocr_line' id='line_1_93' title="bbox 890 1630 1681 1676; baseline 0.016 -18"><span class='ocrx_word' id='word_1_657' title='bbox 890 1630 1016 1666; x_wconf 82' lang='lat' dir='ltr'><strong>juvenes,</strong></span> <span class='ocrx_word' id='word_1_658' title='bbox 1035 1641 1088 1668; x_wconf 88' lang='lat' dir='ltr'><strong>qua</strong></span> <span class='ocrx_word' id='word_1_659' title='bbox 1103 1641 1193 1669; x_wconf 87' lang='lat' dir='ltr'><strong>senes,</strong></span> <span class='ocrx_word' id='word_1_660' title='bbox 1210 1637 1353 1666; x_wconf 86' lang='lat' dir='ltr'><strong>unanimes</strong></span> <span class='ocrx_word' id='word_1_661' title='bbox 1374 1640 1507 1673; x_wconf 86' lang='lat' dir='ltr'><strong>universi,</strong></span> <span class='ocrx_word' id='word_1_662' title='bbox 1527 1641 1581 1669; x_wconf 86' lang='lat' dir='ltr'><strong>Deo</strong></span> <span class='ocrx_word' id='word_1_663' title='bbox 1598 1643 1681 1676; x_wconf 83' lang='lat' dir='ltr'><strong>duco,</strong></span> 
     </span>
    </p>
   </div>
   <div class='ocr_carea' id='block_1_94' title="bbox 893 1677 1684 1722">
    <p class='ocr_par' dir='ltr' id='par_1_94' title="bbox 893 1677 1684 1722">
     <span class='ocr_line' id='line_1_94' title="bbox 893 1677 1684 1722; baseline 0.014 -19"><span class='ocrx_word' id='word_1_664' title='bbox 893 1677 992 1704; x_wconf 83' lang='lat' dir='ltr'><strong>studiis</strong></span> <span class='ocrx_word' id='word_1_665' title='bbox 1008 1679 1113 1712; x_wconf 87' lang='lat' dir='ltr'><strong>multis,</strong></span> <span class='ocrx_word' id='word_1_666' title='bbox 1125 1687 1158 1708; x_wconf 89' lang='lat' dir='ltr'><strong>ac</strong></span> <span class='ocrx_word' id='word_1_667' title='bbox 1172 1681 1313 1711; x_wconf 88' lang='lat' dir='ltr'><strong>laboribus</strong></span> <span class='ocrx_word' id='word_1_668' title='bbox 1328 1685 1441 1719; x_wconf 63' lang='lat' dir='ltr'><strong>quaesita</strong></span> <span class='ocrx_word' id='word_1_669' title='bbox 1462 1692 1619 1722; x_wconf 85' lang='lat' dir='ltr'><strong>satagamus</strong></span> <span class='ocrx_word' id='word_1_670' title='bbox 1640 1697 1684 1715; x_wconf 80' lang='lat' dir='ltr'><strong>ne-</strong></span> 
     </span>
    </p>
   </div>
   <div class='ocr_carea' id='block_1_95' title="bbox 893 1727 1684 1764">
    <p class='ocr_par' dir='ltr' id='par_1_95' title="bbox 893 1727 1684 1764">
     <span class='ocr_line' id='line_1_95' title="bbox 893 1727 1684 1764; baseline 0.019 -16"><span class='ocrx_word' id='word_1_671' title='bbox 893 1730 1031 1758; x_wconf 87' lang='lat' dir='ltr'><strong>quaquam</strong></span> <span class='ocrx_word' id='word_1_672' title='bbox 1053 1732 1100 1758; x_wconf 87' lang='lat' dir='ltr'><strong>per</strong></span> <span class='ocrx_word' id='word_1_673' title='bbox 1117 1727 1310 1762; x_wconf 83' lang='lat' dir='ltr'><strong>negligentiam</strong></span> <span class='ocrx_word' id='word_1_674' title='bbox 1325 1731 1448 1764; x_wconf 87' lang='lat' dir='ltr'><strong>perdere,</strong></span> <span class='ocrx_word' id='word_1_675' title='bbox 1481 1734 1577 1760; x_wconf 89' lang='lat' dir='ltr'><strong>mundi</strong></span> <span class='ocrx_word' id='word_1_676' title='bbox 1596 1742 1684 1762; x_wconf 81' lang='lat' dir='ltr'><strong>seces-</strong></span> 
     </span>
    </p>
   </div>
   <div class='ocr_carea' id='block_1_96' title="bbox 892 1769 1683 1814">
    <p class='ocr_par' dir='ltr' id='par_1_96' title="bbox 892 1769 1683 1814">
     <span class='ocr_line' id='line_1_96' title="bbox 892 1769 1683 1814; baseline 0.018 -19"><span class='ocrx_word' id='word_1_677' title='bbox 892 1769 1213 1806; x_wconf 82' lang='lat' dir='ltr'><strong>sionetn,obedientiam,</strong></span> <span class='ocrx_word' id='word_1_678' title='bbox 1228 1777 1447 1810; x_wconf 86' lang='lat' dir='ltr'><strong>temperantiam,</strong></span> <span class='ocrx_word' id='word_1_679' title='bbox 1463 1779 1607 1814; x_wconf 84' lang='lat' dir='ltr'><strong>lacrymas,</strong></span> <span class='ocrx_word' id='word_1_680' title='bbox 1621 1789 1683 1808; x_wconf 88' lang='lat' dir='ltr'><strong>con-</strong></span> 
     </span>
    </p>
   </div>
   <div class='ocr_carea' id='block_1_97' title="bbox 892 1813 1681 1861">
    <p class='ocr_par' dir='ltr' id='par_1_97' title="bbox 892 1813 1681 1861">
     <span class='ocr_line' id='line_1_97' title="bbox 892 1813 1681 1861; baseline 0.016 -21"><span class='ocrx_word' id='word_1_681' title='bbox 892 1813 1054 1849; x_wconf 87' lang='lat' dir='ltr'><strong>fessionem,</strong></span> <span class='ocrx_word' id='word_1_682' title='bbox 1072 1821 1126 1844; x_wconf 90' lang='lat' dir='ltr'><strong>tam</strong></span> <span class='ocrx_word' id='word_1_683' title='bbox 1141 1825 1277 1853; x_wconf 88' lang='lat' dir='ltr'><strong>nuperam</strong></span> <span class='ocrx_word' id='word_1_684' title='bbox 1313 1828 1397 1856; x_wconf 87' lang='lat' dir='ltr'><strong>quam</strong></span> <span class='ocrx_word' id='word_1_685' title='bbox 1413 1813 1575 1857; x_wconf 61' lang='lat' dir='ltr'><strong>praesentem</strong></span> <span class='ocrx_word' id='word_1_686' title='bbox 1589 1835 1596 1854; x_wconf 87' lang='lat'>:</span> <span class='ocrx_word' id='word_1_687' title='bbox 1614 1827 1681 1861; x_wconf 89' lang='lat' dir='ltr'><strong>quin</strong></span> 
     </span>
    </p>
   </div>
   <div class='ocr_carea' id='block_1_98' title="bbox 891 1857 1680 1904">
    <p class='ocr_par' dir='ltr' id='par_1_98' title="bbox 891 1857 1680 1904">
     <span class='ocr_line' id='line_1_98' title="bbox 891 1857 1680 1904; baseline 0.018 -19"><span class='ocrx_word' id='word_1_688' title='bbox 891 1857 988 1894; x_wconf 87' lang='lat' dir='ltr'><strong>vigiles</strong></span> <span class='ocrx_word' id='word_1_689' title='bbox 1004 1862 1185 1896; x_wconf 78' lang='lat' dir='ltr'><strong>excubamus,</strong></span> <span class='ocrx_word' id='word_1_690' title='bbox 1202 1871 1320 1899; x_wconf 88' lang='lat' dir='ltr'><strong>pansum</strong></span> <span class='ocrx_word' id='word_1_691' title='bbox 1341 1867 1398 1902; x_wconf 85' lang='lat' dir='ltr'><strong>spei</strong></span> <span class='ocrx_word' id='word_1_692' title='bbox 1423 1869 1514 1897; x_wconf 79' lang='lat' dir='ltr'><strong>velum</strong></span> <span class='ocrx_word' id='word_1_693' title='bbox 1539 1870 1680 1904; x_wconf 73' lang='lat' dir='ltr'><strong>habentes,</strong></span> 
     </span>
    </p>
   </div>
   <div class='ocr_carea' id='block_1_99' title="bbox 891 1905 1682 1945">
    <p class='ocr_par' dir='ltr' id='par_1_99' title="bbox 891 1905 1682 1945">
     <span class='ocr_line' id='line_1_99' title="bbox 891 1905 1682 1945; baseline 0.018 -14"><span class='ocrx_word' id='word_1_694' title='bbox 891 1906 938 1941; x_wconf 89' lang='lat' dir='ltr'><strong>qui</strong></span> <span class='ocrx_word' id='word_1_695' title='bbox 957 1905 1076 1941; x_wconf 90' lang='lat' dir='ltr'><strong>Spiritus</strong></span> <span class='ocrx_word' id='word_1_696' title='bbox 1093 1916 1221 1944; x_wconf 86' lang='lat' dir='ltr'><strong>regamur</strong></span> <span class='ocrx_word' id='word_1_697' title='bbox 1245 1911 1331 1943; x_wconf 86' lang='lat' dir='ltr'><strong>auris,</strong></span> <span class='ocrx_word' id='word_1_698' title='bbox 1347 1913 1413 1940; x_wconf 94' lang='lat' dir='ltr'><strong>dum</strong></span> <span class='ocrx_word' id='word_1_699' title='bbox 1437 1914 1488 1942; x_wconf 88' lang='lat' dir='ltr'><strong>sub</strong></span> <span class='ocrx_word' id='word_1_700' title='bbox 1501 1916 1603 1943; x_wconf 82' lang='lat' dir='ltr'><strong>exitum</strong></span> <span class='ocrx_word' id='word_1_701' title='bbox 1620 1917 1682 1945; x_wconf 76' lang='lat' dir='ltr'><strong>vita:</strong></span> 
     </span>
    </p>
   </div>
   <div class='ocr_carea' id='block_1_100' title="bbox 891 1953 1681 1993">
    <p class='ocr_par' dir='ltr' id='par_1_100' title="bbox 891 1953 1681 1993">
     <span class='ocr_line' id='line_1_100' title="bbox 891 1953 1681 1993; baseline 0.015 -15"><span class='ocrx_word' id='word_1_702' title='bbox 891 1953 925 1980; x_wconf 85' lang='lat' dir='ltr'><strong>ad</strong></span> <span class='ocrx_word' id='word_1_703' title='bbox 943 1953 1157 1982; x_wconf 81' lang='lat' dir='ltr'><strong>immortalitatis</strong></span> <span class='ocrx_word' id='word_1_704' title='bbox 1168 1960 1278 1990; x_wconf 91' lang='lat' dir='ltr'><strong>portum</strong></span> <span class='ocrx_word' id='word_1_705' title='bbox 1292 1959 1472 1993; x_wconf 87' lang='lat' dir='ltr'><strong>appellamus,</strong></span> <span class='ocrx_word' id='word_1_706' title='bbox 1495 1961 1604 1989; x_wconf 86' lang='lat' dir='ltr'><strong>virtutis</strong></span> <span class='ocrx_word' id='word_1_707' title='bbox 1617 1967 1681 1989; x_wconf 90' lang='lat' dir='ltr'><strong>tau-</strong></span> 
     </span>
    </p>
   </div>
   <div class='ocr_carea' id='block_1_101' title="bbox 890 1999 1681 2041">
    <p class='ocr_par' dir='ltr' id='par_1_101' title="bbox 890 1999 1681 2041">
     <span class='ocr_line' id='line_1_101' title="bbox 890 1999 1681 2041; baseline 0.015 -18"><span class='ocrx_word' id='word_1_708' title='bbox 890 2005 972 2032; x_wconf 87' lang='lat' dir='ltr'><strong>quam</strong></span> <span class='ocrx_word' id='word_1_709' title='bbox 990 1999 1182 2029; x_wconf 88' lang='lat' dir='ltr'><strong>mercimoniis</strong></span> <span class='ocrx_word' id='word_1_710' title='bbox 1197 2001 1308 2030; x_wconf 72' lang='lat' dir='ltr'><strong>cteleste</strong></span> <span class='ocrx_word' id='word_1_711' title='bbox 1324 2011 1438 2038; x_wconf 87' lang='lat' dir='ltr'><strong>regnum</strong></span> <span class='ocrx_word' id='word_1_712' title='bbox 1453 2005 1532 2033; x_wconf 90' lang='lat' dir='ltr'><strong>laturi</strong></span> <span class='ocrx_word' id='word_1_713' title='bbox 1541 2013 1590 2041; x_wconf 86' lang='lat' dir='ltr'><strong>per</strong></span> <span class='ocrx_word' id='word_1_714' title='bbox 1605 2007 1681 2035; x_wconf 87' lang='lat' dir='ltr'><strong>Chri-</strong></span> 
     </span>
    </p>
   </div>
   <div class='ocr_carea' id='block_1_102' title="bbox 890 2043 1681 2087">
    <p class='ocr_par' dir='ltr' id='par_1_102' title="bbox 890 2043 1681 2087">
     <span class='ocr_line' id='line_1_102' title="bbox 890 2043 1681 2087; baseline 0.014 -17"><span class='ocrx_word' id='word_1_715' title='bbox 890 2049 962 2071; x_wconf 85' lang='lat' dir='ltr'><strong>stum</strong></span> <span class='ocrx_word' id='word_1_716' title='bbox 979 2043 1073 2072; x_wconf 82' lang='lat' dir='ltr'><strong>Jcsum</strong></span> <span class='ocrx_word' id='word_1_717' title='bbox 1089 2046 1233 2075; x_wconf 89' lang='lat' dir='ltr'><strong>Dominum</strong></span> <span class='ocrx_word' id='word_1_718' title='bbox 1255 2054 1394 2077; x_wconf 88' lang='lat' dir='ltr'><strong>nostrum.</strong></span> <span class='ocrx_word' id='word_1_719' title='bbox 1418 2050 1468 2078; x_wconf 80' lang='lat' dir='ltr'><strong>Cui</strong></span> <span class='ocrx_word' id='word_1_720' title='bbox 1485 2053 1572 2087; x_wconf 88' lang='lat' dir='ltr'><strong>gloria</strong></span> <span class='ocrx_word' id='word_1_721' title='bbox 1590 2058 1617 2081; x_wconf 87' lang='lat' dir='ltr'><strong>et</strong></span> <span class='ocrx_word' id='word_1_722' title='bbox 1629 2054 1681 2081; x_wconf 88' lang='lat' dir='ltr'><strong>im-</strong></span> 
     </span>
    </p>
   </div>
   <div class='ocr_carea' id='block_1_103' title="bbox 889 2090 1681 2131">
    <p class='ocr_par' dir='ltr' id='par_1_103' title="bbox 889 2090 1681 2131">
     <span class='ocr_line' id='line_1_103' title="bbox 889 2090 1681 2131; baseline 0.018 -16"><span class='ocrx_word' id='word_1_723' title='bbox 889 2090 994 2124; x_wconf 82' lang='lat' dir='ltr'><strong>perium</strong></span> <span class='ocrx_word' id='word_1_724' title='bbox 1005 2098 1067 2118; x_wconf 91' lang='lat' dir='ltr'><strong>cum</strong></span> <span class='ocrx_word' id='word_1_725' title='bbox 1082 2091 1173 2125; x_wconf 85' lang='lat' dir='ltr'><strong>Patre,</strong></span> <span class='ocrx_word' id='word_1_726' title='bbox 1189 2101 1221 2121; x_wconf 91' lang='lat' dir='ltr'><strong>ac</strong></span> <span class='ocrx_word' id='word_1_727' title='bbox 1234 2099 1329 2122; x_wconf 87' lang='lat' dir='ltr'><strong>sancto</strong></span> <span class='ocrx_word' id='word_1_728' title='bbox 1340 2096 1444 2131; x_wconf 86' lang='lat' dir='ltr'><strong>Spiritu</strong></span> <span class='ocrx_word' id='word_1_729' title='bbox 1465 2104 1541 2127; x_wconf 89' lang='lat' dir='ltr'><strong>nunc</strong></span> <span class='ocrx_word' id='word_1_730' title='bbox 1566 2104 1593 2128; x_wconf 89' lang='lat' dir='ltr'><strong>et</strong></span> <span class='ocrx_word' id='word_1_731' title='bbox 1608 2107 1681 2128; x_wconf 87' lang='lat' dir='ltr'><strong>sem-</strong></span> 
     </span>
    </p>
   </div>
   <div class='ocr_carea' id='block_1_104' title="bbox 891 2136 1524 2175">
    <p class='ocr_par' dir='ltr' id='par_1_104' title="bbox 891 2136 1524 2175">
     <span class='ocr_line' id='line_1_104' title="bbox 891 2136 1524 2175; baseline 0.017 -14"><span class='ocrx_word' id='word_1_732' title='bbox 891 2142 949 2170; x_wconf 88' lang='lat' dir='ltr'><strong>per,</strong></span> <span class='ocrx_word' id='word_1_733' title='bbox 963 2136 990 2162; x_wconf 94' lang='lat' dir='ltr'><strong>in</strong></span> <span class='ocrx_word' id='word_1_734' title='bbox 1002 2143 1169 2174; x_wconf 84' lang='lat' dir='ltr'><strong>omnemque</strong></span> <span class='ocrx_word' id='word_1_735' title='bbox 1185 2141 1407 2175; x_wconf 87' lang='lat' dir='ltr'><strong>perpetuitatem.</strong></span> <span class='ocrx_word' id='word_1_736' title='bbox 1424 2144 1524 2172; x_wconf 74' lang='lat' dir='ltr'><strong>Anien.</strong></span> 
     </span>
    </p>
   </div>
   <div class='ocr_carea' id='block_1_105' title="bbox 1175 2194 1395 2226">
    <p class='ocr_par' dir='ltr' id='par_1_105' title="bbox 1175 2194 1395 2226">
     <span class='ocr_line' id='line_1_105' title="bbox 1175 2194 1395 2226; baseline 0.014 -4"><span class='ocrx_word' id='word_1_737' title='bbox 1175 2194 1292 2224; x_wconf 80' lang='lat' dir='ltr'><strong>SERMO</strong></span> <span class='ocrx_word' id='word_1_738' title='bbox 1317 2197 1395 2226; x_wconf 74' lang='lat' dir='ltr'><strong>CVII.</strong></span> 
     </span>
    </p>
   </div>
   <div class='ocr_carea' id='block_1_106' title="bbox 909 2235 1663 2283">
    <p class='ocr_par' dir='ltr' id='par_1_106' title="bbox 909 2235 1663 2283">
     <span class='ocr_line' id='line_1_106' title="bbox 909 2235 1663 2283; baseline 0.019 -21"><span class='ocrx_word' id='word_1_739' title='bbox 909 2235 948 2263; x_wconf 81' lang='lat' dir='ltr'><strong>De</strong></span> <span class='ocrx_word' id='word_1_740' title='bbox 970 2238 1063 2265; x_wconf 82' lang='lat' dir='ltr'><strong>mortis</strong></span> <span class='ocrx_word' id='word_1_741' title='bbox 1082 2241 1273 2282; x_wconf 73' lang='lat' dir='ltr'><strong>recordatione,</strong></span> <span class='ocrx_word' id='word_1_742' title='bbox 1299 2251 1350 2270; x_wconf 81' lang='lat' dir='ltr'><strong>neu</strong></span> <span class='ocrx_word' id='word_1_743' title='bbox 1371 2246 1465 2280; x_wconf 76' lang='lat' dir='ltr'><strong>supine</strong></span> <span class='ocrx_word' id='word_1_744' title='bbox 1480 2254 1558 2274; x_wconf 81' lang='lat' dir='ltr'><strong>sacra</strong></span> <span class='ocrx_word' id='word_1_745' title='bbox 1579 2249 1663 2283; x_wconf 81' lang='lat' dir='ltr'><strong>perci-</strong></span> 
     </span>
    </p>
   </div>
   <div class='ocr_carea' id='block_1_107' title="bbox 1229 2284 1346 2311">
    <p class='ocr_par' dir='ltr' id='par_1_107' title="bbox 1229 2284 1346 2311">
     <span class='ocr_line' id='line_1_107' title="bbox 1229 2284 1346 2311; baseline 0.026 -8"><span class='ocrx_word' id='word_1_746' title='bbox 1229 2284 1346 2311; x_wconf 81' lang='lat' dir='ltr'><strong>ptumus.</strong></span> 
     </span>
    </p>
   </div>
   <div class='ocr_carea' id='block_1_108' title="bbox 928 2316 1680 2363">
    <p class='ocr_par' dir='ltr' id='par_1_108' title="bbox 928 2316 1680 2363">
     <span class='ocr_line' id='line_1_108' title="bbox 928 2316 1680 2363; baseline 0.017 -20"><span class='ocrx_word' id='word_1_747' title='bbox 928 2316 1038 2345; x_wconf 87' lang='lat' dir='ltr'><strong>Fratres</strong></span> <span class='ocrx_word' id='word_1_748' title='bbox 1068 2318 1219 2355; x_wconf 77' lang='lat' dir='ltr'><strong>Patresque</strong></span> <span class='ocrx_word' id='word_1_749' title='bbox 1236 2341 1244 2354; x_wconf 93' lang='lat'><strong>,</strong></span> <span class='ocrx_word' id='word_1_750' title='bbox 1276 2322 1335 2350; x_wconf 92' lang='lat' dir='ltr'><strong>heri</strong></span> <span class='ocrx_word' id='word_1_751' title='bbox 1363 2329 1393 2352; x_wconf 90' lang='lat' dir='ltr'><strong>ut</strong></span> <span class='ocrx_word' id='word_1_752' title='bbox 1419 2326 1558 2360; x_wconf 85' lang='lat' dir='ltr'><strong>apparitor</strong></span> <span class='ocrx_word' id='word_1_753' title='bbox 1587 2329 1680 2363; x_wconf 86' lang='lat' dir='ltr'><strong>regius</strong></span> 
     </span>
    </p>
   </div>
   <div class='ocr_carea' id='block_1_109' title="bbox 887 2363 1678 2406">
    <p class='ocr_par' dir='ltr' id='par_1_109' title="bbox 887 2363 1678 2406">
     <span class='ocr_line' id='line_1_109' title="bbox 887 2363 1678 2406; baseline 0.018 -17"><span class='ocrx_word' id='word_1_754' title='bbox 887 2363 1018 2395; x_wconf 87' lang='lat' dir='ltr'><strong>advenit,</strong></span> <span class='ocrx_word' id='word_1_755' title='bbox 1042 2363 1116 2392; x_wconf 86' lang='lat' dir='ltr'><strong>illico</strong></span> <span class='ocrx_word' id='word_1_756' title='bbox 1144 2368 1325 2402; x_wconf 85' lang='lat' dir='ltr'><strong>expavimus,</strong></span> <span class='ocrx_word' id='word_1_757' title='bbox 1351 2370 1537 2406; x_wconf 85' lang='lat' dir='ltr'><strong>inexspectato</strong></span> <span class='ocrx_word' id='word_1_758' title='bbox 1561 2375 1678 2403; x_wconf 83' lang='lat' dir='ltr'><strong>adventu</strong></span> 
     </span>
    </p>
   </div>
   <div class='ocr_carea' id='block_1_110' title="bbox 887 2408 1679 2452">
    <p class='ocr_par' dir='ltr' id='par_1_110' title="bbox 887 2408 1679 2452">
     <span class='ocr_line' id='line_1_110' title="bbox 887 2408 1679 2452; baseline 0.019 -18"><span class='ocrx_word' id='word_1_759' title='bbox 887 2408 1056 2436; x_wconf 84' lang='lat' dir='ltr'><strong>consternati</strong></span> <span class='ocrx_word' id='word_1_760' title='bbox 1068 2429 1077 2443; x_wconf 91' lang='lat'><strong>,</strong></span> <span class='ocrx_word' id='word_1_761' title='bbox 1102 2410 1295 2448; x_wconf 89' lang='lat' dir='ltr'><strong>intellectoque</strong></span> <span class='ocrx_word' id='word_1_762' title='bbox 1312 2414 1384 2443; x_wconf 90' lang='lat' dir='ltr'><strong>haud</strong></span> <span class='ocrx_word' id='word_1_763' title='bbox 1403 2422 1515 2452; x_wconf 85' lang='lat' dir='ltr'><strong>propter</strong></span> <span class='ocrx_word' id='word_1_764' title='bbox 1531 2427 1582 2447; x_wconf 84' lang='lat' dir='ltr'><strong>nos</strong></span> <span class='ocrx_word' id='word_1_765' title='bbox 1595 2421 1679 2448; x_wconf 84' lang='lat' dir='ltr'><strong>adve-</strong></span> 
     </span>
    </p>
   </div>
   <div class='ocr_carea' id='block_1_111' title="bbox 887 2452 1678 2500">
    <p class='ocr_par' dir='ltr' id='par_1_111' title="bbox 887 2452 1678 2500">
     <span class='ocr_line' id='line_1_111' title="bbox 887 2452 1678 2500; baseline 0.019 -21"><span class='ocrx_word' id='word_1_766' title='bbox 887 2452 972 2486; x_wconf 89' lang='lat' dir='ltr'><strong>nisse,</strong></span> <span class='ocrx_word' id='word_1_767' title='bbox 986 2455 1122 2490; x_wconf 89' lang='lat' dir='ltr'><strong>extemplo</strong></span> <span class='ocrx_word' id='word_1_768' title='bbox 1153 2457 1288 2486; x_wconf 89' lang='lat' dir='ltr'><strong>solvimus</strong></span> <span class='ocrx_word' id='word_1_769' title='bbox 1313 2459 1451 2490; x_wconf 89' lang='lat' dir='ltr'><strong>timorem.</strong></span> <span class='ocrx_word' id='word_1_770' title='bbox 1475 2462 1573 2496; x_wconf 85' lang='lat' dir='ltr'><strong>Quaero</strong></span> <span class='ocrx_word' id='word_1_771' title='bbox 1595 2465 1678 2500; x_wconf 89' lang='lat' dir='ltr'><strong>igitur</strong></span> 
     </span>
    </p>
   </div>
   <div class='ocr_carea' id='block_1_112' title="bbox 887 2498 1676 2544">
    <p class='ocr_par' dir='ltr' id='par_1_112' title="bbox 887 2498 1676 2544">
     <span class='ocr_line' id='line_1_112' title="bbox 887 2498 1676 2544; baseline 0.018 -20"><span class='ocrx_word' id='word_1_772' title='bbox 887 2505 940 2532; x_wconf 90' lang='lat' dir='ltr'><strong>qua</strong></span> <span class='ocrx_word' id='word_1_773' title='bbox 955 2498 990 2527; x_wconf 84' lang='lat' dir='ltr'><strong>de</strong></span> <span class='ocrx_word' id='word_1_774' title='bbox 1011 2507 1094 2528; x_wconf 87' lang='lat' dir='ltr'><strong>causa</strong></span> <span class='ocrx_word' id='word_1_775' title='bbox 1122 2501 1308 2536; x_wconf 89' lang='lat' dir='ltr'><strong>timuerimus,</strong></span> <span class='ocrx_word' id='word_1_776' title='bbox 1334 2506 1440 2534; x_wconf 87' lang='lat' dir='ltr'><strong>scilicet</strong></span> <span class='ocrx_word' id='word_1_777' title='bbox 1457 2508 1504 2543; x_wconf 92' lang='lat' dir='ltr'><strong>qui</strong></span> <span class='ocrx_word' id='word_1_778' title='bbox 1519 2498 1676 2544; x_wconf 71' lang='lat' dir='ltr'><strong>imperatori</strong></span> 
     </span>
    </p>
   </div>
   <div class='ocr_carea' id='block_1_113' title="bbox 887 2545 1675 2592">
    <p class='ocr_par' dir='ltr' id='par_1_113' title="bbox 887 2545 1675 2592">
     <span class='ocr_line' id='line_1_113' title="bbox 887 2545 1675 2592; baseline 0.018 -21"><span class='ocrx_word' id='word_1_779' title='bbox 887 2545 923 2571; x_wconf 87' lang='lat' dir='ltr'><strong>ob</strong></span> <span class='ocrx_word' id='word_1_780' title='bbox 953 2552 1116 2580; x_wconf 73' lang='lat' dir='ltr'><strong>praesentem</strong></span> <span class='ocrx_word' id='word_1_781' title='bbox 1143 2550 1346 2579; x_wconf 86' lang='lat' dir='ltr'><strong>confessionem</strong></span> <span class='ocrx_word' id='word_1_782' title='bbox 1368 2560 1465 2588; x_wconf 85' lang='lat' dir='ltr'><strong>parum</strong></span> <span class='ocrx_word' id='word_1_783' title='bbox 1494 2557 1575 2591; x_wconf 87' lang='lat' dir='ltr'><strong>grati,</strong></span> <span class='ocrx_word' id='word_1_784' title='bbox 1608 2559 1675 2592; x_wconf 91' lang='lat' dir='ltr'><strong>quin</strong></span> 
     </span>
    </p>
   </div>
   <div class='ocr_carea' id='block_1_114' title="bbox 890 2589 1675 2634">
    <p class='ocr_par' dir='ltr' id='par_1_114' title="bbox 890 2589 1675 2634">
     <span class='ocr_line' id='line_1_114' title="bbox 890 2589 1675 2634; baseline 0.015 -18"><span class='ocrx_word' id='word_1_785' title='bbox 890 2589 977 2623; x_wconf 87' lang='lat' dir='ltr'><strong>exosi,</strong></span> <span class='ocrx_word' id='word_1_786' title='bbox 1002 2599 1036 2619; x_wconf 87' lang='lat' dir='ltr'><strong>ac</strong></span> <span class='ocrx_word' id='word_1_787' title='bbox 1062 2592 1236 2622; x_wconf 86' lang='lat' dir='ltr'><strong>detestabiles</strong></span> <span class='ocrx_word' id='word_1_788' title='bbox 1270 2589 1538 2629; x_wconf 18' lang='lat' dir='ltr'><strong>essemusmamﬁsi</strong></span> <span class='ocrx_word' id='word_1_789' title='bbox 1553 2603 1675 2634; x_wconf 89' lang='lat' dir='ltr'><strong>germani</strong></span> 
     </span>
    </p>
   </div>
   <div class='ocr_carea' id='block_1_115' title="bbox 894 2633 1677 2677">
    <p class='ocr_par' dir='ltr' id='par_1_115' title="bbox 894 2633 1677 2677">
     <span class='ocr_line' id='line_1_115' title="bbox 894 2633 1677 2677; baseline 0.018 -16"><span class='ocrx_word' id='word_1_790' title='bbox 894 2633 1044 2664; x_wconf 84' lang='lat' dir='ltr'><strong>fuissemus</strong></span> <span class='ocrx_word' id='word_1_791' title='bbox 1072 2638 1166 2672; x_wconf 89' lang='lat' dir='ltr'><strong>amici,</strong></span> <span class='ocrx_word' id='word_1_792' title='bbox 1193 2639 1323 2668; x_wconf 91' lang='lat' dir='ltr'><strong>nimirum</strong></span> <span class='ocrx_word' id='word_1_793' title='bbox 1354 2649 1530 2677; x_wconf 83' lang='lat' dir='ltr'><strong>ovassemus,</strong></span> <span class='ocrx_word' id='word_1_794' title='bbox 1559 2646 1677 2675; x_wconf 82' lang='lat' dir='ltr'><strong>scientes</strong></span> 
     </span>
    </p>
   </div>
   <div class='ocr_carea' id='block_1_116' title="bbox 890 2682 1678 2727">
    <p class='ocr_par' dir='ltr' id='par_1_116' title="bbox 890 2682 1678 2727">
     <span class='ocr_line' id='line_1_116' title="bbox 890 2682 1678 2727; baseline 0.016 -17"><span class='ocrx_word' id='word_1_795' title='bbox 890 2682 952 2711; x_wconf 90' lang='lat' dir='ltr'><strong>boni</strong></span> <span class='ocrx_word' id='word_1_796' title='bbox 967 2685 1130 2722; x_wconf 88' lang='lat' dir='ltr'><strong>cujusquam</strong></span> <span class='ocrx_word' id='word_1_797' title='bbox 1143 2689 1230 2722; x_wconf 73' lang='lat' dir='ltr'><strong>gratia</strong></span> <span class='ocrx_word' id='word_1_798' title='bbox 1247 2689 1427 2724; x_wconf 87' lang='lat' dir='ltr'><strong>proculdubio</strong></span> <span class='ocrx_word' id='word_1_799' title='bbox 1448 2693 1566 2721; x_wconf 88' lang='lat' dir='ltr'><strong>venisse.</strong></span> <span class='ocrx_word' id='word_1_800' title='bbox 1587 2693 1678 2727; x_wconf 84' lang='lat' dir='ltr'><strong>Quor-</strong></span> 
     </span>
    </p>
   </div>
   <div class='ocr_carea' id='block_1_117' title="bbox 891 2731 1678 2771">
    <p class='ocr_par' dir='ltr' id='par_1_117' title="bbox 891 2731 1678 2771">
     <span class='ocr_line' id='line_1_117' title="bbox 891 2731 1678 2771; baseline 0.015 -14"><span class='ocrx_word' id='word_1_801' title='bbox 891 2737 951 2758; x_wconf 86' lang='lat' dir='ltr'><strong>sum</strong></span> <span class='ocrx_word' id='word_1_802' title='bbox 967 2731 1019 2759; x_wconf 82' lang='lat' dir='ltr'><strong>hoc</strong></span> <span class='ocrx_word' id='word_1_803' title='bbox 1044 2737 1135 2761; x_wconf 91' lang='lat' dir='ltr'><strong>autem</strong></span> <span class='ocrx_word' id='word_1_804' title='bbox 1157 2734 1230 2769; x_wconf 77' lang='lat' dir='ltr'><strong>{mihi</strong></span> <span class='ocrx_word' id='word_1_805' title='bbox 1256 2737 1591 2771; x_wconf 72' lang='lat' dir='ltr'><strong>prommiumlenimvero</strong></span> <span class='ocrx_word' id='word_1_806' title='bbox 1618 2743 1678 2769; x_wconf 91' lang='lat' dir='ltr'><strong>ani-</strong></span> 
     </span>
    </p>
   </div>
  </div>
