1921 3073
213 136 265 170 (in

214 199 277 218 nius
303 197 415 225 quoque
443 191 490 224 qui
525 190 655 224 pra-clara
686 189 740 216 vita
757 188 904 223 benignum
923 187 1008 215 Deum

213 237 363 271 paraverit,
379 235 432 263 sub
444 235 548 263 exitum
569 243 584 262 e
605 242 720 270 corpore
735 235 851 262 missum
866 242 882 261 a
894 238 1010 261 cuncto-

215 291 276 310 rum
290 291 354 318 rege
369 283 403 310 ad
429 290 459 310 se
476 282 622 310 satellitem
640 282 748 313 lubens,
765 285 791 308 ct
809 281 1010 315 imperterritus

215 329 360 364 spectabit,
379 329 511 364 lzctusquc
529 336 559 355 se
575 329 698 355 conferet
720 327 753 354 ad
770 327 865 354 herum
880 334 887 358 ;
907 326 949 353 sin
968 334 1011 354 se-

215 381 264 400 cus
289 374 485 408 deprendatur,
519 374 619 402 turbet.
649 380 681 399 ac
712 371 885 407 praetrepidet
897 379 1011 399 necesse.

214 422 267 450 est,
287 426 336 445 nec
352 419 450 446 tiducia
469 419 611 454 praeditus,
628 426 679 446 nec
690 418 842 452 opitulante
856 425 1007 452 quoquam.

214 461 265 489 Hic
277 462 388 497 quidem
409 471 477 491 sane
496 468 523 490 et
542 464 661 496 amicus,
677 468 705 490 et
728 462 812 490 frater
830 463 963 493 solemur,
979 470 1010 489 ac

215 514 347 538 terrorem
367 511 514 545 depellant.
540 519 658 545 quortnn
675 515 716 537 cst
733 510 801 537 inibi
815 510 930 545 pecunia
944 517 1010 536 cun-

214 561 334 588 ctorum,
355 558 452 591 angelo
470 558 611 588 atrociter,
629 557 772 584 et‘accrbe
800 556 932 583 miserum
951 556 1011 583 ani-

214 609 289 628 mum
308 607 443 636 raptantc.
471 601 509 629 Ac
526 602 583 629 fors
607 602 785 629 timuerimus
805 601 831 628 in
850 601 892 628 his
907 600 1007 629 verbis.

214 646 260 674 Pol
275 648 296 674 si
315 653 448 674 terrorem
471 648 564 675 attulit
587 647 709 678 auditus,
734 646 833 680 ecquid
847 646 874 672 in
894 654 922 673 re
938 654 1009 681 prae-

213 692 283 719 senti
308 693 445 726 patiamur
461 701 468 724 ;
486 692 532 726 qui
559 692 591 719 ad
612 692 715 719 Christi
733 691 851 719 tribunal
867 691 974 718 animus
987 691 1010 718 is

213 742 372 771 compareat
386 745 393 770 ;
410 745 503 765 coram
515 739 625 772 igneum
647 736 748 764 flumen
765 737 893 769 trahitur,
910 744 1009 764 secun-

213 783 278 810 dum
296 783 435 810 Danielem
453 787 555 816 vatem,
568 783 723 810 astantibus
737 783 861 809 centenis
877 782 1009 814 millibus,

213 837 246 856 ac
276 828 497 856 ministrantibus
513 828 604 855 decies
633 828 750 854 millenis
774 827 895 854 millibus
910 831 1010 862 pzmsto

219 878 262 901 cst
286 881 407 906 severus,
426 879 453 901 et
473 874 536 900 inde
555 873 718 900 fraudabilis
738 872 834 907 judex,
854 872 1009 907 agiturque,

212 919 247 947 de
261 921 419 955 evangelica
434 920 581 951 sententia,
596 919 638 946 vel
653 919 745 954 segnis
759 925 874 946 examen
890 918 1008 950 verbuli,

213 975 274 1002 qua:
285 967 331 1002 qui
347 971 402 994 tum
419 967 528 993 anitnus
552 965 640 993 feret?
660 965 791 1000 Equidem
812 972 874 992 cum
898 965 1010 996 horren_

212 1015 276 1042 dum
293 1019 337 1042 est
355 1015 381 1042 iu
394 1015 512 1042 viventis
527 1014 572 1041 Dei
594 1022 694 1041 manus
710 1013 841 1046 incidere,
864 1018 922 1040 tum
945 1013 1010 1040 hor-

213 1061 321 1089 ribilius
341 1061 387 1088 ubi
410 1061 595 1096 justissimam
613 1060 708 1087 audiat
734 1059 898 1087 sententiam
933 1063 1012 1086 mter-

213 1107 256 1134 nis
273 1106 420 1142 suppliciis
440 1108 570 1134 traditus.
595 1105 793 1139 Quamobrem,
823 1104 932 1137 fratres,
947 1105 1012 1132 hor-

213 1155 267 1184 tor,
287 1155 316 1179 et
337 1152 471 1182 obtestor,
497 1151 711 1178 reconcilientur
732 1155 796 1177 ante
817 1150 922 1176 obitum
947 1150 1011 1180 Deo,

213 1195 420 1230 benignumque
448 1201 589 1228 paremus,
617 1197 750 1220 venturos
776 1192 811 1219 ad
836 1200 887 1220 nos
899 1193 1012 1228 angelos

214 1240 392 1275 acquiramus
410 1240 526 1271 amicos,
549 1238 658 1273 vigilem
680 1238 764 1265 animi
785 1239 896 1265 oculum
912 1239 1013 1265 habea-

214 1292 299 1316 mus,
328 1289 446 1311 tnentem
472 1284 685 1318 inexpugnatam
709 1288 861 1315 teneamus,
878 1285 924 1320 qui
941 1284 1013 1312 haud

214 1329 396 1362 declinemus,
427 1329 461 1356 ab
487 1329 599 1356 assiduo
629 1336 692 1356 cum
713 1329 787 1356 vitiis
811 1329 952 1361 conﬂictu,
969 1330 1012 1357 sin

214 1375 364 1410 pauxillum
396 1375 545 1409 lapsemus,
573 1375 706 1410 evesdgio
728 1383 886 1410 surgamus,
910 1383 942 1402 ac
958 1375 1013 1402 fre-

214 1426 314 1457 quente
326 1421 389 1449 ﬂetu
412 1424 489 1457 ignea
514 1421 663 1457 perduellis
678 1422 742 1454 tela,
756 1422 915 1450 Christiano
930 1423 1013 1450 indu-

214 1467 301 1495 ceudo
316 1467 418 1499 stmlio,
438 1468 657 1503 exstinguamus.
668 1467 783 1495 Multum
801 1468 870 1496 valet
885 1469 1012 1503 deprom-

215 1513 252 1539 tio
264 1512 334 1547 justi
349 1513 503 1546 assidua“,
527 1517 557 1540 ut
582 1521 686 1547 preces,
718 1518 801 1548 atque
821 1514 1013 1548 iustigationes

215 1563 326 1586 mutuas
352 1559 537 1593 requiramus.
561 1558 676 1586 Multum
704 1559 846 1593 lacrymaa,
877 1567 909 1586 ac
936 1567 1014 1586 com-

215 1603 327 1636 punctio
342 1603 443 1635 valent,
472 1607 500 1629 et
511 1608 575 1630 ante
592 1602 684 1630 omnia
697 1622 704 1634 ,
728 1609 760 1629 ac
777 1610 840 1629 cum
873 1603 1013 1635 omnibus,

215 1655 357 1675 sacrorum
373 1648 521 1683 perceptio,
535 1649 561 1675 in
581 1656 635 1683 qua
651 1648 745 1676 nescio
758 1656 813 1683 quo
826 1654 906 1683 pacto
918 1656 1015 1682 segnes

214 1694 446 1727 animadverteris,
474 1695 615 1729 impendio
646 1695 742 1726 miror,
772 1694 819 1728 qui
844 1694 972 1728 quidem,
989 1701 1013 1730 si

215 1739 288 1766 adsit
304 1739 458 1772 Dominica,
478 1738 585 1767 adeatis
603 1740 743 1774 mysteria.
765 1740 806 1767 sin
828 1739 883 1766 alio
896 1739 941 1766 die
955 1746 1015 1766 οων

215 1789 260 1811 tus
293 1784 517 1819 frequententur,
545 1785 658 1812 minime
685 1785 800 1812 cocatis.
827 1783 877 1811 Pol
891 1784 971 1811 liccat
986 1784 1013 1811 in

215 1830 385 1856 monasterio
396 1830 438 1857 vel
448 1830 475 1857 in
486 1830 545 1858 dics
553 1830 768 1862 communicare,
779 1837 853 1858 nunc
866 1829 966 1862 rarius,
982 1837 1014 1857 ac

215 1873 261 1900 vix
284 1874 466 1902 convenitur.
481 1873 575 1910 Neque
601 1875 661 1902 haec
675 1875 793 1908 dissero,
805 1875 851 1910 qui
866 1882 915 1902 vos
931 1875 1012 1902 velim

215 1918 321 1952 leviter,
350 1924 378 1947 et
405 1919 496 1946 obiter
523 1919 668 1952 accedere,
698 1920 829 1954 scriptum
857 1924 899 1947 est
926 1921 1011 1954 enim,

218 1963 311 1991 Probet
331 1965 447 1999 teipsum
458 1964 547 1997 homo,
564 1969 590 1992 et
604 1966 643 1992 sic
659 1966 691 1992 de
705 1973 772 2000 pane
793 1965 840 1992 illo
856 1965 928 1997 edat,
946 1967 1013 1993 etde

215 2009 299 2037 calice
322 2010 406 2042 bibat;
432 2011 478 2048 qui
497 2011 567 2038 enim
599 2012 745 2039 manducet
767 2015 791 2038 et
813 2011 877 2037 bibit
894 2011 1011 2046 indigne,

215 2055 348 2089 iudicium
364 2057 416 2083 sibi
448 2057 598 2084 manducat
631 2062 656 2084 et
685 2057 762 2090 bibit,
789 2064 841 2084 non
859 2055 1012 2091 dijudicam

214 2108 312 2137 corpus
326 2101 433 2130 Domini
445 2103 479 2129 ".
495 2102 554 2130 Non
573 2103 598 2130 id
615 2103 697 2138 igitur
713 2103 776 2130 dico
806 2103 930 2137 (minime
946 2111 1012 2138 gen-

217 2146 298 2182 tium)
312 2148 378 2182 quin
397 2152 427 2175 ut
442 2149 647 2177 communionis
666 2148 759 2177 studio
775 2153 908 2184 quantum
925 2149 1012 2184 pluri-

219 2199 294 2220 mum
314 2197 405 2227 potest
435 2194 555 2228 purgati,
586 2199 728 2229 compotes
753 2194 852 2222 fiamus
877 2196 1010 2228 muneris;

219 2245 283 2265 nam
301 2239 458 2273 propositus
473 2239 536 2267 vitae
554 2244 596 2267 cst
610 2240 748 2274 perceptio
762 2241 852 2274 panis,
870 2241 1010 2275 siquidem

219 2285 258 2310 ait
273 2283 417 2316 Dominus,
431 2284 487 2320 Ego
503 2293 562 2312 sum
577 2286 656 2319 panis
679 2286 725 2320 qui
740 2285 772 2312 de
783 2286 848 2313 caelo
865 2286 988 2313 descendi
1004 2294 1014 2318 ,'

220 2329 244 2357 si
259 2331 317 2364 quis
333 2330 534 2357 manducauerit
547 2338 579 2357 ea:
592 2331 641 2357 hoc
655 2338 733 2364 pane,
751 2331 815 2358 vivet
834 2331 860 2358 in
876 2336 1014 2359 aztcrnum.

222 2374 257 2404 Et
268 2375 345 2410 panis
359 2383 435 2410 quem
443 2384 489 2411 ego
505 2375 586 2408 dabo,
601 2384 666 2403 caro
678 2385 734 2403 mea
748 2382 796 2408 est,
814 2385 892 2411 quam
905 2385 951 2412 ego
966 2378 1016 2404 da-

222 2423 253 2448 bo
267 2430 315 2456 pro
333 2422 424 2449 mundi
445 2423 501 2449 vita
511 2422 553 2455 ⁸³;
583 2430 615 2449 ac
635 2430 744 2450 rurstun
760 2431 767 2450 :
785 2422 838 2455 Qui
869 2424 1015 2450 monducut

223 2475 307 2494 meam
318 2475 425 2494 carnem
439 2472 463 2494 ct
480 2467 545 2494 bibit
563 2476 648 2495 meum
670 2469 838 2503 sanguinem,
858 2469 884 2495 in
901 2477 941 2496 me
957 2478 1015 2496 ma-

221 2517 274 2545 mt,
289 2517 315 2539 et
331 2521 377 2548 ego
394 2513 422 2540 in
436 2514 483 2541 illo
493 2514 527 2542 “.
548 2513 644 2541 Viden‘
663 2514 758 2550 ingens
785 2519 812 2541 et
822 2515 958 2543 ineﬁabile
968 2516 1011 2542 be-

221 2558 349 2587 neﬁcium
364 2567 371 2592 ;
388 2566 443 2586 non
459 2563 573 2586 mortem
589 2559 658 2586 obiit
671 2559 761 2587 solum
779 2567 829 2594 pro
842 2560 932 2591 uobis,
947 2561 1014 2595 quin

219 2604 331 2640 epulum
365 2612 395 2632 se
420 2605 535 2639 praebuit
559 2612 679 2639 quoque.
706 2604 778 2637 Quid
796 2605 849 2633 boc
864 2605 945 2632 validi
966 2606 1013 2633 de<

220 2650 423 2678 mansti-nntius
443 2651 564 2682 amoris;
585 2650 652 2685 quid
672 2651 765 2678 animo
789 2650 877 2685 magis
892 2651 1014 2678 salutife-

219 2697 301 2726 rum?
324 2696 385 2725 Jam
403 2697 477 2729 cibo,
499 2702 599 2733 potuve
624 2697 766 2732 proposito
780 2697 933 2730 communi,
946 2698 1012 2726 defit

218 2753 299 2774 nemo
323 2745 390 2781 quin
404 2746 537 2781 percipiat
550 2744 684 2781 quotidie,
694 2751 727 2773 ac
745 2744 772 2772 ni
786 2745 918 2782 percipiat
931 2746 1008 2781 oppi-

251 2804 277 2821 “
293 2804 366 2838 Psal,
382 2812 478 2837 vatu,
492 2804 537 2832 ‘26.
565 2803 587 2820 “
603 2803 661 2831 Jac.
676 2811 702 2836 v,
720 2803 763 2831 16.

825 134 857 164 S.
871 132 1073 164 THEODORI
1101 132 1275 162 STUDIT/E

802 2803 824 2819 "
845 2803 854 2830 l
874 2804 985 2838 Const,
1003 2806 1049 2834 29.

218 2846 261 2872 Itl,
278 2839 319 2869 I2.
356 2841 458 2870 "ibid.
476 2840 520 2869 Η.
557 2840 579 2857 ⁵⁷
593 2839 693 2874 Eplies.
708 2846 744 2871 tv,
757 2839 800 2867 15.
838 2840 861 2855 ³⁸
873 2839 944 2868 Psal.
969 2849 1011 2870 xvi

1062 2842 1087 2871 ⁵1

1807 135 1860 166 MS

1025 189 1047 217 Α
1061 186 1097 213 do
1117 186 1259 221 ringatur;
1281 194 1355 214 nunc
1371 187 1485 214 obmoto
1509 194 1564 215 non
1587 189 1740 220 comnmni,
1758 191 1807 217 sed
1822 193 1862 217 κί-

1061 231 1142 259 vitice
1158 239 1238 267 pane,
1249 239 1298 259 nec
1309 234 1461 265 communi,
1475 233 1521 260 sed
1534 233 1682 261 immortali
1695 236 1808 269 poculo.
1824 237 1862 263 in‘

1062 277 1193 304 differens
1201 277 1344 311 quiddam,
1357 285 1407 305 nec
1417 285 1534 313 prorsus
1550 280 1736 306 necessarium
1752 282 1862 308 remur?

1062 323 1173 350 scilicet
1192 331 1248 350 non
1263 331 1295 351 ea
1309 331 1417 351 summa
1442 325 1578 359 imperitia
1589 345 1596 357 ,
1611 330 1638 352 et
1657 326 1778 354 amentia
1795 328 1861 354 est?

1062 368 1117 396 Etsi
1132 369 1157 396 id
1170 369 1271 396 accidit
1287 377 1362 402 vero,
1384 370 1480 397 saltem
1494 370 1676 405 impostcrum
1700 378 1859 406 caveamus,

1062 415 1135 442 haud
1165 415 1253 450 ignari
1282 423 1344 450 quae
1367 416 1409 444 vis
1431 417 1567 448 muneris,
1595 424 1626 444 ac
1643 423 1779 452 quantum
1800 426 1860 453 pote

1057 460 1180 494 purgati,
1202 467 1280 487 sacra
1297 461 1491 495 percipiamus,
1508 462 1574 496 qttin
1594 463 1743 490 manuticio
1757 471 1860 491 vacan~

1062 508 1103 532 tes
1120 505 1164 531 ubi
1182 505 1292 538 signum
1316 506 1425 537 edatur,
1443 513 1526 540 opere
1541 507 1637 534 relicto
1661 507 1765 534 donum
1789 510 1859 537 asci-

1062 549 1130 576 scitc
1156 549 1290 576 studiose.
1320 549 1346 576 Id
1372 550 1442 577 adeo
1466 550 1562 584 nobis,
1590 555 1620 578 ut
1648 552 1782 585 arbitror,
1810 562 1856 580 seu

1060 595 1152 629 potius
1179 599 1209 622 ut
1230 603 1274 622 res
1306 595 1389 623 habet
1418 603 1518 631 magno
1545 598 1580 623 sit
1609 597 1783 632 adjumenio,
1812 600 1857 634 qui

1061 639 1167 667 fruendi
1186 642 1387 675 praeparatione
1413 642 1485 676 puri,
1511 647 1538 669 ct
1565 642 1689 670 insontes
1707 651 1853 671 conserve-

1061 693 1133 717 mur,
1155 693 1218 713 nam
1242 687 1465 714 communicandi
1493 687 1659 723 negligentia
1689 689 1737 723 qui
1759 697 1856 724 possu-

1061 739 1123 758 mus
1149 739 1203 759 non
1228 732 1302 759 vitiis
1329 733 1412 766 capi?
1440 733 1511 766 Quin
1532 738 1560 760 et
1586 739 1648 760 Vita:
1674 733 1800 761 futurum
1815 741 1857 763 est

1060 777 1189 804 viaticum
1205 778 1344 812 perennis,
1362 786 1444 812 quam
1460 779 1576 813 adipisci
1591 787 1748 807 mereamur
1763 780 1856 809 Domi-

1061 823 1089 850 ni
1106 824 1193 850 nostri
1219 823 1285 851 Jesu
1303 824 1406 852 Christi
1422 825 1585 852 liberalitate
1600 829 1683 860 atque
1711 826 1854 854 beneficio.

1027 867 1047 894 Β
1064 869 1116 896 Cui
1133 869 1221 904 gloria
1236 875 1263 897 et
1279 870 1424 905 imperitum
1446 877 1509 897 cum
1526 870 1617 905 Patre,
1639 879 1671 898 ac
1682 876 1779 899 sancto
1796 872 1858 907 Spi-

1063 915 1129 948 ritu,
1149 923 1223 943 nunc
1245 921 1273 944 et
1285 912 1403 951 semper,
1416 916 1444 944 in
1456 924 1622 952 omnemque
1634 919 1843 953 perpetuitatem

1061 960 1158 988 Amen.

1336 1037 1456 1066 SERMO
1477 1038 1570 1067 CVlll.

1118 1083 1241 1112 Pernicet
1253 1092 1310 1112 esse
1323 1089 1444 1120 oportere
1458 1084 1492 1111 ad
1504 1085 1651 1112 certamina
1669 1086 1788 1114 virtutis.

1091 1138 1203 1166 Fratres
1223 1138 1387 1174 Patresque,
1406 1139 1561 1175 inquietum
1584 1140 1714 1175 quiddam
1737 1146 1781 1168 est
1803 1150 1851 1168 na-

1058 1189 1118 1212 tura
1133 1186 1230 1217 virtus,
1250 1193 1312 1220 quae
1329 1186 1400 1213 haud
1417 1190 1507 1213 cesset
1522 1186 1573 1212 niti
1588 1186 1615 1213 in
1630 1187 1766 1220 anticum,
1783 1189 1849 1222 quin

1057 1231 1190 1266 praeditos
1206 1239 1236 1259 se
1252 1232 1279 1258 iu
1296 1232 1396 1260 melius
1411 1233 1545 1267 provehat
1561 1239 1680 1267 semper,
1704 1234 1780 1268 quod
1801 1234 1850 1260 de-

1058 1282 1218 1305 monstrans
1237 1277 1388 1312 Apostolus
1402 1278 1450 1308 ait,
1468 1277 1531 1304 Non
1545 1278 1614 1312 quod
1629 1278 1688 1312 jam
1702 1280 1850 1312 occuparint

1057 1328 1103 1349 aut
1117 1323 1177 1356 jam
1187 1323 1319 1357 perfectus
1334 1323 1395 1355 sim,
1415 1331 1557 1357 persequor
1579 1327 1668 1350 autem
1685 1323 1708 1349 si
1730 1331 1852 1357 compre-

1057 1369 1181 1400 hendam,
1207 1369 1235 1396 in
1262 1377 1313 1404 quo
1336 1373 1361 1396 et
1388 1369 1590 1403 comprehensus
1611 1377 1670 1395 sum
1698 1378 1714 1395 o
1742 1370 1852 1398 Christo

1057 1415 1120 1442 Jesu
1131 1415 1154 1432 "
1170 1419 1215 1448 ;et
1231 1415 1330 1442 iterum
1350 1423 1357 1440 :
1371 1414 1438 1447 Qua:
1454 1415 1559 1449 quidem
1583 1419 1653 1441 retro
1673 1421 1735 1442 sunt
1760 1417 1849 1442 obliti-

1057 1469 1132 1488 sceus
1151 1462 1185 1490 ad
1208 1469 1239 1488 ea
1266 1469 1326 1488 vero
1347 1469 1406 1495 quin
1430 1465 1492 1487 sum
1509 1461 1599 1495 priora
1624 1462 1770 1488 extendens
1799 1470 1852 1488 me-

1058 1509 1156 1542 ipsum,
1181 1507 1216 1534 ad
1240 1507 1403 1534 destina/um
1429 1514 1581 1541 persequor.
1605 1507 1640 1532 ad
1664 1507 1788 1534 bravium
1808 1515 1853 1534 sn-

1060 1562 1148 1589 perum
1162 1554 1310 1581 vocationis
1327 1554 1354 1580 in
1369 1552 1476 1580 Christo
1493 1552 1559 1580 Iesu
1571 1553 1606 1579 ".
1622 1552 1657 1580 Ut
1668 1554 1749 1588 quies
1768 1555 1806 1581 sit
1821 1554 1853 1580 ab

1063 1599 1163 1626 virtute
1181 1599 1266 1631 nulla,
1284 1606 1346 1625 nam
1369 1599 1404 1625 ab
1421 1598 1523 1624 virtute
1537 1598 1618 1632 quies
1636 1598 1750 1625 vitiiest
1773 1605 1853 1625 exor-

1062 1645 1148 1672 dium.
1165 1645 1256 1680 Itaque
1269 1652 1319 1672 nec
1335 1652 1385 1672 nos
1400 1645 1589 1679 quiescamus,
1608 1644 1718 1678 fratres,
1734 1653 1748 1671 a
1767 1645 1855 1672 virtu-

1063 1691 1098 1718 tis
1119 1690 1272 1723 curriculo,
1294 1690 1341 1717 sed
1362 1690 1473 1717 assidue
1498 1691 1634 1725 perniccs,
1660 1698 1693 1717 ac
1718 1692 1817 1718 novitii
1839 1699 1855 1717 ο

1062 1735 1162 1763 robore
1176 1736 1204 1762 in
1220 1735 1306 1763 robur
1323 1735 1520 1770 provchamur,
1537 1736 1604 1763 dum
1621 1737 1648 1763 in
1665 1737 1755 1764 virum
1776 1738 1854 1764 adul-

1063 1786 1119 1808 tum
1142 1781 1303 1814 evadamus,
1330 1781 1359 1808 in
1382 1789 1533 1808 mentm-am
1562 1782 1651 1809 anatis
1679 1783 1854 1817 plenitudinis

1062 1826 1163 1854 Christi
1175 1827 1206 1854 ".
1227 1828 1263 1854 At
1286 1827 1332 1862 qui
1368 1827 1393 1854 id
1417 1827 1482 1854 ﬁet‘!
1505 1828 1527 1855 si
1551 1828 1624 1855 diem
1652 1829 1773 1855 solidum
1802 1829 1854 1856 Leti

1061 1873 1214 1907 exigemus.
1238 1872 1362 1908 Exempli
1383 1881 1479 1904 causa,
1503 1873 1581 1901 adest
1601 1874 1703 1901 mane?
1727 1875 1814 1902 illicet
1839 1883 1855 1902 e

1061 1926 1160 1947 somno
1175 1926 1389 1953 consurgamus,
1403 1919 1532 1954 precibus
1546 1919 1722 1948 inhaerentes.
1735 1920 1856 1949 Absces‘

1061 1965 1149 1993 simus
1167 1965 1252 1992 inde?
1270 1965 1377 1992 alacres
1398 1973 1469 2000 opus
1488 1966 1655 1999 arripiamus
1668 1986 1675 1999 ,
1687 1967 1773 1994 simul
1793 1976 1854 1994 car-

1060 2011 1135 2038 mina
1153 2010 1208 2038 Deo
1222 2019 1285 2039 cum
1300 2012 1400 2039 animis
1422 2017 1563 2045 canentes,
1579 2013 1716 2048 simulque
1740 2014 1857 2041 manuti-

1060 2055 1111 2083 ciis
1127 2056 1221 2083 dediti.
1248 2056 1357 2084 Finitus
1383 2057 1443 2084 dies
1462 2058 1526 2085 est?
1548 2059 1688 2093 gratulati,
1715 2067 1854 2094 compun—

1059 2102 1162 2136 clique,
1182 2102 1332 2129 dormitum
1359 2103 1557 2135 concedamus,
1580 2111 1633 2138 qua
1659 2104 1855 2133 vicissitudine

1060 2147 1130 2174 hanc
1155 2147 1266 2175 Davidis
1290 2149 1455 2176 sententiam
1482 2150 1680 2184 comprobetis,
1709 2150 1774 2178 Dies
1802 2152 1856 2178 diei

1030 2199 1161 2236 Deructat
1182 2194 1298 2227 verbum,
1326 2199 1351 2222 et
1377 2203 1432 2222 nox
1453 2196 1524 2222 nocti
1543 2196 1645 2223 indicat
1664 2197 1807 2224 scientiam
1821 2198 1854 2224 ".

1058 2240 1098 2267 Ne
1112 2239 1204 2275 segnis
1222 2240 1282 2268 dies
1297 2240 1400 2274 obitor,
1422 2247 1512 2269 menlc
1526 2246 1656 2276 tanquam
1673 2249 1855 2278 mam-capta,

1060 2293 1111 2312 neu
1136 2285 1164 2312 in
1185 2285 1289 2320 Itupris
1311 2293 1344 2312 ac
1369 2286 1530 2314 libidinibus
1554 2295 1608 2314 nox
1627 2287 1775 2321 transitor,
1801 2297 1855 2315 non

1059 2329 1121 2357 dico
1137 2330 1184 2362 qui
1202 2331 1260 2358 haec
1277 2336 1468 2366 perpetrctnus
1483 2332 1606 2359 (minime
1619 2334 1706 2366 vero),
1723 2334 1793 2367 quin
1808 2342 1856 2360 nec

1059 2375 1213 2410 cogitemus
1232 2376 1363 2411 quidem;
1381 2384 1443 2403 nam
1469 2377 1507 2404 uti
1523 2385 1636 2410 corpus,
1666 2378 1707 2404 sic
1727 2379 1856 2406 animum

1059 2425 1166 2448 castum
1191 2422 1315 2450 veritatis
1334 2422 1437 2458 ﬂagitat
1452 2423 1549 2450 oratio.
1569 2424 1603 2450 At
1617 2423 1690 2450 enim
1706 2424 1856 2453 desideriis

1059 2467 1207 2494 ducimur?
1217 2467 1283 2502 quid
1292 2468 1502 2495 desiderabilius
1514 2469 1614 2495 virtute
1627 2469 1707 2503 cujus
1735 2469 1856 2497 iucunda

1061 2517 1087 2539 et
1099 2513 1288 2540 inexsaturala
1299 2517 1341 2540 est
1355 2513 1506 2548 voluptas?
1520 2513 1762 2542 Pulchritudinem
1780 2524 1859 2542 ama-

1062 2559 1139 2588 mus!
1167 2559 1234 2593 quid
1254 2558 1327 2586 Hero
1355 2560 1512 2593 amabilius,
1543 2560 1624 2595 cujus
1650 2560 1780 2588 renident
1798 2562 1859 2596 pul-

1061 2604 1217 2632 chritudine
1235 2606 1354 2633 cuncta?
1366 2610 1497 2633 caeterum
1516 2606 1596 2641 pravi
1612 2606 1759 2640 cupidines
1785 2615 1860 2634 men~

1063 2654 1118 2678 tem
1133 2655 1304 2679 externatam
1324 2651 1381 2679 fera
1397 2653 1473 2681 omni
1500 2653 1639 2681 crudelius
1654 2653 1858 2688 depascuntur.

1064 2695 1099 2724 Ut
1118 2704 1173 2725 non
1193 2697 1321 2734 voluptas
1340 2705 1372 2725 ea
1391 2699 1439 2731 sit,
1465 2700 1513 2727 scd
1532 2699 1658 2727 luctuosa
1675 2700 1746 2728 vita.
1767 2699 1860 2728 Noim

1060 2751 1161 2776 errare,
1187 2744 1287 2779 inquit,
1308 2752 1382 2777 caro,
1408 2750 1432 2772 et
1448 2746 1558 2780 sanguis
1576 2753 1685 2781 regnum
1705 2746 1755 2773 Dei
1770 2750 1859 2782 possi-

1098 2807 1121 2823 "
1136 2806 1216 2836 Joan.
1241 2815 1286 2842 Vt,
1314 2809 1360 2843 50,
1376 2809 1421 2838 5|.
1459 2810 1481 2827 ”
1501 2810 1581 2847 ibid,
1602 2812 1647 2841 55.
1699 2814 1724 2830 "
1735 2814 1854 2851 Philipp.
