1921 3073
63 141 100 173 649

597 140 801 172 SERMONES
819 139 1083 173 CATECHETICI.

1593 138 1646 170 650

62 198 104 223 dare
124 204 165 222 non
187 202 308 229 possunt,
336 205 417 231 neque
438 197 573 231 corruptio
598 195 807 229 incorruptelam
822 198 845 225 Α
861 196 1019 224 missionem
1035 197 1208 232 priestoletur
1227 196 1346 231 indeque
1359 195 1391 222 ad
1408 194 1570 222 incumbens
1588 202 1649 221 tnu-

61 242 206 276 possidebit".
230 242 342 270 Cedosis
361 250 426 269 vero
464 251 546 278 quem
567 243 724 277 amplexum
743 249 807 276 pec-

61 292 127 314 ratum
139 294 185 314 non
202 286 312 314 infamia
331 287 455 322 replevit,
475 288 582 319 afﬂixit,
600 288 659 315 neci
677 286 808 314 tradidit?

60 341 118 367 quem
130 333 241 368 amplexa
263 334 352 360 virtus
374 341 428 361 non
449 333 549 366 evexit,
567 340 600 360 ac
623 331 727 359 mundo
741 338 808 358 con-

60 380 155 413 spicuum
165 379 293 406 reddidit?
307 379 380 408 Duos
390 388 406 408 e
419 380 513 407 multis
526 379 621 413 excipe
633 399 641 407 .
651 378 806 405 Amnonem

60 424 204 458 etlosephum
216 433 223 451 :
237 432 291 453 non
307 425 384 452 illum
399 425 505 452 sororis
520 425 643 452 incestus
653 423 809 459 jugulat-it?

60 477 98 495 non
111 469 171 496 hunc
183 470 293 497 castitas
307 470 341 497 ab
353 469 481 505 Egyptia
497 477 580 504 regno
593 469 724 497 donavit?
741 468 808 496 'l‘am

60 514 165 545 amabilis.
178 520 202 542 et
216 515 374 549 expetenda,
392 523 424 543 ac
438 515 581 542 salutifera
596 519 639 542 est
657 515 762 541 virtus!
783 520 810 542 et

59 559 183 593 frequenter
205 565 292 588 tamen
319 560 455 594 impendio
471 568 607 592 erramus,
625 560 672 594 qui
691 565 806 586 mortem

60 613 95 639 pro
107 607 152 633 vita
168 607 390 641 complectamur,
408 607 538 634 tenebras
554 615 603 641 pro
620 606 681 633 lucc
695 613 810 640 preuse-

59 660 113 683 titus,
123 653 291 687 corruptelam
319 660 369 687 pro
390 653 596 680 immortalitate
627 652 812 683 deamcmus;

59 703 98 730 quo
109 697 163 730 quid
186 698 388 725 miserabilius?
405 697 482 725 Unde
499 698 594 732 igitur,
606 697 655 728 ait,
677 697 724 730 qui
746 696 811 723 boni

59 747 164 769 atuatores
189 743 303 770 velimus
335 751 408 775 eSse,
433 743 629 777 nequivimus?
655 742 732 776 Quod
759 749 811 768 non

59 794 103 812 rere
121 787 245 820 volumus,
275 788 323 815 sed
346 788 452 822 ﬁctilie,
475 789 613 822 siquidem
637 796 687 822 pro
704 787 812 815 arbitrii

59 831 155 860 libertate
162 834 270 861 omnino
278 833 352 869 quod
362 834 489 861 volumus
500 834 702 868 amplectimur.
717 833 796 860 Enim
803 847 813 853 -

860 248 924 273 nus,
951 246 979 268 et
1008 242 1165 278 impositam
1185 241 1354 276 provinciam
1380 240 1530 271 animetur.
1562 248 1649 275 usque

859 287 938 320 adeo,
953 292 982 315 ut
993 288 1072 323 juges
1084 288 1192 316 labores
1208 287 1349 315 laboribus
1366 287 1466 319 addat;
1487 294 1550 313 nam
1567 287 1648 319 unde,

859 332 950 366 sodes,
976 334 1067 368 praelia
1093 338 1252 361 sanctorum
1267 332 1402 364 maudita,
1425 331 1555 359 diuturna
1581 330 1650 357 tole-

860 378 960 411 rantia,
978 380 1102 414 pertinax
1118 379 1305 414 morigeratio,
1330 379 1356 406 in
1372 382 1542 406 senectutem
1560 377 1651 411 subje-

861 424 927 457 ctio,
950 428 1034 459 atque
1053 425 1096 452 his
1121 425 1236 459 insuper
1259 424 1385 459 majora?
1402 423 1475 450 unde
1498 428 1649 458 martyrum

860 471 1024 502 certamina,
1043 471 1230 499 membrorum
1248 471 1374 502 lanienae,
1395 469 1537 504 sanguinis
1555 469 1652 504 profu-

861 516 924 542 sio?
940 523 994 542 non
1014 516 1061 550 qui
1077 516 1178 544 animis
1203 520 1379 550 usurparent,
1401 515 1568 550 praecipitem
1591 516 1654 541 vita:

861 561 992 589 curriculi
1016 561 1187 593 brevitatem,
1203 561 1429 596 eomparitionem
1464 560 1497 587 ad
1523 559 1654 587 horribile

862 607 993 639 tribunal,
1010 611 1112 634 aeterna
1130 613 1158 634 et
1171 607 1277 634 infinita
1297 606 1450 641 supplicia?
1466 606 1576 633 Scilicet
1589 605 1654 632 hinc

862 652 902 678 eis
917 651 1057 678 tolerablia
1070 657 1179 682 cuncta.
1205 652 1268 679 hinc
1283 651 1419 678 atrocium
1441 658 1583 685 poenarum
1603 658 1653 677 ceu

863 698 891 725 in
915 698 1078 732 corporibus
1107 698 1203 726 alienis
1232 698 1382 732 perpessio.
1407 699 1445 724 Ac
1468 699 1574 724 beatam
1593 705 1655 732 quas

864 745 922 772 hac
944 747 1004 773 dies
1036 750 1186 780 noctesque
1209 745 1312 780 cogitet
1335 749 1467 777 mentem,
1492 752 1553 779 qure
1580 744 1656 772 Velut

865 791 977 826 hospes,
995 796 1022 818 et
1044 791 1150 819 advena
1166 792 1250 817 vitam
1275 791 1426 822 transiens,
1443 797 1530 816 :uvum
1544 793 1657 817 maneat

866 835 942 867 felix,
956 843 988 863 ac
1001 843 1141 865 securum.
1155 836 1189 863 de
1200 843 1256 870 quo
1275 835 1400 870 Apostoli
1416 836 1471 862 haec
1482 839 1547 862 sunt
1562 835 1655 864 verba.

59 885 106 904 vero
118 879 225 906 studium
243 887 258 906 ιι
276 879 369 913 pueris
385 879 419 906 ad
436 887 531 913 prava,
548 885 578 906 ut
596 879 714 911 videtur,
735 878 813 906 habi-
828 878 850 905 Β
866 881 937 908 Nam
952 883 1113 917 exspectatio
1128 888 1258 909 creature
1274 883 1456 909 reuelationem
1474 882 1591 916 ﬁliorum
1608 881 1657 908 Dei

60 927 100 950 luta
113 924 135 950 in
151 925 224 951 nobis
237 925 374 952 contraxit
395 925 454 951 vitii
469 929 602 952 tenacem.
626 924 679 952 Sed
697 932 758 959 qua:
772 928 815 951 est

59 969 154 1002 Apostoli
171 971 326 998 sententia?
342 970 497 997 Humanum
520 971 591 1001 dico,
611 975 719 1005 propter
738 969 814 1003 inﬁr-

59 1015 149 1042 mitatem
165 1017 248 1043 carnis
264 1020 375 1045 vestra:
394 1017 463 1043 sicut
480 1017 548 1042 enim
563 1015 719 1042 exhibuiatir
735 1023 817 1041 mem-

59 1062 92 1087 tra
112 1069 188 1090 vestra
217 1065 314 1091 aen-ire
343 1063 533 1096 intmunditiw,
562 1067 587 1090 et
615 1063 752 1097 iniquitati
781 1061 815 1088 ad

58 1106 204 1141 iniquitatem,
219 1109 258 1135 ita
275 1117 344 1135 nunc
357 1108 476 1136 exhibete
487 1109 605 1135 membra
618 1111 704 1134 vestra
719 1107 817 1134 servire

56 1152 144 1182 jttttitite
166 1154 191 1180 iu
226 1154 522 1188 suuctt'ﬁcationem“:
555 1153 608 1180 hoc
632 1156 692 1184 est,
722 1159 816 1187 parem

57 1201 157 1228 oportere
173 1197 337 1226 industriam
359 1198 488 1226 conferre
505 1198 532 1225 in
552 1199 694 1226 virtutem.
711 1197 816 1232 Itaque,

58 1240 143 1273 fratres.
159 1244 244 1272 adhuc
258 1245 367 1280 pulsare
391 1245 562 1277 iusistamus,
589 1244 725 1279 planeque
745 1243 818 1272 fores

57 1288 152 1315 clemens
162 1290 263 1324 aperiet
284 1290 365 1323 Deus,
377 1298 439 1325 qua:
454 1295 566 1326 accepta
582 1290 634 1317 sibi
650 1290 707 1317 sint
723 1289 749 1316 in
767 1297 818 1316 uos

57 1333 154 1366 molitus,
169 1343 200 1363 ac
215 1344 362 1371 perennem
380 1337 463 1364 vitatu
478 1335 593 1370 largitus
612 1343 662 1371 per
675 1335 818 1363 Christum

56 1376 127 1405 lesqu
142 1380 285 1409 Dotuinum
301 1387 438 1414 nostrum,
457 1382 502 1409 cui
522 1381 608 1416 gloria
624 1386 651 1408 et
671 1381 818 1416 imperium

57 1429 102 1450 cum
112 1425 195 1459 Patre,
209 1436 241 1456 ac
255 1433 356 1455 sancto
371 1427 486 1463 Spiritu,
505 1435 579 1455 nunc
602 1431 630 1456 et
649 1434 769 1461 semper,
790 1427 818 1454 in

57 1476 194 1505 omnemque
210 1474 434 1509 perpetuitatem.
446 1475 546 1500 Amen.

320 1519 436 1547 SERMO
455 1519 522 1547 CIX.

55 1560 84 1589 De
99 1565 162 1591 obitu
182 1566 215 1599 fr.
236 1565 386 1599 Theososti,
410 1571 489 1607 atgue
509 1565 630 1592 obeunda
654 1566 697 1601 pie
717 1567 820 1593 sancte-

355 1608 404 1636 que
423 1607 488 1628 vita.

80 1645 174 1674 Fratres
195 1647 360 1682 Patresque,
386 1647 500 1682 jamjam
532 1647 673 1682 explorate
695 1649 820 1683 cognovi-

55 1697 102 1717 mus
115 1691 291 1720 Theosostum
304 1694 416 1720 fratrem
431 1692 545 1724 obiisse,
556 1692 590 1719 de
606 1700 661 1727 quo
675 1693 820 1721 dicendum

56 1742 87 1762 est
101 1739 223 1771 nonnihil,
247 1743 429 1774 posteaquam
451 1738 491 1764 vir
512 1737 564 1765 fuit
586 1738 700 1772 probus.
718 1745 734 1764 a
757 1746 820 1773 per-

57 1783 129 1809 multis
142 1784 275 1816 laudatus,
303 1791 359 1818 qua
378 1782 520 1810 monachis
539 1791 594 1817 qua
617 1783 707 1815 laicis,
728 1783 776 1818 qui
795 1789 823 1811 et

57 1828 169 1861 subderet,
192 1834 219 1857 et
233 1828 377 1856 subditum
395 1833 510 1864 gereret,
534 1835 582 1861 pro
600 1828 634 1854 ἰίι
647 1835 707 1863 quae
726 1835 821 1862 partus

55 1880 83 1900 est
99 1881 214 1909 tentatus,
231 1881 261 1904 ut
277 1876 440 1911 Apostolice
454 1876 564 1910 loquar,
584 1880 676 1910 potens
689 1880 714 1902 et
732 1876 764 1901 iis
777 1876 823 1910 qui

55 1924 163 1948 tentantur
177 1922 310 1949 auxiliari
322 1923 363 1955 ⁶¹;
387 1929 472 1957 quare
486 1921 642 1957 complures
658 1922 760 1956 probos
781 1929 823 1948 sc-

54 1967 151 1994 cundum
165 1968 250 1995 Deum
268 1968 343 1995 ﬁlios
360 1967 509 2000 contraxit,
525 1967 654 1999 idemque
671 1967 707 1994 ob
721 1967 822 1994 verita-

54 2016 93 2038 lcul
108 2014 237 2046 miserias,
259 2021 413 2046 aerumnas,
438 2013 622 2046 calamitates,
643 2021 676 2040 ac
700 2013 823 2048 pericula

55 2065 94 2084 nou
112 2060 219 2087 minima
243 2059 379 2094 suscepit,
401 2060 429 2086 in
444 2059 544 2095 quibus
563 2064 590 2086 et
613 2058 774 2092 defunctus,
790 2059 824 2085 ad

53 2101 174 2132 Dominum
199 2106 352 2133 concessit.
375 2104 514 2138 Quorsum
543 2105 602 2132 haec
629 2109 722 2132 autctn
755 2105 824 2135 mihi

53 2147 130 2176 dicta?
148 2155 176 2177 ut
188 2151 214 2178 in
229 2151 320 2178 fratre
342 2150 483 2185 exemplar
493 2150 632 2184 quoddam
657 2157 750 2178 rerum
774 2157 825 2178 no-

54 2199 149 2222 strarum
164 2202 305 2224 tueremur
317 2205 326 2230 ;
338 2196 384 2231 qui
400 2201 494 2224 sancte
507 2200 534 2222 et
547 2195 661 2223 honeste
673 2196 821 2227 obeuntes.

53 2248 113 2274 irque
126 2243 208 2270 simus
227 2243 263 2270 ab
286 2243 342 2270 alio
359 2247 422 2278 post
438 2247 554 2269 mortem
574 2242 715 2275 laudandi,
734 2242 821 2271 illices

53 2289 142 2319 quidam
158 2290 289 2324 piaaclare
309 2288 425 2323 posteris
444 2287 545 2322 objecti
562 2288 748 2315 aemulationis
762 2288 822 2320 ,sin

53 2335 153 2368 sequius,
178 2345 232 2363 non
254 2336 346 2364 solum
373 2343 427 2362 non
451 2335 607 2368 laudemur,
636 2335 703 2369 quin
728 2335 823 2362 aeterni

54 2382 122 2412 pteuis
137 2383 261 2417 supplicii
290 2383 451 2414 mullemur,
466 2381 541 2416 quod
558 2380 679 2408 terribile
702 2385 746 2408 est
767 2386 824 2408 tum

54 2429 148 2461 cogitatu
165 2435 222 2456 tum
236 2430 327 2457 dictu.
342 2428 401 2455 lam
416 2428 517 2456 videsis
536 2427 603 2454 mihi
618 2433 647 2455 ut
662 2427 727 2454 hinc
740 2427 825 2455 vicis-

54 2472 92 2499 sim
106 2475 286 2507 abscedimus,
301 2482 334 2502 ac
346 2482 401 2510 quo
416 2474 537 2507 abimus,
549 2479 607 2502 tum
618 2481 680 2508 quae
688 2473 733 2501 hic
746 2473 825 2501 nobis

55 2518 81 2544 sit
98 2521 153 2548 vitae
179 2522 205 2548 in
230 2527 340 2556 paucos
362 2520 525 2554 prorogatio
554 2519 623 2551 dies,
653 2518 687 2546 ad
714 2519 824 2546 virtutis

54 2566 266 2600 explorationem,
299 2572 328 2593 et
351 2571 482 2600 tauquam
510 2565 664 2600 periculum
692 2565 824 2598 victuris,

56 2610 102 2639 inde
111 2615 260 2645 morituris,
277 2620 312 2640 at:
325 2613 365 2639 sic
381 2612 547 2640 discessuris
563 2611 609 2639 ubi
624 2615 749 2647 perpetes
765 2619 822 2639 ma-

56 2662 156 2686 neamus.
177 2658 241 2687 llaec
258 2657 429 2693 prudentum
459 2657 579 2684 recolere
598 2661 651 2688 est,
676 2663 764 2690 eaque
779 2656 827 2690 qui

56 2704 145 2737 recolat,
167 2705 271 2737 tremit,
304 2708 332 2731 et
352 2703 494 2735 formidat,
526 2702 572 2737 qui
600 2702 693 2729 studio
719 2709 828 2736 semper

55 2751 117 2779 obeat
128 2754 257 2789 quotidie,
275 2760 311 2780 ac
324 2751 447 2786 corporis
459 2751 538 2786 quasi
562 2750 708 2785 quamdam
728 2758 829 2777 mauu-

81 2808 117 2837 ”l
130 2811 189 2838 Cor.
207 2818 254 2842 xv,
269 2809 318 2836 50.
355 2809 378 2824 ⁶⁶
391 2808 469 2836 Rom.
483 2817 521 2839 vr,
539 2809 581 2836 19.
620 2809 640 2824 ⁶¹
654 2808 739 2836 ilcbr.
758 2817 787 2841 ιι,
804 2811 846 2839 l8.

55 2850 86 2876 tu,
98 2845 120 2872 8.
152 2846 308 2879 “Philipp.
325 2851 365 2876 ut,
382 2845 425 2872 10.
464 2845 486 2860 ⁸⁸
501 2844 618 2879 Philipp.
634 2852 671 2876 tv,
686 2844 713 2871 4.

153 2893 294 2924 ΡΑτκοι..
311 2893 370 2924 Gn.
389 2892 498 2923 XCIX.

864 933 997 962 exspectat
1012 937 1021 960 ;
1041 930 1152 956 vanitati
1170 930 1240 956 enim
1259 933 1382 955 creatura
1399 928 1516 962 subjecta
1532 933 1582 961 est,
1605 936 1657 954 non

865 977 954 1001 uolam
969 976 1015 1001 sed
1030 980 1137 1009 propter
1152 983 1211 1001 eum
1226 975 1271 1009 qui
1284 974 1395 1008 subiecit
1415 982 1471 1001 eam
1487 975 1513 1000 in
1527 982 1582 1008 ape,
1593 975 1658 1009 quia

865 1026 889 1047 et
905 1023 963 1054 ipsa
983 1026 1106 1048 creatura
1127 1021 1287 1048 liberabitur
1299 1029 1315 1047 α
1335 1021 1460 1047 seruitute
1478 1021 1657 1054 corruptionis

866 1066 893 1092 in
908 1066 1058 1095 libertatem
1077 1066 1170 1101 gloria
1184 1066 1301 1100 filiorum
1318 1065 1366 1093 Dei
1377 1067 1411 1092 ".
1431 1065 1523 1093 Viden‘
1542 1071 1571 1092 ut
1593 1073 1659 1100 pro-

867 1112 986 1139 mittitur
1001 1112 1060 1139 fore
1075 1118 1103 1139 ut
1121 1117 1207 1139 totum
1225 1113 1277 1139 hoc
1295 1112 1455 1139 universum
1471 1119 1486 1138 a
1503 1111 1657 1146 corruptela

867 1163 1050 1190 restauretur,
1069 1162 1150 1192 atque
1165 1166 1180 1184 e
1194 1158 1327 1185 servitute
1349 1157 1374 1184 in
1388 1157 1542 1184 libertatem
1561 1155 1665 1184 natura

868 1210 960 1230 rerum
975 1202 1066 1230 omnis
1082 1202 1253 1237 dillingatur?
1276 1201 1438 1237 Cujusmodi
1453 1209 1519 1229 vero
1541 1202 1565 1229 is
1579 1202 1659 1229 dein-

868 1256 932 1283 ceps
948 1249 1007 1276 dies
1025 1250 1058 1276 de
1075 1256 1131 1284 quo
1143 1249 1183 1276 ait
1196 1253 1310 1276 sanctus
1325 1248 1419 1279 Davld,
1438 1247 1536 1275 Melior
1548 1253 1587 1275 est
1600 1248 1657 1275 dies

869 1303 922 1321 una
943 1295 969 1321 iu
986 1295 1066 1321 atriis
1093 1295 1146 1322 tuis
1161 1302 1240 1328 super
1254 1295 1340 1321 millia
1350 1295 1373 1310 ⁸³
1392 1302 1399 1321 :
1414 1302 1579 1329 rursumque
1593 1302 1659 1329 apo-

869 1341 1004 1368 stolorum
1037 1341 1199 1376 corypltteus
1225 1350 1231 1367 :
1257 1341 1320 1367 Dies
1349 1340 1457 1367 Domini
1489 1341 1559 1367 sicut
1588 1341 1660 1368 mille

869 1387 934 1413 anni
945 1386 968 1403 “
983 1395 990 1413 :
1007 1391 1035 1414 et
1060 1387 1202 1420 apostolus
1226 1386 1328 1414 Paulus
1343 1395 1351 1414 :
1366 1387 1554 1422 Conﬁguratuz
1580 1389 1661 1414 morti

869 1432 927 1466 ejus
944 1439 954 1460 :
967 1431 990 1458 .ιὶ
1007 1439 1057 1466 quo
1071 1431 1150 1458 modo
1162 1439 1299 1458 occurram
1312 1431 1347 1458 ad
1366 1433 1585 1459 ruurrrctionem
1602 1440 1661 1467 quur

870 1484 909 1505 est
922 1485 955 1505 ea:
968 1478 1081 1504 mortuis
1094 1478 1127 1503 ⁸³.
1144 1476 1203 1504 Huc
1213 1485 1263 1504 nos
1277 1484 1388 1512 quoque
1400 1478 1536 1509 animum,
1550 1477 1659 1511 fratres,

871 1529 954 1559 atque
978 1529 1097 1550 mentem
1118 1523 1328 1555 contendamus,
1354 1523 1407 1550 huc
1425 1524 1515 1551 studia
1533 1524 1660 1551 confert

872 1578 944 1602 mus,
968 1570 1022 1597 huc
1045 1570 1164 1604 cogitata
1187 1573 1215 1596 et
1237 1569 1377 1603 ingenium
1403 1569 1590 1602 traducamus,
1617 1570 1662 1597 hic

871 1622 932 1644 vota
951 1625 983 1644 ac
998 1616 1136 1644 desideria
1154 1616 1282 1650 ﬁgamus,
1305 1622 1358 1649 qua
1372 1615 1550 1649 occupatione
1568 1616 1661 1643 seaculi

873 1663 956 1698 hujus
976 1662 1126 1697 principem
1153 1661 1299 1694 lateamus,
1321 1661 1367 1695 qui
1390 1668 1452 1688 cuin
1481 1665 1586 1688 tentare
1610 1668 1662 1687 uos

872 1714 970 1744 potest,
994 1713 1051 1735 tum
1070 1713 1243 1742 prosternere
1271 1707 1377 1741 nequit,
1398 1706 1583 1734 contentionis
1604 1706 1662 1741 jam

872 1755 957 1783 armis
971 1754 1132 1781 monasticae
1144 1758 1243 1781 tectos.
1260 1753 1346 1786 Quem
1360 1757 1425 1787 opto
1440 1752 1567 1788 equidem
1582 1753 1662 1780 nauci

873 1809 928 1828 non
952 1800 1072 1835 eﬂ'ugcre
1092 1807 1141 1827 vos
1159 1799 1253 1831 modo,
1276 1798 1324 1825 sed
1349 1798 1432 1825 etiarn
1457 1805 1599 1832 superare,
1615 1805 1663 1825 co-

873 1855 939 1874 rona
963 1851 1068 1874 mactos
1085 1845 1241 1880 probitatis,
1269 1852 1317 1879 per
1342 1844 1484 1871 Christum
1499 1843 1593 1871 Jcsum
1614 1843 1664 1870 Do-

875 1893 979 1920 minum
994 1898 1122 1919 nostrum
1140 1901 1146 1918 :
1162 1891 1206 1918 cui
1223 1891 1310 1926 gloria
1330 1894 1358 1918 et
1372 1890 1518 1924 imperium
1532 1897 1594 1917 cum
1611 1890 1665 1916 Pa-

875 1945 926 1970 tre,
943 1947 976 1966 ac
992 1943 1088 1966 sancto
1104 1937 1220 1972 Spiritu,
1234 1944 1307 1964 nunc
1320 1940 1348 1964 et
1361 1943 1479 1971 semper,
1492 1936 1520 1963 in
1540 1943 1666 1963 omnem-

874 1992 928 2020 que
940 1984 1161 2019 perpetuitatem.
1180 1983 1279 2010 Amen.
1379 1983 1393 1994 ⁸

1175 2027 1291 2054 δεξιΜο
1310 2026 1365 2054 (ΣΧ.

875 2075 914 2102 De
927 2074 1037 2108 lati/ica
1055 2074 1111 2101 vita
1135 2077 1305 2133 ποίησε-»γει
1316 2072 1512 2134 ιάεῖειίεωηικν
1527 2073 1553 2099 in
1568 2073 1663 2100 adper-

1186 2116 1253 2134 xaru
1283 2115 1313 2134 uc
1328 2116 1354 2133 α.

1186 2116 1253 2134 sum
1271 2115 1354 2135 ηκια.

912 2154 1021 2182 Fratres
1044 2152 1206 2187 Patresque,
1221 2159 1284 2179 cum
1303 2159 1399 2178 omnes
1416 2151 1543 2179 homines
1555 2159 1667 2185 semper

839 2202 904 2241 Din
925 2200 1042 2227 Domino
1066 2198 1186 2232 gaudere
1210 2196 1360 2231 Apostolus
1374 2196 1451 2230 jubet
1463 2196 1497 2228 ““,
1524 2202 1580 2225 tum
1601 2198 1666 2230 soli,

876 2253 906 2277 ut
922 2249 1044 2281 apparet,
1062 2244 1118 2271 veri
1135 2242 1268 2270 monachi
1283 2241 1413 2277 gaudent,
1428 2242 1476 2277 qui
1490 2250 1545 2270 non
1562 2243 1665 2274 uxoris.

874 2300 928 2320 non
947 2291 1107 2320 liberorum,
1134 2296 1190 2316 non
1212 2295 1366 2318 servorum,
1384 2295 1438 2314 non
1457 2288 1588 2322 pecuniae,
1612 2296 1667 2315 non

873 2339 1049 2374 praediorum,
1060 2343 1113 2364 non
1128 2334 1241 2362 alterius
1251 2334 1412 2369 cujusquam
1425 2342 1517 2361 eorum
1534 2342 1596 2370 (luat
1608 2343 1668 2362 am-

876 2384 953 2412 biant
978 2381 1106 2410 carnales
1134 2379 1320 2408 sollicitudine
1356 2379 1505 2411 ducantur,
1527 2388 1668 2414 unumque

875 2431 968 2457 ineant
997 2427 1120 2456 studium
1150 2426 1251 2458 solum,
1269 2424 1316 2459 qui
1347 2424 1473 2459 placeant
1487 2425 1570 2453 Hero.
1587 2425 1668 2458 Quod

875 2475 919 2510 pol
949 2473 1071 2502 studiutn
1085 2472 1151 2508 juge
1181 2474 1224 2499 est
1250 2470 1278 2496 in
1304 2470 1421 2498 Domino
1441 2470 1585 2506 gaudium,
1601 2479 1667 2500 nam

876 2520 921 2547 ubi
947 2517 1155 2546 matrinmuium
1176 2520 1229 2548 est,
1255 2523 1288 2543 ac
1305 2515 1433 2549 servitus,
1453 2521 1481 2543 et
1499 2524 1560 2552 qua:
1584 2518 1670 2546 exiis

875 2564 1008 2593 molestiae
1037 2564 1166 2595 manant;
1196 2562 1298 2590 misera
1333 2563 1392 2589 haec
1413 2562 1556 2589 hominum
1576 2564 1671 2598 generi

879 2610 1013 2638 divinitus
1039 2609 1120 2636 insita
1144 2606 1307 2639 distractio,
1331 2613 1386 2641 qua
1406 2606 1619 2639 distinerentur,
1642 2611 1672 2634 ut

883 2657 935 2685 fert
954 2655 1110 2684 Salomonis
1124 2653 1260 2682 sententia
1270 2653 1309 2679 ‘7:
1326 2651 1433 2679 difﬁcile
1457 2657 1500 2679 est
1514 2653 1542 2680 in
1556 2652 1673 2681 Domino
1719 2681 1724 2684 _

883 2703 1019 2739 gaudere,
1039 2704 1130 2728 mente
1150 2699 1185 2727 ab
1210 2699 1244 2727 iis
1269 2705 1332 2733 quae
1349 2697 1464 2733 praedixi
1479 2706 1494 2725 a
1513 2704 1608 2727 sancta
1625 2698 1671 2726 Dei

882 2748 1072 2777 recordatione
1099 2747 1218 2777 demota,
1248 2745 1276 2771 in
1304 2751 1359 2778 qua
1389 2744 1472 2771 situm
1502 2745 1527 2770 in
1556 2744 1674 2773 Domino

885 2811 906 2826 θ’
918 2808 1064 2838 l’tom.vm,
1081 2803 1127 2832 21.
1177 2803 1200 2820 ⁸³
1212 2801 1285 2829 Psal.
1304 2808 1419 2834 Lxxxut,
1436 2801 1479 2828 ll.
1518 2801 1541 2817 "
1552 2801 1573 2828 ll
1587 2801 1676 2837 Potn,

751 2845 773 2860 ⁶⁷
787 2845 875 2873 Eccle.
894 2853 913 2877 l,
930 2844 940 2870 l
955 2849 1032 2877 seqq.

1440 2884 1475 2914 21
