1921 3073
240 136 289 167 651

241 248 277 267 no
291 239 468 274 gaudcntum,
492 240 625 272 laetemur,
653 245 679 267 et
695 240 766 266 inter
784 246 834 265 nos
851 238 1031 266 collzetemur,

243 285 358 317 fratres,
387 285 574 319 exspectando
607 284 772 319 virginitatis
803 290 835 310 ac
864 280 1034 317 paupertatis

242 330 353 364 praemia
376 337 391 356 a
421 334 626 357 remuneratore
651 330 716 362 Dco,
745 330 790 364 qui
818 328 973 356 mercedem
989 326 1031 353 vel

242 376 348 411 frigidm
367 381 409 403 est
437 376 578 410 pollicitus
591 377 628 409 ",
662 376 761 404 nedum
794 381 849 403 tam
877 374 1032 409 grandium,

242 426 269 449 ct
285 421 433 456 ingentium
449 421 600 449 facinorum
616 430 624 454 ;
644 429 705 448 nam
722 421 844 456 profecto
861 427 968 447 summa
981 422 1032 448 est,

243 475 274 493 ac
295 467 453 500 praecellens
481 466 646 500 virginitatis
680 467 803 498 functio,
833 465 1034 499 conjunctaque

243 519 306 538 cum
324 511 444 546 angelica
460 511 527 542 vita,
545 519 605 546 quae
619 511 757 538 hominem
772 514 880 538 revocet
895 509 928 537 ad
945 508 1031 543 origi-

243 564 315 588 nem,
339 557 364 583 in
381 557 547 590 paradisum,
574 565 637 584 cum
664 556 779 592 nuptiae,
809 560 890 590 atque
918 554 1034 582 servitus

244 610 379 637 nusquam
394 603 503 637 vitaque
518 603 641 637 quaedam
659 610 766 634 secura,
782 606 809 629 et
828 601 939 628 innoxia
954 600 1032 634 dege-

244 652 327 674 retur.
351 647 398 674 Sin
415 652 440 674 te
458 648 530 674 haud
546 647 644 678 laetari,
662 649 727 682 quin
744 647 837 674 dolere
851 646 937 677 dicas,
956 652 1032 678 quaa~

244 700 319 724 nam,
347 700 423 728 rogo.
440 700 522 720 causa
537 697 579 720 est
593 693 720 720 doloris?
743 691 821 725 Quod
837 691 933 726 culpas
949 690 1035 717 admi-

245 740 327 767 sisti?
341 740 375 765 At
390 747 428 766 ea:
453 747 502 775 per
523 740 720 771 secessionem,
737 744 764 766 et
787 738 982 769 obedientiam,
1005 744 1036 764 ac

245 784 444 814 confessionem
471 789 535 811 sunt
554 785 687 812 remissae.
703 785 744 811 An
767 784 841 819 quod
855 783 982 819 cogitatis
1008 782 1035 808 in

245 830 303 856 dies
331 829 431 856 ferire?
459 829 494 856 At
506 829 612 864 signum
642 829 668 856 id
699 836 809 864 quoque
839 832 882 856 est
916 835 1034 860 coronae,

245 882 334 909 neque
348 875 420 902 enim
437 875 507 902 bello
531 875 650 902 alienum
669 875 816 910 quisquam
845 874 892 902 sed
919 874 1034 901 bellato-

245 927 303 946 rem
330 924 460 952 coronat;
488 927 537 947 nec
567 921 594 946 lll
624 927 734 947 arenam
763 927 816 947 non
846 927 1034 955 progressum,

245 964 310 999 quin
327 964 434 999 egregie
448 971 538 999 pugna
561 964 720 992 defunctum
743 964 873 991 donativo
891 963 1036 998 prosequi-

246 1015 300 1036 tur.
328 1008 387 1036 Non
417 1009 513 1037 videtis
542 1015 571 1037 ut
598 1010 669 1037 unde
685 1010 788 1037 tristari
825 1009 1037 1041 dicimur,hine

245 1054 330 1082 laetari
357 1055 527 1082 habeamus?
548 1056 726 1090 quamobrem
753 1055 875 1082 Imitemur
893 1074 900 1086 .
926 1055 1035 1085 fratres,

245 1101 359 1135 spiritali
386 1101 490 1136 agendo
518 1101 618 1135 gaudio
644 1101 798 1133 instantes,
831 1105 859 1127 et
888 1101 979 1127 acrius
1002 1101 1035 1127 ad

245 1147 344 1174 diaboli
360 1146 469 1174 fraudes
497 1147 680 1179 obluctantes,
705 1148 751 1182 qui
764 1147 824 1181 ejus
838 1146 958 1174 insultus
974 1155 1036 1181 pre-

245 1193 324 1220 cibus
343 1200 374 1219 ac
381 1192 514 1227 supplicio
529 1192 698 1227 frangamus,
712 1197 739 1219 et
757 1192 942 1220 submissione
954 1197 1036 1227 atque

246 1237 401 1265 obedientia
419 1237 531 1272 laqueos
553 1237 737 1272 dissipenius;
758 1242 814 1264 tum
836 1241 926 1265 autem
948 1237 1036 1273 lacry-

247 1283 309 1314 mis,
322 1289 354 1309 ac
369 1282 580 1316 compunctione
599 1283 677 1317 quasi
696 1283 842 1317 quemdam
858 1281 1033 1309 Pharaonem

246 1328 461 1361 demergamus,
493 1330 520 1353 et
553 1326 713 1361 profitendis
747 1326 914 1361 edendisque
945 1326 1035 1360 culpis

247 1373 342 1406 procul
358 1373 383 1399 in
397 1371 488 1406 fugam
501 1376 649 1404 vertamus,
664 1372 826 1407 ueterisque
840 1372 948 1399 cunctis
962 1377 1035 1399 recte

247 1417 328 1445 factis
345 1417 436 1444 divina
452 1425 503 1451 ope
518 1421 734 1452 prosternamus.
748 1416 796 1444 Pol
817 1416 945 1444 fraudum
961 1416 1031 1443 mul-

247 1463 340 1498 tiplex,
361 1468 442 1498 atque
459 1462 556 1490 artifex
571 1463 704 1490 scelerutn
721 1467 772 1495 est,
790 1462 835 1497 qui
856 1470 907 1489 nos
929 1462 1035 1489 interfi-

247 1516 310 1536 cere
323 1516 459 1543 qumrens,
485 1513 542 1536 tum
565 1513 676 1543 captare
706 1516 761 1544 quo
785 1509 892 1544 ingruat
916 1514 1033 1544 tempus,
1049 1523 1070 1552 ρ

248 1559 305 1581 tum
338 1555 458 1589 recipere
483 1561 513 1582 se
548 1554 632 1587 norit,
662 1562 711 1581 cett
735 1554 834 1586 victus,
858 1554 972 1586 scilicet,
1005 1559 1036 1581 ut

247 1600 355 1627 irruens
371 1604 491 1635 repente,
511 1599 676 1634 imparatum
694 1600 816 1626 animum
829 1604 937 1630 nactus,
958 1599 1033 1634 quod

247 1646 305 1673 vult
323 1646 430 1673 elliciat.
453 1645 509 1674 Nos
530 1647 670 1673 enimvero
696 1653 746 1681 pro
761 1646 878 1672 statione
892 1645 937 1672 siti
953 1653 1036 1672 excu-

248 1692 361 1725 bemus;
382 1692 537 1727 vigilemus,
556 1693 655 1719 mentis
680 1692 791 1719 oculum
818 1692 967 1727 insopitum
995 1697 1035 1719 tc-

247 1743 352 1769 ncntes,
371 1737 515 1772 studioque
529 1737 636 1765 fervens
654 1738 792 1772 ingenium
812 1738 923 1766 divino:
938 1745 991 1773 qua
1008 1746 1037 1765 re

248 1783 371 1813 stabiles.
387 1789 419 1809 ac
433 1782 527 1810 invicti
551 1791 723 1816 maneamus,
742 1791 819 1816 sane,
838 1784 964 1816 obsecro,
982 1791 1034 1811 neu

248 1827 375 1854 obeundo
391 1827 462 1854 bello
479 1832 651 1861 torpeamus,
669 1836 720 1855 neu
736 1828 764 1855 in
777 1829 926 1856 adversarii
946 1836 1035 1863 pugna

247 1870 452 1898 defetiscamur.
476 1872 553 1900 Finis
584 1873 708 1900 imminet
729 1874 922 1906 certaminum,
956 1880 1037 1910 atque

249 1917 327 1943 abest.
361 1916 504 1943 minimum
532 1917 598 1952 quin
627 1918 740 1953 jamjam
769 1920 860 1946 veniat
884 1920 1036 1947 adventans

249 1961 372 1995 nihilque
387 1965 542 1992 cunctetur,
557 1967 605 1989 aut
622 1963 756 1998 cujusque
775 1969 900 1992 nostrum
912 1965 1035 1998 decessu,

249 2011 296 2032 aut
315 2006 398 2033 totius
427 2007 547 2034 universi
571 2007 686 2035 decursu
708 2009 872 2044 peragenda,
887 2018 941 2045 qua
967 2015 1037 2037 tetu-

250 2056 351 2086 pestate
361 2052 503 2087 apparebit
519 2061 535 2080 e
555 2053 636 2086 caelo,
656 2054 788 2088 angelicis
805 2054 891 2088 copiis
903 2055 1033 2089 stipatus,

249 2099 382 2133 ignesque
401 2098 529 2131 flamma,
557 2104 583 2126 et
613 2099 724 2126 infanda
748 2100 891 2134 majestate
919 2100 1034 2133 obsitus,

249 2151 312 2171 cum
337 2144 446 2178 quidem
475 2144 578 2171 Videbit
602 2152 660 2171 cum
674 2145 758 2171 omnis
782 2145 889 2178 oculus,
906 2146 1038 2180 quemad-

839 139 869 167 S.
883 133 1078 166 THEODORI
1109 133 1281 163 STUDlT/E

241 194 371 230 gaudium
389 198 441 222 est.
459 194 553 228 itaque
570 195 616 229 qui
630 202 645 222 e
659 201 774 221 numero
788 194 876 221 simus
892 193 919 219 in
944 191 1035 218 Domi-
1051 192 1075 220 Α

1828 131 1877 162 652

1383 189 1499 216 SER‘MO
1517 188 1586 216 CXI.

1245 236 1283 263 De
1299 236 1450 266 taterantia.
1466 244 1497 262 uc
1513 235 1721 269 compunctitme.

1121 282 1230 309 Fratres
1255 282 1414 317 Patresque,
1439 282 1567 316 equidem
1599 281 1708 308 locutus
1733 279 1819 314 loqui,
1847 287 1877 305 ac

1087 327 1227 354 cohortari
1243 327 1368 354 insistam
1381 327 1554 358 cohortatus,
1569 326 1616 361 qui
1633 325 1742 360 quidem
1757 325 1810 352 sim
1825 326 1879 352 sol—

1086 373 1190 406 licitus,
1217 378 1397 408 posteaquam
1414 377 1442 400 et
1463 377 1546 406 caput
1567 371 1675 399 obsidet
1696 375 1835 402 senectus,
1853 376 1878 397 et

1086 418 1253 446 horrendum
1282 423 1324 446 est
1354 418 1524 453 pra-fectum)
1549 418 1696 453 judicium,
1724 417 1791 451 quid
1813 424 1879 451 pos-

1085 473 1145 492 sum
1178 473 1231 492 non
1258 465 1460 495 extimescere,
1493 472 1524 492 ac
1551 471 1711 499 praecupere
1737 471 1792 490 non
1822 464 1880 489 llu‘c

1086 518 1173 545 pauca
1187 511 1279 544 eloqui
1293 511 1394 543 solum,
1409 511 1474 545 quin
1488 510 1569 538 nauci
1584 510 1656 537 hanc
1671 510 1754 536 vitam
1768 515 1880 542 quoque

1086 562 1136 589 pro
1155 558 1277 582 vestrum
1296 554 1411 589 singulis
1430 552 1607 589 impendere?
1623 553 1707 587 Igitur
1721 552 1878 582 audiamus,

1086 598 1197 628 fratres.
1215 599 1376 633 Apostolum
1400 599 1536 626 dicentem
1562 607 1569 625 :
1597 597 1709 631 Tempus
1738 596 1813 623 breue
1841 601 1880 622 es!

1086 651 1174 677 porro,
1187 648 1216 669 ut
1231 648 1256 670 et
1271 645 1316 678 qui
1331 642 1425 670 habent
1441 650 1535 669 uxores
1550 649 1677 676 tanquam
1690 648 1741 668 non
1754 640 1880 666 habentes

1086 687 1149 719 sint,
1167 692 1191 713 et
1206 687 1250 722 qui
1264 688 1327 721 ﬂent
1342 692 1468 722 tanquam
1483 695 1534 713 non
1549 687 1651 721 ﬂentes,
1664 691 1688 713 et
1703 685 1749 721 qui
1764 686 1880 720 gaudent

1087 737 1214 767 tanquam
1232 741 1282 759 non
1301 733 1454 767 gaudentes,
1471 737 1495 759 et
1513 733 1558 767 qui
1573 736 1662 759 emunt
1682 736 1808 766 tanquam
1829 739 1879 757 non

1086 777 1261 811 possidentes,
1274 781 1298 804 et
1313 777 1358 811 qui
1377 782 1489 803 utuntur
1504 777 1550 802 Ιιοι
1566 776 1664 802 mundo
1683 780 1810 809 tauquam
1828 783 1880 800 non

1089 827 1208 850 utentes:
1222 823 1340 857 prwterit
1356 823 1423 849 enim
1442 823 1529 857 ﬁgura
1550 822 1628 855 huius
1648 821 1741 848 mundi
1756 821 1790 846 "°.
1807 820 1879 853 Quid

1088 874 1140 900 est.
1158 869 1274 902 praeterit
1298 869 1384 904 ﬁgura
1409 869 1488 903 hujus
1510 869 1624 896 mundi?
1644 869 1669 895 id
1687 873 1740 900 est,
1766 868 1878 899 labitur,

1087 916 1292 951 praeterequitat
1306 923 1356 943 nec
1370 915 1410 942 vel
1428 916 1588 943 diuturnam
1607 915 1784 943 stabilitatem
1805 915 1879 942 obti-

1086 968 1164 994 nens,
1191 961 1238 989 Sed
1257 961 1303 996 qui
1328 961 1386 988 heri
1411 961 1525 994 nitidus.
1554 961 1637 989 hodie
1658 961 1813 996 squalidus,
1831 961 1878 996 qui

1087 1007 1145 1034 heri
1171 1007 1198 1034 in
1215 1015 1243 1034 re
1268 1007 1421 1041 splendida,
1440 1008 1523 1035 hodie
1548 1007 1575 1034 in
1593 1007 1705 1035 miseria
1725 1012 1784 1040 est;
1805 1014 1878 1035 nunc

1086 1052 1228 1079 extollitur
1244 1052 1300 1084 ille,
1319 1060 1392 1079 nunc
1407 1053 1475 1080 alter
1489 1052 1622 1087 dignitate
1635 1052 1707 1085 ruit;
1721 1052 1768 1079 hic
1782 1060 1796 1079 e
1811 1059 1878 1086 pau-

1085 1105 1150 1133 pere
1165 1098 1194 1125 tit
1209 1098 1296 1130 dives.
1315 1098 1385 1126 alius
1403 1106 1418 1126 e
1435 1099 1519 1126 divite
1536 1106 1651 1133 pauper,
1673 1098 1802 1133 milleque
1817 1105 1879 1124 mu-

1087 1144 1248 1177 tationibus,
1269 1149 1352 1179 atque
1380 1144 1488 1172 vicibus
1512 1152 1667 1172 aerumnosa
1692 1148 1788 1171 nostra
1811 1144 1879 1171 sub-

1086 1190 1155 1224 iectu
1181 1191 1236 1218 vita
1260 1196 1312 1223 est,
1340 1190 1409 1218 nihil
1434 1191 1577 1225 possidens
1594 1195 1735 1218 constans.
1758 1190 1835 1218 Unde
1852 1191 1879 1217 id

1086 1235 1184 1262 accidit
1195 1243 1260 1262 vero
1270 1235 1282 1262 τ
1294 1235 1424 1262 nimirum
1439 1243 1473 1262 ex
1486 1236 1550 1262 olim
1565 1235 1671 1263 inscitia
1687 1239 1798 1262 nostra:
1816 1243 1878 1262 nam

1085 1285 1255 1316 contempto,
1278 1282 1351 1316 quod
1377 1282 1403 1308 in
1431 1282 1559 1316 paradiso
1588 1283 1758 1317 accepimus,
1783 1287 1880 1310 sancto

1085 1330 1241 1360 praecepto.
1272 1325 1424 1361 fraudeque
1450 1326 1586 1361 serpentis
1620 1326 1759 1361 voluptate
1784 1326 1879 1358 illecti,

1086 1370 1159 1398 haud
1182 1371 1230 1398 abs
1257 1378 1287 1398 re
1310 1372 1478 1399 calamitosae
1516 1379 1548 1399 ac
1572 1372 1714 1399 mutabilis
1738 1372 1801 1399 vitae
1819 1377 1880 1398 lan-

1086 1424 1169 1452 quam
1187 1417 1214 1444 in
1232 1424 1343 1444 manum
1364 1417 1553 1445 convenimus.
1571 1416 1612 1444 0b
1625 1425 1706 1452 quam
1727 1421 1755 1444 et
1770 1417 1879 1444 Domini

1087 1463 1174 1490 nostri
1197 1462 1261 1490 Jesu
1278 1462 1384 1491 Christi
1408 1464 1543 1491 adventus
1563 1464 1692 1499 agitetur,
1713 1464 1761 1499 qui
1779 1464 1879 1499 origini

1086 1509 1208 1537 redditos
1227 1509 1254 1536 in
1274 1517 1362 1537 aevum
1385 1511 1513 1538 restituat
1535 1511 1628 1538 insons
1654 1515 1736 1545 atque
1754 1511 1878 1538 alienum

1087 1555 1185 1589 dolori,
1203 1561 1234 1584 ut
1250 1557 1414 1591 prudentum
1431 1557 1478 1589 sit,
1496 1561 1523 1585 et
1538 1558 1698 1592 proborum,
1715 1558 1741 1585 in
1759 1558 1879 1585 instabi-

1088 1601 1161 1628 libus
1174 1601 1293 1634 ﬁrmum,
1305 1602 1331 1628 in
1345 1602 1522 1630 mutabilibus
1533 1602 1701 1630 immobilem
1713 1603 1879 1635 consistere;

1087 1654 1207 1681 quorum
1232 1647 1260 1674 id
1277 1651 1320 1674 est
1339 1652 1441 1680 autem,
1466 1647 1520 1674 nisi
1543 1647 1736 1675 crucifixorum
1762 1648 1881 1677 mundo.

1088 1691 1246 1727 Ilerumque
1269 1693 1452 1728 sequentum?
1477 1693 1622 1720 Enimvero
1650 1693 1669 1720 ii
1696 1701 1746 1721 nos
1770 1701 1882 1725 sumus.

1087 1738 1191 1765 Christi
1207 1738 1350 1769 beneﬁcio,
1367 1738 1464 1766 fratres
1482 1739 1640 1770 venerandi,
1658 1739 1706 1774 qui
1722 1740 1883 1767 secession.-

1087 1783 1160 1810 facta
1184 1783 1295 1816 illustri,
1311 1783 1468 1811 obedientia
1486 1783 1678 1819 defungamur,
1702 1793 1794 1812 rerum
1818 1787 1880 1819 pul-

1088 1829 1237 1860 cherrima,
1249 1836 1302 1864 qua
1320 1829 1346 1856 in
1360 1829 1502 1864 antiquum
1516 1830 1590 1856 velut
1605 1830 1775 1865 postliminio
1788 1838 1882 1858 rever-

1089 1879 1194 1907 tamur;
1212 1875 1313 1902 etenim
1328 1875 1456 1909 paradiso
1471 1875 1506 1902 ob
1520 1874 1749 1907 inobedientiam,
1765 1884 1796 1903 ac
1813 1885 1883 1904 cum

1087 1921 1235 1948 tumaciam
1258 1912 1427 1956 pr‘oscriptos
1442 1921 1530 1948 voluit
1547 1926 1588 1948 ter
1605 1922 1726 1956 optimus
1746 1922 1820 1950 Deus
1834 1932 1884 1957 per

1088 1967 1271 1994 obedientiam
1305 1970 1332 1993 et
1348 1966 1511 2001 obsequium
1530 1973 1692 2001 recuperare
1709 1968 1883 2001 paradisum.

1088 2012 1272 2046 Quamobrem
1289 2014 1458 2048 gaudeamus
1479 2013 1507 2040 in
1526 2013 1681 2040 obedientia
1700 2019 1808 2045 nostra,
1827 2023 1884 2049 qua

1088 2059 1114 2087 in
1130 2066 1278 2094 perennem
1294 2059 1378 2086 vitam
1402 2059 1577 2086 reducamur.
1595 2058 1695 2086 Verum
1717 2064 1745 2087 et
1762 2061 1789 2087 in
1813 2069 1884 2088 εοιι⁵

1088 2103 1163 2131 flictu
1181 2103 1344 2138 pertinacia,
1365 2108 1391 2130 et
1407 2104 1435 2131 in
1449 2103 1581 2131 arumnis
1599 2104 1745 2131 tolerantia
1762 2107 1885 2140 requiri-

1090 2153 1144 2181 tur;
1166 2156 1229 2176 nam
1243 2149 1266 2176 si
1283 2149 1434 2176 secundum
1451 2157 1561 2177 carnem
1577 2150 1649 2176 haud
1668 2150 1737 2177 citra
1756 2151 1884 2187 ingentes

250 2190 363 2217 modum
393 2191 523 2224 scriptum
550 2195 609 2221 est;
633 2199 663 2216 ac
691 2193 736 2224 qui
752 2199 811 2217 eum
825 2196 993 2226 pupugerunt
1011 2195 1035 2218 εἰ
1053 2187 1075 2214 1)
1089 2195 1197 2222 labores
1222 2202 1255 2222 ac
1269 2195 1384 2222 sudores
1399 2195 1515 2223 victoria
1530 2199 1654 2230 paratur,
1669 2201 1774 2231 quanto
1796 2199 1885 2232 magis

249 2235 373 2270 plaugeut
392 2243 469 2270 super
490 2244 519 2262 eo
545 2244 633 2263 omnes
659 2238 742 2262 tribus
760 2242 836 2264 terra:
848 2238 881 2264 δ’.
908 2237 995 2270 Quam
1012 2238 1039 2265 id

251 2281 372 2308 terribile
393 2281 578 2316 spectaculum
595 2286 646 2313 est,
663 2288 688 2309 et
713 2283 788 2309 omni
816 2283 1040 2311 consternatione

251 2329 353 2363 majus!
368 2328 491 2356 Gestient
515 2333 572 2356 tum
594 2329 704 2364 quidem
732 2331 778 2364 qui
804 2331 962 2365 praeclarum
980 2338 1039 2358 eer-

249 2379 342 2401 tamen
355 2374 541 2406 decertaruut,
557 2375 603 2409 qui
624 2375 651 2401 in
669 2375 797 2410 periculis
815 2376 969 2410 perstitere,
991 2377 1037 2411 qui

250 2419 412 2454 probitatem
429 2427 566 2453 amavere,
583 2420 630 2455 qui
654 2420 893 2455 morigerationem
916 2422 1036 2453 obivcre,

250 2467 296 2500 qui
312 2466 495 2494 obedientiam
509 2475 648 2503 peregere,
673 2468 719 2502 qui
735 2468 848 2494 omnino
866 2467 893 2494 in
911 2469 1039 2496 omnibus

250 2512 306 2540 Deo
319 2513 455 2547 placuere.
469 2513 574 2546 Quibus
592 2514 702 2541 accensi
727 2521 776 2540 nos
792 2520 913 2548 quoque,
927 2515 1039 2541 mternis

250 2558 330 2586 bonis
342 2559 474 2592 fruamur,
496 2567 544 2594 per
557 2559 698 2586 Christum
713 2558 805 2587 Jesurn
828 2559 971 2586 Dominum
992 2567 1040 2586 no-

250 2607 350 2636 strum,
368 2604 411 2631 cui
424 2603 507 2639 gloria
520 2608 547 2631 et
566 2605 722 2640 imperium,
743 2613 805 2632 cum
819 2605 912 2637 Patre,
932 2613 964 2632 ac
975 2613 1040 2632 san-

249 2653 295 2676 cto
306 2649 420 2684 Spiritu.
435 2657 507 2677 nunc
522 2654 549 2677 et
560 2657 678 2685 semper,
693 2651 720 2677 in
733 2658 896 2686 omnemque
905 2651 1040 2686 perpetui-

250 2698 344 2722 tatem.
359 2694 455 2722 Amen.

1087 2240 1136 2274 qui
1152 2241 1214 2267 vitae
1237 2240 1282 2267 hic
1299 2241 1469 2268 curriculum
1484 2241 1573 2268 victor
1589 2243 1729 2272 decurrat.
1747 2243 1837 2270 virilis
1858 2246 1883 2270 iu

1088 2286 1183 2320 primis
1207 2290 1234 2313 et
1250 2288 1442 2321 magnanimus
1457 2288 1494 2314 sit
1510 2288 1636 2322 oportet?
1648 2288 1743 2322 Itaque
1763 2293 1883 2320 stemus,

1089 2332 1194 2365 hortor,
1210 2332 1345 2365 animose,
1373 2334 1418 2367 qui
1438 2333 1560 2368 quotidie
1586 2334 1682 2368 vigiles
1708 2335 1884 2362 excubeinus

1090 2378 1214 2405 traducto
1230 2378 1256 2405 in
1281 2379 1369 2406 solum
1389 2378 1473 2406 Deum
1493 2379 1638 2410 desiderio,
1662 2379 1690 2406 in
1709 2387 1799 2415 eoque
1815 2389 1883 2409 con-

1089 2425 1243 2459 lemplando
1270 2425 1363 2458 deﬁxi,
1385 2425 1542 2460 lacrymosi,
1566 2425 1630 2452 tacti
1651 2428 1883 2460 compunctioue,

1088 2470 1215 2504 precibus
1226 2470 1360 2504 supplicio
1369 2470 1544 2502 reluctantes,
1553 2471 1646 2505 itaque
1659 2472 1746 2499 sancti
1762 2473 1886 2507 Spiritus

1088 2516 1202 2550 gratiam
1215 2516 1356 2548 ducentes,
1371 2516 1445 2543 nulla
1465 2516 1540 2544 enim
1559 2524 1587 2544 re
1601 2521 1746 2552 tantopere
1760 2518 1883 2545 delecta-

1089 2566 1133 2587 tur
1147 2561 1229 2592 Deus,
1247 2570 1280 2588 ac
1296 2566 1386 2588 mente
1409 2569 1424 2589 a
1440 2562 1514 2589 vitiis
1530 2570 1610 2597 pura,
1629 2570 1679 2590 nec
1699 2567 1756 2590 tam
1778 2564 1883 2591 odora-

1093 2610 1148 2632 tum
1173 2605 1278 2631 redolet
1293 2611 1414 2639 pratum,
1432 2613 1515 2640 quam
1531 2607 1640 2634 animus
1657 2607 1810 2636 virtutibus
1825 2608 1883 2635 fra-

1092 2657 1186 2684 grans.
1207 2649 1255 2677 Sin
1283 2651 1383 2678 accidit
1400 2651 1560 2685 dormitare,
1575 2657 1604 2679 at
1628 2652 1818 2687 evigilandum
1843 2659 1886 2680 est

1093 2696 1351 2731 quamprimum,ac
1375 2697 1397 2724 si
1412 2697 1453 2725 vel
1476 2697 1576 2733 septies
1599 2698 1626 2726 in
1646 2698 1719 2727 diem
1736 2699 1885 2728 admittere

285 2807 311 2823 "
330 2806 424 2835 Matth.
444 2816 471 2842 κ,
487 2807 531 2836 42.
571 2809 593 2825 ⁶⁹
608 2808 692 2844 Apoc.
707 2817 726 2842 ι,
742 2810 768 2837 7.
807 2811 830 2826 ⁷⁰
848 2810 857 2837 l
874 2810 939 2838 Cor.
956 2818 1003 2843 vn,
1024 2809 1069 2842 26,
1087 2810 1133 2837 3|.
