1921 3073
57 144 94 174 653
623 141 824 172 SERMONES
851 141 1111 172 CATECHETICI.

1600 136 1654 170 654

56 198 176 230 contingat,
188 197 290 230 septies
302 195 532 230 resipiscendum.
548 203 602 230 quo
618 195 700 228 facto,
718 196 816 224 admit-
831 199 854 226 Α
872 195 974 223 bonum
990 202 1041 230 est,
1057 205 1111 232 qua
1136 203 1233 232 parvo,
1251 204 1305 231 qua
1322 203 1430 230 magno,
1457 203 1512 230 qua
1535 195 1653 226 erudito,

56 249 139 276 tamur;
153 243 175 269 si
188 242 229 269 vel
244 242 399 276 septuagies
415 242 516 275 septies
530 241 556 268 id
572 241 718 276 patiamur,
734 242 815 268 toties

56 288 180 316 adhibenda
209 287 381 322 ptenitentia,
410 295 459 315 nec
485 295 532 321 spe
556 287 764 319 frustrabimur,
785 291 816 314 ut

55 335 150 362 divinum
172 334 224 362 fert
248 334 436 368 promissum;
458 338 563 361 tantum
580 334 753 366 insistemus,
767 341 815 360 co-

56 381 134 412 hortor,
151 387 206 407 neu
221 380 430 410 defetiscamur,
447 380 512 414 quin
529 387 544 406 a
563 379 687 414 lapsibus
702 386 753 405 nos
772 386 816 405 rc-

54 433 166 453 vocemus.
181 425 243 453 Jam
263 426 326 453 ﬁnis
343 425 469 452 imminet
491 424 683 456 certaminum,
702 424 816 458 propin~

55 477 116 506 quant
128 472 266 507 gaudium,
281 478 309 499 et
330 472 499 506 triumphus,
522 478 554 498 ac
568 478 679 498 coronae
692 470 816 505 probita-

55 519 88 550 tis,
100 526 159 552 quas
173 523 201 545 et
214 518 347 553 consequi
360 525 516 544 mereamur
528 516 637 544 Domini
651 516 739 544 nostri
751 516 815 544 Jesu

55 563 129 590 Christi
150 563 314 590 liberalitate
341 568 424 597 atque
448 562 581 590 beneficio
598 562 662 590 :cui
688 563 775 597 gloria
790 567 818 590 et

53 610 171 641 imperium
197 617 260 636 cum
278 609 367 641 Patre,
386 616 418 635 ac
437 615 534 636 sancto
557 609 673 643 Spiritu,
697 616 770 636 nunc
790 613 818 636 et

53 661 143 689 semper,
158 654 187 681 in
203 661 369 688 omnemque
381 654 602 688 perpetuitatem.
617 654 713 681 Amen.

311 707 431 735 SERMO
450 708 533 736 CXII.

94 753 124 780 De
137 761 258 788 supremo
273 753 330 784 die,
347 757 371 779 et
395 754 508 788 adventu
520 753 634 780 illustris
653 753 710 786 Dei,
733 761 764 780 ac

237 787 385 815 Servataris
404 787 468 815 Jeau
487 788 598 815 Clu-isti.

76 832 170 861 Fratres
200 834 368 867 Patresque,
395 840 458 859 cum
501 837 650 867 angustum
675 834 816 869 ingenium

53 886 121 906 meum
137 884 162 906 et
177 879 257 906 exilis
273 878 410 914 loquendo
427 878 519 914 lingua
534 884 587 911 est,
612 884 669 907 tum
693 881 814 908 necessi-

52 929 91 951 tate
103 925 224 959 equidem
243 929 337 959 satago
351 931 399 951 vos
416 923 529 958 alloqui.
549 923 653 959 Ecquid
667 930 711 952 est
723 931 813 953 autent

52 969 176 996 necessitas
193 968 206 994 ?
236 968 409 1002 praefecturae
437 967 591 1002 judicium,
620 975 741 1004 ergaque
767 977 815 998 vos

51 1014 134 1041 amaris
155 1013 299 1045 debitum,
329 1013 427 1047 partim
447 1013 555 1040 ratione
582 1021 633 1049 pro
658 1015 735 1042 vobis
759 1015 815 1043 Deo

51 1060 163 1087 reddenda
176 1060 232 1087 sub
245 1059 344 1093 judicii
363 1063 474 1094 tempus
490 1059 517 1086 in
532 1067 587 1094 quo
607 1065 635 1088 et
654 1061 815 1096 praetrepido

52 1104 162 1137 misellus,
190 1104 290 1139 partim
308 1104 380 1131 bono
398 1109 507 1139 pastore
527 1105 601 1131 haud
617 1106 698 1132 verba
714 1106 814 1138 solum,

49 1151 99 1183 quin
111 1151 190 1178 vitam
204 1158 253 1186 pro
271 1151 370 1178 ovibus
387 1150 570 1185 impendente.
584 1150 690 1185 Itaque,
705 1151 814 1185 fratres,

50 1197 133 1229 adeste,
149 1197 225 1232 quod
239 1196 305 1223 felix
323 1196 503 1231 faustumque
520 1197 567 1228 sit,
585 1196 676 1224 foedus
692 1204 775 1232 porro
788 1197 815 1224 in

48 1249 186 1275 supremum
216 1242 290 1269 diem
314 1242 498 1276 paciscamur,
518 1242 729 1269 reconciliemur
754 1242 812 1270 Deo

49 1287 190 1322 priusquam
209 1287 392 1322 implacabilis
414 1288 512 1314 mortis
527 1287 655 1315 adventet
669 1288 737 1315 hora
748 1308 755 1320 ,
777 1288 817 1315 si-

48 1333 138 1364 quidem
163 1337 258 1360 exstat
286 1333 343 1359 luet:
361 1333 497 1360 sententia
514 1341 521 1359 :
537 1330 599 1359 Non
619 1337 658 1359 est
682 1333 709 1359 in
734 1338 817 1360 morte

47 1378 82 1409 qui
95 1387 185 1406 memor
202 1380 237 1406 sit
252 1380 301 1412 tui,
315 1380 342 1405 in
358 1378 461 1412 inferno
477 1382 565 1404 autem
576 1379 634 1412 quis
651 1378 818 1412 conﬁtebitur

46 1424 132 1450 tibi"?
146 1425 208 1452 Non
238 1425 337 1452 fratres
364 1425 485 1459 quotidie
501 1424 558 1459 rapi
584 1423 741 1452 cernimus?
761 1432 816 1452 non

46 1469 150 1498 videmus
169 1471 405 1506 quemadmodum
430 1475 460 1496 ut
479 1477 546 1497 oves
570 1469 704 1496 habemur
722 1471 755 1496 ad
776 1470 817 1496 ln-

45 1517 136 1544 nienatn
152 1520 333 1552 comparatae,
356 1515 439 1542 hodie
456 1514 620 1547 incolumes,
644 1522 706 1541 cras
729 1514 816 1541 nulli?

45 1563 75 1588 i‘.ll
90 1568 248 1598 assumptus
264 1567 306 1590 est
322 1565 349 1590 et
368 1560 414 1588 Fr.
436 1560 572 1593 Liberius,
596 1561 686 1595 cujus,
707 1561 815 1587 medius

45 1609 121 1642 lidius,
136 1618 214 1638 mors
229 1609 367 1644 percussit
381 1608 515 1640 animum,
533 1607 648 1638 inventi,
672 1612 700 1634 ut
726 1607 815 1638 aiunt,

44 1660 139 1688 repente
154 1656 180 1682 in
195 1655 268 1682 cclla
282 1654 441 1688 exsanguis,
455 1653 482 1681 in
498 1652 711 1687 latusjacentls,
725 1653 817 1687 specie

45 1701 174 1735 consopiti.
190 1702 282 1736 Atque
299 1701 344 1727 hic
360 1700 385 1727 ei
402 1699 480 1731 linis;
500 1703 593 1726 noster
613 1699 660 1733 qui
685 1705 816 1726 cessurus

44 1745 72 1770 sit
88 1746 223 1773 nescimus
240 1753 331 1780 quave
347 1749 436 1772 morte
452 1744 540 1771 simus
554 1743 710 1771 defuncturi
739 1743 815 1778 igno-

44 1797 120 1818 ramus
136 1799 221 1819 :nam
239 1791 338 1826 ecquid
366 1791 474 1822 subito,
500 1797 535 1817 an
560 1790 724 1824 aegritudine
743 1797 814 1824 prae-

43 1836 117 1869 cepti?
134 1845 201 1864 num
219 1837 247 1863 in
266 1837 352 1868 sicco,
374 1845 408 1862 an
426 1836 452 1862 in
469 1835 597 1870 liquido?
614 1843 680 1862 num
698 1835 761 1867 soli,
779 1843 813 1861 an

42 1879 159 1909 fratribus
172 1882 287 1917 juncti?
313 1881 460 1908 Enimvero
477 1881 540 1915 quis
555 1879 603 1907 Dei
620 1885 737 1907 mentem
754 1888 817 1914 per-

41 1930 125 1961 spexit,
136 1936 183 1957 ant
193 1930 219 1958 ei
236 1937 252 1956 a
268 1929 391 1956 consiliis
403 1927 465 1961 fuit,
480 1928 527 1963 qui
540 1929 623 1959 diem,
636 1928 744 1960 horam,
757 1935 817 1955 mo-

40 1974 104 2009 dum,
117 1977 208 2004 locum
223 1977 267 2004 sui
289 1979 379 2003 teneat
389 1975 451 2002 linis
467 1975 520 2002 ?ut
536 1974 581 2009 pol
601 1973 732 2001 terribilis
754 1981 817 2000 sen—

41 2020 112 2047 tentia
125 2021 162 2048 sit
179 2022 291 2054 mortis,
309 2024 337 2047 et
358 2019 528 2047 horrendum
545 2019 572 2045 in
591 2019 754 2046 immortalis
771 2018 817 2045 Dei

40 2073 126 2093 manus
140 2067 279 2099 incidere,
296 2073 346 2093 nec
360 2065 465 2100 possim
478 2072 531 2091 non
547 2064 687 2091 cohortari
701 2069 729 2090 ut
743 2063 816 2090 solli-

40 2108 95 2142 till,
123 2111 284 2144 intentique
302 2117 421 2144 semper,
445 2108 536 2136 divina
557 2113 717 2136 tractemus.
733 2108 819 2141 Qua:-

39 2161 127 2182 storem
147 2157 196 2183 ille
211 2156 280 2190 egit,
303 2156 411 2190 inquit,
429 2155 482 2181 sub
503 2154 550 2180 tali
567 2154 744 2189 imperatore,
773 2154 818 2182 hic

39 2202 183 2234 dy‘nastam,
201 2202 276 2228 alius
291 2208 369 2234 opes,
385 2200 457 2227 alius
480 2206 593 2233 regnum
622 2199 756 2233 quaesivit.
785 2199 818 2226 Et

39 2248 158 2278 quantula
173 2249 248 2280 haec,
261 2247 353 2279 sodes,
370 2254 433 2280 quae
446 2244 548 2272 somnii
566 2245 696 2271 labantur
712 2245 817 2272 instar?

38 2289 197 2320 Dormierunt
212 2301 336 2320 somnum
357 2299 447 2323 suum,
463 2295 488 2318 et
506 2289 572 2317 nihil
587 2290 740 2316 inuenerunt
760 2299 818 2317 om-

38 2343 72 2362 nes
87 2338 133 2363 viri
148 2338 311 2364 diuitiarum
326 2337 353 2362 in
367 2335 490 2362 manibus
507 2335 563 2360 suis
575 2334 608 2360 τ’.
625 2334 718 2361 Omnis
732 2335 818 2369 gloria

37 2381 135 2409 hominis
148 2388 282 2418 tanquam
293 2382 343 2415 llos
356 2382 410 2416 feni
421 2380 454 2406 ".
469 2380 610 2412 Quaestum
622 2380 731 2413 quidem
745 2386 819 2407 certe

38 2429 156 2459 optimum
173 2429 272 2456 fecere
287 2428 334 2454 Dei
351 2427 442 2459 electi,
456 2426 544 2462 partis
562 2426 742 2460 dignitatibus
756 2433 819 2461 per-

37 2473 122 2503 petuis.
138 2472 339 2506 Quibusnam?
354 2473 405 2500 Alii
423 2472 624 2507 apostolorum,
643 2471 689 2498 alii
713 2475 817 2503 vatum,

37 2517 74 2543 alii
99 2524 279 2554 martyrum,
309 2517 355 2544 alii
388 2522 563 2548 sanctorum,
589 2515 636 2543 alii
662 2516 818 2551 quamlibet

37 2568 172 2596 postrema,
195 2569 227 2591 at
250 2563 389 2591 salvorum
410 2569 514 2595 tamen,
533 2570 650 2598 quorutn
671 2562 766 2590 insunt
789 2563 816 2589 in

38 2608 87 2636 vita
101 2610 171 2638 libro
190 2610 321 2641 nomina,
336 2609 501 2637 inexstincta
517 2609 604 2644 gloria
614 2613 669 2641 est,
680 2613 707 2635 et
721 2607 817 2635 inell'a-

37 2654 88 2681 bilis
102 2657 280 2691 triumphus.
307 2655 365 2683 Hos
383 2655 523 2683 imitemur
540 2655 653 2688 fratres,
678 2658 706 2681 et
732 2660 816 2680 unam

37 2701 167 2730 minimum
193 2702 360 2737 dignitatem
386 2701 522 2734 ineamus,
538 2706 684 2736 postquam
705 2706 755 2726 nec
775 2699 817 2725 in-

36 2746 129 2775 tidctur
155 2748 348 2779 beneficium,
375 2751 403 2773 et
430 2747 529 2774 volenti
555 2746 643 2774 cuivis
660 2744 815 2780 expositum

66 2803 83 2821 ⁷⁸
101 2805 171 2833 Psal.
188 2814 230 2836 vr,
248 2804 277 2830 6.
315 2804 338 2818 ⁷⁸
358 2803 430 2830 Psal.
448 2811 528 2835 ωηεν,
546 2802 572 2828 6.
611 2801 633 2817 7’
654 2802 706 2829 lsa.
726 2808 769 2833 XL,
787 2800 813 2829 6,

36 2843 69 2869 ιιι,
91 2840 129 2867 l0.
168 2842 190 2857 ”
213 2839 301 2866 Hebr.
321 2846 358 2870 χι,
378 2839 404 2864 li.
443 2838 466 2853 ⁷⁸
488 2837 560 2865 l’sal.
583 2845 675 2870 sui",
695 2837 738 2863 15.

866 250 921 276 qua
946 242 1105 277 proletario,
1126 250 1180 278 qua
1196 243 1267 274 seni,
1293 249 1347 276 qua
1367 241 1461 276 juveni
1481 242 1545 273 ;sin
1562 249 1654 274 secus,

867 288 894 314 in
918 288 1058 315 cmlestem
1076 288 1228 315 thalamum
1257 295 1311 315 non
1330 287 1460 314 admissis
1483 287 1555 314 fores
1573 288 1656 315 herus

866 333 1017 367 praecludet
1030 342 1038 361 :
1059 333 1113 366 Vae,
1124 333 1225 368 inquit,
1237 333 1338 360 homini
1352 332 1403 364 illi,
1419 340 1465 367 per
1478 341 1554 368 quem
1567 332 1656 360 Filius

867 377 980 404 hominis
994 378 1132 410 tradetur;
1146 378 1242 404 bonum
1256 383 1312 404 erat
1333 377 1357 404 ei
1367 377 1390 404 si
1408 381 1485 403 natus
1503 385 1553 404 non
1564 377 1657 411 [uisset

867 422 945 449 homo
962 422 1007 449 ille
1019 424 1052 450 ⁷⁸.
1071 423 1163 457 Neque
1180 423 1293 450 dubium
1313 428 1356 450 est
1378 423 1445 457 quin
1463 422 1497 449 de
1517 423 1657 457 proditore

868 467 1005 502 loquatur,
1025 469 1076 495 etsi
1092 468 1166 495 haud
1187 469 1236 495 abs
1256 475 1286 496 re
1304 472 1331 495 et
1351 468 1377 494 in
1394 468 1521 501 quemvis
1538 467 1655 500 dicatur,

868 514 916 548 qui
931 514 1048 541 salutent
1066 521 1144 540 suam
1161 514 1268 548 prodat.
1293 512 1352 540 Non
1378 514 1526 540 adventum
1541 517 1656 547 reputa-

868 569 930 588 mus
947 561 1066 588 illustris
1081 561 1140 593 Dei,
1157 569 1190 588 ac
1204 560 1361 588 Servatoris
1383 560 1449 588 Jesu
1466 560 1588 588 Christi?
1602 568 1657 588 non

869 606 959 641 ignem
976 606 1185 638 inexstinctum,
1204 611 1362 641 aeternaque
1377 611 1525 638 tormenta,
1542 610 1570 633 et
1585 606 1657 633 into-

868 652 979 679 leranda
992 652 1177 679 revolvimus?
1187 651 1209 679 0
1222 652 1270 687 qui
1287 652 1345 679 haec
1361 652 1505 686 intelligat,
1520 651 1657 686 quasique

867 698 956 725 solers
969 698 1141 731 gubernator
1156 700 1249 733 seipse
1267 698 1414 734 gubernet,
1440 699 1658 733 immersamque

867 744 953 772 animi
979 750 1098 773 mentem
1115 747 1149 773 ab
1172 746 1305 781 improbis
1329 746 1472 781 spiritibus
1493 745 1653 773 conservetl

868 789 934 823 Nos,
953 798 996 818 me
1011 790 1137 825 Hercule,
1152 792 1200 826 qui
1219 792 1408 826 tranquillam,
1429 796 1456 819 et
1471 792 1605 826 quietam,
1622 798 1656 818 ac

867 836 1050 870 compositam
1086 836 1189 864 Christi
1217 837 1350 865 beneficio
1377 837 1461 864 vitam
1500 836 1654 871 coepimus,

868 881 958 908 adhuc
979 889 1110 916 prospere
1133 882 1280 914 vehamur,
1306 882 1396 909 adhuc
1415 881 1469 908 laeti
1494 885 1593 908 cuncta
1607 888 1656 915 pa-

867 927 980 958 tiamur,
1002 926 1117 961 singulis
1145 927 1304 955 tnuniendis
1329 927 1425 954 divino
1444 927 1545 954 timore
1570 934 1655 954 mem-

866 971 936 999 bris.
951 971 1037 1007 lgitur
1054 972 1152 1000 oculus
1168 973 1279 1000 curiose
1300 973 1371 1000 tueri
1390 972 1557 1007 prohibetur,
1578 971 1653 999 auris

866 1017 963 1044 inanes
979 1016 1086 1045 fabulas
1101 1025 1136 1044 ne
1160 1017 1307 1051 admittito,
1332 1017 1426 1052 lingua
1449 1017 1593 1044 detrahere
1607 1024 1654 1044 ve-

867 1065 941 1088 tator
958 1061 1114 1096 (siquidem
1134 1063 1174 1090 ait
1197 1071 1204 1089 :
1229 1062 1281 1095 Qui
1299 1063 1412 1089 detrahit
1430 1063 1511 1097 fratri
1528 1071 1587 1095 suo,
1608 1067 1655 1089 aut

865 1107 912 1141 qui
921 1107 1028 1141 judicat
1047 1108 1158 1142 fratrem
1178 1117 1269 1140 suum.
1291 1109 1408 1135 detrahit
1432 1109 1493 1144 legi,
1512 1114 1536 1136 et
1549 1109 1655 1143 judicat

865 1150 948 1185 legem
960 1152 983 1167 ⁷⁵
994 1152 1014 1185 )⁷
1043 1160 1141 1180 manus
1165 1160 1215 1187 pro
1241 1153 1314 1180 virili
1339 1158 1484 1188 operator,
1509 1159 1655 1189 postquam

866 1196 986 1223 otiosum
1012 1205 1062 1224 nec
1080 1205 1204 1226 comesse
1225 1199 1375 1233 apostolica
1405 1199 1541 1226 sententia
1563 1200 1654 1231 est",

867 1241 949 1275 pedes
968 1241 996 1268 in
1014 1242 1087 1269 viam
1103 1242 1180 1278 pacis
1192 1243 1359 1278 diriguntor,
1372 1244 1482 1271 animus
1500 1244 1535 1271 ad
1553 1251 1655 1278 pravos

868 1294 1012 1316 sermones
1027 1297 1063 1317 ne
1083 1289 1237 1323 declinato,
1260 1298 1314 1318 neu
1333 1291 1361 1318 in
1378 1290 1490 1326 ﬂagitiis
1505 1296 1656 1326 praetextns

867 1338 1004 1367 captator,
1022 1335 1068 1362 sed
1084 1340 1180 1363 ornate
1197 1336 1291 1364 omnia
1314 1337 1497 1375 decenterque
1513 1342 1654 1372 geruntor,

867 1386 921 1413 quo
949 1380 1059 1415 egregie
1084 1386 1183 1409 cuncta
1209 1383 1341 1410 obeuntes
1369 1383 1441 1410 bona
1471 1383 1656 1417 adipiscamur

875 1429 976 1452 eterna
996 1433 1001 1452 :
1021 1434 1068 1461 per
1082 1426 1223 1455 Christum
1237 1427 1330 1456 Jesum
1347 1428 1492 1456 Dominum
1508 1434 1633 1456 nostrum
1648 1434 1655 1454 τ

869 1469 912 1496 cui
928 1469 1013 1504 gloria
1032 1475 1060 1498 et
1078 1471 1225 1506 imperium
1243 1480 1304 1500 curn
1322 1472 1411 1505 Patre,
1428 1480 1460 1500 ac
1477 1476 1573 1500 sancto
1592 1473 1656 1507 Spi-

829 1521 850 1550 (ι
867 1515 933 1547 ritu,
959 1523 1033 1543 nunc
1071 1521 1096 1544 et
1113 1525 1231 1552 semper,
1258 1518 1284 1544 in
1303 1525 1467 1553 omnemque
1488 1518 1656 1553 perpetuitas

868 1564 932 1588 tcm.
948 1560 1045 1588 Amen.

1147 1608 1262 1636 SERMO
1280 1608 1371 1636 CXIII.

1007 1652 1043 1678 De
1063 1652 1125 1686 fide,
1144 1657 1168 1680 et
1185 1661 1284 1686 amore,
1305 1662 1336 1680 ac
1353 1654 1512 1689 uirginitate.

902 1697 1012 1726 Fratres
1032 1698 1194 1734 Patresque,
1208 1692 1261 1728 duo
1276 1704 1341 1728 sunt
1351 1709 1411 1735 quae
1421 1701 1526 1729 homini
1539 1703 1655 1731 salutem

867 1750 1005 1778 quaerunt,
1024 1744 1091 1772 ﬁdes
1119 1751 1146 1772 et
1160 1753 1248 1773 amor.
1265 1746 1320 1774 V'os
1336 1747 1445 1781 quidem
1466 1748 1489 1774 si
1512 1756 1605 1775 errare
1626 1749 1653 1776 in

868 1789 919 1816 lide
937 1796 1089 1821 cernerem,
1106 1790 1149 1824 pol
1165 1791 1198 1817 de
1217 1798 1248 1817 ea
1273 1798 1392 1819 sererem
1408 1792 1502 1824 verba,
1526 1799 1655 1827 operam-

867 1842 919 1868 que
927 1835 1020 1861 darem
1036 1836 1081 1869 qui
1095 1843 1143 1862 vos
1158 1835 1184 1862 in
1201 1836 1382 1863 orthodoxam
1392 1838 1554 1864 sententiam
1574 1839 1653 1865 resti-

868 1884 971 1906 tuerem
989 1888 995 1906 :
1011 1887 1073 1906 nam
1089 1879 1168 1907 :Sine
1178 1881 1229 1913 ﬁde
1244 1881 1406 1915 impossibile
1419 1886 1457 1908 est
1468 1882 1572 1915 placere
1584 1882 1654 1909 Deo:

868 1924 974 1951 credere
991 1925 1061 1951 enim
1074 1930 1174 1959 oportet
1189 1926 1353 1952 accedentem
1370 1926 1405 1951 ad
1421 1925 1512 1957 Deum,
1528 1927 1590 1960 quia
1603 1933 1652 1955 est.

867 1975 891 1996 et
907 1970 1099 2005 inquirentibus
1117 1978 1143 1997 se
1162 1976 1344 1998 remuneratur
1366 1977 1403 1997 est
1417 1972 1447 1997 ⁷⁷.
1473 1971 1525 1998 Sed
1554 1979 1616 1999 cum
1638 1982 1653 1999 a

869 2016 1041 2049 ﬁde,Cbristi
1060 2017 1205 2048 benclicio,
1215 2017 1339 2050 valeatis,
1352 2025 1405 2052 qua
1422 2018 1543 2049 subnixi,
1557 2018 1655 2045 divinae

869 2070 916 2097 spe
929 2062 1022 2097 gloriae
1040 2062 1225 2096 triumphatis,
1246 2070 1295 2097 age
1311 2063 1363 2090 hac
1377 2063 1480 2090 omissa
1494 2063 1527 2090 de
1547 2064 1655 2091 actione

869 2108 989 2136 breviter
1014 2109 1196 2136 disseramus.
1224 2109 1309 2144 Igitur
1333 2109 1430 2136 hortor
1454 2117 1523 2142 vos,
1544 2109 1654 2141 fratres,

870 2163 943 2182 nunc
959 2162 1081 2190 quoque,
1108 2159 1137 2181 ut
1153 2155 1222 2182 alias
1239 2162 1358 2190 semper,
1382 2159 1509 2182 accurate
1531 2156 1653 2183 studium

870 2201 947 2228 obire
975 2201 1178 2231 monasticum,
1205 2200 1289 2227 anitni
1312 2200 1403 2228 sensis
1428 2201 1506 2234 quasi
1533 2201 1653 2235 quodam

868 2246 1098 2280 modimperatore
1114 2246 1259 2280 przefecto,
1279 2245 1415 2273 sollicitos
1431 2246 1464 2272 de
1482 2245 1651 2280 virginitate,

867 2299 897 2319 re
912 2291 1011 2326 oppido
1026 2299 1108 2326 quam
1130 2291 1262 2326 pretiosa,
1286 2299 1369 2326 quam
1389 2299 1451 2319 cum
1473 2292 1590 2326 amplexi
1606 2291 1651 2318 Dei

869 2337 1057 2364 misericordia
1078 2344 1192 2369 sumus,
1219 2341 1276 2363 tum
1303 2345 1334 2363 ca
1358 2337 1539 2371 expugnanda
1564 2342 1651 2364 tentat

869 2383 999 2409 inimicus
1020 2382 1097 2409 omni
1120 2382 1256 2410 industria
1273 2383 1321 2417 qui
1347 2384 1374 2409 in
1393 2383 1511 2410 salutem
1531 2388 1653 2411 nostram

867 2433 1008 2462 grassetur
1021 2436 1027 2454 :
1041 2435 1131 2463 neque
1141 2428 1214 2455 enim
1228 2428 1316 2454 nescit
1326 2428 1378 2455 hoc
1391 2427 1511 2455 facinore
1526 2429 1654 2455 obeundo

867 2472 915 2500 Dei
932 2481 983 2500 nos
1003 2473 1132 2507 quiddam
1152 2473 1239 2500 instar
1254 2473 1363 2505 habere.
1376 2477 1406 2500 ut
1423 2474 1546 2508 ejusdem
1559 2478 1652 2500 contra

864 2519 972 2554 jactura
984 2527 1046 2547 cum
1058 2519 1192 2553 jumentis
1205 2526 1398 2554 comparemur
1413 2527 1419 2546 :
1435 2519 1567 2553 siquidem
1583 2519 1653 2545 scri-

866 2569 941 2599 ptum
956 2569 997 2591 est
1013 2572 1020 2590 :
1040 2563 1126 2590 Homo
1134 2571 1193 2590 cum
1206 2564 1233 2590 in
1245 2565 1340 2590 Itonure
1352 2569 1430 2595 esset,
1442 2571 1494 2590 non
1508 2563 1652 2590 intellexit:

868 2614 1035 2642 comparatus
1060 2615 1100 2636 est
1122 2610 1252 2643 jumentis
1280 2609 1476 2643 insipientibus,
1505 2613 1530 2635 et
1558 2609 1653 2636 similis

870 2655 957 2688 {actus
975 2659 1012 2682 est
1037 2655 1090 2681 illis
1102 2655 1136 2681 ⁷⁸.
1160 2653 1182 2681 0
1206 2659 1272 2689 quot
1288 2659 1425 2682 veterator
1443 2655 1470 2681 in
1498 2655 1574 2681 omni
1593 2662 1653 2680 tne-
1668 2680 1670 2682 τ

870 2700 958 2727 moria
976 2701 1066 2728 carnis
1082 2700 1196 2728 libidine
1214 2700 1300 2735 cepitl
1318 2700 1384 2735 quin
1399 2701 1483 2728 instat
1493 2707 1567 2727 nunc
1587 2707 1654 2734 qum

871 2754 941 2780 que,
968 2750 995 2773 ct
1019 2753 1099 2774 senes
1125 2746 1215 2780 juxta,
1243 2754 1275 2774 ac
1291 2747 1417 2781 juvenes.
1441 2754 1491 2773 nnc
1517 2745 1655 2780 proiectos

867 2803 889 2817 "‘
911 2802 1005 2829 Matth.
1023 2811 1095 2835 xxvi,
1113 2802 1156 2829 24.
1199 2804 1235 2830 ,⁷⁸
1255 2801 1313 2831 Jac.
1335 2810 1371 2834 tv,
1389 2803 1429 2829 il.
1475 2804 1496 2818 ⁷⁸
1518 2803 1537 2829 ll
1554 2801 1652 2828 Tlnss.
