1921 3073
237 170 289 201 655

844 167 874 196 S.
892 163 1087 195 THEODORI
1107 163 1280 193 STUDIT/E

1815 159 1864 190 656

237 230 337 261 solum,
354 227 401 254 sed
419 226 503 253 etiam
519 228 675 256 accuratas,
689 222 807 257 decepit,
823 222 851 249 in
868 229 949 249 omne
961 229 1025 256 pro-
1039 226 1063 253 Α
1077 228 1160 256 quam
1177 228 1191 247 a
1208 220 1282 246 vitiis
1297 218 1482 254 tranqttillitas
1495 225 1527 246 ac
1541 217 1666 246 libertas.
1682 217 1741 245 Non
1763 219 1864 246 Herum

237 274 385 310 pemodutn
401 270 541 305 caputhis
557 277 624 297 usus
641 269 737 296 armis.
750 268 828 302 Quod
843 267 1022 295 architeclari

237 319 334 354 incipit
350 324 486 345 venenum
516 315 596 343 ftedis
620 315 751 342 admissis
771 313 911 348 cogitatis,
927 320 1025 340 accen-

236 369 352 397 samque
369 361 471 392 carnis,
490 364 573 393 atque
589 359 734 394 sanguinis
752 358 891 385 desiderio
905 361 1025 384 mentem

236 408 270 436 ad
296 406 450 440 eloquenda
478 403 581 431 nefaria
609 407 762 438 provocat:
784 410 841 438 qua
861 410 926 430 ause
943 410 1026 437 porro

236 461 284 482 seu
308 451 466 486 proprium,
493 456 541 476 seu
566 449 686 476 alienum
711 451 831 475 tractare
855 448 1025 480 membrum,

236 503 352 526 mortem
362 497 457 531 exigit,
468 494 619 522 etabsolvit
629 503 635 522 :
646 501 708 521 nam
718 503 725 521 :
734 493 956 528 Concupiscentia
967 501 1026 520 cum

237 544 393 578 conceperit,
406 542 504 576 inquit,
513 541 584 575 parit
595 544 730 574 peccatum
739 548 749 573 ;
757 544 893 574 peccatum
902 547 960 566 vero
967 547 1026 565 cum

237 592 449 616 consummatum
462 587 555 621 fuerit,
568 590 674 620 generat
686 590 797 612 mortem
809 586 842 613 ".
859 585 946 617 Quam
964 592 1025 616 nos,

236 635 354 665 fratres.
373 638 503 660 aeternam
531 636 665 664 mortem,
689 639 721 659 ac
746 631 918 666 deploratum
941 631 1026 658 animi

236 678 365 706 morbum
384 676 534 711 fugiamus.
562 676 712 702 Enimvero
728 675 828 702 scabiei
846 675 946 703 similis
959 675 1026 702 mihi

236 723 353 750 videtur.
367 721 461 757 Itaque
472 721 551 756 quasi
568 722 615 756 qui
631 721 751 749 scabiem
765 720 881 748 defricet
895 721 1026 748 obiectari

236 769 356 801 videtur,
372 775 462 802 neque
479 767 646 798 oblectatur,
662 767 729 802 quin
745 767 819 794 serio
836 767 986 799 cruciatur,
1000 771 1027 794 et

236 822 269 842 eo
286 814 384 849 magis,
409 821 465 848 quo
487 813 550 847 plus
573 812 705 846 defricet;
729 811 764 839 ad
778 812 904 839 eumdem
917 812 1025 839 modum

236 860 352 887 libidine
365 863 462 893 captus
480 858 615 890 dolorem,
632 865 686 885 non
709 859 890 892 voluptatem,
916 862 1024 890 aestum,

237 913 291 932 non
305 905 438 939 quietem,
450 911 610 935 maerorem,
625 911 679 930 non
695 903 927 931 oblectamentum
941 903 1024 938 capit,

236 951 424 981 miserandus,
440 957 549 984 exspes,
574 949 719 981 attonitus,
734 949 781 984 qui
796 949 839 976 vel
854 949 966 976 umbras
980 957 1027 976 ex-

237 997 374 1027 timescat,
393 999 423 1022 ut
441 995 509 1022 nihil
526 995 616 1022 dicant
650 994 772 1021 futurum
796 993 942 1029 judicium.
976 994 1028 1021 Ec-

236 1049 297 1076 qua:
319 1046 361 1068 est
387 1045 479 1067 autem
503 1039 568 1066 ntali
590 1039 678 1074 fuga?
696 1043 828 1066 constans
851 1039 970 1066 obnixus
993 1038 1028 1065 ad

236 1086 389 1114 incursum.
404 1085 477 1120 Ergo
504 1089 535 1112 ut
560 1084 662 1119 ingruit
678 1084 761 1118 (nam
777 1083 821 1118 pol
838 1084 940 1117 ingruit
954 1104 962 1116 ,
980 1090 1029 1111 ne-

236 1139 291 1166 que
309 1131 421 1163 mirum,
439 1138 488 1157 seu
502 1131 588 1157 animi
608 1130 785 1166 negligentia,
804 1131 948 1157 honestam
963 1138 1027 1158 con-

236 1177 442 1211 templationem
459 1183 513 1202 non
532 1176 676 1207 habentis;
701 1183 749 1203 seu
770 1176 879 1203 inimici
903 1176 1027 1211 invidia)

237 1221 376 1256 extemplo
400 1221 514 1248 saucius
540 1221 717 1256 consurgito,
742 1226 881 1255 precator,
914 1222 1027 1256 gemitu,

237 1268 422 1303 lacrytnator;
439 1271 520 1301 atque
535 1267 562 1293 id
577 1267 710 1302 evestigio
725 1267 909 1298 dilabetur,tu
928 1267 955 1293 in
973 1267 1027 1294 Do-

238 1313 314 1341 mino
327 1313 508 1347 conquiesces
522 1321 529 1339 :
546 1312 614 1339 nihil
625 1318 668 1340 est
681 1313 754 1340 enim
768 1319 823 1340 tam
838 1313 929 1340 animo
943 1319 1027 1339 suave

520 1381 637 1409 SERMO
655 1381 749 1409 CXIV.

257 1427 294 1455 De
308 1427 457 1454 monustica
472 1427 536 1458 vita,
551 1427 698 1462 obnixuque
711 1427 739 1453 in
751 1427 844 1454 lucrost
866 1434 1006 1461 praesente.

274 1503 385 1531 Fratres
411 1502 572 1538 Patresque.
595 1504 721 1539 equidem
740 1504 812 1531 haud
827 1511 876 1532 ves
896 1505 1024 1532 absistam

1078 266 1207 293 audimtts
1218 264 1373 292 dicentem?
1392 264 1485 292 Omnis
1497 265 1544 299 qui
1555 265 1621 300 facit
1629 270 1766 298 peccatum
1778 273 1865 292 sem:

1076 317 1115 339 est
1142 313 1268 347 peccati:
1282 319 1370 339 servus
1398 316 1485 338 autem
1513 319 1565 338 non
1588 316 1678 338 manet
1698 312 1727 338 in
1743 311 1821 338 doma
1839 313 1866 338 in

1077 363 1218 390 retentum,
1233 357 1306 391 ﬁlius
1323 361 1411 383 manet
1427 357 1455 382 in
1473 362 1600 384 teternum
1615 356 1650 383 ".
1665 357 1722 390 Age
1739 363 1804 382 vero
1818 355 1866 390 qui

1076 402 1186 429 liberati
1199 409 1215 428 a
1228 406 1342 436 peccato
1359 401 1391 428 ad
1410 401 1587 436 adoptionem
1604 401 1785 432 evaserimus,
1804 408 1867 427 rur-

1077 455 1138 475 sum
1163 453 1276 482 peccato
1301 447 1510 482 mancipemur?
1529 447 1574 481 qui
1600 446 1653 473 sub
1671 450 1867 481 prmpotentem

1078 493 1125 519 Dei
1154 500 1266 521 manum
1311 493 1535 522 convcnerimus,
1563 491 1653 520 fmdus
1675 499 1736 519 cum
1759 492 1870 519 diabolo

1076 538 1276 573 paciscamur?
1297 537 1409 565 Minime
1429 539 1564 573 gentium.
1598 537 1628 565 Si
1649 538 1720 564 enim
1744 546 1804 572 qua
1821 538 1871 565 de-

1077 584 1182 610 struxit
1200 584 1296 610 iterum
1313 584 1367 611 hac
1384 584 1499 619 adi/ica,
1521 584 1559 610 ait
1575 584 1696 618 quodam
1715 584 1775 610 loco
1795 585 1871 618 Apo-

1077 629 1176 661 stolus,
1190 630 1422 663 prwvaricaterem
1436 637 1476 656 me
1488 631 1621 657 constituo
1632 630 1666 656 '“.
1683 630 1871 663 Quamobrem

1078 682 1112 702 ne
1131 676 1359 710 praevaricatores
1376 682 1518 703 sacrorum
1539 675 1673 703 findi-rum
1690 676 1800 709 fiamus,
1816 684 1871 704 ncu

1077 720 1189 748 diabolo
1206 720 1366 748 servitutem
1385 721 1553 753 serviamus,
1578 721 1662 749 semel
1680 721 1795 753 asserti,
1817 730 1874 748 neu

1077 766 1246 801 supplicium
1262 767 1344 794 nobis
1359 774 1516 802 quaramus
1531 775 1539 794 :
1553 767 1579 794 in
1597 767 1669 795 diem
1687 768 1827 802 supplicii,
1844 773 1873 795 et

1077 813 1259 847 apparitionis
1284 812 1410 847 justique
1437 813 1484 840 Dei
1508 813 1615 847 judicii,
1640 813 1667 840 in
1694 821 1764 848 quos
1778 819 1873 840 exstet

1077 858 1136 885 haec
1150 860 1288 886 sententia
1306 867 1311 885 :
1333 857 1435 886 Vermis
1450 867 1541 886 eorum
1555 867 1606 886 non
1624 861 1746 891 moritur,
1764 864 1789 886 at
1802 861 1873 894 igni:

1077 911 1129 930 non
1147 904 1326 939 exstinguitur
1337 904 1371 930 ⁸³.
1393 904 1463 937 Quin
1481 905 1668 932 consistamus
1691 905 1719 932 in
1740 905 1875 932 libertate

1078 948 1106 976 in
1128 957 1211 984 qttam
1230 957 1283 976 nos
1307 949 1435 977 Christus
1459 950 1624 982 vindicavit,
1645 950 1705 978 dira
1730 951 1873 978 exsecrati

1076 999 1184 1022 ostenta
1196 995 1336 1027 draconis,
1351 996 1398 1030 qui
1415 1004 1471 1023 non
1486 996 1551 1024 huic
1565 997 1662 1024 sceleri
1684 1002 1804 1030 tantum,
1821 999 1873 1025 sed

1076 1041 1138 1068 aliis
1156 1041 1286 1068 omnibus
1300 1041 1423 1076 quotidie
1437 1042 1531 1069 obnixi
1544 1042 1721 1076 reluctemur,
1735 1044 1872 1070 invidiam

1076 1086 1226 1119 calcantes,
1237 1087 1437 1121 malignitatem
1452 1108 1459 1120 ,
1470 1088 1564 1115 odium
1578 1088 1740 1121 fraternum,
1753 1095 1875 1116 catara-

1076 1138 1130 1166 quc
1146 1136 1246 1158 cuncta
1265 1131 1390 1159 facinora
1421 1133 1524 1167 perosi,
1545 1141 1600 1168 qtto
1624 1135 1712 1169 poenis
1729 1134 1877 1169 fugiendis

1076 1178 1187 1206 asternis
1205 1179 1319 1206 caeleste
1341 1188 1454 1215 regnum
1483 1181 1628 1214 ineamus,
1654 1189 1701 1216 per
1727 1182 1876 1210 Christum

1075 1223 1169 1251 Jesum
1188 1225 1334 1253 Dominum
1352 1231 1477 1253 nostrum
1491 1236 1499 1254 :
1515 1228 1558 1254 cui
1575 1228 1664 1262 gloria
1679 1233 1706 1255 et
1723 1228 1876 1262 imperium

1075 1277 1138 1297 cum
1164 1270 1254 1303 Patre,
1272 1279 1305 1298 ac
1319 1277 1416 1299 sancto
1434 1271 1550 1307 Spiritu,
1577 1281 1662 1306 nunc,
1677 1280 1706 1301 ct
1717 1281 1832 1308 semper
1849 1275 1878 1301 in

1075 1323 1241 1352 omnemque
1257 1318 1481 1352 perpetuitatem.
1498 1320 1595 1346 Amen.

1379 1388 1489 1415 ΛΟΓΟΣ
1506 1388 1576 1416 Ρ1Δ’.

1083 1430 1150 1470 Περὶ
1172 1430 1228 1470 τῆς
1245 1431 1585 1470 μοῖαὸρίῆς-πολιτείᾳς
1604 1434 1653 1461 καὶ
1668 1434 1879 1470 ἀντιπαρατά-

1115 1465 1190 1497 ξεως
1203 1466 1252 1491 ἐπὶ
1268 1465 1323 1500 τῆς
1340 1466 1398 1500 ἤδη
1412 1465 1611 1502 ἐνισταμένὴς
1624 1469 1765 1502 αἱρέσεως
1776 1465 1839 1506 ’(2).

1121 1510 1242 1544 ’Δδελφοὶ
1254 1511 1302 1537 καὶ
1314 1512 1446 1547 Πατέρες,
1461 1513 1491 1538 οὐ
1508 1513 1649 1549 παύσομαι
1665 1514 1751 1549 τούτῳ
1764 1515 1805 1550 τῷ
1825 1526 1881 1543 κα-

237 1553 345 1588 egregia
361 1552 412 1579 hac
435 1552 640 1579 nomenclatura
657 1553 730 1580 ciere
759 1552 875 1580 fratrum
899 1553 1023 1580 Patrum-

1081 1555 1116 1590 λῷ
1137 1556 1248 1591 ὀνόματι
1269 1556 1319 1591 τῆς
1339 1544 1518 1593 ἀδελφότητος
1535 1559 1581 1585 καὶ
1597 1544 1766 1595 ἆτατρότητος
1788 1544 1883 1597 στρασ-

237 1605 299 1632 que,
313 1605 407 1624 verum
421 1597 446 1624 id
458 1597 547 1629 vobis,
560 1605 593 1624 ac
603 1598 753 1633 genuinum
763 1598 891 1626 conscius
905 1605 1005 1625 nomen
1017 1606 1025 1630 ;

237 1649 301 1669 nam
318 1642 374 1669 veri
394 1641 412 1668 ii
431 1646 495 1669 sunt
511 1641 610 1669 fratres
634 1642 784 1677 Patresque
798 1642 844 1676 qui
860 1649 915 1677 pra:
927 1650 1026 1677 paren-

238 1686 322 1720 tihus,
344 1686 486 1719 fratribus,
516 1687 614 1721 stirpe,
632 1688 731 1721 patria,
757 1687 864 1714 cunctis
881 1694 942 1721 quae
967 1695 1028 1721 spe-

237 1736 322 1764 ctent,
339 1732 423 1758 Deum
436 1731 583 1765 complexi,
597 1739 761 1766 congregem
771 1732 919 1766 quamdam
935 1732 1028 1759 ineant

236 1778 333 1808 vitam,
347 1784 465 1811 quorum
478 1784 532 1803 una
549 1784 638 1809 mens,
652 1781 680 1804 et
693 1778 811 1810 animus,
826 1785 926 1812 parens
943 1777 1024 1810 Deus,

238 1823 303 1849 urbs
320 1822 440 1849 caelestis
457 1820 640 1856 Jerosolyma.
659 1821 768 1849 Scilicet
780 1823 798 1849 ii
812 1829 862 1849 vos
876 1822 955 1855 estis,
972 1822 1027 1849 fra-

238 1871 296 1894 tres
314 1865 367 1892 Deo
382 1866 551 1898 charissimi,
567 1870 648 1899 atque
663 1870 693 1892 ut
713 1866 862 1901 Scriptura;
877 1867 966 1894 verbis
983 1868 1026 1893 in-

238 1911 361 1945 iligilem,
385 1917 464 1944 genus
488 1910 609 1941 electum,
639 1911 724 1945 regale
745 1911 934 1943 sacerdotium,
964 1919 1026 1946 gen:

237 1959 341 1986 sancta,
364 1955 474 1988 populus
496 1956 688 1990 acquisilionis,
702 1961 732 1983 ut
751 1957 860 1983 virtutes
886 1957 1026 1983 enuntietis

237 2001 293 2035 ejus
309 2002 353 2036 qui
366 2001 397 2028 de
414 2002 525 2028 tenebris
537 2009 580 2028 vos
601 2002 702 2028 vocavit
724 2002 752 2028 in
765 2001 924 2028 admirabile
940 2002 1027 2028 lumen

238 2055 314 2073 suum
325 2047 357 2073 ".
377 2047 517 2082 Siquidem
534 2047 697 2075 admirabile
711 2051 753 2074 est
765 2048 808 2074 vel
821 2048 849 2074 in
863 2048 959 2082 primis
971 2048 1026 2074 vita

238 2093 389 2120 tnonastica
401 2093 505 2126 lumen,
518 2093 544 2120 in
561 2101 642 2128 quam
660 2094 749 2125 acciti,
764 2094 856 2122 laudes
871 2093 1027 2128 promulge-

239 2145 300 2165 nius
321 2138 405 2165 cmlos
424 2139 540 2173 tegentis
565 2138 718 2173 majestate.
748 2137 797 2165 Hic
820 2139 929 2173 quidem
953 2143 1027 2166 certe

239 2183 394 2217 prudentia,
414 2183 605 2217 temperantia,
627 2183 769 2215 fortitudo,
788 2183 894 2218 justitia
911 2187 963 2216 est,
980 2183 1025 2211 hic

239 2229 350 2263 maligni
377 2233 488 2263 tropaea,
515 2236 548 2256 ac
563 2228 721 2257 Christiana
744 2229 860 2256 victoria
876 2249 884 2261 ,
911 2237 1024 2264 quorum

239 2282 314 2300 arma
333 2282 385 2301 non
405 2274 525 2309 carnalia
549 2275 612 2307 sint,
639 2275 684 2301 sed
698 2276 816 2308 potentia
839 2275 900 2308 Deo,
925 2275 960 2302 ad
978 2275 1024 2302 de-

238 2320 409 2346 structionem
435 2319 622 2351 munitionum,
649 2319 760 2346 consilia
786 2319 975 2352 destruentum,
1000 2324 1025 2346 et

238 2372 341 2392 omnem
350 2365 518 2391 altitudinem
529 2364 699 2392 extollentum
710 2373 736 2392 se
747 2365 872 2393 adversus
888 2365 1025 2392 scientiam

238 2410 298 2442 Dei,
323 2414 346 2437 et
362 2411 388 2437 in
411 2411 590 2445 captivitatem
611 2411 777 2445 redigentum
801 2419 905 2438 omnem
920 2411 1024 2438 intelle-

238 2462 321 2489 clum,
346 2457 373 2482 in
405 2457 555 2492 obsequium
584 2456 682 2484 Christi
705 2457 739 2484 ".
769 2456 817 2484 Sin
844 2457 1025 2492 aspectabiles

237 2508 348 2536 quoque
363 2501 537 2530 adversarios
560 2506 681 2534 tuemur,
708 2501 896 2530 deformemus
920 2502 1023 2534 animo,

236 2551 303 2581 quot
320 2551 485 2582 quantaeque
503 2546 550 2574 Dei
581 2546 731 2574 Ecclesiam
747 2547 968 2582 oppugnationes
982 2548 1026 2574 in-

237 2593 358 2619 vaserint
373 2592 408 2619 ab
423 2599 490 2619 aevo.
519 2591 642 2624 Quorum
657 2592 810 2626 oppugnari
827 2596 878 2624 est,
906 2599 1024 2626 quorum

235 2637 343 2672 despui,
362 2643 390 2665 et
405 2637 532 2670 interﬁci,
555 2637 608 2665 nisi
628 2637 822 2664 cruciﬁxorum
838 2637 960 2664 mundo?
976 2637 1025 2664 At-

234 2690 290 2718 que
305 2688 334 2710 ut
349 2684 472 2710 omittam
493 2687 597 2716 vetera,
612 2682 758 2717 omnisque
777 2682 805 2709 in
827 2683 958 2710 memoria
975 2690 1024 2710 no-

233 2799 263 2832 ό,
276 2799 302 2826 5.

270 2854 310 2889 (2)
327 2861 391 2882 exvtl
409 2859 452 2882 est
465 2854 535 2890 apud
551 2854 617 2882 Cod.
635 2853 748 2887 Nanios,
765 2863 826 2890 pag.
844 2855 906 2882 165.

1076 1601 1218 1636 αγορεύειν
1231 1602 1313 1637 ὑμᾶς,
1329 1601 1407 1634 εἰδὼς
1418 1603 1458 1630 ὅτι
1471 1604 1574 1639 ἀληθὴς
1586 1605 1650 1640 ὑμῖν
1664 1606 1680 1640 ὴ
1697 1607 1807 1640 κλῆσις,
1830 1610 1883 1634 καὶ

1077 1646 1196 1682 ἀψευδὴς
1216 1648 1233 1682 ἡ
1248 1648 1430 1684 προσηγορία·
1447 1649 1532 1681 ὅντως
1550 1649 1603 1685 γὰρ
1621 1650 1731 1685 ἀδελφοὶ
1747 1652 1884 1688 ἀληθινοὶ

1077 1693 1123 1718 καὶ
1140 1693 1261 1727 Πατέρες
1275 1690 1347 1720 οὗτοι
1366 1694 1445 1727 εἰσιν,
1461 1695 1559 1727 οἵτινες
1579 1696 1649 1732 ὑπὲρ
1674 1699 1774 1731 γονεῖς,
1800 1698 1885 1734 ὑπὲρ

1077 1737 1218 1772 ἀδελφοὺς,
1237 1738 1307 1773 ὑπὲρ
1318 1739 1405 1773 γένος,
1420 1740 1490 1776 ὑπὲρ
1504 1742 1632 1776 πατρίδα,
1649 1742 1720 1778 ὑπὲρ
1733 1744 1833 1771 πάντα.
1848 1745 1886 1771 τὰ

1076 1782 1212 1818 ὁρώμενα,
1238 1784 1386 1826 ἠγάπησαν
1407 1785 1491 1812 Θεόψ
1506 1787 1555 1820 τὴν
1580 1788 1627 1814 ἐπὶ.
1648 1789 1679 1815 τὸ
1705 1789 1773 1816 αὐτὸ
1799 1790 1886 1826 ζωὴν

1077 1827 1308 1862 καταδεξάμενον
1325 1825 1363 1854 ὧν
1389 1829 1488 1864 καρδία
1509 1831 1557 1857 καὶ
1577 1831 1651 1868 ψυχὴ
1677 1833 1741 1867 μία·
1764 1835 1820 1866 καὶ
1845 1825 1886 1863 ὧν

1077 1873 1172 1908 Πατὴρ
1184 1873 1198 1898 ὁ
1211 1873 1286 1905 Θεὸς,
1300 1875 1346 1900 καὶ
1364 1876 1488 1911 πατρὶςή
1502 1876 1558 1904 ἄνω
1573 1878 1762 1915 Ἰερουσαλήμ.
1775 1881 1886 1909 Τοιοῦ-

1075 1925 1117 1943 τοι
1134 1915 1180 1943 οὖν
1197 1917 1244 1944 καὶ
1259 1918 1348 1952 ὑμεῖς,
1358 1919 1467 1953 ἀδελφοὶ
1484 1921 1656 1956 ἠγαπημένοι
1677 1922 1730 1949 ὑπὸ
1745 1923 1867 1960 Κυρίου
1879 1933 1885 1939 ·

1077 1963 1124 1988 καὶ
1140 1962 1183 1989 ἵνα
1203 1963 1257 1989 ἀπὸ
1274 1964 1323 1998 τῆς
1345 1964 1457 1998 Γραφῆς
1479 1965 1552 1999 ὑμᾶς
1568 1966 1675 1992 καλέσω
1686 1975 1693 1982 ·
1707 1968 1732 1993 Γ
1732 1967 1813 2001 ἐν·ος
1832 1970 1887 1996 ἐι-

1076 2007 1360 2038 αῑεκτὸνβασίλειον
1374 2009 1542 2043 Ιερὰτευμα,
1562 2010 1637 2043 λαὸς
1655 2012 1699 2043 εις
1714 2014 1890 2047 περιποιη-

1054 2075 1057 2078 .
1076 2060 1143 2079 σινο
1164 2052 1244 2085 ὅπως
1264 2053 1319 2085 τὰς
1339 2053 1447 2087 ἀρετὰς
1462 2054 1656 2089 ἐξαγγείλητε
1671 2055 1725 2082 τοῦ
1743 2057 1783 2084 ἐκ
1800 2061 1890 2086 σκό-

1076 2105 1148 2130 τους
1171 2096 1249 2132 ὑμᾶς
1271 2097 1461 2133 καλέσαντος
1476 2101 1520 2132 εὶς
1537 2101 1570 2127 τὸ
1583 2101 1760 2135 θαυμαστὸν
1777 2105 1890 2131 αὐτοῦ

1076 2142 1150 2177 φῶς.
1167 2142 1329 2178 Θαυμαστὸν
1343 2144 1397 2179 γὰρ
1412 2145 1452 2171 ὅτι
1470 2145 1538 2180 φῶς,
1556 2146 1573 2181 ἡ
1588 2147 1717 2182 μοναδικὴ
1732 2147 1889 2182 πολιτεία,

1077 2189 1116 2219 εἰς
1136 2188 1169 2222 ἣν
1184 2188 1357 2224 ἑκλήθημεν·
1373 2191 1420 2216 καὶ
1434 2191 1463 2217 ὲν
1513 2191 1712 2227 ἐξαγγέλλομεν
1727 2193 1784 2226 τὰς
1801 2197 1889 2223 αίνέ-

1078 2241 1134 2264 σεις
1149 2233 1196 2260 τοῦ
1212 2233 1383 2268 καλύψαντος
1397 2236 1481 2272 ἀρετῇ
1496 2237 1559 2268 τοὺς
1573 2238 1714 2272 οὐρανούς.
1732 2239 1889 2269 Ἐνταῦθα

1076 2273 1123 2302 οὖν
1138 2276 1196 2302 ἐστι
1211 2277 1352 2312 φρόνησις,
1369 2280 1540 2316 σωφροσύνη,
1559 2281 1680 2315 ἀνδρεία,
1699 2283 1747 2310 καὶ
1768 2285 1891 2314 δικαιο-

1078 2321 1155 2369 stiva,
1172 2321 1288 2369 ἐνταῦθα
1299 2323 1335 2349 τὰ
1348 2325 1417 2352 κατὰ
1431 2325 1479 2352 τοῦ
1496 2326 1619 2362 Πονηροῦ
1635 2327 1771 2363 τρόπαια,
1797 2333 1855 2359 καὶ
1872 2335 1892 2369 ἡ

1078 2365 1108 2392 ὲν
1125 2366 1238 2402 Χριστῷ
1251 2368 1313 2404 νίκη
1323 2376 1331 2384 ·
1349 2369 1419 2403 Εἴτε
1430 2369 1467 2397 τὰ
1483 2371 1564 2398 ὅπλα
1578 2372 1663 2407 ἡμῶν
1679 2374 1715 2400 οὐ
1726 2365 1891 2409 (raptura;

1076 2411 1157 2438 ἀλλὰ
1170 2412 1285 2440 δυνατὰ
1299 2413 1339 2446 τῷ
1354 2414 1416 2447 Θεῷ
1438 2417 1514 2449 πρὸς
1528 2419 1703 2452 καθαΙρεο-ιν
1715 2419 1894 2457 ὀχυρωμά-

1076 2465 1146 2502 ator,
1165 2459 1330 2492 λογισμοὺς
1353 2461 1575 2495 καθαιροῦντες,
1599 2463 1648 2490 καὶ
1673 2463 1736 2491 πᾶν
1764 2466 1893 2502 ὕψωμα

1076 2501 1272 2536 ἐπαιρόμενον
1292 2505 1368 2531 κατὰ
1386 2505 1442 2540 τῆς
1461 2507 1600 2541 γνώσεως
1625 2509 1678 2535 τοῦ
1705 2511 1787 2538 Θεοῦ
1801 2521 1811 2528 ·
1833 2501 1891 2542 θέαι

1076 2547 1340 2582 αίγμωῑωτίζοντες
1353 2550 1415 2578 πᾶν
1427 2553 1526 2586 νόημα
1535 2554 1579 2586 εὶς
1592 2553 1649 2587 τὴν
1662 2555 1817 2591 ὑπακοὴν
1830 2561 1893 2587 τοῦ

1077 2593 1208 2639 ξιριστοῦ
1220 2602 1226 2609 ·
1249 2594 1272 2619 εί
1288 2594 1317 2621 δὲ
1339 2595 1386 2622 καὶ
1403 2597 1472 2632 πρὸς
1491 2598 1554 2630 τοὺς
1578 2599 1734 2634 ὁρωμένους
1755 2603 1895 2639 ἐχθροὺς

1078 2637 1151 2664 ἐστιν
1161 2639 1278 2672 ἀπιδεῖν,
1294 2642 1465 2678 ἐννοήσωμεν
1476 2646 1538 2676 τοὺς
1550 2645 1597 2671 ἀπ’
1607 2645 1707 2678 αἰῶνος
1719 2637 1894 2684 ﬁatﬁat-ob;

1077 2684 1134 2710 ὅσοι
1150 2686 1198 2712 καὶ
1215 2686 1304 2720 ἡλίκοι
1315 2687 1463 2715 κατέλαϐον
1478 2690 1528 2726 τὴν
1543 2691 1710 2727 Ἐκκλησίαν
1724 2694 1776 2720 τοῦ
1796 2695 1895 2731 Θεοῦ,

309 2765 368 2793 Jac.
393 2766 463 2799 1,15.
501 2766 524 2782 ⁸⁸
543 2764 687 2797 Joan.vui,
703 2765 748 2796 54,
768 2764 813 2793 35.
851 2765 873 2781 ⁸¹
894 2764 1023 2800 Galatm,

1081 2787 1084 2793 .
1122 2767 1145 2784 ⁶¹
1165 2767 1247 2798 Marc,
1265 2777 1304 2802 tx,
1320 2771 1364 2798 45.
1404 2771 1453 2798 ⁸³1
1473 2772 1544 2802 Petr.
1562 2781 1592 2807 n,
1615 2775 1641 2802 9.
1680 2775 1706 2792 "
1717 2775 1741 2804 ll
1757 2776 1837 2808 Cor.
1863 2790 1894 2816 ι,
