1921 3073
229 137 282 170 659

512 190 630 218 SERMO
655 192 736 219 CXV.

229 235 268 262 De
278 236 370 262 martis
383 236 573 267 recerdatione,
585 238 710 278 obituque
720 239 817 273 fratris
835 238 928 266 Jacobi
943 247 973 265 nc
985 240 1016 265 de

541 279 608 305 ptent
613 277 653 299 ten
658 277 706 300 tia.

264 314 374 343 Fratres
409 317 569 350 PatreSque,
592 317 714 351 quandiu
744 318 776 345 ad
807 325 854 345 vos
885 318 1015 345 disseram

230 363 322 395 nauci,
340 370 443 397 vosque
463 362 584 397 jejunam
604 364 674 391 hanc
695 364 812 392 audietis
827 371 933 395 vocem,
957 372 1018 399 quae

230 407 377 434 admoneat
398 407 479 436 officii
497 409 508 436 ‘i
526 417 580 436 non
597 413 624 436 et
639 417 712 436 nunc
728 409 843 436 fratrum
856 410 920 441 duo,
936 409 1016 436 Jat-o-

230 451 292 485 bus,
306 460 339 480 ac
349 452 494 485 Basianus,
509 454 578 481 alter
595 454 628 482 ad
647 454 731 481 Deum
745 454 893 486 concessit,
910 455 977 481 alter
991 455 1016 481 in

230 497 336 525 foribus
368 504 491 526 versatur
517 499 613 527 mortis
634 499 647 526 ἳ
672 498 742 526 Num
771 500 936 527 immortales
967 507 1017 528 nos

229 543 333 571 erimus
346 553 353 576 ;
373 552 427 571 non
445 545 514 572 idem
528 545 662 573 ducemus
673 544 746 580 quod
761 545 917 580 prmgressi,
932 553 1016 580 pocu-

230 587 285 614 lum
301 588 312 615 ?
327 587 362 615 Ut
378 588 447 616 bene
461 596 523 616 etttn
539 597 572 616 eo
586 594 693 624 agatur,
713 597 795 624 porro
807 590 853 624 qui
869 590 894 616 id
910 590 1018 618 assidue

228 633 352 660 revolvat
374 634 516 670 vitamque
542 642 620 663 suam
650 635 855 662 medltationem
877 639 1019 669 comparet

228 679 346 713 mortis;
365 679 409 706 ubi
426 684 467 706 est
482 680 554 706 enim
570 681 666 708 mortis
676 680 827 712 meditatio,
839 680 1018 715 proculdubio

228 722 316 756 vigor,
351 722 465 755 stimuli,
480 723 619 760 lacrymaz,
649 724 781 757 suavitas,
797 725 880 756 nitor,
896 724 1016 751 studium

228 767 377 801 potiorum,
403 773 429 796 et
448 776 509 803 qua:
528 769 623 796 orbem
640 774 781 804 superent,
799 775 1015 804 consequuntur.

227 812 293 844 Qua:
302 812 384 840 simul
394 813 504 847 absunt,
517 814 553 841 ibi
567 819 624 842 tum
646 823 736 850 pravae
750 815 930 850 cogitationes
940 816 1017 848 oriri,

827 141 857 172 S,
872 141 922 170 ΤΙΙ
928 139 1066 170 EODORI
1096 140 1268 170 STUDITXE

1033 194 1054 222 Α
1069 190 1163 219 Jesum
1176 192 1328 220 Dominum
1347 197 1471 220 nostrum
1489 202 1495 219 :
1513 193 1556 220 cui
1573 192 1658 225 gloria
1669 198 1697 220 et
1714 192 1859 228 imperium

1811 139 1862 170 660

1069 244 1132 264 cum
1152 237 1242 269 Patre,
1256 245 1288 265 ac
1303 243 1398 265 sancto
1422 235 1536 273 Spiritu,
1554 246 1627 266 nunc
1644 243 1673 266 et
1699 245 1818 274 semper,
1835 239 1859 266 in

1068 290 1237 317 Omnemque
1252 283 1473 318 perpetuitatem.
1488 283 1584 311 Amen.

1352 357 1467 385 SERMO
1485 357 1578 385 CXVI.

1069 414 1107 441 De
1122 413 1340 448 ospectabilibtts,
1360 419 1384 440 et
1399 413 1641 447 inaspectabilibus.
1657 421 1715 448 qui:
1731 414 1757 440 in
1774 415 1861 440 nurni-

1103 450 1149 476 bur
1169 449 1222 475 sint
1238 449 1362 482 periculis
1379 456 1411 475 ac
1427 449 1550 480 miseriis,
1570 449 1674 482 vitaque
1690 449 1861 482 adipiscenda

1104 484 1188 518 felice.

1104 540 1212 568 Fratres
1227 539 1378 575 Patresque
1388 539 1459 574 ,jam
1469 539 1526 573 jam
1543 538 1598 566 huc
1613 539 1728 574 spiritali
1744 540 1861 574 appulsa

1068 587 1160 618 fratre,
1169 587 1279 614 domino
1289 586 1437 618 Eustratio,
1450 585 1519 612 haud
1529 593 1577 613 vos
1586 585 1706 613 arbitror
1714 585 1782 612 citra
1790 594 1863 620 quaa-

1068 633 1170 660 stiones
1180 632 1339 663 consistere,
1347 631 1480 658 adventus
1494 638 1605 657 causam
1615 630 1798 662 sciscitantes,
1810 637 1861 656 ne-

1068 685 1121 712 que
1132 677 1312 709 mirum,cum
1330 676 1439 704 occasio
1455 675 1621 710 subsit,quae
1630 675 1796 709 quaestiones
1811 683 1860 702 eas

1068 727 1205 757 provocet.
1229 721 1282 749 Sed
1298 722 1441 756 ignoscite,
1462 728 1516 748 non
1540 720 1668 748 omnibus
1687 728 1795 755 semper
1818 721 1860 748 tas

1068 767 1156 800 detegi
1182 766 1289 801 negotia
1313 771 1366 798 est,
1383 773 1433 793 nec
1456 766 1510 792 nisi
1534 765 1649 792 fratrum
1675 765 1858 800 primoribus,

1068 813 1142 847 quod
1151 813 1186 839 ab
1200 812 1260 847 ipso
1267 811 1384 839 Domino
1401 815 1495 838 nostro
1511 809 1576 837 Jesu
1588 810 1698 837 Christo
1712 810 1856 842 docemur,

227 865 296 892 quas
314 858 341 884 in
360 858 506 894 Evangelio
530 859 617 887 Herus
638 861 734 893 vetuit,
747 868 808 895 qua:
825 866 918 896 captos
933 861 1019 888 lanci-
1033 860 1054 888 Β
1068 858 1115 893 qui
1136 866 1210 885 nunc
1221 857 1322 886 sanctis
1335 856 1464 884 omnilms
1487 855 1631 890 discipulis
1645 855 1766 882 caelestis
1782 855 1858 890 regni

227 908 303 934 nent,
320 911 351 931 ac
367 904 430 931 vitm
439 909 560 933 amantes
573 907 733 940 pertrahant
743 907 769 934 in
783 914 916 934 errorem.
931 906 1016 934 Nobis

226 947 335 981 quidem
358 949 527 976 recordanda
549 958 656 985 semper
678 956 706 978 et
719 951 829 979 assidue
854 960 929 979 mors
962 957 1014 985 est,

226 1000 365 1028 operaque
375 994 463 1022 danda
477 1002 511 1022 ne
521 995 600 1023 fmdis
616 996 929 1030 obeundislibidinihus,
949 999 1015 1032 quin

225 1045 258 1065 ex
272 1039 364 1066 divina
378 1040 520 1067 voluntate
533 1041 667 1074 reliquum
685 1041 748 1068 vitae
767 1041 794 1068 in
810 1048 892 1069 carne
905 1045 1015 1076 tempus

225 1092 397 1120 peragamus,
415 1094 478 1112 nam
495 1086 540 1122 pol
560 1091 714 1114 anteactum
730 1086 829 1114 sufficit
845 1087 1014 1115 curriculum

224 1137 279 1171 quo
288 1131 420 1166 corporis,
431 1131 571 1166 animique
583 1131 726 1159 desideriis
739 1131 933 1163 satisfecimus.
948 1133 1016 1159 satis

225 1182 364 1210 superque
378 1180 420 1202 est
449 1180 618 1202 structarum
642 1176 752 1203 diabolo
766 1175 903 1209 fraudum,
915 1177 966 1213 qui
982 1177 1016 1203 ab

226 1220 350 1247 honestis
387 1220 485 1247 studiis
514 1220 640 1247 diversus
660 1220 686 1247 in
702 1220 813 1248 nefariis
841 1220 1016 1255 cupidinibus

226 1271 330 1298 susque
345 1264 430 1298 deque
441 1264 563 1298 jactarit,
580 1264 651 1290 unde
662 1264 876 1291 emolumentum
891 1265 1016 1299 cepimus

227 1315 378 1343 nunquam,
395 1313 545 1341 contraque
561 1309 704 1340 damnum,
721 1315 753 1335 ac
769 1308 910 1335 infamiam
923 1317 930 1342 ;
943 1317 1016 1336 nunc

226 1359 334 1388 tempus
355 1358 397 1381 est
431 1358 584 1388 acceptum,
608 1353 722 1388 diesque
747 1353 854 1380 salutis.
882 1353 968 1380 Hodie
989 1354 1014 1379 si

226 1408 311 1428 vocem
323 1399 379 1434 ejus
398 1400 548 1430 audieritis,
561 1399 640 1426 nolite
653 1399 782 1426 obdurare
793 1399 875 1425 corda
888 1404 971 1426 vestra
980 1399 1013 1430 ⁸⁸.

226 1451 339 1475 salictus
366 1446 485 1481 Spiritus
509 1447 620 1479 clatnat,
643 1447 745 1474 etenim
770 1455 853 1481 prona
877 1447 903 1474 in
918 1447 1013 1474 vitium

225 1493 318 1520 anima
344 1493 459 1520 adversa
487 1497 585 1520 natura
611 1495 715 1525 nostra,
741 1500 803 1526 qum
819 1500 868 1519 nec
883 1493 1011 1519 diurnam

1070 903 1159 938 aperit
1173 909 1276 930 arcana
1296 911 1302 929 :
1319 908 1393 928 nunc
1411 901 1561 936 assumptis
1587 900 1677 934 Petro,
1695 899 1808 932 Jacobo,
1828 909 1860 928 ac

1069 949 1204 979 Jobanne.
1227 948 1261 975 iis
1277 947 1344 975 solis
1370 947 1482 974 exhibet
1507 945 1675 981 spectacula.
1694 945 1857 980 Quanquam

1070 1000 1101 1022 ut
1121 994 1221 1029 partim
1248 993 1342 1020 sciatis
1366 999 1414 1020 vos
1439 999 1561 1026 quoque,
1585 991 1622 1018 ob
1643 990 1794 1018 Ecclesiam
1817 995 1859 1018 est

1069 1041 1204 1068 adventus
1226 1039 1391 1074 :profitctur
1416 1046 1554 1072 namque,
1576 1042 1638 1065 uta
1664 1037 1783 1064 consciis
1797 1057 1804 1068 ,
1832 1042 1859 1063 et

1070 1085 1179 1114 concilii
1195 1090 1314 1119 tempus,
1329 1089 1356 1111 et
1369 1083 1430 1111 fidei
1443 1083 1681 1115 instaurationem,
1695 1089 1721 1110 et
1731 1083 1859 1110 exsulum

1069 1130 1284 1158 revocationem.
1303 1130 1342 1156 Ad
1357 1137 1419 1164 qua:
1434 1134 1561 1156 accurate
1584 1129 1778 1164 respondimus
1797 1137 1861 1163 qua:

1069 1178 1188 1207 deceret,
1212 1175 1280 1202 nihil
1304 1174 1523 1206 dissimulantes,
1550 1173 1597 1201 Dei
1622 1174 1766 1206 beneficio,
1787 1175 1859 1208 quod

1071 1221 1144 1248 edici
1163 1224 1313 1255 oporteret,
1338 1219 1411 1246 unde
1424 1223 1452 1246 et
1465 1219 1654 1254 conjecturam
1673 1219 1791 1247 facimus
1810 1220 1861 1246 ite-

1072 1274 1132 1292 rum
1147 1273 1198 1292 nos
1216 1265 1335 1300 pericula
1361 1272 1393 1292 ac
1406 1265 1534 1292 miserias
1550 1273 1670 1292 manere.
1687 1265 1740 1292 Sed
1760 1266 1828 1291 nihil
1837 1266 1860 1281 ⁸⁸

1068 1312 1163 1338 Irarum
1184 1319 1284 1344 vereor,
1300 1312 1338 1338 ait
1354 1311 1452 1338 beatus
1483 1311 1631 1346 Apostolus
1652 1310 1794 1344 (lepidum
1818 1316 1861 1337 est

1069 1357 1142 1384 enim
1162 1357 1219 1384 hate
1233 1357 1292 1391 ejus
1307 1356 1389 1384 verba
1412 1363 1568 1391 usurpare),
1587 1363 1633 1382 nec
1654 1356 1724 1390 facio
1741 1357 1859 1382 animam

1069 1410 1154 1429 meam
1163 1403 1345 1437 pretiosiorem
1361 1410 1442 1437 quam
1458 1409 1508 1434 me,
1526 1402 1668 1428 dummodo
1682 1409 1860 1428 consummem

1068 1456 1174 1475 cursum
1192 1456 1276 1475 meum
1292 1457 1352 1475 cum
1367 1447 1475 1482 gaudio,
1497 1452 1522 1474 et
1537 1447 1711 1473 ministerium
1729 1446 1798 1481 quod
1816 1455 1861 1473 ac-

1068 1494 1124 1528 cepi
1144 1501 1159 1520 a
1179 1493 1289 1520 Domino
1311 1492 1391 1524 Jesu,
1418 1492 1557 1526 testificari
1573 1491 1744 1526 Evangetium
1765 1493 1862 1526 gratia

225 1537 401 1566 stabilitatem
420 1538 544 1571 haberet,
560 1538 690 1565 benevole
704 1545 788 1570 nunc,
805 1542 832 1564 et
850 1537 930 1564 hodie
946 1545 1015 1572 prat-
1031 1535 1051 1564 C
1069 1539 1118 1566 Dei
1130 1540 1165 1571 9°,
1182 1538 1254 1566 idem
1272 1543 1299 1566 et
1312 1546 1362 1566 nos
1379 1537 1489 1570 fratres,
1507 1545 1557 1573 pro
1574 1538 1636 1565 data
1655 1537 1716 1564 lidci
1732 1545 1860 1564 mensura

225 1583 325 1615 stituit,
341 1591 375 1611 ne
403 1583 558 1611 cuiliceret
583 1583 772 1618 paenitentiam
795 1582 934 1618 defugere,
950 1583 1016 1617 quin

224 1637 274 1657 seu
294 1630 426 1665 graviter,
452 1637 501 1657 seu
515 1629 614 1657 leviter
637 1629 852 1661 consecleratus,
875 1637 922 1656 seu
939 1629 1016 1660 olim,

226 1681 275 1701 seu
292 1682 389 1709 nuper,
406 1675 521 1702 salutari
537 1675 633 1702 audito
647 1675 786 1709 preeconio
797 1674 824 1701 in
838 1674 897 1701 dies
909 1682 949 1707 se,
964 1674 1017 1700 mi-

225 1719 299 1746 nime
319 1723 476 1752 cunctatus,
502 1720 680 1752 instauraret,
697 1724 779 1754 atque
808 1724 964 1746 renovaret.
978 1719 1018 1746 En

224 1773 286 1800 quae
306 1765 353 1793 Dei
369 1765 432 1800 Opt.
454 1766 524 1793 Max.
542 1766 704 1801 benignitas,
726 1766 841 1793 celerem
864 1773 942 1793 noxa:
963 1773 1015 1792 me-

224 1811 344 1838 dicinam
366 1811 529 1846 facilemque
544 1811 646 1838 moliri.
657 1811 795 1838 Curantur
814 1812 926 1846 quidem
941 1817 1018 1839 certe

223 1861 251 1884 et
266 1856 415 1884 secundum
433 1864 543 1884 carnem
560 1857 656 1888 saucii,
673 1857 720 1884 sed
735 1857 779 1890 pol
792 1856 874 1889 lente,
889 1864 944 1891 quo
956 1864 1018 1891 pcr-

224 1902 313 1930 sanati
339 1909 401 1929 cum
419 1902 499 1930 hoste
529 1902 627 1929 iterum
657 1901 814 1936 confligant,
846 1902 929 1929 nobis
953 1910 1015 1929 cum

224 1946 339 1974 vulnere
356 1947 503 1982 conjuncta
515 1946 652 1974 medicina
668 1951 710 1973 est
726 1947 806 1974 modo
820 1947 842 1974 si
857 1947 1019 1982 propulsare

224 1993 353 2020 inimicos
376 1993 510 2027 evesligio
528 1993 654 2020 velimus.
680 1992 864 2025 Quamobrem
889 2001 924 2020 ne
939 2000 1018 2020 com-

223 2038 365 2065 mittamus
387 2038 452 2073 quin
473 2039 572 2066 diurna
599 2039 730 2066 obeunda
757 2039 919 2073 pmnitentia
935 2047 1018 2066 reno-

226 2091 320 2111 vemur
341 2085 443 2117 animo,
455 2093 506 2112 neu
519 2087 690 2113 occasionem
703 2084 823 2120 praebeat
838 2084 961 2120 segnitiae
973 2093 1019 2112 ac-

224 2134 334 2164 ceptum
351 2138 401 2158 seu
417 2135 517 2163 mente,
537 2139 585 2159 seu
600 2131 703 2161 verbis,
719 2135 765 2157 aut
782 2131 890 2158 actione
906 2131 1017 2162 vulnus,

224 2175 271 2202 sed
289 2175 396 2209 quoties
417 2176 624 2209 occumbamus,
642 2176 722 2204 toties
738 2176 944 2210 resipiscamus,
964 2176 1012 2204 Dei

224 2221 332 2247 reveriti
355 2221 471 2254 judicia,
495 2225 521 2249 et
549 2222 623 2249 omni
649 2230 700 2256 ope
722 2221 823 2255 flagitia
852 2221 1013 2255 depraedati.

224 2266 371 2294 Enimvero
393 2266 491 2299 Moses,
518 2267 565 2294 Dei
591 2275 698 2299 servus,
718 2268 744 2295 in
769 2273 861 2295 monte
873 2267 1014 2301 explicans

223 2319 341 2343 manus.
364 2312 532 2343 Amalecitcn
566 2312 719 2347 profligare,
743 2313 789 2347 qui
816 2312 898 2339 simul
923 2312 1013 2339 relan-

223 2363 327 2392 gueret,
345 2358 382 2385 ibi
399 2366 454 2385 .um
463 2359 508 2385 hic
522 2359 699 2393 praeponere;
714 2360 746 2386 ad
759 2359 886 2388 eumdem
901 2359 1012 2385 modum

223 2409 249 2431 ιιι
268 2411 345 2431 mens
368 2404 518 2431 sceleribus
538 2404 667 2439 appetita,
694 2409 822 2440 superato
843 2412 893 2431 ceu
922 2408 1014 2431 monte

223 2457 349 2483 piceum,
362 2450 505 2484 sensisque
514 2451 547 2476 ad
562 2449 657 2481 Deum,
674 2450 752 2484 quasi
768 2449 934 2485 quibusdam
954 2457 1013 2475 ma-

224 2495 305 2522 nibus
332 2495 467 2530 protentis
479 2517 485 2528 ,
502 2496 671 2523 Amaleciten
690 2497 716 2522 in
735 2496 826 2530 fugam
854 2499 955 2525 vertat,
968 2495 1014 2529 qui

223 2541 347 2567 obtutum
370 2541 457 2574 fugiat
471 2541 612 2568 oculorum
628 2552 635 2573 ,
657 2541 700 2568 sin
721 2541 853 2572 remittat,
870 2540 1014 2573 imperiutu

223 2587 353 2621 patiatur.
373 2586 475 2627 Ecquid
499 2586 569 2615 facto
585 2594 653 2621 opus
677 2592 719 2613 est
735 2594 798 2621 ergo
817 2587 823 2612 !
851 2587 916 2620 quid
931 2586 1016 2616 aliud,

223 2641 305 2668 quam
335 2641 415 2659 manu
449 2633 593 2667 ingruente
635 2632 748 2662 hostili.
783 2637 900 2659 mentem
936 2632 1014 2666 juxta

223 2687 258 2707 ac
274 2686 372 2706 manus
391 2679 423 2706 ad
447 2678 532 2705 Deutn
554 2678 676 2708 tendere.
700 2678 746 2712 qtti
768 2679 874 2712 eripere
895 2683 977 2713 queat
998 2687 1013 2705 a

224 2725 329 2752 morte?
340 2724 397 2756 Qua
407 2731 435 2750 re
448 2723 567 2758 profugis
581 2724 710 2755 inimicis,
723 2731 773 2750 nos
787 2724 886 2750 adorea
902 2725 1013 2758 obligati

225 2778 241 2797 ν
254 2771 346 2799 ctoriae
370 2771 481 2797 ((Blcsle
503 2777 616 2804 regnum
633 2769 800 2796 erciscemnr
813 2777 860 2804 per
873 2769 1012 2797 Christum

259 2851 281 2866 "
297 2850 366 2878 l'sal.
384 2858 453 2884 xctv,
473 2849 498 2877 8.
533 2850 554 2866 ⁸³
572 2850 632 2878 Act.
650 2858 694 2883 xx,
710 2849 754 2878 Ἡ.
793 2850 814 2866 '°
833 2849 897 2877 ibid.

1069 1584 1237 1615 sentiamus,
1268 1584 1486 1618 loquamurqne,
1517 1582 1565 1619 qui
1592 1582 1620 1609 in
1647 1582 1786 1617 martyriis
1810 1590 1862 1617 pro

1069 1629 1182 1656 Christo
1199 1629 1380 1663 gaudeamus,
1398 1629 1430 1656 ad
1447 1628 1580 1663 supplicia
1600 1628 1699 1662 parati,
1720 1635 1781 1659 nec,
1797 1635 1860 1655 ere-

1071 1675 1120 1701 hro
1144 1674 1273 1708 periculis
1298 1673 1430 1707 defuncti,
1457 1681 1566 1701 rursum
1594 1673 1744 1708 periclitari
1770 1673 1862 1700 detre-

1069 1724 1196 1752 ctcmus;
1217 1720 1284 1755 quin
1306 1720 1461 1752 audientes,
1478 1719 1529 1746 Per
1553 1719 1651 1745 multo:
1675 1719 1861 1746 tribulatione:

1070 1771 1170 1800 oportet
1186 1775 1233 1794 nos
1256 1767 1358 1794 intrare
1373 1767 1401 1793 in
1423 1775 1532 1802 regnum
1548 1765 1716 1798 caelorum",
1736 1766 1861 1793 animum

1071 1811 1234 1839 inducamus
1257 1811 1343 1839 multa
1361 1812 1481 1847 perpeti,
1506 1816 1533 1839 et
1552 1810 1683 1846 perferre,
1707 1818 1764 1846 quo
1788 1811 1862 1838 felici

1071 1857 1122 1884 hoc
1137 1857 1262 1891 ingressu
1286 1858 1436 1892 potiamur.
1459 1858 1498 1884 Ac
1524 1857 1580 1884 fors
1603 1856 1672 1883 nihil
1688 1857 1794 1884 accidet
1814 1857 1862 1884 Dei

1072 1903 1262 1930 misericordia
1278 1903 1348 1935 diri;
1364 1904 1473 1938 expedit
1489 1908 1578 1930 tamen
1594 1904 1743 1930 constituta
1759 1903 1863 1930 habere

1071 1956 1133 1983 qua:
1159 1947 1293 1976 formides
1319 1953 1383 1976 ante
1408 1953 1553 1980 terrorem,
1578 1953 1608 1975 ut
1632 1949 1758 1984 egregie,
1789 1948 1863 1974 bello

1070 1993 1268 2024 commisso,in
1292 1993 1378 2020 aciem
1396 1993 1562 2027 prodeamus
1580 2001 1587 2025 ;
1612 1991 1700 2020 facilis
1725 1997 1768 2020 est
1786 1993 1862 2019 enim

1071 2038 1181 2065 animus
1209 2038 1282 2066 vinci
1329 2038 1497 2073 imparatus,
1525 2038 1572 2074 qui
1601 2039 1674 2066 haud
1703 2039 1865 2073 procinttus

1070 2084 1219 2118 derepente
1234 2084 1308 2111 ineat
1323 2089 1472 2111 certamen.
1487 2083 1548 2111 Jam
1561 2084 1628 2119 quid
1649 2089 1768 2112 terrores
1783 2091 1864 2111 com-

1070 2130 1215 2157 memoro?
1235 2129 1261 2156 in
1273 2130 1490 2162 diescertamen,
1509 2130 1535 2157 in
1548 2130 1607 2157 dies
1629 2130 1754 2164 prmlium
1772 2131 1863 2164 agita—

1070 2182 1125 2209 tur,
1141 2184 1196 2204 non
1213 2176 1398 2211 perspicuum,
1417 2176 1464 2203 sed
1482 2176 1711 2210 imperspicuum,
1732 2184 1784 2204 nec
1802 2185 1865 2203 cor-

1071 2230 1135 2256 pus,
1169 2222 1215 2248 sed
1232 2226 1351 2248 mentem
1374 2221 1523 2249 vulnerans
1544 2226 1571 2248 et
1590 2221 1762 2252 interimens.
1788 2223 1863 2256 quod

1067 2268 1151 2294 animi
1184 2273 1315 2302 tanquam
1346 2267 1447 2294 lumbis
1476 2268 1647 2298 succinctis,
1683 2275 1716 2294 ac
1746 2267 1866 2302 justitize

1066 2313 1152 2340 armis
1176 2313 1275 2344 induti,
1294 2320 1343 2340 ceu
1366 2313 1458 2340 eximii
1483 2313 1584 2340 Christi
1611 2313 1732 2345 milites,
1756 2313 1864 2340 alacres

1068 2367 1120 2387 nec
1142 2359 1294 2387 oscitantes
1315 2360 1514 2394 depugnemus.
1535 2358 1621 2386 Nemo
1640 2359 1784 2386 dormiens
1808 2364 1865 2386 tro-

1064 2413 1151 2439 parum
1176 2405 1286 2436 statuit,
1311 2413 1362 2432 nec
1386 2405 1564 2440 resupinatus
1594 2411 1712 2431 messem
1736 2404 1863 2439 colligit;

1063 2451 1129 2484 quin
1145 2450 1240 2485 ingens
1255 2450 1385 2484 utrinque
1401 2458 1470 2485 opus
1483 2455 1525 2477 est
1545 2450 1639 2481 sudor,
1657 2454 1685 2476 et
1702 2449 1863 2481 industria;

1066 2497 1107 2529 sjn
1123 2497 1178 2524 illic
1195 2504 1224 2523 se
1240 2496 1277 2523 ita
1295 2504 1340 2523 res
1354 2496 1448 2528 habet,
1462 2501 1566 2530 quanto
1585 2495 1672 2529 magis
1688 2496 1715 2522 in
1736 2500 1863 2523 nom-ate

1073 2542 1143 2568 bello
1155 2562 1161 2573 ,
1180 2541 1224 2568 ubi
1243 2541 1359 2569 missilia
1374 2542 1454 2575 quasi
1469 2541 1580 2575 quidam
1602 2541 1670 2568 radii
1685 2541 1806 2576 fulguris
1822 2542 1864 2568 iu-

1067 2587 1210 2620 cumbanl,
1234 2587 1299 2614 hinc
1315 2587 1438 2614 arietans
1464 2586 1568 2614 nefaria
1593 2586 1688 2618 libido,
1716 2586 1782 2612 inde
1802 2595 1863 2613 am-

1069 2633 1135 2659 bitio
1148 2651 1155 2663 ,
1176 2632 1240 2659 hinc
1274 2632 1374 2659 invidia
1388 2652 1396 2663 ,
1424 2632 1487 2658 inde
1510 2631 1706 2666 blasphemia?
1725 2632 1865 2666 Artcsque

1069 2678 1180 2705 diabolo
1208 2678 1320 2710 multae,
1345 2678 1468 2704 animum
1496 2678 1612 2705 tentanti
1638 2685 1863 2712 quaquaversum

1069 2723 1246 2756 labefactare,
1273 2731 1304 2753 ac
1322 2723 1395 2750 velut
1410 2723 1597 2751 devorandum
1622 2730 1750 2757 poscere,
1768 2729 1797 2750 ut
1815 2723 1862 2749 dc-

1068 2773 1175 2802 spurata
1192 2768 1306 2802 quilibet
1322 2767 1376 2797 vita
1398 2774 1523 2804 erumpat
1546 2768 1574 2795 in
1591 2768 1648 2795 haec
1675 2768 1758 2795 verba
1778 2777 1783 2793 :
1802 2767 1862 2794 Nisi

938 2850 958 2866 “
978 2850 1038 2879 Att.
1058 2850 1176 2883 x1v,‘3l.
