1921 3073
53 157 101 190 651

619 159 821 189 SERMONES
843 159 1103 190 CA’I‘ECIIETICI.

1624 164 1678 195 662

52 214 113 248 quia
130 212 259 240 Dominus
288 192 397 247 adjuvit
417 221 468 244 me.
491 214 570 248 paulo
589 215 675 240 minus
693 213 837 240 habitasset
850 213 878 244 Α
891 213 945 248 igni
965 216 1062 249 potiuS,
1081 215 1174 249 ferro,
1191 215 1297 250 bestiis,
1316 224 1397 252 quam
1414 217 1589 246 lcthabilibus
1603 219 1684 247 vitiis
1696 223 1705 227 '

54 261 80 285 in
93 259 198 294 inferno
215 259 306 285 anima
325 266 383 285 mea
392 259 426 290 ",
443 259 493 286 etsi
507 258 533 285 in
550 258 592 286 bis
609 259 740 286 omnibus
759 266 837 293 supc-

55 313 147 332 ramus
172 312 221 336 per
250 312 313 331 eum
333 305 379 338 qui
398 312 449 331 nos
474 304 622 336 adamavit,
644 313 710 332 sane
733 305 761 331 in
787 305 840 330 Duo

55 352 185 385 faciamus
205 351 341 382 virtutem,
365 356 394 377 ut
412 349 538 378 Davidice
559 351 665 385 loquar,
691 355 717 378 et
736 351 790 384 ipse
805 350 839 376 ad

54 396 166 423 nihilum
183 395 294 422 deducet
317 395 435 422 inimicos
452 400 554 423 nostros
565 396 612 422 ”:
632 397 685 429 ipse
706 400 746 422 est
771 396 840 422 enim

53 450 104 476 pa:
117 447 210 469 nostra
230 443 275 476 qui
297 442 359 476 fecit
376 447 485 477 utraque
499 449 591 474 unum,
613 446 637 468 et
659 442 774 468 medium
792 450 840 476 pa-

55 490 143 515 ήςιιειιι
165 489 287 514 maceriae
305 488 393 520 soluit,
410 488 575 520 inimicitias,
600 488 627 514 in
652 496 701 514 sua
716 496 794 514 carne
806 488 839 519 “,

55 536 78 560 id
107 539 161 566 est,
190 534 238 568 qui
268 534 369 561 victum
396 533 534 560 diabolum
561 533 738 568 proculcavit,
765 537 839 567 parta

55 578 116 604 hinc
146 577 228 604 nobis
247 577 361 603 victoria
392 584 502 611 quoque
527 579 694 612 prtemioque
719 578 840 604 victoria:

53 623 160 649 ctelesti
181 629 264 656 regno
286 622 422 654 condicto,
443 623 516 656 quod
534 623 643 657 assequi
664 630 759 650 omnes
775 629 840 650 con-

53 669 137 703 tingat
152 675 200 702 per
215 667 307 694 Jesum
323 666 461 693 Christum
477 667 620 694 Dominum
635 673 759 694 nostrum
776 677 781 695 :
794 669 837 695 cui

53 714 138 748 gloria
155 718 182 740 et
200 713 343 747 imperium
361 721 422 740 cutn
442 713 530 745 Patre,
551 721 583 740 ac
611 720 708 741 sancto
725 714 839 748 Spiritu,

53 767 124 785 nunc
154 762 182 785 et
206 765 324 792 semper,
371 758 397 784 in
427 766 592 793 onmemque
620 759 839 793 perpetuitatem.

52 805 137 830 Amen
143 824 150 830 .

328 836 444 865 SERMO
463 838 568 865 CXVII.

52 885 86 911 De
109 885 208 921 fratris
229 883 551 921 Memnonis_lapsu.Neu
575 886 690 913 solitarii
713 887 838 921 degamus
855 875 877 905 Β

84 919 222 953 pestiferis
236 921 312 946 noxi:
324 918 474 952 evadendis,
491 929 550 953 qui?
564 929 610 955 per
624 929 715 948 sensus
728 918 838 948 contra-

83 956 196 982 Itanlur.

87 1000 203 1027 Fratres
232 999 393 1036 Patrcsque,
417 1001 543 1036 equidem
560 1009 621 1029 cum
640 1010 689 1029 vos
705 1002 840 1036 undiqua-

49 1055 104 1080 qne
119 1050 217 1081 satago
235 1046 384 1080 cohortari,
401 1047 466 1075 hinc
482 1048 545 1075 inde
566 1049 726 1076 occasiones
747 1056 841 1076 corro-

50 1100 138 1126 gans;
169 1097 225 1119 tum
252 1093 344 1120 audito
371 1093 398 1120 in
427 1093 551 1129 Bithynia
565 1094 693 1128 quiddam
720 1093 842 1122 insolens

50 1137 200 1170 accidisse,
211 1145 366 1165 sermonem
380 1138 444 1166 hinc
456 1139 595 1166 exordiar.
607 1139 713 1174 Ecquid
728 1141 842 1175 contigit

51 1183 137 1210 vero?
156 1184 242 1210 Aiunt
267 1184 401 1219 pardalim
431 1192 484 1212 non
503 1193 596 1217 unam,
617 1186 684 1220 quin
711 1186 789 1218 duas,
810 1195 842 1214 ac

52 1233 126 1261 tres,
156 1234 268 1264 repente
289 1230 374 1261 visas,
401 1237 456 1256 non
483 1229 567 1258 boves
593 1231 693 1258 habere
717 1231 842 1264 infestos,

51 1283 106 1302 non
132 1283 212 1308 ovcs,
238 1283 293 1302 non
321 1275 393 1302 aliud
419 1276 520 1302 animal
538 1276 633 1309 ullum,
653 1277 699 1304 scd
717 1278 843 1304 homines

53 1322 158 1352 solum,
175 1325 205 1348 ut
218 1321 346 1356 oppidani
368 1322 544 1349 vehementer
567 1323 701 1355 exterriti,
728 1323 841 1350 solidam

50 1376 80 1394 se
104 1372 216 1394 noctem
241 1367 315 1394 intra
342 1368 414 1395 aedes
438 1368 616 1399 concludant,
639 1368 703 1395 dum
722 1369 844 1396 lucescat

52 1414 124 1441 dies.
141 1414 217 1441 Sane
237 1414 368 1441 indicium
386 1415 411 1441 id
435 1419 478 1442 est
494 1415 542 1442 ira:
555 1415 665 1442 divina.
682 1416 735 1443 Sed
753 1416 842 1443 dicam

52 1461 78 1487 in
110 1461 209 1495 primis
237 1468 294 1495 quo
323 1461 381 1488 hinc
407 1461 475 1488 mihi
504 1462 588 1496 petita
616 1462 718 1489 serviat
742 1462 842 1489 oratio.

50 1505 202 1532 Enimvero
226 1504 320 1532 insunt
344 1505 369 1532 in
386 1506 466 1533 nobis
485 1505 551 1534 fera
575 1507 727 1542 permultae,
749 1512 776 1534 et
799 1508 842 1541 pol

49 1557 179 1582 atroces,
210 1550 318 1578 scelesti
343 1551 570 1585 spiritus;atrox
598 1552 654 1580 fera
681 1553 764 1581 libido
791 1559 843 1586 est,

50 1597 141 1628 furor,
158 1596 276 1630 invidia,
291 1605 369 1624 vana:
390 1597 485 1632 gloriae
500 1598 647 1632 cupiditas,
668 1607 700 1625 ac
713 1607 774 1633 quae
790 1599 843 1626 alia

51 1647 117 1669 sunt
131 1642 269 1670 scelerata
292 1642 426 1676 facinora,
444 1651 505 1678 quae
526 1644 598 1670 haud
615 1649 759 1677 nocturna,
777 1645 842 1679 quin

50 1689 151 1714 diurna
175 1687 293 1715 audacia
314 1688 501 1716 devorandum
527 1690 647 1716 animum
672 1694 792 1724 captent,
817 1695 844 1717 et

53 1734 193 1767 impetaut
218 1732 387 1768 frequentes.
407 1734 442 1761 Ut
463 1734 559 1762 beatus
580 1735 723 1770 apostolus
747 1735 844 1763 Petrus

50 1778 141 1804 cdicat
168 1778 195 1804 in
218 1778 274 1805 haec
291 1779 385 1811 verba,
411 1778 500 1806 Sobrii
522 1784 615 1811 estote,
636 1779 754 1815 vigilate,
780 1781 844 1815 quia

50 1823 223 1850 adversarius
239 1827 322 1850 vester
335 1823 459 1851 diabolus
474 1829 600 1859 tanquam
617 1825 658 1852 leo
671 1826 775 1860 rugiens
790 1826 845 1852 cir-

49 1871 116 1900 cuit,
138 1877 260 1903 quaerens
285 1870 410 1896 devorare
439 1878 595 1904 quemquam
613 1871 656 1904 ";
680 1879 845 1906 rursumque

50 1921 166 1941 sanctus
191 1913 274 1941 David
296 1915 523 1950 deprecabundus
544 1917 647 1943 scribat
668 1924 674 1942 :
696 1916 844 1952 Nequando

50 1961 140 1995 rupiat
152 1964 180 1987 ul
190 1960 232 1987 leo
241 1961 358 1987 animum
368 1969 466 1994 meum,
479 1962 542 1988 dum
551 1970 604 1989 non
614 1966 651 1989 est
663 1963 709 1997 qui
719 1963 843 1996 redimat,

48 2014 133 2040 neque
156 2007 202 2040 qui
224 2006 328 2033 saluum
345 2007 429 2041 faciat
438 2008 472 2034 ".
493 2007 553 2035 .lam
577 2009 644 2043 quid
664 2009 798 2044 agendum
816 2009 844 2036 in

49 2053 105 2079 iis?
125 2052 194 2086 quid
219 2052 314 2084 aliud,
340 2060 423 2087 quam
442 2053 469 2080 in
494 2054 616 2081 caelestis
641 2055 770 2089 praesidio
798 2055 844 2082 Dei

48 2097 263 2129 stabulandum,
286 2097 413 2132 intraque
432 2105 563 2125 sensuum
584 2106 692 2126 errores
714 2100 845 2127 resisten-

47 2143 257 2170 dumiEtenim
273 2151 334 2170 cutn
352 2144 422 2171 oculi
439 2145 560 2179 pendent
574 2146 636 2180 vagi
652 2153 685 2173 ac
701 2145 843 2178 sublimes,

49 2189 202 2222 pestiferas
217 2196 298 2216 aures
315 2189 422 2218 fabulas
442 2191 601 2222 admittunt,
624 2199 656 2218 os
676 2191 787 2218 infanda
803 2192 843 2219 Io-
862 2209 883 2236 ο

47 2235 157 2268 quitur,
176 2241 254 2261 mens
275 2234 356 2262 foedis
373 2235 495 2267 inerrat;
514 2241 570 2264 tum
590 2237 699 2265 animus
715 2245 780 2264 vero
793 2245 842 2265 ceu

48 2288 96 2314 per
113 2284 216 2314 tesqua
232 2279 351 2314 palatus,
375 2289 436 2315 qua:
452 2281 546 2309 divina
561 2282 635 2308 nulla
650 2283 845 2317 procuratione

48 2329 191 2356 venentur,
214 2324 279 2351 feris
293 2326 441 2353 occumbit.
461 2325 489 2353 Id
508 2326 577 2354 adeo
589 2331 617 2354 et
632 2335 704 2355 nunc
717 2327 844 2356 Memnon

49 2377 152 2403 passus
172 2369 356 2401 miserandus,
381 2371 493 2398 diabolo
513 2373 611 2406 praedae
625 2377 678 2406 est,
696 2374 776 2408 cujus
789 2382 843 2402 non

48 2419 199 2442 cruentam
230 2420 335 2442 vestem
363 2417 482 2449 intueor,
511 2423 541 2444 ut
565 2417 683 2446 Iacobus
711 2419 776 2446 olim
801 2427 845 2454 pa-

49 2461 175 2489 triarcha
196 2461 308 2496 Joscphi
334 2463 376 2490 sui
401 2463 459 2496 lilii,
483 2464 549 2498 quiti
569 2465 763 2500 interemptam
780 2473 844 2500 pec-

47 2509 101 2535 cati
125 2515 264 2535 mucrone
277 2514 407 2536 mentem.
429 2510 539 2538 Scilicet
553 2519 652 2546 parens
670 2513 767 2540 mortis
783 2520 845 2547 pec-

47 2560 142 2581 catum
158 2559 221 2582 est:
236 2555 289 2582 hoc
304 2555 476 2583 decessorem
499 2557 645 2589 Adamum,
662 2558 842 2586 immortalem

48 2601 148 2633 gratia,
175 2601 319 2628 mortalem
342 2602 460 2629 reddidit
477 2603 548 2635 :Itoc
571 2604 786 2632 internecionem
803 2605 844 2632 di-

49 2646 124 2672 luvio
138 2646 233 2673 attulit
256 2647 358 2674 mundo
375 2655 382 2680 ;
397 2648 448 2675 hoc
460 2648 589 2682 Sodoma,
601 2658 632 2677 ac
650 2650 841 2683 Gomorrlta‘”,

48 2696 74 2717 ct
97 2691 208 2718 vicinas
234 2692 355 2720 incendit
381 2695 482 2727 urbcs;
509 2695 560 2723 hoc
589 2697 736 2730 qucmiibct
765 2706 838 2724 nunc

47 2743 161 2770 quoque
188 2741 298 2764 aeternae
333 2738 413 2765 morti
450 2740 648 2774 concipientem
685 2749 713 2768 se
750 2743 841 2769 tradit.

49 2781 131 2814 Quod
150 2781 303 2817 fugiamus,
331 2783 440 2816 fratres,
462 2790 491 2812 ut
512 2786 613 2820 ignem,
635 2792 718 2822 atque
738 2789 840 2815 utinam

89 2876 111 2890 "
129 2875 201 2902 Psal.
222 2884 296 2908 xtuli,
319 2876 359 2902 I7.
399 2878 422 2892 "
437 2877 507 2904 l‘sal.
528 2886 592 2910 rvit,
611 2879 637 2906 4.

52 2916 132 2945 sum.
172 2911 194 2926 "
211 2911 302 2939 Ecclc.
320 2919 357 2944 tv,
377 2911 417 2939 l0.
458 2914 479 2929 πυ
496 2913 558 2940 Act.
577 2922 602 2947 ν,
623 2913 648 2940 7.

677 2880 698 2894 “‘
716 2879 782 2914 Eph.
805 2889 834 2913 ll,
855 2882 896 2908 I-l.

689 2915 696 2929 ¹
717 2916 812 2950 ιἺιιΙιιι.
834 2925 868 2950 ιν,
892 2917 917 2946 8.

891 263 1098 289 occumbamus.
1122 267 1179 298 Age
1201 271 1266 290 vero
1292 265 1362 290 unde
1386 264 1431 291 hic
1450 269 1555 292 corruit
1572 266 1678 293 miser?

891 315 946 334 non
963 308 1085 341 aliunde,
1111 316 1193 343 quam
1217 309 1264 343 qui
1282 310 1422 338 solitarius
1443 311 1553 346 degeret
1569 320 1678 347 ;neque

890 354 962 381 enim
977 355 1076 382 veritas
1085 355 1166 386 fallat,
1185 355 1241 388 Vae,
1256 357 1395 389 accineus,
1410 357 1472 388 soli,
1487 358 1534 392 qui
1550 358 1572 385 si
1587 358 1682 392 cadat,

891 399 948 427 Non
972 400 1070 427 habeat
1087 408 1117 428 se
1136 401 1321 429 sublevantem
1334 402 1366 428 ³⁸.
1389 402 1477 437 Atque
1501 403 1527 430 id
1550 404 1676 438 equidem

891 447 1012 478 veritus,
1043 446 1114 474 haud
1143 448 1223 474 omisi
1251 449 1316 483 quin
1339 449 1364 476 ei
1389 449 1484 484 juxta,
1515 457 1546 477 ac
1572 451 1678 478 metet-is

892 492 1041 524 edicarem,
1057 493 1129 526 quod
1143 493 1222 520 edico
1235 494 1262 520 in
1276 496 1420 528 praesentia
1434 503 1555 530 quoque,
1568 504 1602 523 ne
1614 497 1677 530 quis

891 537 1001 570 degeret
1024 538 1110 569 solus,
1136 545 1187 565 neu
1210 539 1319 574 prodire
1342 539 1479 574 deavcrct,
1511 549 1563 568 ncu
1590 543 1678 569 otiose

892 581 945 608 huc
968 581 1031 609 illuc
1056 582 1152 616 itaret,
1183 591 1235 610 neu
1261 592 1323 611 cum
1349 584 1459 612 feminis
1474 592 1677 619 consucscerct.

891 635 994 660 amore,
1019 628 1095 655 velut
1114 628 1186 663 igne,
1212 629 1276 657 hinc
1302 631 1485 658 accendendo.
1508 631 1613 665 Quibus
1630 634 1677 668 qui

891 674 1006 701 audiens
1029 674 1103 701 dicto
1130 675 1232 708 obedit,
1259 680 1286 703 et
1308 677 1486 711 obsequitur,
1510 678 1538 705 iu
1563 679 1678 707 Domino

891 719 1051 754 sospitatur,
1067 721 1113 755 qui
1135 721 1279 754 detrectat,
1297 729 1311 748 a
1325 722 1434 749 diabolo
1450 728 1557 758 captus,
1574 724 1677 752 interit.

892 764 1039 792 Enimvero
1068 766 1120 793 etsi
1146 767 1180 793 ab
1202 767 1261 801 ejus
1297 768 1431 802 sanguine
1474 769 1609 796 insontem
1635 778 1678 797 mc

892 812 1014 844 conscio,
1032 820 1113 846 quem
1128 813 1239 847 quidem
1253 813 1325 840 haud
1345 814 1491 842 celaverim
1505 817 1572 850 quin
1588 817 1680 843 immi-

893 862 1001 885 nentem
1017 859 1191 893 praedicerent
1208 867 1378 894 mucronem,
1394 865 1484 888 tamen
1497 869 1551 888 non
1564 870 1677 897 possum

890 910 944 929 non
957 903 1066 937 ejulari,
1083 911 1114 931 ac
1127 908 1257 939 tanquam
1272 906 1384 940 proprio
1399 906 1579 942 ingemiscere
1593 916 1679 935 mem-

891 948 949 975 bro.
977 949 1047 982 Quin
1064 949 1162 982 habeo,
1183 951 1351 983 charissimi,
1377 953 1450 987 quod
1476 960 1605 980 accusem
1631 962 1679 981 ros

891 1002 1001 1030 quoque
1014 1003 1021 1027 ;
1036 996 1102 1030 quid
1117 996 1173 1023 ita?
1195 996 1333 1032 Scriptum
1348 1003 1389 1025 cst
1411 998 1438 1025 in
1451 999 1527 1026 Actis
1541 1000 1680 1034 apostolo-

892 1049 952 1068 rum
970 1051 976 1068 :
994 1041 1108 1069 Factum.
1124 1047 1161 1069 est
1177 1044 1253 1078 quasi
1268 1043 1394 1071 horarum
1410 1045 1491 1071 trium
1503 1046 1632 1079 spatium,
1653 1051 1677 1072 et

892 1087 1007 1122 Sapltira
1024 1097 1091 1115 uxor
1105 1090 1187 1123 ipsius
1204 1090 1334 1117 nesciebat
1352 1092 1422 1125 quod
1435 1091 1536 1126 factum
1547 1092 1633 1125 fuerat
1644 1093 1678 1120 ".

892 1132 971 1160 Certe
986 1133 1013 1159 in
1030 1134 1140 1168 publico
1154 1139 1212 1161 acta
1228 1134 1319 1162 fabula
1335 1140 1385 1168 est,
1405 1140 1433 1163 et
1449 1136 1590 1171 frequente
1606 1138 1677 1174 vulgi

894 1185 1005 1206 corona.
1024 1179 1076 1205 Sed
1092 1185 1150 1206 erat
1169 1180 1289 1208 indidem
1304 1181 1435 1208 nimirum
1457 1182 1677 1218 circumspectio,

895 1226 1030 1256 molestia,
1052 1225 1098 1252 Dei
1115 1227 1267 1254 reverentia
1283 1227 1347 1259 ;hic
1362 1227 1466 1262 aliquot
1489 1236 1532 1255 mc
1553 1230 1678 1263 superio—

895 1271 970 1298 ribus
982 1271 1078 1298 diebus
1095 1276 1201 1299 secreto
1217 1272 1250 1299 ad
1265 1279 1314 1299 vos
1327 1272 1456 1306 quiddam
1473 1273 1573 1306 locuto,
1588 1275 1677 1301 statim

894 1317 1044 1351 dissipatus
1063 1325 1154 1344 sermo
1167 1322 1219 1350 est,
1237 1318 1299 1345 inde
1319 1318 1598 1354 Constantinopolim,
1616 1320 1678 1347 hinc

895 1362 1009 1390 Prusatn
1033 1371 1130 1398 usque.
1154 1363 1188 1390 Ut
1210 1364 1277 1391 mihi
1293 1365 1402 1399 quidem
1422 1365 1536 1392 consilia
1552 1366 1578 1393 in
1595 1374 1680 1401 angn-

895 1414 965 1436 stum
988 1415 1131 1443 cogantur,
1158 1417 1206 1437 seu
1232 1410 1364 1445 loquenti,
1389 1420 1435 1438 seu
1464 1419 1517 1438 non
1546 1411 1677 1446 loquenti,

894 1455 965 1489 quod
977 1455 1129 1482 eﬂ'ernntur
1141 1463 1202 1489 quae
1213 1456 1316 1490 vulgari
1335 1457 1446 1484 minimc
1458 1462 1610 1492 oporteret;
1626 1465 1679 1485 non

895 1501 1017 1535 loquenti
1029 1505 1102 1536 quod
1113 1502 1203 1528 haereo
1212 1502 1258 1536 qui
1270 1509 1347 1537 agam
1363 1507 1446 1535 recte,
1460 1511 1514 1529 non
1531 1510 1597 1530 usus
1612 1511 1679 1530 con-

894 1547 1053 1575 sultoribus.
1066 1547 1141 1575 Itane
1151 1548 1311 1582 desipimus,
1323 1548 1433 1582 fratres;
1446 1549 1511 1576 itan‘
1521 1550 1679 1584 impotentia

895 1595 992 1629 linguae
1008 1595 1199 1630 intempestive
1219 1596 1246 1622 in
1261 1596 1413 1630 periculum
1433 1596 1558 1624 ruimus?
1578 1604 1680 1630 nequa-

894 1649 977 1676 quam
1003 1641 1030 1668 id
1048 1646 1089 1669 est
1104 1649 1232 1669 verorum
1256 1641 1465 1675 discipulorum.
1484 1641 1531 1669 sed
1546 1641 1678 1669 hostium.

894 1686 933 1715 Ne
951 1687 1115 1722 ineptiamus
1133 1691 1286 1721 tantopere,
1304 1694 1409 1722 quaeso,
1426 1687 1491 1722 quin
1510 1687 1680 1721 circumspe-

895 1733 949 1760 ctio
966 1733 1104 1767 deinceps,
1122 1732 1267 1765 modestia,
1289 1732 1335 1759 Dei
1357 1733 1522 1763 reverentia,
1538 1740 1570 1760 ac
1587 1732 1680 1767 regula

895 1779 1005 1805 domum
1030 1778 1186 1810 adhibetor,
1211 1786 1277 1813 quo,
1300 1781 1409 1813 peracta
1433 1785 1466 1804 ex
1494 1778 1539 1805 Dci
1570 1777 1681 1805 libidine

894 1824 960 1857 vita,
974 1825 998 1852 ei
1011 1824 1161 1859 placentes,
1176 1824 1362 1851 ha'rcditatem
1381 1824 1505 1851 ineamus
1517 1828 1681 1850 aeternorum

894 1872 1029 1898 bonorum
1049 1878 1097 1905 per
1111 1870 1250 1897 Christum
1267 1868 1360 1897 Jesum
1372 1869 1516 1896 Dominum
1537 1873 1658 1895 nostrum
1673 1876 1680 1893 ς

895 1917 938 1944 cui
960 1917 1044 1952 gloria
1062 1919 1090 1943 et
1111 1915 1256 1951 imperium
1277 1923 1338 1942 cum
1356 1914 1436 1942 Patre
1450 1923 1482 1942 ac
1503 1918 1599 1942 sancto
1619 1913 1682 1948 Spi-

896 1964 961 1996 ritu,
988 1971 1062 1990 nunc
1082 1966 1111 1990 et
1130 1969 1248 1996 semper,
1274 1962 1301 1989 in
1326 1968 1492 1995 omnemque
1515 1959 1681 1995 perpetuita-

896 2014 960 2036 tem.
976 2009 1072 2036 Amen.

1162 2064 1279 2093 SERMO
1302 2063 1416 2092 CXVIII.

898 2114 936 2140 De
950 2112 1068 2140 irreclini
1095 2111 1268 2140 confessionis
1290 2115 1313 2137 et
1331 2109 1485 2136 obedientia:
1506 2109 1603 2134 tuenda
1619 2115 1683 2134 cou—

930 2149 1040 2179 stantia,
1066 2155 1098 2173 ac
1116 2147 1171 2173 suis
1191 2147 1283 2180 cuique
1305 2146 1403 2171 muniis
1424 2149 1553 2170 accurata
1575 2147 1682 2170 ronteu-

933 2184 1003 2210 tione
1016 2182 1138 2217 vigilique
1153 2181 1282 2216 gerendis.

930 2241 1040 2267 Fratres
1070 2238 1234 2272 Patresque,
1264 2237 1310 2264 alii
1337 2236 1399 2263 aliis
1428 2236 1510 2263 rebus
1538 2234 1683 2262 narrandis

894 2287 1078 2316 obiectantur,
1093 2288 1119 2312 et
1137 2292 1167 2311 se
1184 2287 1333 2315 ostentant,
1350 2282 1428 2308 miles
1461 2281 1575 2312 bellicis,
1591 2283 1682 2306 nauta:

895 2332 1021 2364 marinis,
1047 2330 1136 2358 coloni
1165 2328 1288 2358 rusticis,
1312 2327 1470 2362 singulique
1494 2326 1616 2361 singulas
1639 2333 1682 2353 se-

893 2378 948 2405 cuti
978 2381 1052 2403 artes
1084 2383 1116 2402 ac
1147 2374 1292 2405 scientias,
1317 2373 1349 2399 iis
1376 2380 1436 2407 qum
1476 2371 1619 2398 conferant
1650 2370 1683 2397 ad

896 2423 1036 2457 singulas;
1057 2429 1144 2456 neque
1156 2425 1209 2452 est,
1225 2420 1354 2452 breviter,
1378 2419 1538 2454 quisquam,
1557 2417 1603 2452 qui
1629 2425 1682 2443 non

895 2469 993 2497 studiis
1019 2468 1142 2503 capiatur
1165 2467 1233 2494 suis.
1260 2466 1367 2493 Nostrae
1389 2465 1461 2492 haud
1488 2472 1554 2491 sane
1584 2464 1612 2491 in
1640 2463 1683 2490 IIIS

895 2515 991 2550 positae
1013 2521 1109 2548 gerrae,
1134 2516 1161 2539 ct
1187 2511 1339 2543 urbanitas,
1367 2515 1512 2545 postquam
1542 2517 1592 2535 nec
1617 2512 1682 2534 sunt

895 2559 1016 2588 carnalia
1029 2563 1135 2590 nostra,
1154 2557 1221 2592 quin
1235 2557 1269 2584 de
1284 2557 1368 2583 animi
1384 2556 1483 2585 salute,
1499 2555 1532 2581 de
1548 2554 1681 2588 placeudo

899 2603 967 2635 Deo‘,
977 2603 1010 2630 de
1035 2602 1098 2628 hinc
1123 2602 1270 2631 abscessu,
1294 2600 1327 2627 de
1350 2599 1550 2627 instauratione
1577 2597 1680 2627 Futura.

895 2654 976 2684 atque
991 2653 1021 2676 ut
1038 2648 1185 2683 Apostolus
1199 2647 1329 2681 loquitur,
1350 2653 1509 2680 qua’cunque
1529 2648 1591 2670 sunt
1611 2651 1680 2673 uera,

895 2701 1055 2729 quwctmque
1074 2697 1203 2727 augusta,
1227 2698 1386 2726 quwctmqtte
1401 2690 1494 2722 justa,
1520 2695 1681 2722 qua-cunque

895 2746 980 2772 casta,
996 2747 1156 2774 quwrunque
1168 2737 1305 2769 amabilia,
1324 2743 1483 2771 quiscunque
1500 2737 1573 2761 bonw
1589 2734 1680 2768 funus,

895 2787 917 2813 si
940 2795 991 2821 qua
1013 2787 1107 2818 virtus,
1130 2786 1216 2821 siqua
1237 2784 1321 2815 Iaus‘,
1349 2783 1390 2810 Im
1409 2783 1487 2809 nobis
1505 2781 1611 2811 fallitur,
1625 2779 1682 2806 huic

1464 2876 1486 2892 ’7
1504 2875 1572 2903 Gcn.
1595 2883 1681 2908 xxsn,

935 2882 956 2896 "‘
978 2881 984 2908 l
1001 2881 1070 2909 l’ctr.
1091 2889 1116 2912 v,
1135 2880 1161 2907 8.
1202 2879 1223 2895 "
1245 2877 1316 2906 I':al.
1336 2885 1382 2909 vn,
1400 2877 1425 2903 5.
