1921 3073
241 125 294 156 663

839 134 870 163 ἓ.
891 134 1087 165 THEODORI
1108 135 1281 165 STUDITIE

1818 137 1869 169 Gﬁi

241 184 332 212 studia
348 190 422 219 sunt,
443 194 496 222 quo
518 189 583 223 quid
603 189 730 219 festivius
745 191 838 223 simul,
853 200 885 219 ac
899 192 1029 220 beatius?
1043 197 1066 224 Α
1081 197 1159 226 gesta
1187 199 1332 226 perennem
1363 193 1446 220 vitam
1473 193 1642 222 erciscamur
1667 201 1716 228 per
1727 193 1868 221 Christum

241 230 267 257 ld
283 231 351 258 adeo
367 239 399 259 ex
414 233 555 262 amborum
587 236 680 264 videas
697 237 768 271 ﬁne,
789 245 851 265 nam
872 238 980 266 illorum
999 245 1028 267 ut

241 277 357 311 origine,
377 278 417 305 sic
433 278 488 307 ﬁne
504 281 607 324 ad’hoc
627 290 714 309 aevum
736 283 837 316 soluto,
860 284 932 319 (Ubi
954 285 1027 312 enim

240 327 282 349 est
306 323 439 358 sapiens?
454 326 498 353 ubi
513 323 602 354 scriba
615 327 627 354 ?
642 329 686 356 ubi
700 329 866 364 disceptator
877 331 960 366 huius
978 339 1027 359 sa:-

241 368 295 395 culi
306 369 317 394 ἳ
330 369 391 402 quis
403 370 532 400 humanis
543 373 638 402 ofﬁciis
649 374 740 402 clarus
751 376 868 410 perstitit
881 376 907 403 in
922 378 985 410 vita,
998 383 1028 405 ut

240 421 303 440 cum
311 416 402 442 sonitu
414 424 466 443 non
481 419 611 446 memoria
618 420 728 455 perierit
740 423 926 457 cunctorum?)
936 428 1028 450 noster

241 460 428 494 ctingressus,
439 467 465 489 et
475 462 739 498 finisindissolutus,
753 473 784 494 ac
805 468 935 501 perennis
948 468 1028 496 habe-

242 509 295 531 tur.
309 505 564 542 Seiiicetamplexos
577 517 607 536 se
622 510 710 537 virtus
724 511 804 538 eiiicit
818 513 893 545 deos,
903 514 954 541 etsi
964 521 1026 541 vera

240 549 298 576 inec
308 549 367 584 ejus
380 553 514 579 sententia
528 557 585 581 est:
596 553 650 588 Ego
664 555 730 588 dixi,
739 557 778 582 dii
789 558 863 590 estin,
880 563 904 585 et
914 558 1029 592 ﬁliiEx-

240 597 303 623 celsi
315 605 403 624 omnes
414 599 436 624 ¹.
451 598 502 626 Hui
521 607 576 634 quo
596 600 682 628 aifecti
701 602 833 630 beneficio
844 611 940 632 sumus
956 614 963 632 :
980 606 1026 633 hui

240 649 322 676 quam
340 644 443 677 experti
461 644 650 673 liberalitatem
668 648 673 673 !
693 652 722 674 ut
738 649 901 684 ovabundis,
914 658 945 678 ac
961 650 1027 679 Ser-

239 687 326 713 ratori
342 687 395 715 Deo
414 689 538 723 jubilatis
554 691 625 718 serio
651 692 745 721 laudes
759 694 814 721 sint
838 695 1027 730 obmovendte,

240 735 266 758 et
281 731 485 766 frequentandis
499 736 668 764 carminibus
684 738 864 771 vituiandum,
879 748 948 775 quos
969 742 1026 776 jam

239 776 305 804 olim
330 777 363 805 ad
392 779 607 808 incolumitatem
635 783 774 818 delegerit,
801 786 884 813 animi
901 788 1028 821 praeditos

239 823 431 857 sanctimonia,
447 833 566 861 veraque
583 828 649 856 iich
670 829 841 865 Dominoque
858 838 952 860 nostro
963 833 1026 861 Jesu

239 868 349 896 Christo
371 871 463 906 gloriae
487 880 534 906 per
554 874 626 902 hunc
648 875 770 904 habitum
793 863 945 912 quaerendae
960 888 1028 915 praz-
1045 863 1065 890 Β

239 915 367 943 stituerit.
383 916 452 951 Ergo
465 919 577 946 stabiles
593 920 618 947 in
631 921 682 948 iide
697 923 891 957 consistamus,
902 925 1025 960 ifratres,

238 960 437 990 confessionem
458 964 590 999 irruptam
615 972 769 1000 teneamus,
792 971 938 1004 genuinam
962 973 1027 1000 ohe-

237 1006 368 1035 dientiam
389 1017 539 1045 servemus,
559 1013 742 1048 virginitatem
763 1016 875 1044 illzesam
889 1024 1025 1053 tueamur,

237 1061 321 1081 linunt
335 1063 456 1083 amorem
471 1065 602 1092 sponsum
627 1060 779 1089 habeamus
794 1064 932 1092 Christum
948 1074 1026 1101 gene-

237 1099 275 1127 ris
299 1100 438 1128 hominum
468 1102 708 1138 formosissimum,
732 1115 814 1135 unam
840 1099 1024 1139 hmreditatem

236 1147 348 1174 caeleste
373 1155 499 1184 regnum.
526 1157 704 1186 superumque
732 1153 804 1182 bona
829 1155 1023 1193 Jerosolymm;

235 1197 363 1220 creterum
379 1202 454 1227 caro,
475 1197 597 1230 sanguis,
610 1197 720 1230 divitire,
738 1200 834 1234 gloria,
853 1210 885 1229 ac
900 1210 961 1237 quae
972 1205 1025 1233 alia

236 1242 301 1265 sunt
318 1239 421 1273 inania,
444 1241 566 1275 vaiento,
583 1249 609 1270 et
622 1251 636 1271 a
658 1245 737 1272 nobis
751 1246 912 1281 longissime
929 1251 1026 1278 absce-

235 1282 331 1311 dunto.
352 1284 499 1313 Enimvero
525 1288 646 1322 quandiu
684 1290 711 1317 in
739 1291 789 1319 hac
811 1301 892 1322 carne
917 1303 1024 1330 sumus,

236 1333 336 1362 praesto
360 1335 402 1357 est
428 1331 539 1364 bellum,
567 1341 656 1369 neque
682 1336 755 1363 enim
779 1337 861 1366 fuerit
885 1341 981 1375 virtus,
997 1343 1024 1370 ni

235 1381 359 1420 przesens
370 1375 406 1402 sit
424 1376 534 1404 bellum.
554 1378 602 1406 Sin
617 1380 869 1419 acciditmanucapi
886 1386 1023 1420 cogitatis,

235 1419 303 1446 nihil
331 1421 471 1455 miremur,
501 1424 567 1458 quin
590 1425 669 1454 ocius
693 1428 907 1464 resipiscamus,
923 1419 1024 1461 "unum

236 1465 363 1496 timentes
377 1469 450 1502 quod
460 1476 620 1498 exerceatur
633 1480 786 1507 peccatum,
801 1480 829 1502 ut
839 1477 1023 1511 mortiferum,

1080 236 1174 264 Iesum
1192 237 1337 265 Dominum
1353 243 1478 265 nostrum
1495 247 1502 264 ε
1523 239 1569 265 cui
1581 238 1667 273 gloria
1680 243 1707 265 et
1723 238 1868 273 imperium

1080 290 1143 310 cum
1160 282 1250 315 Patre,
1267 291 1301 310 ac
1315 288 1410 311 sancto
1432 284 1546 319 Spiritu,
1561 292 1637 312 nunc
1651 289 1680 312 et
1704 291 1825 320 semper,
1842 286 1867 312 in

1080 335 1245 362 omnemque
1260 328 1480 364 perpetuitatem.
1503 330 1601 358 Amen.

1363 397 1478 426 SERMO
1492 397 1583 426 CXIX.

1080 442 1134 475 Qui
1160 443 1255 471 diuitiis
1271 445 1441 480 exsequendis
1457 446 1594 479 praceptir
1621 444 1705 471 Deum
1734 447 1867 480 exquirat,

1114 486 1278 513 nequaquam
1288 481 1452 506 consternari
1461 480 1508 506 sub
1524 481 1656 507 decessum
1670 480 1705 507 ad
1718 480 1869 507 daemonum

1115 513 1265 544 adueniunt.
1279 515 1361 549 deque
1378 515 1469 541 mortis
1492 515 1684 547 recordatione,
1707 520 1731 542 et
1746 524 1849 547 amore.

1115 558 1225 586 Fratres
1248 559 1407 594 Patresque,
1430 560 1571 595 proposita
1611 560 1753 588 communi
1781 561 1869 588 multa

1079 604 1204 631 omnium
1229 609 1326 637 morte,
1343 613 1374 632 ac
1388 606 1506 633 ccelestis
1519 613 1567 639 spe
1581 606 1667 640 regni,
1683 610 1711 633 et
1725 607 1796 641 ignis
1819 614 1870 642 ge-

1080 647 1176 675 ltenna:
1200 649 1292 681 minis,
1315 649 1414 684 ecquid
1437 649 1480 677 fus
1498 656 1538 677 est
1552 655 1600 677 aut
1615 659 1658 678 me
1675 651 1799 685 alloquii,
1822 658 1870 679 aut

1079 702 1127 721 vos
1141 694 1239 722 cedere
1265 703 1298 722 ac
1315 695 1407 730 pigere
1435 695 1545 724 auditus
1558 696 1569 722 Τ
1587 696 1697 724 Minime
1712 705 1787 728 vero,
1800 699 1869 732 quin

1080 740 1214 767 utrumvis
1238 740 1348 767 assidue
1366 740 1403 767 sit
1422 741 1569 775 agendum,
1582 741 1620 768 'ct
1635 749 1668 769 eo
1694 743 1791 777 magis.
1812 750 1869 778 quo

1079 786 1266 812 imminentem
1289 790 1450 813 contuemur
1468 786 1558 819 diem;
1576 794 1637 813 nam
1664 788 1736 814 otnni
1763 788 1867 816 homini

1079 831 1176 864 quavis
1190 835 1269 858 aetate
1283 832 1342 859 dies
1368 832 1490 859 imminet
1509 840 1662 867 supremus,
1683 842 1713 860 ac
1739 834 1867 862 terribili:

1079 877 1201 910 quadam
1219 877 1495 911 exspectatiojudicii,
1523 883 1547 904 et
1566 878 1635 912 ignis
1655 878 1868 914 (sinulatioqu

1078 928 1282 956 consumpturus
1291 927 1329 948 est
1338 922 1501 948 adversarios
1508 922 1529 956 ⁸,
1537 922 1573 949 uti
1583 923 1701 957 loquitur
1712 931 1790 950 sacer
1795 924 1868 958 Apo-

1077 968 1173 994 stolus.
1189 966 1222 994 Ut
1239 967 1369 1002 deinceps
1383 968 1495 995 minime
1512 969 1547 995 sit
1563 969 1737 1003 torpendum,
1754 977 1806 996 nec
1825 970 1866 996 vel

1077 1012 1184 1039 diecula
1202 1012 1324 1047 segniter
1348 1018 1430 1048 atque
1449 1013 1596 1041 inscienter
1611 1014 1724 1049 agenda,
1741 1015 1807 1049 quin
1826 1016 1867 1042 ri—

1078 1058 1196 1093 gilemus
1210 1059 1318 1091 intenti,
1331 1060 1510 1093 exquiramus
1523 1058 1618 1092 Deum,
1635 1064 1665 1086 ut
1681 1064 1723 1087 est
1747 1060 1774 1087 in
1791 1060 1867 1087 Psal—

1078 1104 1130 1131 mis
1145 1105 1167 1135 ",
1185 1105 1315 1132 incolumi
1343 1105 1435 1131 animo
1462 1104 1566 1132 futuro.
1592 1106 1627 1132 At
1643 1106 1687 1140 qui
1705 1107 1867 1140 exquiratur

1078 1149 1172 1176 Deus?
1194 1150 1323 1177 nimirum
1347 1151 1532 1184 exsequendis
1558 1152 1711 1185 praceptis,
1739 1151 1772 1178 ad
1798 1152 1867 1178 bea—

1077 1194 1221 1222 titudinem
1264 1196 1466 1230 prtescriptmn,
1504 1195 1555 1222 huc
1587 1200 1639 1228 est,
1665 1196 1865 1225 suiunissioae.

1077 1241 1221 1272 mmstitia,
1239 1241 1464 1271 mansuetudine,
1481 1241 1582 1267 mentis
1612 1241 1758 1273 munditie,
1788 1249 1864 1276 pare,

1075 1294 1108 1313 ac
1124 1286 1307 1313 sanctimonia
1335 1286 1475 1322 agitando.
1498 1286 1604 1319 Quibus
1632 1287 1796 1322 praestandis
1818 1288 1866 1323 qui

1075 1333 1222 1367 exquirens
1239 1332 1435 1367 deprendatur,
1455 1340 1490 1359 ne
1507 1333 1530 1360 is
1559 1333 1696 1360 invenerit
1721 1333 1820 1366 Deum,
1838 1339 1866 1361 et

1077 1379 1187 1406 invento
1199 1398 1206 1410 ,
1226 1379 1278 1406 sub
1304 1379 1447 1406 decessum
1462 1387 1588 1410 securus,
1614 1380 1727 1407 minime
1740 1386 1868 1408 conster-

1076 1429 1156 1452 netur
1182 1424 1216 1450 ab
1230 1424 1413 1456 daemonibus,
1432 1428 1479 1451 aut
1503 1425 1663 1459 angelorum
1682 1425 1800 1458 trepidet
1817 1426 1866 1452 ad-

1076 1475 1158 1497 ventu
1175 1478 1182 1502 ;
1198 1477 1247 1497 ceu
1263 1470 1368 1497 amicos
1383 1477 1540 1505 aggressus,
1566 1471 1696 1504 hctusque
1713 1471 1810 1498 abiens
1830 1471 1866 1497 ad

235 1519 267 1542 ac
278 1512 426 1546 prohibens
441 1522 455 1541 a
467 1515 523 1542 Deo
534 1521 560 1543 et
571 1518 698 1552 cogitatis
712 1520 830 1554 cogitata
846 1524 1021 1557 repellamus,
1038 1523 1059 1552 ο
1077 1515 1191 1546 llerum,
1208 1515 1256 1550 qui
1269 1515 1410 1550 egregium
1437 1515 1578 1547 viaticum,
1597 1515 1697 1541 bonam
1716 1516 1865 1542 conscien-

234 1557 380 1592 studiaque
405 1559 504 1587 studiis
531 1561 650 1589 vicissim
681 1564 835 1600 exigamus.
859 1567 952 1604 Neque
980 1570 1024 1597 hic

237 1608 301 1646 vero
326 1607 523 1638 torpescamus,
539 1611 683 1642 postquam
705 1609 731 1636 id
762 1611 818 1646 agit
844 1613 962 1646 daemon,
994 1620 1024 1642 ut

233 1645 295 1695 belli
313 1646 493 1679 diuturnitate
525 1651 636 1687 ignavos
660 1645 798 1690 comparet
827 1665 882 1695 quo
910 1645 1022 1688 obnixui

233 1692 429 1723 defatiscamus
457 1705 465 1724 :
496 1697 540 1724 cui
562 1699 585 1726 si
615 1699 758 1735 instemus,
789 1692 911 1738 ferendo,
941 1711 1023 1742 atque

233 1739 393 1788 obsistendo
405 1742 516 1770 diabolo
527 1765 534 1775 ,
549 1745 594 1779 poi
611 1746 755 1774 victoriam
772 1756 917 1779 cernamus
928 1739 1022 1788 parata

232 1784 260 1811 in
286 1787 364 1814 cretis
389 1788 494 1820 laurea,
509 1788 556 1817 Dei
573 1791 733 1825 perhibente
763 1803 902 1829 germano,
923 1784 1021 1827 beatus

231 1833 277 1867 qui
292 1834 384 1868 suffert
396 1837 576 1870 tentationem,
586 1840 708 1873 quoniam
720 1849 777 1868 cum
789 1843 915 1875 probatus
930 1846 1020 1880 fuerit,

231 1878 341 1912 arripiet
358 1887 482 1906 coronant
499 1883 558 1909 vitm
568 1891 648 1918 quam
662 1887 811 1920 repromisit
830 1888 897 1916 Deus
908 1878 1020 1927 diligen-

231 1923 300 1953 tibus
315 1932 343 1950 δε
354 1925 375 1952 ⁸.
401 1924 438 1953 De
460 1931 568 1958 caetero,
588 1931 704 1963 gaudete
727 1932 753 1958 in
769 1933 895 1966 Domino.
910 1923 1020 1965 fratres.

229 1969 281 2001 Qui
302 1970 392 1996 munia
408 1972 513 2005 geritis,
530 1973 602 2001 haud
622 1975 754 2010 ignoratis
766 1979 838 2012 quod
855 1988 886 2006 ex
900 1981 935 2009 iis
950 1990 1020 2018 pra:-

231 2015 315 2041 mimn
333 2020 440 2050 petatur
455 2027 462 2050 ;
481 2019 525 2053 qui
542 2020 701 2056 disciplinas
715 2025 858 2058 exercetis,
880 2015 1020 2056 cavete‘ne

229 2060 272 2089 his
293 2060 375 2088 Deum
402 2063 524 2092 irritetis.
556 2065 674 2102 Tempus
697 2073 738 2096 est
761 2071 885 2104 opiticii?
908 2074 1019 2108 opiiicia

228 2110 370 2135 obeamus.
387 2109 530 2138 Vacatur?
552 2112 725 2148 disciplinam
748 2116 890 2145 obeamus.
913 2119 961 2147 Sin
978 2125 1019 2149 est

228 2152 255 2180 in
283 2161 365 2187 opere
390 2155 482 2187 frater,
505 2157 568 2184 tuin
600 2158 755 2193 disciplina,
774 2169 829 2188 non
849 2164 967 2192 amicum
993 2171 1018 2193 te

228 2199 311 2232 geris,
332 2201 397 2234 quin
415 2202 533 2229 alienqu
556 2204 668 2232 exhibes
684 2205 808 2234 fratrum.
828 2208 886 2235 Non
899 2211 1018 2244 Aposto~

228 2243 283 2269 ltun
304 2245 398 2273 audies
422 2247 574 2289 dicentem,
593 2249 623 2276 Si
638 2258 696 2277 esca
722 2253 888 2282 scandalizat
905 2243 1017 2289 fratrem

225 2297 324 2321 meum,
339 2298 390 2316 non
405 2284 574 2320 ntauducabo‘
586 2303 690 2322 carnem
707 2297 734 2322 in
749 2304 884 2331 alternum,
904 2308 935 2327 ne
959 2302 1018 2335 [ra—

226 2339 292 2360 trem
311 2344 395 2362 meum
410 2338 590 2366 scandalizent
602 2339 612 2355 δ
624 2340 633 2366 ἶ
646 2340 685 2368 Tu
702 2341 814 2370 fratrem
829 2353 881 2372 non
901 2348 1018 2375 scanda-

228 2380 293 2407 iizas
316 2382 408 2413 modo.
426 2384 472 2410 sed
488 2384 569 2411 etiam
584 2385 683 2414 citatus
708 2395 829 2422 cmanes,
855 2399 954 2419 causas
983 2401 1016 2421 ac

223 2430 371 2461 prastextus
399 2435 541 2462 quaerens,
559 2438 646 2466 neque
664 2437 792 2467 reputans
811 2434 858 2460 tibi
871 2440 896 2461 te
911 2437 1014 2471 suppli-

223 2470 298 2496 cium
313 2477 411 2506 cogere
442 2473 468 2500 in
503 2475 575 2502 diem
612 2478 750 2512 supplicii,
765 2484 793 2506 et
808 2480 953 2514 adventus,
965 2470 1014 2517 Vju-

223 2515 312 2550 stiqne
324 2515 370 2543 Dei
384 2517 490 2552 judieii.
510 2519 607 2548 Verum
626 2531 659 2550 nc
679 2524 704 2551 id
720 2524 766 2552 iiat
777 2526 908 2560 Apostoio
919 2515 1015 2563 parea-

223 2570 282 2588 mus
295 2562 401 2596 jubenti
418 2572 424 2593 :
439 2568 534 2595 Omnia
551 2570 658 2596 honeste
686 2575 711 2595 et
740 2562 1012 2602 accunduntordiuem

220 2608 287 2642 [iant
301 2610 322 2642 ',
341 2612 449 2646 opiiieia
465 2614 492 2640 in
521 2615 628 2649 primisl
644 2616 796 2652 disciplina:
813 2617 838 2644 in
871 2621 1010 2648 secundis.

219 2655 307 2689 Atque
322 2657 390 2684 adeo
405 2659 571 2693 opitulentur
585 2661 718 2693 vicissim,
736 2662 775 2696 uti
790 2662 869 2692 decet
886 2669 1008 2697 sanctos,

217 2707 250 2726 ac
268 2701 349 2729 vitam
366 2704 434 2731 alter
452 2705 529 2732 alteri
549 2706 750 2740 impendamus,
767 2716 816 2735 ceu
833 2708 931 2736 fratres
946 2718 1009 2746 ger:

217 2747 303 2779 mani,
333 2756 388 2782 quo
400 2757 460 2776 cum
479 2750 631 2778 illustretur
662 2751 743 2785 Deus,
762 2759 818 2781 tum
833 2762 883 2782 nos
894 2755 964 2784 bene
979 2765 1007 2783 re

250 2805 261 2818 ¹
281 2805 350 2844 Psai.
377 2810 420 2841 8i,
444 2810 470 2836 ti.
511 2810 592 2838 'Jat‘.
631 2821 649 2844 I,
682 2814 722 2840 i2.

219 2847 310 2873 xxvm,
327 2842 353 2867 ii.

764 2819 770 2830 ι
792 2815 809 2847 iI
840 2817 903 2843 (lor.
933 2825 989 2850 vm,
1024 2818 1062 2844 I2.

1076 1561 1139 1586 tiam
1160 1562 1304 1594 deportet;
1321 1564 1448 1587 ceterum
1463 1561 1509 1595 qui
1529 1569 1558 1587 se
1576 1568 1748 1595 nequaquam
1764 1561 1805 1587 sic
1823 1561 1865 1587 iu~

1075 1607 1216 1637 struxerit,
1239 1606 1266 1633 in
1290 1606 1459 1633 calamitates
1478 1606 1680 1633 iuextricabiies
1703 1606 1793 1632 irruat
1815 1614 1866 1632 ne-

1075 1658 1151 1678 cesse
1164 1655 1225 1682 est;
1244 1658 1298 1677 non
1328 1651 1430 1678 habens
1455 1659 1510 1685 quo
1528 1655 1671 1685 respectet,
1694 1655 1741 1677 aut
1772 1651 1866 1686 quise

1076 1701 1187 1724 tutetur.
1206 1696 1254 1724 llic
1268 1697 1377 1732 quidem
1396 1701 1469 1724 certe
1482 1697 1527 1731 qui
1541 1698 1566 1724 in
1585 1696 1756 1727 carnificum.
1771 1705 1865 1724 exem-

1075 1743 1111 1777 pli
1140 1750 1235 1774 causa,
1258 1742 1362 1769 incidat
1390 1750 1509 1776 manus,
1529 1747 1575 1769 aut
1596 1742 1743 1769 barbarum
1774 1751 1862 1773 mare,

1075 1793 1122 1816 aut
1137 1796 1303 1816 succussum
1321 1788 1422 1820 solum,
1435 1793 1482 1815 aut
1508 1788 1591 1815 aliam
1625 1788 1785 1823 quampiam
1813 1796 1863 1815 ne-

1074 1835 1228 1862 cessitatem
1247 1834 1397 1866 funestam,
1413 1834 1486 1861 haud
1503 1842 1533 1862 se
1548 1842 1696 1862 evasurum
1711 1834 1862 1869 desperat;

1073 1881 1128 1908 illic
1145 1888 1206 1915 spes
1220 1881 1309 1908 omnis
1324 1884 1415 1914 erepta
1435 1884 1476 1906 est
1490 1880 1596 1912 salutis,
1614 1888 1693 1914 opem
1712 1880 1817 1908 ferente
1832 1889 1866 1908 ac

1071 1926 1235 1954 defendente
1251 1926 1371 1958 nemine,
1392 1933 1446 1952 non
1461 1926 1568 1960 angelo,
1593 1934 1647 1953 non
1669 1926 1791 1958 homine,
1808 1934 1864 1953 non

1073 1976 1159 2005 patre,
1179 1978 1232 1998 non
1259 1975 1353 2002 matre,
1367 1977 1421 1997 non
1447 1969 1540 2001 fratre,
1557 1978 1610 1997 non
1624 1970 1722 2002 amico,
1741 1978 1795 1997 non
1809 1971 1864 1997 alio

1071 2025 1209 2052 quoquam
1227 2024 1242 2044 e
1254 2017 1371 2048 cunctis,
1402 2017 1560 2051 ingentique
1575 2020 1716 2043 contracta
1742 2017 1864 2051 trepida-

1071 2065 1155 2095 tione,
1171 2067 1198 2089 et
1213 2062 1403 2090 inconsolabili
1420 2062 1525 2094 dolore,
1542 2062 1625 2088 miser
1641 2062 1703 2089 hinc
1724 2062 1782 2088 abit
1802 2062 1864 2088 ani-

1071 2117 1143 2136 mus.
1165 2108 1231 2141 Qua:
1250 2116 1311 2136 cum
1326 2107 1455 2134 terribilis
1468 2106 1604 2140 descripta
1625 2111 1666 2134 est
1681 2107 1780 2139 oratio,
1804 2112 1862 2134 tum

1070 2154 1109 2181 rei
1125 2155 1266 2181 veritatem
1285 2161 1339 2180 non
1363 2154 1484 2188 attingit,
1516 2152 1621 2179 scilicet
1637 2160 1668 2179 ea
1691 2160 1753 2179 esse
1772 2153 1863 2187 perhi-

1036 2187 1057 2212 θ
1071 2199 1168 2226 bentur
1187 2207 1247 2234 qua:
1263 2199 1304 2226 sui
1322 2199 1487 2231 amantibus,
1505 2206 1535 2225 ac
1548 2198 1715 2225 refractariis
1736 2197 1820 2231 bona,
1836 2203 1864 2225 et

1067 2247 1182 2272 adversa
1198 2246 1367 2279 comparavit
1383 2244 1463 2277 Deus,
1482 2253 1544 2279 quas
1571 2252 1620 2271 nec
1636 2244 1734 2271 oculus
1754 2250 1863 2278 specta-

1067 2292 1112 2324 rit,
1139 2299 1189 2318 nec
1208 2291 1342 2318 audiverit
1367 2291 1452 2323 auris,
1478 2299 1528 2318 nec
1544 2291 1700 2317 mortalium
1727 2291 1860 2325 cuiquam

1067 2338 1192 2364 verterint
1208 2337 1234 2363 in
1250 2341 1380 2363 mentem.
1400 2336 1434 2363 Ea
1458 2341 1577 2371 propter,
1601 2336 1709 2368 fratres,
1728 2337 1862 2364 cohortor

1068 2383 1208 2409 inoblitam
1227 2382 1322 2409 mortis
1344 2382 1438 2417 agitari
1466 2382 1639 2415 memoriam,
1669 2382 1861 2417 membrisque

1067 2428 1119 2455 hac
1137 2427 1290 2455 interfectis
1304 2428 1428 2460 terrenis,
1442 2429 1534 2455 animo
1551 2429 1721 2462 voluptatum
1733 2428 1794 2454 erui
1813 2437 1862 2456 eu-

1066 2473 1280 2509 pidinem:quo
1292 2474 1363 2500 enim
1391 2474 1470 2501 nobis
1500 2474 1623 2500 studium
1651 2473 1754 2504 carnis,
1786 2475 1860 2501 unde

1066 2519 1139 2546 haud
1155 2519 1273 2546 fructum
1295 2520 1446 2554 capiamus,
1467 2525 1619 2553 contraque
1643 2519 1814 2550 cruciemur,
1831 2525 1860 2546 ut

1066 2565 1216 2594 revolubile
1228 2572 1309 2592 omne
1323 2569 1365 2592 est
1394 2569 1535 2599 peccatum
1552 2565 1563 2590 ’ἒ
1589 2563 1757 2595 Intueamur,
1780 2564 1803 2590 si
1820 2564 1860 2590 vi-

1065 2612 1154 2644 detur,
1181 2611 1209 2638 in
1228 2616 1415 2643 monumenta,
1433 2610 1519 2637 visuri
1539 2618 1619 2645 quem
1650 2610 1790 2637 ambimus
1804 2617 1860 2644 pa:-

1065 2657 1169 2688 dorem,
1190 2665 1251 2683 nam
1268 2663 1301 2684 ea
1314 2661 1355 2684 est
1365 2657 1518 2683 mortalitas
1531 2656 1655 2687 omnino,
1668 2664 1730 2691 qme
1743 2656 1859 2683 ordiens

1062 2710 1078 2730 ο
1097 2701 1260 2736 corruptela,
1284 2702 1309 2728 in
1333 2701 1517 2736 corruptelam
1546 2701 1666 2731 desinat.
1699 2705 1858 2735 cunctaque

1063 2748 1182 2774 hominis
1199 2747 1284 2781 gloria
1300 2747 1378 2782 quasi
1395 2747 1505 2782 quidam
1519 2747 1569 2774 flos
1582 2747 1672 2774 herba:
1683 2750 1725 2773 est
1742 2755 1748 2760 ·
1769 2746 1858 2773 virtus

1102 2816 1148 2849 ⁸1,
1171 2816 1235 2844 Cor.
1267 2825 1318 2848 xiv,
1345 2817 1388 2844 ιίυ.
1440 2816 1545 2844 ‘llcbr.
1576 2824 1603 2849 x,
1634 2816 1678 2842 ‘27.
1737 2818 1747 2830 ⁴¹
1782 2815 1854 2845 l'sal.
