1921 3073
60 134 114 166 665

617 136 819 167 SERMONES
837 137 1098 169 CATECHETICI.

1636 142 1689 173 666

61 191 197 225 iudirepta
223 191 348 218 habetur.
367 190 460 226 anue
486 191 572 219 sancti
585 193 738 228 complexa,
764 192 850 221 Deum
865 197 888 224 Α
903 198 958 226 sta,
979 195 1006 221 in
1023 195 1133 223 incertis
1145 195 1250 223 divitiis
1265 203 1339 229 spem
1351 196 1467 224 collucet
1481 203 1591 228 avarus,
1608 197 1688 223 vitio-

59 243 158 270 ειμι-ε
181 243 301 270 quorum
321 242 387 264 sunt
415 238 444 264 in
468 237 546 264 culis
575 238 701 272 spiritus,
723 247 801 267 sacra
821 239 850 267 in

60 282 140 309 terris
159 289 309 309 averrunea
333 288 462 317 carpere,
495 283 646 316 miraculis,
669 288 696 311 et
720 286 847 318 ostentis,

58 336 90 355 ac
110 328 244 363 prodigiis
261 334 385 363 operata.
400 328 556 362 Enimvero,
573 334 604 356 ut
627 329 724 357 incidit
746 330 781 358 de
795 331 848 358 mi-

59 374 162 401 raculis
183 381 286 405 sermo.
306 378 468 402 exercentur
492 374 624 402 miracula
643 383 717 403 nunc
739 384 848 411 quoque

58 419 290 453 quemadmodum
305 420 443 452 audimus,
463 427 552 454 neque
574 423 685 454 mirum,
702 427 848 463 postquam

58 463 183 497 spiritus,
204 471 265 498 quae
295 469 352 490 tum
369 463 541 497 fungebatur,
574 465 690 500 gratiam
716 473 750 493 ne
773 474 848 495 nunc

57 507 168 540 quidem
180 507 278 541 religio
297 513 340 534 est
356 508 467 541 feriati;
483 510 531 536 sed
541 517 596 536 non
613 515 716 537 temere
731 511 846 538 creden-

57 553 120 579 dum
132 559 176 579 est
190 553 357 585 rumoribus,
369 554 505 588 siquidem
514 560 604 582 exstat
619 556 677 582 haec
688 557 824 584 sententia
837 565 845 584 :

57 597 149 624 Nolite
163 599 236 625 omni
245 599 355 632 spiritui
368 599 483 632 credere,
498 600 543 627 sed
564 601 676 635 probate
691 602 803 635 spiritus
822 603 847 629 si

54 651 85 669 ex
97 643 155 670 Deo
177 644 232 670 sint
243 644 265 670 '.
283 643 355 671 Sane
371 653 432 672 cum
460 646 538 672 multi
569 647 597 673 in
623 647 716 674 orbem
747 655 847 676 venere

53 694 140 720 vates,
159 693 217 715 tum
238 690 365 724 permissi
382 695 447 717 sunt
475 692 595 718 haretici
610 693 776 727 complures,
790 695 846 721 sci-

53 739 135 766 tuque
153 738 335 762 retrectantes
347 735 451 767 divina,
472 741 499 763 et
512 737 578 764 olitn
598 743 626 765 et
642 746 724 772 nunc,
742 741 844 774 quibus

52 784 226 813 compertum
239 786 283 807 est
298 781 475 815 providentiae
490 783 589 816 modis,
599 789 716 817 ostenta,
731 793 762 812 ac
779 793 843 820 pro-

51 823 121 858 digia
140 830 262 858 patrare,
277 830 307 852 ut
326 826 389 854 hinc
401 827 552 859 demoveri.
567 834 595 856 et
611 830 711 858 abduci
728 831 841 860 minime

51 871 86 895 sit
103 877 232 902 necesse,
264 871 331 904 quin
358 873 411 898 veri
430 872 569 906 discipuli,
591 875 624 901 ad
645 875 780 909 proditam
804 878 839 904 ab

50 912 123 940 ﬂero
139 920 234 941 notam
243 916 403 950 explorandi
421 918 487 944 sint.
503 917 635 950 Quaenam
647 927 678 946 ea
696 926 760 948 nota
772 928 815 948 est
827 923 840 949 ’ἶ

49 958 81 986 In
94 961 157 990 hoc,
174 961 274 994 inquit.
289 967 444 996 cognoscent
456 971 546 990 omnes
565 965 628 998 quia
645 965 771 1001 discipuli
786 969 838 995 mei

48 1005 122 1036 estis,
144 1005 168 1031 si
192 1005 359 1033 dilectionem
378 1007 522 1035 habueritis
541 1009 577 1035 ad
598 1010 707 1037 inuicem
719 1013 740 1037 '.
763 1011 838 1040 Unde

47 1051 199 1084 Apostolus
215 1051 331 1079 edactus
342 1054 439 1080 scribit
451 1054 478 1080 in
499 1054 558 1082 haec
572 1057 653 1083 verba
665 1066 671 1084 :
694 1056 724 1084 Si
738 1059 837 1093 tinguis

47 1097 185 1123 hominum
202 1097 307 1132 loquar,
322 1104 346 1125 et
369 1100 552 1134 angelorum,”
571 1102 729 1129 charitatem
748 1110 837 1131 autem

48 1150 99 1167 non
113 1142 236 1174 habeam,
255 1143 343 1177 factus
359 1153 416 1171 sum
432 1146 501 1172 velut
515 1155 552 1174 tus
565 1155 674 1181 sonans,
691 1155 739 1176 aut
765 1158 838 1185 cym-

47 1185 136 1212 balum
151 1188 266 1215 tinnitus
279 1197 289 1220 ;
301 1191 358 1216 etsi
371 1190 485 1217 habuero
498 1193 673 1226 prophetiam,
684 1200 710 1221 et
721 1197 837 1223 noverim

45 1233 183 1265 mysteria,
203 1238 228 1260 et
243 1242 346 1260 onmem
361 1236 510 1269 scientiam,
526 1242 551 1263 et
565 1238 589 1264 si
606 1239 721 1266 habuero
733 1249 836 1267 omnem

45 1278 136 1312 ﬁdem,
153 1279 191 1306 ita
208 1286 236 1307 ut
251 1286 351 1307 montes
378 1283 547 1317 transferam,
568 1284 723 1312 charitatern
747 1291 836 1314 autem

46 1332 98 1350 non
111 1324 239 1358 habuero,
256 1326 325 1352 nihil
340 1335 398 1353 sum
415 1335 424 1359 ;
449 1333 474 1354 et
494 1329 517 1354 si
530 1329 692 1356 distribuere
714 1331 743 1357 in
763 1332 835 1359 cibos

44 1377 193 1403 pauperum
212 1378 303 1397 omnes
330 1371 471 1404 facultates
495 1381 578 1406 uuas,
603 1379 628 1400 et
643 1375 667 1400 si
697 1376 836 1404 tradidero

44 1423 142 1449 corpus
159 1424 246 1443 meum
261 1423 289 1443 ut
314 1418 431 1450 ardeam,
448 1419 605 1446 charitatem
621 1426 709 1447 autem
720 1430 770 1448 non
786 1423 835 1449 ha—

43 1462 136 1493 buero,
154 1462 222 1488 nihil
241 1463 306 1489 mihi
329 1464 434 1497 prodest
447 1465 478 1490 '°.
498 1465 578 1493 Vides
606 1467 633 1493 in
661 1468 733 1502 quod
758 1468 835 1496 fusti-

902 245 962 264 rum
974 238 1102 266 inhereat
1117 239 1222 266 lacunis
1235 240 1416 273 voluptarius,
1431 245 1574 274 postquam
1591 241 1629 267 ita
1644 248 1688 268 res

901 282 1001 314 ierunt,
1016 287 1046 309 ut
1062 283 1209 318 lugendum
1234 284 1270 310 sit
1293 284 1319 311 in
1337 284 1406 317 dies,
1418 291 1449 311 ac
1463 284 1644 316 merendum,
1661 289 1689 312 et

899 328 1009 356 animus
1029 335 1078 362 pro
1095 329 1165 356 virili
1190 329 1394 363 expurgandus,
1417 329 1576 364 priusquam
1591 329 1688 357 mortis

899 377 1007 406 appetat
1029 373 1174 407 judicium,
1199 381 1254 408 quo
1271 381 1367 408 plenas
1379 373 1539 406 evadamus,
1558 381 1619 408 quae
1643 381 1686 401 re-

900 416 1039 446 iractariis
1058 418 1224 452 impendent.
1248 419 1281 445 Hi
1301 419 1441 446 enimvero
1457 438 1464 448 .
1479 423 1510 445 ut
1523 426 1585 445 cum
1611 418 1686 446 Scri-

898 467 978 497 ptura
1011 462 1120 490 dicam:
1138 463 1306 498 Quicumque
1331 464 1454 498 ignorant
1479 463 1660 498 blasphement
1675 485 1684 496 ,

897 515 1057 542 quacunque
1083 513 1172 534 autent
1192 508 1352 535 naturaliter
1379 514 1507 543 tanquam
1527 508 1605 534 bruta
1624 509 1685 535 ani-

896 553 981 580 malia
995 558 1103 586 norunt,
1121 555 1148 580 in
1169 554 1209 580 his
1224 560 1439 589 corrumpuntur.
1459 555 1502 582 Vte
1517 555 1562 587 iis,
1584 555 1683 589 inquit,

895 601 958 634 quia
974 601 1000 625 in
1015 600 1059 626 uia
1077 599 1144 627 Cain
1157 600 1289 631 abierunt,
1299 605 1324 627 et
1338 609 1428 628 errore
1442 601 1555 627 Balaam
1568 601 1684 628 mercede

895 645 973 678 effusi
996 649 1069 676 sunt,
1094 650 1119 671 et
1142 644 1169 671 in
1185 645 1396 687 contrupictione
1412 645 1480 673 Core
1493 646 1625 680 perierunt
1641 646 1682 678 ";

897 689 949 716 Sed
967 696 1064 716 vereor
1077 697 1111 716 ne
1126 689 1183 716 haec
1202 697 1250 716 eos
1267 691 1402 717 sententia
1414 690 1603 725 proscindens,
1612 698 1682 724 prai—

893 736 967 762 clara
990 734 1113 767 nomina,
1128 735 1241 769 impetat
1267 742 1318 762 nos
1343 742 1468 770 quoque;
1486 743 1548 762 nam
1566 743 1628 762 cum
1647 735 1683 762 ob

893 785 1034 814 paternam
1063 779 1247 808 htereditatem
1264 781 1335 808 alius
1351 781 1489 816 conﬂigat,
1505 781 1594 816 longis
1620 788 1683 808 sus-

892 826 979 860 ceptis
995 825 1150 857 itineribus,
1166 826 1236 853 alius
1252 827 1336 860 stipes
1366 826 1482 854 sollicite
1506 830 1611 860 satagat
1630 834 1680 852 au-

889 879 963 906 gere,
977 871 1049 898 alius
1062 879 1144 898 avare
1165 878 1198 898 ac
1209 871 1346 898 monacho
1363 871 1483 906 indigne,
1497 871 1548 899 hoc
1572 875 1599 898 et
1614 870 1680 898 illud

890 921 986 951 urgeat
1009 916 1139 948 mercari,
1159 917 1264 944 scilicet
1290 924 1343 943 non
1371 916 1466 944 eadem
1497 917 1515 943 ii
1547 916 1681 950 supplicia

889 962 1050 989 merentur?
1069 961 1128 988 Jam
1146 961 1247 989 habent
1266 970 1320 996 quo
1345 969 1374 989 se
1400 961 1438 988 illi
1453 960 1614 993 defendant,
1628 962 1680 989 etsi

889 1007 1004 1042 frigide,
1017 1011 1108 1034 tamen
1122 1007 1195 1041 quod
1212 1014 1312 1034 uxores
1332 1014 1363 1034 ac
1385 1006 1487 1033 liberos
1510 1010 1677 1041 procurent;

888 1054 980 1086 nobis,
995 1053 1043 1087 qui
1056 1053 1157 1080 mundo
1173 1053 1294 1080 cruciﬁxi
1314 1060 1394 1080 unam
1409 1052 1558 1079 habeamus
1568 1059 1678 1079 erucem

888 1099 1059 1130 thesaurum,
1075 1105 1135 1132 quae
1151 1098 1276 1132 purgatio
1305 1098 1398 1124 relicta
1425 1102 1467 1125 est
1491 1097 1557 1131 quin
1574 1098 1617 1125 his
1630 1097 1678 1124 ad-

889 1144 980 1171 missis
1005 1144 1116 1178 gravius
1140 1144 1301 1177 puniamur;
1321 1143 1454 1177 siquidem
1471 1143 1602 1177 scripturn
1619 1148 1675 1170 est:

890 1188 1010 1214 Potentes
1023 1192 1143 1221 potenter
1156 1192 1285 1214 tormenta
1310 1188 1446 1222 patientur
1460 1188 1482 1204 ¹³
1495 1196 1502 1219 ;
1523 1192 1550 1214 et
1564 1197 1570 1214 :
1598 1187 1678 1214 Judi-

887 1235 957 1260 rium
968 1234 1140 1260 durissimum
1154 1234 1181 1260 in
1193 1234 1233 1260 his
1244 1235 1288 1268 qui
1303 1239 1420 1268 praesunt
1435 1235 1481 1268 ﬁet
1498 1235 1536 1267 ¹⁶;
1556 1242 1588 1262 ac
1613 1241 1676 1261 rur-

887 1287 946 1306 sum
973 1289 980 1306 :
1001 1279 1052 1306 Cui
1077 1279 1322 1306 rommendaverunt
1350 1279 1478 1311 multum,
1506 1280 1565 1314 plus
1589 1285 1677 1314 petent

887 1326 919 1353 ab
942 1335 973 1353 eo
986 1327 1019 1356 ¹¹.
1043 1327 1122 1361 Agite
1139 1334 1216 1357 vero,
1227 1326 1404 1353 insulsissimi
1419 1326 1587 1358 mortalium,
1603 1326 1676 1353 itane

887 1372 969 1399 dediti
982 1372 1063 1407 nugis
1077 1372 1144 1398 falsa
1159 1372 1293 1406 quaeritis,
1311 1378 1344 1398 ac
1357 1371 1511 1405 patrorinio
1525 1371 1676 1398 sceleribus

886 1418 1008 1450 invento,
1037 1426 1154 1450 causas.
1181 1425 1234 1444 non
1267 1425 1383 1449 causas,
1405 1417 1486 1444 exilia
1513 1415 1676 1450 praetexitis?

888 1462 1012 1496 Dispicite
1032 1463 1058 1489 in
1079 1463 1205 1497 antiquas
1221 1463 1412 1496 generationes,
1434 1467 1459 1488 et
1484 1462 1577 1493 videte.
1599 1461 1676 1487 aiunt

43 1507 118 1540 gium
135 1507 282 1535 charitatis
296 1509 308 1534 ἳ
323 1513 352 1535 ιιι
369 1510 462 1544 regina
490 1515 532 1538 est
547 1513 654 1539 cunctis
669 1514 834 1542 antecellens

888 1509 1005 1539 Litterae,
1021 1509 1080 1544 quis
1093 1509 1209 1542 speravit
1234 1509 1261 1535 in
1286 1508 1409 1538 Domina.
1430 1513 1455 1534 et
1477 1507 1602 1541 confusus
1616 1507 1675 1533 est?

43 1553 166 1588 Spiritus
179 1554 281 1580 donis?
294 1562 355 1589 qua:
369 1563 419 1583 nec
433 1556 517 1584 dilabi
532 1565 652 1593 unquam
663 1564 761 1594 potest,
781 1561 834 1588 mi-

43 1599 171 1626 rionibus
189 1601 300 1627 tandem
315 1601 438 1636 dilapsis,
459 1608 638 1638 posteaquam
657 1606 683 1632 in
709 1606 833 1642 Evange-

41 1644 85 1670 liis
98 1645 139 1671 ait
160 1644 293 1673 Dominus
308 1656 314 1672 :
333 1647 414 1674 Multi
429 1648 515 1675 dicent
529 1650 593 1676 mihi
606 1652 633 1677 in
649 1651 697 1678 illa
705 1652 758 1685 die,
776 1653 832 1680 Do-

42 1691 121 1722 mine,
143 1689 266 1723 Domine,
281 1700 365 1719 nonne
377 1693 405 1719 in
422 1695 525 1721 nomine
546 1700 590 1722 tuo
608 1699 831 1731 prophetauimus,

41 1741 65 1760 et
78 1736 107 1762 in
119 1737 227 1763 nomine
243 1743 288 1763 tuo
299 1737 431 1766 dtemonia
446 1740 584 1774 ejecimus.
595 1743 655 1768 etin
668 1744 774 1771 nomine
785 1749 831 1772 tuo

42 1783 152 1809 rirtutes
173 1783 271 1810 multat
287 1784 398 1818 fecimus
411 1785 424 1812 7
438 1791 462 1812 et
475 1791 537 1814 tunc
548 1789 691 1822 conﬁtebor
704 1790 756 1818 illis
767 1793 831 1826 quia

41 1834 178 1861 nunquam
194 1829 254 1855 novi
269 1836 324 1861 eos,
341 1829 468 1858 discedite
480 1839 496 1858 a
513 1840 553 1858 me
561 1835 762 1867 quioperamini
780 1837 831 1863 ini-

39 1871 170 1905 quitatem
182 1872 215 1899 ".
233 1872 320 1905 Quam
337 1874 515 1908 horrendum,
541 1884 583 1904 me
599 1878 735 1912 hercules,
758 1881 831 1916 judi-

38 1917 123 1948 cium,
144 1924 178 1944 ac
194 1920 342 1952 peracerba
363 1922 499 1949 sententia
513 1927 554 1950 est
570 1924 576 1950 l
595 1923 674 1956 Quod
692 1931 829 1960 superest.

39 1962 151 1996 fratres,
171 1963 346 1997 charitatcm,
362 1971 389 1993 et
407 1967 432 1994 ei
451 1969 580 2003 conjuges
599 1970 678 1997 ﬁdem
698 1979 830 2008 spemque

37 2013 188 2038 sectentur.
204 2010 291 2037 acturi
310 2017 391 2045 quam
406 2013 453 2047 qui
474 2014 606 2041 miracula
623 2016 768 2052 designent
783 2026 828 2046 se-

36 2053 145 2084 curius,
164 2053 276 2088 verique
300 2054 433 2084 Dominiei
453 2058 536 2092 agniti
555 2059 695 2094 discipuli,
715 2063 828 2091 cmicste

37 2106 156 2133 regnum
173 2099 268 2126 inituri
285 2108 333 2134 per
344 2100 484 2130 Christum
507 2103 602 2131 Jesum
618 2104 764 2135 Dominum
777 2116 828 2135 no-

36 2148 126 2170 strum
139 2153 146 2170 :
161 2144 206 2171 cui
220 2144 306 2179 gloria
320 2147 497 2182 etimperium
510 2156 572 2177 eum
584 2149 674 2185 Patre,
687 2159 718 2180 ac
732 2159 829 2181 sancto

888 1560 934 1582 aut
954 1555 1012 1589 quis
1029 1555 1171 1588 permansit
1187 1555 1213 1581 in
1229 1555 1322 1580 timore
1349 1554 1417 1588 ejus,
1443 1558 1467 1579 et
1496 1553 1612 1587 despein
1641 1552 1674 1579 il-

886 1600 942 1627 lum
960 1600 1001 1627 "‘3
1015 1600 1074 1627 Non
1088 1600 1259 1626 Abrahamus
1276 1599 1323 1626 Dei
1337 1600 1415 1634 jussu
1432 1599 1517 1633 patria
1543 1599 1673 1629 extorris.

886 1651 986 1679 parens
1001 1645 1149 1670 multarum
1163 1643 1251 1671 laetus
1266 1644 1407 1670 nationum
1425 1643 1488 1670 est?
1505 1641 1565 1670 Non
1591 1641 1673 1669 Jaco-

886 1691 938 1718 hus
955 1689 1111 1725 patriarcha
1127 1689 1188 1716 solo
1206 1689 1357 1716 instructus
1380 1689 1449 1722 pedo
1465 1688 1491 1714 in
1518 1687 1673 1721 Mesopota-

886 1736 967 1762 miam
983 1735 1139 1769 degressus,
1155 1735 1230 1761 dives
1244 1733 1376 1760 revertit?
1389 1732 1447 1760 Non
1471 1732 1605 1768 Josephns
1623 1741 1671 1759 ve-

884 1789 950 1808 num
966 1781 1098 1808 abductus
1118 1781 1144 1807 in
1171 1779 1329 1815 Egyptum,
1345 1779 1401 1813 regi
1415 1786 1465 1813 par
1478 1779 1563 1806 evasit
1577 1778 1589 1805 Ἰ
1611 1777 1670 1804 Νοιι

884 1832 959 1854 vates
972 1826 1046 1854 Elias
1064 1826 1159 1861 pulsus
1175 1826 1209 1853 ab
1225 1825 1361 1857 lexabele,
1386 1831 1439 1851 non
1457 1832 1519 1858 pera
1544 1831 1672 1858 compor-

884 1875 952 1903 tata,
973 1878 1020 1905 per
1040 1877 1153 1898 corvum
1167 1869 1315 1904 pascitur?
1338 1868 1397 1896 Non
1415 1868 1531 1903 apostoli
1546 1868 1613 1895 nudi
1639 1875 1672 1895 ac

883 1917 1001 1944 inermes
1019 1917 1053 1944 ad
1077 1916 1242 1951 praeconium
1268 1914 1394 1950 profecti,
1410 1920 1546 1942 terrarum
1575 1914 1670 1940 orbem

883 1963 1028 1990 devicere?
1052 1962 1112 1990 Non
1129 1962 1178 1996 ipsi
1197 1969 1245 1989 vos
1274 1961 1462 1996 superioribus
1479 1961 1560 1988 annis
1581 1961 1672 1995 capite

882 2012 910 2035 et
938 2007 1057 2034 fortunis
1073 2007 1232 2041 oppugnati,
1248 2011 1338 2033 oertas
1354 2006 1544 2040 stipulationes
1571 2006 1670 2040 proha-

883 2053 954 2080 stis?
970 2052 1046 2080 Unde
1068 2053 1126 2080 hinc
1142 2052 1226 2087 igitur
1246 2051 1420 2086 improbitas.
1431 2058 1528 2085 quaeve
1540 2051 1597 2078 hac
1612 2051 1671 2078 ine-

881 2100 939 2133 ptia
952 2099 1012 2126 est?
1029 2097 1187 2128 Enimvero.
1205 2101 1234 2124 ut
1248 2097 1364 2129 videtur,
1382 2096 1568 2123 lsraelitarnm
1584 2097 1670 2122 instar

882 2145 1046 2179 priscorum,
1061 2143 1109 2170 Dei
1123 2143 1200 2170 obliti
1215 2142 1348 2170 beneﬁcia
1361 2141 1670 2177 sumus,Christumque

37 2188 155 2222 Spiritu,
172 2197 246 2217 nunc
266 2195 291 2218 et
315 2199 434 2227 semper,
460 2194 488 2221 in
505 2201 671 2231 omnemque
688 2200 828 2234 perpetui-
845 2190 868 2219 υ
881 2195 1030 2219 tentamus.
1049 2193 1078 2216 ut
1095 2196 1190 2216 eorum
1206 2188 1316 2221 quidam
1345 2192 1494 2214 tentanint.
1523 2186 1576 2214 Sed
1603 2188 1670 2222 quid

36 2239 133 2262 tatem.
150 2235 250 2265 Arnen.

323 2283 438 2313 SERMO
462 2286 543 2315 CXX.

69 2326 306 2368 committendum
313 2337 363 2355 non
377 2338 432 2368 esse
445 2333 586 2368 utrmundo
596 2334 719 2368 cruci/ixi
733 2335 793 2363 vitm

97 2362 202 2388 inhient
214 2363 327 2397 ineptiis,
342 2366 406 2399 quin
418 2367 609 2399 proﬁciendum
624 2369 651 2394 in
664 2362 766 2397 melius.

69 2408 185 2436 Fratres
209 2408 367 2444 Patresque,
398 2412 456 2439 dies
484 2413 612 2440 horarum
628 2434 635 2445 .
664 2415 826 2449 septimanae

35 2454 155 2485 dierum.
170 2462 279 2483 menses
304 2457 527 2490 septimanarnm,
543 2459 607 2486 anni
634 2461 768 2487 mensium
788 2463 827 2488 la-

36 2499 140 2527 buntur
155 2500 254 2532 instar,
277 2506 438 2536 tempusque
451 2503 600 2531 decurrens
616 2505 648 2532 ad
666 2513 825 2540 supremum

35 2543 147 2572 Dotnini
163 2548 250 2574 nostri
271 2545 336 2574 Iesu
355 2547 456 2575 Christi
485 2549 618 2577 adventus
633 2550 705 2578 diem
733 2551 828 2579 incitat

36 2592 221 2624 promiscuos,
233 2600 290 2627 quo
311 2595 372 2628 ejus
395 2596 483 2624 oculis
505 2596 577 2623 nuda
591 2601 667 2629 sunt,
681 2602 708 2624 et
731 2603 826 2632 aperta

35 2642 146 2668 uincta,
161 2643 191 2664 ut
205 2643 248 2665 est
261 2638 288 2666 in
302 2639 416 2673 litteris;
432 2649 480 2669 nec
495 2641 553 2675 jam
561 2647 602 2670 est
616 2651 667 2670 cur
686 2644 824 2671 incassum

36 2689 121 2714 porro
138 2687 256 2710 mstuent
283 2685 422 2716 mortales,
442 2693 522 2718 auro,
546 2695 578 2714 ac
602 2688 761 2716 cohortibus
778 2697 823 2716 rex

37 2726 171 2760 prxiidat,
189 2728 396 2763 supellectilem,
410 2734 438 2757 et
450 2732 580 2765 pecuaria
597 2733 716 2760 vcnditet
734 2733 821 2768 dyna-

71 2795 81 2809 “
97 2795 105 2821 Ι
120 2795 202 2823 Joan.
218 2805 245 2824 IV
264 2797 301 2827 ,i.

38 2830 57 2846 ιδ
73 2831 141 2857 ilnd.
155 2833 182 2859 6.
223 2832 245 2847 ¹¹
265 2832 332 2860 Luc.
352 2840 400 2866 xu,
413 2834 457 2861 48.
498 2835 519 2850 ¹⁶
536 2834 618 2863 Eccli.
637 2843 666 2868 ιι,
688 2836 729 2864 ll.

340 2798 350 2813 ⁸
362 2797 441 2825 Joan.
455 2807 513 2829 xm.
614 2801 656 2827 1(Ἰ
673 2801 735 2828 Cur.
750 2810 808 2831 xm.
825 2803 879 2829 1-5.

772 2838 790 2852 ¹⁷
807 2837 879 2866 I’sal.
903 2846 975 2872 xciv,
991 2839 1035 2870 ill,
1056 2839 1095 2866 ll.

882 2236 915 2262 de
930 2236 965 2263 iis
976 2235 1092 2262 eﬂ'atur?
1104 2234 1289 2268 Quadraginta
1299 2234 1376 2260 annis
1389 2235 1525 2267 proximus
1540 2235 1579 2268 fui
1592 2242 1670 2268 gene-

881 2281 979 2308 rationi
995 2281 1056 2307 huic
1077 2284 1103 2307 et
1122 2280 1194 2306 dixi:
1221 2279 1328 2313 Semper
1341 2279 1368 2306 hi
1397 2284 1489 2306 errant
1504 2280 1602 2311 corde;
1618 2280 1668 2313 ipsi

879 2335 939 2354 uero
958 2335 1010 2353 non
1036 2330 1210 2360 cognouerunt
1227 2326 1282 2352 vias
1297 2333 1388 2352 meas:
1404 2333 1451 2359 ego
1472 2325 1563 2359 juraui
1583 2325 1611 2351 in
1625 2326 1668 2352 ira

879 2383 938 2402 mea
954 2375 978 2401 si
1001 2374 1147 2400 introibant
1163 2373 1188 2399 in
1205 2373 1320 2407 requiem
1345 2379 1428 2398 meam
1446 2372 1477 2399 ⁸⁷,
1494 2371 1597 2403 Videte,
1614 2371 1669 2398 ira-

850 2422 855 2430 ‘
877 2423 942 2450 tres,
977 2425 1010 2445 ne
1031 2417 1125 2444 eadem
1153 2417 1232 2443 nobis
1257 2417 1394 2447 dicantur.
1411 2416 1457 2450 qui
1483 2417 1581 2451 ingrati
1603 2424 1668 2451 erga

875 2463 1048 2496 beneﬁcium,
1059 2463 1186 2497 praesenti
1203 2462 1312 2489 fortuna
1325 2462 1446 2496 iniquius
1458 2467 1579 2489 utamur.
1595 2461 1665 2489 Hine

875 2509 1017 2544 quiescere
1030 2509 1112 2543 pedes
1124 2508 1237 2535 minime
1249 2508 1387 2539 sinuntur,
1406 2508 1460 2534 huc
1485 2507 1549 2534 illuc
1567 2508 1664 2541 palan-

876 2559 946 2587 tum,
959 2554 1024 2582 hinc
1036 2554 1137 2588 judicia
1164 2553 1296 2583 vicissim,
1311 2561 1344 2580 ae
1360 2553 1505 2579 verborum
1520 2552 1664 2578 conﬂictus

880 2609 1020 2636 urgemus,
1041 2602 1154 2636 proinde
1181 2605 1210 2628 ut
1224 2600 1357 2631 extranei,
1371 2600 1436 2627 hine
1460 2599 1522 2631 soli,
1539 2607 1590 2626 nec
1601 2606 1665 2626 cum

878 2647 962 2675 fratre
973 2648 1107 2683 degimus.
1124 2647 1172 2674 Sin
1193 2655 1254 2674 cum
1270 2647 1361 2680 fratre,
1377 2645 1539 2681 imaginario
1552 2644 1665 2679 quidem

877 2695 960 2723 certe,
977 2691 1024 2725 qui
1044 2691 1116 2718 enim
1135 2692 1235 2725 possis,
1252 2692 1352 2719 comite
1367 2690 1453 2718 ascita
1469 2689 1552 2721 dulci,
1573 2689 1668 2716 avari-

875 2736 924 2768 tia,
937 2744 1000 2763 cum
1012 2744 1065 2772 qua
1078 2737 1228 2772 paciscare,
1241 2737 1397 2765 unanimem
1424 2741 1517 2764 tenere
1532 2735 1666 2763 fratrem?

919 2804 938 2818 ”
957 2803 1051 2830 Matth.
1069 2812 1115 2837 vn,
1133 2804 1177 2831 ‘22.
1219 2806 1238 2820 ”
1252 2804 1314 2831 Jud.
1337 2813 1363 2837 κ,
1387 2805 1427 2831 ll.
1467 2804 1488 2820 ¹³
1505 2804 1567 2838 Sup.
1584 2811 1622 2836 vr,
1637 2803 1663 2833 7.
