1921 3073
240 129 290 161 667

823 133 854 163 S.
871 132 1066 162 TllEODORI
1104 133 1276 164 STUDlTiE

1816 134 1866 164 668

240 186 350 213 Minime
364 187 496 222 gentium.
511 187 557 216 Va:
575 189 619 221 iis,
636 197 685 216 ceu
702 189 834 225 reprobis,
861 196 923 215 nam
939 188 1025 214 haud-
1045 191 1067 218 Α
1083 196 1152 215 riitn.
1173 188 1233 221 Quo
1258 189 1284 216 in
1300 188 1392 216 studio
1413 189 1435 216 si
1450 187 1614 216 curriculum
1630 187 1780 222 exigamus,
1794 186 1867 214 diur-

239 240 376 267 quaquam
400 233 433 260 de
457 234 545 267 vobis,
573 235 683 268 fratres,
711 241 758 262 aut
786 235 830 262 hic
858 235 914 262 illic
938 233 1029 261 divine

239 278 403 306 obeuntibus
421 279 529 314 loquor,
547 281 593 307 scd
609 280 642 307 de
660 281 694 308 iis
707 281 753 315 qni
770 280 920 315 profligate,
942 287 1030 313 neque

241 325 273 351 ad
288 326 476 360 praescriptum
493 326 567 361 quod
580 326 795 354 deformavimus
810 328 914 353 vivant.
931 325 982 358 Qui
1001 329 1030 352 ut

241 371 282 398 vel
309 371 416 398 tandem
438 372 551 399 redeant
567 373 600 399 ad
620 371 737 407 frugem,
758 373 880 407 rectique
905 372 1030 407 gradian-

242 421 296 449 tur,
309 424 464 451 precemur,
477 425 531 452 quo
545 422 638 452 pereat
659 426 751 449 nemo,
766 419 831 453 quin
848 426 944 445 omnes
955 417 1030 444 inco-

241 462 398 489 lumitemur
413 471 459 497 per
470 463 607 491 Christum
620 464 712 491 Jesum
726 465 869 491 Dominum
879 469 1003 491 nostrum
1018 472 1026 493 :

241 507 285 533 cui
310 507 396 542 gloria
411 512 438 534 et
461 509 604 543 imperium
623 517 684 536 cum
702 509 791 541 Patre,
807 517 839 535 ac
854 514 949 536 sancto
966 508 1025 542 Spi-

242 554 308 582 ritu.
323 560 395 580 nunc
416 558 444 580 ct
455 561 574 588 semper,
589 554 615 581 in
628 562 793 582 omnemoue
810 555 1026 590 perpetuitatem.

241 598 338 625 Amen.

521 654 638 681 SERMO
647 655 752 682 ~CXXI.

242 697 280 724 De
295 699 388 725 mortis
405 700 728 768 retardatioirj.rseiteque
751 700 865 735 quodam
882 701 1027 727 venerando

587 743 599 760 e
615 740 703 761 uncto.

587 740 703 761 eluncto.

278 777 385 805 Fratres
420 777 579 813 Patresquc,
607 787 668 806 cum
695 779 787 806 multa:
805 781 886 807 utiles
908 780 1028 807 historia:

242 827 307 849 sunt
329 823 420 849 animo
447 824 623 857 stimulando,
641 829 696 851 tum
720 833 796 859 irque
821 825 895 853 utilis
912 825 1027 852 habetur

242 867 316 893 nulla
332 874 364 895 ac
378 868 473 896 mortis
501 869 691 904 promulgatio;
712 878 773 896 nam
797 871 919 897 terribile
944 870 1027 902 dictu,

241 917 268 939 et
287 912 405 947 cogitatu
425 921 565 946 arcanum,
581 922 655 942 mors
669 921 719 943 est.
737 916 821 950 Igitur
834 921 859 943 et
876 924 949 944 nunc
965 924 1029 944 sene

240 956 369 984 defuncto
389 959 542 986 venerando
559 967 669 986 necesse
693 965 734 986 est
751 967 831 993 porro
845 961 879 986 ad
902 968 1028 987 commu-

240 1009 302 1029 nem
321 1002 425 1037 frugem
442 1004 474 1031 de
486 1012 519 1031 eo
531 1012 615 1038 pauca
628 1012 781 1032 recensere.
794 1005 866 1032 Sane
881 1014 896 1033 a
914 1007 1027 1040 pueritia

240 1047 267 1073 in
285 1054 453 1075 senectutem
472 1049 632 1083 profundam
648 1051 701 1078 vita
727 1052 852 1078 obeunda
877 1053 1028 1080 Inouastica

240 1092 296 1119 Deo
312 1095 465 1126 servivisse,
480 1096 645 1123 luculentum
661 1097 717 1124 seni
731 1099 884 1124 encomium
899 1103 940 1125 est
957 1106 965 1131 ;
980 1099 1028 1126 de-

240 1138 301 1165 inde
314 1139 384 1172 quod
402 1139 471 1166 inter
493 1140 664 1168 confessores
682 1147 723 1168 est
739 1142 865 1175 illustris,
880 1143 926 1177 qui
952 1151 1028 1170 com-

239 1184 390 1216 prehensus
409 1185 444 1211 ab
462 1185 546 1220 impio
571 1187 662 1213 Leone
693 1187 724 1213 ad
753 1188 906 1215 satietatem
933 1196 1028 1223 poenas

239 1229 354 1262 dederit,
378 1235 405 1256 et
433 1235 507 1265 [ergo
534 1231 620 1264 omni,
645 1239 677 1259 ac
693 1237 803 1266 pectore
828 1235 945 1261 trecenis
963 1234 1027 1261 loris

239 1274 362 1304 conciso.
377 1280 404 1302 et
419 1275 486 1303 facie
504 1277 603 1312 pugnis
628 1277 769 1312 alapisque
789 1283 912 1311 contusa,
929 1283 958 1306 ut
973 1279 1028 1306 duo

238 1317 320 1344 etiam
337 1319 431 1346 dentes
456 1319 616 1347 exciderint.
639 1320 758 1348 Tandem
778 1322 881 1357 aliquot
900 1327 960 1357 post
977 1330 1027 1348 an-

240 1363 292 1394 nis,
308 1371 324 1390 e
348 1371 458 1392 carcere
473 1365 588 1393 eductus
613 1374 644 1393 ac
661 1367 729 1394 liber
743 1368 884 1398 dimissus.
899 1376 932 1395 ex
949 1368 1028 1395 insli-

240 1413 298 1435 tuto
311 1409 393 1443 priori
418 1410 520 1444 tstylita
535 1411 606 1437 enim
622 1411 731 1446 fuerat),
752 1420 860 1439 rursum
874 1421 904 1440 se
924 1414 1028 1440 abdidit

240 1455 266 1480 in
280 1454 386 1486 cellam,
398 1456 546 1491 multisque
557 1456 702 1484 defunctus
713 1458 831 1486 miseriis
841 1463 869 1485 et
881 1460 1025 1494 angustiis,

239 1507 367 1534 supremo
382 1501 444 1528 vitae
470 1503 606 1530 curriculo
625 1503 745 1536 evoluto,
761 1505 881 1531 animam
898 1505 1022 1537 reddidit,
1041 1517 1062 1544 ο

240 1553 270 1573 ιιι
293 1548 392 1582 impius
411 1549 524 1582 scelere,
544 1558 574 1578 se
598 1551 780 1579 obstrinxerit
794 1572 802 1585 ,
828 1553 1024 1588 nequidquam,

239 1592 340 1620 athleta
354 1594 387 1621 ad
406 1593 490 1622 Deum
507 1595 644 1631 laurigero
656 1596 790 1630 profecto.
803 1597 860 1625 Nos
875 1598 1025 1630 enimvero,

240 1639 349 1672 fratres,
384 1641 448 1675 quid
472 1649 585 1676 agamus
609 1642 708 1677 quidve
727 1643 902 1678 cogitemus?
919 1643 1027 1675 Quanto

239 1689 359 1720 tempore
374 1687 591 1721 supervivemus,
618 1688 709 1724 longo.
729 1696 761 1715 an
775 1689 894 1724 exiguo?
918 1689 1028 1718 Scilicet

238 1732 311 1758 norit
330 1732 474 1767 quisquam
490 1733 555 1768 quid
570 1741 630 1761 cras
650 1735 801 1769 pariturum
815 1735 879 1762 est!
905 1735 953 1763 Pol
968 1744 1026 1763 mo-

238 1775 361 1804 nimento
383 1778 449 1805 satis
473 1785 609 1813 superque
635 1787 708 1806 mors
723 1784 774 1812 est,
794 1785 938 1815 postquam
953 1781 1025 1815 quod

240 1821 359 1849 vidimus
375 1822 401 1848 in
417 1822 512 1854 fratre,
526 1824 598 1850 haud
612 1824 697 1851 multo
709 1830 769 1859 post
779 1826 883 1853 accidet
895 1826 920 1852 in
935 1827 1024 1858 nobis.

238 1867 348 1894 nemine
366 1872 464 1894 metam
485 1870 694 1898 transcendentc
713 1871 818 1898 mortis.
841 1870 933 1907 Itaque
953 1879 1026 1899 mor-

239 1912 274 1939 tis
294 1919 377 1946 porro
403 1913 599 1941 obliviscamur
614 1923 764 1951 nunquam.
785 1924 818 1943 ne
832 1922 961 1952 perpetua
975 1924 1024 1951 op-

238 1956 409 1991 primamur;
427 1965 478 1984 neu
497 1966 613 1992 [WESCIIS
641 1968 763 1988 alitemus
787 1969 887 1993 aevum,
903 1970 937 1990 ne
957 1969 1024 1990 ‘cum

238 1999 294 2026 Deo
316 1999 475 2028 inimicitias
499 2002 642 2037 agitemus.
660 2004 795 2038 siquidem
816 2006 947 2040 scriptum
963 2013 1024 2034 est:

239 2044 412 2076 Quivoluerit
427 2048 528 2073 amicus
547 2055 603 2075 esse
622 2050 713 2076 δαισαιί
729 2050 818 2084 hujus,
837 2052 960 2079 inimicus
978 2052 1026 2079 Dei

237 2090 409 2117 constituitur
420 2091 452 2118 ¹⁸.
464 2091 543 2126 Fugit
559 2100 616 2125 vos,
630 2094 753 2129 inquam,
771 2096 862 2123 mundi
877 2102 1026 2124 consuetu-

237 2135 329 2162 dinem
345 2135 416 2163 haud
432 2137 588 2171 permittere
612 2144 642 2166 ut
662 2141 770 2168 animus
795 2142 887 2169 studio
909 2143 1026 2170 ducatur

1080 241 1130 261 nas
1146 232 1227 260 ferias
1238 241 1352 267 agamus
1366 233 1419 260 laeti
1437 233 1462 260 in
1485 233 1552 265 dies,
1569 238 1596 260 et
1612 232 1737 267 impavidi
1759 233 1866 264 mortis,

1080 286 1131 306 nec
1155 279 1178 306 si
1207 279 1249 305 vel
1276 278 1349 305 mille
1375 278 1515 305 cruciatus
1538 277 1721 309 intendentur,
1743 284 1867 304 securam

1080 324 1275 352 conscientiam
1293 323 1450 357 demergant
1464 331 1472 354 ;
1486 323 1527 349 sin
1544 322 1664 356 maligni,
1677 321 1771 352 invidi,
1781 322 1870 354 pervi-

1080 377 1157 397 caces
1181 368 1342 402 certet-isque
1369 368 1464 395 imbuti
1492 367 1640 395 sceleribus
1661 367 1801 402 degamus,
1816 367 1868 394 heu

1080 415 1156 443 fucos
1170 418 1197 442 et
1214 414 1361 442 ludibrium
1379 415 1385 440 ε
1403 414 1515 441 Scilicet
1533 421 1565 440 ea
1584 414 1681 440 diurna
1700 420 1751 440 nex
1768 417 1821 442 est.
1837 421 1869 439 ac

1077 461 1212 495 judicium
1240 464 1303 487 ante
1327 459 1470 493 judicium,
1488 464 1543 486 tum
1567 464 1656 485 autem
1675 466 1748 485 mors
1761 463 1869 492 ingruet

1080 505 1158 540 quasi
1176 505 1285 539 quidam
1300 504 1410 537 rugiens
1426 503 1468 530 leo
1483 508 1529 530 aut
1544 511 1638 530 amens
1655 511 1727 529 ursa.
1740 502 1799 529 Jam
1821 503 1868 537 qui

1079 555 1206 577 aeternam
1222 549 1371 584 perniciem
1389 549 1472 576 miser
1498 549 1618 575 exantlet
1631 549 1749 579 animus,
1778 552 1870 575 exstat

1079 603 1145 623 sane
1167 595 1224 622 haec
1250 594 1402 622 sententia:
1421 594 1452 621 Si
1466 594 1598 628 judicium
1613 593 1728 627 primum
1750 602 1766 620 a
1781 594 1868 624 nobis,

1078 641 1137 675 quis
1149 641 1210 675 ﬁnis
1221 648 1312 667 eorum
1329 640 1373 674 qui
1391 647 1442 666 non
1462 640 1571 665 credunt
1592 639 1641 666 Dei
1662 639 1826 674 Evangelia?
1844 644 1869 666 et

1079 687 1102 712 si
1114 686 1206 720 justus
1217 685 1261 712 via:
1287 685 1443 716 salvabilur,
1456 684 1549 718 impius
1565 690 1589 711 et
1604 689 1726 718 peccator
1740 684 1783 711 ubi
1793 692 1871 717 pare-

1079 731 1142 756 bunt
1156 730 1196 756 "‘3
1210 729 1300 762 Quare
1328 730 1424 764 trepidi
1447 737 1564 763 semper,
1583 736 1615 755 ac
1634 729 1751 760 solliciti,
1771 729 1871 756 fratres

1078 776 1241 807 cllarissimi,
1254 775 1334 807 lirmi,
1345 780 1371 802 et
1385 774 1538 801 immobiles
1551 773 1733 801 consistamus
1743 794 1749 803 .
1759 775 1870 801 assidue

1079 821 1159 848 macti
1172 822 1198 848 in
1212 829 1294 856 opere
1304 820 1408 853 divino,
1424 825 1498 847 certe
1512 828 1684 855 nequaquam
1695 820 1795 847 frustra
1808 827 1869 847 esse

1080 875 1140 893 eum
1155 867 1180 893 in
1197 866 1313 893 Domino
1341 866 1470 893 labarem.
1499 867 1535 893 De
1563 865 1646 892 fratre
1658 865 1780 897 Socrate,
1792 866 1869 892 scitis

1080 912 1310 946 quemadmodum
1327 912 1430 939 venerit
1450 912 1485 938 ab
1501 910 1622 942 Oriente,
1640 911 1778 945 probanda
1801 911 1868 938 ohe-

1081 958 1180 985 dientia
1200 957 1353 985 tarditatem
1377 965 1521 985 excusans.
1551 956 1618 984 Eum
1644 957 1803 984 volebamus
1826 957 1869 984 hic

1081 1003 1209 1035 retinere,
1229 1007 1259 1029 ut
1271 1007 1422 1036 spectatum
1438 1002 1569 1035 fratrem;
1588 1002 1633 1029 sed
1648 1002 1777 1035 quoniam
1797 1002 1868 1027 scri-

1081 1053 1155 1082 ptum
1171 1053 1226 1074 est:
1247 1047 1347 1074 Beatus
1361 1048 1405 1082 qui
1430 1047 1504 1073 habet
1517 1055 1604 1073 semen
1619 1047 1646 1073 in
1665 1047 1739 1078 Sion,
1755 1051 1780 1073 et
1805 1055 1868 1080 pro-

1079 1094 1189 1127 pinquas
1203 1093 1231 1119 in
1245 1092 1405 1123 Jerusalem,
1421 1100 1529 1119 rursum
1545 1093 1632 1119 redire
1648 1100 1708 1119 eum
1742 1093 1866 1123 sivimns.

1080 1147 1126 1173 per
1144 1146 1224 1172 quem
1241 1138 1456 1165 misericordiam
1475 1145 1649 1172 pararemus.
1669 1139 1718 1164 etsi
1735 1144 1776 1164 est
1794 1139 1866 1172 quod

1079 1186 1258 1217 gaudeamus,
1276 1185 1383 1218 fratres,
1398 1185 1577 1212 constitutum
1594 1193 1609 1211 a
1631 1185 1802 1212 sanctissimo
1821 1193 1868 1219 pa-

1079 1231 1199 1258 ttiarcha
1217 1231 1292 1258 Sioni
1309 1239 1323 1257 e
1340 1237 1423 1262 cmtu,
1439 1238 1471 1257 ac
1496 1231 1633 1265 republica
1659 1236 1762 1262 nostra,
1778 1231 1825 1265 qui
1841 1231 1867 1257 in

1080 1277 1262 1304 Ecclesiarum
1287 1282 1372 1304 matre
1399 1277 1554 1303 sacerdotio
1565 1280 1592 1303 et
1605 1276 1758 1303 cecouomia
1774 1276 1870 1310 funge-

1080 1327 1163 1349 retur.
1182 1320 1258 1354 Quod
1275 1326 1409 1356 superest,
1423 1326 1534 1348 sanctus
1560 1321 1631 1348 Deus
1655 1327 1710 1348 lum
1730 1329 1794 1348 eum
1810 1327 1868 1348 tum

1079 1375 1128 1395 nos
1147 1371 1300 1399 conservet,
1310 1368 1440 1400 omnique
1454 1366 1566 1400 impleat
1576 1366 1695 1393 bcnelica
1715 1367 1868 1399 voluntate,

1078 1420 1111 1439 ac
1133 1415 1299 1445 praepotente
1324 1411 1386 1438 ﬁdei
1415 1411 1622 1445 propagatione,
1636 1410 1798 1437 illustrando
1822 1418 1870 1444 per

1079 1465 1128 1484 nos
1143 1457 1252 1484 Domini
1273 1456 1361 1483 nostri
1381 1455 1446 1483 Jesu
1471 1456 1572 1482 Christi
1594 1456 1712 1488 nomine,
1735 1456 1869 1489 nohi~que

1073 1509 1126 1536 per
1139 1509 1200 1529 eum
1218 1501 1369 1528 secundum
1383 1500 1498 1535 gratiam
1516 1500 1562 1527 Dei
1576 1500 1692 1534 denique
1704 1501 1790 1527 nostri
1803 1499 1868 1527 .Iesu

1078 1546 1179 1574 Christi
1190 1555 1197 1573 ε
1208 1546 1254 1573 cui
1267 1546 1354 1579 gloria
1374 1550 1401 1572 et
1419 1546 1564 1580 imperium
1580 1554 1641 1573 cum
1655 1545 1745 1577 Patre,
1759 1553 1791 1572 ac
1808 1554 1871 1572 san-

1078 1598 1123 1619 cto
1134 1592 1248 1627 Spiritu,
1258 1599 1330 1619 nunc
1354 1596 1382 1619 et
1393 1599 1511 1625 semper,
1521 1592 1548 1618 in
1561 1599 1725 1627 omnemque
1734 1592 1860 1626 perpetui

1079 1642 1171 1664 latent.
1185 1638 1282 1664 Amen.

1358 1692 1475 1720 SERth
1490 1692 1595 1720 CXXII.

1079 1738 1116 1765 De
1135 1738 1267 1765 seruiendo
1280 1738 1399 1774 fortiter
1431 1746 1462 1765 ac
1486 1743 1634 1765 cortstauter
1651 1738 1716 1770 Deo,
1737 1740 1871 1774 studiique

1171 1773 1301 1800 curriculo
1313 1774 1452 1800 monastici
1474 1777 1593 1800 contente
1608 1773 1750 1807 exigendo.

1114 1819 1222 1846 Fratres
1245 1818 1405 1854 Patresque,
1431 1819 1565 1847 eximium
1602 1819 1722 1847 studium
1739 1827 1755 1846 a
1778 1820 1871 1854 pervi-

1082 1865 1147 1900 gilio
1160 1865 1194 1892 ad
1215 1865 1381 1892 audiendum
1410 1873 1567 1892 sermonem
1599 1870 1762 1897 coeuntum,
1787 1869 1873 1900 atque

1076 1919 1091 1938 e
1108 1912 1205 1938 robore
1231 1911 1259 1937 in
1283 1911 1366 1938 robur
1394 1915 1588 1945 grassantum;
1607 1911 1763 1946 quamlibet
1795 1911 1870 1939 enim

1077 1956 1150 1983 haud
1170 1956 1329 1991 suppeditat
1346 1957 1426 1983 nobis
1449 1964 1498 1990 par
1515 1956 1603 1984 oratio
1627 1957 1755 1988 dicendo,
1777 1962 1870 1984 tamen

1077 2006 1255 2036 posteaquam
1270 2000 1304 2028 ad
1328 2005 1488 2028 sanctorum
1506 2000 1618 2028 Patrum
1641 2002 1798 2036 exemplum
1816 2002 1871 2028 fre-

1076 2052 1236 2082 quentatur,
1251 2055 1304 2074 non
1318 2047 1368 2074 abs
1388 2055 1418 2074 re
1434 2051 1486 2078 est,
1505 2047 1572 2082 quiti
1587 2047 1628 2074 vel
1643 2047 1670 2073 in
1700 2048 1800 2081 primis
1815 2048 1870 2074 uli-

1077 2093 1121 2120 lis.
1140 2093 1286 2120 Enimvero
1299 2093 1325 2120 in
1340 2099 1466 2120 sermone
1490 2100 1523 2119 ac
1538 2093 1664 2119 doctrina
1677 2092 1775 2120 Patres
1792 2093 1871 2120 labo-

1077 2139 1183 2171 rabant,
1204 2139 1311 2166 beatum
1327 2138 1486 2172 Apostolum
1503 2138 1614 2170 imitati,
1639 2138 1718 2173 cujus
1744 2138 1774 2165 in
1802 2139 1872 2166 actis

237 2181 326 2208 exitus
340 2189 356 2208 e
372 2189 498 2216 corpore.
515 2183 582 2211 Nam
597 2187 824 2220 quemadmodum
836 2188 964 2215 Israelita:
981 2197 1024 2217 sa-
1038 2186 1062 2215 D
1077 2186 1134 2212 haec
1147 2190 1211 2212 sunt
1241 2185 1323 2211 verba
1338 2192 1345 2210 :
1363 2183 1414 2210 Per
1440 2184 1584 2210 triennium
1605 2189 1679 2210 nocte
1709 2189 1736 2210 et
1759 2184 1804 2211 die
1818 2194 1871 2210 non

237 2227 374 2261 tagebant,
388 2228 433 2262 qui
445 2229 531 2263 erepti
552 2237 585 2257 ex
600 2231 725 2266 [Egyptia
752 2233 883 2260 servitute
907 2235 1023 2268 promis-

237 2280 297 2298 sum
309 2273 397 2300 solum
411 2274 579 2306 invaderent.
594 2278 626 2303 ad
639 2278 764 2305 eumdem
777 2280 888 2306 modum
903 2280 1022 2308 nitamur

236 2323 263 2344 et
281 2326 330 2346 nos
342 2324 458 2353 oportet,
475 2327 503 2347 ut
517 2329 532 2347 e
546 2323 674 2350 servitute
686 2325 802 2357 quadam
817 2326 952 2360 corporis,
963 2334 1022 2361 qua:

236 2364 389 2398 corruptela
417 2365 543 2399 obcatur,
561 2369 663 2402 egressi
693 2369 720 2395 in
738 2370 855 2403 pcnitius
870 2371 958 2398 velum
976 2380 1018 2406 pe-

237 2415 387 2443 netrenius,
401 2419 455 2446 quo
468 2413 643 2440 anteambulo
659 2422 706 2448 pro
721 2415 798 2442 nobis
814 2415 895 2443 Jesus
912 2417 1021 2452 irrupit.

237 2455 290 2481 hoc
302 2459 354 2488 est,
371 2457 397 2483 in
419 2458 537 2486 caelestis
548 2458 725 2495 Jerosolymaa
740 2461 820 2487 bona.
835 2461 917 2495 Igitur
932 2462 1023 2489 mundi

237 2500 327 2528 adhuc
349 2510 433 2537 nugas
455 2504 631 2536 detestamur,
648 2506 762 2533 virtutes
778 2507 856 2533 avide
880 2508 1024 2534 contraha-

237 2553 310 2578 Inus,
326 2547 385 2575 dias
402 2556 554 2576 mercemur
568 2558 644 2584 opes,
661 2558 766 2584 preces,
784 2551 930 2586 lacrymas,
948 2553 1024 2586 puri-

237 2595 330 2624 tatem,
358 2592 486 2626 nitorcm,
510 2594 705 2627 innocentiam,
724 2604 784 2630 quae.
806 2597 866 2624 vita:
885 2603 948 2624 sunt
968 2597 1024 2624 via-

238 2636 290 2663 tica
311 2639 438 2671 perennis
450 2648 457 2671 ;
467 2644 596 2667 caeterum
613 2648 714 2672 escam,
727 2646 831 2676 potum,
845 2643 984 2676 vestitum,
998 2647 1024 2670 et

236 2689 297 2715 qua:
323 2683 375 2710 alia
403 2689 466 2711 sunt
495 2686 648 2713 necessaria
677 2687 783 2721 corpori
815 2688 1023 2722 amplectamur,

237 2732 372 2761 quatenus
395 2730 466 2762 vitae,
483 2737 515 2757 ac
529 2730 662 2759 functioni
684 2732 804 2760 serviant
816 2732 862 2760 Dci
877 2739 1024 2768 prteccpto-

274 2820 294 2835 ¹¹¹
311 2819 368 2848 Jac.
381 2829 417 2853 tv,
434 2821 460 2850 τι.

500 2823 519 2839 ⁸³
535 2823 544 2850 l
559 2822 631 2850 Pctr.
648 2831 684 2857 l\',
706 2824 745 2851 l8.
785 2826 807 2841 ²⁰
830 2825 888 2853 Act.
903 2833 936 2852 xx
963 2825 1007 2853 δι.

1076 2230 1184 2262 cessari,
1211 2238 1268 2256 cum
1296 2229 1422 2262 lacrymia
1447 2236 1554 2255 mortem
1585 2237 1796 2263 unumquemque
1827 2238 1871 2256 ee<

1074 2276 1192 2302 stram“
1209 2283 1216 2307 ;
1237 2275 1364 2309 idemque
1391 2274 1454 2301 alibi
1471 2283 1477 2300 :
1492 2273 1543 2306 Qui
1567 2274 1629 2300 bene
1653 2280 1774 2308 prmum
1794 2284 1869 2309 pres-

1075 2324 1159 2358 byteri
1176 2323 1276 2357 duplici
1290 2323 1388 2348 honore
1406 2321 1480 2356 digni
1507 2321 1662 2353 habeantur,
1688 2322 1806 2347 maxime
1825 2322 1870 2355 qui

1074 2369 1193 2394 laborant
1203 2369 1230 2394 in
1247 2368 1332 2398 verbo,
1348 2372 1372 2394 et
1382 2367 1503 2393 doctrina
1516 2375 1525 2399 ;
1539 2367 1603 2393 dicit
1618 2367 1688 2393 enim
1700 2366 1844 2401 Scriptura
1862 2375 1871 2391 :

1075 2413 1136 2440 Non
1151 2414 1274 2449 alligabis
1290 2421 1318 2440 os
1333 2413 1389 2439 bavi
1408 2413 1564 2444 trituranti;
1581 2418 1608 2439 et
1624 2412 1729 2446 Dignus
1752 2418 1792 2439 est
1806 2421 1870 2446 ope-

1074 2461 1162 2486 rarius
1179 2460 1295 2486 mercede
1317 2467 1366 2485 sua
1377 2460 1410 2485 ²¹.
1438 2458 1555 2485 Videtin‘
1583 2462 1613 2485 ut
1638 2459 1795 2485 necessaria
1820 2458 1871 2485 do-

1074 2506 1162 2532 ctrina
1194 2505 1258 2532 est?
1281 2513 1343 2531 nam
1368 2504 1598 2539 quemadmodum
1624 2504 1726 2538 stirpes
1752 2505 1871 2531 edendis

1073 2549 1211 2577 fructibus
1226 2550 1418 2584 scaturiginem
1439 2550 1580 2584 postulant
1596 2557 1685 2584 aqum,
1708 2551 1750 2576 sic
1770 2550 1872 2577 virtute

1072 2598 1222 2623 exercenda
1249 2597 1371 2632 magistri
1388 2604 1480 2624 vocem
1510 2597 1651 2630 discipuli,
1667 2600 1751 2631 atque
1776 2602 1806 2624 ut
1831 2605 1870 2624 rte

1078 2643 1148 2669 haud
1169 2643 1286 2678 irrigatte
1301 2646 1440 2674 arescunt,
1459 2643 1497 2669 ita
1514 2647 1541 2669 et
1554 2642 1583 2669 hi
1607 2650 1661 2669 non
1683 2642 1775 2670 edocti
1792 2643 1870 2670 defc-

1078 2688 1221 2715 tiscuntur.
1237 2688 1295 2720 Qua
1308 2688 1341 2715 de
1361 2695 1443 2716 causa
1465 2688 1592 2722 equidem
1610 2695 1725 2715 monere
1739 2688 1869 2722 instignr.

1080 2738 1105 2760 ct
1123 2733 1237 2764 hortari,
1254 2743 1285 2760 ac
1297 2735 1340 2769 pol
1367 2735 1503 2762 interdum
1532 2734 1663 2767 refutare,
1677 2739 1703 2761 ct
1717 2734 1869 2766 incessere,

1047 2827 1067 2842 ²¹
1087 2825 1094 2852 l
1111 2826 1180 2854 Titii.
1201 2835 1227 2860 ν,
1241 2827 1282 2860 l7,
1304 2827 1344 2855 l8.
