1921 3073
49 137 90 169 569
604 131 807 164 SERMONES
826 132 1086 165 CATECHETICI.

1603 135 1657 166 670

49 194 66 220 si
87 198 133 226 qua
157 196 261 217 mecum
288 195 337 215 vos
358 195 467 223 quoque
491 193 601 214 servare
629 187 743 222 possim,
762 192 811 212 vos
826 185 848 213 Δ
862 186 1089 218 sim,etexeitare
1100 186 1133 214 ad
1147 186 1463 218 iterincuntbcntesmec
1473 186 1656 218 dextra,sini-

49 238 151 272 quidem,
168 235 276 266 fratres,
290 234 317 261 in
330 233 445 260 Domino
456 232 592 264 valentes,
608 240 640 259 ac
655 233 813 267 prapotenti

49 286 171 310 contractu
182 282 289 310 robore,
305 284 472 306 armaturam
500 279 606 306 induite
627 279 747 305 divinam
759 286 815 313 quo

48 328 130 355 diaboli
147 326 289 353 fraudibus
312 325 448 353 obsistere
459 325 576 359 queatis,
590 325 637 358 qui
662 324 735 351 haud
750 324 814 351 dor-

48 375 102 401 miat
115 381 187 405 sane,
201 372 268 407 quin
282 372 427 399 adversum
446 378 497 398 nos
514 371 617 405 vigilet,
634 375 703 397 eteo
718 370 814 404 magis,

49 419 106 453 quod
119 418 222 445 animos
241 416 377 450 conspicit
393 417 473 444 lucta).
486 415 685 443 incumbentes.
707 415 758 448 Qui
771 416 815 442 ubi

49 465 139 492 iuvadat
162 463 348 499 (naminvadit
362 468 454 492 noctu,
465 467 546 496 atque
556 462 696 495 interdiu),
713 466 816 488 stemus

49 510 156 541 animosi,
173 517 350 536 accurramtts
378 509 488 535 adeum
511 508 585 542 quie
610 511 697 534 tnorte
721 507 817 533 liberet

49 556 144 590 peccati,
161 555 289 590 pret-ibus
312 554 475 581 adhibendis
503 553 649 583 contentis.
679 560 729 580 nec
757 552 817 579 sine

50 602 144 629 fervidis
156 602 294 636 lscrymis,
310 608 341 627 ac
355 600 472 627 facesset
487 600 566 626 ocius
580 599 709 626 inimicus
724 607 732 631 ;
747 599 817 625 scri-

50 653 109 682 ptum
124 652 164 675 est
189 647 262 674 enim
279 647 305 673 in
320 646 436 673 Psalmis
450 655 457 672 :
475 645 571 672 Inuoco
582 654 623 672 me
636 646 663 671 in
680 646 721 672 die
734 645 818 671 tribu-

49 695 138 721 lationis
151 698 246 731 tua,“
256 701 346 720 eruam
359 697 393 724 te,
409 697 432 719 et
449 692 636 726 honoriﬁcabt's
650 700 690 718 me
704 691 736 716 ".
755 690 817 717 Vul-

49 747 89 766 nus
102 739 193 765 inflixit
208 738 319 765 hostis‘l
334 741 362 765 at
383 737 517 764 Dominus
547 737 665 764 sanavit.
688 735 817 763 Turbavit

49 785 98 811 ille?
124 784 196 818 atqui
238 783 381 818 imperavit
413 783 500 813 mari,
524 782 637 814 sileret,
680 781 817 808 contices-

49 835 124 863 ccret;
154 829 319 857 fluctuantes
352 829 379 855 in
410 828 491 855 nobis
524 828 703 862 cogitationes
735 827 814 854 seda-

48 877 84 903 vit.
101 877 184 911 Atque
213 884 232 904 ο
258 874 490 902 munificentiam!
508 874 552 901 vix
577 873 697 900 invocari
720 873 813 907 coepit,

48 932 94 950 t'uln
119 924 238 951 beneﬁce
262 930 295 950 ac
316 922 467 950 liberaliter
495 926 672 956 praeverteris,
693 920 815 948 volatri-

48 969 92 995 ltuit
114 969 244 1002 precanti,
274 967 398 1002 nubeqtte
411 967 529 1000 quadam
540 966 656 993 tristitite
678 966 813 998 discussa,

47 1014 142 1048 t-gregiis
157 1013 240 1040 animi
253 1014 341 1040 sensis
358 1012 494 1044 ineundis,
514 1012 573 1039 luce
589 1011 671 1039 allicit
686 1016 812 1038 mentem.

47 1059 137 1092 thuid
150 1067 202 1087 non
219 1063 283 1094 agat
302 1059 426 1090 scilicet;
443 1066 505 1084 natn
520 1058 566 1092 qui
581 1062 722 1092 nostrapte
731 1064 814 1084 causa

48 1112 69 1130 se
81 1105 169 1132 obtulit
186 1105 213 1131 in
231 1112 336 1136 necem,
353 1111 386 1131 ac
401 1103 446 1138 pol
466 1103 567 1135 crucis,
585 1103 632 1138 qui
647 1107 737 1136 potest
760 1109 813 1129 μου

49 1157 89 1175 uua
101 1157 186 1177 secum
201 1150 296 1177 omnia
313 1149 427 1184 largiri?
441 1149 477 1177 Ut
492 1148 672 1176 insistendum
689 1148 734 1180 sit,
758 1147 814 1174 fra-

49 1199 100 1226 tres,
113 1196 155 1230 qui
170 1197 193 1223 ei
217 1195 325 1222 fortiter
352 1195 517 1226 serviamus,
534 1201 585 1222 nos
599 1202 613 1221 a
635 1193 756 1228 lapsibus
772 1201 814 1221 re-

48 1247 167 1275 vocantes,
183 1242 324 1276 studiique
340 1241 509 1269 curriculum
527 1241 672 1268 monastici
686 1245 815 1267 contente

47 1287 214 1322 decurrentes,
241 1289 309 1316 certi
325 1294 448 1315 extremo
470 1287 497 1314 in
513 1287 663 1315 certamine
682 1287 815 1322 repositas

49 1341 155 1363 coronas.
176 1336 249 1370 Ergo
269 1339 377 1362 utamur
386 1333 560 1362 confessione
576 1333 722 1368 frequenti,
735 1338 812 1368 post-

49 1388 115 1414 quam
129 1381 236 1408 frenum
252 1388 306 1407 non
322 1379 452 1414 peccandi
474 1378 611 1407 confessio
626 1383 689 1411 est;
705 1383 815 1406 utamur

49 1427 223 1458 tubmissione,
253 1433 308 1460 qua
328 1426 405 1460 ignea
423 1425 533 1460 maligni
551 1425 601 1451 tela
629 1424 790 1459 frangamus
805 1433 813 1457 ;

49 1477 140 1499 utamur
151 1472 212 1503 title.
227 1472 288 1499 sine
299 1479 352 1506 qua
370 1472 425 1498 Deo
435 1471 542 1505 placere
553 1470 639 1497 nefas.
655 1469 714 1497 iam
733 1470 815 1496 mira-

49 1524 97 1543 mur
111 1517 210 1550 forsan,
240 1525 272 1544 ac
291 1517 471 1549 demiramur,

49 1562 166 1597 cogitatis.
182 1563 335 1598 quamlibet
349 1567 498 1594 certantes,
512 1562 665 1596 capiamur,
690 1562 736 1589 sed
752 1562 818 1596 pati—

49 1615 98 1635 mur
109 1609 132 1636 id
143 1609 272 1636 nimirum
285 1609 320 1636 ob
329 1609 579 1643 praevaricationem
593 1609 617 1634 in
629 1608 744 1640 Adamo,
756 1615 818 1634 nam

22 1664 24 1669 ι
49 1652 167 1688 Regnavit,
181 1654 284 1690 inquit,
297 1662 366 1681 mors
385 1653 417 1680 ab
440 1653 526 1680 Adam
544 1661 624 1688 usque
644 1653 678 1679 ad
704 1653 816 1684 Morem,

49 1701 114 1726 etiam
127 1701 151 1727 in
164 1710 208 1728 eos
223 1700 272 1731 qui
285 1708 337 1726 non
365 1704 535 1734 putaverant
561 1700 589 1726 in
614 1700 817 1727 similitudinem

49 1747 255 1778 prcuricationis
277 1746 342 1774 Adte
357 1746 390 1773 ".
418 1746 534 1780 Alteque
560 1746 586 1783 in
611 1751 736 1772 naturam
754 1745 816 1772 libi-

49 1790 126 1818 dinum
140 1792 197 1819 lues
214 1797 244 1819 et
258 1792 384 1826 contagio
399 1791 530 1827 pervasit,
542 1798 603 1825 quas
612 1791 662 1818 etsi
674 1791 700 1818 in
715 1791 817 1818 Christi

49 1836 145 1864 adventu
160 1839 384 1872 regenerationis
408 1838 527 1869 lavacro,
538 1837 683 1871 sanctique
698 1837 818 1872 Spiritus

49 1882 228 1912 instauratione
243 1889 339 1911 sanata
364 1885 390 1911 in
405 1884 548 1919 antiquum
579 1888 680 1911 statum
695 1884 816 1915 revertit,

48 1933 195 1964 tamenquae
222 1935 352 1964 corrupta
380 1930 465 1957 semel
489 1930 677 1964 aegritudinem
707 1934 818 1957 contra-

49 1975 112 2006 xerit,
130 1975 207 2004 facile
223 1976 389 2011 negligentia
418 1977 474 2003 ruit
504 1976 531 2003 in
547 1976 701 2004 libidinem.
722 1975 815 2003 Enim-

48 2026 98 2047 vero
115 2021 131 2048 ii
144 2023 230 2049 sancti
244 2029 365 2052 evasere,
383 2022 547 2054 reverentia,
563 2026 590 2049 et
612 2029 707 2048 amore
724 2021 817 2048 divino

48 2068 176 2099 temperata
190 2066 272 2101 quasi
299 2067 417 2101 quadam
434 2067 533 2094 mentis
556 2067 627 2098 acie,
639 2066 686 2101 qui
702 2074 766 2093 curn
782 2066 817 2093 ad

48 2111 185 2142 presidium
202 2111 257 2139 sibi
273 2111 436 2142 sufﬁcerent,
465 2117 520 2139 tum
538 2119 650 2138 manum
666 2111 727 2139 aliis
749 2119 815 2146 por-

48 2156 159 2189 rigerent,
177 2158 314 2185 dmmonia
332 2157 468 2192 fugat-ent,
485 2158 589 2185 infinita
600 2158 715 2186 ederent
730 2159 816 2186 mira—

48 2201 109 2234 tznla;
119 2211 234 2238 quorum
243 2203 293 2231 etsi
306 2211 320 2230 a
331 2204 386 2231 vita
397 2204 530 2233 absumus
542 2204 632 2239 longe,
643 2205 742 2232 itnitari
754 2206 814 2239 qui—

48 2246 95 2273 tlem
111 2253 192 2280 certe,
209 2253 343 2283 quantum
355 2248 413 2275 fieri
428 2250 816 2283 potest,c0nemur,clctnentc

49 2291 154 2321 Deolam
177 2300 304 2322 nostrum
333 2295 404 2322 exile
430 2303 529 2322 munus
556 2301 712 2330 accepturo,
733 2304 815 2331 quam

48 2337 138 2367 illorum
161 2341 295 2376 praeclara
325 2341 457 2373 facitmra,
488 2349 520 2368 ac
547 2350 659 2375 regnum
694 2342 817 2376 utrisque

47 2390 111 2411 suum
137 2387 286 2420 praebitura
310 2394 357 2420 per
382 2387 521 2413 Christum
549 2387 643 2414 Jcsum
670 2387 815 2416 Dominum

48 2435 170 2458 nostrum:
189 2433 233 2459 cui
259 2432 343 2467 gloria
358 2436 384 2460 et
407 2433 550 2467 imperium
577 2440 640 2460 cum
664 2432 753 2464 Patre,
782 2441 815 2460 ac

48 2480 124 2503 sancto
143 2477 259 2512 Spiritu,
292 2486 364 2506 nunc
392 2483 420 2505 et
440 2486 560 2513 semper,
589 2479 616 2506 in
649 2485 816 2514 omnemque

48 2522 253 2553 perpetuitatem.
273 2521 367 2550 Amen.

295 2600 414 2629 SEBMO
433 2601 551 2630 CXXIII.

48 2652 77 2679 De
111 2657 200 2696 itinere
231 2658 349 2696 spiritali
381 2659 491 2696 impigre
526 2660 664 2696 ineundo,
689 2662 748 2687 vitm
777 2661 818 2687 Itt'c

74 2693 215 2751 «secundis
247 2693 367 2725 deliciis,
386 2694 466 2727 deque
492 2695 638 2721 mansionis
656 2696 819 2723 beatitudine

76 2733 114 2751 nos
128 2735 172 2754 ηε.

75 2768 172 2799 Fratres
191 2772 351 2808 Patrcsquc,
364 2775 453 2801 solent
465 2775 581 2802 viatores
594 2776 724 2810 instigare
736 2777 816 2804 vicis-

72 2827 90 2841 “
99 2829 162 2856 Psal.
179 2839 251 2862 xuv,
267 2832 308 2857 15.

349 2833 370 2847 ³³
387 2832 465 2864 Ιιυιιι,
481 2841 506 2865 v,
525 2834 563 2861 Ii.

50 2867 72 2894 Ὺ,
88 2864 122 2890 13,

160 2867 180 2881 "
200 2867 280 2893 lium.
298 2874 327 2899 lt,
341 2867 366 2894 5.

605 2836 624 2851 "‘
643 2835 719 2864 Joan.
730 2845 788 2870 xw.
804 2840 830 2872 2,
845 2839 870 2866 Δ.

866 235 957 258 strave
971 231 1131 266 deﬂecterej,
1148 232 1195 259 sed
1208 231 1249 258 via
1268 232 1341 266 regia
1355 232 1490 266 grassari,
1506 239 1538 258 ac
1554 232 1596 266 pol
1617 233 1658 260 ci-

866 277 942 309 bum,
952 281 1055 311 potum,
1069 284 1195 304 somnum
1208 284 1305 311 capere
1316 277 1497 309 moderatum,
1507 285 1561 311 quo
1572 279 1658 305 diaeta:

867 326 1080 356 temperamento
1095 321 1202 348 itineris
1209 328 1347 348 rerumnas
1359 321 1474 348 leviores
1486 327 1655 355 comparent.

868 367 1005 399 Quorsum
1024 367 1076 394 hoc
1097 367 1166 394 mihi
1186 367 1368 402 promtnium?
1383 366 1466 394 Plane
1487 371 1515 393 et
1541 375 1588 400 per
1609 376 1658 395 vos

867 413 974 447 capitis,
987 413 1034 447 qui
1048 413 1167 440 viatores
1181 413 1292 447 quidam
1310 413 1336 439 in
1352 413 1405 440 hac
1418 414 1473 440 vita
1487 413 1585 444 simus,
1599 413 1656 447 ple-

868 466 932 484 nttm
958 458 1073 492 ingreSsi
1105 459 1178 485 mille
1200 458 1251 485 iter
1274 457 1430 490 laboribus,
1449 459 1607 490 cohortari,
1629 463 1657 486 et

868 505 990 531 animare
1006 504 1119 530 invicem
1136 504 1162 530 in
1179 503 1375 530 certaminibus
1383 508 1519 538 oportere,
1530 503 1657 530 minime-

867 558 920 583 que
935 549 1103 584 palabundos
1119 556 1283 582 excurrere;
1299 549 1363 579 cibi,
1381 554 1470 581 potus,
1484 549 1574 578 somni
1590 556 1658 575 con-

869 593 1003 623 tinentes,
1019 600 1051 618 ne
1066 593 1128 619 hinc
1147 592 1250 625 gravati
1266 597 1455 626 torpescamus
1473 591 1506 617 ad
1521 592 1589 624 iter;
1608 600 1658 618 nec

869 646 922 664 non
941 638 1003 664 vitae
1028 637 1070 664 hic
1088 637 1192 665 deliciis
1212 637 1315 664 aversis
1328 656 1336 668 ,
1359 644 1391 663 ac
1414 637 1532 663 viatores
1555 644 1658 670 nequa-

868 693 950 719 quznn
966 685 1020 712 huc
1036 684 1101 711 illuc
1127 691 1158 710 se
1171 687 1352 715 convertant,
1367 683 1542 710 dextrorsum
1558 689 1604 709 aut
1618 683 1656 709 si-

869 732 1033 759 nistrorsum
1045 751 1053 763 ,
1070 730 1176 763 iterque
1190 729 1277 756 solum
1295 732 1420 763 urgentes
1434 749 1441 761 ,
1461 736 1514 762 quo
1528 727 1658 755 festinent

869 776 1051 804 diversorium
1071 780 1236 810 respectent.
1257 774 1297 802 Ac
1316 782 1365 801 nos
1382 773 1526 801 diversorii
1541 772 1632 800 felices
1647 793 1655 804 ,

869 829 918 849 seu
934 821 1026 856 potius
1042 821 1211 848 mansionem
1223 820 1340 851 felicem,
1357 827 1418 854 qum
1433 819 1505 846 haud
1520 822 1657 853 tempora-

866 867 905 894 ria
916 887 923 898 ,
940 867 986 893 sed
1001 871 1102 893 mterna
1116 886 1123 899 ,
1139 873 1227 900 neque
1243 865 1270 891 in
1296 866 1400 892 caduco
1415 884 1422 896 ,
1440 864 1487 891 sed
1508 864 1657 891 immortali

866 911 953 946 posita
969 911 1028 938 solo
1048 915 1100 940 est,
1117 911 1163 937 ubi
1184 909 1312 945 gaudium
1324 929 1331 941 ,
1349 917 1401 944 pax
1415 930 1422 940 .
1435 909 1590 943 triumphus
1602 910 1657 944 agi-

867 962 949 988 tetur,
963 956 997 983 de
1011 964 1065 990 qua
1079 955 1184 982 Domini
1202 956 1227 982 in
1243 955 1395 989 Evangeliis
1410 955 1467 981 haec
1479 960 1541 981 sunt
1553 955 1633 981 verba
1647 963 1654 981 :

867 1002 898 1029 In
913 1002 990 1029 domo
1008 1002 1098 1028 Patris
1120 1001 1171 1027 mei
1188 1001 1335 1027 mansiones
1353 1000 1443 1027 multra
1462 1005 1533 1031 sunt,
1547 1001 1570 1026 si
1589 1008 1655 1034 quo-

867 1047 954 1074 minus
969 1047 1096 1073 dixissent
1110 1045 1182 1073 vobis
1195 1054 1203 1073 :
1227 1045 1299 1072 Vado
1314 1054 1409 1078 parum
1426 1045 1497 1071 vobis
1514 1045 1599 1071 locum
1610 1065 1616 1076 ,
1630 1049 1654 1071 et

869 1093 892 1120 si
909 1094 997 1120 abiero
1010 1101 1106 1127 parare
1126 1093 1234 1123 locum,
1260 1092 1356 1118 iterum
1376 1092 1464 1121 venio,
1483 1095 1507 1116 et
1529 1091 1655 1123 accipiam

868 1147 912 1165 vos
927 1139 961 1165 ad
973 1139 1101 1172 mcipsttm
1113 1158 1120 1170 ,
1137 1143 1165 1164 ut
1184 1137 1228 1164 ubi
1239 1145 1298 1164 sum
1312 1144 1358 1171 ego
1374 1142 1397 1163 et
1410 1144 1454 1163 vos
1467 1137 1535 1163 sitis.
1556 1135 1588 1161 Et
1604 1144 1655 1170 quo

869 1193 914 1219 ego
928 1184 994 1211 vado
1013 1184 1102 1216 scitis,
1124 1189 1147 1210 et
1161 1184 1231 1210 viam
1246 1183 1319 1209 scitis
1335 1182 1368 1208 “.
1392 1181 1485 1209 Viden’
1502 1181 1611 1216 ingens,
1627 1185 1655 1207 et

865 1229 1076 1264 incomparabile
1084 1228 1247 1263 promissum
1258 1227 1341 1262 ‘ilQuis
1354 1235 1407 1254 non
1420 1232 1549 1262 exsurgat
1557 1226 1656 1261 porro?

866 1275 927 1309 quis
938 1282 991 1301 non
1002 1275 1104 1302 irruat?
1115 1274 1174 1308 quis
1188 1281 1241 1300 non
1255 1273 1351 1300 avidus
1364 1273 1528 1307 sempiterna
1543 1273 1600 1299 haec
1616 1277 1656 1299 ta-

866 1320 1015 1348 bernacula
1031 1321 1161 1347 invadat?
1173 1327 1288 1354 quorum
1305 1318 1435 1345 incensus
1451 1317 1586 1344 desiderio
1603 1316 1656 1343 Da-

867 1366 911 1393 vid
929 1373 1028 1394 canere
1046 1374 1053 1393 :
1071 1365 1158 1398 Quam
1175 1365 1271 1392 dilecta
1286 1364 1458 1391 tabernacula
1470 1369 1527 1397 tua,
1546 1363 1657 1390 Domine

866 1413 992 1439 virtutum
1005 1412 1015 1438 .'
1033 1411 1204 1446 concupiscit,
1220 1416 1244 1438 et
1262 1410 1347 1445 deficit
1365 1411 1453 1436 animo
1470 1417 1528 1436 mea
1543 1409 1570 1435 in
1584 1409 1656 1435 atria

868 1456 1020 1483 Domini".
1042 1456 1110 1483 Nam
1134 1456 1260 1490 equidem
1280 1455 1404 1489 jucunda
1426 1462 1457 1481 ea
1482 1454 1656 1481 tabernacula

487 1516 719 1551 quemadmodum
739 1515 818 1543 {mdis
831 1510 853 1539 (ι
870 1506 949 1551 sunt,
971 1502 1016 1529 hic
1033 1501 1111 1536 quasi
1127 1501 1238 1551 quidam
1260 1500 1376 1527 dedititii
1391 1500 1515 1530 obimus,
1533 1499 1658 1551 aliquan-

872 1548 957 1574 tillum
978 1551 1120 1574 constante
1140 1546 1193 1573 vita
1207 1565 1215 1578 ,
1236 1549 1382 1580 postquam
1406 1549 1433 1571 et
1458 1544 1589 1572 saeculum
1604 1544 1657 1571 hoc

869 1600 951 1620 omne
968 1601 1016 1627 pro
1032 1592 1141 1619 diecula
1158 1592 1190 1618 ad
1206 1590 1327 1618 futurum
1345 1590 1464 1617 ducitur.
1486 1589 1522 1617 Ut
1536 1590 1604 1616 nihil
1622 1590 1658 1616 sit

869 1646 918 1666 cur
933 1646 997 1665 cum
1012 1638 1114 1665 mundo
1130 1643 1344 1664 consuescamus
1358 1642 1441 1669 porro
1451 1656 1458 1668 ,
1479 1639 1526 1661 aut
1538 1641 1657 1668 praesert-

869 1684 942 1712 tibus
958 1684 1108 1716 inhientus,
1127 1687 1175 1710 aut
1191 1690 1246 1709 non
1261 1682 1350 1709 dicam
1365 1682 1393 1708 in
1408 1682 1461 1708 hoc
1479 1686 1506 1707 et
1519 1679 1583 1707 illud
1598 1684 1656 1706 stu-

868 1729 941 1756 dium
956 1729 1087 1760 feramur,
1100 1728 1145 1756 sed
1161 1735 1195 1755 ne
1206 1727 1232 1754 iu
1245 1727 1306 1754 coeli
1322 1726 1444 1761 quidem,
1457 1731 1546 1757 terras,
1560 1724 1656 1757 maris,

869 1776 949 1809 lunte,
962 1776 1039 1807 solis.
1053 1775 1203 1806 stellarum,
1218 1781 1249 1800 ac
1261 1781 1322 1808 qua:
1337 1772 1390 1799 alia
1410 1776 1474 1799 sunt
1487 1772 1634 1805 conspicua
1647 1779 1655 1803 ;

868 1829 928 1857 quae
941 1822 1013 1848 enim
1029 1829 1090 1847 mox
1107 1820 1274 1851 deseremus,
1288 1819 1322 1845 iis
1337 1817 1400 1852 quid
1418 1816 1600 1850 nequidquam
1616 1817 1658 1842 itt-

868 1868 1019 1895 Ineremusl
1038 1865 1123 1893 Unam
1134 1865 1198 1900 petii
1211 1874 1227 1891 ιι
1244 1865 1366 1897 Domino,
1379 1864 1478 1898 inquit,
1491 1863 1557 1889 hanc
1571 1863 1658 1896 requi-

868 1920 925 1939 rant
946 1917 973 1938 ut
994 1911 1138 1938 inhabitem
1159 1910 1184 1936 in
1203 1910 1281 1936 domo
1300 1908 1408 1935 Domini
1428 1907 1547 1935 omnibus
1567 1907 1658 1933 diebus

868 1959 928 1985 υίιιε
942 1964 1005 1984 ἠερε
1015 1977 1023 1990 ,
1039 1961 1068 1983 ut
1081 1956 1185 1982 videam
1198 1955 1360 1989 voluptatem
1382 1953 1489 1980 Domini
1509 1957 1533 1980 et
1555 1953 1658 1979 visitem

869 2003 992 2038 templum
1008 2006 1130 2029 sanctum
1152 2001 1209 2035 ejus
1227 2000 1260 2026 “.
1286 2000 1347 2032 Quo
1365 1999 1411 2034 qui
1429 1998 1596 2033 pervaserit,
1617 2006 1659 2025 na:

868 2050 902 2077 iis
919 2049 1050 2076 liberatus
1077 2048 1113 2075 sit
1129 2047 1163 2073 ab
1177 2052 1331 2073 aerumnosa
1355 2051 1386 2071 ea
1411 2044 1472 2075 die,
1487 2043 1520 2070 de
1544 2050 1597 2076 qua
1621 2043 1659 2069 ait

868 2099 943 2121 vates
964 2103 971 2121 :
987 2092 1084 2126 thuid
1115 2100 1159 2119 vos
1183 2091 1303 2126 quteritis
1322 2091 1390 2117 diem
1406 2089 1536 2116 Domini?
1554 2096 1584 2114 ea
1600 2088 1659 2121 qui-

868 2141 925 2166 dem
942 2139 1068 2170 tenebrae,
1090 2143 1114 2165 et
1130 2146 1182 2165 non
1205 2136 1252 2164 tua:
1266 2142 1302 2163 est
1319 2136 1352 2162 ".
1374 2136 1460 2168 Quin,
1476 2135 1572 2162 beatus
1584 2133 1658 2168 Apo-

868 2187 954 2213 stolus
966 2193 1073 2220 qttoqtte
1089 2184 1162 2212 diem
1181 2183 1300 2218 appellat
1318 2182 1374 2215 ine,
1392 2182 1526 2214 scribens,
1544 2181 1570 2208 in
1588 2181 1659 2207 hanc

866 2232 1050 2258 sententiam:
1075 2230 1250 2256 Thesaurizas
1268 2228 1315 2255 tibi
1334 2229 1402 2254 iram
1432 2228 1461 2254 in
1484 2227 1554 2254 diem
1589 2227 1658 2257 inn,

867 2282 891 2304 et
918 2276 1082 2304 reuelationis
1101 2295 1108 2305 .
1137 2279 1161 2301 et
1182 2274 1248 2309 justi
1272 2273 1370 2308 judicii
1397 2272 1471 2305 Dei,
1497 2272 1542 2307 qui
1569 2271 1659 2298 reddet

868 2322 1008 2356 unicuique
1025 2321 1167 2348 secundum
1185 2327 1264 2354 opera
1283 2319 1340 2353 ejus
1356 2319 1388 2344 "'.
1413 2318 1498 2352 Atque
1516 2321 1544 2343 ut
1568 2323 1660 2342 exem-

868 2367 913 2401 plo
938 2373 1029 2393 rerum
1050 2373 1111 2400 qua:
1134 2365 1160 2391 in
1184 2372 1236 2391 nos
1257 2363 1402 2390 incurrant
1423 2369 1585 2389 terumuoste
1600 2361 1659 2395 ejus

869 2413 921 2440 diei
942 2413 1120 2440 simulacrum
1144 2410 1279 2445 quoddam
1298 2415 1447 2443 proponam
1464 2428 1472 2440 ,
1501 2415 1659 2434 revocemus

869 2459 902 2486 ad
930 2458 1107 2489 memoriam,
1134 2456 1157 2483 si
1177 2455 1294 2487 videtur,
1310 2454 1448 2481 hominem
1472 2452 1585 2488 jamjatn
1608 2452 1660 2478 huc

870 2505 1026 2539 appulsum,
1041 2503 1087 2538 qui
1101 2510 1115 2529 a
1130 2501 1265 2529 tltcmonio
1280 2500 1410 2527 multatus
1425 2498 1659 2533 strangulabatur,

870 2551 983 2581 ardens,
999 2552 1026 2575 et
1045 2547 1128 2574 animi
1144 2550 1263 2573 aestuans
1277 2563 1284 2576 ,
1302 2552 1334 2572 ac
1350 2544 1507 2571 vociferans
1522 2543 1581 2570 dies
1608 2551 1659 2569 no-

868 2600 998 2630 ctesque,
1026 2597 1149 2625 statum,
1171 2597 1199 2618 et
1224 2592 1373 2626 requietem
1397 2591 1523 2617 obtinens
1543 2590 1657 2617 nullatn.

868 2641 944 2675 Quod
970 2641 1089 2668 hominis
1115 2639 1173 2666 leve
1196 2638 1359 2674 supplicium
1384 2636 1526 2663 censetis?
1550 2635 1660 2662 Minime

868 2685 1067 2722 gentium..|am
1085 2685 1110 2712 id
1128 2684 1264 2711 somnium
1277 2673 1338 2710 cum
1355 2683 1389 2709 sit
1399 2681 1569 2712 adfuturum,
1582 2673 1664 2714 illud,

868 2733 975 2764 fratres,
991 2732 1036 2766 qui
1051 2730 1219 2765 perferamus
1232 2750 1240 2762 ,
1263 2730 1350 2764 ignem
1366 2728 1575 2758 incxstinctutn,
1599 2728 1659 2754 sine

868 2783 955 2805 morte
973 2784 1103 2808 vermem,
1123 2775 1196 2802 mille
1219 2775 1270 2802 alia
1289 2774 1416 2809 perennia
1434 2773 1589 2800 tormenta?
1605 2772 1655 2799 Vcs

910 2839 930 2854 ²³
949 2836 1020 2864 i’sal.
1038 2841 1151 2866 Lxxxttt,
1167 2833 1193 2860 5.
1233 2833 1254 2847 ²⁰
1271 2832 1342 2859 l’sal.
1358 2839 1419 2858 xxvi
1431 2848 1438 2864 ,
1450 2831 1476 2857 4.
1516 2831 1536 2846 ’⁷
1552 2831 1653 2864 Amos,
