1921 3073
48 156 102 187 6τ3

636 155 839 186 SERMONES
858 155 1126 187 CATECHETICI.

1629 157 1683 191 674

48 219 104 242 ται,
129 208 198 236 ἀλλὰ
219 209 268 236 καὶ
289 209 358 244 ὅπερ
373 209 466 244 ῖχουσι
485 208 585 245 μικροῦ
606 209 661 236 δεῖν
676 211 838 237 ἀπολύσων

894 215 1012 245 augeant
1028 217 1141 243 sortem,
1159 216 1186 239 et
1206 219 1302 246 parum
1320 212 1398 239 abest
1410 213 1476 247 quin
1491 213 1563 249 quod
1581 213 1682 242 habent

49 258 122 288 τίνες
144 256 166 283 δ’
183 256 216 283 ἂν
233 255 289 282 εἷεν
302 253 392 287 οὗτοι;
417 256 449 282 Ol
468 256 517 288 τὰς
536 256 675 289 διακονίας
691 257 844 292 παραιτού-

50 310 137 336 μενοι,
155 302 203 328 καὶ
226 301 258 328 τὺ
285 301 462 336 συγχώρησον
481 302 541 328 ἀντί
563 310 638 334 τινος
658 302 843 337 δικαιώματος

48 348 277 383 προϐαλλόμενοι.
305 348 338 374 Τί
364 347 462 381 λέγεις,
479 348 595 382 Melae;
618 349 699 383 μέχρι
725 348 842 375 θανάτου

49 395 96 428 τὴν
109 393 236 428 ὑπακοὴν
251 393 418 427 ὲπηγγείλω,
433 393 480 419 καὶ
491 393 537 422 νῦν
551 395 672 429 παραιτῇ
688 394 739 429 τὴν
750 394 842 420 διακο-

50 440 107 465 νίαν
123 440 189 474 περὶ
203 440 236 474 ἢν
253 439 362 473 εὐφυῶς
383 439 455 473 ἔχεις
463 439 495 465 ἑκ
511 439 622 474 χάριτος
633 439 701 466 Θεοῦ
710 439 841 474 (5);“Δ).λ’

49 485 100 515 ὅτι,
124 485 202 518 φησὶ,
224 483 331 510 δέδοικα
348 483 470 511 διαπλεῖν
492 485 542 518 τὴν
564 483 718 511 θάλασσαν’
739 484 769 516 ἐξ
783 486 843 511 ἁπι-

50 530 137 561 στίας,
152 530 213 557 ἐκεῖ
226 529 393 564 φοϐούμενος
407 529 501 562 φόϐον,
515 525 547 555 οὗ
559 529 609 556 οὐκ
625 529 683 556 ἐστι
699 529 780 563 φόϐος
791 539 798 544 ·
816 531 841 556 εἰ

48 576 102 610 γὰρ
117 574 258 604 πεποιθὼς
275 572 308 609 ἧς
325 575 358 609 τῇ
374 574 491 609 ὑπακοῇ,
506 576 536 600 οὐ
556 574 637 609 μόνον
650 573 773 601 διαπλεῖν
792 575 841 609 τὴν

49 621 199 652 θάλασσαν,
217 619 285 646 ἀλλὰ
296 620 343 646 καὶ
359 620 461 654 γυμνὸς
478 619 517 654 τῷ
533 619 641 655 σώματι
656 622 755 655 χωρεῖν
769 620 842 647 κατά

47 665 93 692 τοῦ
111 664 209 696 ὓδατος
219 672 226 678 ·
244 664 414 698 μιμούμενος
427 664 473 690 τὸν
488 665 609 699 ἀοίδιμον
622 665 726 691 ικεῐνον
740 665 842 692 61:01a-

47 709 161 745 κτίτην·
186 709 215 740 ὃς
236 710 270 744 τῇ
295 710 415 744 πατρικῇ
438 709 533 744 ἐντολῇ
554 710 770 744 ἐπερειδόμενος,
791 711 841 736 οὐκ

46 755 133 780 ἔδεισε
150 754 196 780 τὸν
212 754 327 789 φοϐερὸν
344 755 448 782 ἐκεῖνον
472 755 593 790 ποταμὸν
613 756 743 791 περᾶσαι,
774 757 842 783 ἀλλὰ

45 800 227 835 διαπεράσας,
245 799 337 834 ἔμεινε
353 800 436 835 μηδὲν
461 800 555 828 παθὼν
568 801 606 833 ὡς
627 802 760 837 ἐκστῆσαι
778 804 840 835 τοὺς

45 845 256 878 ὲπιϐλέποντας.
277 845 399 882 ’Υπακοὴ
410 846 501 872 τοίνυν
516 848 563 874 καὶ
577 847 660 883 θηρία
675 847 839 875 ὑποτάσσειν

893 257 1049 292 prodigam.
1069 257 1186 289 Quinam
1205 257 1243 290 lii,
1261 258 1361 285 sodes?
1379 259 1426 293 qui
1444 257 1529 286 ofﬁcia
1544 264 1684 291 recusent,

893 307 927 327 ac
941 309 990 335 pro
999 309 1079 336 aequo
1094 302 1240 336 objecteut.
1251 302 1398 330 Comilare.
1412 303 1479 336 Quae
1493 304 1560 337 haec,
1569 305 1682 338 malum,

894 351 937 373 est
951 347 1059 373 oratio?
1076 347 1143 374 itan'
1154 347 1308 375 obedientia
1323 349 1364 375 vel
1382 350 1408 376 in
1438 357 1531 376 necent
1546 351 1682 382 condicta,

893 399 967 418 nunc
978 391 1095 418 oﬂlcium
1108 393 1245 420 detrectas
1256 393 1290 420 ad
1305 395 1378 428 quod
1394 402 1442 428 per
1456 395 1500 421 Dei
1517 396 1631 430 gratiam
1645 396 1684 423 sis

894 437 1027 464 idoneus?
1040 437 1111 472 Ergo
1136 438 1289 466 obedientia
1304 440 1417 466 corruit.
1443 441 1478 467 At
1488 442 1560 467 enim
1575 449 1682 474 vereor,

894 482 992 516 inquit,
1010 482 1135 517 trajicere
1150 491 1234 511 rnare.
1250 483 1298 511 Pol
1319 493 1374 519 prae
1399 486 1551 520 pervicacia
1575 492 1680 520 vetere,

892 527 1041 554 formidine
1053 528 1153 555 ductus
1172 529 1216 556 ubi
1232 529 1435 558 formidandum
1452 532 1487 558 sit
1502 532 1570 559 nihil
1584 551 1591 563 .
1617 539 1682 559 nam

892 573 1046 600 obedientia
1073 573 1225 608 prendens,
1254 582 1307 602 non
1333 577 1421 603 solum
1450 584 1523 604 mare
1549 578 1681 613 trajicias,

891 618 956 651 quin
972 618 1014 646 vel
1030 619 1102 646 nudo
1116 626 1232 653 corpore
1254 621 1359 648 insilias
1381 621 1407 648 in
1429 630 1529 657 aquam
1540 643 1547 655 ,
1562 623 1681 650 nobilem

892 664 969 690 illum
988 665 1130 692 subditum
1147 666 1270 694 imitatus
1282 668 1328 701 qui
1347 671 1462 702 paterno
1480 669 1561 696 nixus
1578 676 1680 703 prame-

892 716 948 744 pto,
960 711 1032 738 haud
1045 712 1171 739 extimuit
1187 719 1263 740 atrox
1276 713 1378 741 ﬂumen
1409 719 1527 747 tranare,
1552 716 1682 750 trajecto-

891 765 945 791 que
965 757 1067 785 illaesus
1080 759 1217 792 perstitit,
1243 763 1273 786 ut
1297 760 1521 794 obstupest-ereut
1547 761 1680 788 videntes.

891 802 962 836 Quin
983 804 1077 831 domat
1088 805 1240 832 obedientia
1262 805 1335 833 feras
1346 825 1354 838 ,
1366 806 1410 833 cui
1424 806 1540 834 orationi
1557 807 1681 834 testimo-

893 849 967 876 nium
983 850 1055 877 dicet
1069 850 1116 884 qui
1141 855 1256 885 paterno
1270 851 1349 886 jussu
1377 852 1499 887 hyaenam
1515 852 1612 879 vinxit.
1630 852 1681 879 Ea-

44 890 113 917 οἷδεο
140 891 189 918 καὶ
205 891 311 927 μάρτυς
324 891 370 917 τοῦ
385 892 476 925 λόγου,
491 893 505 918 ὁ
520 893 553 919 ἐκ
568 894 705 928 πατρικῆς
721 902 838 929 προστα-

889 895 1007 929 demque
1025 896 1081 922 edit
1096 896 1122 922 in
1141 897 1256 924 mortuis
1283 883 1412 929 ostenta',
1436 898 1509 932 quod
1534 897 1642 925 locutus
1665 905 1681 924 e

43 937 95 970 γῆς
118 936 274 970 δεσμεύσας
293 936 343 971 τὴν
356 936 451 963 ὕαιναν
463 945 470 950 ·
493 937 602 973 ὑπακοὴ
623 939 670 965 καὶ
687 939 716 965 ὲν
730 941 836 974 νεκροῖς

44 982 269 1017 θαυμᾱτουργεί·
284 982 330 1008 καὶ
347 982 424 1010 τοῦτο
442 983 560 1018 ὲδιδάχει
572 985 586 1010 ὁ
602 985 634 1010 ὲκ
646 984 731 1018 τάφου
746 986 838 1019 φωνή-

46 1036 95 1059 σας
118 1027 257 1059 Ἀκάκιος.
277 1028 333 1055 Καὶ
345 1028 372 1055 τί
389 1028 469 1055 τοῦτο
488 1029 599 1056 κάκεῖνο
621 1029 708 1063 λέγω,
722 1031 803 1062 αὐτὸς
824 1031 838 1057 ό

45 1072 194 1108 μονογενὴς
209 1073 273 1104 Tib;
295 1073 342 1100 τοῦ
362 1073 430 1101 Θεοῦ
451 1074 570 1109 ὑπήκοος
587 1075 733 1110 γενόμενος
757 1077 838 1112 μέχρι

44 1120 172 1152 θανάτου,
191 1119 308 1146 Θανάτου
321 1120 349 1147 δὲ
366 1120 496 1155 σταυροῦ,
511 1121 561 1155 τὴν
581 1122 714 1156 σωτήριον
729 1121 775 1149 τοῦ
790 1122 838 1148 κό-

46 1173 112 1199 σμου
128 1164 288 1199 οἰκονομίαν
308 1165 506 1200 ἀπειργάσατο.
523 1166 578 1192 Καὶ
599 1166 711 1193 τοιαῦτα
736 1167 786 1201 μὲν
802 1168 838 1194 τὰ

43 1211 91 1244 τῆς
105 1210 231 1245 ὑπακοῆς
244 1210 447 1246 κατορθώματα
459 1219 466 1226 ·
482 1211 516 1238 τὰ
530 1211 558 1238 δὲ
571 1212 621 1246 τῆς
635 1212 780 1244 ἀπειθείας
792 1214 838 1247 ὲγ-

45 1256 174 1290 κλήματα
200 1255 291 1290 βούλει
318 1257 432 1291 μαθείν;
456 1257 598 1292 Ἐννόησον
621 1257 667 1284 τὸν
685 1257 787 1293 Ἀδάμ·
808 1259 838 1290 ὃς

45 1303 194 1338 ἐπειδήπερ
216 1303 318 1338 ἢκουσε
338 1303 406 1329 Θεοῦ
427 1303 477 1337 τῆς
499 1304 687 1338 ἀπειρημένης
710 1304 838 1339 βρώσεως

44 1349 281 1383 ἀπογευσάμενος,
302 1348 416 1375 Θάνατον
431 1350 470 1381 είς
488 1349 535 1375 τὸν
551 1351 653 1384 κόσμον
679 1351 835 1385 εἰσήγαγεν.

45 1393 190 1429 Ἐννόησον
202 1396 248 1420 τὸν
269 1394 353 1420 Σαούλ
366 1403 372 1409 ·
398 1395 446 1421 καὶ
469 1395 595 1430 εὑρήσεις
611 1395 660 1422 καὶ
677 1396 758 1423 αὑτὸν
771 1405 838 1431 παρ-

44 1438 204 1465 ακούσαντα
219 1439 267 1465 τοῦ
281 1440 359 1472 ἁγίου
371 1440 510 1475 Σαμουὴλ,
526 1441 571 1467 καὶ
584 1440 652 1475 ὁμοῦ
665 1441 715 1476 μὲν
726 1442 776 1476 τὴν
791 1442 838 1476 βα-

44 1484 158 1515 etiam,
176 1483 246 1519 ὁμοῦ
260 1484 288 1510 δὲ
304 1485 350 1511 καὶ
360 1485 408 1520 τὴν
423 1486 495 1521 ζωὴν
509 1487 549 1518 είς
560 1487 594 1512 τὰ
611 1484 661 1521 ιρη
674 1487 708 1513 τὰ
723 1487 838 1514 Γελϐουὲ

889 946 1068 968 monumento
1083 941 1200 970 Aeacius
1214 942 1368 970 conﬁrmat.
1381 941 1414 969 Et
1422 943 1486 977 quid
1497 943 1554 970 iure
1579 943 1679 978 illaque

888 994 1076 1014 conunemoro
1090 987 1170 1022 iipse
1182 988 1297 1024 unigena
1315 988 1360 1016 Dei
1377 988 1463 1017 Filius
1481 989 1636 1024 obsequens
1652 990 1679 1016 in

889 1038 1017 1066 mortem,
1029 1041 1062 1062 ac
1080 1034 1126 1068 pol
1139 1035 1241 1065 crucis,
1254 1035 1384 1069 sospitum
1395 1035 1452 1062 orbi
1466 1039 1601 1062 terrarqu
1617 1044 1682 1069 pru—

889 1079 1057 1106 curationem
1075 1080 1188 1114 peregit.
1211 1080 1299 1114 Atque
1317 1080 1375 1107 lucc
1386 1084 1450 1107 sunt
1469 1079 1628 1107 obedientiae
1641 1080 1680 1106 fa-

889 1126 993 1152 cinora.
1012 1125 1064 1152 Sed
1079 1125 1136 1152 vin‘
1149 1130 1176 1152 ct
1193 1125 1353 1161 pervicacia!
1368 1126 1483 1152 crimina
1495 1126 1679 1160 cognoscere?

889 1170 1024 1205 Cogitasis
1036 1171 1183 1203 Adamum,
1212 1171 1259 1206 qui
1286 1170 1341 1197 Deo
1365 1170 1534 1202 iuobedicus,
1555 1171 1616 1197 cibo
1629 1179 1679 1206 gu-

890 1221 960 1243 stato
974 1216 1128 1249 interdicto,
1144 1223 1237 1243 necem
1250 1216 1340 1243 intulit
1355 1215 1382 1242 in
1405 1216 1554 1249 mundum;
1572 1223 1678 1244 necnon

890 1267 917 1289 et
935 1262 1059 1293 Saulum.
1073 1271 1152 1296 quem
1169 1262 1375 1297 immorigerum
1393 1262 1514 1289 Samueli
1528 1283 1535 1296 ,
1564 1270 1678 1297 regnum

886 1308 965 1343 juxta
995 1316 1027 1335 ac
1040 1308 1124 1335 vitam
1138 1308 1260 1336 invenies
1275 1308 1301 1335 in
1317 1312 1409 1335 monte
1417 1308 1520 1335 Gelboe
1541 1308 1678 1336 amisisse.

889 1353 938 1380 llis
954 1354 1065 1381 accedat
1079 1354 1188 1381 divinus
1201 1354 1255 1386 illc,
1265 1355 1312 1388 qui
1330 1354 1390 1382 falsi
1404 1354 1546 1382 mendacio
1554 1355 1624 1382 vatis
1635 1355 1678 1381 ln-

890 1400 1052 1428 obcdieutiae
1063 1400 1220 1432 damnatus,
1235 1401 1364 1435 pabulum
1376 1401 1492 1428 traditur
1501 1401 1583 1430 leoni.
1596 1400 1678 1434 Quid,

889 1446 986 1472 beatus
1009 1446 1152 1480 apostolus
1167 1445 1264 1473 l’c-trus
1279 1454 1332 1473 non
1350 1453 1365 1472 a
1386 1446 1502 1473 Domino
1523 1446 1607 1473 lavari
1623 1453 1679 1480 prae

890 1491 1043 1518 reverentia
1073 1492 1226 1518 detrectans
1240 1510 1248 1522 ,
1284 1491 1384 1518 audit:
1402 1492 1433 1518 Si
1455 1499 1506 1518 mm
1532 1491 1617 1518 lavero
1643 1495 1677 1522 te,

43 1530 252 1567 ἀπορρήξαντα.
277 1531 418 1566 Ἐννόησον
435 1532 503 1568 πρὸς
524 1534 630 1565 τούτοις
655 1535 701 1561 καὶ
725 1536 770 1561 τον
791 1535 838 1561 ἆν-

891 1544 942 1563 non
958 1535 1036 1562 [tabes
1050 1541 1154 1570 partem
1171 1544 1269 1562 mecum
1287 1536 1328 1563 "1
1350 1535 1434 1569 Quid,
1458 1536 1503 1570 qui
1529 1536 1555 1563 in
1584 1541 1678 1563 sancto

44 1578 154 1613 θρωπον
171 1578 219 1605 τοῦ
234 1577 301 1604 Θεοῦ
320 1580 423 1606 ἐκεῖνον
434 1586 441 1593 °
458 1579 487 1610 ὃς
511 1581 545 1615 τῇ
560 1580 652 1615 ἀπάτῃ
673 1580 720 1607 τοῦ
744 1581 840 1614 ψευδο-

43 1625 186 1660 προφήτου
198 1626 238 1656 εῐς
252 1625 393 1659 παρακοῆς
405 1624 531 1660 ἔγκλημα
541 1625 742 1660 ἐμπεπτωκὼς,
751 1626 838 1653 λέοντι

44 1671 217 1705 κατάὸρωμα
231 1670 416 1705 παραδίδοται.
433 1671 466 1696 Τί
481 1671 525 1697 δαὶ
542 1671 646 1705 Πέτρος
668 1672 682 1698 6
704 1672 839 1708 μακάριος

45 1716 211 1748 ἀπόστολος
229 1716 289 1750 οὐχὶ
305 1717 545 1751 παραιτησάμενος
568 1716 698 1751 νίψασθαι
722 1717 774 1744 ὑπὸ
791 1717 838 1744 τοῦ

45 1761 149 1796 κυρίου
174 1761 207 1787 δι’
227 1761 381 1792 εὐλάϐειαν,
403 1760 517 1787 ἀκούει·
543 1761 612 1788 Ἐὰν
629 1762 673 1796 μὴ
691 1763 770 1795 νίψω
789 1770 837 1795 σε,

45 1807 99 1833 οὐκ
120 1807 203 1841 ἔχεις
227 1807 316 1840 μέρος
337 1806 402 1840 μετ’
418 1806 503 1841 ἐμοῦ.
522 1807 554 1833 Τί
578 1807 622 1833 δαὶ
642 1808 656 1834 ὁ
675 1809 703 1834 ὲν
717 1807 755 1842 τῷ
768 1808 838 1843 ἁγίῳ

44 1852 176 1887 Εὐθυμίῳ
191 1851 241 1887 τὴν
256 1851 304 1878 τοῦ
320 1851 447 1886 κτηνιτου
465 1852 606 1879 διακονίαν
621 1853 838 1887 ἁπαναινόμενος

43 1899 76 1925 δι’
91 1898 124 1930 εις
153 1898 240 1925 ἐδόκει
269 1898 397 1931 εὐλόγους
422 1898 585 1933 προφάσεις,
606 1899 667 1933 οὐχὶ
688 1899 754 1933 παρ’
769 1899 836 1925 αὐτὸ

43 1945 113 1971 αὐτὰ
131 1944 233 1979 ῆφρισε
243 1943 400 1978 τὰδαίμονα
417 1943 650 1978 κληρωσάμενος;
665 1944 791 1970 Τοιοῦτον
807 1943 838 1970 τὸ

44 1991 132 2024 κρῖμα.
149 1989 198 2015 τοῦ
216 1988 439 2023 παραιτουμένου
457 1988 506 2024 τὴν
520 1989 663 2024 διδομένην
681 1989 836 2016 διακονίαν·

42 2036 88 2061 τοῦ
111 2034 314 2068 ἁντιλέγοντοςο
330 2034 486 2067 ἀντιλογίας
501 2033 556 2069 γὰρ
570 2034 698 2069 διεγείρει
718 2035 772 2066 πᾶς
788 2043 838 2061 κα-

43 2082 89 2112 κὸς
109 2080 296 2114 ὑποτακτίτης
308 2088 315 2095 ·
332 2081 346 2106 ὁ
364 2079 392 2106 δὲ
411 2079 514 2114 Κύριος
529 2080 645 2113 ἄγγελον
668 2080 837 2116 ἀνελεήμονα

43 2127 157 2156 εἰκάτως
171 2126 277 2161 πέμπει
290 2125 376 2160 αὐτῷ,
390 2126 458 2157 ὅλως
472 2126 566 2160 ἐπειδὴ
582 2126 612 2152 ἓν
623 2126 704 2161 σῶμά
716 2127 800 2162 ἐσμεν
812 2128 836 2153 oi

44 2173 147 2205 πολλοὶ,
164 2173 179 2200 ὁ
199 2172 228 2199 δὲ
251 2171 314 2198 καθ’
327 2169 367 2203 εἷς
383 2171 504 2206 ἀλλήλων
521 2171 600 2207 μέλη,
624 2172 672 2198 καὶ
687 2172 701 2198 ό
724 2172 772 2207 μὲν
788 2173 837 2199 t1:-

45 2218 99 2252 έχει
113 2218 199 2244 τόπον
212 2216 372 2251 ὀφθαλμοῦ·
387 2217 401 2243 ὁ
421 2217 450 2243 δὲ
470 2216 550 2248 ὠτὸς,
576 2217 590 2243 ό
611 2216 640 2243 δὲ
657 2217 741 2252 ῥινὸς.
758 2217 837 2248 ἄλλος

44 2265 171 2300 γλώσσης
180 2273 188 2280 ο
199 2264 292 2299 ἔτερος
305 2262 406 2298 χειρὸς,
422 2263 556 2294 “tam;
565 2262 652 2294 ποδός.
664 2262 727 2289 Ἐὰν
739 2260 785 2291 οὖν
800 2263 837 2298 μὴ

47 2313 135 2338 πάντα
151 2310 187 2337 τὰ
201 2310 271 2345 μέλη
286 2309 321 2336 τὰ
334 2310 423 2336 οἰκεῖα
436 2309 547 2344 ἐνεργῇ,
563 2308 631 2335 ἀλλὰ
642 2308 810 2343 φιλονεικοίη
825 2310 839 2335 ὁ

46 2357 183 2392 ὀφθαλμὸς
206 2356 328 2388 ἀκούειν,
347 2356 394 2383 καὶ
416 2355 448 2383 τὸ
461 2354 514 2390 ιοῦς
529 2355 735 2390 ὀσφραίνεσθαι,
751 2355 798 2382 καὶ
820 2356 837 2390 ή

49 2405 87 2437 ῥὶς
101 2402 282 2437 φθέγγεσθαι,
295 2402 342 2429 καὶ
356 2403 373 2437 ἡ
387 2401 499 2436 γλῶσσα
510 2402 680 2436 χειραπτιῖν,
690 2401 739 2428 καὶ
750 2401 766 2435 ή
777 2400 838 2436 χεὶρ

49 2449 163 2483 βαδίζειν
173 2456 180 2463 ⁸
197 2448 259 2484 οὐχὶ
273 2447 304 2474 τὸ
317 2447 376 2474 ὅλον
399 2447 479 2482 σῶμα
501 2447 641 2482 οίχήσεται
658 2447 706 2473 καὶ
721 2446 839 2480 διαφθα-

51 2497 174 2530 ptumi;
184 2493 292 2522 Οὐκοῦν
306 2493 368 2522 ἐπεὶ
379 2493 466 2521 ταῦτα
474 2493 562 2525 οὕτως
576 2493 643 2528 ἔχει,
658 2493 773 2524 ἕκαστος
785 2492 835 2528 τὴν

82 2562 104 2578 ⁸⁵
117 2560 196 2593 Joan,
211 2567 272 2591 xul,
287 2559 314 2587 8.

83 2608 120 2642 (5)
136 2607 286 2642 Perspicua
303 2606 366 2634 hinc
379 2611 503 2642 apparet,
517 2605 667 2642 monachos
685 2615 694 2630 ι
711 2605 837 2642 obedien-

51 2640 112 2670 tiam
131 2640 217 2677 usque
231 2641 265 2670 ad
278 2640 424 2669 mortem'i
442 2641 582 2677 professos
595 2640 688 2677 fuisse.
703 2646 731 2677 ut
741 2640 836 2677 etiam-

51 2686 111 2705 num
127 2675 242 2706 faciunt.
258 2677 362 2704 Levinii
385 2675 496 2712 quidem
516 2675 705 2710 interpretatio
722 2675 747 2702 id
769 2677 837 2712 satis

49 2713 119 2740 clare
132 2721 186 2740 non
201 2712 330 2747 exprimit
345 2720 352 2738 :
366 2710 414 2740 sed
435 2711 461 2747 iu
473 2710 569 2747 Graeco
579 2714 718 2747 textures
727 2715 768 2747 est
778 2710 838 2747 cla-

51 2748 167 2775 rissima.
186 2745 288 2775 Ille'sic
299 2747 380 2774 vertit
395 2755 402 2772 :
423 2756 432 2772 ι
445 2745 561 2780 Quinam
578 2745 605 2771 Ιιί
620 2745 720 2780 sodes?
733 2745 784 2777 Qui
799 2745 837 2772 of-

51 2783 107 2809 licia
124 2787 264 2814 recusant,
291 2789 323 2808 ac
344 2789 394 2816 pro
415 2779 495 2815 aequo
518 2780 663 2816 objectent,
680 2779 834 2816 Δ(Ξοιιιιιςινο.

50 2817 114 2850 Quae
131 2819 200 2849 hac.
219 2817 333 2849 malum,
345 2814 394 2844 ἐει
413 2814 520 2843 oratio?
538 2815 602 2842 itan‘
618 2814 770 2842 obedientia
795 2815 837 2841 vel

53 2853 77 2879 in
94 2861 189 2882 necem
202 2853 338 2886 condicta,
354 2860 426 2880 nunc
437 2851 553 2878 ollicium
569 2851 703 2878 dett‘ectas
714 2850 746 2877 ad
763 2850 836 2885 quod

854 2210 875 2237 ο

890 1581 1035 1618 Euthymio
1048 1581 1182 1616 pecorarii
1196 1589 1296 1609 munus
1309 1581 1469 1616 defugisset,
1479 1581 1560 1616 justis
1568 1581 1602 1608 de
1612 1589 1679 1609 cau-

890 1627 939 1658 sis,
953 1634 1023 1662 quas
1037 1626 1177 1658 credebat,
1195 1634 1248 1654 non
1273 1626 1405 1660 evestigio
1425 1633 1558 1659 spumans
1572 1627 1677 1653 daemo-

889 1681 952 1700 nem
967 1673 1124 1700 contraxit?
1144 1673 1201 1700 lloc
1227 1673 1358 1706 judicium
1376 1677 1419 1699 est
1435 1672 1613 1699 detrectando
1636 1671 1680 1698 in-

889 1718 964 1744 dicto
986 1717 1290 1752 munere:obloquenti
1322 1717 1423 1744 etenim
1457 1724 1557 1751 pravus
1587 1717 1678 1744 omnis

889 1763 1015 1791 subditus
1028 1763 1157 1797 obloquia
1170 1763 1269 1793 concit,
1283 1763 1435 1796 meritoque
1448 1761 1520 1790 Deus
1537 1762 1676 1789 crudelem

888 1809 913 1836 ei
924 1809 1033 1844 genium
1050 1808 1181 1835 immittit.
1190 1807 1347 1838 Enimvero,
1356 1812 1384 1833 ut
1396 1808 1479 1834 semel
1490 1807 1678 1840 dicam,multi

889 1861 972 1880 unum
984 1858 1122 1888 corpus,et
1133 1854 1201 1880 alter
1211 1853 1324 1880 alterius
1334 1855 1455 1879 membra
1463 1852 1560 1888 singuli
1568 1859 1676 1883 sumus,

888 1899 1015 1933 oculique
1042 1900 1128 1925 vicem
1152 1898 1222 1924 alius
1247 1900 1327 1933 gerit,
1353 1898 1424 1925 alius
1453 1897 1574 1929 aurium,
1605 1898 1677 1924 alius

888 1944 1008 1976 narium,
1024 1943 1094 1971 alius
1107 1944 1214 1978 linguai,
1229 1945 1300 1970 alius
1312 1951 1421 1975 manus,
1446 1943 1517 1971 alios
1532 1944 1616 1978 pedis.
1627 1943 1676 1972 Sin

887 1992 1009 2017 membra
1015 1997 1079 2017 suas
1086 1997 1200 2026 quaeque
1208 1995 1297 2024 partes
1305 1998 1357 2016 non
1366 1995 1519 2023 exerceant,
1526 1990 1573 2018 sed
1582 1991 1678 2018 audire

888 2035 986 2062 oculus
1003 2039 1103 2066 certet,
1119 2035 1228 2061 odorari
1241 2042 1321 2062 aures
1335 2035 1435 2069 ,eloqui
1451 2043 1532 2062 nares
1543 2055 1551 2066 ,
1567 2035 1677 2070 palpare

888 2082 998 2116 lingua,
1018 2082 1085 2108 itare
1102 2088 1215 2112 manus,
1238 2082 1284 2115 qui
1312 2085 1403 2115 potest
1434 2088 1487 2107 non
1516 2081 1677 2108 universum

887 2127 1007 2154 ditllueru
1018 2131 1099 2160 atque
1112 2126 1224 2153 interire
1236 2125 1358 2160 corpus?
1372 2125 1437 2159 Quae
1458 2134 1522 2153 cum
1551 2125 1587 2153 ita
1609 2127 1674 2158 sint,

888 2181 939 2200 suo
971 2173 1086 2207 quisque
1111 2172 1200 2200 cilicio
1223 2172 1372 2200 satisfacito
1387 2192 1394 2204 ,
1421 2178 1448 2200 et
1470 2180 1552 2207 quam
1570 2173 1675 2207 accepit

888 2218 1003 2252 gratiam
1019 2218 1160 2250 divinitus,
1186 2217 1220 2244 ad
1241 2217 1376 2252 publicam
1403 2218 1507 2253 frugem
1539 2218 1673 2248 conferto,

889 2269 980 2291 nostra
1001 2264 1027 2290 in
1048 2264 1094 2290 Dei
1113 2271 1194 2290 manu
1224 2262 1312 2298 posita
1339 2268 1486 2298 reputans,
1514 2271 1604 2298 neque
1629 2268 1676 2290 aut

888 2317 965 2337 mare
986 2309 1127 2343 naviganti
1146 2309 1260 2336 omnino
1285 2309 1351 2336 inibi
1374 2309 1544 2336 tuoriendum
1558 2330 1565 2342 ,
1583 2314 1631 2337 aut
1647 2310 1676 2337 iu

888 2355 962 2383 sicco
975 2354 1082 2390 degenti
1100 2354 1219 2382 indidem
1235 2354 1421 2382 decedendum
1436 2375 1444 2387 ,
1468 2354 1517 2382 sed
1537 2362 1618 2389 quam
1641 2355 1676 2381 ali

889 2400 954 2428 orbe
969 2400 1080 2427 condito
1093 2405 1293 2435 tempestatem.
1310 2400 1390 2428 linem
1402 2420 1410 2433 ,
1435 2400 1526 2428 locum
1543 2401 1677 2436 benignus

892 2447 986 2473 statuit
1000 2445 1080 2478 Deus,
1097 2445 1122 2473 id
1133 2446 1232 2481 cuique
1245 2451 1398 2474 extremum
1417 2454 1570 2474 cessurum.
1588 2447 1677 2482 Atque

891 2493 947 2520 haec
961 2493 1078 2520 disserui
1093 2501 1146 2520 non
1167 2497 1222 2520 tam
1238 2500 1332 2519 eorum
1356 2492 1390 2520 de
1411 2493 1511 2528 quibus
1530 2500 1621 2520 sermo
1635 2497 1678 2520 est

890 2613 937 2636 per
955 2605 1001 2632 Dei
1019 2606 1133 2640 gratiam
1151 2604 1190 2632 sis
1206 2604 1340 2640 idoneus?
1361 2613 1369 2630 ι
1391 2604 1444 2631 Sed
1454 2604 1554 2632 clarius
1568 2612 1600 2632 ac
1612 2605 1678 2632 iide-

889 2641 942 2668 lius
968 2639 1031 2667 haec,
1049 2644 1198 2667 vertamus.
1226 2649 1235 2665 ι
1254 2639 1286 2666 lli
1305 2647 1370 2667 vero
1389 2641 1499 2674 quinam
1524 2640 1608 2666 sunt?
1625 2641 1676 2672 Qui

891 2676 1042 2702 ministeria
1077 2675 1250 2706 detrectant,
1279 2679 1306 2701 et
1335 2682 1415 2701 suum
1443 2675 1528 2706 illud,
1548 2674 1675 2709 Ignosce.

889 2711 968 2745 quasi
997 2709 1144 2745 quamdam
1173 2710 1376 2739 excusationem
1405 2710 1584 2744 praetendunt.
1607 2711 1677 2742 Quid

890 2744 942 2777 ais,
955 2754 972 2773 ο
993 2744 1100 2775 frater?
1118 2744 1306 2772 Obedientiam
1323 2753 1408 2779 usque
1425 2745 1458 2773 ad
1481 2749 1596 2772 mortem
1613 2753 1677 2778 pro-

890 2781 980 2808 fessus
996 2789 1037 2811 es,
1050 2785 1077 2808 et
1094 2788 1165 2807 nunc
1178 2780 1359 2808 ministerium
1376 2788 1498 2813 recusas,
1512 2781 1556 2808 cui
1572 2788 1619 2815 per
1629 2779 1678 2807 Dei

890 2816 1004 2851 gratiam
1022 2816 1137 2844 idoneus
1151 2816 1200 2843 es?
1212 2824 1220 2840 ι
