1921 3073
229 144 283 176 ὖ75

811 143 840 172 S.
873 141 1073 172 THEODORI
1092 141 1266 171 STUDIT/E

1817 142 1854 171 67
1859 142 1877 170 li

227 205 302 232 (nam
323 196 497 224 ohsecundos
512 196 690 231 jamraceepi)
703 217 709 228 ,
738 203 818 230 quam
834 197 955 223 omnium
971 204 1018 223 att-

1117 195 1208 222 κονιαν
1224 193 1307 221 αὑτοῦ
1320 194 1541 230 πληροφορείτω·
1560 194 1607 220 καὶ
1618 194 1632 220 ὅ
1645 194 1725 221 ἔλαϐε
1738 195 1876 230 χάρισμα

227 244 360 272 dientiutn
377 251 472 275 causa,
491 248 521 270 ut
533 243 632 270 obnixe
651 250 682 269 ac
707 247 836 269 contente
861 250 921 276 (line
939 246 1018 276 pacta

227 294 362 318 conventa
382 290 436 315 Deo
452 293 530 321 teste,
550 292 632 322 atque
653 287 748 315 electis
772 288 876 323 angelis
896 287 1018 319 iniimus,

228 343 259 362 re
285 340 314 362 et
325 341 408 369 opere
425 339 597 369 prmstemus,
619 341 673 360 neu
688 334 910 368 tergiversemur,
921 340 1020 367 quaut-

228 380 292 408 libet
308 380 479 408 mortiferum
492 380 527 407 sit
538 379 609 414 quod
625 378 788 414 injungitur,
801 378 826 405 id
842 378 914 405 enim
927 378 1022 405 Patres

229 433 262 453 ac
277 433 394 461 magnus
407 426 434 452 iu
457 425 554 460 primis
568 425 696 458 Basilius,
709 425 816 459 juhent.
829 424 887 457 Qua
900 424 1021 459 degenda

228 471 295 504 vita,
311 479 483 506 nequaquam
496 476 588 498 sontes
606 471 757 498 moriamur
768 491 775 503 ,
792 470 859 504 quin
873 477 922 504 pro
937 469 1022 504 justi-

228 517 265 544 tia
279 517 342 546 vivi.
355 517 466 544 caeleste
483 525 594 552 regnum
611 524 813 551 conssquamur
823 524 870 551 per
880 515 1017 542 Christum

227 561 321 590 Jesum
343 562 490 590 Dominutn
509 567 634 589 nostrum
651 570 658 588 :
674 562 717 589 cui
732 562 818 596 gloria
835 565 861 588 et
872 561 1017 595 imperium

227 616 289 635 cum
305 608 394 641 Patre,
410 615 441 634 ac
456 612 552 635 sancto
571 607 686 642 Spiritu,
709 614 781 634 nunc
798 611 825 633 et
845 614 963 642 semper,
990 607 1017 633 in

228 661 393 688 munemque
404 653 623 688 perpetuitatem.
637 653 734 679 Amen.

1071 240 1148 276 παρὰ
1161 241 1241 272 Θεοῦ,
1256 240 1431 266 λυσιτελείτω
1454 240 1522 275 πρὸς
1549 240 1579 266 τὺ
1605 242 1681 275 κοινῇ
1709 243 1875 276 συμφέρον,

1070 286 1171 314 ἐννοῶν
1182 287 1223 313 ὅτι
1239 287 1268 313 ἐν
1282 286 1353 321 χειρὶ
1365 286 1433 312 Θεοῦ
1445 287 1478 312 τὰ
1493 286 1627 321 ἡμέτερα,
1642 287 1689 312 καὶ
1700 286 1761 312 οὔτε
1779 288 1829 313 διὰ
1843 288 1878 313 τὺ

1070 334 1100 359 ἐν
1114 332 1235 368 θαλάσσῃ
1252 332 1341 364 πλεῖν,
1358 332 1467 362 πάντως
1485 332 1574 358 ἐκεῖσε
1589 332 1728 367 τελευτᾷν,
1751 333 1819 359 οὔτε
1844 334 1879 359 ἐν

1071 381 1104 414 τῇ
1133 379 1202 414 ξηρᾷ
1232 378 1392 414 διατριδειν,
1417 380 1507 405 ἐκεῖσε
1532 378 1590 404 ἐστι
1617 378 1753 413 θνήσκειν.
1785 379 1876 405 Ἀλλὰ

1071 424 1163 456 καθὼς
1177 427 1191 452 ὁ
1207 425 1308 459 ἀγαθὸς
1327 425 1406 460 ἡμῶν
1420 425 1487 455 Θεὸς
1508 425 1561 459 τιρό
1585 425 1737 460 καταϐολῆς
1759 426 1875 460 κόσμου

1072 471 1173 506 ὥρισε,
1187 472 1234 498 καὶ
1249 471 1345 506 χρόνον
1361 473 1407 497 κα)¹
1419 472 1502 498 τόπον
1516 470 1564 497 καὶ
1578 470 1687 505 τρόπον,
1703 471 1734 497 τὸ
1746 471 1875 497 ἑκάστου

1072 516 1240 552 ἀποϐήσεται
1258 516 1344 547 τέλος.
1361 517 1416 542 Καὶ¹
1431 516 1516 543 ταῦτα
1543 516 1662 551 διῆλθον,
1685 517 1715 543 οὺ
1735 517 1875 543 τοσοῦτον

1071 562 1117 589 διὰ
1129 562 1191 593 τοὺς
1206 562 1272 597 περὶ
1282 559 1319 589 ὧν
1333 564 1346 589 ὀ
1360 562 1452 596 λόγος·
1469 563 1520 598 ήδη
1533 563 1588 598 γὰρ
1605 562 1701 589 ἔλαϐον
1717 563 1821 593 αὐτοὺς
1838 563 1877 588 δι’

1072 608 1207 642 ὑπακοῆς,
1227 607 1294 634 ἀλλὰ
1316 607 1360 634 διὰ
1382 609 1486 639 πάντας
1506 609 1569 640 τοὺς
1590 609 1796 644 ἀκροωμένους,
1826 609 1879 634 ἵνα

1072 653 1254 689 προσέχωμεν
1269 653 1398 687 ἀσφαλῶς
1409 661 1415 668 ·
1432 654 1479 680 καὶ
1489 654 1522 686 ἃς
1539 654 1708 688 ἐπαγγελίας
1723 654 1776 679 ὑπὸ
1796 654 1877 687 μάρ-

227 708 289 735 τυρι
314 698 373 733 Θεῷ
401 700 448 725 καὶ
466 700 522 730 τοῖς
548 698 688 729 ἐκλεκτοῖς
712 697 840 732 ἀγγέλοις
866 697 1018 733 ἐδώκαμεν,
1055 699 1157 730 ταύτας
1179 699 1302 733 ἐναργῶς
1337 699 1555 734 ἁποπληρῶμεν,
1574 699 1623 726 καὶ
1647 700 1685 734 μὴ
1702 698 1878 725 ἀναδύεσθαι

230 746 281 772 κᾶν
297 745 447 779 θανάσιμον
500 744 530 770 τὸ
547 744 770 779 ἐπιταττόμενον.
794 743 889 775 Οὖτως
909 744 964 778 γὰρ
980 743 1136 770 κελεύουσιν
1150 744 1175 770 οἱ
1195 744 1327 780 Πατέρες,
1342 745 1389 771 καὶ
1419 745 1473 780 τιρὸ
1487 753 1520 778 γε
1536 745 1644 771 πάντων
1675 747 1689 772 ὁ
1702 745 1791 779 μέγας
1816 745 1878 771 Βα-

230 791 340 822 σίλειος,
356 790 403 817 κα).
420 789 506 821 οὕτως
522 789 678 821 διαζῶντες,
693 789 744 815 οὐκ
759 788 972 823 ἀποθανούμεθα
985 790 1017 824 τῇ
1038 790 1172 824 ἁμαρτίᾳ,
1187 789 1256 816 ἀλλὰ
1270 789 1389 825 ζήσομεν
1415 792 1448 825 τῇ
1464 791 1633 827 δικαιοσύνῃ,
1661 791 1708 817 καὶ
1738 791 1876 827 τύχωμεν

230 836 371 872 βασιλείας
384 836 520 871 οὐρανῶν·
539 836 567 861 ἐν
588 834 698 869 Χριστῷ
716 833 804 870 Ἰησοῦ
814 834 853 869 τῷ
866 833 970 869 [Κυρίῳ
986 834 1048 870 (5‘)]
1062 834 1140 870 ἡμῶν
1151 843 1157 850 ·
1173 832 1196 868 ᾧ
1212 836 1229 870 ἡ
1245 835 1309 868 δόξα
1320 836 1408 862 καὶτὸ
1423 838 1524 872 κράτος
1541 838 1590 864 σὺν
1605 837 1643 872 τῷ
1658 837 1745 871 Harp!
1763 840 1813 864 ita":
1834 838 1877 872 τῷ

228 884 300 919 ἁγιῳ
312 882 461 918 Πνεύματι⁶
478 881 524 908 νῦν
537 882 584 908 καὶ
598 881 652 914 ἀεὶ,
663 882 709 907 καὶ
725 882 765 912 εἰς
781 881 844 912 τοὺς
858 881 960 912 αῖῶνας
972 881 1026 908 τῶν
1040 881 1155 908 αἰώνων.
1175 881 1262 917 Ἀμήν

494 937 558 966 SER
565 938 612 965 MO
638 937 757 965 CXXVI.

233 994 285 1028 Qui
296 994 410 1028 genuina
421 993 582 1026 obedientia,
596 1001 627 1019 ac
639 993 785 1028 secessione
799 998 919 1026 suscepta
930 1013 936 1020 .
948 1001 1024 1018 mun-

266 1027 305 1056 du,
325 1030 378 1055 sint
398 1029 541 1062 cruciﬁxi,
566 1028 669 1055 alacres
692 1027 815 1062 amplecti
836 1029 953 1063 corporis
979 1029 1025 1054 de-

264 1065 360 1090 victum
374 1071 505 1098 oportere.

264 1107 375 1135 Fratres
398 1107 559 1142 Patresque,
574 1107 684 1141 paulum
699 1106 725 1133 in
738 1107 881 1141 prmsentia
893 1106 1022 1140 decubui,

228 1160 386 1187 quanquam
401 1152 485 1178 animi
503 1152 656 1186 perculsus,
670 1151 864 1178 abscessurum
883 1159 926 1178 me
938 1159 953 1177 at
972 1159 1019 1178 vo-

230 1199 272 1226 bis
297 1198 410 1225 credidi.
435 1197 488 1224 Sed
516 1204 571 1231 quo
596 1196 748 1231 longiorem
770 1197 836 1222 mihi
854 1196 955 1223 vitam?
972 1201 1019 1223 aut

229 1247 333 1278 quanto
352 1248 477 1277 tempore
503 1242 672 1276 Superi-ivam
695 1241 797 1268 miser?
813 1241 913 1268 Videtis
927 1249 1008 1275 qurm

231 1288 377 1315 admodum
400 1291 479 1321 urget
501 1287 627 1318 senium,
647 1290 674 1312 et
692 1285 843 1320 aequalibus
864 1285 1018 1317 defunctis,

231 1341 298 1360 meae
314 1332 462 1360 decedendi
484 1331 629 1358 imminent
644 1331 725 1358 vices.
740 1330 811 1364 Quid
826 1331 911 1366 ergo?
927 1331 1021 1358 dolea-

231 1389 293 1407 mus
310 1380 337 1406 in
355 1379 406 1406 eo?
419 1378 530 1405 minime
547 1385 620 1404 vero.
642 1377 755 1404 Dolcant
772 1385 839 1404 sane
858 1377 881 1403 si
906 1377 1020 1411 volunt,

231 1425 278 1460 qui
299 1425 451 1452 secundum
468 1431 580 1450 carnem
597 1423 700 1455 vivant,
718 1423 893 1457 conjugibus,
910 1423 1019 1457 liberis,

232 1472 334 1506 pueris,
351 1470 460 1498 ancillis
473 1491 480 1504 ,
498 1470 615 1504 praadiis,
631 1469 752 1504 pecuniis
765 1490 773 1502 ,
788 1477 820 1496 ac
833 1477 894 1504 qua:
911 1470 955 1497 hic
970 1471 1023 1498 alia

232 1521 297 1544 sunt
308 1517 370 1543 vitae
385 1516 486 1548 studia,
501 1515 602 1550 quibus
617 1520 644 1542 et
661 1515 821 1550 capiuntur,
835 1515 1004 1542 dimittendis
1014 1537 1021 1549 ,

233 1570 295 1594 nos,
305 1563 403 1597 quibus
415 1561 563 1589 cruciﬁxus
574 1566 615 1588 est
626 1561 755 1592 mundus.
771 1561 884 1595 solaque
898 1565 1024 1596 superest

232 1617 301 1637 crux
316 1629 324 1641 ,
348 1617 398 1643 pro
412 1610 528 1644 genuina
542 1608 697 1636 obedientia
709 1627 716 1639 ,
734 1612 761 1635 ct
778 1610 933 1636 secessione
946 1628 953 1640 ,
970 1616 1022 1635 non

233 1655 346 1689 lugubre
359 1674 367 1686 ,
391 1655 438 1682 sed
453 1654 592 1681 laetiﬁcum
611 1653 709 1681 mortis
726 1661 855 1680 arcanum
875 1653 1024 1680 habeamus

233 1708 344 1728 necesse
358 1705 410 1728 est.
426 1700 465 1727 Ac
483 1701 548 1734 quid
564 1707 615 1727 nos
630 1699 693 1727 dico
706 1700 717 1726 ?
737 1699 844 1726 cunctis
864 1700 932 1726 adeo
945 1700 1024 1726 Chri-

234 1746 330 1773 stianis
345 1746 460 1780 praebete
477 1745 665 1780 amplectenda
679 1745 818 1780 dejunctio
828 1751 880 1776 est,
890 1745 1025 1779 siquidem

234 1797 296 1818 ante
313 1791 419 1818 Domint
436 1791 521 1817 nostri
536 1789 600 1817 Jesu
617 1790 720 1817 Christi
739 1791 885 1817 adventum
904 1798 980 1818 mors
998 1791 1024 1817 in

236 1836 363 1864 homines
383 1836 529 1870 imperium
553 1835 642 1870 posita
669 1836 704 1862 ob
727 1836 977 1869 parat-irationem
998 1836 1025 1862 in

235 1883 340 1910 Adamo
353 1902 360 1915 ,
379 1882 421 1909 vel
439 1882 542 1909 sanctis
556 1881 614 1908 dira
634 1886 663 1908 et
678 1881 793 1908 terrilica
808 1901 815 1913 ,
833 1882 923 1909 veniat
944 1881 1027 1909 simul

235 1930 379 1961 Christus,
397 1929 519 1956 omnium
537 1929 590 1955 vita
603 1947 611 1960 ,
628 1933 743 1954 tuortem
765 1936 813 1962 pro
830 1929 959 1955 ommbus
977 1937 1027 1963 gu—

236 1975 317 2002 stavit
332 1975 364 2006 ³⁸,
380 1975 448 2000 viam
461 1974 535 2000 nobis
548 1974 658 2000 ittitiatts
677 1982 780 2005 nouant,
800 1982 830 2000 ac
842 1975 968 2000 viventem
982 1981 1028 2007 per

235 2021 350 2047 velamen
361 2040 369 2052 ,
383 2020 410 2046 id
423 2025 459 2046 est
470 2041 477 2052 ,
496 2027 602 2046 carnem
621 2028 696 2046 suam
707 2039 715 2051 ,
738 2020 775 2046 uti
795 2020 925 2053 scriptum
938 2025 979 2047 est
989 2021 1010 2036 ³⁸
1020 2041 1026 2051 ,

235 2065 272 2092 ibi
285 2070 341 2092 tum
356 2072 431 2092 mors
443 2065 572 2099 absorpta
584 2064 699 2092 victoria
714 2069 764 2097 est,
778 2072 827 2091 nec
838 2065 894 2098 jam
908 2064 1028 2092 defuncti

236 2112 265 2138 in
281 2111 338 2139 orci
351 2112 452 2146 regiam
467 2111 654 2146 deportantur,
672 2111 719 2138 sed
742 2111 768 2138 in
787 2112 898 2138 t-(rleste
916 2119 1028 2145 regnum

237 2157 417 2184 subvehimur
428 2178 436 2190 ,
453 2164 541 2192 neque
556 2158 582 2183 in
600 2156 722 2183 tem-bris
733 2177 740 2190 ,
759 2161 841 2191 atque
856 2157 882 2183 in
900 2157 1029 2184 umbrosa

237 2210 324 2230 morte
338 2203 491 2230 dormimus
502 2223 510 2236 ,
526 2202 593 2237 quin
610 2202 718 2229 abimus
736 2202 763 2228 in
783 2202 872 2229 lucem
891 2203 1030 2229 immorta-

235 2251 287 2276 lem
301 2270 309 2278 .
326 2256 469 2284 aevumque
490 2248 628 2283 quoddam
666 2256 794 2275 secutum
818 2253 845 2275 et
869 2248 1028 2280 innoxium,

235 2293 308 2329 quod
325 2293 367 2320 sui
384 2292 540 2320 amantibus
554 2291 679 2327 promisit
694 2291 778 2319 Deus.
794 2291 829 2319 Ut
845 2292 913 2319 nihil
930 2292 965 2319 sit
979 2300 1030 2319 cur

235 2340 379 2366 decessum
395 2340 542 2373 fugiamus,
553 2338 599 2372 qui
618 2337 689 2364 ultro
702 2338 729 2365 in
743 2338 839 2372 primis
851 2338 886 2365 sit
898 2345 1030 2372 prensan-

236 2385 288 2412 dus
299 2405 306 2417 ,
322 2392 410 2419 eoque
424 2385 509 2418 magis
521 2405 528 2417 ,
553 2391 607 2419 quo
624 2383 775 2418 paratiores
791 2384 878 2411 simus
897 2383 931 2410 ab
944 2383 1028 2410 animi

237 2431 379 2464 procinctu
393 2438 400 2462 ;
420 2429 548 2456 miserum
561 2435 602 2456 est
618 2429 690 2455 cnitn
703 2449 711 2461 ,
727 2429 824 2456 fratres
837 2449 844 2461 ,
861 2429 1029 2462 praeteritum

1072 928 1144 955 diem
1159 929 1315 961 credamus,
1332 933 1361 956 ut
1379 937 1393 956 a
1412 929 1442 956 D.
1461 929 1581 956 Antonio
1597 930 1739 963 docemur,
1755 939 1813 965 qua
1832 932 1877 958 in-

1072 975 1162 1001 eunda
1179 975 1287 1002 ratione
1297 997 1303 1008 ,
1320 983 1369 1002 nec
1384 976 1510 1002 dissoluti
1525 976 1613 1003 simus
1624 997 1631 1007 .
1644 984 1694 1004 nec
1707 977 1852 1012 prmfracti
1866 1000 1874 1011 ,

1073 1026 1123 1046 nec
1138 1020 1236 1053 Iorpidi
1253 1040 1259 1051 ,
1274 1027 1323 1047 nec
1335 1020 1445 1053 inertes,
1460 1027 1510 1047 nec
1523 1021 1689 1055 pervicaces,
1703 1029 1754 1049 nec
1768 1022 1876 1049 inuno-

1074 1065 1154 1100 rigeri
1166 1086 1174 1098 ,
1192 1073 1243 1093 nec
1258 1065 1389 1099 elfrenes,
1408 1074 1457 1093 nee
1469 1066 1578 1094 ridiculi
1591 1088 1598 1099 ,
1611 1067 1678 1102 quin
1691 1067 1850 1095 obsecundi
1867 1090 1874 1101 ,

1075 1110 1180 1143 faciles,
1197 1111 1391 1145 stitnulabiles,
1408 1111 1502 1144 vividi,
1520 1113 1666 1144 mansueti,
1680 1113 1792 1147 placidi,
1809 1115 1876 1141 sin-

1075 1156 1149 1187 ceri,
1169 1156 1237 1183 citra
1258 1156 1409 1190 oﬂensam,
1430 1158 1504 1184 omni
1524 1158 1641 1185 honesto
1660 1159 1753 1192 dediti,
1781 1160 1878 1187 instar

1075 1206 1234 1229 sanctorutn
1245 1221 1253 1234 .
1269 1203 1315 1237 qui
1337 1203 1389 1230 hac
1404 1203 1478 1230 obita
1494 1204 1548 1230 vita
1563 1205 1706 1239 promissis
1723 1205 1806 1232 bonis
1822 1214 1878 1241 po-

1074 1247 1186 1275 tiantur.
1202 1249 1292 1283 Atque
1308 1249 1364 1276 haec
1379 1249 1432 1275 dixi
1447 1270 1454 1282 ,
1474 1258 1527 1277 non
1549 1258 1596 1278 vos
1615 1251 1703 1278 solum
1715 1271 1723 1283 ,
1742 1252 1811 1285 quin
1829 1261 1878 1279 me

1073 1294 1141 1321 adeo
1156 1295 1337 1329 praemuniens
1347 1315 1355 1327 .
1375 1303 1431 1330 quo
1458 1296 1510 1323 hoc
1536 1302 1668 1331 apparatu
1680 1297 1804 1325 defuncti
1818 1300 1879 1327 sub

1073 1340 1176 1367 exitum
1191 1341 1321 1375 impavidi
1341 1346 1369 1368 et
1398 1342 1574 1377 imperterriti
1585 1363 1592 1374 .
1608 1344 1666 1371 haec
1681 1344 1812 1371 Davidica
1832 1346 1879 1372 lo-

1074 1393 1213 1419 quamur:
1234 1385 1370 1418 Converte,
1392 1387 1493 1420 anima,
1516 1388 1543 1413 in
1565 1389 1681 1422 requiem
1703 1394 1790 1421 tuam,
1806 1392 1879 1424 quia

1075 1430 1203 1458 Dominus
1216 1432 1342 1466 bettefecit
1358 1432 1407 1459 tibi
1420 1433 1441 1448 “
1452 1442 1459 1465 ;
1475 1440 1503 1460 et
1514 1442 1521 1460 :
1535 1433 1648 1461 Placebo
1658 1434 1772 1462 Domino
1785 1436 1814 1462 in
1833 1444 1880 1463 re-

1074 1477 1150 1509 gt'one
1168 1477 1286 1503 vivorum
1302 1477 1342 1509 ³⁸;
1358 1485 1440 1512 quam
1461 1485 1488 1505 et
1508 1479 1599 1506 cuncti
1617 1487 1799 1514 assequamur
1815 1481 1879 1507 Dn-

1075 1523 1142 1549 mini
1164 1523 1251 1550 nostri
1270 1522 1336 1550 Jesu
1357 1523 1460 1551 Christi
1486 1525 1648 1553 liberalitate
1668 1531 1750 1561 atque
1766 1528 1880 1556 beneﬁ—

1075 1568 1138 1595 cio:
1155 1568 1199 1595 cui
1221 1568 1308 1603 gloria
1325 1575 1352 1596 et
1371 1570 1514 1605 itnperium
1531 1579 1592 1598 cmn
1607 1571 1706 1605 Patre,
1725 1580 1757 1600 ac
1773 1581 1882 1602 sancto

1076 1614 1191 1648 Spiritu,
1205 1622 1278 1642 nunc
1311 1619 1338 1642 et
1353 1623 1470 1650 semper,
1484 1617 1510 1643 in
1526 1625 1690 1653 omnemque
1704 1622 1883 1653 perpetuita-

1076 1665 1141 1688 tem.
1152 1661 1249 1688 Amen.

1336 1705 1452 1733 SERMO
1473 1707 1541 1734 (ZXX
1549 1707 1602 1734 Vl-l.

1078 1752 1196 1779 Fortiter
1222 1757 1248 1779 et
1266 1754 1384 1791 witness
1404 1753 1438 1791 ad
1465 1754 1583 1791 pericula
1597 1755 1773 1781 resistendum
1788 1775 1797 1787 ,
1818 1764 1884 1791 quia

1310 1788 1465 1814 humanitus
1483 1789 1639 1823 conﬂantur.

1115 1833 1225 1862 Fratres
1242 1834 1407 1869 Patresque,
1434 1835 1506 1862 haud
1520 1836 1569 1862 abs
1583 1843 1610 1863 re
1621 1840 1663 1863 est
1676 1835 1766 1871 loqui.
1780 1842 1812 1864 et
1827 1845 1886 1866 auc

1079 1879 1138 1906 dire
1150 1899 1157 1911 ,
1174 1880 1207 1907 ad
1232 1881 1369 1915 publicam
1395 1881 1500 1916 frugem
1522 1889 1610 1916 neque
1625 1882 1658 1909 ad
1673 1884 1805 1910 virtutem
1829 1892 1885 1912 ne-

1079 1925 1230 1959 quidquam
1256 1934 1421 1960 apparamur
1449 1934 1481 1954 ac
1498 1927 1700 1962 procingimur;
1720 1935 1784 1954 nam
1810 1929 1837 1956 si
1857 1931 1884 1957 id

1080 1976 1202 2005 agrutes,
1215 1978 1310 2006 sparsa
1324 1972 1380 2006 jam
1399 1972 1426 1998 in
1443 1972 1511 1999 urbe
1529 1971 1599 1999 fama
1615 1974 1647 2000 de
1663 1972 1714 1999 fide
1728 1976 1883 2007 nonnulla,

1079 2018 1211 2052 evestigio
1236 2019 1414 2052 expavimus,
1431 2019 1549 2050 turbati,
1570 2019 1685 2052 scilicet,
1717 2020 1884 2055 impratme-

1080 2062 1170 2094 ditati,
1185 2064 1370 2090 vehementius
1392 2064 1510 2097 attoniti,
1539 2065 1660 2091 animum
1691 2065 1883 2100 desponderi-

1081 2109 1162 2134 mus?
1178 2107 1211 2135 Ut
1226 2109 1404 2135 sermocinari
1421 2110 1557 2144 expediat,
1571 2115 1598 2136 et
1610 2111 1750 2145 praestrui,
1773 2120 1835 2147 quo
1857 2114 1884 2140 in

1081 2162 1111 2181 re
1134 2155 1260 2188 prmsenti
1272 2175 1279 2186 ,
1295 2154 1442 2189 adjuvante
1462 2156 1531 2188 Deo,
1551 2157 1658 2191 egregie
1673 2165 1765 2192 pugna
1779 2158 1885 2185 defun-

1082 2208 1190 2230 gamur.
1213 2201 1248 2228 At
1269 2202 1316 2236 qui
1341 2207 1384 2229 est
1405 2202 1518 2229 rumor?
1548 2208 1609 2237 post
1626 2203 1772 2230 scelestam
1794 2211 1886 2240 syno-

1082 2246 1146 2273 dum
1170 2255 1231 2281 quae
1252 2247 1285 2274 ad
1307 2248 1368 2275 tidei
1387 2249 1495 2276 ruinatn
1512 2257 1600 2284 nuper
1616 2255 1658 2276 est
1672 2255 1777 2285 agitata
1791 2271 1798 2281 .
1817 2258 1885 2286 post

1081 2292 1149 2319 diris
1166 2293 1302 2328 obligatos
1315 2293 1410 2322 Patres
1421 2315 1428 2327 ,
1447 2300 1508 2330 post
1520 2297 1756 2330 oppugnationem
1771 2297 1883 2325 duode-

1082 2343 1208 2370 cennem,
1220 2338 1395 2372 postexsilia,
1404 2340 1622 2375 compilationes,
1631 2348 1785 2374 carcerem,
1808 2351 1883 2370 con-

1082 2383 1219 2416 tu‘lnelias,
1233 2384 1327 2419 ﬂagra,
1338 2393 1427 2418 neces,
1438 2391 1549 2420 lotoque
1559 2388 1662 2414 mundo
1675 2388 1882 2422 jactationem,

1082 2429 1197 2462 proinde
1212 2437 1245 2457 ac
1259 2431 1283 2457 si
1304 2431 1370 2457 nihil
1387 2432 1506 2459 insolens
1522 2433 1558 2460 sit
1571 2439 1661 2460 actum
1673 2455 1680 2466 ,
1694 2435 1839 2462 trahimur
1867 2445 1881 2462 a

237 2481 346 2510 tempus
360 2475 412 2503 sub
435 2474 538 2502 exitum
555 2481 684 2501 revocare
697 2494 705 2507 ,
728 2482 761 2501 ac
780 2474 838 2501 dies
854 2481 967 2508 poscere
988 2475 1027 2501 vi-
1043 2476 1064 2504 Ι)
1080 2475 1336 2510 principibusverba
1345 2478 1522 2506 cumsceleris
1533 2480 1719 2514 antesignanis
1728 2482 1881 2514 conferre;

238 2523 317 2549 vendi
331 2522 364 2549 ad
378 2526 512 2557 quaestum
527 2521 675 2554 virtutum;
690 2520 820 2547 miserum
835 2526 887 2553 est,
904 2521 1026 2555 inquam,

236 2575 263 2596 et
277 2575 472 2596 aerumnosum.
485 2567 617 2602 Equidem
631 2567 677 2601 qui
690 2566 730 2593 sic
741 2566 933 2600 deprendatur,
950 2574 992 2593 me
1005 2566 1027 2593 is

237 2615 375 2650 impendio
390 2614 517 2640 turbetur
531 2617 613 2647 atque
632 2611 776 2638 alIlictetur
787 2619 898 2638 necesse
914 2615 965 2644 est,
981 2612 1027 2646 qui

237 2669 291 2690 non
308 2659 341 2687 ad
363 2660 541 2687 honorarium
557 2662 737 2684 certaminum
751 2678 758 2689 ,
782 2656 829 2683 sed
845 2656 878 2683 ad
894 2657 1027 2691 supplicia

237 2707 372 2734 scelerum
399 2703 512 2739 prodeat
537 2710 553 2730 e
579 2709 695 2737 corpore
710 2722 717 2733 ,
747 2701 915 2728 terribilibus
940 2702 1027 2730 obviis

236 2752 411 2789 spectaculis.
423 2750 502 2784 Quod
518 2758 550 2776 nc
562 2749 709 2784 patiatnur,
723 2755 826 2782 quteso,
840 2751 867 2774 et
881 2748 1024 2780 admoneo,

236 2799 324 2834 parati
340 2798 374 2825 ad
392 2798 496 2824 exitum
514 2802 622 2829 semper
634 2815 642 2827 ,
660 2801 770 2821 omnem
788 2801 946 2828 supremum
966 2795 1027 2821 vitae

271 2857 294 2873 "
310 2856 391 2884 Ilebr.
408 2862 438 2886 ιι,
454 2855 480 2881 9.
518 2854 540 2868 “
559 2853 639 2880 Ilebr.
658 2860 672 2878 κ
684 2872 690 2884 ,
706 2852 750 2879 20.

277 2903 328 2937 (3')
348 2902 426 2929 Deest
442 2902 512 2936 apud
526 2901 596 2928 Nan.

789 2853 810 2868 ³⁷
827 2852 897 2879 PSH].
914 2860 986 2884 ουν,
1006 2853 1032 2879 Τ,

1081 2528 1170 2555 neque
1187 2521 1212 2548 id
1233 2523 1340 2554 solum,
1357 2525 1421 2557 qttin
1439 2525 1574 2552 dictorum
1589 2545 1596 2557 ,
1617 2524 1649 2552 ac
1670 2530 1882 2555 centroversia-

1082 2573 1141 2593 rum
1156 2568 1274 2595 arbitros
1286 2576 1383 2603 capere
1400 2571 1535 2604 primores
1548 2579 1563 2598 e
1580 2572 1754 2606 magistratu,
1771 2574 1880 2607 quibus

1081 2611 1240 2646 despectare
1254 2613 1281 2640 iu
1297 2615 1429 2642 nostratia
1454 2616 1546 2648 nefas,
1571 2622 1600 2645 ut
1619 2618 1658 2645 ait
1676 2619 1798 2653 quodam
1815 2621 1881 2649 loco

1081 2656 1230 2692 Gregorius
1246 2658 1410 2694 Theologus,
1431 2665 1536 2688 tantum
1557 2664 1633 2690 abest
1654 2669 1682 2690 ut
1701 2664 1811 2698 judices
1831 2666 1881 2693 ad-

1082 2703 1223 2732 mittamus
1236 2712 1379 2733 sacrorum
1399 2708 1570 2742 dogmatum.

1117 2749 1228 2777 Scilicet
1252 2752 1424 2787 magistratui
1459 2754 1593 2781 divinitus
1618 2755 1736 2782 tributus
1766 2757 1878 2791 gladius

1080 2799 1132 2828 est,
1154 2800 1298 2831 postquam
1314 2801 1404 2826 exstat
1422 2799 1478 2826 haec
1491 2802 1627 2828 sententia

1071 2853 1093 2869 "
1108 2854 1173 2881 iltitl.
1193 2856 1218 2882 9.

1646 2811 1651 2827 :
1677 2801 1748 2828 Nam
1768 2810 1824 2829 non
1840 2809 1876 2830 est
