1921 3073
55 141 106 173 677

640 142 844 174 SERMONES
863 142 1113 177 CATECHETICI
1639 150 1694 182 673

57 197 145 224 timori
167 198 345 232 magistratus
380 198 440 225 boni
468 200 564 232 operis,
590 198 635 224 sed
659 198 724 224 mali
736 198 778 224 ³⁸.
795 197 846 225 Et:
862 200 886 229 Α
900 200 1033 233 opitnlum
1060 207 1087 229 et
1109 203 1326 231 commilitonem
1347 204 1373 231 in
1407 206 1548 239 periculis,
1565 213 1625 241 qua:
1642 208 1693 234 Ito--

58 242 120 269 Non
134 243 193 269 sine
230 251 312 269 causa
333 243 453 278 gladium
469 248 568 278 portat,
582 244 677 270 ainde:
694 244 718 270 ei
734 244 779 278 qui
792 251 849 269 nta-

55 290 108 315 tum
122 290 180 324 agit
191 289 226 321 ⁸⁸,
242 290 474 324 quemadmodum
487 294 515 316 et
525 289 660 324 opitulum
672 289 780 324 probis;
795 296 848 316 caa-

55 340 144 362 terum
159 335 262 362 sanctis
287 335 420 369 apostolis
436 342 499 362 cum
518 335 674 362 divinorum
689 335 845 370 dogmalnm

56 384 196 414 potestas,
215 387 230 406 a
255 378 357 413 Spiritu
384 378 525 414 profecta,
553 384 610 406 tum
638 379 846 414 proscribendi,

56 432 136 460 a'que
149 425 285 457 solvendi,
300 424 435 459 siquidem
455 424 564 451 Domini
587 425 620 452 ad
644 432 692 452 eos
709 425 767 452 haec
782 429 847 451 sunt

55 472 133 498 verba
149 480 155 497 :
172 471 292 505 Accipite
315 471 445 505 Spiritum
471 476 594 498 sanctum
610 478 620 497 :
633 479 745 504 quarunt
766 471 846 497 renti-

55 517 142 542 seritis
161 522 280 550 peccata,
292 517 463 543 remittuntur
475 517 563 548 eis;et
577 524 688 550 quorum
705 517 845 543 retinueri-

56 563 98 591 [ἐς.
111 566 214 588 retenta
229 567 291 588 sunt
302 562 335 588 υ.
353 563 392 589 Ac
406 570 517 589 rursum
531 571 538 588 :
561 561 730 596 Qua-cunque
748 563 846 597 ligave-

55 607 112 632 n'tis
127 615 206 639 super
227 612 340 638 terram,
358 612 434 634 erunt
455 607 537 642 ligata
552 612 577 634 et
592 608 618 633 in
631 608 715 634 caelo:
730 613 754 635 et
774 616 846 642 qua:-

54 659 153 684 nmque
178 652 310 678 solveritis
339 660 417 686 super
434 657 546 684 terram,
575 658 652 679 erunt
676 653 764 680 soluta
776 658 800 680 et
817 654 845 680 in

53 695 115 722 ,σα-ιο
128 696 162 722 δ’.
176 695 288 723 Certum
298 703 340 724 est
353 702 454 730 autent,
473 702 502 724 ut
517 698 550 725 iis
564 698 667 725 dictum
687 699 731 729 sit,
750 698 843 725 itidem

52 748 77 766 et
91 742 223 775 hactenus
244 738 366 770 vicissim
392 743 601 770 successoribus
626 743 756 776 edictum,
772 749 801 770 ut
816 744 843 770 in

53 787 86 813 iis
96 787 219 821 judicem
232 795 331 822 capere
344 789 531 823 magistratum
546 789 615 816 nihil
626 790 662 817 sit
673 789 746 816 aliud
760 797 843 824 quam

51 831 144 856 datam
174 832 307 865 apostolis
338 839 353 858 a
382 832 485 867 Spiritu
513 838 672 868 potestatem
699 834 841 869 abrogare.

51 875 110 901 lam
139 876 187 909 qui
216 877 374 911 pertingant
397 865 429 903 ad
459 865 545 905 ardua
572 879 696 906 veritatis
721 865 842 912 decreta,
858 865 880 892 Β

52 921 112 946 \ita:
141 920 309 954 perfectione
337 922 456 949 absoluti
486 923 584 950 nulla?
608 924 744 951 scribente
770 924 843 959 Apo-

52 966 122 992 stolo
140 975 146 992 :
166 964 331 999 Sapientiam
352 967 483 1000 loquimur
499 967 567 995 inter
587 968 725 1003 perfectos,
739 970 843 1003 sapien-

51 1012 115 1037 tiam
141 1017 229 1038 autem
255 1019 307 1038 non
327 1012 405 1046 hujus
440 1013 542 1045 saeculi,
571 1022 616 1041 nec
636 1015 842 1049 magistratuum

51 1057 128 1090 liujus
146 1057 249 1090 seculi,
266 1057 311 1092 qui
325 1057 507 1091 destruantur,
524 1059 569 1085 sed
590 1059 723 1094 loquimur
736 1060 784 1087 Dei
799 1069 843 1087 sa-

50 1103 176 1135 pientiam
210 1103 237 1128 in
270 1104 406 1137 mysterio.
434 1112 493 1138 quae
515 1104 670 1131 abscondita
693 1110 741 1136 est.
763 1114 842 1140 quant

50 1149 246 1182 prcedestjnauit
269 1148 340 1176 Deus
355 1154 416 1176 ante
432 1150 530 1177 secula
541 1152 568 1177 in
582 1150 695 1185 gloriam
713 1156 841 1184 nostram,

50 1202 129 1228 quam
148 1202 223 1221 nemo
240 1195 445 1229 magistratuum
462 1195 540 1230 hujus
557 1196 648 1222 saeculi
669 1197 787 1231 cognovit
801 1205 807 1223 :
819 1197 842 1223 si

50 1248 118 1265 ermn
136 1241 330 1274 cognovissent,
348 1249 482 1276 nunquam
505 1241 648 1268 Dominum
672 1242 767 1277 glarite
780 1251 842 1269 cru-

51 1285 236 1319 riﬁxissent“.
258 1285 373 1313 Videtin‘
391 1286 539 1320 gloriosum
555 1286 702 1314 Dominum
716 1288 742 1314 in
760 1295 842 1315 cruce

51 1331 138 1363 egisse
154 1331 367 1365 magistratum?
384 1336 413 1357 ut
434 1338 506 1359 nunc
528 1339 653 1367 quoque;
671 1332 693 1359 si
719 1340 841 1367 angus‘m

50 1377 110 1409 ejus
132 1376 247 1411 imagini
265 1377 383 1403 tribunal
407 1377 486 1404 detur
511 1378 698 1413 magistratus,
720 1386 775 1405 non
793 1379 841 1405 abs

50 1429 78 1447 re
105 1420 261 1449 dixerimus
293 1429 402 1449 rursum
428 1421 601 1450 Judaismum
631 1423 792 1458 quemdam,
810 1431 841 1450 ac

50 1466 128 1493 Pilati
145 1467 268 1494 tribunal
291 1468 398 1501 agitari.
423 1467 495 1500 Quin
522 1468 654 1503 defugere
672 1477 734 1496 cum
750 1469 842 1504 impiis

51 1514 77 1539 in
94 1514 258 1540 cottcioncnt
283 1514 389 1546 venire,
412 1521 442 1540 ea
458 1521 569 1548 quoque
594 1514 687 1540 divina
704 1515 838 1542 sententia
854 1529 876 1559 ρ

50 1563 91 1585 est
107 1568 115 1591 ;
131 1559 171 1585 ait
185 1559 258 1585 enim
273 1568 280 1586 :
301 1558 390 1585 Nolite
403 1559 466 1585 dare
487 1565 609 1586 sanctum
622 1560 742 1592 canibus,
760 1568 841 1595 neque

51 1605 166 1631 mittatis
190 1605 353 1638 margaritas
374 1609 474 1631 uestras
498 1612 560 1632 ante
579 1613 672 1640 porcos
682 1606 715 1634 ⁵⁸.
737 1605 840 1633 Conse-

52 1655 169 1684 quenter
189 1650 301 1677 divinus
318 1650 465 1684 Apostolus
482 1650 579 1683 jubet:
607 1649 671 1678 Non
685 1652 841 1678 contendere

52 1696 146 1727 tertiis,
170 1695 226 1722 sine
254 1694 310 1722 ulla
336 1695 421 1730 fruge,
450 1696 485 1721 ad
510 1696 704 1722 subversionem
729 1696 841 1723 audien-

53 1742 116 1766 tium
126 1742 162 1767 ".
180 1740 235 1768 Nec
259 1741 364 1768 abludit
377 1745 404 1768 et
418 1740 504 1768 deifcr
525 1741 654 1776 lgnalius,
671 1742 793 1768 scribens
814 1742 839 1768 in

54 1787 126 1813 hunc
155 1794 267 1814 sensum
293 1797 298 1811 2
326 1795 336 1811 ‹
355 1786 514 1814 Praemonco
535 1795 582 1814 vos
606 1786 840 1814 hominil'ormium

53 1830 186 1863 ferarum,
216 1831 418 1863 haereticorum,
445 1839 515 1866 quos
540 1839 594 1858 non
624 1832 712 1858 solum
726 1839 779 1858 non
795 1832 841 1858 ad-

50 1878 160 1904 mittere
190 1877 306 1909 debetis,
330 1876 377 1903 sed
405 1884 438 1903 ne
454 1884 601 1903 accurrere
620 1876 743 1911 quidem,
758 1877 780 1904 si
796 1885 842 1911 po-

50 1925 137 1952 testis.
166 1933 175 1949 ι
196 1923 357 1959 Singulique
373 1923 469 1955 sancti,
490 1930 523 1950 ne
542 1923 706 1949 catecltesim
731 1923 839 1957 longam

52 1971 162 2000 faciam,
179 1971 250 1996 idem
266 1974 466 1996 contestantur.
490 1969 556 2002 Quae
565 1976 626 1996 cum
636 1969 677 1996 sic
687 1969 839 2001 edicantur,

50 2016 95 2050 qui
117 2016 270 2042 audeamus
290 2021 369 2041 sacra
395 2014 422 2040 in
444 2016 547 2042 utravis
562 2014 750 2042 controversia
771 2015 840 2041 scita

51 2060 175 2088 violare?
194 2061 383 2095 Nequaquam,
411 2067 461 2087 nec
482 2060 504 2086 si
525 2067 597 2087 tnors
620 2059 784 2093 impendeat.
806 2058 841 2086 Ut

51 2107 209 2135 necessario
238 2108 432 2138 detrectemus,
465 2105 574 2136 fratres.
605 2113 659 2132 non
686 2105 760 2139 quod
782 2105 838 2132 veri

51 2151 145 2179 eﬂ'ecla
167 2151 202 2178 sit
215 2151 396 2178 oratiozsane
410 2150 480 2177 enim
492 2150 615 2184 quidem.
626 2157 677 2184 pro
691 2155 837 2184 praecepto,

901 247 1020 273 manitus
1037 247 1200 281 eonllentur,
1217 253 1370 277 teneamus.
1387 250 1528 285 Confidite,
1550 252 1588 278 ait
1599 252 1687 280 Domi

899 299 962 324 nus,
972 300 1019 326 ego
1032 293 1085 319 vici
1100 294 1267 327 mundum“,
1285 295 1368 330 igitur
1379 295 1549 323 conﬁdamus
1562 304 1611 324 nos
1622 305 1692 331 quo-

898 344 962 371 que,
988 338 1056 364 certi
1078 339 1190 366 victoria
1208 340 1356 374 potituros,
1381 348 1443 368 cum
1459 348 1492 368 eo
1507 349 1588 376 quem
1607 342 1690 376 impe~

898 382 939 409 rio
953 389 1073 410 maetum
1087 389 1251 412 cunctorum
1273 386 1363 413 omnis
1380 386 1467 420 gloria
1490 387 1578 419 decet,
1595 392 1622 414 et
1643 388 1688 414 ho-

898 435 958 460 nor,
982 432 1064 463 atque
1080 429 1180 462 cultus,
1206 437 1268 457 cum
1295 430 1386 464 Patre,
1407 439 1440 458 ac
1456 437 1552 460 sancto
1575 432 1688 467 Spiritu,

897 479 970 499 nunc
1009 478 1045 501 et.
1064 481 1185 509 semper,
1219 475 1247 502 in
1278 483 1443 511 omnemque
1468 478 1688 512 perpetuitatem.

896 517 993 544 Amen.

1143 560 1259 588 SERMO
1294 562 1435 590 CXXVIII.

999 606 1037 633 De
1052 606 1211 640 obedientia,
1229 615 1260 634 ac
1278 608 1424 643 frangenda
1441 610 1585 637 uoluntate.

931 651 1042 679 Fratres
1068 651 1230 688 Patresqne,
1240 660 1300 679 cum
1316 653 1436 681 defectos
1452 656 1550 683 virtute
1567 658 1688 685 catecho-

896 697 949 724 tica
976 697 1102 724 verberat
1119 698 1218 731 oratio,
1247 703 1304 726 tum
1328 699 1425 727 iterum
1449 707 1575 735 persauat
1590 723 1597 736 ,
1623 711 1686 730 nam

897 741 946 768 hoc
965 741 1054 774 ipsutn
1068 761 1076 773 ,
1101 741 1193 770 dolere
1223 743 1257 770 ob
1280 743 1418 771 delectum
1440 753 1533 773 eorum
1560 755 1622 781 quae
1635 749 1684 774 de-

895 790 955 813 ceat
971 786 1040 813 obiri
1055 786 1281 814 instaurationem
1297 807 1305 819 ,
1330 788 1356 814 in
1370 789 1470 817 animis
1484 791 1553 817 clam
1571 793 1686 819 moritur

894 838 952 865 qute
975 830 1118 857 secundum
1133 831 1216 857 Deum
1225 836 1264 858 est
1281 833 1403 865 tristitia,
1415 839 1528 862 auctore
1543 836 1684 870 Aposto'o,

892 876 1072 910 penitentiam
1091 877 1120 903 in
1138 877 1251 904 salutem
1263 886 1314 904 non
1326 880 1502 912 paenitendum
1518 887 1642 915 operante
1651 882 1682 910 “.

894 920 947 949 Sed
976 923 1200 956 contemplemur,
1224 922 1247 950 si
1263 923 1348 955 lubet,
1364 925 1464 958 quibus
1485 925 1511 952 in
1532 927 1614 954 rebus
1634 935 1684 962 po—

893 967 943 994 sita
960 967 1014 994 sint
1030 974 1091 1001 qua:
1113 975 1163 994 nos
1190 969 1364 996 contristent.
1387 969 1466 1002 Quod
1490 972 1608 1005 cogitata
1640 973 1683 999 in-

892 1016 992 1047 gruant
1006 1012 1121 1046 impura,
1139 1019 1200 1047 quas
1223 1013 1343 1040 hostium
1368 1014 1454 1041 Vicum
1481 1016 1553 1041 scrio
1566 1016 1684 1042 arietant

892 1057 918 1083 in
931 1062 1049 1084 mentem
1062 1057 1073 1083 ?
1087 1057 1187 1084 etenim
1204 1058 1336 1092 scriptum
1352 1063 1413 1085 est:
1432 1058 1461 1086 Si
1478 1060 1623 1087 consistant
1638 1062 1683 1087 ad-

892 1110 994 1129 versum
1012 1110 1052 1129 me
1075 1107 1174 1134 castra,
1201 1111 1252 1129 non
1270 1103 1367 1130 timebit
1381 1112 1425 1130 cor
1440 1112 1536 1138 meum,
1552 1106 1574 1131 si
1589 1113 1683 1132 exsur-

891 1152 936 1182 gat
952 1147 1090 1174 aduersum
1104 1155 1144 1174 me
1157 1148 1290 1182 pralium,
1302 1149 1329 1175 in
1345 1149 1393 1176 hac
1405 1158 1450 1184 ego
1464 1151 1572 1185 sperabo
1585 1151 1617 1178 ⁸⁸.
1640 1152 1682 1179 An

891 1193 966 1227 quod
990 1200 1072 1227 grave
1082 1197 1124 1220 est
1146 1194 1308 1221 obedientia:
1336 1194 1454 1230 jugnm‘t
1478 1197 1580 1224 atenim
1594 1203 1684 1224 exstat

891 1238 949 1265 haec
964 1239 1099 1266 sententia
1114 1247 1222 1266 rursum
1241 1249 1247 1266 :
1273 1239 1375 1266 Bonum
1390 1245 1429 1268 est
1445 1242 1500 1268 viro
1518 1250 1577 1268 cum
1589 1251 1682 1278 porta-

891 1286 955 1311 verit
980 1285 1075 1319 jugum
1092 1285 1124 1312 ab
1142 1284 1319 1312 adolescentia
1334 1295 1392 1318 sua,
1422 1288 1467 1319 qui
1483 1288 1619 1315 solitarius
1640 1290 1680 1316 in-

891 1330 972 1356 simul
986 1329 1040 1356 Deo
1057 1330 1150 1356 serviet
1163 1330 1195 1358 δ’.
1213 1329 1377 1365 Ιιιιηιηπιιιε,
1390 1331 1488 1367 Iugum
1503 1341 1590 1360 meum
1605 1342 1684 1360 suave

890 1380 939 1407 est,
963 1380 988 1402 et
1017 1384 1084 1402 onus
1116 1384 1201 1402 meum
1229 1375 1281 1402 leve
1293 1377 1328 1403 '°.
1355 1378 1396 1404 An
1417 1378 1490 1412 quod
1514 1379 1583 1406 nihil
1601 1379 1683 1407 halwt

890 1419 1044 1447 obedientia
1058 1420 1187 1454 privum?
1205 1425 1233 1447 at
1249 1420 1302 1448 hoc
1321 1421 1394 1448 enim
1407 1423 1590 1456 apostolicum
1609 1431 1681 1458 quo-

891 1473 943 1499 que
954 1469 1013 1492 est:
1035 1465 1102 1492 Ecce
1117 1467 1195 1497 enim.
1227 1467 1275 1499 ait,
1292 1475 1339 1493 nos
1359 1467 1515 1502 reliquimus
1535 1469 1640 1501 omnia,
1658 1474 1682 1496 et

891 1511 973 1537 secuti
986 1519 1078 1538 sumus
1097 1515 1133 1543 te,
1150 1512 1214 1546 quid
1228 1520 1289 1547 ergo
1303 1513 1352 1538 erit
1366 1513 1440 1539 nobis
1451 1513 1472 1529 "
1485 1514 1494 1540 Ι
1508 1513 1546 1540 Ac
1563 1515 1681 1548 promis-

891 1556 1010 1589 snm,dii
1030 1556 1091 1582 boni
1106 1557 1112 1582 l
1132 1564 1213 1590 quant
1225 1557 1387 1590 venerabile,
1403 1563 1430 1584 et
1442 1558 1556 1586 illustre.
1574 1559 1683 1587 Scilicet

892 1608 945 1627 non
963 1605 1053 1627 autem
1078 1605 1105 1628 et
1130 1609 1178 1628 vos
1202 1610 1279 1636 teque
1304 1603 1432 1630 omnibus
1445 1603 1567 1632 dimissis
1584 1604 1680 1631 herum

891 1646 1024 1678 comitati,
1052 1646 1121 1673 alius
1146 1642 1272 1682 parentes
1298 1648 1440 1681 deseruit,
1468 1649 1540 1676 alius
1571 1648 1680 1681 fratres,

891 1690 961 1717 alius
986 1691 1139 1726 conjugetn,
1166 1695 1247 1725 atque
1267 1692 1381 1724 liberos,
1408 1693 1480 1719 alius
1505 1693 1589 1725 aedes,
1612 1694 1682 1721 alius

892 1744 982 1771 agros,
1013 1737 1115 1768 cuncti.
1148 1738 1275 1765 omnibus
1300 1740 1483 1773 praestantius,
1506 1740 1683 1768 voluntates?

891 1783 964 1817 quod
981 1783 1096 1810 arduum
1111 1788 1153 1810 est
1168 1791 1229 1810 cum
1249 1784 1345 1818 primis
1358 1784 1383 1810 itt
1401 1785 1574 1818 hominibus;
1591 1786 1679 1812 enini-

892 1835 956 1854 vero
983 1836 1031 1855 seu
1047 1833 1204 1855 contentum
1219 1829 1352 1863 jejunium
1377 1829 1462 1862 dicas,
1485 1839 1531 1858 seu
1558 1832 1679 1867 pervigi-

892 1873 969 1906 lium,
996 1881 1041 1900 sen
1068 1874 1230 1901 solieubium
1246 1894 1254 1906 ,
1285 1883 1333 1902 seu
1358 1876 1531 1903 Insolentiam
1557 1877 1680 1910 lavandi,

891 1926 939 1945 seu
956 1918 1141 1950 solitudinem,
1157 1927 1205 1946 seu
1219 1919 1293 1954 quod
1316 1920 1390 1946 aliud
1405 1921 1526 1948 studium
1540 1921 1679 1954 divinum,

891 1963 976 1989 libera
991 1963 1107 1997 quadam
1124 1963 1260 1998 iungentis
1277 1965 1419 1991 voluntate
1433 1965 1679 2001 obeuntnr;porro

891 2014 980 2035 autem
1008 2009 1082 2043 quod
1101 2009 1187 2036 libera
1201 2010 1342 2037 voluntate
1367 2011 1497 2044 obcatnr,
1527 2014 1680 2046 quamlibet

891 2061 972 2088 grave
996 2059 1038 2081 est
1062 2060 1177 2086 natura,
1193 2055 1331 2083 voluntate
1355 2056 1463 2090 quidem
1491 2063 1564 2085 certe
1583 2059 1680 2086 leviter

891 2100 974 2127 confit
997 2101 1070 2134 quod
1092 2100 1240 2135 frangenda
1263 2102 1413 2132 voluntate,
1431 2105 1608 2136 quantumvis
1622 2104 1680 2130 leve

891 2146 1025 2178 videatur,
1053 2146 1199 2173 tlitlicnltcr
1220 2152 1311 2174 tamen
1334 2148 1489 2176 c0nlicitur.
1517 2149 1556 2175 Ac
1572 2149 1678 2176 facinus

51 2206 104 2232 quo
118 2197 244 2225 stabilire
261 2196 321 2224 lidei
337 2203 492 2223 sermonem
509 2196 666 2229 jubeamur,
682 2195 838 2222 volentibus
856 2191 877 2218 D
893 2192 919 2219 id
935 2192 1003 2219 adeo
1030 2193 1116 2219 sancti
1133 2192 1228 2220 Patres
1251 2194 1490 2221 obtruncationem
1519 2195 1674 2227 sciverunt,

53 2243 224 2278 principibus
248 2242 337 2278 parati
359 2249 453 2269 sumus
477 2241 510 2268 ad
530 2241 702 2276 apologiam,
731 2241 838 2268 Dttmllll

53 2291 135 2317 nostri
155 2288 219 2316 Jesu
234 2288 337 2315 Christi
355 2287 486 2315 beneflcio
498 2308 506 2319 ,
531 2287 576 2321 qui
591 2287 714 2321 aceingat
733 2287 839 2314 viribus

53 2336 174 2363 imbelles
203 2340 230 2361 et
245 2333 400 2362 facundiam
421 2334 461 2360 vel
489 2334 572 2360 mutis
595 2333 725 2368 prrebeat.
751 2334 840 2367 Atque

54 2382 107 2409 haec
118 2382 164 2409 illa
191 2380 284 2408 fabula
303 2383 345 2407 est
359 2387 419 2414 qum
433 2379 590 2406 rumoribus
603 2379 732 2413 jactetur.
754 2378 839 2405 Caete-

60 2436 115 2454 rum
128 2435 178 2454 vns
194 2427 323 2458 animosi,
343 2433 374 2452 ac
393 2425 489 2459 spiritu
510 2424 650 2460 prtelirmi,
665 2431 699 2451 ne
712 2423 838 2451 commit-

59 2475 102 2501 tite
116 2479 147 2501 ut
160 2473 354 2501 exterreamini
367 2471 401 2499 ab
412 2471 590 2505 adversariis;
606 2471 683 2505 quin,
697 2478 748 2497 ceu
763 2470 841 2498 Chri-

57 2520 132 2547 stiani
153 2519 266 2554 quidam
287 2517 401 2550 milites,
415 2517 477 2544 fidei
496 2517 582 2544 armis
599 2517 703 2548 amicti,
727 2517 839 2543 stabiles

56 2571 79 2592 et
102 2565 257 2593 immobiles
281 2563 435 2591 consistite.
459 2562 607 2590 Enimvero
632 2563 709 2590 miles
726 2563 773 2597 qtti
789 2570 838 2590 ex-

58 2617 160 2645 pertum
187 2610 279 2643 bellis,
304 2617 336 2637 ac
359 2609 585 2644 triumphalorem
610 2609 709 2636 habeat.
729 2609 837 2640 ducem,

58 2661 147 2687 timere
162 2658 252 2686 nescit
266 2666 273 2690 ;
285 2657 350 2693 quin
363 2657 482 2689 animos,
502 2661 530 2684 ct
546 2656 624 2690 signa
640 2654 746 2682 confert
759 2674 766 2681 .
781 2662 837 2689 quo

58 2713 102 2733 nus
116 2706 250 2733 debemus
265 2704 353 2739 magis
374 2703 501 2734 animari.
530 2703 574 2737 qui
596 2701 738 2734 copiarum
763 2701 837 2727 arbi-

59 2757 123 2778 trum
147 2751 303 2778 caelestium
316 2769 325 2781 ,
345 2755 378 2777 ac
392 2749 476 2776 totius
499 2747 618 2775 universi
646 2745 834 2778 monarcham,

90 2821 109 2836 ¹⁹
124 2821 204 2848 llom.
223 2828 282 2851 snt,
299 2819 325 2846 5.
363 2818 385 2834 ⁸⁸
401 2818 479 2846 Rom.
492 2825 551 2849 xm,
567 2816 593 2843 ι.
611 2815 632 2831 ⁵¹
650 2815 787 2851 Joanaxx,
802 2813 847 2840 ‘22.

60 2847 223 2882 «in-an...
242 2847 334 2885 n,'tt.
370 2854 392 2869 ιε
407 2854 485 2880 Joan.
506 2847 560 2884 xvi,
577 2851 621 2877 35.
659 2850 709 2885 an
724 2850 840 2885 Cum".
858 2847 900 2874 ιο.

889 2237 961 2272 quod
984 2238 1012 2264 in
1042 2238 1125 2264 alium
1151 2239 1232 2265 cadat
1265 2239 1401 2266 neminem
1426 2247 1508 2274 quam
1536 2241 1676 2268 subditunt

890 2285 1047 2319 genuinum.
1062 2284 1108 2318 qui
1122 2288 1149 2310 et
1168 2283 1218 2310 fari
1242 2292 1304 2311 cum
1322 2285 1453 2318 Apostolo
1477 2290 1559 2320 queat
1574 2294 1580 2311 :
1613 2285 1677 2312 Vivo

890 2336 976 2356 autent
989 2329 1049 2363 jam
1072 2337 1123 2355 non
1139 2337 1195 2363 ego,
1223 2329 1284 2356 vivit
1302 2338 1360 2356 vero
1389 2331 1416 2356 in
1432 2338 1471 2356 me
1501 2331 1652 2358 Christus"
1668 2341 1674 2358 :

890 2383 951 2403 nam
978 2376 1024 2410 qui
1051 2383 1222 2409 nequaquam
1248 2383 1282 2402 ex
1308 2383 1357 2402 sua
1385 2376 1499 2403 libidine
1519 2377 1601 2407 vivat.
1618 2381 1677 2404 tan-

889 2429 970 2456 quam
986 2424 1125 2455 sequestra
1138 2420 1255 2454 praefecti
1268 2420 1416 2452 voluntate,
1435 2420 1488 2448 Deo
1502 2421 1578 2448 vivit.
1594 2421 1670 2454 Quin

890 2468 1013 2494 imitatur
1026 2472 1053 2494 et
1069 2474 1131 2494 eum
1152 2466 1198 2500 qui
1210 2466 1310 2492 dixerit
1325 2475 1330 2492 :
1354 2466 1485 2493 Descendi
1500 2467 1531 2494 de
1546 2468 1610 2494 calo
1626 2476 1678 2494 non

889 2519 917 2540 ut
931 2514 1030 2548 facium
1042 2513 1201 2539 voluntatem
1218 2521 1312 2544 nteant,
1338 2513 1383 2539 sed
1398 2513 1557 2540 voluntatem
1570 2514 1615 2548 qui
1626 2515 1676 2539 mi-

889 2560 923 2586 sit
942 2567 992 2592 me,
1009 2558 1141 2586 Patris".
1158 2558 1274 2586 Videtin'
1297 2559 1370 2594 quod
1395 2558 1511 2586 instituti
1537 2558 1674 2593 fastigium

890 2605 947 2631 sit?
976 2613 1029 2632 non
1064 2605 1191 2632 zemulum
1206 2603 1319 2637 Christi,
1332 2612 1385 2632 nou
1410 2603 1590 2639 apostolicum
1619 2605 1676 2630 est?

889 2650 944 2678 Nec
957 2651 1000 2685 pol
1019 2650 1126 2682 adulor,
1163 2650 1228 2684 quin
1250 2650 1418 2685 exploratam
1435 2656 1494 2676 eam
1511 2649 1674 2675 sententiam

889 2697 988 2723 veritas
1009 2695 1194 2723 testimonium
1219 2695 1296 2722 dicit.
1330 2695 1378 2722 Sin
1407 2695 1533 2722 homines
1564 2694 1606 2721 sic
1626 2695 1674 2721 dc-

889 2743 990 2770 functis
1006 2742 1079 2770 haud
1100 2743 1224 2770 encomia
1239 2745 1346 2774 texunt,
1364 2741 1432 2768 nihil
1453 2741 1519 2768 hinc
1529 2740 1570 2768 eis
1584 2741 1676 2775 gloria:

1185 2811 1208 2827 “
1223 2812 1296 2840 ICor
1323 2819 1353 2844 ll,
1367 2811 1383 2838 6
1400 2810 1427 2838 8.
1455 2809 1476 2826 “
1485 2809 1579 2836 Matth.
1598 2810 1674 2836 vn.6.

881 2813 903 2828 η
927 2812 1006 2839 Joan.
1023 2820 1078 2845 im,
1097 2811 1140 2839 19.
1185 2811 1208 2827 “
1223 2812 1296 2840 ICor
1323 2819 1353 2844 ll,
1367 2811 1383 2838 6
1400 2811 1427 2838 8.
1455 2811 1476 2826 “
1485 2811 1579 2836 Matth.
1598 2811 1674 2836 vn.6.

881 2848 900 2874 ).
939 2848 961 2863 ⁸⁸
978 2847 1049 2874 Psal.
1083 2855 1159 2874 xxvr.
1175 2847 1202 2874 5.
1251 2847 1272 2864 δ’
1289 2846 1389 2874 Thren.
1406 2854 1446 2873 ιιι.
1459 2845 1503 2871 97.
1543 2845 1566 2860 ’δ’
1580 2844 1674 2873 lllattn.

939 2848 961 2863 ⁸⁸
978 2847 1049 2874 Psal.
1083 2855 1159 2880 xxvr,
1175 2847 1202 2874 5.

63 2892 152 2923 n,30.
190 2883 447 2921 "Mailtlt.xu,‘27.
485 2883 711 2918 “Galat.tt,"10.
750 2883 839 2911 "Joa

892 2890 924 2915 ιι,
941 2883 984 2910 58.
