1921 3073
241 141 296 173 079

840 137 870 166 S.
891 133 1088 166 THEODORI
1109 133 1284 165 STUDIT/E

1827 134 1883 164 [⁷80

240 197 358 229 decedit,
384 200 529 231 postquam
556 194 669 222 minime
689 192 761 220 videt
784 190 854 218 Deus
871 190 984 225 proinde
999 196 1032 216 ac
1047 193 1069 219 Α
1085 188 1184 215 bellum
1201 193 1243 215 est
1258 187 1376 214 invisum
1394 185 1465 222 quod
1482 194 1529 222 per
1543 187 1636 214 orbem
1660 187 1776 221 pertinet
1790 192 1884 215 terra-

241 245 380 275 mortales,
406 243 536 277 aliudque
559 241 618 272 Dei,
641 239 712 267 aliud
741 238 881 266 hominum
895 237 1028 271 judicium

241 297 295 323 est,
311 295 338 318 et
360 289 488 325 ignobilis
514 288 676 321 plerumque
691 285 725 311 iis
749 283 795 317 qui
810 283 930 310 illustres
945 288 1030 316 appa-

243 342 334 368 reant.
351 336 403 363 sub
420 334 524 368 pratuli
546 333 618 361 diem
643 331 804 359 honoratior
824 334 953 356 cernetur
971 337 977 355 :
996 328 1032 354 si-

243 383 352 418 quidem
385 381 517 415 scriptum
543 385 585 406 est
603 387 610 405 :
625 377 710 404 Erunt
733 376 870 402 nouiuimi
889 374 981 408 primi,
1007 378 1033 400 et

243 430 323 466 primi
357 426 536 455 laevissimi“.
567 425 650 459 Igitur
674 423 789 458 gaudete
815 426 842 449 et
872 420 1031 450 tremiscite.

244 476 342 511 partim
362 474 397 501 ob
413 473 460 500 Dei
475 471 647 501 beneficium,
673 468 770 503 partim
793 467 829 493 ob
851 466 949 499 ingenii
965 471 1033 492 con-

245 521 410 549 versionem,
438 517 484 552 qui
512 523 566 542 non
595 514 675 541 iidem
709 516 839 546 perpetuo
863 517 1032 536 maneamus.

243 568 332 600 Atque
346 569 375 590 ut
389 562 535 596 apostoliee
551 561 647 595 loquar
661 567 667 585 :
698 557 899 585 Consideremus
913 554 1032 583 inuicem,

243 613 270 638 in
285 599 496 645 provocationem
517 605 668 635 charitatis,
691 612 721 630 ac
743 605 870 629 bonorum
887 599 1033 634 operum",

243 658 290 693 qui
307 657 378 684 haud
392 655 587 683 defetiseamur
608 650 755 686 frangenda
773 649 923 679 voluntate,
941 646 1035 693 inqua

243 691 333 730 omnis
363 701 480 728 vertitur
509 698 617 730 oratio,
647 704 698 724 nec
726 695 910 722 dlssolvamur
938 691 1035 718 olliciis

243 747 387 779 obeundis,
418 746 483 781 quin
504 744 643 771 alacritate
665 741 756 776 potius
771 740 921 770 llrmemur,
938 741 1035 764 mutuo

244 794 421 825 sustinentes,
431 795 523 818 mutua
541 796 623 816 onera
638 790 787 821 portantes,
808 791 856 811 ceu
871 782 1034 812 confratres,

244 849 294 868 ceu
314 839 457 866 unanimes
480 843 529 863 ceu
554 839 747 867 concorpores.
773 830 833 863 Quo
863 828 990 863 agitando
1007 827 1034 854 in

244 887 302 916 dies
320 885 479 916 certamine,
502 888 640 916 cursuque
661 878 825 915 peragendo,
852 875 918 903 nihil
942 874 1038 902 dubito

245 933 311 968 quin
334 937 462 959 coronam
487 928 581 963 gloria
607 925 714 957 feretis,
739 930 800 957 qua
826 922 937 948 minime
963 927 1036 946 mar-

245 964 345 1010 cescat,
357 984 405 1012 per
417 975 556 1002 Christum
571 971 665 999 Jesum
676 969 820 997 Dominum
835 971 974 994 nostrum:
994 964 1038 992 cui

245 1025 330 1060 gloria
354 1028 382 1051 et
398 1021 555 1057 imperium,
583 1026 645 1046 cum
665 1017 746 1044 Patre
759 1023 791 1043 ac
804 1019 898 1042 sancto
923 1012 1036 1047 Spiritu,

245 1079 318 1100 nunc
344 1076 371 1098 et
399 1076 526 1103 semper,
553 1067 580 1094 in
615 1069 780 1097 omnemque
817 1060 1036 1096 perpetuitatem.

244 1119 342 1146 Amen.
367 1129 371 1134 ι

515 1157 631 1186 SERMO
650 1153 770 1183 CXXIX.

246 1210 375 1238 Conlenla
419 1205 587 1233 acruratione
620 1210 679 1229 cum
713 1197 946 1238 inaspectaltilibus
985 1195 1038 1222 ini-

282 1233 580 1276 conﬂigeudum
633 1236 821 1268 uitandumque
854 1233 1037 1259 Itwrctiwrum

281 1279 454 1307 consortium.

281 1324 390 1351 Fratres
417 1322 583 1353 Patresque,
609 1316 735 1351 equidem
772 1318 849 1341 curta
875 1316 969 1340 nostra
996 1314 1039 1337 est

246 1368 408 1399 cohortandi
437 1366 569 1396 facultas.
593 1372 622 1393 re
654 1370 686 1390 ac
723 1367 849 1389 sermone
876 1358 982 1389 tenuis,
1012 1361 1039 1383 et

247 1423 296 1443 vos
311 1420 401 1443 tamen
426 1411 531 1439 hortari
552 1414 634 1444 atque
649 1407 684 1436 ab
696 1405 795 1434 animis
810 1411 860 1439 pro
876 1402 948 1431 virili
964 1401 1038 1429 exci-

248 1467 307 1489 tare
329 1464 372 1488 est
389 1464 511 1486 necesse.
529 1456 597 1484 Nam
615 1454 676 1482 siin
688 1451 778 1481 stadio
792 1453 935 1478 currentes
949 1447 1038 1475 accla-

216 1524 218 1526 τ
247 1507 396 1534 malionem
412 1504 570 1532 desiderant
586 1503 760 1535 sequentum,
778 1500 913 1531 egentque
925 1494 951 1522 in
971 1500 1038 1527 prui—

247 1553 290 1579 liis
315 1555 450 1578 certantes
475 1545 693 1575 commilitonum
721 1541 851 1571 stimulis.
868 1544 972 1574 quanto
987 1545 1037 1564 vos

247 1601 356 1630 oportet
385 1595 488 1630 magis;
517 1594 564 1628 qui
587 1599 648 1620 cum
666 1587 907 1624 inaspeclabilibus
920 1585 1039 1615 inimicis

247 1644 347 1673 bellum
373 1641 498 1673 inieritis,
525 1644 657 1674 tanquam
681 1637 818 1664 delibutos
830 1634 989 1665 verborum,
1009 1635 1040 1658 ut

248 1693 288 1719 sic
312 1690 438 1720 dixerim,
458 1686 623 1718 calcaribus,
636 1684 709 1711 serio
725 1681 825 1710 animis
843 1678 978 1714 procingi,
991 1677 1038 1712 qui

247 1739 318 1765 lucta
333 1736 404 1764 haud
418 1736 444 1762 in
461 1733 604 1763 dieculam,
618 1730 685 1765 quin
703 1737 750 1762 per
766 1734 876 1754 omnem
896 1725 977 1753 vitam
991 1724 1039 1751 de-

248 1783 345 1815 functi,
374 1785 450 1816 parta
465 1778 564 1806 illustri
585 1775 799 1803 immortalitatis
818 1773 912 1800 laurea
926 1770 1039 1798 victori-

248 1829 312 1861 bus,
338 1825 494 1860 sempiterni
519 1823 630 1859 pudoris
653 1821 792 1849 infamiam
816 1818 879 1845 victi
905 1817 1041 1852 exigatis?

248 1873 350 1901 Verum
366 1879 399 1899 ne
423 1871 449 1898 id
470 1870 618 1905 patiamur,
637 1867 746 1898 fratres,
763 1873 815 1892 neu
832 1863 1038 1898 exspectatione

250 1920 423 1949 frustremur,
438 1917 484 1944 sed
502 1915 679 1943 aceuratlooe
702 1916 844 1944 contenta,
861 1919 893 1938 ac
906 1909 1038 1946 pertinaci

249 1965 362 1996 obnixu,
379 1967 473 1991 contra
487 1961 638 1992 diabolum,
653 1959 709 1986 Deo
725 1958 803 1989 duce,
820 1957 962 1984 victoriam
977 1964 1039 1983 cer-

248 2019 359 2043 namus,
372 2017 462 2045 neque
476 2009 548 2036 enim
571 2006 684 2035 nescitis
701 2010 731 2032 ut
749 2004 895 2032 carnaliter
919 2011 1041 2038 pugnan-

248 2063 291 2086 tes
307 2057 354 2084 toti
371 2057 426 2084 sint
450 2055 541 2083 exciti.
566 2054 689 2088 Quorum
712 2053 790 2079 aiunt
815 2059 862 2078 ora
888 2050 999 2081 mutari,
1013 2054 1037 2077 et

249 2104 316 2130 alios
343 2110 392 2137 pro
407 2101 469 2128 aliis
485 2107 625 2135 apparere,
649 2106 704 2133 prae
732 2098 805 2125 serio
818 2096 922 2128 furore,
940 2095 1040 2122 animi-

249 2157 302 2184 que
317 2148 469 2183 pratsentia,
482 2153 512 2174 ut
533 2151 589 2173 tum
607 2144 737 2179 temporis
751 2151 800 2171 nec
814 2143 972 2178 coniugum,
987 2149 1038 2169 nec

1051 1523 1074 1553 ο

1084 240 1156 259 rum.
1173 234 1211 259 Ac
1223 232 1246 259 si
1261 232 1362 266 placet,
1376 231 1477 266 ingenii
1491 231 1578 258 oculis
1593 231 1706 259 sublatis
1722 232 1882 264 intuemini,

1084 278 1175 310 sultis,
1191 285 1273 304 omne
1290 278 1341 304 hoc
1355 277 1515 304 universum
1539 276 1612 311 quod
1630 277 1669 304 eis
1685 277 1784 305 caelum
1802 283 1884 312 patet

1084 323 1117 351 iis
1134 323 1253 350 caedibus
1269 322 1416 350 refertum:
1433 331 1522 358 neque
1536 323 1609 349 enim
1627 323 1794 358 irreligiosos
1808 325 1884 351 dun-

1085 374 1169 401 taxat,
1187 373 1213 396 et
1237 368 1391 400 hereticos,
1419 375 1469 395 nec
1501 368 1615 403 stupris.
1640 373 1721 401 atque
1735 369 1884 397 adulteriis

1084 415 1200 446 deditos,
1218 422 1250 441 ac
1261 414 1307 449 qui
1325 414 1350 440 id
1364 413 1559 449 gennsﬂagitia
1580 414 1732 449 designent,
1750 415 1803 442 sub
1819 424 1883 442 mu-

1085 468 1195 487 cronem
1212 460 1297 494 adigit
1310 461 1403 492 draco,
1418 460 1464 487 sed
1482 460 1517 486 ab
1537 460 1579 486 his
1594 467 1704 494 quoque
1720 460 1793 486 haud
1812 461 1883 487 alie-

1086 513 1136 533 nos
1147 510 1173 532 et
1185 506 1344 533 societatem
1359 510 1500 535 coeuntes.
1519 505 1542 533 si
1562 505 1620 532 haec
1633 514 1697 532 vera
1710 511 1752 533 est
1767 508 1861 533 oratio
1874 515 1881 533 :

1087 551 1140 584 Qui
1159 553 1244 586 tetigit
1271 552 1354 586 picem
1380 551 1574 586 inquinabilur,
1595 556 1619 578 et
1643 552 1687 586 qui
1702 553 1882 578 communiret

1086 598 1206 632 superbo,
1218 598 1314 624 similis
1326 598 1350 624 ei
1370 598 1453 631 ﬁet“.
1469 596 1540 624 Sane
1557 597 1750 624 insimulaniur
1762 597 1789 623 in
1808 605 1882 631 piae-

1088 644 1185 674 rentia,
1197 644 1244 678 qui
1256 644 1440 670 venditantem
1455 651 1485 670 se
1493 644 1638 677 quemdam
1651 651 1700 678 pro
1713 644 1883 673 orthodoxe.

1087 698 1119 717 ac
1129 696 1262 724 perpetuo
1276 697 1337 716 cum
1350 689 1446 716 haeresi
1459 694 1696 721 consuescentem,
1711 691 1886 717 vetuerimus

1087 736 1122 762 ab
1136 735 1291 763 orthodoxe
1306 736 1333 763 in
1351 743 1429 763 sacra
1445 737 1594 767 mentione,
1612 737 1660 763 ‘dia
1674 736 1799 763 obeunda
1817 745 1883 771 my-

1088 781 1219 815 stagogia,
1241 781 1295 812 edi,
1316 786 1343 807 et
1359 781 1462 812 oll'erri,
1479 789 1542 808 nam
1561 782 1583 808 si
1606 782 1633 808 in
1648 781 1770 813 decesm,
1799 782 1885 808 mini-

1089 834 1175 856 mum.
1191 826 1375 860 praevertisset
1399 833 1447 860 per
1462 825 1665 854 confessionem
1684 827 1771 853 sacris
1786 827 1882 861 potiri.

1089 872 1183 899 liceret
1206 872 1315 906 quidem
1352 877 1426 899 certe
1451 879 1500 906 pro
1532 880 1565 899 eo
1594 872 1760 899 oblationem
1790 872 1884 899 facere

1089 916 1253 947 orthodoxe,
1277 924 1350 944 nunc
1367 917 1393 943 in
1414 918 1540 944 hteretica
1561 918 1761 945 consuetudine
1774 919 1884 946 exstin-

1090 968 1171 994 ctus,
1202 963 1248 997 qui
1275 967 1364 995 potest
1399 963 1425 989 in
1448 963 1628 990 orthodoxam
1656 964 1884 991 communionem

1091 1007 1173 1034 inseri
1186 1007 1198 1034 ἵ
1213 1007 1360 1036 Enimvero
1378 1007 1437 1034 haec
1458 1008 1579 1042 Apostoli
1594 1009 1727 1035 sententia
1740 1013 1783 1036 est
1801 1019 1808 1036 :
1825 1009 1883 1036 Ca-

1089 1052 1128 1078 lia:
1155 1052 1355 1082 benedictionis,
1371 1053 1415 1078 cui
1430 1052 1617 1086 benedicimus,
1634 1062 1719 1081 nonne
1733 1056 1885 1081 communi-

1088 1098 1159 1124 catio
1174 1099 1310 1132 sanguinis
1325 1099 1426 1125 Utriin
1439 1102 1478 1125 est
1491 1099 1504 1125 .9
1522 1100 1609 1133 punis,
1629 1107 1704 1134 quem
1720 1099 1882 1134 frangimus,

1089 1151 1173 1170 nonne
1192 1144 1396 1170 conlmunicatio
1410 1144 1527 1177 corporis
1552 1144 1654 1170 Christi
1682 1147 1883 1179 est?quoniam

1088 1198 1156 1216 unus
1179 1189 1266 1223 panis,
1283 1197 1364 1215 unum
1382 1197 1476 1223 corpus
1496 1189 1572 1215 multi
1586 1198 1690 1221 sumus;
1704 1198 1764 1216 nam
1790 1199 1885 1217 onines

1088 1236 1120 1262 ds
1136 1244 1189 1262 uno
1203 1244 1271 1270 pane
1283 1236 1474 1270 participantur
1492 1236 1526 1262 ⁵⁷.
1551 1236 1636 1269 Igitur
1651 1245 1666 1263 ε
1683 1237 1740 1271 pari
1759 1238 1885 1265 harretiri

1089 1283 1248 1310 communio
1279 1283 1369 1315 panis,
1395 1287 1477 1317 atque
1499 1282 1602 1314 calicis,
1621 1283 1798 1310 adversarum
1816 1293 1886 1319 par-

1088 1329 1155 1355 tium
1172 1333 1224 1361 est,
1237 1336 1376 1362 unumque
1390 1336 1484 1356 exsors
1492 1329 1593 1356 Christi
1614 1329 1695 1356 eﬂicit
1719 1337 1820 1365 corpus
1839 1339 1889 1359 so-

1088 1375 1213 1402 cietatem
1226 1375 1361 1406 ineuntes,
1375 1378 1520 1408 postquam
1537 1383 1582 1401 nec
1597 1376 1710 1401 societas
1724 1375 1778 1402 luci
1795 1376 1832 1402 ad
1847 1382 1888 1403 le-

1088 1419 1195 1452 nebras,
1207 1428 1251 1446 nec
1276 1420 1447 1455 participatio
1459 1420 1577 1454 justitiw
1602 1429 1660 1447 cum
1675 1421 1821 1455 injustitia,
1838 1431 1888 1450 nec

1088 1473 1149 1499 pars
1165 1465 1238 1499 fideli
1265 1472 1324 1491 cum
1339 1464 1457 1499 infideli,
1481 1473 1527 1491 nec
1546 1473 1688 1492 consensus
1712 1466 1808 1501 templo
1837 1467 1887 1494 Dei

1089 1518 1148 1536 cum
1176 1510 1254 1536 idolis
1266 1510 1300 1544 ⁵⁸,
1320 1514 1350 1537 ιιι
1375 1510 1445 1537 idem
1479 1511 1541 1537 alibi
1556 1513 1666 1539 clamat.
1685 1512 1718 1539 Ut
1732 1513 1887 1547 lugendum

1091 1555 1126 1584 sit
1140 1557 1166 1583 in
1182 1556 1227 1587 iis,
1240 1564 1272 1583 ac
1285 1564 1347 1583 eum
1361 1557 1494 1584 orandum
1511 1565 1560 1592 pro
1572 1557 1662 1584 adhuc
1678 1558 1746 1585 vivis
1756 1567 1812 1591 quo
1824 1560 1889 1586 dia-

1090 1603 1144 1629 boli
1160 1603 1272 1637 laqueos
1292 1603 1417 1635 evadant,
1436 1608 1493 1630 tum
1515 1603 1549 1631 de
1576 1604 1654 1632 nobis
1674 1605 1888 1639 gratulandum,

1090 1655 1158 1683 quos
1180 1648 1236 1682 jam
1265 1649 1330 1676 olim
1362 1649 1434 1676 Deus
1451 1649 1484 1676 ad
1508 1649 1723 1676 incolumitatem
1740 1651 1889 1685 asciverit,

1089 1694 1173 1720 animi
1189 1695 1380 1727 sanctimonia,
1397 1695 1502 1727 ﬁdeque
1524 1696 1651 1730 przeditos
1667 1704 1742 1728 vera,
1753 1698 1803 1731 qui
1818 1699 1891 1724 reli-

1090 1740 1170 1775 gione
1198 1741 1298 1768 tuenda
1313 1741 1473 1774 orthodoxa,
1494 1741 1537 1768 vel
1552 1742 1578 1768 in
1596 1747 1756 1776 prazsentem
1771 1743 1796 1770 ri
1814 1751 1890 1771 con-

1090 1786 1234 1814 fessionem
1253 1787 1430 1820 serviremus,
1449 1795 1502 1821 qua
1519 1788 1637 1820 insonte,
1660 1793 1686 1815 et
1709 1788 1817 1824 integra
1836 1791 1890 1819 de-

1090 1830 1209 1863 functos,
1225 1839 1310 1866 regno
1331 1836 1429 1867 augeat
1443 1832 1547 1859 caelesti
1566 1840 1612 1867 per
1624 1832 1766 1860 Christum
1785 1834 1890 1864 Jesum

1090 1875 1236 1903 Dominum
1252 1880 1376 1902 nostrum
1393 1884 1400 1902 :
1431 1877 1475 1903 cui
1501 1876 1586 1910 gloria
1611 1882 1638 1903 et
1656 1877 1804 1912 imperium
1821 1888 1890 1908 cum

1089 1920 1180 1954 Patre,
1203 1929 1236 1948 ac
1252 1926 1346 1949 sancto
1363 1921 1476 1956 Spiritu,
1498 1930 1570 1949 nuttc
1586 1926 1613 1949 et
1635 1930 1754 1957 semper,
1770 1925 1800 1952 in
1828 1934 1891 1954 om-

1090 1975 1208 2002 nemque
1223 1968 1442 2002 perpetuitatem.
1467 1967 1564 1995 Amen.

1361 2011 1478 2039 SERMO
1498 2013 1603 2040 CXXX.

1193 2058 1230 2085 De
1244 2058 1336 2086 mortis
1356 2059 1549 2092 recordatione,
1570 2068 1602 2086 ac
1613 2061 1780 2096 uirginitate.

1124 2103 1234 2131 Fratres
1262 2104 1420 2138 Patresque,
1447 2105 1499 2132 alia
1518 2106 1579 2132 aliis
1596 2106 1728 2140 praeﬁnita
1754 2114 1798 2135 est
1813 2106 1890 2137 tém-

1089 2155 1181 2186 pcstas
1209 2151 1273 2187 (alia
1300 2156 1340 2178 est
1356 2152 1427 2178 enim
1459 2154 1599 2184 sementis,
1625 2154 1677 2180 alia
1701 2156 1814 2188 messis,
1834 2159 1891 2184 alia

249 2194 409 2226 liberorum,
425 2200 475 2220 ιιεο
493 2197 645 2226 Ρθτεηιυιιὶν
669 2199 718 2218 nec
734 2190 860 2220 ίΐθιτυπιι
875 2197 925 2216 ηθυ
940 2189 1035 2236 cui“?
1056 2196 1077 2223 Β
1093 2197 1176 2231 pacis,
1191 2198 1243 2224 alia
1261 2197 1333 2229 belli,
1351 2198 1404 2224 alia
1429 2204 1560 2232 quaestus,
1579 2199 1630 2226 alia
1649 2199 1807 2236 feriarum),
1828 2205 1892 2230 ani-

249 2248 332 2276 quam
371 2240 484 2266 alterius
511 2237 685 2264 meminerint
721 2237 852 2268 omnino,
889 2239 988 2269 praesto
1012 2235 1038 2260 in

249 2286 350 2314 bellum
378 2288 478 2316 mente,
494 2283 614 2317 ingenio,
630 2287 711 2317 atque
733 2289 848 2316 corpore
862 2281 895 2308 ad
908 2280 1035 2307 eumdem

250 2333 361 2359 modum
381 2328 471 2357 allecti
509 2337 560 2356 nos
583 2336 692 2363 quoque
708 2328 859 2355 secundum
876 2327 1034 2354 interiorem

250 2378 401 2410 hominem,
418 2380 522 2403 terrore
545 2375 665 2402 hostium
681 2375 756 2401 nullo
769 2379 911 2402 teneamur
925 2383 1038 2403 necesse

249 2428 301 2455 est,
330 2423 395 2458 quin
421 2422 562 2449 alacritate
586 2429 718 2449 acuamur
734 2425 759 2450 et
771 2421 916 2449 ardeatnns
927 2421 1038 2453 animis,

250 2478 299 2498 ceu
326 2470 427 2505 egregii
443 2469 591 2496 Christiani
618 2469 726 2495 milites.
755 2468 864 2503 Eosque
889 2468 1040 2503 conspicati

251 2516 412 2551 perduelles,
428 2515 524 2543 cedent
541 2515 760 2550 oppugnatione;
778 2515 820 2542 sin
837 2514 1039 2546 formidolosus,

250 2571 282 2590 ac
302 2561 460 2597 pra-fractos
484 2567 608 2592 cernant,
625 2561 661 2588 ibi
684 2565 740 2589 tum
766 2569 859 2589 arcum
877 2562 998 2594 tendere,
1013 2567 1041 2589 et

250 2609 364 2644 impuris
388 2609 525 2643 cogitatis,
554 2608 633 2643 quasi
650 2608 814 2643 quibusdam
835 2608 895 2635 telis
923 2613 1040 2635 mentem

251 2656 398 2683 lancinare.
428 2655 590 2688 Quanquam
616 2662 668 2682 nec
697 2654 738 2682 sic
764 2654 964 2689 desperandum
988 2659 1039 2686 est,

253 2702 318 2736 quin
346 2705 505 2735 recuperata
521 2708 571 2731 per
590 2701 778 2734 paenitentiam
801 2701 927 2732 sanitate,
946 2701 1041 2728 iterum

251 2747 438 2784 pugnandum,
455 2751 536 2781 atque
554 2747 579 2774 id
595 2747 739 2781 perpetim,
768 2755 829 2773 nam
847 2747 889 2781 pol
905 2746 1040 2780 ejusmodi

287 2815 310 2830 '”
324 2813 419 2842 Matth.
447 2823 502 2847 χιχ,
523 2815 568 2842 30.
606 2815 629 2831 "
643 2814 724 2843 llebr.
750 2815 824 2849 x,2t.

253 2849 275 2865 "'
297 2850 374 2876 llum.
394 2858 421 2882 ιι,
446 2850 486 2876 l5.

864 2816 886 2833 "
901 2815 983 2844 Eccli.
1018 2825 1076 2850 xtn,
1101 2818 1127 2845 l.

1092 2243 1128 2269 mi
1153 2243 1234 2270 saluti
1258 2243 1331 2270 nulla
1357 2251 1410 2270 non
1437 2244 1543 2275 idonea,
1561 2245 1706 2279 omnisque
1720 2251 1892 2276 commodus

1091 2288 1159 2320 dies,
1176 2288 1199 2315 si
1216 2288 1341 2316 velimus.
1357 2289 1429 2323 Ergo
1446 2288 1584 2323 irrequieti
1600 2291 1686 2317 simus
1705 2292 1739 2317 ad
1756 2292 1891 2325 honesta,

1092 2335 1226 2369 pernices,
1257 2335 1363 2366 novitii,
1392 2335 1464 2362 dicta
1491 2336 1516 2361 in
1547 2344 1616 2370 opus
1630 2337 1802 2365 educenles:
1824 2348 1891 2367 nam

1093 2379 1153 2406 Non
1170 2381 1314 2413 auditores,
1327 2381 1373 2410 ait.
1389 2380 1453 2415 legit
1466 2381 1536 2415 justi
1551 2387 1611 2408 sunt
1630 2383 1701 2416 apud
1721 2383 1819 2416 Deum,
1845 2388 1893 2413 sed

1091 2426 1204 2460 factores
1229 2426 1292 2460 legis
1315 2426 1577 2460 justiﬁeabuntur".
1608 2428 1681 2455 Sane
1710 2436 1758 2456 seu
1782 2431 1892 2458 bellum

1091 2478 1197 2506 agatur,
1216 2474 1288 2506 quod
1304 2472 1390 2499 aciem
1410 2473 1496 2508 fugiat
1522 2474 1677 2505 oculorum.
1711 2475 1822 2504 fortiter
1854 2479 1892 2505 sit

1091 2517 1278 2552 pugnandum,
1295 2525 1327 2545 ac
1343 2517 1399 2545 Deo
1421 2519 1491 2546 duce
1513 2525 1607 2546 coorta
1628 2520 1766 2548 diabolica
1802 2530 1891 2551 sensa

1091 2563 1273 2599 proﬂiganda,
1303 2571 1336 2591 ne
1360 2564 1507 2592 immorata
1536 2565 1646 2600 exigant
1671 2572 1810 2599 mortem.
1841 2577 1891 2596 seu

1091 2609 1189 2636 messis
1208 2609 1322 2636 obeatur
1334 2609 1475 2644 spiritalis.
1491 2612 1614 2638 animosa
1635 2614 1798 2640 metendum
1814 2622 1891 2649 qua-

1092 2655 1169 2689 sique
1193 2655 1219 2682 in
1248 2655 1377 2683 horreum
1400 2656 1539 2691 quoddam
1556 2659 1685 2692 perennis
1705 2659 1808 2686 viatica
1826 2663 1892 2687 νίκη

1091 2701 1299 2735 comportanda,
1324 2708 1358 2728 ne
1384 2703 1497 2736 perenni
1525 2702 1597 2731 fame
1620 2712 1779 2732 enecemur.
1797 2706 1892 2733 Enim-

1092 2755 1157 2774 vero
1172 2747 1236 2782 juge
1251 2751 1357 2782 tempus
1372 2753 1415 2775 est
1429 2756 1555 2784 precum,
1571 2749 1769 2785 lacrymarum,
1785 2759 1890 2779 recon-

1165 2818 1187 2834 "
1215 2817 1310 2845 ICOr.
1328 2824 1354 2850 x,
1383 2816 1426 2850 16,
1455 2818 1497 2845 l7.
1554 2818 1615 2846 "ll
1637 2818 1699 2847 Cor.
1727 2827 1755 2847 vr
1791 2820 1889 2849 ιι-ιε.
