1921 3073
87 145 140 180 681

654 153 856 185 SERMONES
874 155 1134 186 CATECHETICI.

1673 163 1727 195 682

86 204 269 231 ciliamlorum
283 204 447 238 facinorum,
472 207 548 242 regni
564 207 688 243 rapiendi
705 210 835 242 caelestis,
853 216 881 237 ut
897 216 918 242 Α
934 216 961 239 et
976 211 1135 247 imperium,
1161 220 1222 239 cum
1247 212 1328 240 Patre
1356 221 1387 241 ac
1403 220 1499 243 sancto
1521 216 1636 251 Spiritu,
1653 227 1725 248 nunc

88 249 157 276 n-ihll
175 249 212 277 sit
228 258 278 277 cur
300 251 428 286 deinceps
451 257 624 286 cunctemur,
643 254 829 288 diliindamur,
851 261 878 283 et

85 296 307 323 emendationem
330 298 364 325 de
381 299 424 325 die
446 299 473 326 in
497 299 570 327 diem
596 300 750 327 trahamus.
767 299 878 329 Scilicet

86 349 141 368 non
163 343 258 369 mundi
281 345 401 378 przeterit
418 345 529 380 iigura?
543 353 598 373 non
613 346 736 381 quotidie
751 347 878 374 innume-

85 387 186 415 rabiles
202 389 359 416 decedunt?
373 398 426 417 non
453 392 551 418 tutnuli
570 397 694 427 patentes
706 401 794 427 genus
809 393 879 421 infe-

84 434 120 461 lix
138 434 302 468 humanutn,
319 443 347 463 ut
360 437 399 464 sic
413 437 541 471 dixerim,
552 443 636 473 agunt
652 438 678 465 in
695 439 879 474 triumphum?

83 488 138 506 non
153 486 302 514 cognatum
323 486 395 509 terra
411 484 513 518 excipit
526 491 626 519 corpus
637 484 648 511 '.'
661 484 732 512 Num
752 489 878 520 perpetes

83 525 148 561 [nos
161 532 252 554 autem
268 536 365 556 sumus
383 529 504 556 mansuri
515 530 536 565 η
555 539 608 557 non
625 531 772 558 recolimus
784 535 878 563 quote

81 572 224 606 republica
250 579 355 605 nostra,
392 577 422 600 ut
450 574 501 600 hoc
528 581 675 602 memorem
699 575 878 607 solum,ahic-

81 617 162 644 rint?
182 617 232 646 Ubi
250 619 322 646 beati
335 620 400 646 olim
416 625 507 655 patres
519 620 532 646 ?
553 620 598 647 tibi
622 620 721 648 fratres
745 621 877 655 spiritua-

81 664 121 691 les
157 671 191 691 ac
217 664 362 691 carnales?
390 665 435 690 ubi
464 665 652 692 conterranei‘.‘
679 665 725 692 ubi
750 666 877 693 sodales?

81 710 128 736 ubi
155 711 356 738 concantores?
378 719 496 745 quorum
530 719 615 746 penes
633 719 684 739 nos
701 713 753 739 soli
767 713 877 741 habitus

79 758 203 786 exstant,
221 755 292 782 cassi
308 763 399 782 rerum
416 759 443 782 et
459 755 566 783 inanes.
584 755 636 784 Sed
654 757 743 789 obliti,
763 763 792 784 ut
806 758 878 785 vide.»

79 802 136 830 tur,
159 800 381 834 stipulationum,
407 801 429 828 si
449 801 553 836 quiest
575 803 602 829 in
628 803 757 831 manibus
783 803 876 832 fratris

78 847 185 877 obitus,
206 848 338 881 patrisve,
353 846 425 874 illico
441 847 474 874 ad
493 851 611 875 mentem
630 848 762 881 redimus,
779 850 877 876 stimu-

928 261 956 285 et
970 265 1087 292 semper,
1105 258 1134 285 in
1147 266 1313 294 omnemque
1330 262 1550 295 perpetuitatem.
1568 265 1666 293 Amen.

1213 325 1328 356 SERMO
1345 327 1464 357 CXXXI.

1034 380 1072 408 De
1085 382 1185 414 studio,
1205 383 1310 418 vitaque
1325 389 1417 412 nostra
1435 386 1481 413 diu
1493 391 1519 414 et
1531 387 1617 422 felice.

965 435 1075 465 Fratres
1091 437 1249 474 Patresque,
1267 439 1320 467 alio
1334 441 1360 467 in
1373 441 1513 476 prioribus
1534 443 1641 472 dicendi
1656 454 1724 476 usus

928 481 1051 514 exordio,
1060 490 1132 510 nunc
1143 485 1385 518 percontabundus
1404 488 1480 516 inﬁo.
1492 489 1530 516 Ac
1541 497 1634 524 quaero
1648 494 1723 527 equi-

928 527 989 554 dem
1004 527 1037 556 de
1053 530 1207 562 monastiri,
1219 531 1292 566 quod
1308 533 1450 564 obeamus,
1466 535 1549 562 studii
1562 539 1723 572 certamine,
1772 548 1778 558 ι

928 573 993 608 quid
1007 573 1190 620 arbitramini,
1214 576 1314 606 fratres
1326 579 1337 605 τ
1356 582 1509 609 tenemusn'
1521 583 1596 617 quod
1608 585 1720 620 vestiga-

929 626 1000 652 tnus,
1016 623 1043 646 et
1054 619 1201 648 immOrtali
1222 622 1341 656 petimur
1355 631 1422 657 aevo,
1436 633 1484 660 spe
1498 627 1585 655 aﬂ‘ecti
1597 630 1698 664 sospita
1714 649 1723 662 .

928 670 962 690 au
972 663 1102 692 desumus
1116 673 1179 693 vero
1191 666 1280 695 officio
1291 668 1467 703 iEnimvero,
1481 679 1615 707 quantum
1627 663 1660 701 ea
1674 683 1722 710 ap-

929 711 1046 743 parenti,
1057 711 1128 740 haud
1145 721 1193 741 vos
1206 715 1305 749 opinor
1317 716 1359 744 vel
1375 717 1509 746 tantillum
1523 719 1684 754 subtlititiis,
1695 727 1724 748 ut

928 755 969 802 sic
997 755 1123 789 dixerim,
1140 759 1228 793 scitis,
1256 765 1340 796 atque
1370 763 1472 798 regulis
1498 764 1630 800 defuisse,
1650 767 1723 802 quod

928 799 1023 828 salutis
1038 807 1119 836 caput
1136 808 1233 832 vestrae
1246 811 1298 839 est,
1310 811 1337 834 et
1346 806 1500 836 incolumes
1511 817 1605 844 porro,
1621 819 1653 840 ac
1660 799 1723 840 sine

930 844 1025 874 fraude
1041 848 1191 876 introrsum
1216 853 1427 886 conservemini,
1443 862 1500 890 quo
1514 857 1594 884 nauci
1618 857 1662 885 hic
1673 866 1723 894 ego

78 900 182 927 tamur,
219 893 398 927 subrigimur,
431 899 459 920 at
491 894 574 921 simul
591 894 792 929 aliquantillum
809 896 870 923 abiil

928 899 977 926 per
996 901 1044 921 vos
1063 896 1179 923 sentiam
1210 897 1384 927 beneﬁcium.
1402 900 1477 929 Sane
1505 903 1613 938 utrique
1637 886 1722 932 Deuvm

78 943 199 974 u-mpus,
218 939 253 966 ibi
275 943 332 966 lum
360 945 500 974 pactorum
515 948 547 968 ac
562 941 735 968 stitnulorum
752 943 878 977 pertinax

78 984 183 1011 obtivio
197 988 249 1011 est.
267 986 301 1011 At
316 993 371 1011 non
388 985 425 1012 dii
441 986 534 1013 itidetn
549 988 648 1020 sancti,
663 987 709 1022 qui
727 988 782 1014 vita
799 989 876 1016 omni

78 1030 257 1056 meditatione
285 1030 402 1064 quadam
420 1037 513 1065 parata
543 1033 658 1065 mortis,
679 1032 768 1060 indies
794 1035 875 1066 mori,

78 1077 116 1111 (ιιι.
133 1078 245 1111 mirum)
261 1077 352 1104 vivere
364 1099 372 1111 ,
389 1078 477 1106 indies
498 1079 600 1107 mundo
616 1081 767 1115 apostolice
782 1081 875 1108 cruci-

79 1124 123 1157 tigi
136 1144 142 1155 ,
158 1123 250 1150 indies
266 1124 299 1150 ad
316 1123 400 1151 Deum
416 1125 507 1152 studio
517 1125 664 1160 proficisci,
683 1126 766 1152 vitam
776 1126 874 1161 degen-

77 1174 118 1195 trs
138 1177 202 1196 vere
224 1169 330 1197 felicem
361 1178 392 1198 ac
415 1171 573 1199 amabilem.
597 1170 655 1199 Non
675 1172 801 1208 exemplo
818 1176 874 1199 ter-

78 1216 177 1242 rcmini
197 1216 290 1243 decem
308 1218 442 1252 virginum
453 1217 465 1245 ’ἔ
475 1217 553 1251 Ecce,
565 1218 781 1254 inquit,sponsus
791 1219 871 1250 venit,

75 1261 147 1287 exite
160 1261 264 1288 obviam
282 1263 305 1289 ei
315 1262 350 1290 Μ.
365 1263 452 1298 Igitur
471 1265 618 1298 prudentes
633 1272 696 1292 cum
715 1264 871 1299 splendidis

77 1305 199 1334 lucernis
226 1307 323 1339 obvia),
342 1308 368 1335 in
393 1309 544 1336 thalamum
568 1314 721 1344 penetrare,
747 1317 815 1338 serae
835 1312 872 1338 ob

76 1351 214 1379 bonorum
233 1360 345 1388 operum
363 1354 506 1388 penuriam
523 1355 613 1383 stulta:
638 1355 757 1383 clamare
771 1356 798 1382 in
814 1356 871 1384 haec

77 1398 181 1424 verba:
201 1398 322 1432 Domine,
337 1399 455 1432 Domine,
474 1401 547 1435 aperi
569 1401 687 1434 nobis",
702 1402 804 1437 quibus
822 1403 870 1430 ille

76 1445 247 1477 respondens
261 1445 352 1472 dicere
365 1455 372 1472 :
393 1446 486 1480 Amen,
502 1455 578 1473 amen
601 1447 661 1474 dico
684 1448 768 1479 vobis,
783 1449 869 1475 nescio

76 1496 121 1515 cos
133 1489 167 1520 ⁸⁸,
185 1489 286 1516 addens
300 1499 306 1516 :
329 1489 452 1525 Vigilate,
483 1492 547 1526 quia
564 1492 670 1519 nescitis
694 1492 764 1519 diem
781 1493 867 1526 illum,

75 1542 159 1568 neque
189 1535 322 1563 horam".
349 1535 522 1571 Vigilandum
550 1541 592 1564 est
616 1545 693 1573 ergo,
709 1543 738 1565 et
759 1539 869 1565 animus

75 1581 250 1614 excitandus,
276 1582 322 1616 qtti
345 1586 469 1610 arrectus
481 1583 649 1616 stimuletur,
673 1584 815 1616 lustretur,
832 1584 871 1612 fc-

79 1629 205 1661 bruetur,
233 1629 398 1661 renidescal,
421 1637 455 1656 ne
479 1631 623 1665 ingruente
647 1630 739 1657 subito
769 1637 869 1663 morte,

75 1675 266 1706 excludamur,
290 1675 399 1702 nemine
423 1680 561 1709 aperturo,
578 1679 626 1702 aut
646 1675 803 1710 adjumento
826 1677 870 1703 fu-

76 1726 148 1748 turo.
182 1721 378 1748 Przevertamns
411 1728 464 1748 una
489 1729 585 1748 omnes
617 1722 707 1754 serio,
742 1723 868 1757 inquam,

75 1772 176 1799 parare
198 1772 280 1799 opera
306 1765 431 1792 disceSsu
457 1766 542 1793 amica
558 1765 624 1797 Deo,
642 1767 718 1801 piger
731 1767 869 1801 evigilata,

75 1809 238 1836 inobediens
252 1809 373 1842 obedito,
397 1809 485 1837 elatus
497 1811 680 1843 snccumbito,
694 1811 780 1839 durus
799 1812 870 1839 inol-

75 1855 149 1885 litor,
165 1854 246 1881 flendi
262 1854 383 1881 insolens
400 1854 566 1888 stimttlator,
582 1854 749 1883 confessioni
764 1857 870 1885 alienus

74 1901 232 1932 confitetar,
239 1900 355 1936 ignavus
363 1905 502 1935 operator,
513 1902 604 1928 cuncti
611 1907 709 1929 cuncta
717 1910 871 1938 exsequun-

73 1953 128 1979 tor,
149 1952 231 1982 atque
250 1947 362 1980 addam,
381 1954 424 1974 me
447 1947 582 1979 hercules,
602 1947 768 1976 mulierosus
785 1949 869 1977 refre-

73 1998 166 2020 nator.
196 1992 266 2026 Quid
293 1993 346 2020 hoc
368 1992 443 2020 verbi
468 1993 531 2021 est?
557 2001 592 2020 ne
618 2001 681 2020 cum
708 1995 869 2024 mulieribus

72 2040 260 2070 consuescito,
277 2047 310 2066 ac
325 2044 510 2067 commorator
532 2040 646 2074 diutius,
673 2041 746 2068 unde
773 2041 868 2077 ﬂagitii

70 2086 233 2112 exardescat
248 2085 328 2119 ignis,
344 2092 376 2112 ac
390 2092 533 2112 sacrarum
550 2085 716 2114 Litterarum
730 2087 867 2116 audienda

72 2131 226 2159 svntentia:
249 2130 382 2166 Deligabi!
394 2131 491 2166 aliquis
506 2132 593 2167 ignem
613 2134 640 2160 in
655 2134 726 2166 sinit,
751 2142 798 2161 nec
817 2135 866 2162 de-

71 2182 131 2204 uret
150 2177 315 2208 vestimenta,
328 2181 374 2203 aut
385 2177 533 2204 ambulabit
548 2187 626 2214 super
645 2179 771 2207 carbones
788 2180 866 2216 ignis,

929 940 1120 974 prredicemus,
1142 943 1190 978 qui
1215 945 1314 978 potiori
1327 946 1424 974 dilecta
1441 953 1529 982 parte,
1551 955 1578 977 et
1593 955 1721 986 tanquam

928 984 960 1011 ad
974 984 1038 1013 Jesu
1058 988 1140 1021 pedes
1157 990 1342 1024 considentes,
1368 995 1601 1023 sermocinantem
1625 984 1721 1024 audia~

927 1036 989 1056 mus
1013 1030 1044 1058 τ’.
1060 1032 1132 1067 Ergo
1160 1040 1298 1069 anguntur
1314 1037 1371 1069 alii,
1388 1045 1421 1065 ac
1448 1039 1482 1066 de
1503 1039 1627 1074 plurimis
1644 1042 1721 1070 labo-

927 1079 999 1108 rant,
1022 1077 1195 1112 conjugibus,
1212 1079 1317 1113 liberis,
1336 1083 1458 1116 praediis,
1475 1085 1612 1118 pecuniis,
1625 1091 1719 1114 nostra

926 1119 984 1147 haec
995 1129 1048 1149 una
1062 1125 1218 1157 procuratio
1231 1130 1283 1160 est,
1299 1126 1347 1162 qui
1363 1126 1479 1156 Domino
1492 1129 1660 1164 placeamus,
1673 1133 1720 1159 alii

926 1169 1034 1194 terreno
1058 1170 1155 1196 caesari
1178 1175 1282 1198 merent
1297 1193 1304 1205 ,
1324 1173 1402 1208 cujus
1429 1174 1551 1209 imperiis
1575 1182 1718 1210 coguntur,

924 1214 1074 1248 quamlibet
1085 1216 1119 1244 ad
1145 1223 1271 1253 tnortem,
1299 1220 1444 1254 inservire,
1460 1226 1554 1249 nostra
1571 1228 1720 1257 spontanee

924 1259 1019 1287 tnilitia
1036 1266 1088 1294 est,
1103 1263 1173 1297 regis
1191 1267 1231 1291 ter
1244 1265 1339 1299 optimi
1354 1265 1456 1293 Christi
1474 1274 1535 1294 cum
1555 1269 1630 1295 omni
1642 1269 1721 1296 liber

924 1309 977 1332 tate
999 1305 1075 1340 jussa
1103 1308 1266 1344 obeunlum,
1283 1311 1432 1339 honorario
1459 1313 1578 1348 quodam
1606 1315 1721 1345 milititr,

922 1357 1006 1385 regno
1035 1353 1162 1381 condicto
1191 1356 1367 1389 inconcusso,
1392 1358 1438 1384 alii
1453 1358 1517 1385 ﬂuxi
1543 1365 1626 1394 atque
1641 1361 1721 1388 exilis

921 1402 1042 1431 quaestus
1079 1401 1165 1434 gratia
1186 1400 1296 1436 longum
1325 1407 1352 1431 et
1383 1404 1498 1432 arduum
1520 1406 1571 1433 iter
1598 1407 1721 1442 exigunt.

921 1442 1000 1470 nobis
1025 1443 1053 1471 in
1083 1445 1142 1472 aede
1163 1446 1255 1474 divina
1287 1449 1472 1478 ccticordihus
1491 1451 1578 1484 obire,
1600 1460 1633 1480 ac
1662 1453 1721 1481 dies

921 1494 1069 1525 noctesque
1101 1492 1309 1527 amplitudinem
1344 1495 1392 1523 Dei
1423 1505 1557 1532 usurpare
1592 1498 1722 1527 faucibus

922 1535 995 1569 licet,
1007 1544 1061 1564 non
1075 1544 1173 1565 aurum
1190 1538 1255 1566 hinc
1266 1540 1398 1568 caducum
1415 1542 1574 1576 lucraturis,
1593 1544 1640 1571 sed
1655 1553 1721 1579 opes

925 1581 1074 1617 ittdireptas
1100 1588 1127 1610 et
1145 1588 1272 1612 internas.
1292 1586 1350 1620 Qua
1372 1587 1399 1614 in
1422 1595 1452 1615 re
1469 1593 1497 1615 ut
1511 1588 1577 1616 insit
1595 1591 1719 1618 molestia

924 1628 1059 1663 quaedam,
1073 1636 1105 1657 ac
1121 1632 1271 1664 contentio,
1287 1639 1333 1659 seu
1347 1634 1466 1666 sensilis,
1481 1643 1528 1662 seu
1540 1635 1625 1663 invisa
1637 1638 1647 1672 (
1657 1645 1719 1664 nam

924 1674 969 1707 pol
985 1674 1092 1711 inest),
1111 1680 1185 1704 certe
1204 1677 1240 1705 ob
1266 1686 1421 1707 sermonem
1442 1680 1576 1713 divinttm,
1589 1689 1720 1717 spemque

924 1719 1054 1747 facillima
1068 1726 1119 1754 est,
1135 1722 1182 1757 qui
1197 1722 1223 1750 in
1237 1725 1369 1759 angustiis
1383 1728 1546 1760 exporreeti,
1560 1727 1719 1756 lauemurin

924 1767 1054 1794 aerumnis
1067 1775 1099 1794 ea
1113 1775 1120 1799 ;
1139 1767 1195 1795 haec
1209 1769 1281 1796 enim
1298 1770 1352 1797 vita
1365 1771 1472 1806 degitur
1487 1780 1549 1806 (tua:
1568 1774 1609 1800 vei
1623 1774 1720 1801 adver-

923 1810 962 1838 sis
977 1811 1076 1839 charos
1103 1813 1136 1839 ad
1150 1820 1180 1840 se
1195 1813 1306 1840 alliciat.
1330 1813 1397 1847 Quis
1414 1823 1467 1842 non
1494 1817 1602 1844 deamat
1619 1823 1646 1845 et.
1662 1827 1720 1846 am-

923 1855 1051 1890 plectitur
1075 1862 1202 1891 parentes
1219 1858 1327 1894 ?atque
1345 1860 1389 1887 liis
1404 1865 1494 1889 tamen
1513 1871 1569 1898 ιιι-δε·
1597 1864 1643 1891 Dei
1659 1870 1718 1893 stu-

922 1901 969 1928 dio
986 1902 1098 1936 relictis,
1128 1904 1269 1931 hominum
1294 1906 1350 1932 nati
1378 1906 1431 1934 huc
1444 1907 1616 1936 incumbunt.
1645 1910 1717 1944 Quid

923 1947 1050 1983 conjugio
1065 1949 1230 1983 devinctius,
1246 1955 1388 1986 postquam
1403 1953 1437 1980 de
1457 1953 1564 1981 Domini
1581 1957 1716 1984 sententia

922 1993 977 2020 duo
991 2002 1075 2021 unutn
1090 2000 1154 2022 sunt
1183 2002 1293 2030 corpus,
1321 2001 1410 2024 sectos
1436 2002 1524 2025 tamen
1543 2001 1718 2036 evangelicae

923 2039 1029 2075 gladitts
1045 2040 1098 2067 huc
1114 2041 1232 2076 ablegat.
1250 2041 1322 2070 Sane
1334 2043 1378 2070 hic
1390 2044 1574 2079 principatum
1593 2048 1718 2081 repudiat

923 2087 1059 2122 princeps,
1069 2087 1178 2115 divitias
1195 2087 1270 2116 ﬂocci
1284 2090 1399 2117 aestimat
1412 2090 1498 2123 dives,
1514 2093 1636 2126 penuria:
1648 2094 1717 2122 obli-

922 2133 1035 2160 viscitur
1051 2133 1141 2169 inops,
1156 2134 1316 2162 viduitatem
1335 2136 1464 2164 amolitur
1490 2138 1598 2171 viduus,
1617 2140 1715 2167 addam

921 2182 948 2205 et
961 2179 1071 2214 derepta
1105 2187 1227 2214 purpura
1255 2187 1345 2216 regem
1374 2181 1416 2209 his
1440 2185 1590 2211 accenseri.
1607 2183 1717 2212 Scilicet

71 2231 120 2250 nec
137 2222 244 2256 plantas
257 2223 390 2250 comburat
401 2223 423 2239 ⁷⁸
435 2223 447 2250 2
460 2222 553 2252 Itidem
568 2224 615 2259 qui
632 2225 665 2252 ad
682 2226 824 2254 mulierem
838 2235 868 2255 se
885 2232 907 2259 ι)
923 2233 971 2261 par
987 2225 1133 2253 Christiani
1163 2227 1289 2261 corporis
1318 2227 1417 2261 honor,
1433 2233 1580 2265 portusque
1605 2231 1715 2265 quidam

71 2268 197 2297 conferat
229 2269 377 2297 maritam:
408 2270 506 2297 marita
524 2275 567 2297 est
598 2275 689 2298 autem
705 2277 762 2298 tum
788 2272 865 2307 virgo

69 2322 194 2348 quoque,
209 2321 256 2341 seu
271 2315 418 2349 monacha,
435 2320 493 2342 tum
512 2322 574 2349 qum
589 2316 730 2344 viduitatis
745 2325 775 2345 se
796 2318 866 2345 obli—

70 2360 157 2394 gavit,
189 2367 306 2394 quarum
326 2368 446 2394 sponsus
461 2361 599 2396 gloriosus
616 2361 687 2389 Deus
705 2367 758 2390 est.
775 2363 865 2398 Atque

72 2405 132 2432 haec
153 2405 265 2440 quidem
283 2406 433 2434 oberrones
460 2406 516 2434 huc
536 2406 611 2440 illuc,
628 2408 676 2442 qui
706 2416 739 2435 ex
755 2407 867 2437 libidine

69 2451 165 2477 vivant
176 2451 326 2485 quaerendo
343 2452 438 2479 sceleri
454 2457 598 2486 prietextu,
617 2461 712 2487 parum
734 2462 869 2483 memores

72 2493 206 2522 Dominici
221 2495 304 2529 jussi,
318 2496 468 2524 eruendum
493 2498 602 2525 oculum
626 2498 673 2533 qui
690 2503 716 2525 te
736 2499 869 2527 sc.mdali-

71 2541 158 2574 zet“,
187 2542 289 2568 nedum
314 2542 394 2569 aliter
421 2543 544 2570 affectos.
570 2544 609 2570 Ad
626 2551 672 2571 vos
687 2545 796 2579 quidem
819 2546 871 2573 hoc

71 2587 161 2615 habeo
188 2587 290 2619 dicere,
320 2588 452 2616 debemus
478 2597 529 2616 nos
559 2590 628 2617 firmi
650 2590 865 2618 imbecillitatem

72 2632 145 2661 ferre
165 2633 353 2667 inﬁrmorum,
378 2639 405 2662 et
431 2635 585 2663 honestatis
607 2636 764 2671 exemplum
783 2637 865 2671 obiici

72 2679 212 2713 perversis
237 2679 311 2713 quod
342 2687 404 2707 cutn
431 2680 498 2708 estis
524 2688 572 2716 per
598 2681 718 2708 divinam
733 2682 865 2717 gratiam,

72 2729 131 2751 tum
157 2724 218 2751 sitis
241 2723 364 2759 insuper,
387 2724 435 2752 Dei
461 2725 605 2758 bcnelicio,
627 2734 660 2753 ac
683 2727 867 2761 sospitemini,

75 2777 124 2804 per
141 2769 283 2799 Christum
299 2770 392 2800 Jesum
407 2770 554 2800 Dominum
570 2777 707 2805 nostrum,
724 2773 766 2800 cui
779 2773 865 2809 gloria

920 2276 962 2299 est
978 2271 1103 2306 publicus
1122 2272 1229 2300 salutis.
1244 2272 1304 2300 Jam
1317 2273 1392 2301 obita
1427 2280 1530 2306 morte,
1554 2284 1608 2303 non
1627 2277 1716 2305 luctus

920 2321 1003 2351 atque
1027 2316 1155 2350 planctus
1182 2317 1310 2352 agitatur,
1327 2320 1478 2347 secundum
1508 2320 1568 2348 vita:
1580 2327 1715 2355 amantes,

919 2363 984 2395 quin
1004 2362 1157 2396 composita
1183 2363 1335 2391 inhumatio
1352 2364 1473 2392 defuncti
1499 2370 1552 2399 est,
1570 2374 1650 2401 quem
1666 2376 1716 2395 nec

917 2407 1017 2442 conqu
1036 2408 1176 2440 inclamet,
1191 2416 1242 2436 nec
1256 2409 1335 2437 liberi
1351 2410 1527 2445 quiritentur,
1544 2420 1594 2440 nec
1604 2407 1714 2449 cogitati

918 2454 1030 2489 ejulent,
1047 2454 1099 2482 hoc
1113 2459 1141 2481 et
1158 2454 1224 2482 illud
1238 2460 1410 2489 revocantes,
1428 2458 1542 2492 la=teque
1557 2460 1714 2494 prodeatur,

921 2507 952 2527 ac
967 2507 1029 2527 cum
1045 2507 1094 2534 spe
1123 2500 1193 2527 bona
1210 2500 1350 2534 efferatur,
1368 2503 1410 2530 sin
1432 2507 1460 2531 et
1491 2505 1619 2540 lacrymis
1635 2514 1715 2541 opus,

921 2551 963 2570 nae
977 2543 1019 2570 hac
1033 2543 1142 2578 quidem
1158 2544 1227 2571 citra
1242 2544 1294 2578 fas,
1309 2546 1343 2572 ob
1354 2546 1504 2581 spiritalem
1519 2548 1636 2583 digressi
1651 2552 1718 2577 ami-

920 2589 1026 2622 citiam,
1038 2594 1181 2625 postquam
1195 2595 1222 2618 et
1240 2590 1372 2620 Dominus
1383 2600 1465 2628 super
1478 2593 1583 2621 Lazaro
1597 2595 1670 2622 ﬂevit
1681 2596 1715 2629 ⁷³,

918 2640 1043 2662 naturam
1061 2636 1262 2664 demonstrans.
1285 2637 1352 2671 Qua).
1368 2641 1419 2666 hac
1434 2639 1488 2666 vita
1504 2639 1531 2666 in
1555 2641 1630 2667 onmi
1658 2649 1716 2667 mc-

920 2681 1007 2708 moria
1029 2680 1136 2708 felicior
1147 2682 1217 2716 quod
1229 2690 1284 2717 pra:
1299 2683 1350 2710 hoc
1372 2683 1526 2711 institutum
1549 2685 1714 2719 patefactutu

919 2731 959 2754 est
978 2726 1034 2754 Deo
1049 2726 1228 2763 conjungcns,
1246 2733 1276 2756 ut
1301 2736 1356 2756 non
1372 2730 1421 2757 abs
1436 2738 1465 2757 re
1487 2729 1615 2758 Davidice
1641 2731 1717 2758 dica-

919 2780 979 2800 mtts
995 2782 1001 2800 :
1025 2771 1087 2799 Itlic
1104 2775 1241 2801 mandauit
1260 2775 1389 2802 Dominus
1404 2776 1618 2811 benedictionem,
1634 2779 1715 2805 vitam

106 2826 367 2869 ‘:n.\latth:-xxv,6.
404 2829 570 2869 gnam“.
609 2820 772 2858 "unus.
811 2831 832 2848 συ
848 2831 870 2859 ιι

932 2831 974 2858 l3.
1014 2831 1036 2847 "°
1050 2831 1130 2860 Prov.
1146 2842 1181 2866 vt,
1195 2833 1241 2865 27,
1260 2833 1305 2861 28.
1337 2835 1359 2850 ⁷¹
1373 2834 1469 2863 Matth.
1485 2844 1511 2869 ν,
1526 2835 1572 2864 29.
1611 2837 1633 2853 ⁷¹
1648 2836 1716 2864 Luc.

74 2869 98 2894 ιτ
117 2863 161 2890 39.
215 2864 238 2878 ⁷³
255 2863 335 2890 Joan.
350 2872 387 2897 xt,
404 2865 450 2893 55.

231 2913 365 2943 Ρηιιυι.
392 2914 450 2944 Gn.
478 2914 578 2944 XCIX.

1462 2919 1501 2948 22
