1921 3073
210 144 263 176 683

808 139 837 168 S.
849 137 1046 169 THEODORI
1063 137 1238 169 STUDITA‘]

1786 134 1843 168 684

209 206 291 233 usque
306 198 333 224 in
350 195 477 223 uetulum
498 193 530 220 ⁷⁸.
545 192 632 228 Igitur
650 191 817 227 gaudeamus
828 210 836 223 ,
855 190 965 222 fratres,
978 194 1005 217 et
1019 192 1042 221 Α
1058 190 1102 217 hic
1116 191 1385 226 exstinguitur;non
1402 190 1522 218 moritur
1530 190 1642 223 vermis,
1657 191 1702 219 hic
1719 191 1850 219 moritur.

209 244 324 271 invicem
337 241 515 276 gratulemur,
528 237 642 274 agendis
651 238 733 264 etiam
749 240 832 271 atque
847 236 929 263 etiam
944 243 1006 272 gra-

209 290 265 320 tiis,
285 295 317 315 ac
331 286 365 313 de
387 284 505 312 amando
531 283 604 311 serio
622 283 756 310 clemente
781 281 848 314 Deo,
866 281 911 316 qui
928 288 978 307 nos
990 287 1006 308 e

210 333 334 362 tenebris
352 332 379 359 in
395 331 494 362 lucem,
509 336 542 356 ex
558 328 708 364 ignominia
722 327 750 354 in
765 327 893 363 gloriam,
906 334 922 354 e
942 333 1005 353 sor-

207 383 287 410 dibus
303 381 330 407 in
346 377 520 414 splendorem
536 376 686 408 acciverit;
705 382 768 402 nam
787 374 865 402 scitis
883 381 937 409 qua
950 373 1007 400 ori-

207 430 271 465 gine
285 426 401 463 quisque
415 429 443 452 et
453 424 552 459 quibus
567 422 723 458 parentibus
739 425 895 453 satus,Cum
907 419 1006 465 quibus

208 464 319 504 coierit,
331 477 448 506 quorum
470 468 555 496 frater
569 471 682 495 vocetur
699 475 707 499 ;
727 473 846 501 quorum
860 464 1007 492 contuber-

209 522 253 548 nio
267 524 368 547 utatur.
385 520 423 545 Ac
439 517 501 544 dico
520 514 646 550 equidem
660 513 726 541 etin
747 512 849 539 exteris
870 511 1005 546 personis.

209 565 274 598 Quae
291 564 431 598 ingressus
457 560 578 595 quidam,
600 564 628 586 et
645 558 757 585 exordia
773 560 838 584 sunt
854 555 1005 582 futurorum

210 610 422 645 promissorum.
436 605 570 641 siquidem
585 603 710 631 absoluto
736 610 769 630 ac
789 601 916 630 confecto
933 600 1006 636 quod

210 655 352 684 incumbat
376 652 528 681 certamine
549 654 576 678 et
596 650 729 684 obsequio
746 648 880 676 irrevulso
897 651 1006 674 certan-

210 708 261 735 tes,
284 699 457 737 proferendis
477 696 642 725 obedientiae
672 694 805 723 fructibus
831 693 1004 728 quibusdam.

209 754 338 784 tanquam
359 746 387 773 in
416 744 545 780 paradiso
561 763 569 776 ,
583 742 627 770 vel
645 741 679 769 ad
695 740 846 768 ministeria
870 738 1003 774 prompti,

209 794 285 823 omni
303 794 445 821 honestate
458 790 556 821 functi.
583 788 617 816 ad
633 787 750 815 indictas
767 784 911 821 morigeris
933 784 1005 818 leges

209 846 290 876 atque
305 845 443 870 normam,
456 836 491 864 ad
503 840 656 863 extremum
668 838 868 867 consequemur
879 837 944 876 (1037
956 836 1005 857 nec

1058 235 1110 263 Sed
1135 236 1197 271 quis
1215 236 1302 264 solers
1318 240 1346 263 et
1371 235 1537 270 exquisitus,
1561 236 1624 270 quis
1652 236 1797 272 perspicax
1824 243 1853 264 et

1057 282 1183 310 auritus?
1199 283 1334 318 siquidem
1361 287 1450 317 potest
1481 290 1532 310 nec
1558 283 1650 311 videre
1671 283 1778 316 videns,
1801 292 1854 311 nec

1057 329 1151 356 audire
1169 329 1295 361 audiens,
1310 337 1365 364 prie
1386 329 1470 356 animi
1483 334 1594 365 stupore
1610 330 1765 365 mentisque
1786 338 1852 358 cum

1057 375 1131 402 vitiis
1147 375 1324 403 commercio.
1338 374 1406 408 Quis
1427 375 1568 402 laudatum
1587 383 1603 403 a
1618 375 1733 402 Domino
1745 376 1853 403 luctum

1056 421 1211 455 possidens,
1227 425 1254 448 et
1279 420 1367 448 indies
1379 429 1409 449 se
1425 421 1459 448 ab
1476 421 1696 456 inquinamentis
1712 421 1776 449 hinc
1789 422 1855 449 inde

1056 475 1221 503 expurgans,
1239 476 1326 503 neque
1345 468 1371 495 in
1395 469 1547 495 crastinum
1573 467 1720 503 rejiciens‘!
1747 467 1855 503 Sufﬁcit

1055 514 1136 545 enim,
1152 514 1200 546 ait,
1217 514 1269 540 diei
1291 514 1396 540 malitia
1415 522 1464 540 sua
1475 514 1508 540 '".
1539 514 1606 546 Quis
1623 513 1714 540 studio
1730 515 1854 541 studium

1056 560 1231 587 committens
1247 559 1305 591 Dei,
1316 559 1447 593 omnique
1462 559 1526 586 hinc
1540 559 1653 586 libidine
1667 559 1786 591 solutus,
1805 561 1854 594 qui

1056 613 1119 633 cum
1136 605 1237 632 Davide
1264 605 1337 632 dicat
1353 614 1359 632 :
1380 605 1498 632 Adhazsit
1514 606 1603 631 anima
1620 613 1678 631 mea
1692 610 1747 639 post
1765 610 1800 638 te,
1813 613 1855 632 me

1056 649 1169 683 suscepit
1186 650 1294 676 dextera
1308 654 1354 676 tua
1363 649 1408 676 δοῖ
1423 649 1445 676 0
1459 649 1642 677 innocentiam
1658 649 1764 677 felicem
1777 652 1783 676 l
1802 657 1855 678 nos

1056 695 1166 730 quidem
1194 694 1281 721 simus
1300 701 1412 722 necesse
1427 699 1478 726 est,
1499 699 1526 721 et
1541 701 1603 721 eum
1630 694 1657 721 in
1670 694 1782 722 modum
1810 695 1856 730 ju-

1055 741 1121 768 bent
1148 748 1310 775 :ipparemus
1333 747 1420 768 sacrae
1446 739 1567 772 Litterae,
1584 740 1684 768 animis
1712 741 1853 773 ardentes,

1055 787 1108 814 fide
1121 786 1232 818 armati,
1248 794 1295 821 spe
1310 787 1400 819 alites,
1418 786 1451 813 ad
1469 787 1572 814 exitum
1596 787 1742 821 procincti.
1769 787 1857 823 Igitur

1056 831 1150 859 hortor
1161 839 1192 859 ac
1207 832 1339 861 obtestor.
1356 839 1406 859 ceu
1423 831 1545 866 quotidie
1565 832 1691 859 morituri
1708 833 1854 865 obeamus,

210 873 277 914 vidit
294 885 390 913 oculus
406 902 414 915 .
445 889 496 910 nec
524 880 627 908 audivit
648 879 741 912 auris,
771 885 822 905 nec
851 875 1005 904 mortalium
1022 873 1045 902 Β
1059 885 1108 912 pro
1130 877 1202 905 virili
1224 885 1274 904 nos
1297 881 1434 912 urgentes,
1455 877 1521 904 certi
1543 878 1692 905 violentum
1721 878 1854 913 quiddam

209 933 336 967 cuiquam
352 936 450 958 venere
463 928 490 955 iu
508 931 629 955 mentem
640 926 674 958 ",
690 925 731 952 sui
749 923 904 951 amantibus
915 926 1008 957 parata

210 977 358 1010 divinitus,
369 982 430 1011 quas
439 978 464 1002 et
479 973 571 1001 cuncti
586 971 776 1000 nanciscamnr
790 968 898 997 Domini
921 967 1008 996 nostri

209 1025 272 1053 Jesu
283 1022 385 1052 Christi
404 1021 565 1049 liberalitate
581 1023 662 1054 atque
688 1016 832 1046 beneficio.
850 1015 900 1043 Cui
923 1014 1007 1050 gloria

209 1076 237 1099 et
261 1069 417 1105 imperium,
439 1074 502 1095 cum
529 1065 610 1093 Patre
635 1072 668 1093 ac
684 1067 780 1092 sancto
804 1062 919 1098 Spiritu,
936 1068 1009 1089 nunc

208 1120 238 1144 ct
250 1122 368 1150 semper,
384 1113 411 1141 in
434 1118 599 1146 omnemque
614 1110 833 1146 perpetuitatem.
847 1108 943 1135 Amen.

476 1166 595 1196 SEBMO
614 1165 747 1195 CXXXII.

246 1216 285 1244 De
313 1215 386 1242 obitu
418 1213 511 1248 fratris
529 1211 661 1247 Gregorii,
690 1216 769 1246 atque
802 1210 838 1237 ad
871 1208 1007 1235 decessum

401 1248 530 1283 apparari
544 1251 661 1283 perpetes
679 1251 809 1280 oportere.

246 1295 355 1322 Fratres
370 1293 530 1328 Patresque,
552 1291 649 1319 mortis
664 1290 754 1318 nuntii
787 1290 1005 1321 increbrescunt.

211 1340 340 1369 cominus
355 1343 382 1366 et
397 1339 508 1365 eminus
524 1336 611 1364 auditi
626 1335 678 1364 hac
703 1339 874 1371 tempestate,
888 1335 1006 1363 maxime

211 1385 398 1422 spiritualium
415 1384 533 1411 fratrum
548 1387 732 1418 patrumque;
749 1382 890 1410 enimvero
907 1387 1006 1417 pra'ter

212 1433 281 1461 alios
300 1436 328 1459 et
337 1431 421 1458 frater
437 1429 585 1464 Gregorius
612 1435 664 1457 nos
690 1427 812 1463 reliquit,
828 1428 909 1463 cujus
940 1431 1000 1455 tum

212 1478 322 1506 laudata
337 1477 393 1504 vita
415 1480 468 1509 est,
482 1480 539 1503 tum
566 1475 657 1502 exitus
671 1472 749 1507 felix,
764 1473 792 1500 in
808 1473 938 1508 periculis
954 1479 1004 1507 pro

212 1523 323 1552 Christo
335 1521 466 1549 defuncti.
495 1519 566 1554 Quid
579 1525 636 1548 tum
654 1519 739 1547 vero?
764 1519 878 1550 scilicet.
891 1525 1004 1546 necesse

212 1574 255 1597 est
274 1575 369 1596 onmes
385 1566 499 1594 omnino
524 1566 589 1594 hinc
622 1565 709 1598 abire,
737 1572 790 1600 qua
813 1571 925 1600 parvos,
950 1571 1005 1598 qua

213 1621 338 1649 magnos,
352 1620 405 1648 qua
418 1619 507 1645 senes,
520 1619 573 1647 qua
586 1611 711 1646 juvenes,
720 1618 775 1638 una
787 1610 814 1637 in
827 1617 924 1637 omnes
932 1617 1006 1636 mor-

214 1661 249 1688 tis
263 1664 363 1687 statuta
385 1658 480 1690 multa,
495 1658 549 1685 alio
565 1658 653 1692 prius,
667 1657 721 1684 alio
732 1656 872 1692 posterius
884 1655 1005 1683 obituro.

215 1703 250 1733 Ut
280 1705 354 1733 serio
371 1704 408 1731 sit
423 1703 600 1738 cogitandum
611 1703 677 1738 qnid
688 1702 780 1729 animo
797 1709 813 1730 e
830 1709 946 1736 corpore
961 1708 1006 1728 se-

214 1759 308 1787 gresso
324 1750 480 1785 patiemur?
496 1749 564 1776 Nam
573 1748 621 1784 qui
636 1748 717 1776 sodes
729 1748 875 1775 adventum
889 1747 1007 1775 feramus

214 1798 367 1832 geniorum,
392 1801 566 1829 nequaquam
593 1793 678 1821 armis
705 1793 791 1821 induti
817 1792 935 1820 lucidis?
960 1791 1007 1826 qui

214 1849 275 1868 eam
299 1841 369 1867 viam
400 1846 588 1874 peragremus,
603 1838 675 1866 haud
701 1837 881 1873 comportatis
899 1841 1008 1865 aeterna:

215 1887 277 1914 vitae
296 1885 423 1913 viaticis?
441 1885 489 1920 qui
520 1883 615 1912 mundi
631 1884 783 1919 principem
797 1883 957 1915 evadamus,
974 1882 1008 1910 de

215 1940 270 1968 quo
293 1932 330 1959 ait
356 1931 490 1958 Dominus
507 1940 514 1957 :
535 1929 613 1957 Venit
629 1930 748 1965 princeps
768 1929 859 1956 mundi
877 1929 967 1963 hujus,
982 1934 1008 1956 et

215 1979 242 2006 in
255 1985 296 2005 me
308 1985 359 2004 non
370 1976 446 2004 habet
463 1976 608 2012 quidquam
623 1977 659 2010 ⁷⁸,
675 1976 767 2004 minus
778 1974 856 2002 liberi
877 1975 911 2002 ab
924 1973 1009 2002 servi-

215 2023 288 2051 libus
303 2022 400 2050 vitiis?
418 2021 530 2055 Beatus,
553 2022 653 2058 inquit,
679 2029 767 2048 servus
789 2020 833 2048 ille
848 2028 925 2056 quem
950 2028 1009 2046 cum

215 2069 312 2097 venerit
326 2069 448 2096 dominus
468 2069 536 2104 ejus,
562 2068 689 2096 invenerit
706 2068 744 2095 sic
761 2067 910 2103 facientem.
925 2067 1008 2095 Amen

216 2115 275 2142 dico
289 2114 372 2148 vobis,
389 2116 514 2149 quoniam
527 2121 606 2149 super
617 2113 708 2140 omnia
724 2113 793 2140 bona
805 2121 855 2140 sua
866 2113 1009 2140 constituet

215 2168 276 2188 eum
288 2161 321 2188 ".
331 2159 452 2195 Ecquam
464 2160 662 2195 optatissimam
674 2167 779 2187 vocem.
793 2159 823 2186 Si
835 2164 923 2186 autent
934 2159 1009 2185 dixe-

1060 930 1122 951 esse
1136 923 1274 956 virtutem,
1287 930 1349 958 qua:
1371 923 1396 950 in
1410 923 1522 951 acclivia
1539 924 1639 958 trahat,
1655 924 1694 951 uti
1714 924 1810 951 vitium
1826 925 1855 952 in

1060 969 1190 1003 proclive,
1217 969 1354 1004 lacrymas
1381 961 1579 996 contr'ahamus
1613 969 1754 1002 lustricas,
1782 977 1856 1004 quas

1059 1015 1186 1042 contritio
1200 1015 1292 1042 cordis
1304 1014 1444 1049 animique
1457 1015 1607 1042 submissio
1624 1015 1728 1050 gignat,
1742 1015 1850 1042 amicos

1059 1066 1168 1089 sanctos
1180 1061 1291 1096 angelos
1301 1068 1439 1096 paremus,
1453 1061 1582 1096 agitanda
1606 1061 1713 1088 insonte
1730 1061 1786 1088 vita
1805 1062 1856 1096 qui

1059 1106 1110 1135 sub
1137 1107 1282 1134 decessum
1304 1107 1401 1134 leniter
1421 1114 1471 1134 nos
1497 1106 1530 1133 ad
1555 1106 1650 1134 herum
1684 1107 1850 1142 perducant.

1059 1154 1147 1188 Atque
1159 1153 1215 1180 haec
1226 1153 1342 1186 dissero,
1358 1160 1411 1180 non
1424 1153 1471 1188 qui
1484 1153 1584 1180 bonum
1601 1153 1703 1188 aliquid
1719 1154 1854 1185 obierim,

1058 1199 1125 1234 quin
1143 1198 1219 1226 obire
1232 1203 1353 1233 satagam
1370 1197 1523 1230 vobiscuru,
1545 1203 1575 1225 ut
1588 1198 1704 1226 damnas
1721 1198 1856 1234 loquendi

1058 1252 1109 1272 nec
1125 1244 1289 1276 subticcndi,
1308 1244 1412 1279 Deique
1427 1251 1475 1271 vos
1499 1251 1671 1279 prcsequcns
1685 1251 1788 1276 amore,
1800 1252 1859 1279 quo

1058 1288 1149 1316 felices
1164 1288 1254 1316 cuncti
1267 1296 1412 1323 perennem
1427 1289 1510 1316 vitam
1522 1289 1702 1321 erciscamur,
1713 1296 1761 1324 per
1772 1288 1860 1316 Chri-

1056 1339 1129 1361 stum
1156 1332 1250 1360 Iesum
1271 1333 1416 1361 Demittunt
1440 1341 1576 1366 nostrum,
1595 1335 1640 1362 cui
1664 1334 1748 1370 gloria
1764 1339 1793 1362 et
1807 1335 1860 1362 im-

1056 1381 1176 1416 perium,
1189 1388 1251 1407 cum
1269 1379 1349 1408 Patre
1361 1388 1393 1408 ac
1408 1386 1505 1408 sancto
1520 1381 1637 1416 Spiritu,
1650 1389 1724 1409 nunc
1740 1386 1767 1409 et
1779 1389 1857 1409 sem-

1056 1434 1112 1462 per,
1133 1426 1160 1454 in
1177 1434 1341 1462 omnemque
1371 1427 1593 1462 perpetuitatem.
1611 1427 1710 1455 Amen.

1302 1483 1418 1511 SERMO
1444 1483 1587 1512 CXXXIII.

1017 1541 1039 1570 ο
1058 1530 1094 1557 De
1122 1530 1238 1570 salutari
1265 1529 1491 1570 confes_sione,_ac
1508 1537 1560 1564 quo
1580 1530 1699 1570 affectus
1726 1529 1858 1565 beneﬁcio

1162 1566 1272 1600 quisque
1286 1571 1335 1598 est,
1349 1565 1478 1598 impertiri
1496 1565 1599 1591 ueteris
1614 1570 1744 1599 oportere.

1093 1610 1204 1638 Fratres
1230 1610 1392 1645 Patresque,
1408 1618 1470 1638 cum
1488 1614 1578 1638 tacere
1595 1611 1687 1645 cupio,
1702 1615 1760 1638 tum
1778 1611 1858 1647 loqui

1057 1657 1218 1692 compellor,
1231 1656 1296 1684 iliud
1313 1664 1347 1683 ne
1364 1664 1412 1684 vos
1428 1656 1600 1689 contristetu,
1614 1656 1665 1684 hoc
1682 1657 1716 1684 de
1724 1659 1858 1693 pracepti

1057 1703 1205 1729 mandato:
1220 1710 1294 1736 nam,
1305 1701 1434 1737 Loquere,
1448 1702 1546 1738 inquit,
1558 1707 1623 1730 etne
1636 1707 1735 1736 taceas,
1746 1708 1861 1738 propter

1056 1749 1125 1784 quod
1139 1757 1185 1784 ego
1200 1757 1258 1776 sum
1273 1754 1358 1775 tecum
1368 1749 1407 1780 3';
1424 1749 1477 1776 etsi
1490 1749 1514 1776 id
1529 1749 1601 1776 enini
1627 1748 1736 1776 Domini
1762 1755 1806 1776 est
1820 1750 1859 1777 ad

1058 1795 1221 1830 Apostolum
1249 1795 1365 1827 dictum,
1387 1794 1516 1822 omnibus
1545 1799 1635 1822 tamen
1662 1795 1858 1829 praefecturam

1058 1841 1165 1869 sortitis
1181 1842 1308 1868 convenit
1321 1841 1420 1868 oratio.
1442 1840 1513 1868 Sane
1533 1841 1600 1869 estis
1614 1848 1662 1869 vos
1679 1848 1792 1876 quoque
1808 1841 1859 1869 Dei

1058 1887 1175 1922 populus
1196 1894 1228 1914 ac
1243 1894 1321 1915 sacer
1336 1887 1462 1921 populus,
1477 1886 1575 1914 addam
1591 1892 1618 1914 et
1632 1894 1810 1918 numerosus.
1833 1887 1860 1915 si

1059 1933 1186 1960 universa
1196 1934 1342 1967 spectanda
1357 1933 1510 1968 respublica
1521 1937 1573 1960 est.
1602 1931 1655 1960 Sed
1671 1933 1857 1967 quamobrem

1058 1979 1135 2007 vobis
1152 1979 1255 2006 indolui
1269 1979 1458 2014 superioribus
1477 1978 1585 2012 diebus,
1599 1985 1630 2006 ac
1653 1977 1749 2006 dolore
1771 1979 1860 2006 mini-

1061 2032 1105 2053 me
1128 2023 1261 2052 ferendo?
1279 2024 1420 2056 nimirum,
1435 2028 1465 2051 ut
1479 2027 1601 2058 apparet,
1613 2023 1750 2051 confessio
1780 2024 1859 2051 nulla

1059 2075 1113 2103 est,
1142 2070 1239 2105 ingens
1255 2077 1287 2098 ea
1315 2075 1343 2097 et
1366 2070 1469 2104 opitula
1499 2070 1597 2099 virtus.
1612 2068 1671 2102 Qua
1683 2068 1707 2096 si
1725 2069 1860 2098 meliores

1059 2116 1127 2144 efﬁci
1145 2116 1276 2148 viderem,
1302 2116 1345 2151 pol
1361 2115 1478 2147 lmtarer,
1494 2120 1524 2143 ut
1548 2115 1690 2143 exsolutus
1707 2115 1860 2148 molestiis,

1059 2167 1203 2197 postquam
1217 2168 1271 2188 n0n
1283 2161 1374 2197 exigui
1394 2161 1497 2189 laboris
1512 2161 1617 2188 alienos
1631 2160 1743 2188 morbos
1757 2168 1861 2189 curare

217 2207 252 2233 rit
278 2205 365 2233 malus
390 2213 478 2233 seruus
507 2205 552 2232 ille
567 2205 596 2232 in
616 2204 693 2232 corde
706 2213 754 2232 suo
784 2213 794 2232 :
811 2206 915 2232 Moram
941 2205 1004 2239 facit

1062 2211 1112 2250 est,
1127 2215 1200 2234 nunc
1211 2207 1258 2242 qui
1272 2207 1316 2242 agi
1351 2207 1476 2235 diversos
1492 2215 1507 2234 e
1524 2207 1662 2235 contrario
1677 2206 1860 2233 animadver-

219 2251 346 2277 Dominus
361 2257 434 2277 meus
451 2250 549 2283 venire,
566 2254 591 2277 et
605 2250 710 2284 coeperit
719 2254 853 2284 percutere
871 2257 1008 2276 conservos

216 2303 290 2329 suos,
310 2295 451 2322 manducet
471 2299 559 2322 autem
573 2299 598 2322 et
621 2295 694 2323 bibat
715 2303 774 2322 cum
792 2294 914 2327 ebriosis,
927 2294 1009 2321 veniet

217 2342 340 2370 dominus
352 2342 419 2369 servi
443 2341 515 2369 illius
531 2341 560 2368 in
572 2342 615 2369 die
642 2349 695 2377 qua
723 2349 775 2369 non
793 2345 892 2375 sperat,
908 2345 932 2367 et
944 2340 1009 2368 liora

217 2396 269 2423 qua
303 2387 420 2423 ignorat,
447 2391 472 2414 et
493 2387 592 2415 dividet
618 2395 688 2419 eum,
706 2391 859 2423 partemque
878 2386 936 2420 ejus
960 2394 1009 2421 po-

217 2437 260 2461 net
273 2441 333 2461 cum
350 2432 492 2468 hypocritis
507 2441 515 2460 :
532 2433 587 2460 illic
602 2434 651 2460 erit
667 2432 756 2468 ﬂetus,
777 2437 803 2460 et
832 2432 932 2459 stridor
943 2432 1007 2459 den~

218 2479 283 2507 tium
296 2479 329 2507 7‘.
343 2479 400 2507 Non
429 2478 463 2506 ad
492 2486 552 2506 eam
573 2478 807 2513 comparationem
837 2477 990 2513 paremus?

217 2531 270 2552 non
287 2524 320 2552 ad
332 2524 421 2552 minas
439 2523 601 2559 corporibus
617 2523 763 2551 tabemus?
779 2522 884 2550 scilicet
907 2522 1008 2550 fabulae

216 2576 291 2604 sunt,
310 2575 337 2598 et
348 2570 436 2598 oratio
451 2569 550 2598 cassa?
566 2568 615 2596 Pol
635 2577 686 2597 nec
701 2569 738 2596 rei
755 2568 910 2604 signiﬁcans
934 2569 1006 2596 veri-

217 2621 299 2644 tatem
315 2616 357 2644 vis
373 2616 530 2650 assequitur
553 2614 711 2646 verborum,
727 2621 815 2649 neque
838 2613 912 2641 enim
928 2613 1007 2641 fletus

217 2663 261 2690 ille
271 2666 314 2690 est
329 2666 359 2689 ut
369 2661 416 2689 hic
430 2665 536 2694 noster,
553 2667 604 2688 nec
629 2659 752 2687 dentium
766 2659 869 2687 stridor
888 2659 954 2687 huic
968 2660 1006 2687 si-

216 2708 301 2740 milis,
315 2711 475 2742 tantumque
486 2707 608 2739 interest,
617 2709 749 2741 quantum
766 2705 837 2734 inter
853 2706 960 2734 somnia
977 2713 1010 2734 ac

218 2754 370 2787 veritatem,
388 2757 533 2790 postquam
561 2752 618 2780 illic
631 2760 685 2780 non
715 2752 900 2788 exstinguitur
926 2753 1009 2789 ignis,

251 2808 274 2824 ⁷⁸
292 2808 362 2835 Psal.
375 2815 477 2840 cxxxn,
490 2807 517 2834 5.

220 2850 255 2876 τι,
280 2844 324 2871 54.
363 2844 386 2860 ⁸⁸
399 2843 470 2870 I‘sal.
493 2850 559 2877 an,
573 2843 599 2870 9.
637 2842 657 2858 "
671 2844 730 2870 Act.
747 2850 825 2876 xvm,
839 2843 864 2869 9.

555 2808 577 2824 ⁷⁸
593 2807 604 2834 1
619 2807 684 2835 Cor.
710 2814 741 2839 u,
757 2807 784 2834 9.
822 2807 844 2823 ⁷⁸
854 2807 932 2836 Joan.
951 2815 1005 2841 xxv,
1020 2808 1064 2835 30.
1103 2808 1124 2823 ⁷⁷
1138 2807 1231 2835 Matth.
1249 2808 1423 2841 xxtv,46,47.

1059 2257 1114 2280 tam
1129 2256 1225 2287 reputo
1241 2260 1364 2280 causam.
1380 2253 1465 2288 Igitur
1480 2253 1552 2280 unde
1569 2253 1626 2280 haec
1636 2252 1663 2280 in
1676 2252 1756 2279 vobis
1770 2252 1861 2280 licen-

1058 2299 1108 2332 tia,
1137 2299 1228 2331 sodes,
1246 2306 1278 2326 ac
1305 2305 1366 2334 quae
1388 2298 1453 2326 hinc
1478 2298 1600 2326 nascitur
1613 2298 1779 2333 indignitas!
1800 2305 1859 2325 non

1058 2344 1106 2379 qui
1137 2343 1210 2371 haud
1235 2343 1378 2378 evulgetis,
1403 2343 1470 2378 quin
1495 2343 1592 2379 togatis
1618 2342 1746 2378 pestifera
1770 2342 1859 2369 animi

1060 2389 1161 2418 censa?
1185 2389 1324 2417 Scelerum
1343 2389 1454 2424 quidem
1476 2393 1551 2417 certe
1563 2388 1654 2416 aditus
1676 2388 1703 2415 in
1718 2388 1815 2420 nobis,
1831 2394 1861 2415 et

1059 2440 1192 2472 tanquam
1214 2436 1293 2464 radix
1316 2435 1389 2463 fceda
1413 2435 1544 2471 cogitatio
1561 2439 1602 2463 est
1619 2442 1680 2470 qua:
1703 2434 1858 2469 publicata,

1059 2481 1107 2509 Dei
1118 2481 1344 2514 misericordiam,
1362 2481 1520 2516 profligetur
1538 2483 1608 2508 tecta
1623 2478 1756 2514 paulatim
1776 2482 1860 2506 exeat

1059 2528 1086 2555 in
1102 2535 1172 2562 opus
1188 2527 1370 2554 tenebrarum.
1388 2526 1459 2553 Hinc
1469 2526 1552 2553 animi
1564 2524 1776 2556 interneciones,
1792 2523 1859 2552 hinc

1059 2579 1197 2605 secessus,
1214 2571 1280 2599 hinc
1295 2570 1351 2598 fuci
1368 2575 1450 2605 atque
1465 2569 1628 2606 ignorantiae
1638 2573 1802 2604 praetextas.
1821 2569 1859 2595 At

1059 2618 1145 2649 enim,
1158 2617 1230 2644 bone
1241 2617 1292 2651 vir,
1310 2616 1426 2644 rationis
1437 2616 1555 2650 impotes
1583 2615 1737 2642 animantes
1762 2622 1812 2650 per
1827 2622 1860 2642 se

1062 2663 1154 2692 sciunt
1167 2663 1264 2690 noxias
1280 2669 1359 2691 escas
1376 2661 1511 2697 refugere,
1525 2665 1556 2688 ut
1568 2660 1637 2688 nihil
1654 2661 1746 2688 dicam
1766 2661 1860 2688 humi-

1063 2716 1137 2742 nem,
1157 2715 1204 2743 per
1231 2715 1338 2736 sacram
1356 2707 1513 2736 tinctionem
1540 2708 1614 2734 omni
1642 2712 1766 2734 mactum
1794 2713 1859 2734 esse

1062 2753 1128 2780 boni
1146 2753 1272 2781 scientia.
1290 2752 1384 2782 Tenus
1400 2753 1535 2789 Scipturzc
1549 2752 1714 2782 sententiam
1732 2758 1788 2779 non
1803 2759 1858 2778 au-

1463 2809 1485 2825 ⁷⁵
1496 2809 1563 2836 ibid.
1582 2808 1682 2836 48-51.
1721 2807 1745 2823 τ’
1755 2805 1855 2834 Matth.
