1921 3073
52 203 135 230 disse?
155 202 287 237 Originali
314 202 412 230 mundo
437 202 507 229 haud
535 203 648 237 pepercit
680 202 761 235 Deus,
787 202 831 229 sed
847 205 868 232 Α

52 255 161 276 octavum
188 248 255 278 Noe,
267 249 381 282 justitim
404 257 558 283 pra-canem,
580 249 732 280 custodiuit,
760 249 833 274 dilu-

52 295 115 322 rium
132 295 227 320 mundo
245 295 385 329 impiorum
401 295 572 327 inducens“,
587 303 640 322 non
653 295 704 322 hoc
721 294 833 322 tenero?

52 341 166 367 civitates
188 340 370 367 Sodomorum
401 348 434 368 ac
458 340 628 372 Gomorrhm,
653 341 679 367 in
712 341 830 368 cinerem

51 385 178 417 redactas,
203 386 345 413 eversione
380 386 524 413 damnasse
553 386 648 419 Deum,
677 387 830 421 exemplum

51 440 136 459 corum
159 432 206 466 qui
230 432 312 466 impie
327 436 420 459 essent
436 432 524 459 acturi
539 437 686 466 ponentem
698 432 734 464 ⁸³,
751 433 830 459 deni-

51 486 97 513 que
111 486 160 504 non
177 477 339 504 clamantem
361 484 432 511 saepe
445 477 604 512 Apostolum
622 478 761 505 sensisse?
775 478 832 505 No-

51 523 91 548 lite
105 530 210 554 errare;
224 529 304 555 neque
327 522 474 556 fornicarii,
488 530 568 556 neque
582 522 662 549 idolis
680 524 831 556 servientes,

51 577 124 602 neque
148 568 273 600 adulleri,
305 576 386 603 neque
414 567 515 601 molles,
547 577 627 603 neque
654 569 832 597 masculorum

49 614 234 644 concubitores,
250 622 329 648 neque
344 614 430 645 avari,
445 622 526 649 neque
533 614 617 648 fures,
630 623 711 649 neque
725 615 832 648 ebriosi,

50 667 123 694 neque
140 659 273 692 maledici,
300 667 381 694 neque
406 668 514 694 νίψαι-ει
527 667 635 694 regnum
652 660 699 687 Dei
715 661 833 695 posside-

49 704 150 731 bunt“.
168 704 216 731 llis
228 709 258 731 tu
271 705 371 732 auditis
382 705 429 740 qui
445 706 546 732 malum
562 705 668 733 nescire
682 705 833 741 praedicas?

49 751 146 777 scilicet
162 751 244 778 verba
257 751 313 778 haec
324 756 388 778 sunt
398 755 425 778 et
439 756 596 786 praeteritus.
611 751 664 780 Sed
678 753 742 787 quid
754 760 832 788 agam

48 796 137 823 talium
169 797 310 831 magistris
326 805 333 825 :
349 797 395 832 qui
421 805 482 825 cum
508 799 612 826 hortari
637 802 776 833 oporteret
801 807 834 826 ac

47 842 216 876 pra-munire,
233 850 337 878 suoque
360 843 524 878 discipulum
557 844 681 879 exemplo
699 845 830 877 stabilire,

48 887 276 914 tomenclatnram
296 892 394 922 gerunt
408 888 526 920 inanem,
543 889 578 916 ab
590 896 619 916 re
632 889 721 916 vacui.
740 889 832 916 Enim-

47 939 108 959 vero
120 933 210 959 omnis
226 932 277 959 aevi
304 933 474 965 memoriam,
494 941 593 967 resque
608 939 700 969 gestas
722 939 831 962 sancto-

47 985 104 1003 tum
132 976 242 1004 Patrum
277 977 433 1010 lnstratorc,
459 985 519 1011 seu,
541 982 570 1006 ιη
587 979 700 1014 propius
729 979 830 1011 dicam,

47 1024 71 1049 in
90 1026 183 1050 nostra
199 1023 338 1057 republica
362 1024 436 1058 quod
459 1024 515 1051 dixi
531 1029 694 1058 spectatore.
717 1024 829 1058 Qualem

47 1069 150 1094 beatum
173 1067 334 1103 Gregorium
365 1068 449 1096 abbas
480 1068 645 1102 Dorotheus,
662 1069 770 1104 qualem
789 1073 832 1097 ter

46 1115 147 1142 felicem
163 1114 330 1150 Thaddzeum
356 1117 442 1144 abbas
464 1117 606 1149 Arsenius,
623 1119 730 1153 qualem
745 1118 831 1154 incly-

46 1167 99 1187 tum
115 1160 247 1189 Iacobum
266 1162 350 1190 abbas
370 1163 518 1196 Luciauus,
534 1164 629 1198 quales
655 1169 780 1197 caeteros,
798 1172 831 1191 ne

44 1207 93 1233 sim
106 1207 238 1241 prolixus,
255 1208 344 1235 caeteri
361 1208 471 1236 fecere?
492 1208 618 1240 Habenti.
639 1210 738 1246 inquit,
755 1210 831 1237 dabi-

45 1257 96 1284 tur,
108 1258 132 1279 et
144 1253 299 1286 abundabit,
315 1253 339 1280 ei
357 1260 445 1280 autem
461 1255 505 1290 qui
521 1263 573 1282 non
588 1255 664 1282 habet
677 1260 701 1282 et
713 1256 782 1290 quod
793 1256 832 1282 vi—

43 1298 118 1323 detur
134 1298 229 1324 habere
243 1298 378 1332 auferetur
392 1299 426 1325 ⁸⁸.
448 1298 507 1326 Non
538 1300 627 1328 minas
642 1301 764 1328 timetis?
778 1308 831 1328 non

46 1343 226 1371 reformidatis
256 1353 337 1380 quem
367 1345 548 1373 reformidant
580 1347 730 1374 universa?
749 1347 832 1384 igitur

44 1389 135 1416 hortor
148 1395 175 1417 et
191 1391 323 1424 obtestor,
339 1397 368 1419 ut
380 1392 493 1420 affectus
511 1393 640 1420 beneﬁcio
654 1393 768 1427 quisque
779 1398 832 1424 est.

42 1434 189 1468 provinciae
222 1435 385 1468 satisfacito,
412 1441 566 1472 cunctaque
592 1437 666 1464 velut
694 1438 721 1464 in
746 1437 832 1465 oculis

40 1481 141 1508 divinis
161 1481 306 1509 obeuntor.
323 1481 362 1509 Ne
377 1483 439 1518 quis
456 1483 581 1518 deinceps
599 1483 772 1511 inconfessus
786 1484 833 1511 de-

41 1527 106 1559 trito,
120 1525 235 1561 ignavus
246 1535 278 1554 ac
290 1527 452 1560 dissolutus,
468 1536 519 1555 neu
534 1528 588 1555 cibi
608 1533 635 1556 et
652 1533 732 1563 potus
743 1529 831 1564 impo-
844 1537 866 1566 α

41 1576 112 1603 lens,
133 1572 206 1599 unde
231 1572 356 1600 libidines
383 1574 538 1609 gignantur,
567 1582 618 1601 neu
638 1574 776 1609 inquietus
800 1582 832 1602 ac

42 1618 148 1649 rabula,
167 1619 213 1653 qui
243 1619 388 1655 collegium
409 1621 566 1648 conturbet.
594 1621 699 1648 Auden‘
719 1621 832 1648 omnino

42 1672 102 1691 cum
124 1666 196 1692 laico
214 1674 320 1700 pugnas
331 1674 478 1694 conserere
492 1667 639 1694 verborum
661 1673 688 1695 et
700 1667 832 1703 improbis

41 1712 188 1746 colloquiis
202 1714 327 1740 certare?
353 1713 423 1748 Ergo
441 1714 512 1740 haud
545 1715 696 1742 monachus
719 1723 760 1747 es,
785 1715 833 1742 sed

42 1756 235 1791 facinorosus;
254 1766 307 1785 non
321 1760 406 1793 pacis,
428 1759 473 1787 sed
495 1760 541 1786 ira:
574 1760 656 1788 filius.
670 1761 757 1796 Atque
777 1761 834 1788 haec

41 1803 153 1835 quinam
165 1803 293 1838 juvenes,
314 1811 363 1832 nec
382 1805 422 1832 vel
444 1806 545 1833 mntire
564 1806 650 1841 digiti.
669 1806 833 1841 Quanquam

40 1848 164 1874 debemus
191 1857 237 1875 nos
253 1849 324 1882 ﬁrmi
342 1850 547 1877 imbecillitatem
565 1852 731 1886 inﬁrmorum
749 1852 832 1878 susti-

41 1901 110 1927 nere,
138 1899 163 1921 et
186 1902 238 1920 non
266 1895 343 1922 nobis
370 1896 484 1930 placere.
511 1896 694 1931 Unusquisque
719 1903 833 1924 vestrum

40 1940 163 1972 proximo
175 1948 222 1966 suo
239 1940 341 1974 placeat
354 1942 380 1968 in
394 1941 500 1975 bonum,
511 1944 546 1969 ad
559 1942 779 1977 tediﬁcatianem;
793 1949 834 1970 et-

39 1986 108 2012 enim
122 1985 247 2013 Christus
261 1995 312 2013 non
325 1988 374 2014 sibi
384 1987 495 2022 placuit,
508 1989 637 2021 κάμακι
647 1989 774 2024 scriptum
783 1993 833 2016 est:

42 2031 212 2066 lmproperia
238 2032 474 2067 improperantium
505 2034 552 2060 tibi
575 2034 727 2061 ceciderunt
757 2042 836 2068 super

41 2085 80 2104 me
91 2077 126 2103 ".
144 2076 329 2110 Quamobrem
345 2078 494 2106 tnultemur
509 2079 684 2106 contumeliis
696 2086 746 2107 nos
764 2087 833 2114 quo-

39 2130 92 2156 que
111 2130 169 2149 una
192 2129 256 2149 cum
275 2122 396 2156 Christo,
419 2130 451 2150 ac
468 2130 518 2158 pro
546 2123 668 2156 Christo,
684 2123 832 2157 omniaque

39 2169 72 2195 ad
85 2169 222 2196 institutae
238 2169 273 2195 ab
287 2176 321 2196 eo
334 2169 396 2196 vitae
417 2169 556 2203 exemplar
572 2176 651 2204 agere
665 2173 833 2204 satagamus,

37 2222 93 2248 quo
125 2214 181 2242 Deo
201 2215 340 2249 placentes
365 2215 475 2242 cteleste
493 2222 609 2250 regnum
636 2215 772 2249 ineamus,
788 2223 835 2250 per
852 2204 874 2232 θ

37 2259 183 2287 Christum
211 2259 305 2287 Jesnm
319 2260 464 2287 Dominum
478 2265 602 2288 nostrum
617 2269 624 2288 :
644 2262 687 2288 cui
701 2261 786 2296 gloria
810 2266 837 2289 et

40 2307 203 2342 imperium,
219 2314 281 2334 cum
295 2306 376 2334 Patre
401 2313 433 2334 ac
457 2311 552 2334 sancto
571 2306 685 2341 Spiritu,
713 2314 786 2335 nunc
809 2311 837 2335 et

36 2361 159 2389 semper,
169 2354 198 2381 in
204 2360 371 2388 omnemque
383 2354 601 2388 perpetuitatem.
614 2353 713 2382 Amen.

309 2407 428 2436 δεκΜο
445 2408 588 2437 CXXXIV.

40 2454 244 2491 Obstupendum
267 2463 319 2482 nan
343 2463 410 2487 esse,
425 2455 509 2491 quia
533 2455 658 2491 praefecto
684 2463 837 2490 carpamur,

71 2498 238 2531 regnumque
270 2491 415 2517 ineundum
440 2490 541 2518 caeleste
556 2490 602 2525 per
617 2491 764 2526 frequentet
786 2491 837 2518 mi-

70 2534 172 2554 senas.

849 870 869 899 ll

71 2581 188 2609 Fratres
202 2581 361 2616 Patresque,
378 2589 463 2609 sacrae
479 2581 628 2618 Scriptura:
642 2582 701 2610 haec
729 2585 840 2610 senten-

39 2627 75 2654 tia
103 2633 170 2655 est:
186 2627 242 2662 Ego
253 2627 391 2662 diligentes
404 2636 443 2655 me
459 2628 551 2663 diligo,
566 2632 592 2655 et
605 2628 651 2663 qui
664 2633 786 2662 quarunt
801 2635 841 2654 me

38 2675 174 2702 invenient
204 2683 244 2702 me
259 2675 294 2707 ⁸⁷,
310 2682 343 2702 ac
367 2675 473 2710 signum
489 2674 606 2709 explicat
622 2674 724 2702 amoris
736 2674 763 2700 in
785 2673 843 2701 haec

37 2722 122 2749 verba
135 2730 144 2748 :
163 2721 215 2754 Qui
232 2726 321 2748 auem
339 2721 439 2757 diligit,
455 2721 524 2748 serio
539 2721 650 2754 castigat
664 2720 698 2747 ⁸⁸.
717 2719 791 2748 Sane
807 2719 841 2748 ad

71 2801 95 2817 ¹¹¹
104 2800 129 2828 ll
142 2801 217 2833 Pctr,
231 2810 262 2834 ιι,
277 2801 321 2829 15.
370 2802 394 2818 ⁵³
402 2801 468 2829 ibid.
480 2801 507 2828 ὃ.
563 2802 586 2818 ⁸⁸
601 2800 685 2828 lCor.
700 2807 737 2833 vt,
753 2799 781 2830 9,
811 2799 855 2827 10.

41 2844 99 2869 rm,
116 2837 166 2864 l7.
205 2838 226 2852 ⁵⁸
237 2837 316 2864 Prov.
335 2845 393 2869 xm,
408 2837 453 2864 24.
491 2837 514 2853 ⁸⁸
528 2836 547 2864 II
563 2837 626 2864 (lor.
648 2843 677 2868 ιι,
696 2835 721 2862 5.
760 2835 783 2850 ’°
796 2834 875 2862 Hebr.

42 2880 55 2894 τ
70 2880 89 2904 t,
110 2873 160 2900 M.
204 2873 227 2888 ³⁵
244 2871 325 2899 llcbr.
340 2880 387 2904 χιι,
402 2872 429 2899 2.
450 2872 473 2888 ’⁵
486 2871 559 2900 Psal.
580 2878 664 2903 xxx",
682 2871 708 2898 l.
723 2870 744 2886 "
765 2869 872 2904 Philipp

631 145 833 176 SERMONES
852 144 1110 175 CATECHETICI.

204 2873 227 2888 ³⁵
244 2871 325 2899 llcbr.
340 2880 387 2905 χιι,
402 2872 429 2899 2.
450 2872 473 2888 ’⁵
486 2871 559 2900 Psal.
580 2878 664 2903 xxx",
682 2871 708 2898 l.
723 2870 744 2886 "
765 2869 882 2904 Philipp.

1619 147 1672 177 686

883 201 936 228 hoc
961 202 1037 229 vobis
1053 205 1182 232 statutus,
1200 201 1324 236 equidem
1344 209 1398 230 non
1415 203 1490 238 potui
1505 203 1569 238 quin
1585 205 1674 237 priore

883 248 1016 275 catechesi
1027 255 1168 283 carperem
1182 247 1350 283 frequentes,
1361 257 1411 275 nan
1426 254 1454 275 ut
1469 250 1674 277 contristat-emi-

886 295 914 321 ni
935 294 1029 329 (adeo
1058 294 1084 321 id
1110 294 1230 329 Apostoli
1259 294 1361 322 dictum
1389 296 1558 330 usurpare),
1574 297 1618 323 sed
1645 302 1675 323 ut

882 341 984 367 sciretis
1014 340 1171 366 citaritatem
1198 348 1278 374 quam
1316 340 1396 367 habeo
1433 340 1611 368 abundantius
1647 342 1676 368 in

882 386 926 413 vol
945 386 978 418 ⁸³,
994 387 1040 421 qui
1053 390 1080 413 et
1103 386 1210 413 alllictis
1226 386 1397 419 condoleatn,
1427 391 1454 414 et
1472 387 1541 414 laetis
1557 395 1675 423 congra-

883 432 964 462 tuler.
983 432 1048 459 Nam
1075 432 1109 460 ad
1127 440 1207 467 quem
1234 432 1317 459 alium
1339 437 1497 467 respectem,
1514 439 1558 460 aut
1575 434 1609 461 de
1621 441 1677 468 quo

883 479 988 505 doleam
1015 479 1133 511 lteterve,
1162 479 1214 505 nisi
1242 478 1275 505 de
1299 478 1396 505 vobis?
1421 479 1468 513 qui
1487 479 1539 506 mei
1566 479 1676 512 fratres,

883 522 942 555 filii,
959 527 1059 557 patres,
1082 523 1172 554 amici,
1193 523 1312 557 cognati,
1334 530 1422 556 amor,
1449 523 1585 558 voluptas,
1610 532 1677 559 gau-

883 570 969 601 dium,
981 577 1083 597 corona
1095 569 1166 601 sitis,
1177 577 1209 596 ac
1223 569 1245 596 si
1260 570 1332 604 quod
1344 569 1417 596 aliud
1434 577 1532 596 nomen
1543 570 1624 597 edere
1636 576 1678 598 est

883 615 965 642 studii
981 619 1006 642 et
1027 616 1140 643 amoris.
1157 615 1266 650 Vosque
1281 616 1374 642 itidem
1390 620 1475 643 testor
1500 624 1554 643 non
1577 617 1611 644 ab
1629 625 1678 652 pa-

884 661 1017 694 rentibus,
1038 669 1093 689 non
1119 661 1260 693 fratribus,
1285 668 1339 688 non
1357 669 1475 696 genere,
1501 670 1556 690 non
1579 663 1676 698 patria,

884 715 937 734 non
953 707 1006 734 alia
1023 714 1051 734 re
1080 707 1210 742 quapiam
1237 700 1390 742 conspicua
1405 707 1534 742 pendere,
1548 709 1615 743 quin
1642 709 1677 736 ab

884 751 940 779 Deo
959 751 1104 784 duntaxat,
1130 758 1162 779 ac
1178 756 1239 786 post
1266 751 1350 778 Deum
1377 751 1412 778 ab
1425 751 1558 779 tenuitate
1571 757 1676 783 nostra.

884 802 914 825 ut
927 798 1057 825 habendae
1078 798 1134 825 sint
1148 797 1204 825 Deo
1228 798 1334 831 gratiae,
1354 798 1400 832 qui
1421 802 1475 824 tam
1490 798 1607 826 sinceris
1619 798 1680 825 ani-

884 844 935 871 mis
952 843 1116 876 deviuxerit,
1134 848 1258 870 amantes
1280 851 1312 871 ac
1330 843 1496 876 red-amatos,
1513 844 1680 878 amplecten-

885 895 925 918 tes
954 897 987 917 ac
1004 889 1201 924 redamplexos,
1219 897 1302 916 unum
1323 896 1423 924 corpus
1449 896 1587 924 unamque
1603 897 1679 918 men-

885 940 950 967 tem,
969 940 999 963 ut
1016 936 1043 962 in
1063 943 1145 962 unam
1159 942 1234 970 spem
1249 942 1360 970 quoque
1384 935 1487 962 accitos
1501 939 1584 970 atque
1596 943 1679 963 voca-

882 985 937 1008 tos.
953 979 1031 1013 Quod
1047 984 1183 1015 superest,
1212 979 1347 1012 laetemur,
1365 984 1393 1006 et
1405 979 1477 1006 inter
1491 986 1543 1007 nos
1559 980 1678 1007 colltnte-

883 1033 954 1058 mur,
970 1025 1081 1058 fratres,
1099 1033 1151 1052 neu
1171 1029 1341 1060 stupeatuus,
1355 1023 1402 1060 qui
1427 1024 1564 1052 interdum
1582 1032 1679 1060 carpa-

882 1079 954 1102 ntur.
972 1071 1021 1099 sed
1035 1070 1184 1106 profectam
1201 1070 1235 1098 ab
1258 1077 1366 1103 amore,
1383 1075 1465 1105 atque
1487 1069 1514 1097 in
1535 1078 1680 1098 commune

881 1116 952 1152 frugi
981 1116 1154 1152 disciplinam
1187 1115 1286 1143 leniter
1308 1114 1439 1142 feramus.
1475 1115 1613 1152 Scriptum
1638 1121 1680 1144 est

881 1162 954 1189 enim
969 1170 976 1189 :
992 1161 1048 1189 Fili
1072 1162 1118 1195 mi,
1147 1161 1202 1188 noli
1219 1161 1349 1196 negligere
1373 1160 1545 1195 disciplinam
1560 1161 1679 1194 Domini,

881 1215 962 1242 neque
974 1207 1093 1242 fatigeria
1108 1208 1170 1234 dum
1187 1208 1220 1234 ab
1235 1216 1264 1235 eo
1283 1208 1402 1242 argueris
1414 1215 1424 1239 ;
1438 1215 1513 1242 quem
1529 1209 1599 1234 enim
1618 1209 1682 1236 dili~

881 1252 918 1287 git
945 1252 1071 1279 Dominus
1094 1253 1218 1287 castigat,
1244 1252 1362 1288 ﬂagellat
1385 1257 1474 1278 autem
1517 1260 1619 1280 omnem
1646 1254 1680 1288 ﬁ-

881 1297 946 1324 lium
960 1306 1035 1333 quem
1055 1299 1148 1332 recipit
1163 1299 1196 1326 '°.
1210 1297 1282 1331 Quin
1300 1298 1338 1326 ait
1354 1303 1380 1326 et
1393 1297 1561 1332 Apostolus:
1575 1299 1606 1326 Si
1623 1300 1679 1326 (lis-

881 1344 1007 1378 ciplinam
1041 1345 1188 1375 sustinetis,
1220 1350 1345 1380 tanquam
1363 1344 1429 1380 ﬁliis
1451 1345 1523 1372 vobis
1550 1345 1627 1380 offert
1653 1354 1680 1372 re

883 1390 962 1418 Deus.
980 1391 1045 1424 Quia
1073 1392 1143 1418 enim
1167 1391 1240 1426 [ilius
1267 1400 1343 1426 quem
1362 1400 1413 1419 non
1441 1392 1549 1426 corripit
1580 1392 1681 1427 pater?

882 1438 924 1464 sin
947 1442 1023 1464 extra
1053 1437 1224 1472 disciplinam
1251 1438 1332 1469 estis,
1350 1438 1425 1473 cujus
1441 1439 1596 1474 partticipes
1615 1438 1681 1473 facti

881 1487 943 1511 sunt
952 1491 1039 1510 omnes
1055 1490 1138 1517 :ergo
1154 1483 1299 1509 ndulterini
1315 1484 1389 1515 estis,
1400 1488 1425 1510 et
1441 1493 1493 1511 non
1508 1484 1559 1518 ﬁlii
1572 1484 1607 1510 ".
1618 1483 1678 1511 iam

882 1530 980 1564 opibus
999 1536 1032 1556 ac
1045 1529 1178 1564 imperiis,
1193 1533 1221 1556 et
1241 1529 1263 1555 si
1290 1529 1356 1564 quid
1375 1529 1447 1557 aliud
1464 1535 1504 1557 est
1528 1530 1602 1564 quod
1620 1538 1681 1557 am-

884 1574 959 1601 biant
970 1574 1107 1606 ntortales,
1118 1573 1268 1601 haudcitra
1283 1573 1403 1601 laborem
1413 1575 1596 1609 acquirendis,
1611 1576 1677 1610 quin

884 1627 983 1655 magno
996 1628 1057 1647 cum
1074 1620 1165 1648 labore
1180 1625 1263 1655 atque
1288 1620 1390 1652 studio,
1407 1619 1490 1648 Deum
1511 1641 1518 1653 ,
1541 1628 1572 1648 ac
1590 1621 1683 1648 divina

884 1666 995 1701 praemia
1031 1674 1148 1701 parare,
1174 1665 1330 1701 expeditum
1366 1666 1516 1701 quiddam,
1553 1670 1580 1694 et
1605 1666 1683 1694 facile

884 1719 977 1739 remur
1000 1732 1008 1745 ,
1031 1719 1082 1740 nec
1107 1712 1179 1739 mille
1213 1712 1320 1746 plenum
1352 1712 1481 1739 aerumnis
1498 1732 1506 1744 ,
1539 1719 1571 1739 ex
1602 1712 1684 1743 sudo_

885 1759 971 1790 ribus,
986 1765 1040 1784 non
1054 1757 1079 1784 id
1090 1761 1217 1785 extremae
1234 1758 1359 1785 amentia;
1374 1758 1555 1785 estindicium
1567 1758 1578 1784 ?
1590 1757 1684 1785 Enim-

885 1811 949 1830 Vcro
978 1803 1103 1830 audimus
1125 1812 1132 1829 :
1157 1803 1208 1830 Per
1233 1802 1331 1830 multa:
1358 1803 1540 1830 tribulationes
1580 1807 1684 1837 oportet

885 1856 932 1874 nos
952 1848 1052 1874 intrare
1066 1847 1095 1874 in
1110 1855 1217 1882 regnum
1229 1848 1354 1874 caelorum
1365 1848 1404 1879 θ’,
1423 1853 1553 1882 arctaque
1572 1852 1599 1875 et
1621 1847 1685 1875 allli-

886 1898 928 1920 cta
950 1893 991 1920 via
1005 1898 1047 1920 est
1063 1912 1071 1925 ,
1099 1901 1161 1927 qua:
1186 1893 1212 1920 in
1237 1900 1383 1926 perennem
1410 1893 1491 1920 vitam
1518 1893 1627 1921 deducit
1650 1894 1684 1922 ".

886 1938 1078 1971 Quamobrem,
1095 1938 1186 1969 sodes,
1213 1938 1286 1972 quod
1310 1938 1443 1965 inhaerere
1469 1943 1615 1965 renuentes
1641 1939 1685 1966 hi-

885 1985 936 2012 lari
951 1992 1009 2012 aevo
1023 1991 1079 2019 quo
1095 1983 1266 2016 fruerentur,
1277 1992 1308 2012 ac
1324 1984 1425 2012 laetitia:
1439 1984 1576 2019 quondam
1593 1985 1620 2012 in
1636 1992 1686 2020 po-

886 2030 973 2057 mario
991 2030 1115 2063 inlinitte,
1141 2037 1221 2056 ruere
1247 2030 1274 2057 in
1306 2030 1495 2057 calamitosum
1526 2031 1686 2066 tristemque

886 2078 970 2104 vitam
1000 2077 1147 2103 maluimus
1163 2076 1270 2103 inscite.
1293 2074 1387 2110 Neque
1409 2075 1487 2102 aliter
1508 2082 1540 2102 eo
1564 2080 1685 2103 reverta-

886 2131 958 2156 mur,
986 2129 1067 2157 quam
1100 2121 1215 2149 miseriis
1239 2121 1363 2152 exerciti,
1390 2126 1477 2148 tnstar
1505 2120 1613 2148 Domini
1635 2129 1686 2149 no-

886 2170 936 2196 stri
964 2169 1028 2196 Iesu
1057 2168 1160 2195 Christi
1177 2189 1185 2201 ,
1206 2168 1252 2203 qui
1274 2168 1406 2202 proposito
1430 2167 1481 2194 sibi
1513 2167 1624 2202 gaudio,
1647 2168 1687 2195 ait

890 2215 946 2245 ille,
964 2213 1088 2240 sustinuit
1103 2221 1204 2240 crucem
1217 2213 1373 2247 confusione
1387 2217 1534 2247 contempla
1546 2212 1581 2240 νδ.
1595 2212 1687 2246 Quan-

890 2268 972 2295 quam
990 2267 1052 2295 quze
1081 2259 1231 2287 secundum
1260 2259 1344 2286 Deum
1366 2259 1487 2286 incidant
1510 2259 1618 2292 acerba,
1637 2266 1687 2294 spc

891 2307 974 2334 lenita
987 2312 1153 2333 aeternorum
1169 2306 1316 2338 bonorum,
1332 2312 1366 2332 ne
1381 2305 1478 2332 acerba
1491 2305 1685 2339 suntqnidem.

890 2360 1064 2388 praesensque
1076 2356 1184 2387 tempus
1204 2353 1307 2379 sanctis
1326 2351 1401 2379 feriae
1415 2351 1538 2386 quaedam
1558 2352 1688 2380 credeba-

890 2403 947 2431 tur,
964 2398 1037 2434 quod
1060 2398 1123 2425 hinc
1146 2402 1257 2426 sanctus
1281 2398 1363 2425 David
1384 2402 1514 2431 testantur,
1534 2398 1660 2433 inquiens
1677 2405 1685 2424 :

890 2445 1040 2476 Essultate,
1047 2444 1162 2479 justin'n
1172 2444 1283 2471 Domino
1294 2444 1328 2476 ’⁵,
1340 2443 1398 2479 jugi
1417 2443 1581 2471 declaranda
1590 2444 1687 2471 trium-

891 2493 958 2528 pho.
975 2491 1046 2518 Hinc
1061 2492 1157 2518 beatus
1171 2490 1328 2525 Apostolus,
1346 2489 1440 2517 eadem
1462 2490 1575 2524 loquens
1591 2498 1599 2518 :
1613 2488 1688 2517 Gau-

892 2540 948 2566 dele
964 2538 991 2565 in
1005 2537 1118 2564 Domino
1132 2544 1244 2571 semper,
1258 2536 1354 2563 iterum
1369 2536 1438 2569 dico,
1452 2535 1563 2570 gaudete
1576 2535 1610 2562 ".
1622 2535 1689 2568 Qua:

891 2585 941 2611 etsi
952 2582 1086 2610 luctuosis
1099 2585 1126 2608 et
1154 2580 1386 2616 lacrymahundis,
1413 2588 1557 2615 pugnaque
1570 2580 1686 2615 quadam

893 2628 1030 2660 exercitis,
1047 2635 1078 2655 ac
1090 2634 1139 2662 pro
1155 2627 1269 2654 honesto
1284 2626 1358 2653 varie
1377 2625 1498 2653 multatis
1516 2626 1687 2657 dicebantur,

894 2679 985 2702 tamen
997 2673 1146 2702 secundum
1160 2672 1244 2700 Deum
1262 2672 1371 2700 tristitia
1387 2671 1479 2706 probis
1488 2672 1597 2699 occasio
1611 2672 1689 2699 duci-

896 2725 941 2748 tur
969 2719 1177 2752 ltetitiaemtnos
1201 2718 1283 2746 etiam
1309 2717 1416 2749 fratres,
1432 2722 1560 2752 tanquam
1577 2716 1689 2744 feriatOs

907 2799 929 2815 ”
947 2797 1043 2825 Matth.
1062 2805 1125 2829 xxv,
1141 2796 1188 2824 ‘29.
1243 2796 1265 2812 ⁸⁸
1280 2796 1359 2822 Rom.
1377 2802 1422 2826 xv.
1434 2794 1462 2826 2,
1482 2793 1510 2820 5.
1563 2792 1688 2829 ¹⁷ῨΡιον.

894 2834 982 2895 xtl,5‘.
998 2833 1024 2865 6,
1063 2833 1083 2850 ⁹¹
1099 2832 1164 2859 ibid.
1177 2831 1238 2865 7,8.
1277 2831 1299 2846 "
1312 2831 1372 2857 Act.
1391 2837 1446 2862 XIV,
1476 2829 1521 2856 21.
1558 2829 1581 2846 ⁹³
1591 2828 1687 2856 Matth.

910 2878 946 2896 Iv.
