  <div class='ocr_page' id='page_1' title='image "/cluster/home/n/w/nwhite01/storage/ocr_20150623/99/njp.32101010943858/364.png"; bbox 0 0 1921 3073; ppageno 0'>
   <div class='ocr_carea' id='block_1_1' title="bbox 52 131 103 164">
    <p class='ocr_par' dir='ltr' id='par_1_1' title="bbox 52 131 103 164">
     <span class='ocr_line' id='line_1_1' title="bbox 52 131 103 164; baseline -0.02 0"><span class='ocrx_word' id='word_1_1' title='bbox 52 131 103 164; x_wconf 59' lang='lat'><strong>639</strong></span> 
     </span>
    </p>
   </div>
   <div class='ocr_carea' id='block_1_2' title="bbox 522 127 1229 161">
    <p class='ocr_par' dir='ltr' id='par_1_2' title="bbox 522 127 1229 161">
     <span class='ocr_line' id='line_1_2' title="bbox 522 127 1229 161; baseline -0.004 0"><span class='ocrx_word' id='word_1_2' title='bbox 522 130 665 161; x_wconf 83' lang='lat' dir='ltr'><strong>ORATIO</strong></span> <span class='ocrx_word' id='word_1_3' title='bbox 681 129 704 160; x_wconf 87' lang='grc' dir='ltr'><strong>Ι.</strong></span> <span class='ocrx_word' id='word_1_4' title='bbox 725 140 759 146; x_wconf 92' lang='grc'><strong>-·</strong></span> <span class='ocrx_word' id='word_1_5' title='bbox 781 129 830 159; x_wconf 87' lang='lat' dir='ltr'><strong>DE</strong></span> <span class='ocrx_word' id='word_1_6' title='bbox 847 127 1020 158; x_wconf 86' lang='lat' dir='ltr'><strong>DELECTU</strong></span> <span class='ocrx_word' id='word_1_7' title='bbox 1043 127 1229 158; x_wconf 80' lang='lat' dir='ltr'><strong>CIBORUM.</strong></span> 
     </span>
    </p>
   </div>
   <div class='ocr_carea' id='block_1_3' title="bbox 1646 123 1699 154">
    <p class='ocr_par' dir='ltr' id='par_1_3' title="bbox 1646 123 1699 154">
     <span class='ocr_line' id='line_1_3' title="bbox 1646 123 1699 154; baseline 0 0"><span class='ocrx_word' id='word_1_8' title='bbox 1646 123 1699 154; x_wconf 88' lang='lat'><strong>690</strong></span> 
     </span>
    </p>
   </div>
   <div class='ocr_carea' id='block_1_4' title="bbox 54 179 862 223">
    <p class='ocr_par' dir='ltr' id='par_1_4' title="bbox 54 183 853 223">
     <span class='ocr_line' id='line_1_4' title="bbox 54 183 853 223; baseline -0.006 -8"><span class='ocrx_word' id='word_1_9' title='bbox 54 188 188 223; x_wconf 80' lang='grc' dir='ltr'>πρόνοιαν</span> <span class='ocrx_word' id='word_1_10' title='bbox 203 186 290 221; x_wconf 77' lang='grc' dir='ltr'>αὐτῆς</span> <span class='ocrx_word' id='word_1_11' title='bbox 308 185 348 217; x_wconf 88' lang='grc' dir='ltr'><strong>εἰς</strong></span> <span class='ocrx_word' id='word_1_12' title='bbox 364 185 516 220; x_wconf 70' lang='grc' dir='ltr'>ἐπιθυμίαν</span> <span class='ocrx_word' id='word_1_13' title='bbox 535 185 572 221; x_wconf 80' lang='grc' dir='ltr'><strong>μὴ</strong></span> <span class='ocrx_word' id='word_1_14' title='bbox 586 184 718 216; x_wconf 82' lang='grc' dir='ltr'>ποιεῖσθε,</span> <span class='ocrx_word' id='word_1_15' title='bbox 737 183 805 211; x_wconf 81' lang='grc' dir='ltr'>ἀλλὰ</span> <span class='ocrx_word' id='word_1_16' title='bbox 819 183 853 210; x_wconf 70' lang='grc' dir='ltr'><strong>τὰ</strong></span> 
     </span>
    </p>
   </div>
   <div class='ocr_carea' id='block_1_5' title="bbox 913 179 1700 223">
    <p class='ocr_par' dir='ltr' id='par_1_5' title="bbox 913 179 1700 214">
     <span class='ocr_line' id='line_1_5' title="bbox 913 179 1700 214; baseline -0.005 -4"><span class='ocrx_word' id='word_1_17' title='bbox 913 182 1091 210; x_wconf 70' lang='lat' dir='ltr'><strong>recessarium</strong></span> <span class='ocrx_word' id='word_1_18' title='bbox 1119 186 1147 209; x_wconf 89' lang='lat' dir='ltr'><strong>et</strong></span> <span class='ocrx_word' id='word_1_19' title='bbox 1169 181 1309 209; x_wconf 80' lang='lat' dir='ltr'><strong>sufficiens</strong></span> <span class='ocrx_word' id='word_1_20' title='bbox 1333 179 1535 214; x_wconf 79' lang='lat' dir='ltr'><strong>impendentes,</strong></span> <span class='ocrx_word' id='word_1_21' title='bbox 1559 179 1700 213; x_wconf 75' lang='lat' dir='ltr'><strong>vitamque</strong></span> 
     </span>
    </p>
   </div>
   <div class='ocr_carea' id='block_1_6' title="bbox 53 227 853 264">
    <p class='ocr_par' dir='ltr' id='par_1_6' title="bbox 53 227 853 264">
     <span class='ocr_line' id='line_1_6' title="bbox 53 227 853 264; baseline -0.003 -7"><span class='ocrx_word' id='word_1_22' title='bbox 53 231 150 258; x_wconf 79' lang='grc' dir='ltr'>δέοντα</span> <span class='ocrx_word' id='word_1_23' title='bbox 171 229 220 256; x_wconf 82' lang='grc' dir='ltr'>καὶ</span> <span class='ocrx_word' id='word_1_24' title='bbox 237 229 363 264; x_wconf 80' lang='grc' dir='ltr'><strong>αὐτάρκη</strong></span> <span class='ocrx_word' id='word_1_25' title='bbox 378 228 563 264; x_wconf 79' lang='grc' dir='ltr'><strong>χορηγοῦντες</strong></span> <span class='ocrx_word' id='word_1_26' title='bbox 582 230 678 264; x_wconf 78' lang='grc' dir='ltr'><strong>μένετε</strong></span> <span class='ocrx_word' id='word_1_27' title='bbox 695 229 746 264; x_wconf 75' lang='grc' dir='ltr'>ζῇν</span> <span class='ocrx_word' id='word_1_28' title='bbox 763 229 793 255; x_wconf 81' lang='grc' dir='ltr'>ὲν</span> <span class='ocrx_word' id='word_1_29' title='bbox 813 227 853 263; x_wconf 84' lang='grc' dir='ltr'>τῷ</span> 
     </span>
    </p>
   </div>
   <div class='ocr_carea' id='block_1_7' title="bbox 54 275 854 312">
    <p class='ocr_par' dir='ltr' id='par_1_7' title="bbox 54 275 854 312">
     <span class='ocr_line' id='line_1_7' title="bbox 54 275 854 312; baseline -0.004 -8"><span class='ocrx_word' id='word_1_30' title='bbox 54 277 205 312; x_wconf 80' lang='grc' dir='ltr'>πνεύματι.</span> <span class='ocrx_word' id='word_1_31' title='bbox 223 276 324 302; x_wconf 75' lang='grc' dir='ltr'>Λοιπὸν</span> <span class='ocrx_word' id='word_1_32' title='bbox 351 275 452 311; x_wconf 77' lang='grc' dir='ltr'><strong>μέτρον</strong></span> <span class='ocrx_word' id='word_1_33' title='bbox 477 276 525 303; x_wconf 80' lang='grc' dir='ltr'>καὶ</span> <span class='ocrx_word' id='word_1_34' title='bbox 552 276 600 302; x_wconf 76' lang='grc' dir='ltr'><strong>ἐπὶ</strong></span> <span class='ocrx_word' id='word_1_35' title='bbox 616 275 665 302; x_wconf 80' lang='grc' dir='ltr'>τοῦ</span> <span class='ocrx_word' id='word_1_36' title='bbox 685 275 782 311; x_wconf 79' lang='grc' dir='ltr'>ἄρτου,</span> <span class='ocrx_word' id='word_1_37' title='bbox 805 276 854 302; x_wconf 80' lang='grc' dir='ltr'>καὶ</span> 
     </span>
    </p>
   </div>
   <div class='ocr_carea' id='block_1_8' title="bbox 54 319 853 356">
    <p class='ocr_par' dir='ltr' id='par_1_8' title="bbox 54 319 853 356">
     <span class='ocr_line' id='line_1_8' title="bbox 54 319 853 356; baseline -0.003 -6"><span class='ocrx_word' id='word_1_38' title='bbox 54 325 101 350; x_wconf 69' lang='grc' dir='ltr'><strong>ἐπὶ</strong></span> <span class='ocrx_word' id='word_1_39' title='bbox 118 323 167 350; x_wconf 77' lang='grc' dir='ltr'>τοῦ</span> <span class='ocrx_word' id='word_1_40' title='bbox 180 323 264 350; x_wconf 82' lang='grc' dir='ltr'>οἴνου.</span> <span class='ocrx_word' id='word_1_41' title='bbox 280 322 335 348; x_wconf 81' lang='grc' dir='ltr'>Καὶ</span> <span class='ocrx_word' id='word_1_42' title='bbox 345 323 358 349; x_wconf 74' lang='grc' dir='ltr'><strong>ο</strong></span> <span class='ocrx_word' id='word_1_43' title='bbox 372 321 422 356; x_wconf 78' lang='grc' dir='ltr'>μὲν</span> <span class='ocrx_word' id='word_1_44' title='bbox 436 319 519 355; x_wconf 75' lang='grc' dir='ltr'>οἶνος,</span> <span class='ocrx_word' id='word_1_45' title='bbox 532 321 558 348; x_wconf 80' lang='grc' dir='ltr'><strong>εί</strong></span> <span class='ocrx_word' id='word_1_46' title='bbox 573 322 621 348; x_wconf 79' lang='grc' dir='ltr'>καὶ</span> <span class='ocrx_word' id='word_1_47' title='bbox 634 322 738 349; x_wconf 78' lang='grc' dir='ltr'><strong>δίδοται</strong></span> <span class='ocrx_word' id='word_1_48' title='bbox 750 322 791 354; x_wconf 88' lang='grc' dir='ltr'><strong>είς</strong></span> <span class='ocrx_word' id='word_1_49' title='bbox 804 322 853 348; x_wconf 89' lang='grc' dir='ltr'>πό-</span> 
     </span>
    </p>
   </div>
   <div class='ocr_carea' id='block_1_9' title="bbox 56 367 854 404">
    <p class='ocr_par' dir='ltr' id='par_1_9' title="bbox 56 367 854 404">
     <span class='ocr_line' id='line_1_9' title="bbox 56 367 854 404; baseline -0.001 -9"><span class='ocrx_word' id='word_1_50' title='bbox 56 378 109 401; x_wconf 90' lang='grc' dir='ltr'>σιν,</span> <span class='ocrx_word' id='word_1_51' title='bbox 129 368 200 395; x_wconf 85' lang='grc' dir='ltr'>ἀλλὰ</span> <span class='ocrx_word' id='word_1_52' title='bbox 217 368 289 395; x_wconf 83' lang='grc' dir='ltr'><strong>κατά</strong></span> <span class='ocrx_word' id='word_1_53' title='bbox 305 367 408 403; x_wconf 87' lang='grc' dir='ltr'>μικρὰν</span> <span class='ocrx_word' id='word_1_54' title='bbox 435 368 612 403; x_wconf 80' lang='grc' dir='ltr'><strong>παρηγορίαν</strong></span> <span class='ocrx_word' id='word_1_55' title='bbox 628 369 676 395; x_wconf 79' lang='grc' dir='ltr'>καὶ</span> <span class='ocrx_word' id='word_1_56' title='bbox 695 369 725 394; x_wconf 76' lang='grc' dir='ltr'>ὲν</span> <span class='ocrx_word' id='word_1_57' title='bbox 746 369 854 404; x_wconf 78' lang='grc' dir='ltr'>καιροῖς</span> 
     </span>
    </p>
   </div>
   <div class='ocr_carea' id='block_1_10' title="bbox 55 413 854 451">
    <p class='ocr_par' dir='ltr' id='par_1_10' title="bbox 55 413 854 451">
     <span class='ocr_line' id='line_1_10' title="bbox 55 413 854 451; baseline -0.001 -10"><span class='ocrx_word' id='word_1_58' title='bbox 55 415 259 451; x_wconf 78' lang='grc' dir='ltr'>ἑορταστικοῖς,</span> <span class='ocrx_word' id='word_1_59' title='bbox 273 414 321 440; x_wconf 78' lang='grc' dir='ltr'>καὶ</span> <span class='ocrx_word' id='word_1_60' title='bbox 336 415 366 440; x_wconf 76' lang='grc' dir='ltr'>ὲν</span> <span class='ocrx_word' id='word_1_61' title='bbox 376 414 433 445; x_wconf 81' lang='grc' dir='ltr'>τοῖς</span> <span class='ocrx_word' id='word_1_62' title='bbox 448 414 665 449; x_wconf 77' lang='grc' dir='ltr'>κοπωδεστέροις</span> <span class='ocrx_word' id='word_1_63' title='bbox 676 413 781 450; x_wconf 75' lang='grc' dir='ltr'>ἔργοις,</span> <span class='ocrx_word' id='word_1_64' title='bbox 794 414 811 449; x_wconf 84' lang='grc' dir='ltr'><strong>ἢ</strong></span> <span class='ocrx_word' id='word_1_65' title='bbox 824 415 854 440; x_wconf 80' lang='grc' dir='ltr'>ὲν</span> 
     </span>
    </p>
   </div>
   <div class='ocr_carea' id='block_1_11' title="bbox 54 459 854 496">
    <p class='ocr_par' dir='ltr' id='par_1_11' title="bbox 54 459 854 496">
     <span class='ocr_line' id='line_1_11' title="bbox 54 459 854 496; baseline 0 -9"><span class='ocrx_word' id='word_1_66' title='bbox 54 461 111 491; x_wconf 80' lang='grc' dir='ltr'>τοῖς</span> <span class='ocrx_word' id='word_1_67' title='bbox 123 459 362 496; x_wconf 78' lang='grc' dir='ltr'>νοσηλευομένοις,</span> <span class='ocrx_word' id='word_1_68' title='bbox 377 459 394 495; x_wconf 82' lang='grc' dir='ltr'>ἢ</span> <span class='ocrx_word' id='word_1_69' title='bbox 408 460 438 486; x_wconf 79' lang='grc' dir='ltr'>ὲν</span> <span class='ocrx_word' id='word_1_70' title='bbox 450 461 506 491; x_wconf 83' lang='grc' dir='ltr'>τοῖς</span> <span class='ocrx_word' id='word_1_71' title='bbox 520 459 684 495; x_wconf 71' lang='grc' dir='ltr'><strong>ἀθυμοῦσιν,</strong></span> <span class='ocrx_word' id='word_1_72' title='bbox 697 460 744 487; x_wconf 71' lang='grc' dir='ltr'><strong>καὶ</strong></span> <span class='ocrx_word' id='word_1_73' title='bbox 757 461 787 488; x_wconf 67' lang='grc' dir='ltr'>ἐν</span> <span class='ocrx_word' id='word_1_74' title='bbox 796 461 854 492; x_wconf 82' lang='grc' dir='ltr'>τοῖς</span> 
     </span>
    </p>
   </div>
   <div class='ocr_carea' id='block_1_12' title="bbox 56 505 855 542">
    <p class='ocr_par' dir='ltr' id='par_1_12' title="bbox 56 505 855 542">
     <span class='ocr_line' id='line_1_12' title="bbox 56 505 855 542; baseline -0.001 -9"><span class='ocrx_word' id='word_1_75' title='bbox 56 506 125 542; x_wconf 67' lang='grc' dir='ltr'>πρὸς</span> <span class='ocrx_word' id='word_1_76' title='bbox 141 506 201 533; x_wconf 69' lang='grc' dir='ltr'>ὁδὸν</span> <span class='ocrx_word' id='word_1_77' title='bbox 216 505 377 538; x_wconf 81' lang='grc' dir='ltr'>ἀπαίρουσι.</span> <span class='ocrx_word' id='word_1_78' title='bbox 406 505 484 532; x_wconf 76' lang='grc' dir='ltr'><strong>Ἐπεὶ</strong></span> <span class='ocrx_word' id='word_1_79' title='bbox 508 505 556 532; x_wconf 73' lang='grc' dir='ltr'><strong>ἐπὶ</strong></span> <span class='ocrx_word' id='word_1_80' title='bbox 571 505 626 532; x_wconf 86' lang='grc' dir='ltr'><strong>τῶν</strong></span> <span class='ocrx_word' id='word_1_81' title='bbox 646 506 735 533; x_wconf 74' lang='grc' dir='ltr'>ἄλλων</span> <span class='ocrx_word' id='word_1_82' title='bbox 751 506 855 540; x_wconf 83' lang='grc' dir='ltr'><strong>ὀφείλει</strong></span> 
     </span>
    </p>
   </div>
   <div class='ocr_carea' id='block_1_13' title="bbox 55 551 853 589">
    <p class='ocr_par' dir='ltr' id='par_1_13' title="bbox 55 551 853 589">
     <span class='ocr_line' id='line_1_13' title="bbox 55 551 853 589; baseline -0.001 -9"><span class='ocrx_word' id='word_1_83' title='bbox 55 552 248 589; x_wconf 74' lang='grc' dir='ltr'>λαμϐάνεσθαι</span> <span class='ocrx_word' id='word_1_84' title='bbox 265 551 347 587; x_wconf 83' lang='grc' dir='ltr'>μέχρι</span> <span class='ocrx_word' id='word_1_85' title='bbox 361 552 427 586; x_wconf 82' lang='grc' dir='ltr'>μιᾶς</span> <span class='ocrx_word' id='word_1_86' title='bbox 438 552 577 587; x_wconf 82' lang='grc' dir='ltr'>κράσεως,</span> <span class='ocrx_word' id='word_1_87' title='bbox 588 552 605 587; x_wconf 82' lang='grc' dir='ltr'>ἣ</span> <span class='ocrx_word' id='word_1_88' title='bbox 618 553 665 579; x_wconf 75' lang='grc' dir='ltr'><strong>καὶ</strong></span> <span class='ocrx_word' id='word_1_89' title='bbox 676 552 723 579; x_wconf 79' lang='grc' dir='ltr'><strong>δύο</strong></span> <span class='ocrx_word' id='word_1_90' title='bbox 735 552 766 579; x_wconf 81' lang='grc' dir='ltr'><strong>τὸ</strong></span> <span class='ocrx_word' id='word_1_91' title='bbox 775 552 853 579; x_wconf 86' lang='grc' dir='ltr'>πολύ.</span> 
     </span>
    </p>
   </div>
   <div class='ocr_carea' id='block_1_14' title="bbox 55 597 855 635">
    <p class='ocr_par' dir='ltr' id='par_1_14' title="bbox 55 597 855 635">
     <span class='ocr_line' id='line_1_14' title="bbox 55 597 855 635; baseline -0.004 -8"><span class='ocrx_word' id='word_1_92' title='bbox 55 600 93 627; x_wconf 84' lang='grc' dir='ltr'>Τὸ</span> <span class='ocrx_word' id='word_1_93' title='bbox 99 599 156 635; x_wconf 83' lang='grc' dir='ltr'>γὰρ</span> <span class='ocrx_word' id='word_1_94' title='bbox 169 598 330 634; x_wconf 78' lang='grc' dir='ltr'><strong>γεροντικὸν</strong></span> <span class='ocrx_word' id='word_1_95' title='bbox 345 606 370 624; x_wconf 89' lang='grc' dir='ltr'><strong>τι</strong></span> <span class='ocrx_word' id='word_1_96' title='bbox 384 597 577 633; x_wconf 79' lang='grc' dir='ltr'>ἀσφαλίζεται,</span> <span class='ocrx_word' id='word_1_97' title='bbox 596 598 697 625; x_wconf 73' lang='grc' dir='ltr'>οἴδατε.</span> <span class='ocrx_word' id='word_1_98' title='bbox 711 598 749 625; x_wconf 87' lang='grc' dir='ltr'><strong>Οὐ</strong></span> <span class='ocrx_word' id='word_1_99' title='bbox 764 598 855 625; x_wconf 81' lang='grc' dir='ltr'>τοίνυν</span> 
     </span>
    </p>
   </div>
   <div class='ocr_carea' id='block_1_15' title="bbox 56 644 855 681">
    <p class='ocr_par' dir='ltr' id='par_1_15' title="bbox 56 644 855 681">
     <span class='ocr_line' id='line_1_15' title="bbox 56 644 855 681; baseline 0 -9"><span class='ocrx_word' id='word_1_100' title='bbox 56 646 205 681; x_wconf 75' lang='grc' dir='ltr'>ἀπείργειν</span> <span class='ocrx_word' id='word_1_101' title='bbox 229 645 302 680; x_wconf 81' lang='grc' dir='ltr'>ὑμᾶς</span> <span class='ocrx_word' id='word_1_102' title='bbox 328 644 491 680; x_wconf 83' lang='grc' dir='ltr'>βουλόμενος</span> <span class='ocrx_word' id='word_1_103' title='bbox 511 645 566 671; x_wconf 87' lang='grc' dir='ltr'><strong>τῶν</strong></span> <span class='ocrx_word' id='word_1_104' title='bbox 592 645 759 680; x_wconf 80' lang='grc' dir='ltr'>βρωμάτων,</span> <span class='ocrx_word' id='word_1_105' title='bbox 771 645 855 672; x_wconf 81' lang='grc' dir='ltr'>τέκνα</span> 
     </span>
    </p>
   </div>
   <div class='ocr_carea' id='block_1_16' title="bbox 58 690 854 726">
    <p class='ocr_par' dir='ltr' id='par_1_16' title="bbox 58 690 854 726">
     <span class='ocr_line' id='line_1_16' title="bbox 58 690 854 726; baseline 0 -8"><span class='ocrx_word' id='word_1_106' title='bbox 58 700 124 726; x_wconf 89' lang='grc' dir='ltr'>μου,</span> <span class='ocrx_word' id='word_1_107' title='bbox 138 691 227 718; x_wconf 81' lang='grc' dir='ltr'>ταῦτα</span> <span class='ocrx_word' id='word_1_108' title='bbox 239 691 313 725; x_wconf 82' lang='grc' dir='ltr'>λέγω</span> <span class='ocrx_word' id='word_1_109' title='bbox 325 698 332 705; x_wconf 90' lang='grc'><strong>·</strong></span> <span class='ocrx_word' id='word_1_110' title='bbox 349 690 553 726; x_wconf 85' lang='grc' dir='ltr'>Καταργείσθω</span> <span class='ocrx_word' id='word_1_111' title='bbox 571 690 627 726; x_wconf 88' lang='grc' dir='ltr'><strong>γὰρ</strong></span> <span class='ocrx_word' id='word_1_112' title='bbox 646 692 682 717; x_wconf 80' lang='grc' dir='ltr'>τὰ</span> <span class='ocrx_word' id='word_1_113' title='bbox 705 691 854 726; x_wconf 86' lang='grc' dir='ltr'>βρώματα,</span> 
     </span>
    </p>
   </div>
   <div class='ocr_carea' id='block_1_17' title="bbox 57 736 857 772">
    <p class='ocr_par' dir='ltr' id='par_1_17' title="bbox 57 736 857 772">
     <span class='ocr_line' id='line_1_17' title="bbox 57 736 857 772; baseline -0.001 -8"><span class='ocrx_word' id='word_1_114' title='bbox 57 739 131 764; x_wconf 81' lang='grc' dir='ltr'><strong>κατά</strong></span> <span class='ocrx_word' id='word_1_115' title='bbox 144 737 192 763; x_wconf 85' lang='grc' dir='ltr'><strong>τδν</strong></span> <span class='ocrx_word' id='word_1_116' title='bbox 208 736 388 763; x_wconf 72' lang='grc' dir='ltr'><strong>Ἀποστολον⁸</strong></span> <span class='ocrx_word' id='word_1_117' title='bbox 401 736 470 763; x_wconf 82' lang='grc' dir='ltr'><strong>ἀλλά</strong></span> <span class='ocrx_word' id='word_1_118' title='bbox 490 736 539 771; x_wconf 86' lang='grc' dir='ltr'><strong>τὴν</strong></span> <span class='ocrx_word' id='word_1_119' title='bbox 559 737 645 768; x_wconf 74' lang='grc' dir='ltr'>ὅντως</span> <span class='ocrx_word' id='word_1_120' title='bbox 664 737 768 772; x_wconf 82' lang='grc' dir='ltr'>τροφὴν</span> <span class='ocrx_word' id='word_1_121' title='bbox 783 737 857 772; x_wconf 82' lang='grc' dir='ltr'>ὑμᾶς</span> 
     </span>
    </p>
   </div>
   <div class='ocr_carea' id='block_1_18' title="bbox 57 780 857 817">
    <p class='ocr_par' dir='ltr' id='par_1_18' title="bbox 57 780 857 817">
     <span class='ocr_line' id='line_1_18' title="bbox 57 780 857 817; baseline 0.001 -9"><span class='ocrx_word' id='word_1_122' title='bbox 57 782 205 816; x_wconf 63' lang='grc' dir='ltr'>ἐφιέμενκ</span> <span class='ocrx_word' id='word_1_123' title='bbox 219 781 303 815; x_wconf 82' lang='grc' dir='ltr'>ἔχειν.</span> <span class='ocrx_word' id='word_1_124' title='bbox 315 781 361 808; x_wconf 83' lang='grc' dir='ltr'><strong>διὰ</strong></span> <span class='ocrx_word' id='word_1_125' title='bbox 372 780 453 808; x_wconf 83' lang='grc' dir='ltr'>τοῦτο</span> <span class='ocrx_word' id='word_1_126' title='bbox 466 782 496 808; x_wconf 82' lang='grc' dir='ltr'>ὲν</span> <span class='ocrx_word' id='word_1_127' title='bbox 509 781 665 817; x_wconf 71' lang='grc' dir='ltr'>ὑπομνήσει</span> <span class='ocrx_word' id='word_1_128' title='bbox 680 782 777 817; x_wconf 83' lang='grc' dir='ltr'>τίθημι</span> <span class='ocrx_word' id='word_1_129' title='bbox 792 783 857 814; x_wconf 73' lang='grc' dir='ltr'>τοὺς</span> 
     </span>
    </p>
   </div>
   <div class='ocr_carea' id='block_1_19' title="bbox 56 826 855 863">
    <p class='ocr_par' dir='ltr' id='par_1_19' title="bbox 56 826 855 863">
     <span class='ocr_line' id='line_1_19' title="bbox 56 826 855 863; baseline 0.001 -10"><span class='ocrx_word' id='word_1_130' title='bbox 56 828 166 861; x_wconf 73' lang='grc' dir='ltr'>λόγους.</span> <span class='ocrx_word' id='word_1_131' title='bbox 187 826 266 853; x_wconf 81' lang='grc' dir='ltr'>Θέλω</span> <span class='ocrx_word' id='word_1_132' title='bbox 286 826 358 861; x_wconf 82' lang='grc' dir='ltr'>ὑμᾶς</span> <span class='ocrx_word' id='word_1_133' title='bbox 378 826 480 853; x_wconf 75' lang='grc' dir='ltr'>ἐσθίειν</span> <span class='ocrx_word' id='word_1_134' title='bbox 497 826 543 853; x_wconf 80' lang='grc' dir='ltr'>καὶ</span> <span class='ocrx_word' id='word_1_135' title='bbox 559 827 649 853; x_wconf 85' lang='grc' dir='ltr'>πίνειν</span> <span class='ocrx_word' id='word_1_136' title='bbox 663 847 670 859; x_wconf 83' lang='grc'><strong>,</strong></span> <span class='ocrx_word' id='word_1_137' title='bbox 688 827 747 854; x_wconf 80' lang='grc' dir='ltr'>ἀλλ’</span> <span class='ocrx_word' id='word_1_138' title='bbox 767 828 855 863; x_wconf 84' lang='grc' dir='ltr'>ἁρμο-</span> 
     </span>
    </p>
   </div>
   <div class='ocr_carea' id='block_1_20' title="bbox 906 224 1699 264">
    <p class='ocr_par' dir='ltr' id='par_1_20' title="bbox 906 224 1699 264">
     <span class='ocr_line' id='line_1_20' title="bbox 906 224 1699 264; baseline -0.008 -8"><span class='ocrx_word' id='word_1_139' title='bbox 906 228 932 256; x_wconf 82' lang='grc' dir='ltr'>ἰη</span> <span class='ocrx_word' id='word_1_140' title='bbox 952 228 1052 264; x_wconf 87' lang='lat' dir='ltr'><strong>spiritu</strong></span> <span class='ocrx_word' id='word_1_141' title='bbox 1069 231 1186 263; x_wconf 88' lang='lat' dir='ltr'><strong>portate.</strong></span> <span class='ocrx_word' id='word_1_142' title='bbox 1203 228 1338 255; x_wconf 68' lang='lat' dir='ltr'><strong>Cat-terum</strong></span> <span class='ocrx_word' id='word_1_143' title='bbox 1351 227 1379 253; x_wconf 93' lang='lat' dir='ltr'><strong>in</strong></span> <span class='ocrx_word' id='word_1_144' title='bbox 1393 226 1456 253; x_wconf 92' lang='lat' dir='ltr'><strong>cibo</strong></span> <span class='ocrx_word' id='word_1_145' title='bbox 1471 229 1498 252; x_wconf 91' lang='lat' dir='ltr'><strong>et</strong></span> <span class='ocrx_word' id='word_1_146' title='bbox 1517 224 1582 257; x_wconf 81' lang='lat' dir='ltr'><strong>vino</strong></span> <span class='ocrx_word' id='word_1_147' title='bbox 1597 229 1699 259; x_wconf 82' lang='lat' dir='ltr'><strong>tempe-</strong></span> 
     </span>
    </p>
   </div>
   <div class='ocr_carea' id='block_1_21' title="bbox 905 271 1698 309">
    <p class='ocr_par' dir='ltr' id='par_1_21' title="bbox 905 271 1698 309">
     <span class='ocr_line' id='line_1_21' title="bbox 905 271 1698 309; baseline -0.006 -7"><span class='ocrx_word' id='word_1_148' title='bbox 905 279 973 302; x_wconf 83' lang='lat' dir='ltr'><strong>rate.</strong></span> <span class='ocrx_word' id='word_1_149' title='bbox 1005 274 1104 302; x_wconf 81' lang='lat' dir='ltr'><strong>Vinum</strong></span> <span class='ocrx_word' id='word_1_150' title='bbox 1134 273 1268 309; x_wconf 83' lang='lat' dir='ltr'><strong>quidem,</strong></span> <span class='ocrx_word' id='word_1_151' title='bbox 1299 273 1322 300; x_wconf 88' lang='lat' dir='ltr'><strong>si</strong></span> <span class='ocrx_word' id='word_1_152' title='bbox 1348 272 1497 300; x_wconf 83' lang='lat' dir='ltr'><strong>bibcndum</strong></span> <span class='ocrx_word' id='word_1_153' title='bbox 1530 271 1698 306; x_wconf 71' lang='lat' dir='ltr'><strong>prmbeatnr,</strong></span> 
     </span>
    </p>
   </div>
   <div class='ocr_carea' id='block_1_22' title="bbox 905 317 1698 356">
    <p class='ocr_par' dir='ltr' id='par_1_22' title="bbox 905 317 1698 356">
     <span class='ocr_line' id='line_1_22' title="bbox 905 317 1698 356; baseline -0.008 -7"><span class='ocrx_word' id='word_1_154' title='bbox 905 321 1081 350; x_wconf 84' lang='lat' dir='ltr'><strong>solummodo</strong></span> <span class='ocrx_word' id='word_1_155' title='bbox 1095 321 1128 348; x_wconf 93' lang='lat' dir='ltr'><strong>ad</strong></span> <span class='ocrx_word' id='word_1_156' title='bbox 1142 328 1257 356; x_wconf 84' lang='lat' dir='ltr'><strong>parvum</strong></span> <span class='ocrx_word' id='word_1_157' title='bbox 1274 320 1410 351; x_wconf 81' lang='lat' dir='ltr'><strong>levamen,</strong></span> <span class='ocrx_word' id='word_1_158' title='bbox 1429 319 1455 345; x_wconf 91' lang='lat' dir='ltr'><strong>in</strong></span> <span class='ocrx_word' id='word_1_159' title='bbox 1470 317 1575 346; x_wconf 83' lang='lat' dir='ltr'><strong>festivis</strong></span> <span class='ocrx_word' id='word_1_160' title='bbox 1590 317 1698 350; x_wconf 84' lang='lat' dir='ltr'><strong>diebus,</strong></span> 
     </span>
    </p>
   </div>
   <div class='ocr_carea' id='block_1_23' title="bbox 905 363 1701 403">
    <p class='ocr_par' dir='ltr' id='par_1_23' title="bbox 905 363 1701 403">
     <span class='ocr_line' id='line_1_23' title="bbox 905 363 1701 403; baseline -0.008 -8"><span class='ocrx_word' id='word_1_161' title='bbox 905 372 954 395; x_wconf 90' lang='lat' dir='ltr'><strong>aut</strong></span> <span class='ocrx_word' id='word_1_162' title='bbox 978 368 1013 395; x_wconf 87' lang='lat' dir='ltr'><strong>iis</strong></span> <span class='ocrx_word' id='word_1_163' title='bbox 1035 368 1082 403; x_wconf 89' lang='lat' dir='ltr'><strong>qui</strong></span> <span class='ocrx_word' id='word_1_164' title='bbox 1108 366 1228 402; x_wconf 77' lang='lat' dir='ltr'><strong>graviori</strong></span> <span class='ocrx_word' id='word_1_165' title='bbox 1250 372 1346 401; x_wconf 87' lang='lat' dir='ltr'><strong>opere,</strong></span> <span class='ocrx_word' id='word_1_166' title='bbox 1372 365 1481 397; x_wconf 90' lang='lat' dir='ltr'><strong>morbo,</strong></span> <span class='ocrx_word' id='word_1_167' title='bbox 1504 363 1701 397; x_wconf 81' lang='lat' dir='ltr'><strong>debilitateque</strong></span> 
     </span>
    </p>
   </div>
   <div class='ocr_carea' id='block_1_24' title="bbox 906 408 1701 447">
    <p class='ocr_par' dir='ltr' id='par_1_24' title="bbox 906 408 1701 447">
     <span class='ocr_line' id='line_1_24' title="bbox 906 408 1701 447; baseline -0.008 -6"><span class='ocrx_word' id='word_1_168' title='bbox 906 414 1046 447; x_wconf 79' lang='lat' dir='ltr'><strong>laborant,</strong></span> <span class='ocrx_word' id='word_1_169' title='bbox 1073 417 1122 440; x_wconf 92' lang='lat' dir='ltr'><strong>aut</strong></span> <span class='ocrx_word' id='word_1_170' title='bbox 1146 412 1257 440; x_wconf 89' lang='lat' dir='ltr'><strong>tandem</strong></span> <span class='ocrx_word' id='word_1_171' title='bbox 1282 412 1334 439; x_wconf 86' lang='lat' dir='ltr'><strong>iter</strong></span> <span class='ocrx_word' id='word_1_172' title='bbox 1349 410 1609 446; x_wconf 80' lang='lat' dir='ltr'><strong>proficiscentibus;</strong></span> <span class='ocrx_word' id='word_1_173' title='bbox 1631 408 1701 436; x_wconf 83' lang='lat' dir='ltr'><strong>alias</strong></span> 
     </span>
    </p>
   </div>
   <div class='ocr_carea' id='block_1_25' title="bbox 905 456 1700 494">
    <p class='ocr_par' dir='ltr' id='par_1_25' title="bbox 905 456 1700 494">
     <span class='ocr_line' id='line_1_25' title="bbox 905 456 1700 494; baseline -0.009 -6"><span class='ocrx_word' id='word_1_174' title='bbox 905 468 972 488; x_wconf 82' lang='lat' dir='ltr'><strong>vero</strong></span> <span class='ocrx_word' id='word_1_175' title='bbox 1001 459 1176 488; x_wconf 90' lang='lat' dir='ltr'><strong>solummodo</strong></span> <span class='ocrx_word' id='word_1_176' title='bbox 1207 458 1398 494; x_wconf 88' lang='lat' dir='ltr'><strong>accipiendum</strong></span> <span class='ocrx_word' id='word_1_177' title='bbox 1428 464 1516 492; x_wconf 88' lang='lat' dir='ltr'><strong>usque</strong></span> <span class='ocrx_word' id='word_1_178' title='bbox 1544 456 1579 483; x_wconf 93' lang='lat' dir='ltr'><strong>ad</strong></span> <span class='ocrx_word' id='word_1_179' title='bbox 1614 463 1700 482; x_wconf 90' lang='lat' dir='ltr'><strong>unum</strong></span> 
     </span>
    </p>
   </div>
   <div class='ocr_carea' id='block_1_26' title="bbox 905 502 1701 539">
    <p class='ocr_par' dir='ltr' id='par_1_26' title="bbox 905 502 1701 539">
     <span class='ocr_line' id='line_1_26' title="bbox 905 502 1701 539; baseline -0.009 -5"><span class='ocrx_word' id='word_1_180' title='bbox 905 506 1044 534; x_wconf 88' lang='lat' dir='ltr'><strong>mistionis</strong></span> <span class='ocrx_word' id='word_1_181' title='bbox 1060 506 1208 539; x_wconf 88' lang='lat' dir='ltr'><strong>haustum,</strong></span> <span class='ocrx_word' id='word_1_182' title='bbox 1232 509 1281 533; x_wconf 89' lang='lat' dir='ltr'><strong>aut</strong></span> <span class='ocrx_word' id='word_1_183' title='bbox 1302 504 1337 532; x_wconf 88' lang='lat' dir='ltr'><strong>ad</strong></span> <span class='ocrx_word' id='word_1_184' title='bbox 1355 504 1438 537; x_wconf 90' lang='lat' dir='ltr'><strong>duos,</strong></span> <span class='ocrx_word' id='word_1_185' title='bbox 1457 502 1530 538; x_wconf 83' lang='lat' dir='ltr'><strong>quod</strong></span> <span class='ocrx_word' id='word_1_186' title='bbox 1550 502 1701 537; x_wconf 87' lang='lat' dir='ltr'><strong>plurimum</strong></span> 
     </span>
    </p>
   </div>
   <div class='ocr_carea' id='block_1_27' title="bbox 906 547 1700 581">
    <p class='ocr_par' dir='ltr' id='par_1_27' title="bbox 906 547 1700 581">
     <span class='ocr_line' id='line_1_27' title="bbox 906 547 1700 581; baseline -0.008 -1"><span class='ocrx_word' id='word_1_187' title='bbox 906 558 956 581; x_wconf 89' lang='lat' dir='ltr'><strong>est.</strong></span> <span class='ocrx_word' id='word_1_188' title='bbox 971 552 1057 580; x_wconf 84' lang='lat' dir='ltr'><strong>Senes</strong></span> <span class='ocrx_word' id='word_1_189' title='bbox 1069 557 1160 579; x_wconf 82' lang='lat' dir='ltr'><strong>tamen</strong></span> <span class='ocrx_word' id='word_1_190' title='bbox 1176 551 1249 578; x_wconf 86' lang='lat' dir='ltr'><strong>haud</strong></span> <span class='ocrx_word' id='word_1_191' title='bbox 1265 550 1370 579; x_wconf 84' lang='lat' dir='ltr'><strong>nescite</strong></span> <span class='ocrx_word' id='word_1_192' title='bbox 1382 550 1430 577; x_wconf 87' lang='lat' dir='ltr'><strong>illo</strong></span> <span class='ocrx_word' id='word_1_193' title='bbox 1444 548 1628 576; x_wconf 89' lang='lat' dir='ltr'><strong>corroborari.</strong></span> <span class='ocrx_word' id='word_1_194' title='bbox 1643 547 1700 574; x_wconf 81' lang='lat' dir='ltr'><strong>Non</strong></span> 
     </span>
    </p>
   </div>
   <div class='ocr_carea' id='block_1_28' title="bbox 906 594 1701 632">
    <p class='ocr_par' dir='ltr' id='par_1_28' title="bbox 906 594 1701 632">
     <span class='ocr_line' id='line_1_28' title="bbox 906 594 1701 632; baseline -0.006 -7"><span class='ocrx_word' id='word_1_195' title='bbox 906 599 970 632; x_wconf 86' lang='lat' dir='ltr'><strong>quia</strong></span> <span class='ocrx_word' id='word_1_196' title='bbox 990 597 1072 625; x_wconf 87' lang='lat' dir='ltr'><strong>velim</strong></span> <span class='ocrx_word' id='word_1_197' title='bbox 1097 604 1146 624; x_wconf 90' lang='lat' dir='ltr'><strong>vos</strong></span> <span class='ocrx_word' id='word_1_198' title='bbox 1172 604 1187 623; x_wconf 89' lang='lat' dir='ltr'><strong>a</strong></span> <span class='ocrx_word' id='word_1_199' title='bbox 1217 596 1287 624; x_wconf 85' lang='lat' dir='ltr'><strong>cibis</strong></span> <span class='ocrx_word' id='word_1_200' title='bbox 1311 595 1479 628; x_wconf 81' lang='lat' dir='ltr'><strong>absterrere,</strong></span> <span class='ocrx_word' id='word_1_201' title='bbox 1505 594 1571 622; x_wconf 90' lang='lat' dir='ltr'><strong>talia</strong></span> <span class='ocrx_word' id='word_1_202' title='bbox 1593 594 1701 628; x_wconf 89' lang='lat' dir='ltr'><strong>loquor,</strong></span> 
     </span>
    </p>
   </div>
   <div class='ocr_carea' id='block_1_29' title="bbox 906 640 1700 676">
    <p class='ocr_par' dir='ltr' id='par_1_29' title="bbox 906 640 1700 676">
     <span class='ocr_line' id='line_1_29' title="bbox 906 640 1700 676; baseline -0.005 -5"><span class='ocrx_word' id='word_1_203' title='bbox 906 652 924 672; x_wconf 89' lang='grc' dir='ltr'><strong>ο</strong></span> <span class='ocrx_word' id='word_1_204' title='bbox 945 644 1009 676; x_wconf 81' lang='lat' dir='ltr'><strong>filii;</strong></span> <span class='ocrx_word' id='word_1_205' title='bbox 1037 648 1218 671; x_wconf 80' lang='lat' dir='ltr'><strong>amoveantur</strong></span> <span class='ocrx_word' id='word_1_206' title='bbox 1243 643 1308 675; x_wconf 88' lang='lat' dir='ltr'><strong>cibi,</strong></span> <span class='ocrx_word' id='word_1_207' title='bbox 1331 646 1364 670; x_wconf 87' lang='lat' dir='ltr'><strong>ut</strong></span> <span class='ocrx_word' id='word_1_208' title='bbox 1387 641 1454 669; x_wconf 90' lang='lat' dir='ltr'><strong>dicit</strong></span> <span class='ocrx_word' id='word_1_209' title='bbox 1476 640 1633 676; x_wconf 80' lang='lat' dir='ltr'><strong>Apostolus,</strong></span> <span class='ocrx_word' id='word_1_210' title='bbox 1653 640 1700 668; x_wconf 84' lang='lat' dir='ltr'><strong>sed</strong></span> 
     </span>
    </p>
   </div>
   <div class='ocr_carea' id='block_1_30' title="bbox 907 685 1702 724">
    <p class='ocr_par' dir='ltr' id='par_1_30' title="bbox 907 685 1702 724">
     <span class='ocr_line' id='line_1_30' title="bbox 907 685 1702 724; baseline -0.005 -8"><span class='ocrx_word' id='word_1_211' title='bbox 907 689 972 724; x_wconf 84' lang='lat' dir='ltr'><strong>quia</strong></span> <span class='ocrx_word' id='word_1_212' title='bbox 996 696 1045 716; x_wconf 88' lang='lat' dir='ltr'><strong>vos</strong></span> <span class='ocrx_word' id='word_1_213' title='bbox 1067 688 1253 716; x_wconf 84' lang='lat' dir='ltr'><strong>necessariam</strong></span> <span class='ocrx_word' id='word_1_214' title='bbox 1277 687 1454 716; x_wconf 83' lang='lat' dir='ltr'><strong>solummodo</strong></span> <span class='ocrx_word' id='word_1_215' title='bbox 1471 685 1629 714; x_wconf 82' lang='lat' dir='ltr'><strong>alimoniam</strong></span> <span class='ocrx_word' id='word_1_216' title='bbox 1651 685 1702 712; x_wconf 89' lang='lat' dir='ltr'><strong>ha-</strong></span> 
     </span>
    </p>
   </div>
   <div class='ocr_carea' id='block_1_31' title="bbox 908 731 1703 765">
    <p class='ocr_par' dir='ltr' id='par_1_31' title="bbox 908 731 1703 765">
     <span class='ocr_line' id='line_1_31' title="bbox 908 731 1703 765; baseline -0.005 -4"><span class='ocrx_word' id='word_1_217' title='bbox 908 734 972 762; x_wconf 88' lang='lat' dir='ltr'><strong>bere</strong></span> <span class='ocrx_word' id='word_1_218' title='bbox 987 734 1120 765; x_wconf 89' lang='lat' dir='ltr'><strong>concedo,</strong></span> <span class='ocrx_word' id='word_1_219' title='bbox 1136 733 1277 760; x_wconf 73' lang='lat' dir='ltr'><strong>memoria:</strong></span> <span class='ocrx_word' id='word_1_220' title='bbox 1292 736 1392 760; x_wconf 56' lang='lat' dir='ltr'><strong>vestrae</strong></span> <span class='ocrx_word' id='word_1_221' title='bbox 1410 731 1613 759; x_wconf 85' lang='lat' dir='ltr'><strong>admonitiones</strong></span> <span class='ocrx_word' id='word_1_222' title='bbox 1625 737 1703 757; x_wconf 89' lang='lat' dir='ltr'><strong>com-</strong></span> 
     </span>
    </p>
   </div>
   <div class='ocr_carea' id='block_1_32' title="bbox 909 776 1703 810">
    <p class='ocr_par' dir='ltr' id='par_1_32' title="bbox 909 776 1703 810">
     <span class='ocr_line' id='line_1_32' title="bbox 909 776 1703 810; baseline -0.004 -3"><span class='ocrx_word' id='word_1_223' title='bbox 909 780 1018 807; x_wconf 88' lang='lat' dir='ltr'><strong>mendo.</strong></span> <span class='ocrx_word' id='word_1_224' title='bbox 1034 779 1104 807; x_wconf 73' lang='lat' dir='ltr'><strong>Volo</strong></span> <span class='ocrx_word' id='word_1_225' title='bbox 1118 787 1169 807; x_wconf 90' lang='lat' dir='ltr'><strong>vos</strong></span> <span class='ocrx_word' id='word_1_226' title='bbox 1184 779 1267 807; x_wconf 88' lang='lat' dir='ltr'><strong>edere</strong></span> <span class='ocrx_word' id='word_1_227' title='bbox 1286 783 1314 806; x_wconf 87' lang='lat' dir='ltr'><strong>et</strong></span> <span class='ocrx_word' id='word_1_228' title='bbox 1328 779 1433 810; x_wconf 87' lang='lat' dir='ltr'><strong>bibere,</strong></span> <span class='ocrx_word' id='word_1_229' title='bbox 1452 777 1500 806; x_wconf 86' lang='lat' dir='ltr'><strong>sed</strong></span> <span class='ocrx_word' id='word_1_230' title='bbox 1520 776 1654 809; x_wconf 80' lang='lat' dir='ltr'><strong>modeste.</strong></span> <span class='ocrx_word' id='word_1_231' title='bbox 1673 781 1703 804; x_wconf 90' lang='lat' dir='ltr'><strong>ut</strong></span> 
     </span>
    </p>
   </div>
   <div class='ocr_carea' id='block_1_33' title="bbox 909 823 1704 861">
    <p class='ocr_par' dir='ltr' id='par_1_33' title="bbox 909 823 1704 861">
     <span class='ocr_line' id='line_1_33' title="bbox 909 823 1704 861; baseline -0.004 -8"><span class='ocrx_word' id='word_1_232' title='bbox 909 825 965 854; x_wconf 85' lang='lat' dir='ltr'><strong>Deo</strong></span> <span class='ocrx_word' id='word_1_233' title='bbox 981 825 1078 861; x_wconf 79' lang='lat' dir='ltr'><strong>placet,</strong></span> <span class='ocrx_word' id='word_1_234' title='bbox 1094 825 1308 861; x_wconf 82' lang='lat' dir='ltr'><strong>salubriterque,</strong></span> <span class='ocrx_word' id='word_1_235' title='bbox 1328 829 1359 852; x_wconf 93' lang='lat' dir='ltr'><strong>ut</strong></span> <span class='ocrx_word' id='word_1_236' title='bbox 1373 825 1429 852; x_wconf 85' lang='lat' dir='ltr'><strong>vim</strong></span> <span class='ocrx_word' id='word_1_237' title='bbox 1448 831 1550 859; x_wconf 86' lang='lat' dir='ltr'><strong>corpus</strong></span> <span class='ocrx_word' id='word_1_238' title='bbox 1564 823 1591 850; x_wconf 90' lang='lat' dir='ltr'><strong>in</strong></span> <span class='ocrx_word' id='word_1_239' title='bbox 1607 830 1704 851; x_wconf 87' lang='lat' dir='ltr'><strong>neces-</strong></span> 
     </span>
    </p>
   </div>
   <div class='ocr_carea' id='block_1_34' title="bbox 57 868 862 908">
    <p class='ocr_par' dir='ltr' id='par_1_34' title="bbox 57 871 858 908">
     <span class='ocr_line' id='line_1_34' title="bbox 57 871 858 908; baseline 0 -9"><span class='ocrx_word' id='word_1_240' title='bbox 57 872 132 904; x_wconf 88' lang='grc' dir='ltr'>δίως,</span> <span class='ocrx_word' id='word_1_241' title='bbox 148 872 198 898; x_wconf 77' lang='grc' dir='ltr'>καὶ</span> <span class='ocrx_word' id='word_1_242' title='bbox 211 871 374 907; x_wconf 79' lang='grc' dir='ltr'>θεοπρεπῶς</span> <span class='ocrx_word' id='word_1_243' title='bbox 389 871 436 899; x_wconf 78' lang='grc' dir='ltr'><strong>καὶ</strong></span> <span class='ocrx_word' id='word_1_244' title='bbox 456 871 609 905; x_wconf 83' lang='grc' dir='ltr'>σωστικῶς,</span> <span class='ocrx_word' id='word_1_245' title='bbox 622 872 692 908; x_wconf 86' lang='grc' dir='ltr'>πρός</span> <span class='ocrx_word' id='word_1_246' title='bbox 703 880 733 898; x_wconf 90' lang='grc' dir='ltr'><strong>τε</strong></span> <span class='ocrx_word' id='word_1_247' title='bbox 743 872 858 907; x_wconf 76' lang='grc' dir='ltr'>δύναμιν</span> 
     </span>
    </p>
   </div>
   <div class='ocr_carea' id='block_1_35' title="bbox 913 868 1704 908">
    <p class='ocr_par' dir='ltr' id='par_1_35' title="bbox 913 868 1704 902">
     <span class='ocr_line' id='line_1_35' title="bbox 913 868 1704 902; baseline -0.005 -4"><span class='ocrx_word' id='word_1_248' title='bbox 913 871 991 899; x_wconf 84' lang='lat' dir='ltr'><strong>sariis</strong></span> <span class='ocrx_word' id='word_1_249' title='bbox 1012 871 1154 899; x_wconf 87' lang='lat' dir='ltr'><strong>laboribus</strong></span> <span class='ocrx_word' id='word_1_250' title='bbox 1176 870 1285 898; x_wconf 88' lang='lat' dir='ltr'><strong>habeat.</strong></span> <span class='ocrx_word' id='word_1_251' title='bbox 1307 868 1404 897; x_wconf 81' lang='lat' dir='ltr'><strong>Nonne</strong></span> <span class='ocrx_word' id='word_1_252' title='bbox 1428 868 1507 896; x_wconf 86' lang='lat' dir='ltr'><strong>scitis</strong></span> <span class='ocrx_word' id='word_1_253' title='bbox 1527 868 1579 895; x_wconf 86' lang='lat' dir='ltr'><strong>hac</strong></span> <span class='ocrx_word' id='word_1_254' title='bbox 1597 871 1704 902; x_wconf 77' lang='lat' dir='ltr'><strong>tempo-</strong></span> 
     </span>
    </p>
   </div>
   <div class='ocr_carea' id='block_1_36' title="bbox 57 917 857 953">
    <p class='ocr_par' dir='ltr' id='par_1_36' title="bbox 57 917 857 953">
     <span class='ocr_line' id='line_1_36' title="bbox 57 917 857 953; baseline 0.003 -10"><span class='ocrx_word' id='word_1_255' title='bbox 57 918 105 944; x_wconf 78' lang='grc' dir='ltr'>τοῦ</span> <span class='ocrx_word' id='word_1_256' title='bbox 136 917 275 951; x_wconf 84' lang='grc' dir='ltr'>σώματος,</span> <span class='ocrx_word' id='word_1_257' title='bbox 299 917 345 944; x_wconf 83' lang='grc' dir='ltr'><strong>διὰ</strong></span> <span class='ocrx_word' id='word_1_258' title='bbox 373 917 408 944; x_wconf 77' lang='grc' dir='ltr'><strong>τὰ</strong></span> <span class='ocrx_word' id='word_1_259' title='bbox 436 917 506 953; x_wconf 79' lang='grc' dir='ltr'>πρὸς</span> <span class='ocrx_word' id='word_1_260' title='bbox 531 917 627 953; x_wconf 81' lang='grc' dir='ltr'>χρείαν</span> <span class='ocrx_word' id='word_1_261' title='bbox 657 918 857 952; x_wconf 77' lang='grc' dir='ltr'>κατεπείγοντα</span> 
     </span>
    </p>
   </div>
   <div class='ocr_carea' id='block_1_37' title="bbox 59 963 858 1001">
    <p class='ocr_par' dir='ltr' id='par_1_37' title="bbox 59 963 858 1001">
     <span class='ocr_line' id='line_1_37' title="bbox 59 963 858 1001; baseline 0.001 -10"><span class='ocrx_word' id='word_1_262' title='bbox 59 965 140 1000; x_wconf 74' lang='grc' dir='ltr'>ἔργα.</span> <span class='ocrx_word' id='word_1_263' title='bbox 152 964 188 990; x_wconf 88' lang='grc' dir='ltr'>Ἢ</span> <span class='ocrx_word' id='word_1_264' title='bbox 202 964 253 990; x_wconf 84' lang='grc' dir='ltr'>οὐκ</span> <span class='ocrx_word' id='word_1_265' title='bbox 264 963 366 997; x_wconf 77' lang='grc' dir='ltr'>οἴδατε,</span> <span class='ocrx_word' id='word_1_266' title='bbox 381 963 423 990; x_wconf 80' lang='grc' dir='ltr'><strong>δτι</strong></span> <span class='ocrx_word' id='word_1_267' title='bbox 438 965 489 999; x_wconf 85' lang='grc' dir='ltr'>τῆς</span> <span class='ocrx_word' id='word_1_268' title='bbox 504 965 669 1000; x_wconf 80' lang='grc' dir='ltr'>ἐγκρατείας</span> <span class='ocrx_word' id='word_1_269' title='bbox 687 964 789 1001; x_wconf 78' lang='grc' dir='ltr'>ταύτης</span> <span class='ocrx_word' id='word_1_270' title='bbox 809 965 858 992; x_wconf 76' lang='grc' dir='ltr'>καὶ</span> 
     </span>
    </p>
   </div>
   <div class='ocr_carea' id='block_1_38' title="bbox 58 1009 856 1047">
    <p class='ocr_par' dir='ltr' id='par_1_38' title="bbox 58 1009 856 1047">
     <span class='ocr_line' id='line_1_38' title="bbox 58 1009 856 1047; baseline -0.003 -10"><span class='ocrx_word' id='word_1_271' title='bbox 58 1010 275 1046; x_wconf 78' lang='grc' dir='ltr'>ἀποστερήσεως</span> <span class='ocrx_word' id='word_1_272' title='bbox 294 1010 349 1037; x_wconf 82' lang='grc' dir='ltr'><strong>τῶν</strong></span> <span class='ocrx_word' id='word_1_273' title='bbox 369 1009 417 1037; x_wconf 78' lang='grc' dir='ltr'>τοῦ</span> <span class='ocrx_word' id='word_1_274' title='bbox 430 1010 535 1046; x_wconf 81' lang='grc' dir='ltr'>κόσμου</span> <span class='ocrx_word' id='word_1_275' title='bbox 554 1010 640 1046; x_wconf 81' lang='grc' dir='ltr'><strong>ἡδέων</strong></span> <span class='ocrx_word' id='word_1_276' title='bbox 662 1010 856 1047; x_wconf 78' lang='grc' dir='ltr'>κρεωφαγιῶν,</span> 
     </span>
    </p>
   </div>
   <div class='ocr_carea' id='block_1_39' title="bbox 59 1055 859 1092">
    <p class='ocr_par' dir='ltr' id='par_1_39' title="bbox 59 1055 859 1092">
     <span class='ocr_line' id='line_1_39' title="bbox 59 1055 859 1092; baseline 0.001 -9"><span class='ocrx_word' id='word_1_277' title='bbox 59 1057 107 1083; x_wconf 77' lang='grc' dir='ltr'>καὶ</span> <span class='ocrx_word' id='word_1_278' title='bbox 130 1055 304 1089; x_wconf 84' lang='grc' dir='ltr'>οίνοποσιῶν,</span> <span class='ocrx_word' id='word_1_279' title='bbox 322 1055 370 1082; x_wconf 77' lang='grc' dir='ltr'><strong>καὶ</strong></span> <span class='ocrx_word' id='word_1_280' title='bbox 390 1055 610 1091; x_wconf 83' lang='grc' dir='ltr'>λουτρισμάτων,</span> <span class='ocrx_word' id='word_1_281' title='bbox 624 1056 672 1083; x_wconf 68' lang='grc' dir='ltr'>καὶ</span> <span class='ocrx_word' id='word_1_282' title='bbox 695 1057 859 1092; x_wconf 81' lang='grc' dir='ltr'>θερμασμά-</span> 
     </span>
    </p>
   </div>
   <div class='ocr_carea' id='block_1_40' title="bbox 58 1101 859 1138">
    <p class='ocr_par' dir='ltr' id='par_1_40' title="bbox 58 1101 859 1138">
     <span class='ocr_line' id='line_1_40' title="bbox 58 1101 859 1138; baseline 0.001 -10"><span class='ocrx_word' id='word_1_283' title='bbox 58 1110 124 1134; x_wconf 82' lang='grc' dir='ltr'>των,</span> <span class='ocrx_word' id='word_1_284' title='bbox 143 1102 192 1129; x_wconf 78' lang='grc' dir='ltr'>καὶ</span> <span class='ocrx_word' id='word_1_285' title='bbox 203 1101 434 1137; x_wconf 84' lang='grc' dir='ltr'>καρυκευμάτων,</span> <span class='ocrx_word' id='word_1_286' title='bbox 449 1101 497 1128; x_wconf 73' lang='grc' dir='ltr'>καὶ</span> <span class='ocrx_word' id='word_1_287' title='bbox 513 1101 704 1138; x_wconf 77' lang='grc' dir='ltr'>ζωμευμάτων</span> <span class='ocrx_word' id='word_1_288' title='bbox 717 1102 859 1137; x_wconf 78' lang='grc' dir='ltr'>ἑτοιμάζε-</span> 
     </span>
    </p>
   </div>
   <div class='ocr_carea' id='block_1_41' title="bbox 58 1147 859 1184">
    <p class='ocr_par' dir='ltr' id='par_1_41' title="bbox 58 1147 859 1184">
     <span class='ocr_line' id='line_1_41' title="bbox 58 1147 859 1184; baseline 0.002 -10"><span class='ocrx_word' id='word_1_289' title='bbox 58 1156 104 1174; x_wconf 86' lang='grc' dir='ltr'><strong>ται</strong></span> <span class='ocrx_word' id='word_1_290' title='bbox 116 1148 183 1182; x_wconf 75' lang='grc' dir='ltr'>ὑμῖν</span> <span class='ocrx_word' id='word_1_291' title='bbox 196 1148 211 1174; x_wconf 85' lang='grc' dir='ltr'>ὁ</span> <span class='ocrx_word' id='word_1_292' title='bbox 226 1147 298 1179; x_wconf 84' lang='grc' dir='ltr'>θεῖος</span> <span class='ocrx_word' id='word_1_293' title='bbox 314 1148 419 1179; x_wconf 69' lang='grc' dir='ltr'>ἐκεῖνος</span> <span class='ocrx_word' id='word_1_294' title='bbox 433 1147 608 1184; x_wconf 81' lang='grc' dir='ltr'>παράδεισος,</span> <span class='ocrx_word' id='word_1_295' title='bbox 625 1148 640 1174; x_wconf 83' lang='grc' dir='ltr'>ὁ</span> <span class='ocrx_word' id='word_1_296' title='bbox 652 1147 722 1183; x_wconf 72' lang='grc' dir='ltr'>ἔχων</span> <span class='ocrx_word' id='word_1_297' title='bbox 736 1147 767 1175; x_wconf 84' lang='grc' dir='ltr'>τὸ</span> <span class='ocrx_word' id='word_1_298' title='bbox 780 1148 859 1182; x_wconf 79' lang='grc' dir='ltr'>ξύλον</span> 
     </span>
    </p>
   </div>
   <div class='ocr_carea' id='block_1_42' title="bbox 58 1193 858 1229">
    <p class='ocr_par' dir='ltr' id='par_1_42' title="bbox 58 1193 858 1229">
     <span class='ocr_line' id='line_1_42' title="bbox 58 1193 858 1229; baseline 0.001 -10"><span class='ocrx_word' id='word_1_299' title='bbox 58 1194 109 1229; x_wconf 82' lang='grc' dir='ltr'>τῆς</span> <span class='ocrx_word' id='word_1_300' title='bbox 127 1193 214 1228; x_wconf 74' lang='grc' dir='ltr'>ζωῆς,</span> <span class='ocrx_word' id='word_1_301' title='bbox 229 1193 324 1220; x_wconf 80' lang='grc' dir='ltr'>καὶτὸ</span> <span class='ocrx_word' id='word_1_302' title='bbox 338 1193 411 1229; x_wconf 78' lang='grc' dir='ltr'>ὕδωρ</span> <span class='ocrx_word' id='word_1_303' title='bbox 422 1193 474 1228; x_wconf 80' lang='grc' dir='ltr'>τῆς</span> <span class='ocrx_word' id='word_1_304' title='bbox 489 1193 652 1226; x_wconf 72' lang='grc' dir='ltr'>ἀθανασίας,</span> <span class='ocrx_word' id='word_1_305' title='bbox 669 1194 717 1220; x_wconf 80' lang='grc' dir='ltr'>καὶ</span> <span class='ocrx_word' id='word_1_306' title='bbox 731 1193 778 1220; x_wconf 77' lang='grc' dir='ltr'><strong>τὸν</strong></span> <span class='ocrx_word' id='word_1_307' title='bbox 793 1193 858 1228; x_wconf 82' lang='grc' dir='ltr'>γλυ-</span> 
     </span>
    </p>
   </div>
   <div class='ocr_carea' id='block_1_43' title="bbox 61 1238 859 1275">
    <p class='ocr_par' dir='ltr' id='par_1_43' title="bbox 61 1238 859 1275">
     <span class='ocr_line' id='line_1_43' title="bbox 61 1238 859 1275; baseline 0.001 -10"><span class='ocrx_word' id='word_1_308' title='bbox 61 1239 168 1274; x_wconf 80' lang='grc' dir='ltr'>κασμὺν</span> <span class='ocrx_word' id='word_1_309' title='bbox 181 1239 230 1265; x_wconf 84' lang='grc' dir='ltr'>τοῦ</span> <span class='ocrx_word' id='word_1_310' title='bbox 245 1238 414 1274; x_wconf 84' lang='grc' dir='ltr'>πνεύματος,</span> <span class='ocrx_word' id='word_1_311' title='bbox 426 1239 475 1266; x_wconf 83' lang='grc' dir='ltr'>καὶ</span> <span class='ocrx_word' id='word_1_312' title='bbox 487 1239 518 1266; x_wconf 81' lang='grc' dir='ltr'>τὸ</span> <span class='ocrx_word' id='word_1_313' title='bbox 529 1239 683 1274; x_wconf 84' lang='grc' dir='ltr'>ἀμήχανον,</span> <span class='ocrx_word' id='word_1_314' title='bbox 699 1239 746 1266; x_wconf 77' lang='grc' dir='ltr'><strong>καὶ</strong></span> <span class='ocrx_word' id='word_1_315' title='bbox 760 1239 859 1275; x_wconf 86' lang='grc' dir='ltr'>ἀπερι-</span> 
     </span>
    </p>
   </div>
   <div class='ocr_carea' id='block_1_44' title="bbox 61 1285 858 1321">
    <p class='ocr_par' dir='ltr' id='par_1_44' title="bbox 61 1285 858 1321">
     <span class='ocr_line' id='line_1_44' title="bbox 61 1285 858 1321; baseline 0.001 -10"><span class='ocrx_word' id='word_1_316' title='bbox 61 1286 156 1320; x_wconf 81' lang='grc' dir='ltr'>νόητον</span> <span class='ocrx_word' id='word_1_317' title='bbox 171 1285 270 1316; x_wconf 81' lang='grc' dir='ltr'>κάλλος</span> <span class='ocrx_word' id='word_1_318' title='bbox 285 1285 336 1320; x_wconf 83' lang='grc' dir='ltr'>τῆς</span> <span class='ocrx_word' id='word_1_319' title='bbox 348 1285 478 1321; x_wconf 84' lang='grc' dir='ltr'>εὐχροίας</span> <span class='ocrx_word' id='word_1_320' title='bbox 490 1285 546 1312; x_wconf 85' lang='grc' dir='ltr'>τῶν</span> <span class='ocrx_word' id='word_1_321' title='bbox 559 1285 687 1321; x_wconf 70' lang='grc' dir='ltr'>ἀρρήτως</span> <span class='ocrx_word' id='word_1_322' title='bbox 700 1285 858 1321; x_wconf 70' lang='grc' dir='ltr'>ὸρωμέιων,</span> 
     </span>
    </p>
   </div>
   <div class='ocr_carea' id='block_1_45' title="bbox 61 1330 860 1366">
    <p class='ocr_par' dir='ltr' id='par_1_45' title="bbox 61 1330 860 1366">
     <span class='ocr_line' id='line_1_45' title="bbox 61 1330 860 1366; baseline 0.001 -9"><span class='ocrx_word' id='word_1_323' title='bbox 61 1331 109 1358; x_wconf 77' lang='grc' dir='ltr'>καὶ</span> <span class='ocrx_word' id='word_1_324' title='bbox 125 1331 252 1362; x_wconf 79' lang='grc' dir='ltr'>ἀθεάτως</span> <span class='ocrx_word' id='word_1_325' title='bbox 265 1330 464 1366; x_wconf 81' lang='grc' dir='ltr'>θεωρουμένων</span> <span class='ocrx_word' id='word_1_326' title='bbox 485 1330 603 1358; x_wconf 75' lang='grc' dir='ltr'>αἰωνίων</span> <span class='ocrx_word' id='word_1_327' title='bbox 623 1331 734 1365; x_wconf 79' lang='grc' dir='ltr'>ἀγαθῶν</span> <span class='ocrx_word' id='word_1_328' title='bbox 749 1332 813 1366; x_wconf 87' lang='grc' dir='ltr'>ὑμῖν</span> <span class='ocrx_word' id='word_1_329' title='bbox 830 1332 860 1358; x_wconf 80' lang='grc' dir='ltr'>τὸ</span> 
     </span>
    </p>
   </div>
   <div class='ocr_carea' id='block_1_46' title="bbox 61 1377 860 1413">
    <p class='ocr_par' dir='ltr' id='par_1_46' title="bbox 61 1377 860 1413">
     <span class='ocr_line' id='line_1_46' title="bbox 61 1377 860 1413; baseline 0 -9"><span class='ocrx_word' id='word_1_330' title='bbox 61 1377 212 1404; x_wconf 81' lang='grc' dir='ltr'>ἀπολαύειν</span> <span class='ocrx_word' id='word_1_331' title='bbox 224 1377 273 1404; x_wconf 77' lang='grc' dir='ltr'>καὶ</span> <span class='ocrx_word' id='word_1_332' title='bbox 287 1378 395 1413; x_wconf 79' lang='grc' dir='ltr'>τρυφᾷν</span> <span class='ocrx_word' id='word_1_333' title='bbox 410 1377 499 1404; x_wconf 80' lang='grc' dir='ltr'><strong>ἐκεῖσε</strong></span> <span class='ocrx_word' id='word_1_334' title='bbox 512 1377 691 1412; x_wconf 84' lang='grc' dir='ltr'>ταμιεύεται;</span> <span class='ocrx_word' id='word_1_335' title='bbox 702 1377 778 1404; x_wconf 86' lang='grc' dir='ltr'><strong>Ἐκεῖ</strong></span> <span class='ocrx_word' id='word_1_336' title='bbox 792 1378 860 1412; x_wconf 84' lang='grc' dir='ltr'>φθά-</span> 
     </span>
    </p>
   </div>
   <div class='ocr_carea' id='block_1_47' title="bbox 66 1423 860 1459">
    <p class='ocr_par' dir='ltr' id='par_1_47' title="bbox 66 1423 860 1459">
     <span class='ocr_line' id='line_1_47' title="bbox 66 1423 860 1459; baseline 0 -9"><span class='ocrx_word' id='word_1_337' title='bbox 66 1424 172 1455; x_wconf 74' lang='grc' dir='ltr'>ζοντες,</span> <span class='ocrx_word' id='word_1_338' title='bbox 191 1424 252 1450; x_wconf 75' lang='grc' dir='ltr'>ἐκεῖ</span> <span class='ocrx_word' id='word_1_339' title='bbox 267 1423 367 1459; x_wconf 81' lang='grc' dir='ltr'>μικρὸν</span> <span class='ocrx_word' id='word_1_340' title='bbox 380 1423 443 1450; x_wconf 84' lang='grc' dir='ltr'>ὅσον</span> <span class='ocrx_word' id='word_1_341' title='bbox 456 1423 502 1450; x_wconf 81' lang='grc' dir='ltr'><strong>διὰ</strong></span> <span class='ocrx_word' id='word_1_342' title='bbox 517 1423 648 1457; x_wconf 82' lang='grc' dir='ltr'>Θανάτου,</span> <span class='ocrx_word' id='word_1_343' title='bbox 670 1424 792 1458; x_wconf 80' lang='grc' dir='ltr'>φάγεσθε</span> <span class='ocrx_word' id='word_1_344' title='bbox 812 1424 860 1451; x_wconf 81' lang='grc' dir='ltr'>καὶ</span> 
     </span>
    </p>
   </div>
   <div class='ocr_carea' id='block_1_48' title="bbox 63 1470 539 1506">
    <p class='ocr_par' dir='ltr' id='par_1_48' title="bbox 63 1470 539 1506">
     <span class='ocr_line' id='line_1_48' title="bbox 63 1470 539 1506; baseline 0.002 -10"><span class='ocrx_word' id='word_1_345' title='bbox 63 1470 161 1496; x_wconf 79' lang='grc' dir='ltr'>πίεσθε</span> <span class='ocrx_word' id='word_1_346' title='bbox 174 1470 334 1506; x_wconf 76' lang='grc' dir='ltr'>ἀκορέστως</span> <span class='ocrx_word' id='word_1_347' title='bbox 348 1471 396 1497; x_wconf 73' lang='grc' dir='ltr'>καὶ</span> <span class='ocrx_word' id='word_1_348' title='bbox 410 1470 539 1503; x_wconf 81' lang='grc' dir='ltr'>αίωνίως.</span> 
     </span>
    </p>
   </div>
   <div class='ocr_carea' id='block_1_49' title="bbox 100 1515 859 1552">
    <p class='ocr_par' dir='ltr' id='par_1_49' title="bbox 100 1515 859 1552">
     <span class='ocr_line' id='line_1_49' title="bbox 100 1515 859 1552; baseline 0 -10"><span class='ocrx_word' id='word_1_349' title='bbox 100 1516 158 1543; x_wconf 72' lang='grc' dir='ltr'><strong>Καὶ</strong></span> <span class='ocrx_word' id='word_1_350' title='bbox 176 1517 226 1552; x_wconf 76' lang='grc' dir='ltr'>(ἀρ</span> <span class='ocrx_word' id='word_1_351' title='bbox 239 1515 367 1548; x_wconf 77' lang='grc' dir='ltr'>ἐνταῦθα,</span> <span class='ocrx_word' id='word_1_352' title='bbox 378 1517 463 1543; x_wconf 79' lang='grc' dir='ltr'>τέκνα</span> <span class='ocrx_word' id='word_1_353' title='bbox 479 1525 542 1552; x_wconf 84' lang='grc' dir='ltr'>μου,</span> <span class='ocrx_word' id='word_1_354' title='bbox 560 1516 609 1544; x_wconf 70' lang='grc' dir='ltr'>ἐὰν</span> <span class='ocrx_word' id='word_1_355' title='bbox 625 1516 668 1544; x_wconf 79' lang='grc' dir='ltr'><strong>ἐπ’</strong></span> <span class='ocrx_word' id='word_1_356' title='bbox 697 1516 789 1544; x_wconf 78' lang='grc' dir='ltr'>αὐτῶν</span> <span class='ocrx_word' id='word_1_357' title='bbox 804 1517 859 1543; x_wconf 82' lang='grc' dir='ltr'>τῶν</span> 
     </span>
    </p>
   </div>
   <div class='ocr_carea' id='block_1_50' title="bbox 63 1545 896 1598">
    <p class='ocr_par' dir='ltr' id='par_1_50' title="bbox 63 1545 896 1598">
     <span class='ocr_line' id='line_1_50' title="bbox 63 1545 896 1598; baseline 0.001 -10"><span class='ocrx_word' id='word_1_358' title='bbox 63 1545 265 1597; x_wconf 59' lang='grc' dir='ltr'>βασιλευοντων</span> <span class='ocrx_word' id='word_1_359' title='bbox 287 1545 424 1598; x_wconf 77' lang='grc' dir='ltr'>λάϐωμεν,</span> <span class='ocrx_word' id='word_1_360' title='bbox 436 1563 467 1589; x_wconf 84' lang='grc' dir='ltr'>οὺ</span> <span class='ocrx_word' id='word_1_361' title='bbox 479 1545 589 1598; x_wconf 44' lang='grc' dir='ltr'>τρυφὴ,</span> <span class='ocrx_word' id='word_1_362' title='bbox 605 1562 674 1590; x_wconf 72' lang='grc' dir='ltr'>ἀλλὰ</span> <span class='ocrx_word' id='word_1_363' title='bbox 690 1561 778 1598; x_wconf 79' lang='grc' dir='ltr'>τροφὴ</span> <span class='ocrx_word' id='word_1_364' title='bbox 790 1570 863 1589; x_wconf 84' lang='grc' dir='ltr'>σκω-</span> <span class='ocrx_word' id='word_1_365' title='bbox 875 1545 896 1574; x_wconf 77' lang='lat' dir='ltr'><strong>C</strong></span> 
     </span>
    </p>
   </div>
   <div class='ocr_carea' id='block_1_51' title="bbox 63 1607 862 1642">
    <p class='ocr_par' dir='ltr' id='par_1_51' title="bbox 63 1607 862 1642">
     <span class='ocr_line' id='line_1_51' title="bbox 63 1607 862 1642; baseline 0.001 -9"><span class='ocrx_word' id='word_1_366' title='bbox 63 1607 157 1641; x_wconf 85' lang='grc' dir='ltr'>λήκων</span> <span class='ocrx_word' id='word_1_367' title='bbox 176 1607 193 1642; x_wconf 89' lang='grc' dir='ltr'><strong>ή</strong></span> <span class='ocrx_word' id='word_1_368' title='bbox 210 1607 363 1638; x_wconf 84' lang='grc' dir='ltr'>ἀπόλαυσις</span> <span class='ocrx_word' id='word_1_369' title='bbox 378 1607 481 1639; x_wconf 84' lang='grc' dir='ltr'>αὐτῶν,</span> <span class='ocrx_word' id='word_1_370' title='bbox 494 1607 555 1634; x_wconf 79' lang='grc' dir='ltr'>οὐδὲ</span> <span class='ocrx_word' id='word_1_371' title='bbox 569 1608 684 1640; x_wconf 80' lang='grc' dir='ltr'>εὐζωῖα,</span> <span class='ocrx_word' id='word_1_372' title='bbox 702 1607 771 1634; x_wconf 84' lang='grc' dir='ltr'>ἀλλὰ</span> <span class='ocrx_word' id='word_1_373' title='bbox 797 1607 862 1634; x_wconf 78' lang='grc' dir='ltr'>δυσ·</span> 
     </span>
    </p>
   </div>
   <div class='ocr_carea' id='block_1_52' title="bbox 64 1652 859 1689">
    <p class='ocr_par' dir='ltr' id='par_1_52' title="bbox 64 1652 859 1689">
     <span class='ocr_line' id='line_1_52' title="bbox 64 1652 859 1689; baseline 0.001 -10"><span class='ocrx_word' id='word_1_374' title='bbox 64 1652 134 1684; x_wconf 82' lang='grc' dir='ltr'>ζωῖα</span> <span class='ocrx_word' id='word_1_375' title='bbox 150 1654 168 1688; x_wconf 82' lang='grc' dir='ltr'><strong>ή</strong></span> <span class='ocrx_word' id='word_1_376' title='bbox 182 1653 275 1685; x_wconf 78' lang='grc' dir='ltr'>ἄνεσις</span> <span class='ocrx_word' id='word_1_377' title='bbox 293 1653 393 1686; x_wconf 81' lang='grc' dir='ltr'>αὐτῶν,</span> <span class='ocrx_word' id='word_1_378' title='bbox 414 1653 474 1680; x_wconf 81' lang='grc' dir='ltr'>οὐδὲ</span> <span class='ocrx_word' id='word_1_379' title='bbox 488 1653 572 1689; x_wconf 76' lang='grc' dir='ltr'>χαρὰ,</span> <span class='ocrx_word' id='word_1_380' title='bbox 588 1653 657 1681; x_wconf 79' lang='grc' dir='ltr'>ἀλλὰ</span> <span class='ocrx_word' id='word_1_381' title='bbox 664 1654 737 1688; x_wconf 86' lang='grc' dir='ltr'>λύπη</span> <span class='ocrx_word' id='word_1_382' title='bbox 750 1654 859 1689; x_wconf 86' lang='grc' dir='ltr'>ἡχαρο-</span> 
     </span>
    </p>
   </div>
   <div class='ocr_carea' id='block_1_53' title="bbox 64 1699 859 1735">
    <p class='ocr_par' dir='ltr' id='par_1_53' title="bbox 64 1699 859 1735">
     <span class='ocr_line' id='line_1_53' title="bbox 64 1699 859 1735; baseline 0 -9"><span class='ocrx_word' id='word_1_383' title='bbox 64 1699 177 1734; x_wconf 80' lang='grc' dir='ltr'>ποίησις</span> <span class='ocrx_word' id='word_1_384' title='bbox 195 1699 296 1732; x_wconf 82' lang='grc' dir='ltr'>αὐτῶν,</span> <span class='ocrx_word' id='word_1_385' title='bbox 323 1700 384 1726; x_wconf 82' lang='grc' dir='ltr'>οὐδὲ</span> <span class='ocrx_word' id='word_1_386' title='bbox 410 1699 587 1735; x_wconf 79' lang='grc' dir='ltr'>κατάσχεσις,</span> <span class='ocrx_word' id='word_1_387' title='bbox 603 1699 672 1726; x_wconf 79' lang='grc' dir='ltr'>ἀλλὰ</span> <span class='ocrx_word' id='word_1_388' title='bbox 685 1699 859 1735; x_wconf 85' lang='grc' dir='ltr'>ἀπόσχεσιςὴ</span> 
     </span>
    </p>
   </div>
   <div class='ocr_carea' id='block_1_54' title="bbox 65 1745 862 1782">
    <p class='ocr_par' dir='ltr' id='par_1_54' title="bbox 65 1745 862 1782">
     <span class='ocr_line' id='line_1_54' title="bbox 65 1745 862 1782; baseline 0.001 -11"><span class='ocrx_word' id='word_1_389' title='bbox 65 1745 237 1781; x_wconf 79' lang='grc' dir='ltr'>κληρονομία</span> <span class='ocrx_word' id='word_1_390' title='bbox 245 1745 345 1778; x_wconf 79' lang='grc' dir='ltr'>αὐτῶν,</span> <span class='ocrx_word' id='word_1_391' title='bbox 359 1746 407 1772; x_wconf 68' lang='grc' dir='ltr'>καὶ</span> <span class='ocrx_word' id='word_1_392' title='bbox 413 1745 498 1777; x_wconf 76' lang='grc' dir='ltr'>ὅντως</span> <span class='ocrx_word' id='word_1_393' title='bbox 514 1745 662 1782; x_wconf 87' lang='grc' dir='ltr'>ματαιότης</span> <span class='ocrx_word' id='word_1_394' title='bbox 672 1746 862 1781; x_wconf 80' lang='grc' dir='ltr'>ματαιοτήτων</span> 
     </span>
    </p>
   </div>
   <div class='ocr_carea' id='block_1_55' title="bbox 64 1791 862 1828">
    <p class='ocr_par' dir='ltr' id='par_1_55' title="bbox 64 1791 862 1828">
     <span class='ocr_line' id='line_1_55' title="bbox 64 1791 862 1828; baseline 0 -10"><span class='ocrx_word' id='word_1_395' title='bbox 64 1793 80 1827; x_wconf 76' lang='grc' dir='ltr'><strong>η</strong></span> <span class='ocrx_word' id='word_1_396' title='bbox 95 1792 258 1828; x_wconf 71' lang='grc' dir='ltr'>εὐδαιμονία</span> <span class='ocrx_word' id='word_1_397' title='bbox 273 1792 374 1819; x_wconf 85' lang='grc' dir='ltr'>αὐτῶν.</span> <span class='ocrx_word' id='word_1_398' title='bbox 391 1791 484 1825; x_wconf 74' lang='grc' dir='ltr'>Οὕτως</span> <span class='ocrx_word' id='word_1_399' title='bbox 501 1793 515 1819; x_wconf 83' lang='grc' dir='ltr'><strong>ὁ</strong></span> <span class='ocrx_word' id='word_1_400' title='bbox 548 1792 649 1827; x_wconf 77' lang='grc' dir='ltr'>μείζων</span> <span class='ocrx_word' id='word_1_401' title='bbox 669 1792 759 1819; x_wconf 80' lang='grc' dir='ltr'>αὐτῶν</span> <span class='ocrx_word' id='word_1_402' title='bbox 786 1792 862 1826; x_wconf 80' lang='grc' dir='ltr'>βασι-</span> 
     </span>
    </p>
   </div>
   <div class='ocr_carea' id='block_1_56' title="bbox 65 1838 861 1874">
    <p class='ocr_par' dir='ltr' id='par_1_56' title="bbox 65 1838 861 1874">
     <span class='ocr_line' id='line_1_56' title="bbox 65 1838 861 1874; baseline 0 -9"><span class='ocrx_word' id='word_1_403' title='bbox 65 1839 177 1871; x_wconf 82' lang='grc' dir='ltr'>λεὺσας,</span> <span class='ocrx_word' id='word_1_404' title='bbox 194 1839 243 1865; x_wconf 76' lang='grc' dir='ltr'>καὶ</span> <span class='ocrx_word' id='word_1_405' title='bbox 268 1838 323 1866; x_wconf 81' lang='grc' dir='ltr'><strong>τῶν</strong></span> <span class='ocrx_word' id='word_1_406' title='bbox 352 1838 439 1874; x_wconf 80' lang='grc' dir='ltr'>ἡδέων</span> <span class='ocrx_word' id='word_1_407' title='bbox 466 1838 516 1866; x_wconf 81' lang='grc' dir='ltr'><strong>τοῦ</strong></span> <span class='ocrx_word' id='word_1_408' title='bbox 551 1839 656 1873; x_wconf 81' lang='grc' dir='ltr'>κόσμου</span> <span class='ocrx_word' id='word_1_409' title='bbox 683 1839 861 1866; x_wconf 79' lang='grc' dir='ltr'>ἀπολαύσεων</span> 
     </span>
    </p>
   </div>
   <div class='ocr_carea' id='block_1_57' title="bbox 64 1883 862 1920">
    <p class='ocr_par' dir='ltr' id='par_1_57' title="bbox 64 1883 862 1920">
     <span class='ocr_line' id='line_1_57' title="bbox 64 1883 862 1920; baseline 0.001 -11"><span class='ocrx_word' id='word_1_410' title='bbox 64 1884 218 1920; x_wconf 74' lang='grc' dir='ltr'>προείρηκε</span> <span class='ocrx_word' id='word_1_411' title='bbox 246 1883 383 1919; x_wconf 81' lang='grc' dir='ltr'>Σολομὼν.</span> <span class='ocrx_word' id='word_1_412' title='bbox 417 1884 515 1919; x_wconf 83' lang='grc' dir='ltr'>Ἔχετε</span> <span class='ocrx_word' id='word_1_413' title='bbox 537 1884 566 1911; x_wconf 76' lang='grc' dir='ltr'>δὲ</span> <span class='ocrx_word' id='word_1_414' title='bbox 592 1885 673 1920; x_wconf 82' lang='grc' dir='ltr'>ὑμεῖς</span> <span class='ocrx_word' id='word_1_415' title='bbox 704 1884 753 1920; x_wconf 86' lang='grc' dir='ltr'>τὴν</span> <span class='ocrx_word' id='word_1_416' title='bbox 779 1883 862 1920; x_wconf 84' lang='grc' dir='ltr'>φίλην</span> 
     </span>
    </p>
   </div>
   <div class='ocr_carea' id='block_1_58' title="bbox 64 1929 862 1966">
    <p class='ocr_par' dir='ltr' id='par_1_58' title="bbox 64 1929 862 1966">
     <span class='ocr_line' id='line_1_58' title="bbox 64 1929 862 1966; baseline 0.001 -10"><span class='ocrx_word' id='word_1_417' title='bbox 64 1929 145 1965; x_wconf 81' lang='grc' dir='ltr'>ὑμῶν</span> <span class='ocrx_word' id='word_1_418' title='bbox 159 1930 336 1965; x_wconf 68' lang='grc' dir='ltr'>ἐγκράτειαν,</span> <span class='ocrx_word' id='word_1_419' title='bbox 351 1929 402 1966; x_wconf 85' lang='grc' dir='ltr'>τὴν</span> <span class='ocrx_word' id='word_1_420' title='bbox 424 1929 542 1963; x_wconf 79' lang='grc' dir='ltr'>σύζυγον</span> <span class='ocrx_word' id='word_1_421' title='bbox 572 1930 708 1966; x_wconf 82' lang='grc' dir='ltr'>ὑπακοὴν,</span> <span class='ocrx_word' id='word_1_422' title='bbox 738 1930 789 1962; x_wconf 79' lang='grc' dir='ltr'><strong>τὰς</strong></span> <span class='ocrx_word' id='word_1_423' title='bbox 814 1930 862 1957; x_wconf 85' lang='grc' dir='ltr'>θυ-</span> 
     </span>
    </p>
   </div>
   <div class='ocr_carea' id='block_1_59' title="bbox 63 1978 861 2015">
    <p class='ocr_par' dir='ltr' id='par_1_59' title="bbox 63 1978 861 2015">
     <span class='ocr_line' id='line_1_59' title="bbox 63 1978 861 2015; baseline 0 -10"><span class='ocrx_word' id='word_1_424' title='bbox 63 1978 188 2013; x_wconf 80' lang='grc' dir='ltr'>γατέρας</span> <span class='ocrx_word' id='word_1_425' title='bbox 211 1978 259 2005; x_wconf 77' lang='grc' dir='ltr'>τοῦ</span> <span class='ocrx_word' id='word_1_426' title='bbox 273 1979 390 2015; x_wconf 83' lang='grc' dir='ltr'>Κυρίου,</span> <span class='ocrx_word' id='word_1_427' title='bbox 407 1978 457 2014; x_wconf 77' lang='grc' dir='ltr'>τὴν</span> <span class='ocrx_word' id='word_1_428' title='bbox 470 1979 592 2013; x_wconf 81' lang='grc' dir='ltr'>ἁγνείαν,</span> <span class='ocrx_word' id='word_1_429' title='bbox 620 1979 671 2013; x_wconf 87' lang='grc' dir='ltr'>τὴν</span> <span class='ocrx_word' id='word_1_430' title='bbox 700 1978 861 2013; x_wconf 82' lang='grc' dir='ltr'>παρθενίαν,</span> 
     </span>
    </p>
   </div>
   <div class='ocr_carea' id='block_1_60' title="bbox 63 2023 862 2060">
    <p class='ocr_par' dir='ltr' id='par_1_60' title="bbox 63 2023 862 2060">
     <span class='ocr_line' id='line_1_60' title="bbox 63 2023 862 2060; baseline 0.001 -11"><span class='ocrx_word' id='word_1_431' title='bbox 63 2024 115 2058; x_wconf 80' lang='grc' dir='ltr'>τὴν</span> <span class='ocrx_word' id='word_1_432' title='bbox 133 2023 323 2059; x_wconf 72' lang='grc' dir='ltr'>ἐλεημοσύνην</span> <span class='ocrx_word' id='word_1_433' title='bbox 334 2043 342 2056; x_wconf 90' lang='grc'><strong>,</strong></span> <span class='ocrx_word' id='word_1_434' title='bbox 356 2023 406 2056; x_wconf 81' lang='grc' dir='ltr'><strong>τὰς</strong></span> <span class='ocrx_word' id='word_1_435' title='bbox 423 2023 499 2060; x_wconf 80' lang='grc' dir='ltr'>ἱερὰς</span> <span class='ocrx_word' id='word_1_436' title='bbox 515 2024 648 2057; x_wconf 83' lang='grc' dir='ltr'>νεάνιδας,</span> <span class='ocrx_word' id='word_1_437' title='bbox 664 2024 714 2059; x_wconf 79' lang='grc' dir='ltr'>τὴν</span> <span class='ocrx_word' id='word_1_438' title='bbox 742 2023 862 2051; x_wconf 74' lang='grc' dir='ltr'>κατανυ-</span> 
     </span>
    </p>
   </div>
   <div class='ocr_carea' id='block_1_61' title="bbox 65 2069 864 2106">
    <p class='ocr_par' dir='ltr' id='par_1_61' title="bbox 65 2069 864 2106">
     <span class='ocr_line' id='line_1_61' title="bbox 65 2069 864 2106; baseline 0.001 -10"><span class='ocrx_word' id='word_1_439' title='bbox 65 2070 118 2102; x_wconf 64' lang='lat' dir='ltr'><strong>iw,</strong></span> <span class='ocrx_word' id='word_1_440' title='bbox 136 2069 188 2105; x_wconf 81' lang='grc' dir='ltr'>τὴν</span> <span class='ocrx_word' id='word_1_441' title='bbox 203 2070 379 2097; x_wconf 79' lang='grc' dir='ltr'>ταπείνωσιν.</span> <span class='ocrx_word' id='word_1_442' title='bbox 406 2070 590 2105; x_wconf 78' lang='grc' dir='ltr'>’Δναὸλέψατε</span> <span class='ocrx_word' id='word_1_443' title='bbox 605 2071 645 2102; x_wconf 84' lang='grc' dir='ltr'><strong>είς</strong></span> <span class='ocrx_word' id='word_1_444' title='bbox 675 2070 721 2097; x_wconf 81' lang='grc' dir='ltr'>τὸν</span> <span class='ocrx_word' id='word_1_445' title='bbox 747 2070 864 2106; x_wconf 79' lang='grc' dir='ltr'>οὐρανὸν</span> 
     </span>
    </p>
   </div>
   <div class='ocr_carea' id='block_1_62' title="bbox 64 2116 864 2153">
    <p class='ocr_par' dir='ltr' id='par_1_62' title="bbox 64 2116 864 2153">
     <span class='ocr_line' id='line_1_62' title="bbox 64 2116 864 2153; baseline 0.001 -10"><span class='ocrx_word' id='word_1_446' title='bbox 64 2118 133 2149; x_wconf 77' lang='grc' dir='ltr'>ἀνω,</span> <span class='ocrx_word' id='word_1_447' title='bbox 150 2118 200 2144; x_wconf 75' lang='grc' dir='ltr'>καὶ</span> <span class='ocrx_word' id='word_1_448' title='bbox 216 2116 286 2144; x_wconf 72' lang='grc' dir='ltr'>ἴδετε</span> <span class='ocrx_word' id='word_1_449' title='bbox 306 2116 358 2143; x_wconf 81' lang='grc' dir='ltr'><strong>ποῦ</strong></span> <span class='ocrx_word' id='word_1_450' title='bbox 377 2117 394 2152; x_wconf 81' lang='grc' dir='ltr'><strong>ἠ</strong></span> <span class='ocrx_word' id='word_1_451' title='bbox 410 2116 537 2144; x_wconf 80' lang='grc' dir='ltr'>κατοικία</span> <span class='ocrx_word' id='word_1_452' title='bbox 550 2117 640 2152; x_wconf 84' lang='grc' dir='ltr'>ἡμῶν,</span> <span class='ocrx_word' id='word_1_453' title='bbox 656 2117 704 2144; x_wconf 80' lang='grc' dir='ltr'>καὶ</span> <span class='ocrx_word' id='word_1_454' title='bbox 720 2117 773 2144; x_wconf 83' lang='grc' dir='ltr'>ποῦ</span> <span class='ocrx_word' id='word_1_455' title='bbox 789 2118 806 2153; x_wconf 79' lang='grc' dir='ltr'><strong>ἡ</strong></span> <span class='ocrx_word' id='word_1_456' title='bbox 818 2125 864 2143; x_wconf 86' lang='grc' dir='ltr'>κε-</span> 
     </span>
    </p>
   </div>
   <div class='ocr_carea' id='block_1_63' title="bbox 65 2162 862 2199">
    <p class='ocr_par' dir='ltr' id='par_1_63' title="bbox 65 2162 862 2199">
     <span class='ocr_line' id='line_1_63' title="bbox 65 2162 862 2199; baseline -0.001 -9"><span class='ocrx_word' id='word_1_457' title='bbox 65 2163 140 2199; x_wconf 79' lang='grc' dir='ltr'>φαλὴ</span> <span class='ocrx_word' id='word_1_458' title='bbox 154 2163 235 2199; x_wconf 79' lang='grc' dir='ltr'>ἡμῶν</span> <span class='ocrx_word' id='word_1_459' title='bbox 251 2164 266 2190; x_wconf 82' lang='grc' dir='ltr'><strong><em>ὁ</em></strong></span> <span class='ocrx_word' id='word_1_460' title='bbox 279 2162 410 2198; x_wconf 75' lang='grc' dir='ltr'>Χριστὸς,</span> <span class='ocrx_word' id='word_1_461' title='bbox 425 2163 474 2190; x_wconf 78' lang='grc' dir='ltr'>καὶ</span> <span class='ocrx_word' id='word_1_462' title='bbox 488 2163 502 2189; x_wconf 79' lang='grc' dir='ltr'><strong>ό</strong></span> <span class='ocrx_word' id='word_1_463' title='bbox 516 2163 606 2195; x_wconf 79' lang='grc' dir='ltr'>κοινὸς</span> <span class='ocrx_word' id='word_1_464' title='bbox 620 2162 716 2198; x_wconf 83' lang='grc' dir='ltr'>Πατὴρ</span> <span class='ocrx_word' id='word_1_465' title='bbox 741 2163 862 2195; x_wconf 83' lang='grc' dir='ltr'>πάντων,</span> 
     </span>
    </p>
   </div>
   <div class='ocr_carea' id='block_1_64' title="bbox 908 911 1704 952">
    <p class='ocr_par' dir='ltr' id='par_1_64' title="bbox 908 911 1704 952">
     <span class='ocr_line' id='line_1_64' title="bbox 908 911 1704 952; baseline -0.006 -8"><span class='ocrx_word' id='word_1_466' title='bbox 908 916 999 944; x_wconf 88' lang='lat' dir='ltr'><strong>rantia</strong></span> <span class='ocrx_word' id='word_1_467' title='bbox 1016 916 1239 952; x_wconf 82' lang='lat' dir='ltr'><strong>abstinentiaque</strong></span> <span class='ocrx_word' id='word_1_468' title='bbox 1251 916 1376 943; x_wconf 67' lang='lat' dir='ltr'><strong>laetarum</strong></span> <span class='ocrx_word' id='word_1_469' title='bbox 1391 921 1453 950; x_wconf 67' lang='lat' dir='ltr'><strong>quae</strong></span> <span class='ocrx_word' id='word_1_470' title='bbox 1467 915 1536 942; x_wconf 89' lang='lat' dir='ltr'><strong>tiunt</strong></span> <span class='ocrx_word' id='word_1_471' title='bbox 1556 913 1583 941; x_wconf 88' lang='lat' dir='ltr'><strong>in</strong></span> <span class='ocrx_word' id='word_1_472' title='bbox 1600 911 1704 940; x_wconf 88' lang='lat' dir='ltr'><strong>mundo</strong></span> 
     </span>
    </p>
   </div>
   <div class='ocr_carea' id='block_1_65' title="bbox 907 959 1704 996">
    <p class='ocr_par' dir='ltr' id='par_1_65' title="bbox 907 959 1704 996">
     <span class='ocr_line' id='line_1_65' title="bbox 907 959 1704 996; baseline -0.01 -3"><span class='ocrx_word' id='word_1_473' title='bbox 907 964 1002 993; x_wconf 82' lang='lat' dir='ltr'><strong>carnis</strong></span> <span class='ocrx_word' id='word_1_474' title='bbox 1038 962 1293 995; x_wconf 81' lang='lat' dir='ltr'><strong>comessationum,</strong></span> <span class='ocrx_word' id='word_1_475' title='bbox 1318 961 1375 989; x_wconf 91' lang='lat' dir='ltr'><strong>vini</strong></span> <span class='ocrx_word' id='word_1_476' title='bbox 1408 961 1566 996; x_wconf 82' lang='lat' dir='ltr'><strong>potionum,</strong></span> <span class='ocrx_word' id='word_1_477' title='bbox 1592 959 1704 987; x_wconf 85' lang='lat' dir='ltr'><strong>balneo-</strong></span> 
     </span>
    </p>
   </div>
   <div class='ocr_carea' id='block_1_66' title="bbox 908 1006 1704 1046">
    <p class='ocr_par' dir='ltr' id='par_1_66' title="bbox 908 1006 1704 1046">
     <span class='ocr_line' id='line_1_66' title="bbox 908 1006 1704 1046; baseline -0.01 -5"><span class='ocrx_word' id='word_1_478' title='bbox 908 1019 984 1046; x_wconf 85' lang='lat' dir='ltr'><strong>rum,</strong></span> <span class='ocrx_word' id='word_1_479' title='bbox 1005 1011 1205 1044; x_wconf 87' lang='lat' dir='ltr'><strong>caldariorum,</strong></span> <span class='ocrx_word' id='word_1_480' title='bbox 1224 1009 1427 1045; x_wconf 81' lang='lat' dir='ltr'><strong>exquisitorum</strong></span> <span class='ocrx_word' id='word_1_481' title='bbox 1443 1008 1582 1039; x_wconf 86' lang='lat' dir='ltr'><strong>cibornm,</strong></span> <span class='ocrx_word' id='word_1_482' title='bbox 1606 1006 1704 1034; x_wconf 91' lang='lat' dir='ltr'><strong>condi-</strong></span> 
     </span>
    </p>
   </div>
   <div class='ocr_carea' id='block_1_67' title="bbox 909 1051 1704 1093">
    <p class='ocr_par' dir='ltr' id='par_1_67' title="bbox 909 1051 1704 1093">
     <span class='ocr_line' id='line_1_67' title="bbox 909 1051 1704 1093; baseline -0.011 -6"><span class='ocrx_word' id='word_1_483' title='bbox 909 1063 1122 1093; x_wconf 83' lang='lat' dir='ltr'><strong>mentorumque</strong></span> <span class='ocrx_word' id='word_1_484' title='bbox 1135 1056 1227 1092; x_wconf 84' lang='lat' dir='ltr'><strong>parari</strong></span> <span class='ocrx_word' id='word_1_485' title='bbox 1244 1056 1324 1083; x_wconf 83' lang='lat' dir='ltr'><strong>vobis</strong></span> <span class='ocrx_word' id='word_1_486' title='bbox 1345 1055 1470 1083; x_wconf 88' lang='lat' dir='ltr'><strong>divinum</strong></span> <span class='ocrx_word' id='word_1_487' title='bbox 1487 1053 1655 1089; x_wconf 83' lang='lat' dir='ltr'><strong>paradisum,</strong></span> <span class='ocrx_word' id='word_1_488' title='bbox 1675 1051 1704 1078; x_wconf 93' lang='lat' dir='ltr'><strong>in</strong></span> 
     </span>
    </p>
   </div>
   <div class='ocr_carea' id='block_1_68' title="bbox 909 1097 1704 1142">
    <p class='ocr_par' dir='ltr' id='par_1_68' title="bbox 909 1097 1704 1142">
     <span class='ocr_line' id='line_1_68' title="bbox 909 1097 1704 1142; baseline -0.011 -9"><span class='ocrx_word' id='word_1_489' title='bbox 909 1113 964 1142; x_wconf 90' lang='lat' dir='ltr'><strong>quo</strong></span> <span class='ocrx_word' id='word_1_490' title='bbox 989 1105 1097 1140; x_wconf 68' lang='lat' dir='ltr'><strong>signum</strong></span> <span class='ocrx_word' id='word_1_491' title='bbox 1128 1103 1202 1136; x_wconf 80' lang='lat' dir='ltr'><strong>vitae,</strong></span> <span class='ocrx_word' id='word_1_492' title='bbox 1229 1109 1300 1136; x_wconf 87' lang='lat' dir='ltr'><strong>aqua</strong></span> <span class='ocrx_word' id='word_1_493' title='bbox 1332 1100 1560 1130; x_wconf 85' lang='lat' dir='ltr'><strong>immortalitatis,</strong></span> <span class='ocrx_word' id='word_1_494' title='bbox 1587 1097 1704 1126; x_wconf 86' lang='lat' dir='ltr'><strong>dulcedo</strong></span> 
     </span>
    </p>
   </div>
   <div class='ocr_carea' id='block_1_69' title="bbox 910 1143 1705 1187">
    <p class='ocr_par' dir='ltr' id='par_1_69' title="bbox 910 1143 1705 1187">
     <span class='ocr_line' id='line_1_69' title="bbox 910 1143 1705 1187; baseline -0.014 -7"><span class='ocrx_word' id='word_1_495' title='bbox 910 1151 1038 1187; x_wconf 79' lang='lat' dir='ltr'><strong>spiritus,</strong></span> <span class='ocrx_word' id='word_1_496' title='bbox 1051 1154 1078 1177; x_wconf 89' lang='lat' dir='ltr'><strong>et</strong></span> <span class='ocrx_word' id='word_1_497' title='bbox 1095 1147 1301 1183; x_wconf 88' lang='lat' dir='ltr'><strong>pulcherrimus</strong></span> <span class='ocrx_word' id='word_1_498' title='bbox 1317 1154 1406 1182; x_wconf 90' lang='lat' dir='ltr'><strong>neque</strong></span> <span class='ocrx_word' id='word_1_499' title='bbox 1422 1150 1482 1173; x_wconf 87' lang='lat' dir='ltr'><strong>arte</strong></span> <span class='ocrx_word' id='word_1_500' title='bbox 1495 1151 1583 1180; x_wconf 83' lang='lat' dir='ltr'><strong>neque</strong></span> <span class='ocrx_word' id='word_1_501' title='bbox 1599 1143 1705 1179; x_wconf 75' lang='lat' dir='ltr'><strong>cogita-</strong></span> 
     </span>
    </p>
   </div>
   <div class='ocr_carea' id='block_1_70' title="bbox 911 1189 1703 1229">
    <p class='ocr_par' dir='ltr' id='par_1_70' title="bbox 911 1189 1703 1229">
     <span class='ocr_line' id='line_1_70' title="bbox 911 1189 1703 1229; baseline -0.013 -6"><span class='ocrx_word' id='word_1_502' title='bbox 911 1196 986 1223; x_wconf 88' lang='lat' dir='ltr'><strong>tione</strong></span> <span class='ocrx_word' id='word_1_503' title='bbox 997 1191 1198 1229; x_wconf 86' lang='lat' dir='ltr'><strong>concipiendus</strong></span> <span class='ocrx_word' id='word_1_504' title='bbox 1207 1191 1284 1219; x_wconf 89' lang='lat' dir='ltr'><strong>color</strong></span> <span class='ocrx_word' id='word_1_505' title='bbox 1295 1196 1463 1218; x_wconf 73' lang='lat' dir='ltr'><strong>aeternorum</strong></span> <span class='ocrx_word' id='word_1_506' title='bbox 1477 1189 1613 1216; x_wconf 89' lang='lat' dir='ltr'><strong>bonorum</strong></span> <span class='ocrx_word' id='word_1_507' title='bbox 1629 1195 1703 1222; x_wconf 73' lang='lat' dir='ltr'><strong>qum,</strong></span> 
     </span>
    </p>
   </div>
   <div class='ocr_carea' id='block_1_71' title="bbox 911 1233 1700 1277">
    <p class='ocr_par' dir='ltr' id='par_1_71' title="bbox 911 1233 1700 1277">
     <span class='ocr_line' id='line_1_71' title="bbox 911 1233 1700 1277; baseline -0.013 -8"><span class='ocrx_word' id='word_1_508' title='bbox 911 1246 1057 1277; x_wconf 85' lang='lat' dir='ltr'><strong>postquam</strong></span> <span class='ocrx_word' id='word_1_509' title='bbox 1072 1239 1131 1266; x_wconf 84' lang='lat' dir='ltr'><strong>visa</strong></span> <span class='ocrx_word' id='word_1_510' title='bbox 1146 1237 1389 1271; x_wconf 84' lang='lat' dir='ltr'><strong>contemplataque</strong></span> <span class='ocrx_word' id='word_1_511' title='bbox 1405 1234 1473 1266; x_wconf 88' lang='lat' dir='ltr'><strong>sint,</strong></span> <span class='ocrx_word' id='word_1_512' title='bbox 1488 1240 1577 1268; x_wconf 87' lang='lat' dir='ltr'><strong>neque</strong></span> <span class='ocrx_word' id='word_1_513' title='bbox 1591 1233 1700 1260; x_wconf 84' lang='lat' dir='ltr'><strong>narrari</strong></span> 
     </span>
    </p>
   </div>
   <div class='ocr_carea' id='block_1_72' title="bbox 911 1277 1703 1323">
    <p class='ocr_par' dir='ltr' id='par_1_72' title="bbox 911 1277 1703 1323">
     <span class='ocr_line' id='line_1_72' title="bbox 911 1277 1703 1323; baseline -0.013 -8"><span class='ocrx_word' id='word_1_514' title='bbox 911 1294 1001 1323; x_wconf 88' lang='lat' dir='ltr'><strong>neque</strong></span> <span class='ocrx_word' id='word_1_515' title='bbox 1018 1285 1091 1321; x_wconf 74' lang='lat' dir='ltr'><strong>pingi</strong></span> <span class='ocrx_word' id='word_1_516' title='bbox 1110 1287 1244 1319; x_wconf 81' lang='lat' dir='ltr'><strong>possunt;</strong></span> <span class='ocrx_word' id='word_1_517' title='bbox 1259 1282 1393 1317; x_wconf 86' lang='lat' dir='ltr'><strong>vobisque</strong></span> <span class='ocrx_word' id='word_1_518' title='bbox 1406 1277 1567 1308; x_wconf 83' lang='lat' dir='ltr'><strong>deliciosam</strong></span> <span class='ocrx_word' id='word_1_519' title='bbox 1581 1279 1703 1307; x_wconf 88' lang='lat' dir='ltr'><strong>onmium</strong></span> 
     </span>
    </p>
   </div>
   <div class='ocr_carea' id='block_1_73' title="bbox 912 1327 1706 1362">
    <p class='ocr_par' dir='ltr' id='par_1_73' title="bbox 912 1327 1706 1362">
     <span class='ocr_line' id='line_1_73' title="bbox 912 1327 1706 1362; baseline -0.011 0"><span class='ocrx_word' id='word_1_520' title='bbox 912 1335 1012 1362; x_wconf 87' lang='lat' dir='ltr'><strong>harum</strong></span> <span class='ocrx_word' id='word_1_521' title='bbox 1029 1332 1188 1360; x_wconf 77' lang='lat' dir='ltr'><strong>divitiarum</strong></span> <span class='ocrx_word' id='word_1_522' title='bbox 1204 1329 1367 1358; x_wconf 90' lang='lat' dir='ltr'><strong>fruitionem</strong></span> <span class='ocrx_word' id='word_1_523' title='bbox 1392 1328 1540 1356; x_wconf 85' lang='lat' dir='ltr'><strong>reservari.</strong></span> <span class='ocrx_word' id='word_1_524' title='bbox 1559 1327 1706 1354; x_wconf 87' lang='lat' dir='ltr'><strong>Sustinen-</strong></span> 
     </span>
    </p>
   </div>
   <div class='ocr_carea' id='block_1_74' title="bbox 912 1373 1704 1412">
    <p class='ocr_par' dir='ltr' id='par_1_74' title="bbox 912 1373 1704 1412">
     <span class='ocr_line' id='line_1_74' title="bbox 912 1373 1704 1412; baseline -0.009 -6"><span class='ocrx_word' id='word_1_525' title='bbox 912 1385 952 1407; x_wconf 85' lang='lat' dir='ltr'><strong>tes</strong></span> <span class='ocrx_word' id='word_1_526' title='bbox 975 1378 1021 1405; x_wconf 89' lang='lat' dir='ltr'><strong>hic</strong></span> <span class='ocrx_word' id='word_1_527' title='bbox 1049 1377 1202 1412; x_wconf 83' lang='lat' dir='ltr'><strong>paululum,</strong></span> <span class='ocrx_word' id='word_1_528' title='bbox 1234 1381 1369 1411; x_wconf 90' lang='lat' dir='ltr'><strong>quantum</strong></span> <span class='ocrx_word' id='word_1_529' title='bbox 1400 1381 1490 1410; x_wconf 89' lang='lat' dir='ltr'><strong>usque</strong></span> <span class='ocrx_word' id='word_1_530' title='bbox 1515 1373 1549 1401; x_wconf 89' lang='lat' dir='ltr'><strong>ad</strong></span> <span class='ocrx_word' id='word_1_531' title='bbox 1578 1376 1704 1405; x_wconf 83' lang='lat' dir='ltr'><strong>mortem,</strong></span> 
     </span>
    </p>
   </div>
   <div class='ocr_carea' id='block_1_75' title="bbox 912 1419 1704 1458">
    <p class='ocr_par' dir='ltr' id='par_1_75' title="bbox 912 1419 1704 1458">
     <span class='ocr_line' id='line_1_75' title="bbox 912 1419 1704 1458; baseline -0.009 -5"><span class='ocrx_word' id='word_1_532' title='bbox 912 1423 1103 1454; x_wconf 85' lang='lat' dir='ltr'><strong>insatiabiliter</strong></span> <span class='ocrx_word' id='word_1_533' title='bbox 1118 1427 1306 1458; x_wconf 65' lang='lat' dir='ltr'><strong>aeternumque</strong></span> <span class='ocrx_word' id='word_1_534' title='bbox 1323 1420 1528 1449; x_wconf 83' lang='lat' dir='ltr'><strong>manducabitis</strong></span> <span class='ocrx_word' id='word_1_535' title='bbox 1551 1423 1579 1448; x_wconf 88' lang='lat' dir='ltr'><strong>et</strong></span> <span class='ocrx_word' id='word_1_536' title='bbox 1594 1419 1704 1447; x_wconf 85' lang='lat' dir='ltr'><strong>bibetis.</strong></span> 
     </span>
    </p>
   </div>
   <div class='ocr_carea' id='block_1_76' title="bbox 949 1503 1706 1545">
    <p class='ocr_par' dir='ltr' id='par_1_76' title="bbox 949 1503 1706 1545">
     <span class='ocr_line' id='line_1_76' title="bbox 949 1503 1706 1545; baseline -0.008 -3"><span class='ocrx_word' id='word_1_537' title='bbox 949 1513 1055 1542; x_wconf 84' lang='lat' dir='ltr'><strong>Etenim</strong></span> <span class='ocrx_word' id='word_1_538' title='bbox 1081 1513 1136 1544; x_wconf 88' lang='lat' dir='ltr'><strong>hic,</strong></span> <span class='ocrx_word' id='word_1_539' title='bbox 1164 1511 1212 1539; x_wconf 82' lang='lat' dir='ltr'><strong>filii</strong></span> <span class='ocrx_word' id='word_1_540' title='bbox 1242 1510 1307 1544; x_wconf 87' lang='lat' dir='ltr'><strong>mei,</strong></span> <span class='ocrx_word' id='word_1_541' title='bbox 1330 1510 1353 1539; x_wconf 90' lang='lat' dir='ltr'><strong>si</strong></span> <span class='ocrx_word' id='word_1_542' title='bbox 1377 1503 1500 1545; x_wconf 40' lang='lat' dir='ltr'><strong>ah&#39;ipsis</strong></span> <span class='ocrx_word' id='word_1_543' title='bbox 1526 1509 1638 1545; x_wconf 73' lang='lat' dir='ltr'><strong>regibus</strong></span> <span class='ocrx_word' id='word_1_544' title='bbox 1655 1516 1706 1536; x_wconf 92' lang='lat' dir='ltr'><strong>au-</strong></span> 
     </span>
    </p>
   </div>
   <div class='ocr_carea' id='block_1_77' title="bbox 913 1555 1705 1593">
    <p class='ocr_par' dir='ltr' id='par_1_77' title="bbox 913 1555 1705 1593">
     <span class='ocr_line' id='line_1_77' title="bbox 913 1555 1705 1593; baseline -0.008 -5"><span class='ocrx_word' id='word_1_545' title='bbox 913 1560 1042 1593; x_wconf 76' lang='lat' dir='ltr'><strong>diamus,</strong></span> <span class='ocrx_word' id='word_1_546' title='bbox 1074 1566 1171 1586; x_wconf 91' lang='lat' dir='ltr'><strong>eorum</strong></span> <span class='ocrx_word' id='word_1_547' title='bbox 1207 1565 1262 1585; x_wconf 93' lang='lat' dir='ltr'><strong>non</strong></span> <span class='ocrx_word' id='word_1_548' title='bbox 1291 1556 1396 1585; x_wconf 75' lang='lat' dir='ltr'><strong>delicia:</strong></span> <span class='ocrx_word' id='word_1_549' title='bbox 1426 1556 1474 1584; x_wconf 88' lang='lat' dir='ltr'><strong>sed</strong></span> <span class='ocrx_word' id='word_1_550' title='bbox 1504 1555 1705 1583; x_wconf 88' lang='lat' dir='ltr'><strong>lnmbricorum</strong></span> 
     </span>
    </p>
   </div>
   <div class='ocr_carea' id='block_1_78' title="bbox 914 1601 1705 1640">
    <p class='ocr_par' dir='ltr' id='par_1_78' title="bbox 914 1601 1705 1640">
     <span class='ocr_line' id='line_1_78' title="bbox 914 1601 1705 1640; baseline -0.008 -6"><span class='ocrx_word' id='word_1_551' title='bbox 914 1606 1029 1634; x_wconf 80' lang='lat' dir='ltr'><strong>nutritio</strong></span> <span class='ocrx_word' id='word_1_552' title='bbox 1051 1604 1179 1640; x_wconf 83' lang='lat' dir='ltr'><strong>voluptas</strong></span> <span class='ocrx_word' id='word_1_553' title='bbox 1200 1608 1259 1636; x_wconf 88' lang='lat' dir='ltr'><strong>est,</strong></span> <span class='ocrx_word' id='word_1_554' title='bbox 1285 1609 1341 1630; x_wconf 91' lang='lat' dir='ltr'><strong>non</strong></span> <span class='ocrx_word' id='word_1_555' title='bbox 1367 1601 1433 1629; x_wconf 89' lang='lat' dir='ltr'><strong>felix</strong></span> <span class='ocrx_word' id='word_1_556' title='bbox 1460 1602 1508 1630; x_wconf 83' lang='lat' dir='ltr'><strong>sed</strong></span> <span class='ocrx_word' id='word_1_557' title='bbox 1534 1601 1629 1630; x_wconf 83' lang='lat' dir='ltr'><strong>infelix</strong></span> <span class='ocrx_word' id='word_1_558' title='bbox 1652 1602 1705 1629; x_wconf 83' lang='lat' dir='ltr'><strong>vita</strong></span> 
     </span>
    </p>
   </div>
   <div class='ocr_carea' id='block_1_79' title="bbox 915 1647 1706 1683">
    <p class='ocr_par' dir='ltr' id='par_1_79' title="bbox 915 1647 1706 1683">
     <span class='ocr_line' id='line_1_79' title="bbox 915 1647 1706 1683; baseline -0.008 -4"><span class='ocrx_word' id='word_1_559' title='bbox 915 1652 1054 1683; x_wconf 86' lang='lat' dir='ltr'><strong>mollities,</strong></span> <span class='ocrx_word' id='word_1_560' title='bbox 1078 1658 1133 1677; x_wconf 90' lang='lat' dir='ltr'><strong>non</strong></span> <span class='ocrx_word' id='word_1_561' title='bbox 1161 1649 1256 1677; x_wconf 67' lang='lat' dir='ltr'><strong>laetitia</strong></span> <span class='ocrx_word' id='word_1_562' title='bbox 1287 1649 1335 1677; x_wconf 90' lang='lat' dir='ltr'><strong>sed</strong></span> <span class='ocrx_word' id='word_1_563' title='bbox 1364 1647 1455 1676; x_wconf 89' lang='lat' dir='ltr'><strong>luctus</strong></span> <span class='ocrx_word' id='word_1_564' title='bbox 1484 1648 1626 1683; x_wconf 74' lang='lat' dir='ltr'><strong>gaudium,</strong></span> <span class='ocrx_word' id='word_1_565' title='bbox 1653 1654 1706 1674; x_wconf 92' lang='lat' dir='ltr'><strong>non</strong></span> 
     </span>
    </p>
   </div>
   <div class='ocr_carea' id='block_1_80' title="bbox 915 1693 1708 1734">
    <p class='ocr_par' dir='ltr' id='par_1_80' title="bbox 915 1693 1708 1734">
     <span class='ocr_line' id='line_1_80' title="bbox 915 1693 1708 1734; baseline -0.008 -8"><span class='ocrx_word' id='word_1_566' title='bbox 915 1699 1061 1734; x_wconf 88' lang='lat' dir='ltr'><strong>occupatio</strong></span> <span class='ocrx_word' id='word_1_567' title='bbox 1085 1698 1131 1726; x_wconf 87' lang='lat' dir='ltr'><strong>sed</strong></span> <span class='ocrx_word' id='word_1_568' title='bbox 1149 1697 1274 1732; x_wconf 78' lang='lat' dir='ltr'><strong>expulsio</strong></span> <span class='ocrx_word' id='word_1_569' title='bbox 1294 1695 1452 1728; x_wconf 69' lang='lat' dir='ltr'><strong>haareditas,</strong></span> <span class='ocrx_word' id='word_1_570' title='bbox 1475 1700 1503 1723; x_wconf 91' lang='lat' dir='ltr'><strong>et</strong></span> <span class='ocrx_word' id='word_1_571' title='bbox 1523 1702 1586 1722; x_wconf 84' lang='lat' dir='ltr'><strong>vere</strong></span> <span class='ocrx_word' id='word_1_572' title='bbox 1601 1693 1708 1721; x_wconf 87' lang='lat' dir='ltr'><strong>vanitas</strong></span> 
     </span>
    </p>
   </div>
   <div class='ocr_carea' id='block_1_81' title="bbox 915 1738 1707 1776">
    <p class='ocr_par' dir='ltr' id='par_1_81' title="bbox 915 1738 1707 1776">
     <span class='ocr_line' id='line_1_81' title="bbox 915 1738 1707 1776; baseline -0.008 -5"><span class='ocrx_word' id='word_1_573' title='bbox 915 1744 1069 1771; x_wconf 87' lang='lat' dir='ltr'><strong>vanitatum</strong></span> <span class='ocrx_word' id='word_1_574' title='bbox 1085 1742 1210 1770; x_wconf 82' lang='lat' dir='ltr'><strong>felicitas.</strong></span> <span class='ocrx_word' id='word_1_575' title='bbox 1227 1740 1274 1769; x_wconf 89' lang='lat' dir='ltr'><strong>Sic</strong></span> <span class='ocrx_word' id='word_1_576' title='bbox 1289 1741 1340 1769; x_wconf 91' lang='lat' dir='ltr'><strong>iste</strong></span> <span class='ocrx_word' id='word_1_577' title='bbox 1361 1741 1409 1776; x_wconf 90' lang='lat' dir='ltr'><strong>qui</strong></span> <span class='ocrx_word' id='word_1_578' title='bbox 1426 1740 1546 1768; x_wconf 63' lang='lat' dir='ltr'><strong>maxima</strong></span> <span class='ocrx_word' id='word_1_579' title='bbox 1564 1747 1627 1767; x_wconf 90' lang='lat' dir='ltr'><strong>cum</strong></span> <span class='ocrx_word' id='word_1_580' title='bbox 1647 1738 1707 1774; x_wconf 71' lang='lat' dir='ltr'><strong>glo-</strong></span> 
     </span>
    </p>
   </div>
   <div class='ocr_carea' id='block_1_82' title="bbox 915 1785 1707 1825">
    <p class='ocr_par' dir='ltr' id='par_1_82' title="bbox 915 1785 1707 1825">
     <span class='ocr_line' id='line_1_82' title="bbox 915 1785 1707 1825; baseline -0.009 -6"><span class='ocrx_word' id='word_1_581' title='bbox 915 1792 956 1819; x_wconf 88' lang='lat' dir='ltr'><strong>ria</strong></span> <span class='ocrx_word' id='word_1_582' title='bbox 973 1790 1106 1825; x_wconf 82' lang='lat' dir='ltr'><strong>regnavit,</strong></span> <span class='ocrx_word' id='word_1_583' title='bbox 1124 1789 1269 1821; x_wconf 89' lang='lat' dir='ltr'><strong>Salomon,</strong></span> <span class='ocrx_word' id='word_1_584' title='bbox 1292 1789 1326 1816; x_wconf 91' lang='lat' dir='ltr'><strong>de</strong></span> <span class='ocrx_word' id='word_1_585' title='bbox 1348 1786 1519 1815; x_wconf 84' lang='lat' dir='ltr'><strong>dulcissimis</strong></span> <span class='ocrx_word' id='word_1_586' title='bbox 1544 1785 1642 1813; x_wconf 90' lang='lat' dir='ltr'><strong>mundi</strong></span> <span class='ocrx_word' id='word_1_587' title='bbox 1656 1792 1707 1812; x_wconf 84' lang='lat' dir='ltr'><strong>vo-</strong></span> 
     </span>
    </p>
   </div>
   <div class='ocr_carea' id='block_1_83' title="bbox 915 1831 1707 1871">
    <p class='ocr_par' dir='ltr' id='par_1_83' title="bbox 915 1831 1707 1871">
     <span class='ocr_line' id='line_1_83' title="bbox 915 1831 1707 1871; baseline -0.01 -7"><span class='ocrx_word' id='word_1_588' title='bbox 915 1835 1067 1871; x_wconf 88' lang='lat' dir='ltr'><strong>luptatibus</strong></span> <span class='ocrx_word' id='word_1_589' title='bbox 1080 1835 1189 1863; x_wconf 86' lang='lat' dir='ltr'><strong>locutus</strong></span> <span class='ocrx_word' id='word_1_590' title='bbox 1207 1839 1262 1862; x_wconf 90' lang='lat' dir='ltr'><strong>cst.</strong></span> <span class='ocrx_word' id='word_1_591' title='bbox 1276 1832 1332 1861; x_wconf 77' lang='lat' dir='ltr'><strong>Vos</strong></span> <span class='ocrx_word' id='word_1_592' title='bbox 1347 1837 1440 1860; x_wconf 88' lang='lat' dir='ltr'><strong>autem</strong></span> <span class='ocrx_word' id='word_1_593' title='bbox 1459 1831 1574 1859; x_wconf 81' lang='lat' dir='ltr'><strong>retinete</strong></span> <span class='ocrx_word' id='word_1_594' title='bbox 1587 1833 1707 1857; x_wconf 87' lang='lat' dir='ltr'><strong>vestram</strong></span> 
     </span>
    </p>
   </div>
   <div class='ocr_carea' id='block_1_84' title="bbox 915 1874 1710 1918">
    <p class='ocr_par' dir='ltr' id='par_1_84' title="bbox 915 1874 1710 1918">
     <span class='ocr_line' id='line_1_84' title="bbox 915 1874 1710 1918; baseline -0.013 -8"><span class='ocrx_word' id='word_1_595' title='bbox 915 1881 1125 1918; x_wconf 81' lang='lat' dir='ltr'><strong>temperantiam</strong></span> <span class='ocrx_word' id='word_1_596' title='bbox 1145 1885 1173 1908; x_wconf 91' lang='lat' dir='ltr'><strong>et</strong></span> <span class='ocrx_word' id='word_1_597' title='bbox 1195 1879 1303 1907; x_wconf 80' lang='lat' dir='ltr'><strong>ﬁdelem</strong></span> <span class='ocrx_word' id='word_1_598' title='bbox 1323 1876 1520 1917; x_wconf 84' lang='lat' dir='ltr'><strong>obedientiam,</strong></span> <span class='ocrx_word' id='word_1_599' title='bbox 1541 1874 1649 1902; x_wconf 86' lang='lat' dir='ltr'><strong>Domini</strong></span> <span class='ocrx_word' id='word_1_600' title='bbox 1678 1874 1710 1901; x_wconf 82' lang='lat' dir='ltr'><strong>(i-</strong></span> 
     </span>
    </p>
   </div>
   <div class='ocr_carea' id='block_1_85' title="bbox 916 1920 1708 1962">
    <p class='ocr_par' dir='ltr' id='par_1_85' title="bbox 916 1920 1708 1962">
     <span class='ocr_line' id='line_1_85' title="bbox 916 1920 1708 1962; baseline -0.01 -6"><span class='ocrx_word' id='word_1_601' title='bbox 916 1929 979 1962; x_wconf 89' lang='lat' dir='ltr'><strong>has,</strong></span> <span class='ocrx_word' id='word_1_602' title='bbox 1002 1934 1153 1962; x_wconf 80' lang='lat' dir='ltr'><strong>sacrasque</strong></span> <span class='ocrx_word' id='word_1_603' title='bbox 1170 1925 1291 1961; x_wconf 74' lang='lat' dir='ltr'><strong>virgines</strong></span> <span class='ocrx_word' id='word_1_604' title='bbox 1303 1924 1460 1959; x_wconf 86' lang='lat' dir='ltr'><strong>puritatem,</strong></span> <span class='ocrx_word' id='word_1_605' title='bbox 1472 1921 1627 1950; x_wconf 80' lang='lat' dir='ltr'><strong>castitatem</strong></span> <span class='ocrx_word' id='word_1_606' title='bbox 1635 1920 1708 1948; x_wconf 81' lang='lat' dir='ltr'><strong>elee-</strong></span> 
     </span>
    </p>
   </div>
   <div class='ocr_carea' id='block_1_86' title="bbox 916 1966 1707 2010">
    <p class='ocr_par' dir='ltr' id='par_1_86' title="bbox 916 1966 1707 2010">
     <span class='ocr_line' id='line_1_86' title="bbox 916 1966 1707 2010; baseline -0.015 -7"><span class='ocrx_word' id='word_1_607' title='bbox 916 1980 1135 2010; x_wconf 84' lang='lat' dir='ltr'><strong>mosynamque,</strong></span> <span class='ocrx_word' id='word_1_608' title='bbox 1171 1969 1412 2006; x_wconf 79' lang='lat' dir='ltr'><strong>compunctionem</strong></span> <span class='ocrx_word' id='word_1_609' title='bbox 1448 1971 1476 1994; x_wconf 84' lang='lat' dir='ltr'><strong>et</strong></span> <span class='ocrx_word' id='word_1_610' title='bbox 1513 1966 1707 1994; x_wconf 81' lang='lat' dir='ltr'><strong>humilitatem.</strong></span> 
     </span>
    </p>
   </div>
   <div class='ocr_carea' id='block_1_87' title="bbox 917 2012 1710 2054">
    <p class='ocr_par' dir='ltr' id='par_1_87' title="bbox 917 2012 1710 2054">
     <span class='ocr_line' id='line_1_87' title="bbox 917 2012 1710 2054; baseline -0.013 -6"><span class='ocrx_word' id='word_1_611' title='bbox 917 2021 1034 2048; x_wconf 88' lang='lat' dir='ltr'><strong>Sursum</strong></span> <span class='ocrx_word' id='word_1_612' title='bbox 1059 2022 1182 2054; x_wconf 88' lang='lat' dir='ltr'><strong>spectate</strong></span> <span class='ocrx_word' id='word_1_613' title='bbox 1205 2017 1238 2044; x_wconf 91' lang='lat' dir='ltr'><strong>ad</strong></span> <span class='ocrx_word' id='word_1_614' title='bbox 1259 2015 1371 2047; x_wconf 73' lang='lat' dir='ltr'><strong>coelum,</strong></span> <span class='ocrx_word' id='word_1_615' title='bbox 1393 2019 1421 2042; x_wconf 85' lang='lat' dir='ltr'><strong>et</strong></span> <span class='ocrx_word' id='word_1_616' title='bbox 1435 2012 1527 2041; x_wconf 88' lang='lat' dir='ltr'><strong>videte</strong></span> <span class='ocrx_word' id='word_1_617' title='bbox 1547 2012 1592 2040; x_wconf 90' lang='lat' dir='ltr'><strong>ubi</strong></span> <span class='ocrx_word' id='word_1_618' title='bbox 1615 2016 1710 2039; x_wconf 83' lang='lat' dir='ltr'><strong>nostra</strong></span> 
     </span>
    </p>
   </div>
   <div class='ocr_carea' id='block_1_88' title="bbox 917 2057 1709 2099">
    <p class='ocr_par' dir='ltr' id='par_1_88' title="bbox 917 2057 1709 2099">
     <span class='ocr_line' id='line_1_88' title="bbox 917 2057 1709 2099; baseline -0.014 -5"><span class='ocrx_word' id='word_1_619' title='bbox 917 2065 1068 2099; x_wconf 89' lang='lat' dir='ltr'><strong>habitatio,</strong></span> <span class='ocrx_word' id='word_1_620' title='bbox 1096 2064 1144 2092; x_wconf 91' lang='lat' dir='ltr'><strong>ubi</strong></span> <span class='ocrx_word' id='word_1_621' title='bbox 1168 2067 1295 2091; x_wconf 87' lang='lat' dir='ltr'><strong>nostrum</strong></span> <span class='ocrx_word' id='word_1_622' title='bbox 1323 2065 1406 2095; x_wconf 88' lang='lat' dir='ltr'><strong>caput</strong></span> <span class='ocrx_word' id='word_1_623' title='bbox 1427 2065 1455 2088; x_wconf 89' lang='lat' dir='ltr'><strong>et</strong></span> <span class='ocrx_word' id='word_1_624' title='bbox 1480 2058 1560 2087; x_wconf 84' lang='lat' dir='ltr'><strong>Pater</strong></span> <span class='ocrx_word' id='word_1_625' title='bbox 1584 2057 1709 2086; x_wconf 88' lang='lat' dir='ltr'><strong>omnium</strong></span> 
     </span>
    </p>
   </div>
   <div class='ocr_carea' id='block_1_89' title="bbox 917 2104 1710 2143">
    <p class='ocr_par' dir='ltr' id='par_1_89' title="bbox 917 2104 1710 2143">
     <span class='ocr_line' id='line_1_89' title="bbox 917 2104 1710 2143; baseline -0.013 -3"><span class='ocrx_word' id='word_1_626' title='bbox 917 2112 1056 2143; x_wconf 88' lang='lat' dir='ltr'><strong>Christus,</strong></span> <span class='ocrx_word' id='word_1_627' title='bbox 1086 2110 1132 2138; x_wconf 89' lang='lat' dir='ltr'><strong>ubi</strong></span> <span class='ocrx_word' id='word_1_628' title='bbox 1159 2112 1254 2136; x_wconf 85' lang='lat' dir='ltr'><strong>nostra</strong></span> <span class='ocrx_word' id='word_1_629' title='bbox 1278 2107 1375 2135; x_wconf 81' lang='lat' dir='ltr'><strong>civitas</strong></span> <span class='ocrx_word' id='word_1_630' title='bbox 1396 2105 1549 2134; x_wconf 79' lang='lat' dir='ltr'><strong>Jerusalem</strong></span> <span class='ocrx_word' id='word_1_631' title='bbox 1579 2104 1710 2135; x_wconf 64' lang='lat' dir='ltr'><strong>caelestis,</strong></span> 
     </span>
    </p>
   </div>
   <div class='ocr_carea' id='block_1_90' title="bbox 918 2151 1711 2188">
    <p class='ocr_par' dir='ltr' id='par_1_90' title="bbox 918 2151 1711 2188">
     <span class='ocr_line' id='line_1_90' title="bbox 918 2151 1711 2188; baseline -0.011 -2"><span class='ocrx_word' id='word_1_632' title='bbox 918 2163 1006 2186; x_wconf 88' lang='lat' dir='ltr'><strong>mater</strong></span> <span class='ocrx_word' id='word_1_633' title='bbox 1019 2156 1093 2185; x_wconf 88' lang='lat' dir='ltr'><strong>Petri</strong></span> <span class='ocrx_word' id='word_1_634' title='bbox 1118 2160 1146 2183; x_wconf 89' lang='lat' dir='ltr'><strong>et</strong></span> <span class='ocrx_word' id='word_1_635' title='bbox 1169 2154 1248 2182; x_wconf 85' lang='lat' dir='ltr'><strong>Pauli</strong></span> <span class='ocrx_word' id='word_1_636' title='bbox 1272 2158 1300 2182; x_wconf 90' lang='lat' dir='ltr'><strong>ct</strong></span> <span class='ocrx_word' id='word_1_637' title='bbox 1316 2153 1505 2188; x_wconf 88' lang='lat' dir='ltr'><strong>proximorum</strong></span> <span class='ocrx_word' id='word_1_638' title='bbox 1526 2151 1580 2178; x_wconf 79' lang='lat' dir='ltr'><strong>illis</strong></span> <span class='ocrx_word' id='word_1_639' title='bbox 1602 2154 1711 2178; x_wconf 89' lang='lat' dir='ltr'><strong>sancto-</strong></span> 
     </span>
    </p>
   </div>
   <div class='ocr_carea' id='block_1_91' title="bbox 66 2197 862 2254">
    <p class='ocr_par' dir='ltr' id='par_1_91' title="bbox 66 2197 862 2244">
     <span class='ocr_line' id='line_1_91' title="bbox 66 2197 862 2244; baseline -0.001 -9"><span class='ocrx_word' id='word_1_640' title='bbox 66 2209 114 2235; x_wconf 80' lang='grc' dir='ltr'>καὶ</span> <span class='ocrx_word' id='word_1_641' title='bbox 133 2197 262 2243; x_wconf 30' lang='lat' dir='ltr'><strong>sedit;</strong></span> <span class='ocrx_word' id='word_1_642' title='bbox 283 2197 364 2243; x_wconf 61' lang='grc' dir='ltr'>ἡμῶν</span> <span class='ocrx_word' id='word_1_643' title='bbox 392 2208 410 2242; x_wconf 84' lang='grc' dir='ltr'>ὴ</span> <span class='ocrx_word' id='word_1_644' title='bbox 433 2207 491 2235; x_wconf 81' lang='grc' dir='ltr'>ἄνω</span> <span class='ocrx_word' id='word_1_645' title='bbox 513 2197 706 2243; x_wconf 74' lang='grc' dir='ltr'>Ἰερουσαλὴμ,</span> <span class='ocrx_word' id='word_1_646' title='bbox 727 2208 744 2243; x_wconf 82' lang='grc' dir='ltr'>ἡ</span> <span class='ocrx_word' id='word_1_647' title='bbox 771 2208 862 2244; x_wconf 84' lang='grc' dir='ltr'>μήτηρ</span> 
     </span>
    </p>
   </div>
   <div class='ocr_carea' id='block_1_92' title="bbox 913 2197 1710 2254">
    <p class='ocr_par' dir='ltr' id='par_1_92' title="bbox 920 2197 1710 2254">
     <span class='ocr_line' id='line_1_92' title="bbox 920 2197 1710 2233; baseline -0.013 0"><span class='ocrx_word' id='word_1_648' title='bbox 920 2213 981 2233; x_wconf 90' lang='lat' dir='ltr'><strong>rum</strong></span> <span class='ocrx_word' id='word_1_649' title='bbox 995 2204 1015 2232; x_wconf 81' lang='lat'><strong>‘.</strong></span> <span class='ocrx_word' id='word_1_650' title='bbox 1051 2203 1080 2230; x_wconf 86' lang='lat' dir='ltr'><strong>Si</strong></span> <span class='ocrx_word' id='word_1_651' title='bbox 1115 2200 1273 2229; x_wconf 87' lang='lat' dir='ltr'><strong>restiterilis</strong></span> <span class='ocrx_word' id='word_1_652' title='bbox 1284 2220 1292 2232; x_wconf 94' lang='lat'><strong>,</strong></span> <span class='ocrx_word' id='word_1_653' title='bbox 1327 2198 1442 2226; x_wconf 87' lang='lat' dir='ltr'><strong>vincetis</strong></span> <span class='ocrx_word' id='word_1_654' title='bbox 1453 2207 1466 2232; x_wconf 60' lang='grc' dir='ltr'>ς</span> <span class='ocrx_word' id='word_1_655' title='bbox 1497 2197 1521 2225; x_wconf 88' lang='lat' dir='ltr'><strong>si</strong></span> <span class='ocrx_word' id='word_1_656' title='bbox 1549 2203 1710 2233; x_wconf 75' lang='lat' dir='ltr'><strong>persevera—</strong></span> 
     </span>
     <span class='ocr_line' id='line_1_93' title="bbox 967 2243 1710 2254; baseline 0.001 0"><span class='ocrx_word' id='word_1_657' title='bbox 967 2251 971 2254; x_wconf 96' lang='lat'><strong>.</strong></span> <span class='ocrx_word' id='word_1_658' title='bbox 989 2251 994 2254; x_wconf 89' lang='lat'><strong>.</strong></span> <span class='ocrx_word' id='word_1_659' title='bbox 1136 2248 1141 2254; x_wconf 82' lang='grc' dir='ltr'><strong>ι</strong></span> <span class='ocrx_word' id='word_1_660' title='bbox 1155 2247 1160 2253; x_wconf 77' lang='grc' dir='ltr'><strong>ι</strong></span> <span class='ocrx_word' id='word_1_661' title='bbox 1195 2247 1200 2252; x_wconf 82' lang='grc' dir='ltr'>ι</span> <span class='ocrx_word' id='word_1_662' title='bbox 1226 2246 1230 2251; x_wconf 88' lang='grc' dir='ltr'><strong>Ι</strong></span> <span class='ocrx_word' id='word_1_663' title='bbox 1277 2246 1282 2251; x_wconf 81' lang='grc' dir='ltr'><strong>ι</strong></span> <span class='ocrx_word' id='word_1_664' title='bbox 1298 2244 1408 2254; x_wconf 40' lang='lat' dir='ltr'><strong>AA,B_-.!</strong></span> <span class='ocrx_word' id='word_1_665' title='bbox 1425 2243 1531 2254; x_wconf 31' lang='lat' dir='ltr'><strong>rs_A_!.2_</strong></span> <span class='ocrx_word' id='word_1_666' title='bbox 1553 2243 1710 2254; x_wconf 59' lang='lat' dir='ltr'><strong>‘_-_!-_a.-u</strong></span> 
     </span>
    </p>
   </div>
   <div class='ocr_carea' id='block_1_93' title="bbox 66 2253 862 2290">
    <p class='ocr_par' dir='ltr' id='par_1_93' title="bbox 66 2253 862 2290">
     <span class='ocr_line' id='line_1_94' title="bbox 66 2253 862 2290; baseline 0 -9"><span class='ocrx_word' id='word_1_667' title='bbox 66 2254 177 2281; x_wconf 85' lang='grc' dir='ltr'>ῐιαύλου</span> <span class='ocrx_word' id='word_1_668' title='bbox 191 2254 240 2281; x_wconf 74' lang='grc' dir='ltr'>καὶ</span> <span class='ocrx_word' id='word_1_669' title='bbox 259 2254 377 2290; x_wconf 84' lang='grc' dir='ltr'>Πέτρου,</span> <span class='ocrx_word' id='word_1_670' title='bbox 403 2255 450 2281; x_wconf 79' lang='grc' dir='ltr'>καὶ</span> <span class='ocrx_word' id='word_1_671' title='bbox 471 2253 526 2282; x_wconf 83' lang='grc' dir='ltr'>τῶν</span> <span class='ocrx_word' id='word_1_672' title='bbox 550 2255 611 2281; x_wconf 84' lang='grc' dir='ltr'>κατ’</span> <span class='ocrx_word' id='word_1_673' title='bbox 635 2254 735 2286; x_wconf 72' lang='grc' dir='ltr'>αὐτοὺς</span> <span class='ocrx_word' id='word_1_674' title='bbox 764 2255 862 2289; x_wconf 84' lang='grc' dir='ltr'>ἁγίων.</span> 
     </span>
    </p>
   </div>
   <div class='ocr_carea' id='block_1_94' title="bbox 68 2300 862 2337">
    <p class='ocr_par' dir='ltr' id='par_1_94' title="bbox 68 2300 862 2337">
     <span class='ocr_line' id='line_1_95' title="bbox 68 2300 862 2337; baseline -0.003 -9"><span class='ocrx_word' id='word_1_675' title='bbox 68 2302 174 2332; x_wconf 83' lang='grc' dir='ltr'>Ὄντως</span> <span class='ocrx_word' id='word_1_676' title='bbox 190 2301 239 2328; x_wconf 76' lang='grc' dir='ltr'>ἐὰν</span> <span class='ocrx_word' id='word_1_677' title='bbox 254 2301 415 2336; x_wconf 71' lang='grc' dir='ltr'>ἐπιμένητε,</span> <span class='ocrx_word' id='word_1_678' title='bbox 438 2301 597 2337; x_wconf 77' lang='grc' dir='ltr'>ὲνικήσατε,</span> <span class='ocrx_word' id='word_1_679' title='bbox 612 2301 660 2328; x_wconf 65' lang='grc' dir='ltr'><strong>ἐὰν</strong></span> <span class='ocrx_word' id='word_1_680' title='bbox 687 2300 862 2337; x_wconf 78' lang='grc' dir='ltr'>διαρκέσητε,</span> 
     </span>
    </p>
   </div>
   <div class='ocr_carea' id='block_1_95' title="bbox 66 2346 865 2383">
    <p class='ocr_par' dir='ltr' id='par_1_95' title="bbox 66 2346 865 2383">
     <span class='ocr_line' id='line_1_96' title="bbox 66 2346 865 2383; baseline -0.001 -9"><span class='ocrx_word' id='word_1_681' title='bbox 66 2347 291 2382; x_wconf 77' lang='grc' dir='ltr'>ὲστεφανώθητε,</span> <span class='ocrx_word' id='word_1_682' title='bbox 312 2346 360 2374; x_wconf 73' lang='grc' dir='ltr'><strong>ἐὰν</strong></span> <span class='ocrx_word' id='word_1_683' title='bbox 377 2347 450 2375; x_wconf 75' lang='grc' dir='ltr'>οὕτω</span> <span class='ocrx_word' id='word_1_684' title='bbox 469 2347 644 2383; x_wconf 83' lang='grc' dir='ltr'>τελειωθῆτε,</span> <span class='ocrx_word' id='word_1_685' title='bbox 672 2347 865 2382; x_wconf 84' lang='grc' dir='ltr'>ἀνοιγήσονται</span> 
     </span>
    </p>
   </div>
   <div class='ocr_carea' id='block_1_96' title="bbox 67 2392 863 2429">
    <p class='ocr_par' dir='ltr' id='par_1_96' title="bbox 67 2392 863 2429">
     <span class='ocr_line' id='line_1_97' title="bbox 67 2392 863 2429; baseline -0.001 -9"><span class='ocrx_word' id='word_1_686' title='bbox 67 2395 134 2428; x_wconf 76' lang='grc' dir='ltr'>ὑμῖν</span> <span class='ocrx_word' id='word_1_687' title='bbox 151 2394 180 2420; x_wconf 88' lang='grc' dir='ltr'>αἰ</span> <span class='ocrx_word' id='word_1_688' title='bbox 196 2392 279 2420; x_wconf 76' lang='grc' dir='ltr'>πύλαι</span> <span class='ocrx_word' id='word_1_689' title='bbox 292 2393 341 2428; x_wconf 82' lang='grc' dir='ltr'>τῆς</span> <span class='ocrx_word' id='word_1_690' title='bbox 359 2393 500 2428; x_wconf 86' lang='grc' dir='ltr'>βασιλείας</span> <span class='ocrx_word' id='word_1_691' title='bbox 513 2393 567 2420; x_wconf 84' lang='grc' dir='ltr'><strong>τῶν</strong></span> <span class='ocrx_word' id='word_1_692' title='bbox 582 2393 719 2429; x_wconf 79' lang='grc' dir='ltr'>οὐρανῶν,</span> <span class='ocrx_word' id='word_1_693' title='bbox 735 2393 784 2419; x_wconf 75' lang='grc' dir='ltr'>καὶ</span> <span class='ocrx_word' id='word_1_694' title='bbox 800 2392 863 2419; x_wconf 82' lang='grc' dir='ltr'>τότε</span> 
     </span>
    </p>
   </div>
   <div class='ocr_carea' id='block_1_97' title="bbox 70 2438 866 2475">
    <p class='ocr_par' dir='ltr' id='par_1_97' title="bbox 70 2438 866 2475">
     <span class='ocr_line' id='line_1_98' title="bbox 70 2438 866 2475; baseline -0.001 -9"><span class='ocrx_word' id='word_1_695' title='bbox 70 2449 121 2475; x_wconf 78' lang='grc' dir='ltr'><strong>μου</strong></span> <span class='ocrx_word' id='word_1_696' title='bbox 143 2439 350 2475; x_wconf 81' lang='grc' dir='ltr'>μνημονεύσετε</span> <span class='ocrx_word' id='word_1_697' title='bbox 363 2439 411 2466; x_wconf 81' lang='grc' dir='ltr'>τοῦ</span> <span class='ocrx_word' id='word_1_698' title='bbox 438 2439 555 2472; x_wconf 81' lang='grc' dir='ltr'>τάλανος</span> <span class='ocrx_word' id='word_1_699' title='bbox 573 2439 621 2466; x_wconf 80' lang='grc' dir='ltr'>καὶ</span> <span class='ocrx_word' id='word_1_700' title='bbox 645 2438 764 2470; x_wconf 86' lang='grc' dir='ltr'>ἀσώτου,</span> <span class='ocrx_word' id='word_1_701' title='bbox 797 2438 866 2470; x_wconf 80' lang='grc' dir='ltr'>ὅλως</span> 
     </span>
    </p>
   </div>
   <div class='ocr_carea' id='block_1_98' title="bbox 69 2483 863 2521">
    <p class='ocr_par' dir='ltr' id='par_1_98' title="bbox 69 2483 863 2521">
     <span class='ocr_line' id='line_1_99' title="bbox 69 2483 863 2521; baseline -0.004 -9"><span class='ocrx_word' id='word_1_702' title='bbox 69 2485 200 2521; x_wconf 73' lang='grc' dir='ltr'>ὁρῶντες,</span> <span class='ocrx_word' id='word_1_703' title='bbox 218 2485 256 2520; x_wconf 81' lang='grc' dir='ltr'>μὴ</span> <span class='ocrx_word' id='word_1_704' title='bbox 274 2485 315 2516; x_wconf 80' lang='grc' dir='ltr'><strong>είς</strong></span> <span class='ocrx_word' id='word_1_705' title='bbox 330 2485 422 2520; x_wconf 85' lang='grc' dir='ltr'>κρίσιν</span> <span class='ocrx_word' id='word_1_706' title='bbox 437 2484 682 2520; x_wconf 82' lang='grc' dir='ltr'>ἀποπεμπόμενοι,</span> <span class='ocrx_word' id='word_1_707' title='bbox 702 2483 772 2511; x_wconf 87' lang='grc' dir='ltr'><strong>ἀλλά</strong></span> <span class='ocrx_word' id='word_1_708' title='bbox 797 2483 863 2518; x_wconf 85' lang='grc' dir='ltr'>δεή-</span> 
     </span>
    </p>
   </div>
   <div class='ocr_carea' id='block_1_99' title="bbox 70 2528 868 2568">
    <p class='ocr_par' dir='ltr' id='par_1_99' title="bbox 70 2528 868 2568">
     <span class='ocr_line' id='line_1_100' title="bbox 70 2528 868 2568; baseline -0.004 -9"><span class='ocrx_word' id='word_1_709' title='bbox 70 2534 135 2568; x_wconf 84' lang='grc' dir='ltr'>θητε</span> <span class='ocrx_word' id='word_1_710' title='bbox 150 2533 199 2559; x_wconf 74' lang='grc' dir='ltr'>καὶ</span> <span class='ocrx_word' id='word_1_711' title='bbox 216 2531 287 2566; x_wconf 84' lang='grc' dir='ltr'>ὑπὲρ</span> <span class='ocrx_word' id='word_1_712' title='bbox 300 2531 379 2566; x_wconf 72' lang='grc' dir='ltr'>ἐμοῦ,</span> <span class='ocrx_word' id='word_1_713' title='bbox 395 2528 419 2558; x_wconf 83' lang='grc' dir='ltr'>ὧ</span> <span class='ocrx_word' id='word_1_714' title='bbox 430 2531 513 2557; x_wconf 83' lang='grc' dir='ltr'>τέκνα</span> <span class='ocrx_word' id='word_1_715' title='bbox 522 2539 592 2566; x_wconf 69' lang='grc' dir='ltr'>μου,</span> <span class='ocrx_word' id='word_1_716' title='bbox 608 2531 652 2557; x_wconf 76' lang='grc' dir='ltr'>ἵνα</span> <span class='ocrx_word' id='word_1_717' title='bbox 668 2540 702 2566; x_wconf 84' lang='grc' dir='ltr'><strong>με</strong></span> <span class='ocrx_word' id='word_1_718' title='bbox 713 2531 727 2557; x_wconf 85' lang='grc' dir='ltr'>ὁ</span> <span class='ocrx_word' id='word_1_719' title='bbox 741 2530 807 2561; x_wconf 78' lang='grc' dir='ltr'>Θεὸς</span> <span class='ocrx_word' id='word_1_720' title='bbox 819 2530 868 2556; x_wconf 78' lang='grc' dir='ltr'>σὺν</span> 
     </span>
    </p>
   </div>
   <div class='ocr_carea' id='block_1_100' title="bbox 72 2574 868 2612">
    <p class='ocr_par' dir='ltr' id='par_1_100' title="bbox 72 2574 868 2612">
     <span class='ocr_line' id='line_1_101' title="bbox 72 2574 868 2612; baseline -0.004 -9"><span class='ocrx_word' id='word_1_721' title='bbox 72 2579 136 2611; x_wconf 77' lang='grc' dir='ltr'>ὑμῖν</span> <span class='ocrx_word' id='word_1_722' title='bbox 149 2575 295 2608; x_wconf 77' lang='grc' dir='ltr'>διασώζων</span> <span class='ocrx_word' id='word_1_723' title='bbox 308 2575 442 2612; x_wconf 81' lang='grc' dir='ltr'>διασώσῃ,</span> <span class='ocrx_word' id='word_1_724' title='bbox 457 2575 506 2603; x_wconf 76' lang='grc' dir='ltr'>καὶ</span> <span class='ocrx_word' id='word_1_725' title='bbox 528 2575 566 2612; x_wconf 84' lang='grc' dir='ltr'>δῷ</span> <span class='ocrx_word' id='word_1_726' title='bbox 578 2574 689 2611; x_wconf 86' lang='grc' dir='ltr'>πνεῦμα</span> <span class='ocrx_word' id='word_1_727' title='bbox 719 2575 868 2606; x_wconf 82' lang='grc' dir='ltr'>συνέσεως,</span> 
     </span>
    </p>
   </div>
   <div class='ocr_carea' id='block_1_101' title="bbox 73 2621 869 2659">
    <p class='ocr_par' dir='ltr' id='par_1_101' title="bbox 73 2621 869 2659">
     <span class='ocr_line' id='line_1_102' title="bbox 73 2621 869 2659; baseline -0.004 -9"><span class='ocrx_word' id='word_1_728' title='bbox 73 2625 119 2651; x_wconf 79' lang='grc' dir='ltr'>καὶ</span> <span class='ocrx_word' id='word_1_729' title='bbox 134 2623 322 2659; x_wconf 72' lang='grc' dir='ltr'>καταρτισμὸν</span> <span class='ocrx_word' id='word_1_730' title='bbox 341 2622 442 2658; x_wconf 83' lang='grc' dir='ltr'>ψυχῆς,</span> <span class='ocrx_word' id='word_1_731' title='bbox 455 2623 496 2654; x_wconf 82' lang='grc' dir='ltr'>εἰς</span> <span class='ocrx_word' id='word_1_732' title='bbox 512 2622 542 2649; x_wconf 84' lang='grc' dir='ltr'><strong>τὺ</strong></span> <span class='ocrx_word' id='word_1_733' title='bbox 559 2621 611 2649; x_wconf 82' lang='grc' dir='ltr'><strong>ἀνὰ</strong></span> <span class='ocrx_word' id='word_1_734' title='bbox 626 2622 709 2658; x_wconf 82' lang='grc' dir='ltr'>μέσον</span> <span class='ocrx_word' id='word_1_735' title='bbox 723 2621 802 2657; x_wconf 82' lang='grc' dir='ltr'>ὑμῶν</span> <span class='ocrx_word' id='word_1_736' title='bbox 813 2621 869 2648; x_wconf 90' lang='grc' dir='ltr'>οεο-</span> 
     </span>
    </p>
   </div>
   <div class='ocr_carea' id='block_1_102' title="bbox 72 2668 865 2706">
    <p class='ocr_par' dir='ltr' id='par_1_102' title="bbox 72 2668 865 2706">
     <span class='ocr_line' id='line_1_103' title="bbox 72 2668 865 2706; baseline -0.004 -9"><span class='ocrx_word' id='word_1_737' title='bbox 72 2670 189 2706; x_wconf 83' lang='grc' dir='ltr'>πρεπῶς</span> <span class='ocrx_word' id='word_1_738' title='bbox 203 2670 437 2706; x_wconf 79' lang='grc' dir='ltr'>ἀναστρέφεσθαι.</span> <span class='ocrx_word' id='word_1_739' title='bbox 456 2669 550 2696; x_wconf 75' lang='grc' dir='ltr'>Ταῦτα</span> <span class='ocrx_word' id='word_1_740' title='bbox 565 2669 615 2705; x_wconf 85' lang='grc' dir='ltr'>μὲν</span> <span class='ocrx_word' id='word_1_741' title='bbox 627 2670 656 2696; x_wconf 79' lang='grc' dir='ltr'>ὲν</span> <span class='ocrx_word' id='word_1_742' title='bbox 669 2669 708 2704; x_wconf 85' lang='grc' dir='ltr'>τῷ</span> <span class='ocrx_word' id='word_1_743' title='bbox 721 2670 791 2700; x_wconf 80' lang='grc' dir='ltr'>τέως</span> <span class='ocrx_word' id='word_1_744' title='bbox 803 2668 865 2694; x_wconf 81' lang='grc' dir='ltr'>ἐλα-</span> 
     </span>
    </p>
   </div>
   <div class='ocr_carea' id='block_1_103' title="bbox 73 2712 868 2753">
    <p class='ocr_par' dir='ltr' id='par_1_103' title="bbox 73 2712 868 2753">
     <span class='ocr_line' id='line_1_104' title="bbox 73 2712 868 2753; baseline -0.001 -12"><span class='ocrx_word' id='word_1_745' title='bbox 73 2717 207 2753; x_wconf 68' lang='grc' dir='ltr'>λήσαμεν,</span> <span class='ocrx_word' id='word_1_746' title='bbox 223 2717 321 2743; x_wconf 75' lang='grc' dir='ltr'>ἔπειτα</span> <span class='ocrx_word' id='word_1_747' title='bbox 335 2716 383 2743; x_wconf 69' lang='grc' dir='ltr'><strong>καὶ</strong></span> <span class='ocrx_word' id='word_1_748' title='bbox 395 2717 408 2743; x_wconf 82' lang='grc' dir='ltr'><strong>ὁ</strong></span> <span class='ocrx_word' id='word_1_749' title='bbox 422 2715 576 2751; x_wconf 84' lang='grc' dir='ltr'>οίκόνομος,</span> <span class='ocrx_word' id='word_1_750' title='bbox 591 2712 613 2749; x_wconf 84' lang='grc' dir='ltr'>ᾧ</span> <span class='ocrx_word' id='word_1_751' title='bbox 627 2715 798 2751; x_wconf 79' lang='grc' dir='ltr'>προέγραψα,</span> <span class='ocrx_word' id='word_1_752' title='bbox 825 2714 868 2747; x_wconf 77' lang='grc' dir='ltr'><strong>ἐξ·</strong></span> 
     </span>
    </p>
   </div>
   <div class='ocr_carea' id='block_1_104' title="bbox 74 2761 867 2798">
    <p class='ocr_par' dir='ltr' id='par_1_104' title="bbox 74 2761 867 2798">
     <span class='ocr_line' id='line_1_105' title="bbox 74 2761 867 2798; baseline -0.003 -8"><span class='ocrx_word' id='word_1_753' title='bbox 74 2763 225 2792; x_wconf 76' lang='grc' dir='ltr'>ιλεύσεται.</span> <span class='ocrx_word' id='word_1_754' title='bbox 237 2763 332 2795; x_wconf 80' lang='grc' dir='ltr'>Ὑμεῖς</span> <span class='ocrx_word' id='word_1_755' title='bbox 347 2762 375 2789; x_wconf 79' lang='grc' dir='ltr'>δὲ</span> <span class='ocrx_word' id='word_1_756' title='bbox 391 2762 566 2798; x_wconf 67' lang='grc' dir='ltr'>εὑρίσκοντες</span> <span class='ocrx_word' id='word_1_757' title='bbox 581 2770 655 2794; x_wconf 82' lang='grc' dir='ltr'>τινας</span> <span class='ocrx_word' id='word_1_758' title='bbox 669 2761 867 2797; x_wconf 68' lang='grc' dir='ltr'>γραμματοφόη</span> 
     </span>
    </p>
   </div>
   <div class='ocr_carea' id='block_1_105' title="bbox 110 2855 335 2887">
    <p class='ocr_par' dir='ltr' id='par_1_105' title="bbox 110 2855 335 2887">
     <span class='ocr_line' id='line_1_106' title="bbox 110 2855 335 2887; baseline -0.013 -4"><span class='ocrx_word' id='word_1_759' title='bbox 110 2856 118 2871; x_wconf 86' lang='grc'>¹</span> <span class='ocrx_word' id='word_1_760' title='bbox 132 2855 220 2884; x_wconf 78' lang='lat' dir='ltr'><strong>Galat.</strong></span> <span class='ocrx_word' id='word_1_761' title='bbox 238 2863 273 2887; x_wconf 74' lang='grc' dir='ltr'>ιγ,</span> <span class='ocrx_word' id='word_1_762' title='bbox 290 2855 335 2882; x_wconf 71' lang='lat'><strong>26.</strong></span> 
     </span>
    </p>
   </div>
   <div class='ocr_carea' id='block_1_106' title="bbox 917 2243 1711 2281">
    <p class='ocr_par' dir='ltr' id='par_1_106' title="bbox 917 2243 1711 2281">
     <span class='ocr_line' id='line_1_107' title="bbox 917 2243 1711 2281; baseline -0.013 -3"><span class='ocrx_word' id='word_1_763' title='bbox 917 2251 1022 2281; x_wconf 83' lang='lat' dir='ltr'><strong>veritis,</strong></span> <span class='ocrx_word' id='word_1_764' title='bbox 1030 2246 1233 2277; x_wconf 85' lang='lat' dir='ltr'><strong>coronabimini</strong></span> <span class='ocrx_word' id='word_1_765' title='bbox 1243 2254 1251 2279; x_wconf 76' lang='lat'><strong>&#39;,</strong></span> <span class='ocrx_word' id='word_1_766' title='bbox 1261 2246 1283 2273; x_wconf 87' lang='lat' dir='ltr'><strong>si</strong></span> <span class='ocrx_word' id='word_1_767' title='bbox 1297 2244 1411 2280; x_wconf 87' lang='lat' dir='ltr'><strong>perfecti</strong></span> <span class='ocrx_word' id='word_1_768' title='bbox 1425 2243 1544 2276; x_wconf 83' lang='lat' dir='ltr'><strong>fueritis,</strong></span> <span class='ocrx_word' id='word_1_769' title='bbox 1553 2243 1711 2278; x_wconf 84' lang='lat' dir='ltr'><strong>aperientur</strong></span> 
     </span>
    </p>
   </div>
   <div class='ocr_carea' id='block_1_107' title="bbox 916 2288 1709 2331">
    <p class='ocr_par' dir='ltr' id='par_1_107' title="bbox 916 2288 1709 2331">
     <span class='ocr_line' id='line_1_108' title="bbox 916 2288 1709 2331; baseline -0.013 -6"><span class='ocrx_word' id='word_1_770' title='bbox 916 2297 996 2326; x_wconf 85' lang='lat' dir='ltr'><strong>vobis</strong></span> <span class='ocrx_word' id='word_1_771' title='bbox 1013 2295 1090 2331; x_wconf 80' lang='lat' dir='ltr'><strong>regni</strong></span> <span class='ocrx_word' id='word_1_772' title='bbox 1108 2295 1242 2323; x_wconf 72' lang='lat' dir='ltr'><strong>ctelorum</strong></span> <span class='ocrx_word' id='word_1_773' title='bbox 1264 2296 1361 2328; x_wconf 71' lang='lat' dir='ltr'><strong>portae.</strong></span> <span class='ocrx_word' id='word_1_774' title='bbox 1387 2290 1421 2318; x_wconf 87' lang='lat' dir='ltr'><strong>Et</strong></span> <span class='ocrx_word' id='word_1_775' title='bbox 1449 2295 1507 2318; x_wconf 88' lang='lat' dir='ltr'><strong>tum</strong></span> <span class='ocrx_word' id='word_1_776' title='bbox 1532 2289 1596 2322; x_wconf 86' lang='lat' dir='ltr'><strong>mei,</strong></span> <span class='ocrx_word' id='word_1_777' title='bbox 1617 2288 1709 2316; x_wconf 83' lang='lat' dir='ltr'><strong>miseri</strong></span> 
     </span>
    </p>
   </div>
   <div class='ocr_carea' id='block_1_108' title="bbox 918 2333 1711 2378">
    <p class='ocr_par' dir='ltr' id='par_1_108' title="bbox 918 2333 1711 2378">
     <span class='ocr_line' id='line_1_109' title="bbox 918 2333 1711 2378; baseline -0.014 -7"><span class='ocrx_word' id='word_1_778' title='bbox 918 2344 1060 2378; x_wconf 86' lang='lat' dir='ltr'><strong>saluteque</strong></span> <span class='ocrx_word' id='word_1_779' title='bbox 1071 2340 1187 2376; x_wconf 79' lang='lat' dir='ltr'><strong>indigni,</strong></span> <span class='ocrx_word' id='word_1_780' title='bbox 1197 2337 1392 2369; x_wconf 78' lang='lat' dir='ltr'><strong>recordamini.</strong></span> <span class='ocrx_word' id='word_1_781' title='bbox 1403 2340 1531 2364; x_wconf 84' lang='lat' dir='ltr'><strong>accurate</strong></span> <span class='ocrx_word' id='word_1_782' title='bbox 1538 2333 1711 2370; x_wconf 76' lang='lat' dir='ltr'><strong>providentes</strong></span> 
     </span>
    </p>
   </div>
   <div class='ocr_carea' id='block_1_109' title="bbox 918 2381 1710 2423">
    <p class='ocr_par' dir='ltr' id='par_1_109' title="bbox 918 2381 1710 2423">
     <span class='ocr_line' id='line_1_110' title="bbox 918 2381 1710 2423; baseline -0.011 -7"><span class='ocrx_word' id='word_1_783' title='bbox 918 2397 953 2416; x_wconf 89' lang='lat' dir='ltr'><strong>ne</strong></span> <span class='ocrx_word' id='word_1_784' title='bbox 974 2389 1001 2415; x_wconf 93' lang='lat' dir='ltr'><strong>in</strong></span> <span class='ocrx_word' id='word_1_785' title='bbox 1018 2387 1150 2423; x_wconf 79' lang='lat' dir='ltr'><strong>iudicium</strong></span> <span class='ocrx_word' id='word_1_786' title='bbox 1172 2385 1224 2412; x_wconf 85' lang='lat' dir='ltr'><strong>sim</strong></span> <span class='ocrx_word' id='word_1_787' title='bbox 1240 2383 1399 2411; x_wconf 83' lang='lat' dir='ltr'><strong>mittendus.</strong></span> <span class='ocrx_word' id='word_1_788' title='bbox 1422 2381 1576 2410; x_wconf 81' lang='lat' dir='ltr'><strong>Preeamini</strong></span> <span class='ocrx_word' id='word_1_789' title='bbox 1589 2388 1638 2416; x_wconf 84' lang='lat' dir='ltr'><strong>pro</strong></span> <span class='ocrx_word' id='word_1_790' title='bbox 1656 2387 1710 2411; x_wconf 86' lang='lat' dir='ltr'><strong>mc.</strong></span> 
     </span>
    </p>
   </div>
   <div class='ocr_carea' id='block_1_110' title="bbox 919 2426 1713 2468">
    <p class='ocr_par' dir='ltr' id='par_1_110' title="bbox 919 2426 1713 2468">
     <span class='ocr_line' id='line_1_111' title="bbox 919 2426 1713 2468; baseline -0.013 -5"><span class='ocrx_word' id='word_1_791' title='bbox 919 2444 936 2463; x_wconf 91' lang='grc' dir='ltr'><strong>ο</strong></span> <span class='ocrx_word' id='word_1_792' title='bbox 952 2435 1011 2468; x_wconf 85' lang='lat' dir='ltr'><strong>lilii,</strong></span> <span class='ocrx_word' id='word_1_793' title='bbox 1030 2439 1059 2461; x_wconf 89' lang='lat' dir='ltr'><strong>ut</strong></span> <span class='ocrx_word' id='word_1_794' title='bbox 1076 2432 1148 2460; x_wconf 81' lang='lat' dir='ltr'><strong>Deus</strong></span> <span class='ocrx_word' id='word_1_795' title='bbox 1160 2430 1305 2458; x_wconf 82' lang='lat' dir='ltr'><strong>vobiscum</strong></span> <span class='ocrx_word' id='word_1_796' title='bbox 1318 2429 1405 2457; x_wconf 89' lang='lat' dir='ltr'><strong>salvet</strong></span> <span class='ocrx_word' id='word_1_797' title='bbox 1420 2435 1474 2462; x_wconf 88' lang='lat' dir='ltr'><strong>me,</strong></span> <span class='ocrx_word' id='word_1_798' title='bbox 1489 2427 1616 2463; x_wconf 85' lang='lat' dir='ltr'><strong>spiritum</strong></span> <span class='ocrx_word' id='word_1_799' title='bbox 1633 2426 1713 2453; x_wconf 85' lang='lat' dir='ltr'><strong>intel-</strong></span> 
     </span>
    </p>
   </div>
   <div class='ocr_carea' id='block_1_111' title="bbox 917 2471 1710 2516">
    <p class='ocr_par' dir='ltr' id='par_1_111' title="bbox 917 2471 1710 2516">
     <span class='ocr_line' id='line_1_112' title="bbox 917 2471 1710 2516; baseline -0.014 -7"><span class='ocrx_word' id='word_1_800' title='bbox 917 2480 1036 2516; x_wconf 66' lang='lat' dir='ltr'><strong>ligentiae</strong></span> <span class='ocrx_word' id='word_1_801' title='bbox 1058 2478 1214 2512; x_wconf 70' lang='lat' dir='ltr'><strong>animmque</strong></span> <span class='ocrx_word' id='word_1_802' title='bbox 1229 2474 1459 2503; x_wconf 84' lang='lat' dir='ltr'><strong>instaurationem</strong></span> <span class='ocrx_word' id='word_1_803' title='bbox 1479 2473 1622 2506; x_wconf 89' lang='lat' dir='ltr'><strong>concedat,</strong></span> <span class='ocrx_word' id='word_1_804' title='bbox 1639 2476 1667 2499; x_wconf 87' lang='lat' dir='ltr'><strong>et</strong></span> <span class='ocrx_word' id='word_1_805' title='bbox 1682 2471 1710 2498; x_wconf 91' lang='lat' dir='ltr'><strong>in</strong></span> 
     </span>
    </p>
   </div>
   <div class='ocr_carea' id='block_1_112' title="bbox 916 2518 1710 2555">
    <p class='ocr_par' dir='ltr' id='par_1_112' title="bbox 916 2518 1710 2555">
     <span class='ocr_line' id='line_1_113' title="bbox 916 2518 1710 2555; baseline -0.013 0"><span class='ocrx_word' id='word_1_806' title='bbox 916 2527 1038 2555; x_wconf 86' lang='lat' dir='ltr'><strong>medium</strong></span> <span class='ocrx_word' id='word_1_807' title='bbox 1070 2524 1155 2552; x_wconf 82' lang='lat' dir='ltr'><strong>vestri</strong></span> <span class='ocrx_word' id='word_1_808' title='bbox 1182 2531 1215 2550; x_wconf 80' lang='lat' dir='ltr'><strong>ex</strong></span> <span class='ocrx_word' id='word_1_809' title='bbox 1244 2521 1319 2549; x_wconf 85' lang='lat' dir='ltr'><strong>illius</strong></span> <span class='ocrx_word' id='word_1_810' title='bbox 1344 2520 1485 2548; x_wconf 89' lang='lat' dir='ltr'><strong>voluntate</strong></span> <span class='ocrx_word' id='word_1_811' title='bbox 1514 2519 1635 2547; x_wconf 79' lang='lat' dir='ltr'><strong>redeam.</strong></span> <span class='ocrx_word' id='word_1_812' title='bbox 1657 2518 1710 2545; x_wconf 82' lang='lat' dir='ltr'><strong>Ista</strong></span> 
     </span>
    </p>
   </div>
   <div class='ocr_carea' id='block_1_113' title="bbox 919 2565 1710 2603">
    <p class='ocr_par' dir='ltr' id='par_1_113' title="bbox 919 2565 1710 2603">
     <span class='ocr_line' id='line_1_114' title="bbox 919 2565 1710 2603; baseline -0.013 -1"><span class='ocrx_word' id='word_1_813' title='bbox 919 2573 1014 2602; x_wconf 76' lang='lat' dir='ltr'><strong>eadem</strong></span> <span class='ocrx_word' id='word_1_814' title='bbox 1042 2575 1122 2599; x_wconf 84' lang='lat' dir='ltr'><strong>antea</strong></span> <span class='ocrx_word' id='word_1_815' title='bbox 1149 2569 1224 2602; x_wconf 83' lang='lat' dir='ltr'><strong>dixi;</strong></span> <span class='ocrx_word' id='word_1_816' title='bbox 1254 2568 1326 2603; x_wconf 74' lang='lat' dir='ltr'><strong>(qua:</strong></span> <span class='ocrx_word' id='word_1_817' title='bbox 1348 2567 1439 2595; x_wconf 81' lang='lat' dir='ltr'><strong>ferens</strong></span> <span class='ocrx_word' id='word_1_818' title='bbox 1461 2565 1496 2594; x_wconf 86' lang='lat' dir='ltr'><strong>ad</strong></span> <span class='ocrx_word' id='word_1_819' title='bbox 1529 2565 1601 2600; x_wconf 85' lang='lat' dir='ltr'><strong>vos),</strong></span> <span class='ocrx_word' id='word_1_820' title='bbox 1618 2569 1710 2600; x_wconf 81' lang='lat' dir='ltr'><strong>postca</strong></span> 
     </span>
    </p>
   </div>
   <div class='ocr_carea' id='block_1_114' title="bbox 921 2609 1711 2650">
    <p class='ocr_par' dir='ltr' id='par_1_114' title="bbox 921 2609 1711 2650">
     <span class='ocr_line' id='line_1_115' title="bbox 921 2609 1711 2650; baseline -0.015 -3"><span class='ocrx_word' id='word_1_821' title='bbox 921 2623 1094 2650; x_wconf 79' lang='lat' dir='ltr'><strong>ceconomus,</strong></span> <span class='ocrx_word' id='word_1_822' title='bbox 1115 2615 1160 2643; x_wconf 93' lang='lat' dir='ltr'><strong>cui</strong></span> <span class='ocrx_word' id='word_1_823' title='bbox 1175 2613 1276 2648; x_wconf 83' lang='lat' dir='ltr'><strong>scripta</strong></span> <span class='ocrx_word' id='word_1_824' title='bbox 1295 2612 1369 2644; x_wconf 86' lang='lat' dir='ltr'><strong>dedi,</strong></span> <span class='ocrx_word' id='word_1_825' title='bbox 1385 2611 1480 2639; x_wconf 88' lang='lat' dir='ltr'><strong>abibit.</strong></span> <span class='ocrx_word' id='word_1_826' title='bbox 1500 2609 1557 2638; x_wconf 82' lang='lat' dir='ltr'><strong>Vos</strong></span> <span class='ocrx_word' id='word_1_827' title='bbox 1568 2614 1672 2643; x_wconf 90' lang='lat' dir='ltr'><strong>autem,</strong></span> <span class='ocrx_word' id='word_1_828' title='bbox 1688 2609 1711 2636; x_wconf 90' lang='lat' dir='ltr'><strong>si</strong></span> 
     </span>
    </p>
   </div>
   <div class='ocr_carea' id='block_1_115' title="bbox 920 2655 1712 2702">
    <p class='ocr_par' dir='ltr' id='par_1_115' title="bbox 920 2655 1712 2702">
     <span class='ocr_line' id='line_1_116' title="bbox 920 2655 1712 2702; baseline -0.015 -9"><span class='ocrx_word' id='word_1_829' title='bbox 920 2665 1053 2702; x_wconf 86' lang='lat' dir='ltr'><strong>quosdam</strong></span> <span class='ocrx_word' id='word_1_830' title='bbox 1067 2660 1212 2690; x_wconf 84' lang='lat' dir='ltr'><strong>inveniatis</strong></span> <span class='ocrx_word' id='word_1_831' title='bbox 1232 2659 1265 2687; x_wconf 89' lang='lat' dir='ltr'><strong>ad</strong></span> <span class='ocrx_word' id='word_1_832' title='bbox 1281 2658 1386 2686; x_wconf 79' lang='lat' dir='ltr'><strong>litteras</strong></span> <span class='ocrx_word' id='word_1_833' title='bbox 1400 2656 1559 2689; x_wconf 78' lang='lat' dir='ltr'><strong>mittendas,</strong></span> <span class='ocrx_word' id='word_1_834' title='bbox 1574 2663 1629 2683; x_wconf 91' lang='lat' dir='ltr'><strong>non</strong></span> <span class='ocrx_word' id='word_1_835' title='bbox 1645 2655 1712 2683; x_wconf 87' lang='lat' dir='ltr'><strong>abs-</strong></span> 
     </span>
    </p>
   </div>
   <div class='ocr_carea' id='block_1_116' title="bbox 923 2703 1709 2746">
    <p class='ocr_par' dir='ltr' id='par_1_116' title="bbox 923 2703 1709 2746">
     <span class='ocr_line' id='line_1_117' title="bbox 923 2703 1709 2746; baseline -0.014 -6"><span class='ocrx_word' id='word_1_836' title='bbox 923 2713 1005 2740; x_wconf 86' lang='lat' dir='ltr'><strong>tineto</strong></span> <span class='ocrx_word' id='word_1_837' title='bbox 1025 2710 1091 2746; x_wconf 91' lang='lat' dir='ltr'><strong>quin</strong></span> <span class='ocrx_word' id='word_1_838' title='bbox 1106 2708 1174 2736; x_wconf 89' lang='lat' dir='ltr'><strong>mihi</strong></span> <span class='ocrx_word' id='word_1_839' title='bbox 1195 2705 1328 2734; x_wconf 87' lang='lat' dir='ltr'><strong>nuntietis</strong></span> <span class='ocrx_word' id='word_1_840' title='bbox 1348 2703 1487 2740; x_wconf 85' lang='lat' dir='ltr'><strong>quomodo</strong></span> <span class='ocrx_word' id='word_1_841' title='bbox 1507 2711 1537 2732; x_wconf 82' lang='lat' dir='ltr'><strong>se</strong></span> <span class='ocrx_word' id='word_1_842' title='bbox 1554 2711 1598 2731; x_wconf 87' lang='lat' dir='ltr'><strong>res</strong></span> <span class='ocrx_word' id='word_1_843' title='bbox 1612 2707 1709 2730; x_wconf 68' lang='lat' dir='ltr'><strong>vestrm</strong></span> 
     </span>
    </p>
   </div>
   <div class='ocr_carea' id='block_1_117' title="bbox 925 2749 1704 2787">
    <p class='ocr_par' dir='ltr' id='par_1_117' title="bbox 925 2749 1704 2787">
     <span class='ocr_line' id='line_1_118' title="bbox 925 2749 1704 2787; baseline -0.014 -1"><span class='ocrx_word' id='word_1_844' title='bbox 925 2758 1053 2787; x_wconf 80' lang='lat' dir='ltr'><strong>habeant.</strong></span> <span class='ocrx_word' id='word_1_845' title='bbox 1072 2754 1244 2787; x_wconf 77' lang='lat' dir='ltr'><strong>Contenditc,</strong></span> <span class='ocrx_word' id='word_1_846' title='bbox 1262 2753 1309 2782; x_wconf 81' lang='lat' dir='ltr'><strong>ﬁlii</strong></span> <span class='ocrx_word' id='word_1_847' title='bbox 1328 2751 1391 2786; x_wconf 87' lang='lat' dir='ltr'><strong>mei,</strong></span> <span class='ocrx_word' id='word_1_848' title='bbox 1415 2751 1448 2780; x_wconf 84' lang='lat' dir='ltr'><strong>ad</strong></span> <span class='ocrx_word' id='word_1_849' title='bbox 1465 2749 1601 2778; x_wconf 80' lang='lat' dir='ltr'><strong>manualia</strong></span> <span class='ocrx_word' id='word_1_850' title='bbox 1617 2755 1704 2784; x_wconf 68' lang='lat' dir='ltr'><strong>opera.</strong></span> 
     </span>
    </p>
   </div>
  </div>
