1921 3073
235 135 286 167 671

803 135 835 165 S.
861 128 1061 164 THEODORI
1083 129 1258 159 STUDlTIE

1813 128 1869 158 072

236 197 297 217 rum
312 198 366 217 non
382 190 462 218 nobis
475 209 484 224 ,
502 190 636 224 Domine,
656 199 708 218 non
730 190 809 218 nobis
820 213 827 224 ,
848 193 914 226 quin
934 189 975 216 fas
991 187 1026 214 ιιι

1082 197 1207 229 salutem,
1224 197 1278 224 nisi
1299 196 1433 230 repressis
1448 195 1580 230 evestigio
1597 195 1682 223 turbis
1695 217 1702 227 ,
1714 202 1870 229 consequa-

237 241 352 264 ennctos
370 236 417 263 Dei
429 235 600 269 liberalitate,
612 245 644 264 ac
657 242 828 270 sanctorum,
839 242 866 264 et
881 237 952 264 beati
965 243 1027 272 prc-

237 283 317 310 cibus
330 282 419 309 Patris
433 289 466 310 ex
488 283 531 310 his
542 283 671 310 omnibus
683 287 794 317 ereptos
807 283 879 310 bona
895 282 1026 316 consequi

238 330 376 364 promissa
391 336 438 364 per
451 328 591 356 Christum
605 328 699 356 Iesum
720 328 865 356 Dominum
881 333 1006 356 nostrum
1018 350 1025 362 ,

238 375 283 402 cui
297 375 381 409 gloria
395 379 422 401 et
437 374 581 409 imperium
593 382 656 402 cum
669 375 748 403 Patre
759 383 792 402 ac
801 379 896 403 saneto
904 375 1007 410 Spiritu
1018 396 1026 408 ,

239 428 313 448 nunc
327 425 355 448 et
370 425 486 455 semper,
497 421 524 447 in
531 427 695 456 omnemque
705 422 1026 456 perpetuitatettt.Atnen.

505 486 622 514 SERMO
636 487 755 515 CXXIV.

240 532 348 566 Δρεγίγὶ
364 531 433 566 fore:
449 533 520 570 vitiis
536 542 585 570 non
597 538 728 570 oportere,
743 543 900 570 operamque
912 535 1028 563 dandam

421 568 466 601 qui
481 568 557 602 [tedis
572 569 699 603 cogitatis
716 578 846 597 vacemus.

275 611 386 639 Fratres
415 610 564 647 Patresque
575 634 582 646 ,
605 613 710 648 lapsum
726 619 767 641 est
783 619 889 649 tempus
909 615 1029 643 nonnul-

240 658 297 685 lum
315 666 348 685 ex
375 666 431 693 quo
454 659 569 686 solemni
589 661 728 688 catecbesi
742 681 749 692 ,
767 662 893 696 interque
909 670 958 689 nos
973 663 1031 689 otii-

240 704 290 731 ciis
302 704 422 731 vicissim
443 705 638 739 prohibemur,
653 711 777 733 extorres
803 707 856 735 huc
888 707 953 735 illuc
976 714 1031 743 prae

239 749 428 783 Agarenorum
445 750 568 777 incursu.
585 750 746 785 Quanquam
766 750 811 786 qui
824 752 972 787 jubeamur
987 753 1030 780 be-

240 794 361 821 nedicere
372 793 515 822 Dominum
524 796 551 822 in
563 796 634 822 omni
650 796 706 823 loco
720 797 910 825 dominationis
926 799 983 834 eius
996 800 1028 833 ",

1078 250 1150 270 mur.
1171 242 1307 275 Quorsum
1325 249 1374 270 nos
1389 247 1479 269 autem
1493 241 1616 274 turbari,
1634 248 1666 269 ac
1683 241 1826 273 ﬂuctuare,
1841 247 1871 267 et

1078 286 1253 321 naufragium
1269 286 1469 313 extimescere?
1485 292 1536 312 cur
1552 293 1605 312 non
1629 285 1777 319 tranquilla
1801 292 1871 319 pace

1079 332 1204 364 fruimur,
1224 331 1270 359 sed
1285 337 1465 366 spontaneum
1483 331 1510 358 iu
1520 338 1570 358 nos
1579 335 1657 357 atrox
1672 331 1786 358 exitium
1800 337 1870 358 con—

1080 377 1198 404 fiamus?
1223 376 1281 404 Non
1298 376 1466 404 arcessimus
1481 376 1594 403 insanias
1607 376 1654 410 qui
1674 382 1689 403 e
1704 380 1783 409 portu
1804 382 1872 410 pro-

1079 423 1142 450 fecti
1157 423 1208 451 sub
1223 427 1420 458 tempestatem,
1441 421 1570 449 fluctibus
1585 421 1764 457 mergantur?
1778 421 1871 447 enim-

1079 477 1145 497 vero
1159 470 1243 497 multo
1257 477 1307 497 nos
1323 470 1383 497 sani
1397 468 1508 503 putandi
1526 467 1628 500 minus,
1642 467 1688 502 qui
1701 467 1729 494 in
1739 467 1872 494 vitiorum

1081 519 1270 550 teit'npeslatetn
1288 515 1359 542 ultro
1368 521 1493 542 ruamus.
1505 513 1615 540 Scilicet
1626 520 1694 548 quas
1705 520 1759 540 non
1770 512 1874 540 excitet

1081 560 1215 595 procellas
1233 560 1368 595 impotens
1386 560 1414 586 in
1440 559 1533 586 animo
1555 559 1665 593 spirans
1687 558 1874 585 desiderium?

1081 613 1135 633 non
1152 608 1222 637 huc,
1239 606 1304 633 illuc
1317 605 1451 640 impulsos
1474 608 1605 639 tauquam
1625 603 1750 635 suffocat,
1763 603 1874 632 demet:

1081 651 1148 678 sos?
1164 651 1222 678 Non
1240 650 1342 677 invidia
1355 650 1456 684 pariter
1467 652 1586 676 mentem
1601 652 1735 679 extentat,
1748 648 1875 674 animum

1079 699 1158 733 juxta
1187 702 1220 724 ac
1234 702 1336 731 corpus
1354 694 1501 723 saueians?
1515 700 1568 720 non
1577 693 1728 728 pervicacia
1746 693 1877 720 tenebras

1082 744 1197 780 ingeniis
1222 742 1342 774 obducit,
1358 740 1473 768 remissa
1486 744 1513 766 et
1521 739 1600 767 etl‘eta
1624 738 1806 774 comparans?
1818 745 1875 770 non

1083 790 1191 824 singula
1203 810 1210 822 ,
1225 789 1362 820 breviter,
1388 787 1516 814 mortales
1532 784 1626 812 habitu
1642 784 1760 819 quodam
1777 784 1876 812 demo-

240 847 275 866 ne
292 839 335 866 hic
350 839 460 874 quidem
481 845 680 875 torpescamus,
696 842 743 877 qui
759 850 810 877 pro
825 843 898 871 νίτίιί
916 829 1028 878 “Vatum;
1047 858 1068 886 Β
1083 840 1146 863 vent
1158 839 1275 886 naturas,
1290 840 1323 861 ac
1331 834 1428 886 brutos
1444 831 1612 886 motionum?
1627 831 1720 865 Itaque
1737 829 1875 883 fugiamus

240 885 475 914 exercitationem.
492 886 610 921 opificia,
627 892 654 914 et
663 889 759 922 quzein
771 889 832 917 aliis
845 891 897 918 sita
915 891 1029 920 honesta

241 932 414 958 conversatio
430 936 490 964 est,
516 940 662 967 urgeamus
689 942 749 968 quae
772 936 917 963 videantur
937 945 1029 965 rerum

240 984 301 1010 quae
319 977 429 1004 minime
449 976 592 1006 videantur
603 980 742 1014 exemplar
757 981 912 1016 capientes;
928 991 990 1010 nam
1006 983 1030 1011 si

240 1027 314 1050 metu
331 1031 365 1050 ne
379 1024 563 1052 incideremus
578 1025 604 1052 in
619 1026 807 1061 Agarenorum
833 1036 930 1057 manus
951 1029 1031 1058 aufu-

240 1067 341 1101 gitnus,
356 1068 400 1095 hic
415 1069 559 1102 haerentes,
569 1075 672 1105 quanto
686 1071 817 1100 debemus
830 1074 918 1109 magis
932 1075 1030 1103 timore

240 1119 275 1139 ne
290 1112 420 1146 inimicis,
431 1114 478 1149 qui
493 1116 618 1143 obtutum
637 1116 742 1152 fugiant
755 1119 911 1153 oculorum,
930 1121 957 1148 in
974 1129 1031 1149 ma-

240 1166 305 1185 num
326 1161 626 1196 conveniamus,quam
654 1164 814 1199 longissime
830 1185 838 1198 ,
871 1175 1028 1203 quanquam

241 1204 378 1232 tutissime
397 1206 565 1234 abscedere?
578 1208 612 1235 At
624 1210 670 1243 qui
687 1215 730 1237 est
745 1211 911 1240 abscessus?
925 1214 1029 1248 peccati

241 1249 316 1285 fuga,
331 1259 398 1286 quo,
411 1253 531 1280 acinacis
543 1254 641 1285 instar.
654 1256 775 1284 animum
788 1264 898 1285 omnem
910 1259 1031 1288 interne-

241 1303 304 1323 care
319 1297 418 1332 satagit
428 1297 643 1332 diabolus.Quod
658 1300 795 1336 fugiamus
806 1311 888 1338 quam
900 1306 1030 1338 maxime,

241 1342 351 1372 fratres.
369 1343 410 1369 vel
427 1351 514 1378 usque
531 1345 564 1372 ad
586 1347 777 1382 cogitationes,
806 1350 879 1377 unde
902 1351 929 1378 in
949 1354 1031 1380 verba

241 1395 434 1423 prorumpens,
448 1390 555 1417 desinat
568 1399 650 1426 porro
663 1393 689 1420 in
704 1394 849 1423 actionem.
863 1396 974 1425 Difﬁcile
989 1403 1031 1426 est

241 1439 332 1461 autem
347 1455 355 1467 ,
386 1443 418 1462 ac
433 1444 517 1471 prope
536 1438 708 1473 deploratmn
722 1461 730 1473 ,
759 1449 930 1477 nequaquam
949 1443 1030 1472 foedis

241 1481 367 1515 cegitatis
383 1482 453 1516 capi.
469 1482 575 1516 Quibus
595 1484 619 1512 si
635 1493 812 1521 occupentur,
830 1494 903 1516 certe
923 1491 1030 1518 amoliri

242 1527 320 1553 ocius
332 1527 452 1555 nitamur
468 1529 613 1564 precibus,
630 1531 758 1566 iacrymis
770 1534 853 1560 animi
877 1536 953 1569 quasi
970 1538 1032 1570 qui-

242 1573 357 1600 busdam
373 1576 516 1608 :erumuis,
533 1584 594 1611 quae
610 1585 642 1604 ex
654 1577 745 1605 divina
762 1579 1033 1610 formidiuenascan-

241 1625 295 1651 tur,
309 1624 380 1647 utne
392 1626 534 1655 peccatum
547 1623 656 1657 exigant
667 1631 754 1657 mora,
764 1630 845 1660 atque
859 1627 884 1654 id
899 1629 1032 1662 quotidie,

241 1666 377 1701 siquidem
395 1667 468 1695 inest
486 1668 513 1695 in
532 1669 611 1697 nobis
625 1678 723 1705 perpes
739 1672 909 1707 implacabile
921 1676 1031 1709 bellttm,

242 1719 330 1746 neque
343 1713 422 1740 aliter
436 1713 479 1741 fas
491 1714 608 1742 evadere
619 1721 670 1749 est,
682 1725 764 1752 quam
783 1719 898 1754 ingenti,
918 1725 1033 1749 conten-

241 1762 324 1792 toque
338 1760 496 1793 magisterio
507 1761 619 1794 utentis,
632 1770 692 1789 cum
705 1765 830 1797 prazsidio
844 1767 958 1794 caelesti.
971 1766 1030 1795 Non

241 1804 368 1831 videmus
383 1812 443 1838 qua:
456 1806 571 1832 excitata
586 1807 622 1834 sit
642 1814 691 1841 per
706 1808 756 1835 hoc
772 1809 891 1837 triduum
910 1812 937 1838 in
962 1813 1030 1840 mari

241 1852 414 1884 tempestas?
428 1852 520 1879 eadem
534 1856 575 1879 est
591 1857 618 1880 et
643 1854 784 1888 vitiorum,
805 1863 837 1883 ac
853 1857 896 1889 pol
910 1859 1029 1892 gravior,

241 1902 388 1931 postquam
404 1897 448 1924 hic
462 1897 547 1926 animi
569 1901 660 1932 agitur
682 1900 866 1936 naufragium.
883 1903 942 1930 Jam
957 1904 1030 1932 illius

242 1947 341 1969 auctor
358 1941 430 1970 Deus
444 1948 497 1975 est,
511 1945 569 1978 qtti,
580 1949 610 1972 ut
622 1953 655 1972 ex
670 1954 720 1974 usu
739 1947 784 1980 sit,
797 1949 952 1983 praestituto
961 1955 1030 1978 tem-

241 1996 308 2025 pore
324 1989 391 2016 mari
407 1991 651 2024 ventosimmittat;
667 1992 749 2028 hujus
763 1996 937 2030 nosmetipsi:
949 1997 1030 2026 liceat

241 2035 315 2062 enim
332 2036 405 2063 velut
424 2036 450 2063 in
469 2041 548 2071 portu
566 2038 664 2072 degere
680 2041 836 2075 tranquillis
851 2062 859 2073 ,
887 2043 934 2078 qui
957 2045 1028 2073 haud

241 2081 399 2115 aperiamus
415 2083 488 2111 vitiis
510 2083 592 2111 fores.
611 2085 659 2112 Sin
673 2086 829 2120 aperimus,
843 2088 910 2116 flant
934 2090 961 2117 in
979 2099 1030 2119 nos

241 2126 355 2161 spiritus
369 2128 492 2163 maligni,
508 2134 535 2157 et
552 2129 647 2165 ingens
660 2132 782 2158 cooritur
797 2137 959 2168 tempestas,
979 2144 1031 2164 uec

528 2173 644 2202 SEBMO
658 2175 764 2204 CXXV.

241 2219 280 2247 De
292 2219 452 2251 obedientia,
471 2228 503 2246 ac
519 2221 564 2255 qui
582 2223 682 2249 cunctis
702 2223 831 2252 obeundis
852 2225 949 2252 muniis
971 2235 1031 2254 cum

400 2255 452 2289 ﬁde
473 2263 590 2290 puraque
605 2263 689 2283 mente
702 2259 861 2286 animentur.

278 2300 386 2328 Fratres
414 2300 575 2335 Patresque.
598 2303 724 2337 equidem
749 2305 819 2331 servi
835 2305 938 2333 veritus
954 2307 1028 2340 judi-

243 2346 315 2373 ciutn
331 2346 378 2380 qui
404 2346 535 2373 talenttttn
551 2347 655 2374 abdidit
671 2348 697 2375 in
716 2353 827 2381 terram,
843 2351 875 2377 ad
893 2359 974 2386 quem
992 2353 1031 2379 ait

242 2391 374 2419 Dominus
390 2401 397 2418 :
414 2392 491 2419 Serve
509 2393 585 2424 male,
601 2398 625 2420 et
636 2395 718 2428 piger,
735 2397 851 2429 oportuit
873 2401 896 2423 te
908 2403 1029 2424 commit-

243 2443 295 2464 tere
310 2439 445 2471 pecuniam
463 2447 547 2465 nteant
560 2440 756 2471 numutuluriis,
769 2446 792 2467 et
805 2443 906 2469 ueniens
923 2451 969 2477 ego
988 2452 1030 2470 re-

242 2485 367 2517 cepissent
383 2484 471 2518 utiquc
484 2485 553 2518 quod
564 2493 648 2511 meum
663 2489 701 2511 est
716 2493 776 2513 cum
792 2495 873 2513 usura
888 2488 920 2520 ³³,
934 2495 1029 2515 neces-

242 2530 316 2557 sario
334 2530 390 2557 haec
404 2530 549 2557 verborum
566 2531 671 2558 dissero
685 2537 837 2567 segmenta.
852 2533 977 2562 Vestrum
990 2541 1031 2562 est

243 2580 346 2607 autem,
368 2575 414 2611 qui
435 2576 535 2612 egregii
562 2576 673 2611 quidatn
692 2579 868 2606 nunuuularii
893 2579 970 2612 sitis,
1003 2580 1028 2607 in

241 2629 308 2656 opus
331 2623 448 2650 educere
464 2630 638 2655 sermonem,
663 2631 743 2658 quem
770 2624 817 2651 Dei
844 2625 975 2652 beneficio
1003 2630 1031 2653 et

241 2668 386 2700 oduxistis,
400 2676 442 2695 mc
456 2668 592 2702 hercules,
607 2674 634 2696 et
645 2669 772 2703 cducitis,
788 2678 837 2705 pro
852 2671 951 2706 insigni
964 2672 1028 2698 obe-

241 2714 344 2742 tlicntia
362 2719 463 2742 vestra.
484 2715 645 2751 Quanquam
673 2722 735 2744 sunt
754 2716 781 2743 in
809 2717 886 2745 vobis
905 2717 951 2752 qui
978 2726 1027 2745 nec

278 2786 300 2801 ’ν
315 2784 386 2813 Psal.
404 2794 451 2816 cn,
466 2786 511 2813 22.
549 2787 572 2802 ⁸ο
586 2786 654 2814 Gen.
671 2795 707 2820 vt,
725 2788 753 2814 3.
790 2787 810 2802 ³·
830 2787 946 2822 Philipp.
966 2794 1005 2818 ιιι,
1022 2787 1066 2814 20.

279 2841 318 2876 (Ai)
328 2841 404 2877 Apud
421 2842 486 2870 Cod.
505 2843 576 2870 Non.
592 2849 670 2871 exxtI
683 2843 800 2875 exsistit,
813 2851 837 2878 μ.
856 2842 914 2870 167.

1083 889 1175 917 porro,
1188 880 1325 916 fugiamus
1342 878 1470 914 pestifera
1483 877 1566 909 vitia,
1585 877 1684 905 fratres
1696 896 1704 908 ,
1727 884 1763 904 ne
1778 877 1806 904 in
1823 884 1876 905 nos

1081 935 1190 963 quoqtte
1210 927 1267 954 haec
1282 926 1330 954 Dei
1348 925 1487 953 sententia
1510 923 1616 951 dicatur
1635 932 1641 950 :
1661 922 1722 949 Non
1735 931 1876 956 permane-

1081 973 1118 1000 bit
1136 973 1245 1006 spiritus
1262 980 1335 998 meus
1348 971 1376 998 in
1392 971 1430 997 eis
1441 990 1448 1001 ,
1469 970 1514 1005 qui
1529 976 1622 995 carnes
1638 973 1699 994 sunt
1713 968 1746 996 ³⁸,
1767 967 1875 995 Carues

1080 1028 1146 1047 vero
1178 1019 1390 1054 haudquaquam
1411 1016 1498 1044 sensit
1516 1015 1643 1042 universe
1662 1014 1736 1048 (nam
1757 1018 1784 1040 et
1803 1013 1875 1040 Deus

1081 1066 1201 1093 Verbum
1215 1065 1302 1092 factus
1318 1071 1383 1091 caro
1401 1065 1465 1096 est),
1475 1061 1521 1089 sed
1537 1060 1646 1088 carnale
1660 1059 1779 1087 studium
1789 1059 1875 1086 nimi—

1081 1121 1152 1146 rum,
1171 1113 1244 1148 quod
1267 1111 1347 1139 foedis
1369 1109 1528 1136 libidinibus
1544 1107 1678 1138 defixum,
1698 1106 1786 1133 instar
1801 1104 1875 1131 fera-

1082 1168 1154 1191 rum,
1173 1158 1285 1186 minime
1303 1156 1454 1191 appetitum
1483 1153 1608 1181 conferat
1631 1152 1658 1179 in
1683 1151 1780 1179 Deum.
1811 1151 1875 1184 Quo

1081 1207 1137 1234 Deo
1145 1206 1209 1240 Opt.
1218 1203 1289 1231 Max.
1300 1202 1500 1232 consecrando,
1511 1200 1549 1227 uti
1559 1199 1677 1232 postulet
1685 1198 1737 1225 hoc
1743 1197 1873 1224 enatum:

1086 1252 1180 1280 Vestra
1194 1250 1358 1278 conversatio
1371 1249 1399 1274 in
1416 1247 1487 1274 caelis
1503 1251 1540 1273 est
1555 1246 1587 1277 ".
1605 1244 1750 1272 audiamus
1763 1244 1875 1277 potius:

1087 1296 1137 1325 Vos
1153 1304 1204 1323 non
1229 1295 1292 1322 estis
1307 1301 1339 1321 ea:
1351 1294 1399 1320 hoc
1413 1292 1522 1324 mundo,
1539 1292 1605 1318 sicut
1620 1296 1643 1317 et
1667 1298 1712 1324 ego
1740 1296 1792 1315 non
1816 1296 1877 1315 tum

1081 1350 1114 1370 ea:
1132 1343 1180 1368 hoc
1198 1339 1296 1367 mundo
1309 1339 1342 1370 “,
1358 1345 1414 1373 quo
1428 1337 1494 1372 quid
1513 1336 1636 1366 beatius,
1655 1342 1708 1362 non
1724 1334 1815 1361 solum
1832 1341 1878 1361 se-

1081 1389 1201 1418 cundum
1234 1387 1381 1414 imminens
1409 1390 1508 1415 aevum,
1535 1383 1582 1410 sed
1604 1383 1685 1409 etiam
1722 1381 1877 1408 secundum

1081 1443 1202 1471 pra-scus
1224 1434 1235 1460 ’ἶ
1261 1434 1307 1468 qui
1323 1432 1435 1467 quidem
1457 1437 1471 1456 a
1488 1429 1570 1457 foedis
1596 1428 1755 1455 libidinibus
1779 1427 1876 1459 alieni,

1081 1489 1135 1509 non
1152 1488 1235 1508 carne
1261 1485 1407 1514 regamur,
1425 1477 1491 1512 quin
1523 1476 1619 1511 spiritu
1645 1475 1792 1501 ducamur.
1820 1473 1878 1500 Iloe

1045 1526 1066 1554 C
1085 1527 1234 1558 beatitudo,
1257 1525 1309 1552 hoc
1333 1523 1465 1554 suavitas,
1493 1522 1545 1549 hoc
1572 1520 1698 1553 felicitas,
1723 1521 1776 1547 hoc
1791 1527 1877 1554 ange-

1083 1573 1134 1600 lica
1148 1573 1201 1599 vita
1215 1576 1254 1599 est
1273 1574 1356 1605 atque
1370 1570 1402 1600 is,
1419 1568 1526 1596 medius
1542 1567 1633 1598 fidius,
1648 1566 1676 1594 in
1697 1565 1803 1592 mundo
1816 1566 1878 1592 vita:

1083 1619 1212 1654 quiddam
1230 1617 1336 1644 obtinet
1361 1615 1459 1645 instar,
1478 1613 1602 1640 diadema
1616 1611 1776 1646 gerentibus
1793 1616 1879 1636 vene-

1084 1664 1198 1697 randus,
1215 1662 1309 1689 tnundi
1328 1661 1446 1692 arbiter,
1468 1663 1494 1687 et
1514 1659 1596 1686 herus
1607 1678 1613 1690 ,
1628 1657 1784 1685 simulacris
1800 1662 1880 1683 satur

1083 1710 1202 1742 divinis,
1216 1708 1250 1736 ad
1267 1708 1409 1735 decessum
1428 1711 1550 1741 paratus,
1568 1712 1582 1731 a
1600 1708 1688 1731 morte
1703 1703 1879 1737 imperterri-

1081 1761 1136 1784 tus.
1152 1755 1170 1782 li
1183 1758 1210 1782 et
1223 1761 1284 1787 nos,
1300 1753 1409 1785 fratres,
1425 1752 1541 1780 eradere
1556 1757 1606 1786 pro
1620 1751 1726 1778 viribus
1737 1754 1880 1776 certemus

1081 1801 1193 1837 (ctenim
1210 1799 1251 1827 fas
1264 1803 1317 1828 est.
1335 1799 1357 1826 si
1373 1798 1461 1825 solido
1477 1797 1615 1829 velimus).
1633 1797 1708 1830 iique
1727 1795 1805 1826 facti,
1819 1799 1878 1822 tum

1081 1846 1163 1874 vitam
1181 1845 1251 1872 hanc
1265 1850 1373 1871 omnem
1394 1843 1508 1869 hilarem
1521 1842 1673 1876 exigemus.
1688 1840 1800 1875 quotvis
1846 1846 1879 1866 ac

1082 1891 1227 1928 quantavis
1246 1890 1396 1918 secundum
1412 1895 1522 1915 carnem
1542 1887 1665 1914 incidant
1685 1886 1798 1918 acerba,
1817 1890 1878 1912 tum

1083 1940 1110 1967 iu
1130 1937 1222 1966 futuro
1234 1937 1334 1965 smculo
1345 1936 1457 1963 caeleste
1470 1941 1585 1968 regnum
1601 1933 1780 1963 erciscemur,
1796 1936 1880 1958 teter-

1083 1986 1127 2013 uis
1143 1985 1223 2012 bonis
1240 1990 1302 2010 cum
1317 1981 1419 2009 sanctis
1435 1979 1565 2007 omnibus
1587 1978 1708 2006 fruentes
1731 1983 1780 2012 per
1800 1977 1880 2005 Chri-

1085 2039 1156 2061 stutu
1174 2031 1266 2059 Jesum
1290 2029 1432 2056 Dominum
1450 2030 1592 2053 nostrum:
1613 2025 1656 2053 cui
1678 2025 1765 2060 gloria
1781 2029 1810 2051 et
1824 2024 1878 2050 im-

1083 2079 1187 2115 perium
1213 2084 1274 2104 cum
1308 2074 1398 2105 Patre,
1419 2079 1452 2100 ac
1479 2076 1575 2099 sancto
1602 2070 1717 2105 Spiritu,
1746 2077 1821 2096 nunc
1851 2074 1879 2096 et

1084 2130 1203 2159 semper,
1219 2122 1247 2149 in
1265 2125 1430 2154 omnemque
1449 2117 1671 2153 perpetuitatem.
1688 2116 1786 2142 Amen.

1367 2171 1476 2200 ΛΟΓΟΣ
1493 2171 1582 2198 PKE’.

1081 2225 1150 2259 Περὶ
1164 2220 1303 2259 ὑπᾳκρῆς
1315 2220 1370 2259 ,καὶ
1388 2219 1441 2259 ςοῦ
1454 2219 1530 2259 μετὰ
1545 2219 1680 2259 diorem:
1687 2218 1736 2259 κς),
1754 2217 1876 2259 ἐτιμωρ-

1133 2259 1193 2292 δίᾳ,
1211 2258 1260 2284 ἐπὶ
1279 2253 1365 2288 ﬁdem
1383 2255 1523 2287 διακονΙςι
1537 2253 1754 2287 προθυμεῖσθαι
1771 2253 1822 2287 (Δ).

1122 2304 1244 2338 Ἀδελφοὶ
1265 2302 1312 2329 καὶ
1322 2301 1452 2336 Πατέρες,
1459 2298 1585 2331 δεδοικὼς
1593 2298 1624 2325 τὸ
1635 2299 1722 2333 κρῖμα
1733 2298 1780 2324 τοῦ
1789 2299 1820 2325 τὺ
1829 2300 1878 2325 τά-

1081 2353 1178 2379 λαντον
1192 2351 1221 2376 ὲν
1235 2350 1268 2384 τῇ
1281 2349 1314 2383 γῇ
1332 2347 1486 2382 κρύψαντος
1499 2367 1506 2378 ,
1521 2345 1589 2379 πρὸς
1601 2344 1630 2371 ὃν
1640 2352 1723 2379 φησιν
1733 2345 1748 2371 ό
1761 2345 1876 2380 Κύριος·

1083 2398 1178 2425 Δοῦλε
1193 2394 1307 2428 πονηρὲ
1324 2394 1373 2420 καὶ
1392 2391 1512 2426 όκνηρὲ,
1528 2391 1588 2418 ἔδει
1602 2398 1640 2417 σε
1650 2390 1762 2422 ,ϐαλεῖν
1778 2392 1812 2418 τὸ
1827 2392 1878 2424 ἀρ-

1084 2443 1189 2478 γύριόν
1204 2449 1264 2475 μου
1275 2439 1337 2470 τοῖς
1354 2437 1548 2472 τραπεζίταις,
1564 2436 1612 2463 καὶ
1622 2435 1720 2463 ἐλθὼν
1736 2435 1795 2469 ἐῖὼ
1812 2436 1878 2462 ἐλυ-

1078 2488 1216 2524 μισὰμητ
1232 2486 1270 2514 ἂν
1293 2486 1325 2512 τὸ
1341 2485 1415 2519 ἐμὸν
1431 2484 1493 2511 σὺν
1511 2484 1599 2515 τόκῳ,
1615 2483 1775 2516 ἀναγκαίως
1796 2483 1877 2516 φθέγ-

1080 2543 1164 2569 γομαι
1186 2533 1273 2560 ταῦτα
1291 2532 1325 2559 τὰ
1342 2530 1446 2566 βραχέα
1460 2530 1587 2565 ρήματα’
1603 2528 1681 2563 ὑμῶν
1696 2527 1725 2554 δέ
1747 2529 1806 2554 ἐστι
1821 2528 1877 2554 ληι-

1082 2581 1131 2606 πὸν
1145 2580 1199 2606 τῶν
1211 2578 1302 2605 καλῶν
1317 2577 1372 2604 τῶν
1387 2574 1571 2612 τραπεζιτῶν,
1586 2575 1626 2605 εἰς
1646 2573 1726 2609 ἔργον
1750 2582 1875 2608 προαγα-

1080 2627 1139 2659 γεῖν
1155 2625 1190 2652 τὰ
1210 2625 1346 2658 λεγόμενα.
1358 2633 1364 2638 ·
1383 2623 1455 2658 ἅπερ
1470 2621 1562 2657 χάριτι
1578 2620 1646 2648 Θεοῦ
1660 2620 1708 2646 καὶ
1724 2620 1874 2655 προσάγετε,

1081 2671 1126 2698 διὰ
1143 2671 1191 2705 τῆς
1204 2670 1310 2705 ἀγαθῆς
1328 2668 1404 2704 ὑμῶν
1418 2668 1569 2701 ὑποταγῆς,
1583 2667 1658 2701 ὅμως
1674 2666 1715 2692 ὅτι
1730 2666 1785 2691 εἰσί
1804 2674 1876 2697 τινες

1081 2718 1110 2744 ἐν
1127 2718 1202 2752 ὑμῖν,
1218 2717 1328 2748 οἵτινες
1352 2716 1382 2742 οὐ
1402 2715 1482 2750 μόνον
1500 2714 1531 2741 τὸ
1545 2713 1620 2740 δοθὲν
1638 2711 1873 2748 προσεξεργάζον-

1107 2789 1128 2805 ³¹
1144 2788 1221 2815 Joan.
1240 2795 1305 2821 xvn,
1325 2787 1367 2815 Η.
1407 2787 1429 2803 ³³
1450 2786 1545 2814 Matth.
1563 2793 1627 2819 xxv,
1642 2784 1686 2813 27.
