1921 3073
225 140 279 172 ὕ75

807 139 836 168 S.
868 138 1067 168 THEODORI
1088 137 1261 168 STUDlT/E

1808 138 1866 168 6Ἠὶ

223 200 298 228 (nam
320 192 493 220 ohsectmdos
508 191 686 226 janraccepi)
698 213 705 224 ,
734 199 814 226 quatit
829 193 951 219 omnium
967 200 1013 219 au-

1075 192 1203 218 ῖιακονίαν
1219 190 1302 217 αὐτοῦ
1315 191 1536 226 πληροφορείτω·
1554 190 1601 217 καὶ
1613 190 1628 216 ὃ
1641 191 1719 217 ἔλαϐε
1732 192 1866 227 χάρισμα

223 240 356 268 dientium
373 246 467 270 causa,
487 244 516 265 ut
528 239 628 265 obnixe
646 245 678 265 ac
703 243 831 265 contente
856 246 916 272 qure
935 243 1013 273 pacta

223 290 357 314 conventa
377 285 431 310 Deo
448 289 526 317 teste,
545 288 628 318 atque
649 283 743 310 electis
767 284 871 319 angelis
891 284 1014 315 iniimus,

224 339 254 358 re
281 336 309 358 et
321 337 404 364 opere
421 334 593 364 praestemus.
615 337 668 356 neu
683 329 906 365 tergiversemur,
917 337 1015 363 quatit-

224 376 287 403 libet
303 376 474 403 mortiferum
488 375 523 402 sit
534 375 605 410 quod
619 374 783 409 injuugitur,
797 374 822 401 id
837 374 910 401 enim
923 374 1017 401 Patres

225 429 257 449 ac
272 429 389 456 magnus
402 421 430 448 in
453 421 549 456 primis
564 421 691 454 Basilius,
704 421 812 455 jnhent.
824 420 882 453 Qua
895 420 1016 455 degenda

224 466 289 498 vita,
307 474 478 501 nequaquam
491 472 583 494 sontes
601 467 752 493 moriamur
763 487 770 498 ,
787 466 854 500 quin
869 473 917 500 pro
932 465 1017 500 justi-

223 512 261 539 tia
274 512 338 542 vivi,
350 513 461 540 caeleste
478 520 590 548 regnum
606 520 807 547 consequamur
818 520 865 547 per
875 512 1012 538 Christum

223 557 317 584 Jesum
339 557 485 584 Dominum
504 562 629 585 nostrum
646 566 653 583 :
669 558 712 585 cui
727 558 813 592 gloria
830 562 856 584 et
867 558 1012 592 imperium

223 611 284 631 cum
300 603 390 636 Patre,
405 610 437 630 ac
452 607 547 630 sancto
566 602 681 638 Spiritu,
704 611 776 630 nunc
793 607 820 630 et
840 610 958 638 semper,
986 603 1012 630 in

223 656 388 683 onmemque
399 649 618 683 perpetuitatem.
632 649 729 676 Amen.

222 703 284 730 τυρι
309 694 368 729 Θεῷ
396 695 517 725 καὶτοῖς
543 694 683 725 ἐκλεκτοῖς
707 693 835 727 ἀγγέλοις
861 693 1013 729 ἐδώκαμεν,

225 741 275 768 κᾶν
292 740 442 775 θανάσιμον
495 740 525 766 τὸ
542 740 765 775 ἐπιταττόμενον.
789 739 884 772 Οὕτως
904 740 959 775 γὰρ
975 740 1022 766 κελ

225 787 334 818 σίλειος,
351 786 398 813 καὶ
414 785 501 817 οὓτως
516 785 673 817 διαζῶντες,
687 785 739 812 οὐκ
754 785 968 819 ἀποθανούμεθα
980 786 1012 820 τῇ

1066 237 1143 272 παρὰ
1156 237 1236 269 Θεοῦ,
1251 237 1426 263 λυσιτελείτω
1449 237 1517 271 πρὸς
1543 237 1574 262 τδ
1600 238 1676 272 κοινῇ
1704 239 1865 273 συμφέρον,

1066 283 1166 310 ὲννοῶν
1177 284 1218 310 ὅτι
1234 284 1263 309 ἐν
1277 283 1348 318 χειρὶ
1361 282 1428 309 Θεοῦ
1440 283 1474 309 τὰ
1488 282 1621 317 ἡμέτερα,
1637 283 1683 309 καὶ
1695 283 1756 309 οὔτε
1773 284 1821 310 διὰ
1834 284 1868 310 τὸ

1066 330 1095 356 ἐν
1109 329 1230 364 θαλάσσῃ
1247 329 1336 361 πλεῖν,
1352 328 1462 359 πάντως
1479 329 1569 355 ὲκείσε
1585 328 1723 364 τελευτᾷν,
1746 329 1812 356 οὔτε
1836 331 1869 356 ἐν

1066 377 1099 410 τῇ
1129 376 1198 411 ξηρᾷ
1227 375 1387 411 διατρίϐειν,
1412 376 1502 401 ἐκεῖσε
1527 375 1584 401 ἐστι
1611 375 1748 409 θνήσκειν.
1779 376 1868 402 Ἀλλὰ

1066 421 1158 453 καθὼς
1172 423 1186 448 ὸ
1202 421 1303 455 ἀγαθὸς
1322 421 1401 456 ἡμῶν
1415 421 1482 452 Θεὸς
1503 421 1556 456 πρὸ
1579 421 1731 456 καταϐολῆς
1754 422 1867 456 κόσμου

1067 467 1150 503 ὥρισε
1161 487 1168 499 ,
1182 468 1229 494 καὶ
1244 468 1340 502 χρόνον
1356 469 1402 494 καὶ
1414 468 1496 495 τόπον
1511 467 1559 493 καὶ
1573 467 1682 501 τρόπον,
1698 468 1728 494 τὸ
1741 468 1866 494 ἑκάστου

1067 512 1235 548 ἀποϐήσεται
1253 513 1339 544 τέλος.
1356 514 1411 539 Καὶ
1425 513 1512 540 ταῦτα
1538 513 1657 548 διῆλθον,
1680 513 1710 546 οὺ
1730 513 1867 539 τοσοῦτον

1066 559 1112 585 διὰ
1124 559 1187 590 τοὺς
1201 559 1267 594 περὶ
1277 556 1315 585 ὧν
1328 560 1341 585 ὁ
1355 559 1447 592 λόγος·
1465 559 1515 595 ἠδη
1528 559 1582 595 γὰρ
1600 559 1696 585 ἔλαϐον
1712 559 1815 590 αὐτοὺς
1830 559 1867 585 δι’

1067 604 1203 638 ὑπακοῆς,
1222 604 1289 630 ἀλλὰ
1311 604 1355 630 διὰ
1377 605 1481 636 πάντας
1501 606 1564 637 τοὺς
1585 606 1791 640 ἀκροωμένους,
1819 606 1868 630 ἵνα.

1067 649 1250 685 προσέχωμεν
1264 649 1393 683 ἀσφαλῶς
1404 658 1410 664 ·
1427 651 1474 677 καὶ
1485 650 1517 682 ἃς
1534 651 1703 684 ἐπαγγελίας
1718 651 1771 676 ὑπὸ
1790 650 1866 684 μάρ-

1050 695 1152 726 ταύτας
1174 695 1297 730 ἐναργῶς
1332 695 1550 731 ἀποπληρῶμεν,
1569 697 1617 722 καὶ
1642 697 1681 731 μὴ
1697 695 1867 722 ἀναδύεσθαι

1026 740 1131 766 εύουσιν
1145 741 1170 766 οἱ
1190 741 1322 776 Πατέρες,
1337 742 1384 768 καὶ
1415 742 1468 776 πρό
1483 750 1515 775 γε
1531 741 1638 768 πάντων
1670 743 1684 768 ὁ
1697 743 1785 776 μέγας
1809 742 1868 767 Ba.-

1033 786 1167 820 ἁμαρτίᾳ,
1182 786 1251 813 ἀλλὰ
1265 785 1384 821 ζήσομεν
1409 789 1443 822 τῇ
1459 788 1628 823 δικαιοσύνῃ,
1656 788 1702 814 καὶ
1732 788 1866 823 τύχωμεν

225 832 365 868 βασιλείας
379 832 515 866 οὺρανῶν-
533 832 562 857 ὲν
583 830 693 865 Χριστῷ
711 830 798 866 Ἰησοῦ
810 830 848 865 τῷ
861 830 966 866 [Κυρίῳ
981 830 1044 866 (5⁸)]
1057 831 1152 866 ἡμῶν⁴
1169 828 1191 865 ᾧ
1207 833 1225 866 ἡ
1240 832 1304 864 δόξα
1315 833 1403 859 καὶτὸ
1418 834 1519 869 κράτος
1537 835 1585 861 σὺν
1600 834 1638 869 τῷ
1653 834 1740 868 Harp!
1757 837 1805 861 καὶ
1824 834 1867 868 τῷ

223 879 294 914 ἁγίῳ
307 878 456 913 Πνεύματι·
472 877 519 903 νῦν
533 878 579 904 καὶ
593 877 647 910 ἀεὶ,
657 878 704 904 καὶ
720 879 760 908 sl;
776 878 839 909 τοὺς
853 877 955 909 αεῶνας
968 878 1022 904 τῶν

489 934 607 961 SERMO
633 933 752 961 CXXVI.

227 990 280 1023 Qui
291 990 404 1024 genuina
416 989 577 1021 obedientia,
591 997 622 1016 ac
634 990 780 1016 secessione
794 994 914 1022 suscepta
926 1009 931 1016 .
943 997 1020 1015 mun-

261 1023 298 1051 du’
320 1026 373 1051 sint
394 1025 537 1058 cruciﬁxi,
561 1024 664 1051 alacres
686 1023 810 1058 amplecti
831 1025 948 1058 corporis
974 1025 1021 1051 de-

259 1061 355 1086 uictum
369 1067 500 1094 oportere.

259 1103 370 1131 Fratres
393 1102 554 1138 Patresque,
570 1103 679 1137 paulum
694 1102 720 1129 in
732 1103 876 1138 praesentia
888 1103 1017 1137 decubui,

223 1156 381 1183 quanquam
397 1148 481 1174 animi
498 1148 651 1182 perculsus,
665 1148 859 1175 abscessurum
878 1155 948 1174 mea
967 1155 1014 1175 vo-

224 1195 267 1222 bis
291 1193 405 1221 credidi.
430 1193 483 1220 Sed
511 1200 566 1227 quo
591 1192 744 1227 longiOrem
765 1193 832 1219 mihi
850 1193 951 1219 vitam?
968 1198 1014 1220 aut

225 1244 327 1275 quanto
347 1244 471 1273 tempore
498 1238 667 1272 supervivam
691 1237 792 1264 miser?
808 1238 908 1265 Videtis
922 1246 1003 1272 quem

226 1284 372 1311 admodum
395 1287 473 1317 urget
495 1283 602 1310 senium
615 1303 621 1314 ,
641 1286 669 1308 et
687 1282 838 1317 aequalibus
859 1281 1013 1313 defunctis,

226 1337 293 1356 meae
309 1329 457 1356 decedendi
478 1328 624 1354 imminent
639 1327 721 1354 vices.
736 1327 806 1360 Quid
821 1328 906 1362 ergo?
922 1328 1016 1354 dolea-

226 1385 288 1403 mus
305 1376 332 1402 in
349 1375 400 1403 eo?
413 1374 525 1401 minime
541 1381 615 1401 vero.
636 1374 750 1401 Doleant
767 1381 833 1401 sane
854 1374 876 1400 si
901 1374 1015 1407 volunt,

226 1421 272 1456 qui
294 1422 445 1448 secundum
462 1427 574 1447 carnem
592 1419 696 1452 vivant,
713 1420 889 1454 conjugibus,
905 1420 1014 1454 liberis,

226 1468 328 1502 pueris,
346 1467 454 1494 ancillis
467 1488 474 1499 ,
492 1466 610 1501 preediis,
626 1466 748 1500 pecuniis
760 1487 768 1499 ,
783 1474 814 1493 ac
828 1474 889 1501 quae
907 1467 950 1494 hic
965 1467 1017 1494 alia

227 1518 292 1541 sunt
302 1514 365 1540 vitae
380 1513 481 1545 studia,
497 1512 597 1547 quibus
612 1516 639 1538 et
657 1512 816 1546 capiuntur,
830 1512 999 1539 dimittendis
1009 1534 1016 1545 ,

228 1567 290 1591 nos,
299 1559 398 1593 quibus
410 1558 559 1585 crucifixus
569 1562 611 1584 est
622 1558 750 1588 mundus.
766 1557 879 1591 solaque
893 1562 1019 1592 superest

227 1614 296 1633 crux
311 1625 319 1638 ,
343 1613 393 1639 pro
407 1606 523 1641 genuina
538 1604 693 1631 obedientia
704 1623 711 1636 ,
729 1609 756 1631 et
773 1606 928 1632 secessione
941 1625 948 1636 ,
965 1612 1018 1631 non

228 1652 341 1686 lugubre
355 1670 363 1683 ,
386 1651 433 1678 sed
449 1651 587 1678 la-Iiiicum
607 1649 705 1677 mortis
721 1657 851 1677 arcanum
870 1650 1019 1677 habeamus

228 1704 340 1724 necesse
354 1701 405 1724 est.
422 1697 461 1724 Ac
479 1697 543 1731 quid
559 1703 610 1723 nos
625 1695 713 1723 dico?
732 1696 839 1723 cunctis
859 1697 927 1723 adeo
940 1696 1019 1723 Chri-

229 1743 326 1769 stianis
340 1742 456 1777 praelzete
472 1742 660 1777 amplectenda
674 1742 814 1776 dejunctio
823 1747 875 1773 est,
886 1742 1020 1776 siquidem

229 1793 291 1815 ante
308 1788 414 1814 Domini
431 1788 516 1814 nostri
531 1786 596 1814 Jesu
613 1786 715 1814 Christi
734 1787 880 1814 adventum
899 1795 975 1814 mors
993 1787 1019 1814 in

231 1833 358 1860 homines
379 1833 524 1867 imperium
549 1832 637 1867 posita
664 1833 699 1859 ob
722 1832 972 1866 praevaricationem
993 1833 1020 1859 in

230 1880 335 1906 Adamn
348 1899 355 1911 ,
375 1879 416 1906 vel
434 1879 537 1906 sanctis
551 1879 609 1906 dira
629 1883 658 1905 et
673 1878 789 1905 terriﬁca
803 1897 811 1910 ,
828 1879 919 1906 veniat
939 1879 1021 1906 simul

230 1927 374 1959 Christus,
391 1926 514 1953 omniutn
532 1927 584 1952 vita
599 1944 606 1957 ,
623 1930 738 1951 mortem
760 1932 808 1959 pro
825 1925 954 1952 omnibus
972 1933 1022 1960 gu-

231 1972 312 1998 stavit
327 1971 359 2002 ³³,
375 1972 443 1998 uiam
456 1971 530 1998 nobis
543 1971 654 1997 initiatis
672 1979 775 2002 novum,
795 1979 826 1997 ac
838 1972 963 1998 viventem
977 1979 1023 2004 per

230 2018 345 2044 velamen
356 2037 364 2048 ,
378 2017 405 2043 id
418 2022 455 2043 est
465 2038 472 2049 ,
491 2024 597 2043 carnem
616 2025 692 2043 suam
703 2035 710 2047 ,
733 2017 770 2043 uti
790 2017 920 2050 scriptum
934 2017 1005 2043 est“
1015 2037 1021 2048 ,

230 2063 267 2089 ibi
280 2067 336 2089 tum
351 2069 426 2089 mors
438 2062 567 2095 absorpta
580 2061 694 2088 victoria
709 2066 759 2094 est,
773 2069 823 2088 nec
833 2062 890 2095 jam
903 2061 1024 2089 defuncti

231 2109 260 2135 in
276 2109 334 2135 orci
346 2108 448 2143 regiam
463 2108 649 2142 deportamur,
667 2107 714 2134 sed
737 2108 764 2134 in
782 2109 893 2135 ett-teste
911 2116 1023 2142 regnum

233 2154 412 2181 subvebimur
424 2174 432 2187 ,
448 2161 536 2188 neque
551 2155 577 2180 in
595 2153 717 2180 tenrbris
729 2175 736 2186 ,
755 2158 835 2188 atque
851 2154 878 2180 in
895 2155 1024 2180 umbrosa

233 2207 319 2227 morte
334 2200 486 2227 dormimus
498 2220 506 2233 ,
522 2199 589 2234 quin
605 2199 714 2226 abimus
732 2199 758 2225 in
778 2199 868 2226 lucem
886 2200 1026 2225 immorta-

231 2247 283 2273 lem
297 2267 305 2275 .
321 2253 464 2281 anumque
486 2245 623 2280 quoddam
661 2253 789 2272 securum
813 2251 840 2272 et
865 2245 1024 2277 innoxium,

231 2290 304 2326 quod
320 2290 363 2317 sui
380 2289 535 2316 amantibus
549 2289 674 2324 promisit
689 2289 773 2316 Deus.
789 2288 824 2316 Ut
840 2289 909 2316 nihil
926 2289 961 2316 sit
975 2297 1025 2315 cur

231 2337 375 2364 decessum
390 2337 537 2370 fugiamus,
549 2336 594 2369 qui
613 2335 684 2361 ultro
697 2334 724 2362 in
739 2335 835 2369 primis
846 2335 882 2362 sit
894 2342 1026 2369 prensan-

231 2382 284 2409 dus
294 2403 302 2415 ,
318 2389 405 2416 eoque
419 2382 504 2416 magis
516 2402 523 2414 ,
547 2389 602 2416 quo
619 2381 771 2416 paratiores
786 2381 873 2407 simus
892 2380 926 2406 ab
939 2380 1024 2407 animi

233 2429 374 2461 procinctu
388 2436 395 2460 ;
415 2426 544 2454 miserum
556 2433 597 2454 est
613 2426 685 2452 enim
698 2446 706 2459 ,
722 2425 820 2453 fratres
833 2446 839 2457 ,
856 2425 1024 2459 praeteritum

233 2478 341 2507 tempus
356 2473 407 2500 sub
430 2472 533 2500 exitum
550 2479 680 2498 revocare
693 2491 701 2504 ,
723 2479 756 2498 ac
775 2471 834 2498 dies
849 2478 962 2504 poscere
984 2471 1023 2497 vi-

233 2520 312 2546 vendi
327 2520 359 2546 ad
374 2524 507 2555 quaestum
522 2518 670 2550 virtutum;
686 2517 815 2544 miserum
830 2522 882 2549 cst,
899 2518 1021 2552 inquam,

231 2572 259 2593 et
272 2572 467 2593 aerumnosum.
481 2564 612 2599 Equidem
627 2563 673 2598 qui
686 2563 726 2589 sic
736 2562 929 2597 deprendatur,
946 2570 987 2589 na:
1000 2563 1023 2590 is

233 2612 371 2647 impendio
386 2611 513 2637 turbetur
526 2614 609 2644 atque
627 2607 772 2635 afllictctur
782 2615 894 2634 necesse
910 2612 960 2640 est,
976 2609 1022 2642 qui

232 2665 287 2687 non
303 2657 337 2684 ad
359 2657 537 2684 honorarium
552 2658 733 2681 certaminum
747 2674 754 2686 ,
778 2653 825 2680 sed
840 2652 874 2679 ad
890 2654 1022 2688 supplicia

232 2704 368 2730 scelerum
395 2700 508 2736 prodeat
533 2707 548 2727 e
575 2705 690 2733 corpore
706 2718 713 2730 ,
742 2697 910 2725 terribilibus
935 2699 1023 2726 obviis

232 2749 408 2786 spectaculis.
419 2747 498 2780 Quod
514 2754 546 2773 ne
558 2745 704 2781 patiamur,
718 2751 822 2779 quasso,
836 2748 863 2771 et
877 2744 1020 2777 admoiico,

232 2796 320 2831 parati
336 2795 369 2821 ad
388 2795 491 2821 exitum
510 2799 618 2826 semper
630 2812 638 2824 ,
656 2798 766 2818 omnem
784 2798 942 2826 supremum
962 2791 1023 2818 vita:

267 2854 289 2870 "
306 2853 387 2881 llebr.
404 2860 434 2883 ιι,
450 2852 476 2878 9.
514 2851 536 2865 "‘
554 2850 635 2877 llebr.
654 2858 667 2876 κ
679 2869 686 2882 ,
701 2850 745 2876 ‘20.

273 2900 324 2934 β’)
345 2899 422 2927 υεοδι
437 2899 508 2934 apud
522 2899 592 2925 Nan.

785 2850 805 2865 ³⁷
822 2849 892 2877 Psal.
910 2857 982 2881 cxiv,
1002 2850 1027 2876 7.

1036 878 1150 904 αἰώνων.
1170 878 1256 914 Ἀμήν

1067 924 1138 952 dicm
1154 926 1310 958 credamus,
1327 930 1357 952 ut
1374 933 1387 952 a
1406 925 1437 952 D.
1456 925 1576 953 Antonio
1592 926 1733 960 docemur,
1749 935 1804 962 qua
1822 928 1867 955 in-

1068 971 1157 998 eunda
1174 972 1282 999 ratione
1292 993 1298 1004 ,
1315 979 1364 999 nec
1379 972 1504 999 dissoluti
1520 972 1608 1000 simus
1619 994 1626 1004 ,
1639 981 1689 1000 nec
1702 974 1841 1008 praefracti
1855 995 1864 1007 ,

1068 1023 1119 1043 nec
1133 1016 1232 1050 torpidi
1248 1037 1254 1048 ,
1269 1025 1319 1043 nec
1330 1017 1440 1049 inertes,
1455 1024 1505 1044 nec
1518 1017 1684 1052 pervicaces,
1698 1026 1748 1045 nec
1762 1019 1865 1046 immo-

1069 1061 1149 1096 rigeri
1161 1083 1169 1094 ,
1188 1069 1238 1089 nec
1253 1061 1385 1096 effrenes,
1403 1070 1452 1090 nec
1464 1063 1573 1090 ridiculi
1586 1085 1593 1096 ,
1606 1064 1673 1098 quin
1686 1064 1839 1091 obsecundi
1856 1086 1863 1097 ,

1070 1106 1175 1140 faciles,
1192 1107 1385 1142 stimulabiles,
1403 1108 1497 1141 vividi,
1515 1109 1661 1141 mansueti,
1675 1110 1784 1144 placidi,
1801 1110 1865 1138 sin-

1070 1152 1144 1184 ceri.
1164 1152 1233 1180 citra
1253 1153 1404 1186 otieusam,
1425 1154 1499 1181 omni
1519 1155 1636 1182 honesto
1655 1155 1748 1188 dediti,
1774 1156 1866 1183 instar

1070 1203 1229 1226 sanctorum
1240 1218 1248 1230 ,
1264 1200 1310 1234 qui
1333 1199 1384 1226 hac
1399 1200 1473 1227 obita
1489 1201 1543 1227 vita
1558 1201 1702 1236 promissis
1718 1202 1797 1228 bonis
1813 1210 1865 1237 po-

1069 1244 1181 1271 tiantur.
1197 1246 1287 1280 Atque
1303 1246 1360 1273 haec
1374 1246 1427 1272 dixi
1442 1267 1449 1278 ,
1469 1254 1522 1273 non
1544 1255 1591 1274 vos
1610 1247 1698 1274 soluat
1710 1268 1718 1280 ,
1737 1248 1802 1282 quin
1818 1256 1865 1275 mc

1068 1290 1136 1317 adeo
1150 1291 1350 1325 praeliiuniens,
1370 1299 1426 1326 quo
1453 1293 1505 1319 hoc
1531 1299 1663 1328 apparatu
1676 1294 1797 1321 defuncti
1810 1295 1865 1322 sub

1068 1337 1170 1364 exitum
1186 1337 1316 1372 impavidi
1337 1342 1364 1365 et
1393 1338 1588 1373 imperterriti,
1603 1340 1660 1367 hac
1676 1340 1803 1367 Davidica
1822 1341 1865 1368 lo.

1069 1389 1208 1416 quamur:
1229 1381 1365 1414 Converte,
1387 1384 1488 1416 anima,
1510 1384 1537 1410 in
1560 1385 1676 1419 requiem
1698 1390 1782 1418 luant,
1799 1387 1865 1420 quia

1070 1426 1198 1454 Dominus
1211 1428 1337 1462 benefecit
1353 1429 1402 1455 tibi
1415 1430 1454 1462 ¹⁷;
1471 1436 1515 1456 et:
1530 1429 1644 1458 Placebo
1653 1431 1766 1458 Domino
1778 1432 1806 1458 in
1822 1440 1865 1459 re-

1068 1473 1145 1506 gione
1163 1473 1281 1500 vivorum
1296 1473 1337 1506 ³⁸;
1353 1481 1434 1508 quam
1456 1481 1483 1502 et
1504 1476 1594 1503 cuncti
1612 1484 1792 1511 assequamur
1808 1477 1864 1503 Do-

1069 1519 1136 1545 miui
1158 1519 1245 1546 nostri
1265 1519 1331 1547 Jesu
1352 1520 1455 1548 Christi
1481 1521 1644 1550 liberalitate
1663 1527 1745 1558 atque
1760 1525 1865 1551 beneﬁ-

1070 1565 1133 1592 cio:
1149 1565 1194 1591 cui
1215 1564 1303 1600 gloria
1320 1571 1347 1593 et
1366 1566 1509 1601 imperium
1526 1576 1586 1595 cum
1602 1567 1683 1595 Patre
1694 1589 1701 1602 ,
1720 1577 1752 1596 ac
1767 1576 1866 1597 sancto

1071 1610 1186 1645 Spiritu,
1199 1619 1273 1638 nunc
1306 1616 1334 1638 ct
1348 1619 1465 1647 semper,
1480 1614 1505 1640 in
1521 1621 1686 1649 omnemque
1699 1617 1867 1650 perpetuita-

1071 1662 1136 1685 tem.
1147 1658 1244 1685 Amen.

1331 1703 1447 1730 SERMO
1468 1704 1597 1731 CXXVII.

1072 1748 1191 1776 Fortiter
1217 1753 1243 1776 et
1261 1750 1379 1777 animose
1398 1750 1433 1776 ad
1460 1751 1577 1784 pericula
1592 1752 1767 1778 resistendum
1781 1771 1789 1784 ,
1808 1760 1868 1786 qua:

1305 1785 1460 1811 humanitus
1477 1786 1634 1820 conﬂantur.

1109 1830 1220 1858 Fratres
1237 1830 1402 1866 Patresque,
1429 1832 1502 1859 haud
1515 1833 1564 1859 abs
1578 1840 1606 1859 re
1616 1837 1658 1859 est
1671 1832 1760 1867 loqui,
1773 1838 1803 1861 et
1815 1841 1869 1861 au-

1074 1876 1133 1903 dire
1145 1896 1152 1907 ,
1169 1877 1202 1904 ad
1227 1877 1364 1911 publicam
1390 1877 1495 1913 frugem
1517 1886 1605 1913 ncque
1620 1878 1653 1905 ad
1669 1881 1795 1906 virtutem
1816 1887 1868 1907 ne-

1074 1922 1225 1956 quidquam
1251 1930 1416 1957 apparaniur
1444 1931 1476 1951 ac
1493 1924 1695 1958 procingimur;
1715 1932 1776 1951 nam
1799 1925 1823 1952 si
1840 1925 1867 1952 id

1075 1972 1197 2002 agrntcs,
1210 1975 1305 2003 sparsa
1320 1968 1375 2003 jam
1395 1968 1421 1995 in
1439 1969 1506 1996 urbe
1524 1968 1594 1995 fama
1610 1971 1642 1996 de
1658 1969 1709 1996 fide
1723 1971 1866 2002 nonnulla,

1075 2014 1206 2049 evestigio
1231 2015 1409 2049 expavimus,
1426 2015 1544 2047 turbati,
1566 2016 1680 2048 scilicet,
1712 2016 1868 2051 impraame-

1075 2059 1165 2091 ditati,
1180 2060 1365 2087 vehementius
1387 2061 1504 2094 attoniti,
1534 2062 1655 2088 animum
1686 2062 1866 2096 desponderi-

1076 2105 1157 2131 mus?
1172 2103 1206 2132 Ut
1221 2106 1400 2132 sermocinari
1416 2106 1552 2140 expediat,
1566 2112 1593 2133 et
1606 2108 1744 2141 praestrui,
1765 2115 1821 2143 quo
1840 2109 1866 2135 in

1076 2158 1106 2178 re
1129 2152 1255 2185 prmsenti
1267 2171 1274 2182 ,
1289 2151 1437 2186 adjuvante
1457 2153 1526 2185 Deo,
1546 2153 1653 2187 egregie
1668 2161 1758 2188 pugna
1772 2154 1868 2181 defun-

1077 2204 1185 2227 gamur.
1208 2198 1242 2224 At
1265 2199 1311 2233 qui
1336 2204 1379 2226 est
1401 2199 1513 2226 rumor?
1543 2204 1604 2234 post
1622 2200 1765 2227 scelestam
1786 2207 1868 2235 syno-

1077 2243 1142 2269 dum
1165 2251 1226 2278 qua‘.
1247 2244 1281 2270 ad
1302 2245 1363 2271 lidei
1382 2246 1490 2272 ruinam
1507 2253 1596 2281 nuper
1611 2251 1653 2273 est
1667 2248 1769 2282 agitata
1783 2267 1790 2277 .
1808 2252 1868 2282 past

1076 2289 1145 2315 diris
1162 2289 1298 2324 obligatos
1310 2290 1405 2318 Patres
1416 2311 1423 2324 ,
1441 2296 1503 2327 post
1515 2293 1750 2327 oppugnationem
1765 2293 1866 2321 duode—

1077 2340 1203 2366 ccnnem,
1215 2335 1390 2368 postexsilia,
1399 2337 1617 2371 conipilalioncs,
1627 2345 1777 2370 carcerem,
1800 2347 1865 2366 con-

1077 2379 1214 2412 tumelias,
1228 2380 1322 2415 flagra,
1333 2389 1422 2414 neces,
1433 2387 1544 2417 lotoque
1555 2384 1657 2411 mundo
1671 2385 1864 2419 jactationem.

1078 2426 1192 2458 proinde
1208 2434 1240 2454 ac
1255 2428 1278 2454 si
1299 2428 1365 2454 nihil
1382 2428 1501 2456 insolens
1517 2429 1553 2456 sit
1566 2435 1656 2456 actum
1668 2451 1675 2463 ,
1689 2431 1824 2458 trahimur
1848 2440 1863 2458 a

1039 2473 1060 2500 ι)
1075 2471 1244 2506 principibus
1251 2474 1331 2500 verba
1341 2481 1401 2501 cum
1408 2475 1518 2502 sceleris
1528 2477 1713 2510 antesignanis
1722 2478 1845 2505 conferre
1856 2487 1863 2510 ;

1077 2525 1166 2552 neque
1183 2517 1207 2544 id
1229 2520 1316 2546 solutn
1328 2540 1335 2551 ,
1352 2521 1417 2554 quin
1434 2522 1568 2548 dictorum
1583 2541 1591 2553 ,
1612 2522 1644 2549 ac
1665 2524 1864 2551 c0ntroversia-

1077 2570 1136 2590 rum
1152 2564 1269 2592 arbitros
1281 2573 1378 2600 capere
1395 2567 1530 2600 primores
1544 2575 1558 2594 e
1575 2568 1747 2602 magistratu,
1765 2570 1863 2604 quibus

1076 2607 1235 2642 despectare
1250 2610 1276 2636 in
1293 2612 1425 2638 nostratia
1449 2613 1542 2644 nefas,
1566 2619 1595 2641 ut
1614 2615 1653 2642 ait
1671 2616 1791 2649 quodam
1807 2617 1864 2644 loco

1077 2653 1226 2688 Gregorius
1241 2654 1405 2691 Theologus,
1426 2662 1531 2685 tantum
1552 2660 1628 2686 abest
1650 2665 1677 2686 ut
1695 2660 1803 2694 jndices
1818 2662 1864 2688 ad-

1077 2700 1219 2728 mittamus
1232 2708 1374 2730 sacrorum
1395 2704 1564 2739 dogmatuui.

1112 2745 1223 2773 Scilicet
1248 2748 1419 2783 magistratui
1454 2751 1588 2777 divinitus
1612 2751 1730 2779 tributus
1760 2753 1861 2788 gladius

1076 2796 1127 2824 cst,
1150 2796 1294 2828 postquam
1308 2798 1400 2822 exstat
1417 2796 1473 2823 lucc
1487 2798 1622 2824 sententia

1067 2850 1089 2866 "
1104 2850 1169 2877 ibid.
1188 2852 1214 2879 9.

1036 1799 1058 1829 C

1641 2807 1646 2824 :
1672 2797 1742 2824 Nam
1762 2807 1812 2825 non
1824 2805 1860 2826 est
