1921 3073
54 137 109 169 677

643 141 847 173 SERMONES
865 141 1115 176 CATECHETICI

1642 152 1697 184 678

56 193 149 221 timori
171 195 347 229 magistratus
382 195 442 222 boni
470 197 566 230 operis,
593 196 638 223 sed
662 197 780 223 ntali".
798 196 848 224 Et:
864 199 888 228 Δ
902 199 1036 232 opilulum
1062 207 1089 228 et
1111 203 1328 231 commilitonem
1350 205 1376 232 in
1410 207 1551 240 periculis,
1567 215 1628 242 quae
1644 210 1696 236 lin--

57 239 122 266 Non
137 241 196 266 sine
232 249 313 267 causa
335 241 455 275 gladium
472 246 570 276 portat,
585 243 680 268 vindex
696 243 720 269 ei
737 243 782 277 qui
794 250 851 268 nta-

53 286 110 312 lum
125 287 183 320 agit
193 287 227 318 ⁸⁸,
244 287 476 321 quemadmodum
489 292 517 315 et
527 287 662 322 opitulum
674 287 783 323 probis;
797 295 850 316 caa-

53 336 146 359 terum
161 332 264 359 sanctis
289 333 421 366 apostolis
438 341 501 360 cum
520 333 676 360 divinorum
692 333 847 369 dogmatnm

53 381 198 411 potestas.
216 383 231 402 a
256 376 359 410 Spiritu
386 376 526 411 profecta,
555 383 612 404 tum
641 378 848 412 proscribendi,

53 428 138 456 a'que
151 422 286 454 solvendi,
301 422 437 457 siquidem
457 422 565 449 Domini
589 423 622 450 ad
646 431 694 450 eos
711 424 768 450 haec
784 428 849 450 sunt

54 468 135 494 verba
152 477 157 494 :
174 469 293 502 Accipite
316 468 447 503 Spiritum
473 475 596 496 sanctum
612 477 621 496 .'
635 478 746 503 quarunt
767 470 848 496 remi-

53 513 143 539 seritis
163 519 281 547 peccata,
293 515 464 541 remittuntur
477 515 564 547 eis;et
579 523 690 548 quarunt
706 516 846 542 retinueri-

54 559 98 588 tis,
112 563 215 585 retenta
230 564 292 586 sunt
303 559 336 586 δ’.
354 561 393 586 Ac
407 567 518 587 rursum
533 569 539 586 :
562 559 731 594 Qua'cunque
749 562 847 596 ligave-

53 604 112 629 ritis
128 611 207 636 super
228 609 341 636 terram,
359 610 435 632 erunt
457 605 539 639 ligata
554 611 579 632 et
594 606 619 632 in
632 606 695 633 caelo
708 615 716 633 :
731 612 755 634 et
775 615 847 641 quie-

52 656 154 681 nmque
180 648 311 675 solveritis
340 658 418 684 super
435 655 547 682 terram,
577 657 653 678 erunt
678 652 765 679 soluta
778 657 802 679 et
818 654 846 680 in

51 692 115 718 uela
130 692 163 719 δ’.
177 692 288 720 Certum
298 700 341 721 est
353 699 455 727 autem,
474 700 503 722 ut
519 696 552 723 iis
566 697 668 723 dictum
688 698 732 728 sit,
751 697 844 724 itidem

51 743 76 762 ct
92 739 224 772 hactenus
244 736 367 768 vicissim
393 742 602 769 successoribus
627 742 757 775 edictum,
773 748 802 769 ut
816 743 844 770 in

51 783 86 810 iis
96 783 220 818 judicem
233 792 331 819 capere
344 786 532 821 magistratum
547 787 615 815 nihil
627 789 663 816 sit
674 788 747 815 aliud
761 796 843 823 quam

51 828 146 853 datam
175 830 308 862 apostolis
338 837 354 856 a
383 829 486 865 Spiritu
513 837 673 866 potestatem
699 833 842 868 abrogare.

49 871 111 898 Jam
141 873 188 906 qui
217 874 374 908 pertingant
398 863 430 901 ad
459 863 546 903 ardua
573 877 696 904 veritatis
722 863 842 911 decvreta,
858 863 880 890 Β

49 918 114 943 vitae
143 917 310 951 perfectione
337 919 456 947 absoluti
487 921 584 948 nulla?
608 922 745 950 scribente
770 923 844 958 Apo-

49 962 124 989 stolo
141 972 148 988 :
167 962 331 996 Sapientiam
351 965 483 998 loquimur
499 966 568 993 inter
587 967 726 1001 perfectos,
740 969 843 1002 sapien-

49 1009 116 1034 tiam
142 1014 229 1035 autem
255 1017 307 1036 non
326 1010 405 1044 hujus
440 1011 542 1044 steculi,
571 1020 617 1039 nec
637 1013 842 1048 magistratuum

48 1054 130 1087 hujus
147 1054 248 1087 swtuli,
266 1054 310 1089 qui
325 1055 507 1089 destruantur,
524 1057 569 1084 sed
589 1057 723 1092 loquimur
735 1058 785 1086 Dei
799 1067 843 1086 sa-

47 1100 177 1132 pientiam
210 1100 237 1126 in
270 1102 406 1135 mysterio,
434 1110 492 1136 qua:
515 1102 670 1130 abscondita
693 1108 740 1135 est,
763 1113 842 1139 quant

47 1146 247 1179 prcedestjnavit
269 1145 340 1173 Deus
353 1152 416 1173 ante
432 1148 530 1175 secula
541 1150 568 1175 in
582 1148 696 1184 gloriam
713 1155 840 1184 nostram,

47 1198 130 1224 quam
149 1199 224 1218 nemo
240 1193 444 1226 magistratuum
461 1193 539 1228 hujus
556 1195 647 1221 seculi
669 1196 787 1229 cognovit
800 1205 807 1222 :
818 1196 842 1222 si

47 1245 119 1262 enim
137 1238 329 1271 rognovissent,
347 1247 481 1273 nunquam
505 1239 647 1267 Dominum
672 1241 766 1275 glorite
779 1250 841 1268 cru-

48 1282 236 1315 ciﬁxissent“.
257 1282 372 1310 Videtin‘
390 1284 538 1317 gloriosum
555 1284 701 1312 Demittunt
715 1286 742 1313 in
759 1294 841 1313 cruce

48 1327 139 1360 egisse
154 1328 366 1362 magistratum?
383 1333 413 1355 ut
433 1336 505 1356 nunc
527 1337 653 1365 quoque;
670 1331 693 1357 si
718 1339 840 1365 augus‘a:

47 1373 110 1406 ejus
133 1373 246 1408 imagini
263 1374 382 1401 tribunal
405 1375 485 1402 detur
510 1376 698 1411 magistratus,
718 1384 774 1404 non
791 1377 840 1404 abs

48 1425 78 1444 re
106 1418 260 1446 dixerimus
291 1427 400 1446 rursum
427 1419 600 1448 Judaismum
630 1422 790 1456 quemdam,
809 1429 840 1449 ac

47 1463 129 1490 Pilati
146 1464 267 1491 tribunal
289 1465 397 1499 agitari.
422 1465 493 1498 Quin
521 1466 653 1501 defugere
670 1475 733 1494 cum
748 1468 840 1502 impiis

48 1511 76 1536 in
94 1510 256 1538 concionem
282 1512 388 1544 venire,
410 1519 441 1538 ea
456 1519 567 1547 quoque
593 1512 685 1539 divina
702 1514 836 1540 sententia
853 1528 874 1558 C

46 1560 91 1582 est
107 1564 115 1588 ;
131 1556 170 1582 ait
184 1557 257 1582 enim
272 1565 278 1582 :
298 1555 388 1583 Nolite
401 1557 464 1583 dare
486 1563 607 1584 sanctum
620 1558 740 1590 canibus,
759 1567 839 1594 neque

48 1602 165 1628 mittatis
189 1603 351 1636 margaritas
372 1607 472 1629 vestras
496 1609 558 1630 ante
577 1611 670 1638 porcos
680 1604 713 1632 “.
735 1604 839 1632 Conse-

48 1652 168 1682 quenter
188 1647 299 1674 divinus
316 1648 463 1682 Apostolus
480 1648 557 1681 jubet
571 1660 577 1676 ;
606 1648 668 1676 Non
683 1650 839 1677 contendere

48 1692 145 1723 tubis,
168 1693 225 1719 sine
253 1692 308 1719 ulla
333 1693 418 1728 fruge,
448 1693 483 1720 ad
508 1694 701 1721 subversionem
727 1695 839 1721 audien-

48 1739 114 1764 tium
125 1739 160 1764 δ’.
179 1737 234 1765 Nec
258 1738 361 1765 abludit
375 1743 402 1766 et
415 1738 502 1766 deifcr
522 1740 652 1774 lgnatius,
669 1741 792 1767 scribens
812 1742 838 1767 in

50 1784 124 1810 hunc
153 1791 265 1811 sensum
291 1794 296 1808 :
323 1793 333 1809 ι
353 1784 512 1812 Ριιειῃοιιθο
533 1793 580 1812 vos
603 1785 838 1812 homiuiformium

49 1827 184 1860 ferarum,
214 1829 416 1862 haereticorum,
443 1837 513 1864 quos
538 1837 592 1856 tton
622 1830 710 1856 solum
724 1838 777 1857 non
792 1831 839 1857 ad-

47 1874 158 1901 mittere
189 1874 303 1906 debetis,
327 1874 374 1901 sed
402 1881 435 1901 ne
452 1881 599 1901 occurrere
618 1875 740 1909 quidem,
756 1876 778 1902 si
794 1883 840 1910 po-

46 1922 135 1949 testis.
163 1930 172 1946 »
193 1921 354 1956 Singulique
370 1921 467 1953 sancti,
487 1928 520 1948 ne
539 1921 703 1948 catecliesim
728 1921 837 1956 longam

48 1969 159 1997 faciam.
177 1967 248 1993 idem
263 1971 463 1994 contestantur.
487 1966 553 2000 Quae
561 1974 624 1994 cum
633 1967 674 1995 sic
684 1967 836 2000 edicantur,

46 2013 93 2047 qui
115 2013 268 2039 audeamus
287 2019 366 2039 sacra
392 2012 419 2038 in
441 2013 544 2040 utravis
559 2013 747 2040 controversia
768 2013 837 2040 scita

46 2057 171 2086 violare?
190 2058 380 2092 Nequaquam,
408 2065 458 2085 nec
479 2058 501 2084 si
522 2065 594 2085 mors
616 2058 781 2092 impendeat.
803 2057 838 2085 Ut

47 2104 205 2132 necessario
235 2105 429 2135 detrectcmus,
462 2103 571 2134 fratres.
601 2111 656 2131 non
682 2103 756 2138 quod
779 2104 835 2131 veri

46 2149 142 2176 elfecta
163 2148 199 2175 sit
211 2148 300 2175 oratio
311 2155 392 2175 :saue
406 2148 477 2174 enim
489 2148 612 2182 quidem,
623 2155 674 2182 pro
689 2154 834 2182 praecepto,

903 246 1023 273 tnauitus
1040 247 1202 281 conllentur,
1220 254 1372 278 teneamus.
1389 250 1530 286 Conﬁdite,
1552 253 1590 280 ait
1601 253 1690 281 Domi-

901 298 964 324 nus,
974 299 1021 326 ego
1035 293 1087 319 uici
1102 294 1270 327 mundum“,
1287 295 1370 330 igitur
1381 296 1552 325 conﬁdamus
1564 306 1614 326 nos
1624 307 1694 333 quo-

900 343 964 370 que,
990 338 1058 364 certi
1079 339 1192 366 victoria
1210 340 1358 374 potituros.
1383 349 1445 369 cum
1461 348 1494 369 eo
1509 350 1590 377 quem
1609 344 1692 378 impe-

899 382 941 409 rio
955 388 1076 410 mactum
1089 389 1253 412 cunctorum
1275 387 1365 413 omnis
1382 387 1469 421 gloria
1492 388 1580 421 decet,
1596 393 1624 415 et
1645 389 1690 416 lio~

899 435 960 460 nor,
984 432 1066 462 atque
1082 429 1182 461 cultus,
1208 437 1270 457 cum
1297 431 1387 464 Patre,
1410 440 1442 459 ac
1458 438 1553 461 sancto
1577 433 1690 469 Spiritu,

899 479 972 499 nunc
1010 478 1046 500 et.
1066 481 1186 509 semper,
1221 475 1248 502 in
1280 483 1445 512 omnemque
1469 479 1690 513 perpetuitatem.

897 517 994 543 Amen.

1144 561 1261 589 SERMO
1295 562 1437 591 CXXVIII.

1000 605 1038 632 De
1053 606 1212 640 obedientia,
1230 615 1261 634 ac
1279 608 1425 643 frangenda
1442 611 1586 639 uoluntate.

932 650 1043 678 Fratres
1069 651 1231 688 Patresque.
1241 660 1302 680 cum
1317 653 1438 682 defectos
1453 657 1551 684 virtute
1569 659 1689 687 cateche-

897 696 950 723 lica
977 697 1103 724 verberat
1120 698 1219 732 oratio,
1248 704 1304 726 tum
1329 700 1426 727 iterum
1450 708 1598 737 persanat,
1624 713 1687 732 nam

897 741 946 767 hoc
966 741 1055 774 ipsum
1069 761 1076 773 ,
1102 741 1194 770 dolere
1224 743 1258 770 ob
1281 743 1419 772 defectum
1441 754 1534 774 ecrum
1561 756 1622 783 qua:
1637 750 1685 776 (ιν-

896 790 956 812 ceat
971 785 1040 812 obiri
1055 786 1282 814 instaurationem
1298 807 1306 820 ,
1331 789 1357 815 in
1371 790 1471 818 anitnis
1485 791 1554 818 clam
1571 794 1687 821 moritur

895 837 953 864 qua:
975 830 1119 857 secundum
1133 831 1217 858 Deum
1225 837 1264 859 est
1281 833 1404 866 tristitia,
1415 840 1528 863 auctore
1543 837 1685 872 Aposto'o,

893 876 1072 909 paenitentiam
1092 876 1121 902 in
1139 877 1251 904 salutem
1264 886 1314 904 non
1327 880 1503 913 penitentiam
1519 889 1642 916 operante
1651 884 1682 911 ⁵⁷.

894 919 947 948 Sed
976 923 1201 956 contemplemur,
1225 923 1247 950 si
1264 923 1348 956 lubet,
1365 925 1464 959 quibus
1486 926 1511 953 iu
1532 928 1614 955 rebus
1634 937 1684 963 po-

893 966 944 993 sita
959 967 1014 993 sint
1031 974 1091 1000 quae
1113 974 1164 994 nos
1190 969 1364 996 contristent.
1388 970 1466 1003 Quod
1491 973 1609 1006 cogitata
1640 974 1684 1000 in-

893 1016 992 1046 gruant
1006 1011 1121 1046 impura,
1139 1019 1201 1046 quis
1223 1013 1343 1040 hostium
1368 1015 1454 1041 vicem
1481 1017 1553 1042 serio
1567 1017 1683 1044 arietem

892 1056 918 1083 in
931 1061 1049 1084 mentem
1061 1057 1073 1083 ?
1087 1057 1187 1084 etenim
1203 1058 1336 1092 scriptum
1352 1063 1413 1086 est:
1432 1059 1461 1086 Si
1477 1061 1622 1088 consistant
1639 1063 1683 1088 ad-

891 1110 994 1128 uersum
1012 1110 1052 1128 me
1075 1107 1174 1134 castra,
1201 1111 1252 1129 non
1270 1104 1367 1130 timebit
1381 1113 1425 1130 car
1440 1113 1536 1138 meum,
1552 1107 1574 1132 si
1589 1114 1683 1134 exsur-

890 1151 936 1181 gat
951 1147 1090 1173 aduersum
1104 1155 1144 1174 me
1157 1148 1289 1182 pra'lium,
1302 1149 1329 1176 in
1345 1149 1393 1176 hoc
1405 1158 1450 1184 ego
1464 1153 1572 1186 sperabo
1584 1152 1616 1179 ⁸⁸.
1640 1153 1682 1180 Au

890 1192 965 1226 quod
989 1200 1071 1227 grave
1082 1197 1123 1220 est
1146 1194 1308 1222 obedientia:
1335 1195 1454 1230 jugum?
1478 1198 1579 1224 atenim
1594 1204 1683 1226 exstat

891 1237 948 1264 hate
963 1239 1098 1265 sententia
1114 1247 1222 1266 rursum
1240 1249 1246 1266 :
1272 1239 1374 1267 Bonum
1389 1246 1428 1269 est
1445 1243 1500 1269 uiro
1517 1251 1576 1269 cum
1589 1252 1681 1278 porta-

890 1285 954 1310 verit
979 1285 1074 1319 jugum
1091 1285 1123 1312 ab
1142 1285 1318 1312 adolescentia
1333 1295 1391 1318 sua,
1421 1289 1466 1320 qui
1481 1289 1619 1316 solitarius
1639 1291 1680 1317 in-

890 1329 971 1355 simul
985 1329 1040 1355 Deo
1056 1330 1150 1356 serviet
1162 1330 1195 1357 δ’.
1211 1329 1377 1366 lli-rumque,
1389 1332 1487 1367 Iugum
1503 1342 1589 1360 meum
1604 1343 1682 1361 suave

889 1379 938 1407 est,
961 1379 986 1401 et
1017 1383 1084 1401 unus
1115 1384 1200 1402 meum
1228 1376 1326 1403 leve“.
1353 1379 1395 1404 An
1416 1379 1490 1412 qttod
1513 1379 1581 1406 nihil
1599 1381 1682 1408 halu-t

889 1418 1042 1446 obedientia
1057 1420 1185 1454 privum?
1204 1425 1231 1447 at
1248 1421 1300 1448 hoc
1320 1422 1393 1449 enim
1406 1423 1589 1457 apostolicum
1608 1432 1679 1459 quo-

889 1472 941 1498 que
952 1469 1013 1492 est:
1034 1464 1102 1492 Ecce
1116 1466 1194 1497 enim,
1225 1467 1274 1498 ait,
1291 1475 1338 1493 nos
1358 1468 1514 1502 reliquimus
1534 1471 1639 1502 omnia,
1656 1475 1681 1497 et

890 1510 972 1536 secuti
984 1518 1076 1537 sumus
1096 1515 1131 1543 te,
1149 1511 1213 1546 quid
1226 1520 1287 1546 ergo
1301 1513 1351 1539 erit
1364 1513 1438 1539 nobis
1449 1514 1470 1530 ‘“
1483 1515 1492 1540 ἰ
1506 1514 1545 1542 Ac
1561 1516 1680 1549 promis-

890 1555 1008 1588 sum,dii
1029 1556 1090 1582 boni
1104 1557 1110 1583 ι
1130 1564 1210 1590 quam
1224 1557 1385 1591 venerabile,
1401 1564 1428 1585 et
1440 1559 1554 1587 illustre.
1572 1560 1681 1588 Scilicet

890 1608 943 1626 non
961 1604 1052 1627 autem
1076 1605 1103 1627 et
1128 1608 1176 1628 vos
1201 1610 1278 1637 teque
1303 1603 1430 1630 omnibus
1444 1604 1565 1633 dimissis
1583 1605 1678 1633 herum

889 1645 1022 1678 comitati,
1050 1646 1119 1673 alius
1144 1642 1270 1681 parentes
1296 1649 1437 1681 deseruit,
1466 1650 1538 1677 alius
1568 1649 1678 1682 fratres.

889 1690 959 1717 alius
984 1690 1137 1725 conjugem,
1164 1695 1245 1725 atque
1265 1692 1379 1725 liberos,
1406 1693 1478 1720 alius
1503 1694 1587 1725 aedes.
1609 1695 1680 1722 alius

889 1743 980 1770 agros,
1011 1737 1114 1768 cuncti.
1145 1738 1273 1765 omnibus
1298 1741 1481 1773 praestantius,
1504 1741 1681 1769 voluntates?

889 1782 962 1816 quod
978 1783 1094 1809 arduum
1109 1788 1151 1809 est
1166 1791 1227 1810 cum
1247 1785 1343 1818 primis
1356 1785 1381 1811 in
1399 1785 1572 1819 hominibus;
1588 1787 1676 1814 enitu-

890 1835 954 1854 vcro
981 1835 1028 1854 seu
1045 1833 1202 1855 contentum
1217 1829 1350 1863 jn-juuium
1374 1830 1460 1863 dicas,
1482 1839 1529 1859 seu
1555 1834 1676 1868 pervigi-

889 1872 967 1904 lium,
993 1881 1039 1899 seu
1065 1874 1228 1901 solicubium
1244 1894 1251 1906 .
1282 1883 1330 1902 seu
1355 1877 1528 1904 insolentiam
1555 1878 1677 1911 lavandi,

889 1925 937 1944 seu
953 1917 1139 1950 solitudinem,
1154 1927 1202 1946 seu
1216 1919 1290 1954 quod
1314 1920 1387 1947 aliud
1402 1922 1523 1949 studium
1538 1923 1676 1955 divinum,

889 1962 974 1989 libera
988 1963 1104 1997 quadam
1122 1963 1257 1998 fungentis
1275 1965 1416 1992 voluntate
1430 1966 1583 2001 obeuutur;
1594 1976 1676 2002 porro

888 2013 978 2035 autem
1006 2008 1079 2043 quod
1099 2009 1184 2036 libera
1198 2010 1339 2037 voluntate
1364 2011 1494 2045 obcatur,
1524 2015 1676 2047 quamlibet

888 2061 969 2088 grave
993 2059 1036 2081 est
1059 2060 1174 2086 natura,
1190 2056 1328 2084 voluntate
1352 2057 1460 2091 quidem
1488 2064 1561 2086 certe
1580 2060 1676 2087 leviter

888 2099 972 2126 conﬁt
994 2100 1066 2134 quod
1089 2100 1237 2135 frangenda
1260 2102 1410 2133 voluntate,
1427 2105 1604 2137 quantumvis
1619 2106 1677 2131 leve

887 2146 1021 2177 videatur,
1050 2146 1195 2173 tlilliculter
1216 2152 1308 2174 tamen
1331 2149 1486 2176 coniicitur.
1514 2150 1553 2176 Ac
1569 2150 1675 2178 facinus

47 2203 102 2229 quo
116 2194 240 2222 stabilire
257 2194 317 2221 tidei
334 2201 489 2221 sermonem
505 2194 662 2227 jubeamur,
679 2194 835 2221 volentibus
853 2190 874 2218 Ι)
890 2191 916 2218 id
931 2192 999 2218 adeo
1027 2193 1113 2219 sancti
1130 2192 1225 2220 Patres
1247 2194 1487 2222 obtruncationem
1515 2196 1670 2228 sciverunt,

48 2240 219 2276 principibus
244 2240 333 2275 parati
355 2247 450 2266 sumus
473 2240 506 2266 ad
527 2240 698 2274 apologiam,
728 2239 835 2267 Domini

47 2287 134 2313 nostri
152 2285 215 2313 Jesu
231 2285 333 2313 Christi
351 2285 483 2312 beneficio
494 2306 502 2317 ,
527 2286 573 2319 qui
588 2285 710 2320 accingat
730 2285 836 2312 viribus

47 2333 171 2359 imbelles
200 2337 226 2358 et
242 2331 396 2358 facundiam
417 2331 457 2358 vel
486 2333 568 2358 mutis
592 2332 721 2366 praebeat.
747 2332 836 2366 Atque

48 2379 105 2406 haec
115 2378 161 2405 illa
188 2377 281 2404 fabula
299 2381 341 2404 est
355 2384 415 2411 qua‘
429 2377 587 2404 rumoribus
599 2377 729 2412 iactetur.
750 2376 836 2404 Caete-

54 2432 112 2451 rum
126 2431 175 2450 vus
191 2423 319 2455 animosi,
339 2430 369 2449 ac
389 2422 486 2457 spiritu
507 2422 646 2457 prtelirmi,
661 2429 695 2449 ne
708 2423 834 2449 commit-

53 2471 99 2498 tite
113 2475 144 2498 ut
157 2470 350 2498 exterreamini
364 2469 397 2496 ab
408 2469 586 2503 adversariis;
602 2469 679 2503 quin,
693 2477 744 2495 ceu
759 2469 837 2496 Chri-

49 2517 129 2544 stiani
150 2516 262 2551 quidam
283 2515 396 2547 milites,
411 2514 473 2542 lidei
492 2515 578 2542 armis
595 2515 698 2547 amicti,
723 2515 835 2542 stabiles

48 2568 74 2589 et
98 2561 253 2589 immobiles
277 2560 430 2588 consistite.
455 2560 602 2588 Enimvero
628 2561 704 2589 miles
721 2561 768 2596 qui
785 2569 834 2588 ex-

48 2613 157 2643 pertum
184 2608 274 2640 bellis,
299 2614 331 2634 ae
354 2607 581 2642 triumphatorem
605 2607 705 2634 habeat
724 2608 833 2639 ducem,

49 2658 144 2683 timere
159 2655 247 2683 nescit
261 2663 268 2687 ;
280 2654 346 2690 quin
359 2654 477 2686 animos,
498 2658 526 2681 et
542 2654 619 2689 signa
635 2653 741 2680 confert
754 2673 761 2680 .
777 2660 832 2688 quo

48 2711 97 2730 nus
111 2702 246 2729 debemus
260 2701 348 2736 magis
369 2700 497 2732 animari,
525 2701 570 2735 qui
592 2700 733 2732 copiarum
759 2699 832 2726 arbi-

47 2754 118 2775 lrttm
143 2748 297 2775 caelestium
311 2766 320 2779 ,
341 2753 372 2774 ac
387 2746 472 2774 totius
494 2745 613 2772 universi
641 2744 829 2776 mouarcbam,

81 2818 102 2833 "
119 2817 200 2845 nom.
218 2825 276 2848 sui,
292 2817 320 2844 3.
358 2816 380 2832 “
396 2815 474 2843 Rom.
487 2823 546 2847 xm,
562 2814 588 2840 ι.
607 2814 627 2829 δ’
646 2813 724 2841 Joan.
738 2820 783 2844 tu,
797 2811 842 2838 ‘22.

47 2853 95 2880 “ll
109 2853 218 2879 'I'unuli.
237 2846 329 2882 tu”.
364 2851 387 2867 “
402 2851 479 2878 Joan.
501 2846 555 2882 xvi,
572 2849 616 2875 55.
654 2848 704 2874 "ll
719 2848 834 2882 Cui-.vtt,

891 2866 896 2873 .
933 2847 956 2862 ⁸⁸
973 2846 1044 2874 Psal.
1078 2855 1154 2880 xxvi,
1170 2846 1197 2874 ὅ.

886 2237 957 2271 quod
981 2238 1008 2264 in
1038 2238 1122 2264 alium
1148 2239 1229 2265 cadat
1262 2240 1397 2266 neminem
1422 2248 1505 2274 quam
1533 2242 1672 2269 subditum

887 2284 1043 2318 genuinum,
1059 2284 1104 2318 qui
1118 2288 1145 2310 et
1165 2283 1215 2310 fari
1239 2292 1301 2311 cum
1319 2285 1449 2318 Apostolo
1473 2291 1576 2320 queat:
1610 2286 1673 2313 Vivo

886 2335 972 2355 autent
986 2329 1045 2362 jam
1068 2337 1119 2355 non
1135 2337 1191 2363 ego,
1219 2330 1280 2356 vivit
1298 2338 1356 2356 vero
1385 2331 1412 2356 in
1428 2339 1467 2357 me
1497 2331 1617 2359 Christus
1627 2333 1670 2359 5':

886 2383 947 2402 nam
974 2375 1021 2409 qui
1047 2382 1218 2409 nequaquam
1245 2383 1278 2402 ex
1304 2383 1353 2402 sua
1381 2376 1495 2404 libidine
1514 2377 1597 2408 vivnt.
1614 2382 1673 2404 tan-

885 2428 966 2456 quam
982 2424 1121 2455 sequcstra
1134 2420 1251 2454 praefecti
1264 2421 1412 2453 voluntate,
1431 2421 1484 2448 Deo
1499 2422 1574 2449 vivit.
1590 2422 1666 2455 Quin

886 2467 1008 2493 imitatur
1022 2472 1049 2493 et
1065 2473 1128 2493 eum
1148 2466 1194 2500 qui
1206 2465 1306 2493 dixcrit
1320 2476 1326 2492 :
1350 2466 1480 2493 Descendt'
1496 2468 1527 2494 de
1542 2469 1605 2494 mlo
1622 2476 1673 2494 non

885 2518 913 2539 ut
926 2513 1025 2547 facium
1037 2513 1197 2539 voluntatem
1214 2521 1307 2544 meant,
1333 2513 1378 2539 sed
1394 2514 1552 2540 voluntatem
1565 2515 1611 2549 qui
1622 2516 1671 2540 mi—

884 2559 920 2585 sit
938 2566 988 2591 me,
1005 2557 1137 2585 Patris".
1153 2557 1270 2585 Videtiu’
1293 2559 1366 2594 quod
1390 2558 1507 2586 instituti
1533 2559 1670 2594 fastigium

885 2604 942 2630 sit?
971 2612 1025 2630 non
1059 2604 1186 2631 aemulum
1201 2603 1315 2636 Christi,
1327 2612 1381 2632 non
1405 2604 1586 2639 apostolicum
1614 2606 1672 2631 est?

885 2649 939 2677 Nec
952 2650 996 2684 pol
1015 2650 1122 2681 adulor,
1158 2649 1223 2684 quin
1245 2650 1413 2685 exploratam
1430 2657 1490 2676 eam
1507 2651 1669 2676 sententiam

884 2695 983 2723 veritas
1005 2695 1189 2722 testiinonium
1214 2695 1292 2722 dicit.
1325 2695 1374 2722 Sin
1402 2695 1528 2723 homines
1559 2695 1600 2722 sic
1621 2695 1668 2722 dc-

884 2742 986 2769 functis
1001 2741 1074 2770 haud
1096 2743 1218 2770 encomia
1234 2745 1341 2775 texunt,
1359 2741 1427 2769 nihil
1449 2741 1514 2769 hinc
1524 2741 1565 2769 eis
1579 2741 1671 2776 gloria:

1180 2811 1203 2827 “
1217 2811 1225 2839 l
1237 2811 1291 2839 Cor
1318 2819 1348 2844 tt,
1362 2811 1378 2838 6
1395 2811 1422 2838 8.
1450 2810 1471 2826 “
1481 2809 1574 2837 Matth.
1593 2810 1668 2836 vn.6.

876 2812 898 2827 “
922 2811 1001 2838 .luan.
1018 2819 1073 2844 χιι,
1093 2811 1135 2838 19.
1180 2811 1291 2839 “lCor
1318 2819 1348 2844 tt,
1362 2811 1378 2838 6
1395 2811 1422 2838 8.
1450 2811 1471 2826 “
1481 2811 1574 2837 Matth.
1593 2811 1668 2836 vn.6.

876 2847 896 2873 ).
933 2847 956 2862 ⁸⁸
973 2846 1044 2874 Psal.
1078 2855 1154 2874 xxvi.
1170 2846 1197 2874 ὅ.
1245 2847 1266 2864 ⁸³
1283 2846 1384 2874 Thren.
1401 2854 1441 2873 ιιι.
1454 2846 1498 2872 9ἳ.
1537 2846 1560 2861 ⁸⁸
1574 2845 1668 2872 Mattu.

49 2896 84 2921 xi,
101 2889 147 2916 50.
186 2889 207 2904 “
223 2881 381 2919 Diaulus“,
396 2887 442 2914 ‘17.
480 2887 502 2902 δ’
515 2881 604 2913 Gulat.
620 2892 650 2916 tt,
662 2883 706 2910 '20.
745 2883 768 2899 "
786 2881 865 2910 Joan.
883 2889 919 2914 si.
936 2882 980 2909 58.
