1921 3073
226 139 281 171 679

826 135 856 164 S.
877 132 1074 163 THEODORI
1096 131 1270 162 STUDIT/E

1809 131 1860 160 680

225 195 344 228 decedit,
370 198 514 229 postquam
542 192 655 220 minime
674 190 747 217 videt
769 189 840 216 Deus
857 188 970 223 proinde
985 194 1018 213 ac
1033 191 1055 217 Α
1070 186 1170 213 bellum
1187 191 1229 213 est
1244 185 1362 212 invismn
1380 182 1451 218 quod
1468 191 1515 219 per
1529 183 1621 210 orbem
1645 183 1762 218 pertinet
1776 189 1863 211 terra-

227 243 366 273 mortales,
392 241 522 275 aliudque
545 239 603 270 Dei,
627 238 699 265 aliud
727 236 867 264 hominum
881 235 1014 269 judicium

227 295 280 322 cst,
297 294 324 317 et
347 287 474 323 ignobilis
500 286 662 320 plerumque
677 283 710 309 iis
735 282 781 315 qui
796 281 916 308 illustres
930 286 1016 313 appa-

229 341 320 367 reant,
337 335 389 362 sub
406 332 510 367 premii
532 331 603 359 diem
629 329 789 357 honoratior
810 331 939 354 eernetnr
957 335 963 352 :
982 325 1018 353 si-

229 382 338 416 quidem
371 379 502 413 scriptum
529 383 571 404 est
589 385 596 402 :
611 375 696 402 Erunt
719 374 855 400 noviuimi
875 372 967 406 primi,
993 375 1018 398 et

229 429 309 464 primi
343 424 521 454 noviuimi“.
553 423 636 457 Igitur
660 421 775 456 gaudete
801 424 828 446 et
858 418 1017 447 tremiscite,

229 463 328 509 partim
348 473 382 499 ob
399 471 446 498 Dei
461 469 633 500 beneﬁcium,
659 466 756 501 partim
779 465 815 492 ob
837 463 935 497 ingenii
951 469 1019 489 eon-

230 520 396 547 versioncm,
424 515 470 550 qui
499 522 552 540 non
581 512 662 539 iidem
695 514 825 544 perpetuo
850 514 1019 534 maneamus.

229 567 318 598 Atque
333 567 361 589 ut
375 561 522 595 apostolice
537 559 633 593 loquar
647 565 653 583 :
684 555 885 583 Consideremus
900 552 1018 581 invicem.

229 611 257 637 in
271 597 482 644 provocationem
503 603 655 634 charitatis.
677 610 707 628 ac
730 603 856 627 bonorum
873 597 1019 632 operum“,

229 657 277 692 qui
294 655 365 682 haud
379 653 573 681 defetiscamur
595 648 742 684 frangenda
759 647 910 676 voluntate,
928 644 1021 692 inqua

230 689 320 729 omnis
350 700 467 727 vertitur
496 697 604 728 oratio,
633 702 684 722 nec
712 693 897 720 dis-solvamur
924 689 1021 716 ciliciis

231 746 374 777 obeundis,
405 744 470 779 quin
490 742 630 769 alacritate
651 739 743 774 potius
758 738 908 768 llrmemur,
925 739 1021 761 mutuo

231 793 408 823 sustinentes,
417 793 510 816 mutua
527 794 611 814 onera
625 788 773 819 portantes,
794 789 842 809 ceu
858 779 1021 810 confratres,

231 847 280 868 ceu
301 837 444 864 unanimes
467 842 516 861 ceu
541 838 733 865 concorpores.
759 828 820 861 Quo
849 826 976 861 agitando
994 825 1021 852 in

230 887 289 914 dies
307 884 466 914 certamine,
489 886 626 914 cursuque
647 876 812 913 peragenda,
839 873 905 901 nihil
929 872 1024 900 dubito

232 931 298 967 quin
321 936 449 957 coronam
474 926 567 961 glorias
593 923 701 955 feretis,
726 928 786 955 quae
812 919 924 946 minime
950 925 1022 967 mar-

232 961 332 1009 descat,
343 982 392 1010 per
404 973 543 1001 Christum
558 969 651 997 Jesum
662 967 807 994 Dominum
821 968 943 992 nostrum
955 972 961 989 :
980 961 1024 989 cui

231 1024 317 1059 gloria
341 1026 369 1049 et
385 1019 542 1055 imperium,
569 1024 631 1045 cum
651 1015 733 1042 Patre
745 1020 778 1040 ac
791 1016 885 1040 sancto
910 1010 1023 1044 Spiritu,

231 1078 305 1098 nunc
331 1074 358 1096 et
386 1073 513 1101 semper,
540 1065 566 1092 in
601 1067 767 1095 omnemque
804 1058 1024 1094 perpetuitatem.

231 1117 329 1145 Amen.
354 1128 358 1133 ι

501 1155 618 1184 SERMO
637 1151 757 1180 CXXIX.

233 1209 362 1237 Contenta
406 1203 574 1232 accuratione
607 1208 666 1227 cum
700 1195 933 1237 inaspectaliilibiis
972 1192 1025 1237 ini:

268 1231 567 1274 conﬂigendum
620 1234 808 1266 vitandumque
841 1231 1025 1257 Itwretiwrum

269 1277 441 1305 consortium.

268 1322 377 1351 Fratres
404 1320 570 1352 Patresque,
596 1314 722 1349 equidem
760 1316 836 1339 curta
863 1314 957 1337 nostra
983 1311 1026 1335 est

233 1367 396 1398 cohortandi
424 1364 556 1395 facultas,
580 1370 609 1391 re
642 1368 673 1388 ac
710 1364 836 1387 sermone
863 1355 970 1386 tenuis,
1000 1359 1026 1381 et

234 1422 283 1441 vos
298 1419 388 1442 tamen
413 1409 518 1437 hortari
539 1412 620 1442 atque
636 1405 671 1433 ab
683 1403 782 1432 animis
797 1409 846 1437 pro
863 1400 936 1429 virili
952 1399 1025 1427 exci-

235 1466 294 1488 tare
316 1463 359 1486 est
377 1463 499 1484 necesse.
517 1454 585 1482 Nam
602 1451 663 1480 siin
675 1449 765 1479 stadio
779 1452 922 1476 currentes
935 1444 1025 1472 accla-

235 1506 383 1533 mationem
400 1502 557 1530 desiderant
574 1501 747 1533 sequentum,
765 1497 900 1529 egentque
912 1491 938 1521 in
958 1498 1024 1525 prte—

235 1551 278 1578 liis
303 1553 438 1577 certantes
462 1544 681 1573 commilitonum
708 1539 839 1569 stimulis,
856 1541 960 1572 quanto
974 1542 1024 1562 vos

235 1600 343 1628 oportet
372 1594 475 1628 magis;
505 1592 551 1627 qui
574 1598 636 1618 cum
653 1585 895 1622 inaspeclabilibus
908 1582 1027 1613 inimicis

236 1642 335 1671 bellum
360 1640 486 1671 inieritis,
513 1643 644 1672 tanquam
668 1635 806 1662 delibutas
818 1632 977 1662 verborum,
997 1632 1028 1656 ut

236 1691 276 1717 sic
300 1688 425 1719 dixerim,
446 1683 610 1716 calcaribus,
624 1681 697 1709 serio
713 1678 812 1707 animis
831 1675 965 1712 procingi,
979 1675 1026 1709 qui

235 1736 306 1763 lucta
320 1734 393 1762 haud
405 1734 432 1760 in
449 1731 592 1761 dieculam,
606 1728 673 1763 quin
691 1734 738 1760 per
754 1732 864 1753 omnem
883 1723 965 1750 vitam
978 1721 1027 1748 de-

236 1781 333 1813 functi,
361 1783 438 1815 parta
453 1776 552 1804 illustri
573 1773 787 1802 immortalitatis
806 1771 900 1798 laurea
914 1768 1027 1796 victori-

236 1827 300 1860 bus,
326 1814 482 1859 sempiterni
507 1821 618 1857 pudoris
641 1819 780 1846 infamiam
803 1816 867 1843 victi
893 1814 1028 1850 exigatis?

236 1872 338 1899 Verum
354 1878 387 1897 ne
411 1869 437 1896 id
458 1868 605 1904 patiamur,
625 1865 734 1896 fratres,
751 1871 803 1890 neu
820 1860 1026 1896 exspectatione

238 1919 411 1948 lrustremur,
426 1915 472 1943 sed
490 1913 666 1941 aceuratione
690 1914 832 1941 contenta,
849 1916 881 1936 ac
894 1907 1026 1943 pertinaci

237 1964 350 1995 obnixu,
367 1965 461 1989 contra
476 1959 626 1989 diabolum,
642 1957 696 1984 Deo
713 1957 792 1987 duce,
809 1955 950 1982 victoriam
965 1961 1027 1981 cer-

236 2017 346 2041 namus,
361 2015 450 2044 neque
464 2008 536 2035 enim
560 2005 672 2033 nescitis
689 2009 719 2030 ut
737 2002 884 2030 carnaliter
907 2008 1029 2036 pugnan-

237 2062 280 2084 tes
296 2055 342 2082 toti
360 2055 415 2082 sint
438 2054 530 2082 exciti.
555 2052 677 2086 Quorum
701 2051 778 2077 aiunt
804 2057 851 2076 ora
876 2047 987 2078 mutari,
1002 2052 1026 2074 et

237 2102 304 2128 alios
331 2108 381 2135 pro
396 2099 458 2126 aliis
473 2105 614 2133 apparere,
638 2104 693 2131 praa
720 2096 793 2123 serio
807 2094 911 2126 furore,
928 2092 1028 2120 animi-

237 2156 291 2182 quc
305 2147 458 2182 prmsentia,
471 2151 501 2172 ut
522 2149 577 2171 tum
596 2142 726 2177 temporis
739 2149 788 2168 nec
803 2141 960 2175 conjugum,
976 2146 1026 2166 nec

1070 237 1142 257 rum.
1159 231 1197 256 Ac
1209 229 1231 256 si
1247 229 1347 264 placet,
1362 228 1463 263 ingenii
1476 228 1563 255 oculis
1578 228 1692 255 sublatis
1708 229 1862 261 intuemini,

1070 275 1161 307 sultis,
1177 282 1259 302 omne
1276 275 1327 301 hoc
1341 274 1501 301 universum
1524 273 1598 308 quod
1615 274 1655 301 cis
1671 274 1771 301 cretum
1788 279 1864 309 patet

1071 321 1104 348 iis
1120 321 1239 348 caedibus
1255 320 1402 347 refertum:
1419 327 1507 354 neque
1522 319 1595 346 enim
1612 320 1780 354 irreligiosos
1794 321 1865 347 dun-

1070 371 1156 399 taxat,
1173 371 1200 393 et
1223 366 1377 396 lnereticos,
1405 372 1455 392 nec
1487 365 1601 399 stupris,
1625 370 1707 398 atque
1721 365 1865 394 adulteriis

1071 412 1186 443 deditos,
1204 419 1236 438 ac
1247 411 1293 446 qui
1311 411 1336 438 id
1350 419 1437 446 genus
1445 410 1545 445 ﬂagitia
1566 411 1718 446 designent,
1736 412 1789 439 sub
1806 420 1865 438 mu-

1071 465 1181 485 cronem
1199 457 1283 492 adigit
1296 457 1389 489 draco,
1404 457 1450 484 sed
1468 457 1502 483 ab
1523 457 1565 483 his
1580 464 1690 491 quoque
1706 457 1780 483 haud
1799 457 1865 484 alie-

1072 511 1122 531 nos
1133 508 1159 530 et
1172 503 1330 531 societatem
1345 507 1486 533 coeuntes.
1506 502 1529 529 si
1548 502 1606 529 inec
1619 510 1683 529 vera
1696 507 1738 529 est
1753 504 1844 529 oratio
1857 512 1864 529 :

1073 549 1126 582 Qui
1145 550 1230 584 tangit
1257 549 1340 583 picem
1366 548 1560 582 inquinabitur,
1581 553 1605 574 et
1629 549 1673 582 qui
1688 549 1866 574 communiret

1072 595 1192 629 superbo,
1205 595 1300 621 similis
1312 595 1337 621 ei
1356 595 1440 628 fiet”.
1455 593 1526 621 Sane
1544 594 1736 621 insimulamur
1748 594 1775 620 in
1795 601 1865 628 pne»

1074 641 1172 672 sentis.
1184 641 1231 676 qui
1243 641 1426 668 venditantem
1442 648 1471 667 se
1479 641 1624 674 quemdam
1637 647 1687 675 pro
1699 640 1865 670 orthodoxo.

1073 695 1106 714 ac
1116 693 1249 722 perpetuo
1262 694 1323 713 cum
1337 686 1433 713 hzeresi
1446 691 1682 719 consuescentem,
1697 687 1868 713 vetuerimus

1074 733 1109 760 ab
1122 733 1277 760 orthodoxo
1293 732 1319 760 in
1337 740 1415 760 sacra
1432 734 1580 764 intentione,
1598 733 1646 760 'dia
1660 733 1785 760 obeunda
1803 741 1866 768 my-

1075 779 1206 813 stagogia,
1228 779 1281 809 edi.
1303 783 1330 805 et
1345 778 1449 809 oll‘erri,
1465 786 1529 805 nam
1547 779 1570 805 si
1593 779 1619 805 in
1635 779 1757 810 decesm,
1784 778 1868 805 mini-

1076 831 1162 854 mum.
1177 823 1362 858 przevertissrt
1386 831 1433 857 per
1448 823 1651 850 confessionem
1670 823 1757 850 sacris
1773 824 1865 857 potiri.

1076 869 1170 896 liceret
1192 869 1301 903 quidem
1339 874 1412 896 certe
1438 876 1486 903 pro
1519 876 1552 896 eo
1580 869 1746 896 oblationem
1775 869 1867 896 facere

1075 914 1240 945 orthodoxo,
1263 921 1337 941 nunc
1354 915 1380 940 in
1401 915 1527 941 hzeretica
1548 915 1747 942 consuetudine
1761 915 1867 942 exstin-

1077 965 1158 992 ctus,
1188 960 1235 994 qui
1262 965 1351 993 potest
1386 961 1411 986 in
1435 961 1614 987 orthodoxam
1642 960 1867 987 communionem

1077 1005 1185 1032 inseri?
1201 1004 1346 1033 Enimvero
1366 1004 1424 1031 haec
1444 1005 1565 1039 Apostoli
1581 1006 1714 1032 sententia
1727 1010 1770 1032 est
1787 1015 1793 1032 :
1811 1005 1867 1032 Cu-

1076 1050 1115 1076 lia:
1142 1050 1342 1079 benedictionis,
1358 1051 1402 1075 cui
1417 1050 1604 1083 benedicimua,
1620 1059 1706 1077 nonne
1720 1052 1869 1077 cornmuui-

1075 1096 1146 1122 catio
1161 1096 1298 1130 sanguinis
1312 1095 1413 1122 (.hristi
1426 1099 1464 1122 est
1479 1096 1491 1121 .9
1509 1097 1596 1130 punis,
1616 1104 1691 1130 quem
1707 1096 1866 1130 frangimus,

1076 1148 1160 1167 nonne
1179 1141 1382 1166 communicatio
1397 1141 1514 1174 corporis
1539 1141 1641 1167 Chriin
1669 1143 1867 1176 estfquoninm

1075 1195 1143 1214 unus
1165 1187 1253 1220 panis,
1270 1194 1351 1213 unum
1369 1194 1463 1220 corpus
1483 1186 1559 1212 multi
1573 1194 1677 1218 minus;
1691 1195 1751 1213 nam
1777 1195 1869 1213 omnes

1075 1233 1107 1260 de
1123 1241 1177 1260 uno
1191 1241 1258 1267 pane
1270 1233 1461 1267 participantur
1479 1233 1514 1259 ⁵⁷.
1538 1233 1623 1266 Igitur
1638 1241 1653 1259 a
1670 1234 1728 1268 pari
1746 1234 1868 1261 hatretici

1076 1280 1236 1307 communio
1266 1279 1356 1312 panis,
1382 1284 1464 1314 atque
1486 1279 1590 1311 calicis,
1608 1279 1784 1307 adversarum
1803 1289 1870 1315 par-

1075 1327 1142 1353 tium
1159 1331 1211 1359 est,
1225 1333 1363 1359 unumque
1377 1333 1471 1353 exsors
1479 1326 1580 1352 Christi
1601 1326 1682 1353 ellicit
1706 1334 1807 1361 corpus
1824 1335 1872 1355 so-

1075 1372 1200 1399 cietatem
1214 1372 1348 1403 ineuntes,
1362 1375 1508 1406 postquam
1524 1380 1569 1398 nec
1584 1373 1697 1398 societas
1711 1372 1765 1398 luci
1782 1372 1818 1398 ad
1831 1378 1871 1399 te-

1076 1417 1182 1449 nebrat,
1194 1425 1238 1444 nec
1264 1417 1435 1451 participatio
1447 1417 1564 1451 justitiae
1589 1426 1647 1444 cum
1663 1418 1808 1452 injustitia,
1823 1427 1871 1445 nec

1075 1470 1136 1496 pars
1152 1462 1225 1496 ﬁdeli
1253 1470 1312 1488 cum
1327 1461 1445 1496 inﬁdeli,
1469 1470 1514 1488 nec
1534 1470 1675 1489 consensus
1700 1463 1794 1497 templo
1822 1463 1871 1490 Dei

1077 1515 1135 1534 cum
1163 1507 1242 1534 idolis
1254 1508 1287 1541 ⁵⁸,
1307 1511 1338 1534 ut
1362 1507 1433 1534 idem
1466 1508 1529 1534 alibi
1544 1509 1654 1535 clamat.
1672 1508 1705 1536 Ut
1720 1509 1870 1543 lugendum

1079 1553 1113 1581 sit
1127 1554 1153 1580 in
1170 1554 1214 1584 iis.
1228 1561 1260 1581 ac
1273 1561 1334 1580 cum
1349 1555 1482 1581 orandum
1499 1561 1548 1588 pro
1560 1554 1650 1581 adhuc
1666 1554 1734 1582 vivis
1744 1563 1798 1588 quo
1810 1555 1872 1581 dia-

1078 1599 1132 1626 boli
1147 1600 1259 1634 laqueos
1279 1600 1405 1631 evadant,
1424 1605 1481 1627 tum
1503 1600 1537 1628 de
1563 1601 1642 1628 nobis
1662 1602 1871 1636 gratulandum,

1078 1653 1146 1680 quos
1168 1646 1224 1680 jum
1253 1645 1318 1673 olim
1350 1646 1422 1673 Deus
1439 1646 1473 1673 ad
1496 1646 1710 1673 incolumitatem
1727 1647 1871 1679 asciverit,

1077 1691 1161 1718 animi
1177 1692 1368 1723 sanctimonia,
1385 1692 1490 1724 ﬁdeque
1512 1692 1638 1726 praeditos
1655 1700 1729 1725 vera,
1741 1694 1788 1727 qui
1803 1694 1874 1720 reli-

1078 1738 1158 1772 gione
1185 1738 1286 1766 tuenda
1301 1738 1461 1770 orthodoxa,
1482 1738 1524 1765 vel
1540 1738 1566 1765 in
1583 1743 1743 1773 praesentem
1758 1740 1782 1766 ei
1800 1747 1873 1767 con—

1078 1783 1223 1811 fessionem
1240 1784 1418 1817 serviremus,
1437 1792 1490 1818 qua
1508 1784 1624 1816 insonte,
1647 1789 1674 1811 et
1697 1785 1802 1820 integra
1820 1786 1873 1813 de-

1078 1827 1197 1860 functos,
1213 1835 1298 1863 regno
1319 1833 1417 1864 augeat
1431 1829 1535 1856 cmlesti
1554 1837 1600 1863 per
1612 1829 1753 1856 Christum
1772 1830 1874 1858 Iesum

1078 1872 1224 1900 Dominum
1240 1877 1364 1899 nostrum
1381 1881 1388 1899 :
1419 1874 1462 1900 cui
1489 1873 1575 1907 gloria
1600 1878 1626 1900 et
1643 1873 1789 1908 imperium
1807 1883 1873 1903 cum

1077 1918 1168 1951 Patre,
1192 1926 1224 1946 ac
1239 1923 1334 1946 sancto
1351 1917 1464 1953 Spiritu,
1485 1927 1558 1945 nunc
1574 1923 1601 1946 et
1623 1926 1741 1954 semper,
1757 1920 1785 1947 iu
1813 1929 1875 1949 om-

1079 1972 1196 1999 nemque
1212 1965 1430 1999 pcrpetuitatem.
1456 1964 1552 1991 Amen.

1350 2008 1466 2036 SERMO
1485 2009 1591 2037 (LXXX.

1181 2055 1218 2082 De
1232 2055 1323 2082 mortis
1344 2055 1537 2088 recordatione,
1558 2065 1590 2083 ac
1602 2057 1766 2092 virginitate.

1112 2100 1222 2128 Fratres
1251 2101 1408 2135 Patresquc,
1435 2102 1488 2128 alia
1507 2103 1567 2129 aliis
1585 2103 1716 2137 praeﬁnita
1741 2109 1783 2131 est
1798 2101 1873 2132 tem-

1077 2153 1169 2183 pestas
1197 2148 1262 2183 (alia
1288 2153 1329 2176 est
1344 2149 1415 2175 eliim
1447 2150 1588 2180 sumentis,
1613 2151 1665 2177 alia
1689 2152 1800 2183 messis,
1817 2153 1874 2179 alia

238 2193 398 2224 liberorum,
414 2199 463 2218 nec
481 2195 634 2225 parentum,
659 2196 707 2216 nec
723 2188 849 2218 fratrum,
864 2194 914 2214 nec
928 2186 1024 2220 cujus-

1081 2195 1165 2228 pacis,
1179 2195 1232 2221 alia
1250 2195 1322 2226 belli,
1340 2194 1392 2221 alia
1418 2201 1548 2229 quaestus,
1567 2195 1619 2222 alia
1637 2196 1792 2232 feriarum),
1812 2200 1875 2225 ani-

238 2247 320 2274 quam
360 2238 472 2264 alterius
500 2235 674 2263 meminerint
709 2235 841 2266 omnino,
877 2237 977 2267 praesto
1000 2232 1026 2258 in

238 2284 339 2312 bellum
366 2287 467 2314 mente,
483 2281 602 2316 ingenio,
619 2285 700 2315 atque
721 2286 836 2313 corpore
851 2279 884 2306 ad
897 2278 1024 2305 eumdem

239 2331 350 2357 modum
371 2327 459 2355 allecti
498 2335 548 2355 nos
572 2334 681 2361 quoque
697 2325 848 2353 secundum
865 2325 1023 2351 interiorem

239 2376 390 2407 hominem,
407 2379 510 2401 terrore
534 2373 654 2400 hostium
670 2372 745 2399 nullo
758 2377 900 2399 teneamur
913 2380 1027 2400 necesse

239 2426 291 2453 est,
319 2421 384 2456 quin
411 2420 551 2447 alacritate
575 2427 707 2447 acuamur
723 2423 748 2448 et
760 2419 905 2446 ardearnus
916 2419 1027 2451 animis,

240 2477 289 2496 ceu
316 2468 416 2502 egregii
432 2467 579 2494 Christiani
607 2466 716 2493 milites.
744 2465 852 2501 Eosque
878 2465 1028 2500 conspicati

241 2514 401 2550 perduelles,
417 2513 513 2541 cedent
530 2513 749 2548 oppugnatione;
767 2512 809 2540 sin
826 2511 1028 2543 formidolosus,

240 2569 272 2588 ac
291 2559 449 2596 pra-fractos
474 2564 598 2591 cernant,
615 2559 650 2586 ibi
674 2563 730 2586 tum
755 2566 848 2586 arcum
865 2559 987 2591 tendere,
1003 2564 1030 2586 et

239 2607 354 2642 impuris
377 2607 514 2641 cogitatis,
543 2606 623 2641 quasi
640 2605 803 2640 quibusdam
824 2605 884 2632 telis
912 2609 1029 2632 mentem

241 2654 388 2682 lancinare.
418 2653 580 2687 Quanquam
607 2660 657 2679 nec
687 2652 728 2679 sic
753 2650 953 2686 desperandum
977 2656 1029 2683 est,

242 2701 308 2735 quin
336 2703 495 2733 recuperata
511 2707 560 2729 per
580 2698 767 2733 paenitentiam
791 2698 917 2729 sanitate,
935 2698 1030 2725 iterum

241 2746 428 2782 pugnandum,
445 2749 526 2779 atque
544 2745 568 2771 id
585 2744 729 2779 perpetim,
758 2752 819 2770 nam
836 2744 879 2779 pol
895 2743 1030 2777 ejusmodi

277 2813 410 2841 "Matth.
437 2821 492 2845 xix,
513 2813 557 2841 50.
596 2812 713 2842 "liebr.
740 2813 814 2847 x,2l.

243 2847 265 2865 "'
287 2848 364 2875 llum.
383 2856 411 2880 n,
436 2849 476 2875 i3.

853 2813 973 2842 "Eccli.
1007 2823 1066 2847 xnl,
1091 2815 1116 2842 l.

1081 2240 1117 2266 uti
1142 2240 1223 2267 saluti
1246 2241 1319 2267 nulla
1345 2248 1399 2266 non
1426 2241 1532 2271 idonea,
1549 2242 1694 2276 omnisque
1708 2245 1876 2271 commodus

1079 2285 1148 2318 dies,
1165 2285 1188 2312 si
1205 2285 1330 2312 velimus.
1346 2286 1417 2320 Ergo
1434 2285 1572 2320 irroquieti
1588 2287 1675 2313 simus
1693 2288 1727 2313 ad
1744 2288 1873 2320 honesta,

1081 2332 1215 2366 pernices,
1245 2332 1352 2363 novitii,
1380 2332 1452 2358 dicta
1479 2332 1504 2358 in
1535 2340 1605 2366 opus
1619 2333 1787 2361 educentes:
1808 2343 1874 2361 nam

1082 2376 1142 2404 Non
1159 2378 1302 2410 auditores,
1315 2378 1362 2407 ait.
1378 2377 1442 2412 legis
1455 2377 1525 2412 justi
1539 2383 1600 2404 sunt
1618 2379 1689 2413 apud
1710 2379 1804 2411 Deum,
1825 2382 1876 2407 sed

1081 2423 1193 2457 factores
1218 2423 1281 2457 legis
1304 2423 1566 2457 justiﬁcabunlur”.
1597 2424 1669 2452 Sane
1698 2432 1746 2452 seu
1769 2426 1875 2453 bellum

1080 2475 1186 2503 agatur,
1204 2471 1277 2503 quod
1293 2469 1378 2496 aciem
1398 2470 1484 2505 fugiat
1511 2471 1665 2501 oculorum.
1700 2471 1807 2499 fortiter
1835 2473 1875 2500 sit

1080 2514 1268 2549 pugnandum,
1284 2522 1316 2542 ac
1333 2514 1388 2542 Deo
1410 2515 1480 2542 duce
1502 2521 1596 2543 coorta
1616 2517 1754 2545 diabolica
1787 2525 1874 2545 sensa

1080 2560 1262 2596 proﬂiganda,
1291 2568 1325 2588 ne
1349 2560 1496 2588 immorata
1524 2562 1635 2596 exigant
1660 2568 1796 2595 mortem,
1822 2571 1873 2590 seu

1080 2606 1179 2633 messis
1198 2606 1311 2633 obeatur
1324 2606 1464 2641 spiritalis,
1480 2608 1603 2635 animosa
1624 2610 1784 2636 metendum
1800 2617 1874 2644 qua-

1081 2652 1158 2686 sique
1183 2652 1208 2678 in
1238 2652 1366 2680 horreum
1389 2652 1528 2688 quoddam
1545 2655 1675 2688 perennis
1695 2655 1794 2682 viatica
1810 2657 1875 2682 riu».

1081 2697 1288 2732 comportanda,
1313 2705 1347 2724 ne
1373 2699 1486 2732 perenni
1514 2698 1586 2728 fame
1609 2708 1766 2728 enecemur.
1783 2701 1875 2728 Enim-

1082 2752 1146 2772 vcro
1161 2743 1226 2779 jugc
1240 2748 1347 2779 tempus
1362 2749 1405 2772 est
1418 2752 1544 2780 precum,
1560 2745 1757 2781 lacrymarum,
1772 2754 1873 2773 recon~

1155 2815 1177 2831 "
1205 2814 1299 2842 ICor.
1318 2821 1344 2847 ι,
1373 2813 1415 2847 l6,
1443 2814 1486 2841 l7.
1543 2815 1566 2830 "
1584 2814 1605 2841 ll
1626 2814 1689 2843 Cor.
1717 2823 1744 2843 vr
1777 2814 1870 2843 N—lG.
