1921 3073
90 132 145 167 681

658 137 860 168 SEBMONES
878 137 1139 168 CATECHETICI.

1677 141 1731 173 682

91 191 274 218 ciliairdorum
288 190 452 223 facinorum,
477 192 553 227 regni
568 192 692 228 rapiendi
710 194 839 225 ctelestis,
858 199 886 220 ut
902 198 923 225 Α
939 198 966 221 et
981 194 1140 229 imperium,
1166 201 1227 221 cum
1251 193 1334 221 Patre
1360 201 1391 221 ac
1407 199 1503 222 sancto
1526 195 1641 231 Spiritu,
1657 206 1730 226 nunc

93 236 162 263 nihil
181 237 217 264 sit
233 245 282 264 cur
304 237 432 272 deinceps
456 242 629 271 cunctemur,
648 238 834 272 dillindamur,
856 244 883 266 et

90 283 312 310 emendationem
335 284 370 311 de
386 284 430 312 die
451 284 478 311 in
503 284 575 311 diem
601 284 755 311 trahamus.
773 283 883 312 Scilicet

92 336 147 356 non
169 329 264 356 mundi
286 331 406 364 praeterit
424 330 535 365 ﬁgura?
549 338 603 358 non
618 330 741 365 quotidie
757 330 883 357 innume-

91 375 192 402 rabiles
208 375 365 402 decedunt?
379 383 432 402 non
459 376 557 403 tumuli
577 381 700 411 patentes
712 384 800 411 genus
815 376 884 404 infe-

90 422 127 448 lix
144 422 308 454 humanum,
325 428 353 449 ut
365 423 405 450 sic
419 422 546 456 dixerim,
558 427 642 458 agunt
658 422 684 449 in
701 422 885 457 triumphum?

90 475 145 493 non
159 472 307 501 cognatum
330 472 401 495 terra
417 469 519 503 excipit
533 476 632 504 corpus
643 469 655 495 '!
668 468 739 495 Num
758 472 884 503 perpetes

89 512 155 548 [nos
168 519 259 541 autem
275 522 372 541 sumus
389 515 510 541 mansuri
521 514 542 550 η
562 523 614 541 nun
632 515 779 542 recolimus
790 518 885 547 quote

89 559 231 593 republica
257 564 362 590 nostra,
399 563 429 585 ut
456 559 508 586 hoc
536 566 682 586 memorem
706 558 885 590 solum,abic-

89 604 169 632 rint?
189 604 240 633 Ubi
257 606 329 632 beati
342 606 407 632 olim
423 605 538 640 patres?
560 605 605 632 ubi
629 605 728 632 fratres
752 605 884 639 spiritua-

89 651 128 678 lrs
165 658 199 678 ac
225 650 369 678 carnales?
397 650 443 676 ubi
471 649 660 676 conterranei?
687 649 733 675 ubi
757 649 884 676 sodales?

88 697 137 723 ubi
163 696 363 724 concantores?
386 704 504 731 quorum
538 703 623 730 penes
640 703 691 723 nos
708 696 760 723 soli
774 696 884 724 habitus

86 745 211 773 exstant,
229 741 300 768 cassi
316 749 407 767 rerum
424 745 451 768 et
467 741 574 768 inanes.
591 740 644 768 Sed
661 741 751 773 obliti,
770 746 800 768 ut
814 741 885 768 vide-

87 790 146 818 tur,
168 786 389 821 stipulationum,
415 786 437 814 si
458 787 561 821 quiest
583 787 610 813 in
636 787 765 814 manibus
791 786 884 815 fratris

86 833 194 864 obitus,
214 834 346 867 patrisve,
361 832 434 859 illico
449 833 483 859 ad
501 836 619 859 mentem
638 832 770 864 redimus,
787 833 885 860 stimu-

933 244 960 267 et
975 246 1092 274 semper,
1110 240 1139 267 in
1152 247 1318 275 omnemque
1334 242 1554 275 perpetuitatem.
1572 244 1670 272 Amen.

1218 307 1333 336 SEBMO
1350 307 1469 336 CXXXI.

1040 362 1078 389 De
1090 363 1190 395 studio,
1210 364 1315 398 vitaque
1330 369 1422 392 nostra
1441 366 1486 392 dia
1498 371 1524 393 et
1537 366 1622 401 felice.

971 417 1081 447 Fratres
1098 419 1255 454 Patresque,
1272 420 1326 447 alio
1339 421 1366 448 in
1379 421 1518 456 prioribus
1540 423 1646 451 dicendi
1662 433 1730 455 usus

934 463 1057 496 exordio,
1066 472 1139 492 nunc
1149 466 1391 500 percontabundus
1410 467 1486 496 iulio.
1498 468 1536 495 Ac
1546 477 1640 503 quaero
1653 472 1729 506 equi-

934 510 995 537 dem
1010 509 1044 538 de
1060 511 1214 543 monastiri,
1225 513 1299 547 quod
1314 513 1456 543 obeamus.
1473 515 1556 542 studii
1569 517 1730 550 certamine,

934 556 1000 590 quid
1013 556 1196 591 arbitramini,
1221 557 1321 586 fratres
1332 559 1344 586 Υ
1363 561 1516 588 tenemusn‘
1527 562 1602 596 quod
1614 563 1727 598 vestiga-

936 608 1006 634 mus,
1023 605 1050 628 et
1061 601 1208 629 immortali
1229 603 1348 637 petimur
1361 611 1429 637 aevo,
1442 612 1491 640 spe
1505 606 1592 634 aﬂ‘ecti
1604 609 1706 643 sospita
1721 628 1730 640 .

935 653 969 672 an
979 646 1109 674 desumus
1122 655 1186 674 vero
1199 647 1287 676 ofﬁcio
1298 649 1474 683 ?Enimvero,
1489 658 1622 686 quantum
1634 661 1667 680 ex
1681 661 1730 689 ap-

936 693 1053 726 parenti,
1065 693 1136 721 haud
1152 702 1201 722 vos
1213 696 1312 730 opinor
1325 697 1366 724 vel
1382 697 1516 726 tantillum
1531 698 1691 733 subdititiis,
1702 705 1731 727 ut

935 737 976 765 sic
1005 738 1131 771 dixerim,
1148 740 1235 774 scitis,
1263 746 1347 777 atque
1378 743 1480 778 regulis
1506 743 1637 778 defuisse,
1658 746 1731 780 quod

936 782 1031 810 salutis
1046 788 1127 818 caput
1144 789 1241 813 vestra}
1254 791 1306 820 est,
1318 791 1344 814 et
1354 787 1507 816 incolumes
1519 797 1613 824 porro,
1629 798 1662 818 ac
1671 792 1731 819 sine

938 827 1033 856 fraude
1049 829 1199 857 introrsum
1223 833 1436 866 conservemini,
1452 842 1508 870 quo
1522 836 1603 863 nauci
1626 836 1670 864 hic
1681 845 1731 872 ego

86 887 191 915 lamur,
228 879 407 913 subrigimur,
440 885 468 906 at
500 878 583 905 simul
599 879 801 913 aliquantillum
818 879 886 907 abiit
901 869 922 898 Β
936 882 985 908 Der
1004 883 1053 903 V05
1072 877 1188 904 sentiam
1218 877 1392 907 bGIIeliCium.
1411 880 1487 909 Sane
1513 882 1622 918 utrique
1646 869 1729 910 Deuiu

87 931 208 961 tempus,
227 926 262 952 ibi
284 930 341 952 tum
369 930 509 960 pactorum
524 932 556 952 ac
571 925 744 953 stimulorum
761 926 886 960 pertinax

86 971 192 998 oblivio
206 975 258 997 est.
275 972 309 997 At
325 978 380 997 non
397 971 434 998 dii
450 971 543 998 itidem
558 972 657 1004 sancti,
671 971 719 1005 qui
736 971 791 998 vita
808 972 885 999 omni

86 1016 266 1043 meditatione
294 1016 411 1050 quadam
430 1021 522 1050 parata
553 1017 667 1049 mortis,
688 1016 777 1044 indies
803 1017 884 1049 mori,

86 1064 126 1099 (ιιι
144 1064 255 1098 mirum)
271 1064 361 1090 vivere
374 1085 381 1097 ,
398 1063 487 1091 indies
508 1064 610 1091 mundo
626 1065 776 1099 apostolico
791 1064 884 1091 cruci—

86 1111 133 1144 tigi
146 1131 153 1142 ,
168 1110 260 1136 indies
275 1110 308 1136 ad
325 1109 410 1136 Dentri
425 1110 517 1137 studio
527 1110 674 1144 proﬁcisci,
692 1109 776 1136 vitam
785 1109 884 1144 degen-

85 1161 128 1183 tos
149 1164 212 1183 vere
233 1156 340 1183 felicem
371 1164 403 1183 ac
425 1156 583 1183 amabilem.
607 1155 665 1183 Non
686 1155 811 1191 exemplo
828 1160 884 1183 ter-

87 1202 188 1229 rcmini
207 1202 300 1230 decem
317 1203 453 1238 virginum
464 1203 476 1230 Ἰ
486 1202 563 1236 Ecce,
575 1202 792 1238 inquit,sponsus
801 1202 882 1233 venit,

83 1248 158 1274 exite
171 1248 274 1274 obviam
292 1249 316 1275 ei
326 1249 360 1276 ".
375 1248 463 1283 igitur
482 1249 629 1283 prudentes
644 1256 707 1275 cum
726 1247 882 1283 splendidis

85 1293 210 1320 lucernis
237 1294 334 1325 obviae,
353 1295 380 1320 in
404 1294 555 1321 thalamum
579 1298 732 1329 penetrare,
758 1301 826 1321 serat
846 1295 882 1321 ob

86 1339 225 1366 bonorum
243 1347 356 1374 operum
374 1339 517 1374 penuriam
534 1340 624 1367 stultae
649 1339 768 1367 clamare
782 1339 809 1366 in
825 1339 882 1367 Ι]ωο

85 1385 171 1411 verba
185 1393 191 1411 :
211 1385 333 1418 Domine,
348 1385 467 1417 Domine,
485 1386 559 1420 aperi
581 1386 655 1413 nobis
665 1386 698 1419 ⁸⁷,
714 1385 815 1420 quibus
834 1385 881 1413 ille

86 1431 258 1464 respondens
273 1431 363 1458 dicere
377 1440 383 1458 :
405 1431 498 1464 Amen,
514 1440 589 1458 amen
613 1432 673 1458 dico
696 1432 780 1463 nobis,
795 1432 881 1458 uestio

86 1484 132 1502 to:
145 1475 179 1507 “,
196 1476 298 1503 addens
312 1485 318 1502 :
341 1475 464 1511 Vigilate,
495 1477 559 1511 quia
576 1477 682 1503 nescitis
706 1476 776 1503 diem
793 1476 879 1509 illum,

938 922 1129 955 praedic-emus,
1151 924 1199 959 qui
1224 926 1323 959 potiori
1336 926 1432 954 dilecta
1450 933 1537 962 parte,
1560 934 1587 956 et
1602 935 1730 965 tanquam

937 967 969 994 ad
983 967 1047 994 Jesu
1068 970 1150 1003 pedes
1166 971 1351 1004 considentes,
1378 974 1610 1002 sermocinantem
1633 976 1730 1003 audia-

937 1018 999 1039 mus
1022 1013 1054 1041 ⁷².
1070 1014 1141 1049 Ergo
1169 1021 1308 1051 anguntur
1323 1017 1380 1050 alii,
1397 1025 1431 1045 ac
1457 1018 1491 1046 de
1512 1019 1637 1053 plurimis
1654 1021 1730 1048 labo-

936 1061 1008 1090 rant,
1032 1058 1205 1094 conjugihus,
1221 1060 1326 1093 liberis,
1346 1062 1467 1096 prﬁdiis,
1485 1064 1621 1097 pecuniis,
1635 1070 1729 1092 nostra

936 1102 994 1129 haec
1005 1111 1057 1131 una
1072 1106 1228 1139 procuratio
1241 1110 1293 1140 est,
1309 1107 1356 1142 qui
1373 1106 1489 1135 Domino
1502 1109 1670 1143 placeamus,
1683 1111 1730 1138 alii

936 1152 1045 1176 terreno
1068 1151 1165 1178 cessari
1187 1156 1292 1179 merent
1307 1173 1314 1185 ,
1334 1153 1412 1188 cujus
1439 1153 1561 1188 imperiis
1585 1161 1728 1189 coguntur.

934 1196 1084 1231 quamlibet
1095 1198 1130 1225 ad
1155 1204 1282 1234 mortem,
1309 1200 1454 1233 inservire,
1469 1205 1564 1228 nostra
1582 1207 1730 1236 spontanea

934 1242 1030 1269 militia
1046 1248 1098 1276 est,
1113 1244 1183 1279 regis
1201 1249 1242 1272 ter
1255 1246 1350 1280 optimi
1365 1245 1466 1274 Christi
1484 1254 1546 1274 cuin
1565 1248 1640 1273 omni
1653 1247 1732 1274 liber-

934 1291 989 1314 tate
1010 1287 1086 1322 jnssa
1114 1289 1276 1324 obeuntum,
1294 1291 1442 1319 honorario
1470 1292 1588 1327 quodam
1617 1293 1731 1323 milititr,

933 1340 1017 1367 regno
1046 1335 1173 1362 condicto
1203 1337 1378 1369 inconcusso,
1403 1338 1448 1364 alii
1464 1338 1528 1365 lluxi
1554 1343 1636 1374 atque
1652 1339 1732 1367 exilis

932 1383 1054 1413 quaestus
1090 1382 1177 1415 gratia
1197 1382 1308 1417 longum
1336 1387 1363 1411 et
1394 1384 1509 1412 arduum
1531 1385 1582 1412 iter
1609 1386 1732 1420 exiguntv

932 1425 1011 1452 nobis
1037 1425 1064 1453 in
1095 1427 1154 1453 aede
1173 1427 1266 1455 divina
1298 1430 1484 1458 concordibus
1503 1431 1590 1464 obire,
1612 1439 1645 1459 ac
1674 1432 1733 1459 dies

933 1477 1081 1507 noctesque
1113 1473 1321 1508 amplitudinem
1356 1475 1404 1503 Dei
1435 1484 1569 1511 usurpare
1603 1477 1733 1506 faucibus

84 1529 171 1555 aeque
201 1522 334 1549 [my-am“,
361 1520 534 1556 Vigilandum
562 1525 604 1549 est,
629 1529 705 1556 ergo,
722 1526 749 1549 ει
771 1522 882 1549 animus
897 1537 919 1567 Ο
935 1517 1007 1551 licet,
1020 1526 1073 1546 non
1087 1526 1185 1546 aurum
1202 1519 1267 1547 hinc
1278 1521 1410 1548 caducum
1427 1522 1586 1555 lucraturis.
1605 1523 1653 1550 sed
1667 1531 1734 1558 opes

85 1567 262 1600 excitandus,
288 1567 335 1602 qtti
357 1571 481 1595 arrectus
494 1567 661 1600 stimuletur,
685 1568 827 1599 lnstretur,
845 1567 884 1595 fe-

90 1617 218 1647 bruutur,
247 1615 410 1647 renidescat,
433 1622 468 1641 ne
492 1616 636 1650 ingruente
660 1614 752 1641 subito
781 1620 882 1646 morte,

85 1662 280 1692 excludamur,
303 1661 412 1687 nemine
436 1665 574 1694 aperturo,
592 1663 640 1686 aut
659 1659 816 1694 adjumento
839 1660 884 1686 l‘u-

87 1713 161 1735 turo.
194 1708 392 1734 Przevertamus
424 1714 478 1733 una
503 1714 598 1733 omnes
630 1706 721 1738 serio,
756 1706 882 1740 inquam,

87 1759 188 1786 parare
212 1758 294 1786 opera
320 1751 444 1778 discessu
470 1751 556 1778 amica
572 1749 638 1781 Dco,
656 1750 732 1785 piger
745 1750 882 1785 evigilata,

87 1796 251 1823 inobediens
266 1795 387 1827 obedito,
411 1795 499 1822 elatus
511 1795 694 1827 succumbito,
708 1795 794 1822 durus
813 1795 884 1822 inol-

87 1842 162 1872 litor,
179 1840 260 1868 ﬂendi
277 1840 398 1867 insolens
414 1839 580 1872 stimulator,
596 1838 763 1867 confessioni
777 1840 884 1868 alienus

87 1887 246 1918 conlitctor,
254 1887 369 1922 ignavus
378 1890 516 1920 operator,
527 1886 618 1913 cuncti
625 1890 723 1913 cuncta
732 1894 885 1921 exsequun-

86 1940 142 1966 tor,
163 1939 246 1968 atque
265 1933 376 1966 addam,
396 1940 439 1959 me
462 1932 597 1963 hercules,
616 1931 782 1959 mulierosus
799 1932 883 1960 refre-

87 1985 180 2008 nator.
211 1979 281 2012 Quid
308 1978 360 2006 hoc
383 1978 458 2005 verbi
483 1977 546 2005 est?
571 1985 606 2005 ne
633 1985 695 2005 cum
723 1978 884 2006 mulicrihus

85 2027 275 2056 consuescito,
293 2032 325 2052 ac
339 2029 525 2052 commorator
547 2025 661 2057 diutius,
688 2025 761 2051 unde
788 2024 883 2060 ﬂagitii

84 2073 249 2100 exardescat
264 2071 343 2105 ignis,
359 2078 392 2098 ac
406 2078 549 2098 sacrarum
566 2070 731 2098 Litterarum
745 2071 883 2098 audienda

86 2117 242 2146 svntentia:
265 2116 396 2152 Deligabil
409 2117 506 2152 aliquis
521 2117 608 2152 ignem
628 2118 655 2144 in
670 2118 742 2149 sinu,
767 2125 812 2144 nec
833 2118 881 2145 de-

85 2169 147 2191 liret
166 2164 331 2195 vestimenta,
343 2167 390 2189 aut
401 2162 548 2189 ambulabit
564 2171 643 2198 super
661 2163 786 2190 carbones
803 2163 882 2199 ignis,

938 1563 1087 1599 indireptas
1112 1570 1139 1592 et
1157 1569 1284 1593 aeternas.
1304 1566 1362 1603 Qua
1385 1567 1412 1594 in
1435 1575 1465 1594 re
1481 1573 1509 1595 ut
1523 1568 1589 1595 insit
1608 1569 1731 1596 molestia

937 1610 1072 1645 quadam,
1086 1618 1118 1638 ac
1134 1613 1284 1644 contentio,
1299 1620 1345 1640 seu
1360 1613 1478 1645 sensilis,
1494 1622 1540 1642 seu
1553 1615 1638 1642 invisa
1650 1616 1732 1651 (nam

937 1656 982 1690 pol
998 1656 1105 1692 inest),
1124 1661 1197 1685 certe
1217 1658 1253 1686 ob
1279 1666 1433 1686 sermonem
1455 1660 1589 1692 divinum,
1602 1668 1733 1696 spemque

938 1702 1067 1730 facillima
1081 1707 1133 1735 est,
1148 1703 1195 1738 qui
1209 1704 1236 1730 in
1250 1705 1382 1739 angustiis
1396 1707 1558 1739 exporrecti,
1574 1706 1695 1733 laetemur
1705 1707 1732 1734 in

937 1748 1068 1776 aerumnis
1080 1756 1112 1776 ea
1126 1757 1134 1781 ;
1153 1749 1208 1776 haec
1222 1750 1295 1776 eitim
1311 1750 1364 1777 vita
1378 1751 1485 1786 (legitur
1500 1759 1562 1786 qua:
1581 1753 1622 1778 vci
1636 1753 1733 1779 adver-

937 1793 976 1820 sis
991 1793 1090 1820 charos
1116 1794 1149 1820 ad
1164 1801 1194 1821 se
1208 1794 1320 1821 alliciat.
1344 1793 1410 1828 Quis
1428 1803 1481 1822 non
1508 1796 1616 1824 deamat
1632 1801 1660 1824 et
1675 1805 1734 1825 am—

937 1837 1065 1872 plectitur
1088 1843 1216 1872 parentes
1232 1839 1244 1866 ?
1258 1843 1341 1874 atque
1359 1840 1402 1867 his
1418 1845 1508 1868 tamen
1527 1850 1583 1877 prae
1611 1842 1657 1870 Dci
1673 1849 1732 1871 stu-

937 1883 983 1910 dio
1000 1884 1112 1917 relictis,
1142 1885 1283 1912 hominum
1307 1886 1364 1912 nati
1392 1886 1446 1914 huc
1458 1887 1630 1916 incumbunt.
1659 1889 1732 1922 Quid

937 1929 1065 1965 coniugio
1079 1930 1244 1963 devinctius,
1260 1936 1402 1967 postquam
1418 1933 1452 1960 de
1471 1932 1579 1960 Domini
1596 1935 1730 1962 sententia

937 1975 991 2003 duo
1006 1983 1089 2002 unum
1105 1981 1168 2003 sunt
1198 1983 1308 2011 corpus,
1335 1981 1424 2004 sectos
1450 1982 1539 2005 tamen
1558 1980 1733 2015 evangelicus

938 2021 1044 2057 gladius
1060 2022 1113 2049 huc
1129 2022 1247 2057 ablegat.
1265 2022 1336 2050 Sane
1349 2023 1393 2050 hic
1405 2024 1589 2059 principatum
1608 2027 1733 2060 repudiat

937 2069 1074 2104 princeps,
1084 2068 1194 2096 divitias
1210 2068 1286 2096 ﬂocci
1299 2070 1415 2097 aestimat
1427 2070 1513 2102 dives,
1530 2071 1651 2106 penuriae
1664 2073 1732 2100 obli-

938 2115 1050 2143 viscitur
1067 2115 1156 2150 inops,
1172 2115 1331 2142 viduitatem
1351 2116 1480 2143 amolitur
1505 2117 1613 2150 viduus,
1633 2119 1730 2145 addam

937 2165 964 2188 et
977 2161 1086 2195 derepta
1121 2168 1242 2196 purpura
1272 2168 1361 2196 regem
1390 2161 1432 2188 his
1455 2163 1605 2190 accenscri.
1623 2162 1732 2191 Scilicet

87 2219 135 2237 nec
154 2209 260 2243 plautas
273 2209 406 2236 ταπειναί-ει
416 2209 439 2224 ⁷ο
451 2208 463 2236 ‘i
475 2207 569 2236 Itidem
584 2209 631 2243 qui
648 2209 681 2235 ad
698 2209 840 2237 mulierem
854 2218 884 2238 se
901 2215 922 2242 ι)
939 2216 987 2243 par
1002 2207 1149 2235 Christiani
1179 2207 1305 2242 corporis
1334 2207 1433 2241 honor,
1449 2212 1596 2244 portusque
1621 2209 1731 2244 quidam

87 2255 214 2284 conferat
246 2255 393 2283 maritam:
424 2255 523 2282 marita
541 2259 583 2282 est
614 2259 704 2282 autem
721 2260 778 2282 tum
804 2255 881 2290 virgo

86 2308 211 2336 quoque,
225 2307 272 2327 seu
287 2301 434 2334 monacha,
451 2305 510 2328 tum
528 2307 590 2334 quae
606 2300 746 2327 viduitatis
761 2308 791 2328 se
812 2301 882 2328 obli—

87 2347 174 2382 gavit,
206 2353 323 2381 quarum
343 2353 462 2380 sponsus
478 2346 616 2380 gloriOSns
633 2345 704 2373 Deus
722 2351 774 2374 est.
793 2346 882 2381 Atque

89 2393 149 2419 haec
171 2391 282 2427 quidem
300 2392 450 2419 oberrones
477 2391 532 2419 huc
553 2391 628 2424 illuc,
645 2392 692 2426 qui
723 2399 756 2419 ex
771 2391 884 2420 libidine

87 2438 182 2464 vivant
193 2437 343 2471 quaerendo
360 2437 455 2464 sceleri
471 2442 616 2472 praetextu,
634 2445 730 2472 parum
751 2445 886 2466 memores

90 2480 224 2509 Dominici
238 2481 320 2516 jussi,
336 2481 486 2509 eruendum
510 2482 619 2509 oculum
644 2482 690 2517 qui
707 2487 734 2509 te
753 2483 886 2510 scandali-

90 2528 177 2561 zet",
205 2528 306 2554 nedum
332 2527 412 2555 aliter
439 2528 562 2555 allectos.
588 2528 627 2554 Ad
643 2535 690 2555 vos
704 2529 813 2563 quidem
836 2529 889 2556 hoc

90 2574 179 2601 habeo
206 2574 308 2605 dicere,
338 2574 470 2601 debemus
497 2582 547 2601 nos
576 2574 646 2601 lirmi
669 2574 883 2602 imbecillitatem

92 2619 164 2648 ferre
183 2620 371 2653 inﬁrmorum,
396 2624 424 2647 ct
449 2620 603 2647 honestatis
626 2620 782 2655 exemplum
801 2620 884 2654 objici

92 2665 230 2700 perversis
256 2665 330 2700 quod
361 2673 423 2692 cuin
449 2665 517 2692 estis
542 2673 590 2700 per
616 2665 736 2692 divinam
752 2666 883 2701 gratiam,

92 2716 150 2738 tum
176 2710 237 2738 sitis
259 2710 383 2745 insuper,
407 2709 453 2737 Dei
480 2710 624 2742 beneﬁcio,
646 2718 679 2737 ac
702 2711 886 2745 sospitemini,

95 2764 143 2792 per
161 2756 302 2785 Christum
318 2756 412 2785 Jesum
427 2755 573 2784 Dominum
589 2761 726 2789 nostrum,
743 2757 786 2784 cui
799 2756 884 2792 gloria

125 2813 151 2829 ⁸⁸
167 2814 262 2842 Matth.
284 2822 347 2846 xxv,
361 2814 387 2841 6.
426 2814 449 2829 "
464 2813 529 2842 ibid.
547 2814 590 2841 ll.
628 2814 651 2829 ⁸³
667 2806 732 2841 ibid.
749 2813 792 2841 12.

93 2857 119 2881 ι,
137 2850 181 2877 39.
233 2850 257 2865 τ³
274 2849 355 2876 Joan.
369 2857 407 2883 att,
424 2850 470 2878 55.

251 2899 385 2928 [Ἄπιθι.
412 2900 470 2929 Gn.
497 2899 598 2928 XCIX.

831 2814 852 2831 ⁸³
868 2813 935 2842 ibid.
951 2814 993 2840 15.

936 2258 978 2281 est
994 2253 1119 2288 publicus
1138 2253 1245 2280 salutis.
1260 2253 1320 2280 Jam
1334 2253 1408 2281 obita
1443 2259 1546 2285 morte.
1570 2263 1623 2282 non
1643 2255 1732 2283 luctus

937 2303 1020 2333 atque
1044 2298 1171 2333 planctus
1199 2298 1327 2333 agitatur,
1343 2299 1494 2326 secuudum
1524 2299 1584 2327 vita:
1596 2306 1731 2333 amantes,

936 2345 1001 2378 quin
1021 2343 1174 2378 composita
1200 2344 1351 2372 inhumatio
1369 2344 1489 2372 defuncti
1516 2350 1568 2377 est,
1587 2353 1666 2380 quem
1683 2354 1732 2373 nec

934 2389 1034 2425 conjux
1052 2389 1193 2421 inclamet,
1208 2397 1258 2417 nec
1273 2389 1352 2417 liberi
1368 2390 1544 2425 quiritentur,
1560 2398 1610 2418 nec
1620 2385 1730 2427 cognati

935 2436 1048 2471 ejulcnt,
1064 2436 1115 2464 hoc
1130 2440 1158 2463 et
1174 2435 1241 2463 illud
1255 2440 1427 2469 revocantes,
1445 2437 1560 2472 lateque
1574 2438 1731 2473 prodeatur,

938 2489 970 2509 ac
984 2489 1046 2509 cum
1063 2489 1111 2516 spc
1140 2482 1210 2509 bona
1227 2481 1367 2514 eli‘cratur,
1386 2483 1427 2510 sin
1449 2486 1477 2510 et
1508 2484 1637 2519 lacrymis
1652 2492 1732 2520 opus.

939 2533 980 2553 nae
995 2526 1036 2553 hac
1050 2525 1159 2560 quidem
1176 2526 1244 2552 citra
1260 2525 1311 2558 las,
1326 2526 1360 2552 ob
1372 2526 1521 2561 spiritalem
1537 2528 1653 2562 digressi
1668 2530 1735 2555 ami-

938 2572 1043 2604 citiam,
1056 2575 1199 2606 postquam
1213 2576 1239 2598 et
1258 2571 1390 2600 Dominus
1400 2581 1482 2607 super
1496 2572 1600 2600 Lazaro
1615 2573 1688 2600 ﬂevit
1698 2575 1733 2607 ",

936 2623 1061 2645 naturam
1079 2617 1280 2645 demonstrans.
1303 2617 1370 2651 Quae
1386 2621 1437 2645 hac
1452 2619 1507 2646 vita
1523 2619 1549 2646 in
1573 2619 1647 2646 omni
1675 2627 1734 2646 me-

938 2663 1025 2690 tnoria
1047 2662 1154 2690 felicior
1165 2663 1235 2697 quod
1247 2670 1302 2698 prae
1317 2663 1368 2690 hoc
1390 2663 1544 2690 institutum
1567 2663 1732 2698 patefactum

937 2714 978 2736 est
997 2708 1053 2736 Deo
1068 2708 1247 2744 conjungens,
1265 2714 1294 2736 ut
1320 2717 1374 2736 non
1391 2709 1439 2737 abs
1454 2718 1484 2736 re
1505 2709 1633 2736 Davidice
1660 2709 1735 2737 dica-

937 2763 998 2782 mus
1014 2764 1019 2781 :
1043 2753 1106 2780 Illic
1123 2755 1260 2782 ntandavit
1278 2755 1408 2782 Dominus
1423 2756 1637 2789 benedictionem,
1653 2757 1734 2783 vitam

1033 2813 1055 2828 "°
1069 2813 1149 2842 Prov.
1165 2823 1200 2847 vr,
1214 2814 1260 2845 27,
1279 2813 1324 2841 28.
1356 2815 1378 2830 ”
1392 2814 1488 2843 Matth.
1504 2823 1529 2848 v,
1545 2815 1590 2843 29.
1629 2816 1652 2831 7'
1667 2814 1735 2843 Luc.

1480 2897 1520 2926 22
