1921 3073
207 138 261 171 683

805 134 835 163 S.
846 131 1043 164 THEODORI
1061 132 1235 163 STUDITIE

1782 129 1834 163 684

207 201 289 228 usque
303 192 330 218 in
347 189 474 217 saeculum
495 187 527 214 ⁷⁵.
543 187 629 222 Igitur
647 185 814 221 gaudeamus
826 205 833 218 ,
852 184 962 217 fratres,
975 189 1003 212 et
1017 186 1040 216 Δ
1055 185 1100 212 hic
1113 186 1316 221 exstinguitur;
1328 191 1382 213 non
1400 184 1519 212 moritur
1527 185 1639 217 vermis,
1654 185 1700 214 hic
1716 186 1840 214 moritur.

207 239 321 266 invicem
334 235 512 271 gratulemur,
525 232 639 268 agendis
649 232 730 259 etiam
747 235 829 266 atqtte
844 231 927 258 etiam
942 238 1003 266 gra-

206 284 262 315 tiis,
283 289 314 310 ac
328 281 362 308 de
384 279 502 306 amando
529 277 602 305 serio
619 277 753 305 clemente
778 275 845 309 Deo,
863 275 909 310 qui
925 282 975 302 nos
988 281 1004 302 e

207 328 331 357 tenebris
349 327 376 353 in
392 326 491 357 lucem,
506 331 539 351 ex
556 322 706 358 ignominia
720 322 747 349 in
762 322 890 357 gloriam,
903 328 918 348 e
939 328 1002 348 sor-

205 378 285 404 dibus
300 376 328 402 in
343 372 518 409 splendorem
534 370 684 402 acciverit;
702 377 766 396 nam
784 368 861 396 scitis
880 375 934 403 qtta
947 368 1004 394 0ιοί-

205 424 268 459 gine
282 421 398 457 quisque
413 424 440 447 et
450 418 549 454 quibus
564 417 721 453 parentibus
736 420 892 448 satus,cum
903 413 1003 449 quibus

205 467 316 498 coierit,
329 472 444 500 quorum
467 463 552 491 frater
567 466 679 489 vocetur
696 469 704 493 ;
725 467 843 495 quorum
857 459 1004 486 contuber-

206 516 251 542 nio
264 518 366 542 utatur.
382 514 420 539 Ac
436 511 498 538 dico
517 508 643 544 equidem
657 513 684 535 et
696 508 724 534 in
744 506 846 534 exteris
867 505 1002 540 personis.

206 560 271 592 Quae
288 559 428 592 ingressus
454 555 575 590 quidam,
597 559 625 580 et
642 552 754 580 exordia
770 554 835 579 sunt
851 550 1003 576 futurorum

207 604 419 640 promissorum.
433 600 567 635 siquidem
583 598 708 626 absoluto
733 604 767 624 ac
786 595 913 624 confecto
930 594 1004 630 qttod

206 650 350 678 incumbat
374 646 525 675 certamine
546 649 574 672 et
593 644 726 679 obsequio
743 642 877 670 irrevulso
894 645 1003 668 certan-

207 702 258 730 tes,
281 693 455 731 proferendis
475 690 639 719 obedientiae
670 688 802 717 fructibus
827 687 1001 723 quibusdam.

206 748 335 778 tanquam
356 740 384 767 in
413 738 542 774 paradiso
559 757 566 770 ,
580 736 624 764 vel
642 735 676 763 ad
692 734 842 762 ministeria
866 732 1001 768 prompti,

205 789 282 818 omni
300 789 442 815 honestate
456 784 553 815 functi.
580 782 614 810 ad
629 781 746 809 indictas
764 779 908 815 morigeris
930 778 1003 812 leges

206 840 287 870 atque
302 839 439 864 normam,
453 830 488 858 ad
500 834 652 857 extremum
665 833 865 861 consequemur
876 831 937 860 quae
953 830 1003 851 nec

1056 229 1109 257 Sed
1133 231 1195 265 quis
1212 230 1299 258 solers
1315 235 1343 257 et
1368 230 1534 265 exquisitus,
1558 230 1621 265 quis
1650 231 1795 266 perspicax
1817 237 1843 259 et

1054 277 1181 304 auritus?
1197 277 1331 312 siquidem
1358 281 1447 311 potest
1478 284 1529 304 nec
1556 278 1648 305 videre
1669 278 1775 311 videns,
1798 286 1845 306 nec

1054 323 1149 351 audire
1166 323 1292 355 audiens,
1308 331 1362 358 pra:
1383 324 1467 351 animi
1480 328 1592 359 stupore
1607 324 1761 360 mentisque
1783 333 1843 353 cum

1054 369 1128 396 vitiis
1144 369 1322 397 commercio.
1335 369 1403 402 Quis
1425 370 1565 397 laudatum
1584 378 1600 397 a
1615 370 1730 397 Domino
1742 371 1845 397 luctum

1053 415 1208 450 possidens,
1225 420 1252 442 et
1276 415 1364 442 indies
1377 423 1406 443 se
1422 415 1456 442 ab
1473 416 1693 450 inquinamentis
1709 415 1774 444 hinc
1786 417 1846 444 inde

1053 470 1218 497 expurgans,
1236 470 1324 497 neque
1342 462 1368 489 itt
1392 463 1543 490 crastinum
1570 462 1717 497 rejiciens?
1745 462 1846 497 Sunicit

1053 508 1133 539 enim,
1149 508 1197 540 ait,
1214 508 1266 535 diei
1289 508 1393 534 malitia
1412 516 1461 534 sua
1472 508 1505 535 τ’.
1536 508 1603 540 Quis
1620 507 1711 535 studio
1727 508 1845 535 studium

1053 554 1228 581 committens
1244 553 1302 586 Dei,
1314 553 1445 587 omnique
1460 553 1523 580 hinc
1537 553 1650 580 libidine
1665 554 1783 586 solutus,
1800 555 1845 588 qui

1053 607 1116 627 cum
1133 599 1234 626 Davitle
1261 600 1334 627 dicat
1350 608 1356 626 :
1377 599 1495 626 Ad/twsit
1511 600 1601 626 anima
1617 607 1674 625 mea
1689 605 1744 633 post
1763 604 1797 632 te,
1808 607 1847 626 me

1053 643 1166 677 suscepit
1183 644 1292 670 dextera
1306 648 1351 670 tua
1361 643 1405 670 εοτ
1420 643 1442 670 0
1456 643 1639 671 innocentiam
1655 643 1761 672 felicem
1775 646 1781 671 l
1798 652 1847 673 nos

1053 689 1163 724 quidem
1191 689 1278 716 simus
1298 695 1410 716 necesse
1424 693 1476 720 est,
1496 693 1523 715 et
1538 696 1601 716 eum
1627 689 1654 715 in
1668 689 1779 716 modum
1806 689 1848 724 ju-

1053 735 1118 762 bent
1145 742 1307 769 apparemus
1330 742 1417 762 sacrae
1443 733 1564 766 Litterae,
1581 735 1681 762 animis
1710 735 1846 768 ardentes,

1053 781 1105 809 fide
1119 781 1229 812 armati,
1245 788 1293 816 spe
1308 781 1397 813 alites,
1415 780 1448 808 ad
1466 781 1570 808 exitum
1594 781 1740 816 procincti.
1767 781 1848 817 lgitur

1053 825 1148 853 hortor
1158 834 1190 853 ac
1205 826 1336 856 obtestor.
1353 833 1403 853 ceu
1420 826 1542 860 quotidie
1563 827 1688 854 morituri
1705 827 1846 859 obeamus,

207 867 274 908 vidit
291 879 387 907 oculus
402 896 411 909 ,
442 883 493 904 nec
521 873 624 903 audivit
644 873 739 906 auris,
769 879 819 899 nec
848 870 1002 898 mortalium
1019 867 1042 896 Β
1056 879 1106 907 pro
1127 872 1198 900 virili
1222 880 1271 898 ttos
1294 876 1431 907 urgentes,
1452 872 1519 899 certi
1540 871 1689 900 violentum
1719 873 1846 908 quiddam

206 927 333 961 cuiquam
349 930 448 952 venere
460 922 487 950 itt
505 925 625 950 mentem
637 920 671 952 "',
687 919 728 947 sui
746 917 901 946 amantibus
913 921 1005 952 parata

207 972 355 1004 divinitus,
367 977 427 1005 quae
436 973 461 997 et
476 967 568 995 cuncti
583 965 772 994 nanciscamnr
787 962 895 991 Domini
918 961 1006 990 nostri

206 1019 269 1048 Jesu
280 1017 383 1046 Christi
402 1015 562 1044 liberalitate
578 1017 660 1048 atque
685 1011 829 1040 beneficio.
847 1009 898 1037 Cui
920 1009 1005 1044 gloria

206 1071 234 1093 et
258 1063 414 1099 imperium,
436 1068 499 1089 cum
525 1060 607 1088 Patre
632 1067 665 1087 ac
682 1063 777 1086 sancto
802 1056 916 1092 Spiritu,
933 1063 1006 1084 nunc

205 1115 235 1138 et
247 1116 365 1144 semper,
382 1107 408 1135 in
430 1113 596 1141 omnemque
611 1104 830 1140 perpetuitatem.
844 1103 940 1129 Amen.

473 1160 592 1190 SERMO
611 1159 744 1189 CXXXII.

243 1210 282 1238 De
310 1209 384 1237 obitu
415 1207 508 1242 fratris
526 1205 658 1241 Gregorii,
687 1210 766 1241 atque
800 1205 835 1231 ad
868 1203 1004 1230 decessum

398 1243 527 1278 apparari
541 1245 658 1277 perpetes
676 1245 806 1275 oportere.

242 1289 352 1317 Fratres
367 1287 527 1322 Patresque,
549 1285 647 1313 mortis
661 1285 752 1312 nuntii
785 1285 1003 1316 increbrescunt,

208 1334 337 1363 cominus
352 1337 379 1361 et
394 1333 505 1360 eminus
521 1330 608 1358 auditi
623 1330 675 1358 hac
700 1334 872 1366 tempestate,
885 1329 1003 1358 maxime

208 1379 394 1417 spiritualium
412 1378 530 1406 fratrum
545 1382 729 1413 patrumque;
747 1377 887 1404 enimvero
904 1381 1004 1412 pra-ter

209 1427 278 1455 alios
297 1431 324 1454 et
334 1425 417 1452 frater
433 1424 582 1459 Gregorius
609 1430 661 1451 nos
688 1422 809 1457 reliquit,
825 1422 906 1458 cujus
937 1426 998 1449 tum

209 1472 319 1500 laudata
334 1471 389 1498 vita
412 1475 465 1503 est,
479 1474 537 1498 tum
563 1469 654 1497 exitus
669 1467 746 1501 felix,
761 1467 789 1495 in
805 1467 935 1502 periculis
951 1473 1001 1502 pro

208 1518 320 1546 Christo
332 1515 464 1544 defuncti.
492 1514 563 1548 Quid
576 1519 634 1542 tum
652 1513 736 1542 vero?
761 1513 875 1545 scilicet,
889 1519 1002 1540 necesse

209 1568 252 1591 est
271 1569 366 1590 omnes
383 1561 496 1589 omnino
522 1561 587 1588 hinc
619 1560 706 1592 abire,
733 1566 787 1594 qua
809 1565 921 1594 parvos,
947 1565 1002 1593 qua

210 1615 336 1644 magnos,
349 1614 403 1642 qua
416 1614 504 1639 senes,
517 1614 570 1641 qtta
583 1605 708 1641 juvenes,
717 1613 772 1632 una
784 1604 812 1631 in
824 1611 921 1631 omnes
929 1611 1004 1630 mor-

211 1655 247 1682 tis
261 1658 361 1681 statuta
383 1652 478 1685 multa,
492 1653 546 1679 alio
562 1652 650 1687 prius,
665 1651 718 1679 alio
729 1650 869 1686 posterius
881 1649 1002 1678 obituro.

212 1698 247 1728 Ut
278 1699 352 1727 serio
369 1698 405 1725 sit
420 1697 597 1733 COgitandum
609 1697 674 1732 quid
685 1696 778 1724 anitno
794 1703 809 1724 e
828 1703 943 1730 corpore
958 1702 1004 1722 se-

211 1753 306 1781 gresso
321 1744 478 1780 patiemur?
492 1743 561 1771 Nam
570 1743 618 1778 qui
633 1743 714 1771 sodes
726 1742 872 1770 adventum
886 1741 1005 1769 feramus

212 1792 364 1827 geniorum,
390 1796 563 1824 nequaquam
590 1788 675 1816 armis
701 1788 788 1815 induti
815 1787 932 1814 lucidis?
957 1785 1004 1820 qui

211 1843 272 1863 eam
296 1835 366 1862 viam
397 1841 584 1869 peragremus,
600 1833 672 1861 haud
698 1832 878 1868 comportatis
896 1835 1005 1859 aeternae

212 1881 274 1909 vitae
293 1881 420 1908 viaticis?
438 1880 486 1916 qui
516 1879 612 1907 mundi
628 1879 780 1914 principem
794 1878 954 1910 evadamus,
971 1877 1005 1904 de

212 1935 267 1963 quo
290 1927 328 1954 ait
354 1926 488 1954 Dominus
504 1935 511 1953 :
532 1925 609 1952 Venit
625 1925 746 1960 princeps
765 1923 856 1951 mundi
874 1923 964 1958 hujus,
979 1928 1004 1950 et

212 1974 238 2001 in
252 1980 292 2000 me
306 1980 356 1999 non
368 1972 444 1999 habet
460 1971 605 2007 quidquam
620 1971 656 2004 το,
672 1971 764 1998 minus
775 1969 853 1997 liberi
873 1969 908 1996 ab
921 1968 1006 1996 servi-

213 2018 286 2046 libus
300 2017 397 2045 vitiis?
415 2017 527 2050 Beatus,
550 2016 651 2052 inquit,
676 2023 764 2043 εει-ναι
785 2015 830 2042 ille
845 2023 922 2050 quem
947 2023 1006 2042 cum

213 2065 309 2092 venerit
323 2064 445 2092 dominus
465 2063 533 2098 ejus,
560 2063 686 2090 invenerit
703 2063 741 2089 sic
758 2062 907 2097 facientem.
922 2062 1005 2089 Amen

213 2110 272 2137 dico
286 2109 369 2142 vobis,
386 2110 511 2144 quoniam
525 2116 604 2143 super
615 2108 705 2135 omnia
722 2108 790 2134 bona
802 2115 853 2135 sua
863 2107 1006 2134 constituet

213 2163 274 2183 eum
285 2155 318 2183 ".
329 2154 449 2190 Ecquam
461 2154 660 2189 optatissimam
672 2161 776 2182 vocem.
790 2153 820 2181 Si
832 2158 920 2181 autent
931 2153 1007 2180 dixe-

1057 925 1119 946 esse
1134 918 1272 950 virtutem,
1285 925 1346 952 quae
1368 918 1393 945 in
1408 917 1519 945 acclivia
1536 918 1636 952 trahat,
1653 919 1691 946 uti
1710 919 1805 946 vitium
1820 919 1848 946 in

1057 963 1188 998 proclive,
1214 963 1351 998 lacrymas
1379 956 1576 991 contr’ahamus
1610 963 1752 996 lustricas,
1779 971 1849 998 quas

1056 1009 1184 1037 contritio
1198 1009 1289 1037 cordis
1301 1009 1441 1044 animique
1454 1009 1605 1037 subntissio
1621 1010 1725 1044 gignat,
1739 1009 1844 1037 amicos

1057 1060 1166 1083 sanctos
1178 1055 1288 1090 angelos
1298 1063 1436 1090 paremus,
1450 1055 1579 1090 agitanda
1603 1055 1711 1083 insonte
1727 1055 1783 1083 vita
1801 1056 1849 1091 qui

1056 1101 1108 1129 sub
1135 1102 1280 1129 decessum
1301 1101 1398 1128 leniter
1417 1109 1468 1129 nos
1493 1101 1527 1128 ad
1552 1101 1648 1128 herum
1681 1101 1844 1136 perducant.

1056 1149 1145 1183 Atque
1157 1147 1213 1175 haec
1223 1147 1340 1180 dissero,
1355 1155 1409 1175 non
1422 1147 1469 1182 qui
1481 1147 1581 1174 bonum
1598 1147 1700 1182 aliquid
1716 1147 1847 1180 obierint,

1055 1194 1122 1228 quin
1141 1193 1217 1220 obire
1229 1198 1350 1228 satagam
1367 1192 1520 1225 vobiscum,
1543 1198 1573 1219 ut
1585 1192 1701 1219 damnas
1719 1193 1849 1228 loquendi

1055 1246 1107 1266 nec
1123 1239 1286 1271 subticendi,
1305 1239 1410 1273 Deique
1425 1246 1472 1266 vos
1496 1246 1668 1273 prosequens
1682 1245 1786 1270 amore,
1796 1246 1852 1273 quo

1055 1283 1147 1310 felices
1162 1283 1251 1310 cuncti
1264 1290 1409 1318 perennent
1424 1283 1507 1310 vitam
1519 1284 1699 1315 erciscamur,
1710 1291 1759 1318 per
1770 1283 1853 1311 Chri-

1054 1334 1127 1355 stum
1154 1327 1247 1355 Jesuut
1268 1327 1413 1356 Dominum
1437 1335 1573 1361 nostrum,
1592 1329 1637 1356 cui
1661 1329 1745 1364 gloria
1762 1334 1790 1356 et
1804 1329 1852 1356 im-

1054 1375 1173 1410 periutn,
1186 1382 1248 1402 cum
1266 1373 1346 1402 Patre
1358 1383 1390 1402 ac
1405 1381 1501 1403 sancto
1517 1375 1634 1410 Spiritu,
1647 1383 1721 1403 nuttc
1737 1380 1764 1403 et
1777 1383 1850 1404 sem-

1053 1429 1110 1456 per,
1130 1421 1157 1448 in
1174 1428 1339 1456 omnemque
1368 1422 1590 1456 perpetuitatem.
1609 1421 1707 1449 Amen.

1299 1477 1415 1505 SERMO
1441 1477 1584 1506 CXXXIII.

1015 1535 1036 1564 ο
1055 1524 1091 1551 De
1119 1524 1235 1564 salutari
1263 1523 1489 1564 confessione-ac
1505 1532 1557 1558 quo
1577 1524 1696 1564 ἀπέειπε
1723 1524 1851 1559 beneﬁcio

1160 1560 1269 1594 quisque
1283 1565 1332 1592 est,
1347 1559 1475 1593 impertiri
1493 1559 1596 1586 cwteris
1611 1564 1741 1594 oportere.

1090 1604 1201 1632 Fratres
1227 1604 1389 1640 Patrcsque,
1405 1612 1467 1632 cum
1485 1608 1575 1633 tacere
1593 1605 1684 1640 cupio,
1699 1610 1758 1633 tum
1775 1606 1851 1641 loqui

1054 1651 1215 1686 compellor,
1228 1651 1293 1678 illud
1309 1658 1344 1677 ne
1361 1658 1410 1678 vos
1426 1651 1597 1683 contristetu,
1611 1651 1663 1679 hoc
1679 1651 1713 1679 de
1721 1653 1850 1687 praecepti

1054 1697 1183 1724 mandato
1195 1705 1203 1723 τ
1217 1704 1292 1730 nam,
1302 1695 1431 1732 Loquere,
1445 1697 1544 1732 inquit,
1556 1702 1581 1724 et
1590 1705 1620 1724 ne
1634 1702 1732 1730 taceas,
1743 1703 1853 1732 propter

1054 1743 1122 1779 quod
1136 1751 1182 1778 ego
1197 1751 1255 1770 sum
1270 1749 1355 1770 tecum
1365 1743 1405 1775 δίς
1421 1744 1474 1771 etsi
1487 1743 1511 1770 id
1526 1744 1598 1771 enim
1624 1743 1733 1770 Domini
1759 1749 1802 1771 est
1816 1743 1851 1771 ad

1055 1789 1218 1824 Apostolum
1247 1789 1362 1822 dictutn,
1385 1789 1512 1816 omnibus
1542 1793 1632 1816 tamen
1659 1789 1850 1824 praefecturam

1055 1835 1162 1863 sortitis
1178 1836 1306 1863 convenit
1318 1836 1418 1863 oratio.
1439 1835 1510 1862 Sane
1530 1835 1598 1864 estis
1611 1843 1659 1863 vos
1676 1842 1788 1870 quoque
1803 1835 1852 1863 Dei

1055 1881 1172 1916 populus
1193 1888 1226 1908 ac
1241 1889 1318 1909 sacer
1334 1881 1459 1916 popttlus,
1474 1881 1572 1908 addam
1588 1886 1614 1908 et
1629 1888 1806 1913 numerosus,
1827 1880 1852 1909 si

1056 1928 1183 1954 universa
1193 1929 1339 1962 spectanda
1355 1927 1507 1962 respublica
1518 1932 1570 1955 est.
1599 1925 1652 1954 Sed
1668 1927 1850 1962 quamobrem

1056 1974 1133 2002 vobis
1149 1973 1253 2001 indolui
1267 1973 1455 2008 superioribus
1474 1973 1582 2006 diebus,
1596 1980 1627 2000 ac
1650 1972 1746 2000 dolore
1768 1973 1854 2000 mini-

1058 2027 1102 2047 me
1125 2018 1258 2046 ferendo?
1276 2018 1418 2051 nimirum,
1433 2022 1462 2045 ut
1475 2022 1598 2053 apparet,
1610 2017 1747 2045 confessio
1777 2018 1853 2046 nulla

1056 2069 1110 2097 est,
1140 2064 1236 2099 ingens
1252 2071 1285 2092 ea
1313 2069 1340 2091 et
1364 2064 1466 2099 opitula
1495 2064 1593 2094 virtus.
1609 2063 1668 2096 Qua
1680 2063 1703 2091 si
1722 2063 1854 2091 meliores

1056 2110 1124 2139 efﬁci
1142 2110 1274 2143 viderem,
1300 2110 1343 2145 pol
1358 2110 1475 2142 laetarer,
1491 2114 1521 2137 ut
1545 2109 1687 2138 exsolutus
1704 2109 1855 2142 molestiis.

1057 2161 1200 2192 postquam
1214 2163 1268 2183 non
1280 2156 1372 2191 exigui
1391 2156 1494 2183 laboris
1509 2156 1614 2183 alienos
1627 2155 1739 2183 morbos
1752 2163 1857 2183 curare

214 2202 250 2228 rit
276 2200 363 2227 malus
387 2207 476 2227 servus
504 2199 550 2227 ille
564 2199 593 2227 in
613 2199 690 2226 corde
703 2207 751 2227 suo
781 2207 791 2226 :
808 2201 913 2226 Moram
938 2199 1004 2234 facit
1020 2203 1042 2231 1)
1056 2206 1109 2244 est,
1124 2209 1198 2229 nunc
1208 2202 1256 2236 qui
1269 2201 1314 2237 agi
1349 2201 1473 2230 diversos
1489 2209 1505 2229 e
1521 2201 1659 2229 contrario
1675 2201 1856 2228 animadver-

216 2246 343 2273 Dominus
359 2252 431 2272 meus
448 2245 547 2278 venire,
563 2248 588 2271 et
602 2245 706 2278 coeperit
716 2249 850 2279 percutere
868 2251 1005 2271 conservos

214 2298 287 2324 suos,
307 2290 448 2317 manducet
468 2294 557 2317 autem
571 2294 595 2317 et
618 2290 691 2318 bibat
711 2297 771 2317 cum
788 2289 912 2322 ebriosis,
924 2289 1006 2316 veniet

214 2338 338 2365 dominus
350 2337 417 2364 servi
439 2336 512 2364 illius
529 2336 557 2363 in
570 2337 612 2364 die
639 2345 691 2372 qua
720 2344 772 2364 non
790 2341 890 2370 sperat,
905 2340 930 2362 et
941 2335 1007 2363 hora

214 2391 267 2418 qua
300 2383 417 2417 ignorat,
444 2386 468 2409 et
490 2382 589 2410 dividet
615 2389 685 2414 eum,
703 2386 856 2418 partemque
875 2381 932 2415 ejus
958 2389 1006 2415 po-

215 2433 257 2456 net
270 2436 330 2456 cum
347 2428 488 2463 hypocritt's
504 2436 513 2455 :
529 2428 584 2455 illic
600 2429 648 2456 erit
664 2428 754 2463 ﬂetus,
775 2433 800 2454 et
829 2427 930 2454 stridor
941 2426 1004 2453 deu-

215 2474 281 2502 tium
293 2474 326 2502 ".
340 2473 398 2502 Non
426 2474 459 2501 ad
489 2481 549 2501 eam
571 2473 804 2508 comparationem
833 2472 987 2508 pavemus?

215 2526 268 2546 non
284 2519 317 2547 ad
330 2519 418 2547 minas
436 2519 598 2555 corporibus
614 2518 760 2546 tabemus?
776 2517 881 2545 scilicet
905 2516 1005 2544 fabulae

214 2570 289 2598 sunt,
308 2570 334 2593 et
346 2565 433 2593 oratio
448 2565 547 2593 cassa?
563 2563 612 2591 Pol
632 2571 683 2592 nec
698 2564 735 2591 rei
751 2563 907 2599 significata:
932 2563 1003 2590 veri-

215 2615 296 2639 tatem
312 2611 354 2639 vis
371 2611 527 2646 assequitur
551 2610 708 2641 verborum,
724 2616 812 2644 neque
835 2608 909 2636 enim
925 2608 1004 2636 ﬂetus

215 2657 259 2685 ille
269 2661 311 2685 est
326 2661 356 2684 ut
367 2657 413 2684 hic
427 2661 533 2688 noster,
550 2662 602 2683 nec
626 2654 749 2683 dentium
763 2654 865 2682 stridor
885 2653 951 2682 huic
965 2654 1003 2682 si-

213 2703 298 2736 milis,
312 2707 472 2737 lantumque
483 2702 605 2734 interest,
614 2705 746 2736 quantum
762 2700 834 2728 inter
850 2700 957 2728 somnia
974 2708 1007 2729 ac

215 2749 366 2782 veritatem,
385 2752 530 2784 postquam
559 2748 615 2775 illic
628 2755 682 2775 non
713 2747 898 2783 exstinguitur
923 2747 1006 2783 ignis.

249 2803 272 2819 7‘
289 2803 360 2830 Psal.
372 2810 475 2835 nxxxu,
487 2802 514 2829 5.
553 2803 575 2819 ⁷⁵
591 2802 601 2829 1
616 2801 681 2830 Cor.
707 2809 739 2834 tl,
754 2801 780 2829 9.
819 2801 930 2830 "Joan.
948 2810 1002 2835 xw,
1017 2803 1061 2830 50.
1100 2802 1121 2818 ⁷⁷
1134 2801 1229 2830 Matth.
1246 2802 1421 2835 xxtv,46,47.

217 2846 252 2871 rt,
277 2839 322 2866 54.
360 2839 383 2854 ⁸ο
396 2838 467 2865 Psal.
490 2845 556 2871 int,
571 2837 597 2864 9.
634 2837 654 2853 "
669 2839 727 2865 Act.
744 2844 822 2871 xvtn,
836 2837 861 2863 9.

1056 2252 1110 2274 tam
1126 2251 1223 2282 reputo
1238 2254 1361 2275 causam.
1378 2247 1462 2282 Igitur
1478 2247 1549 2274 unde
1566 2247 1623 2275 haec
1634 2247 1661 2274 in
1674 2246 1752 2274 vobis
1767 2247 1857 2274 licen-

1056 2294 1105 2326 tia,
1134 2293 1226 2326 sodes,
1243 2300 1276 2321 ac
1302 2300 1364 2328 quat
1386 2293 1450 2320 hinc
1475 2293 1597 2320 nascitur
1610 2292 1776 2327 indignitas!
1798 2299 1856 2320 non

1056 2339 1104 2374 qui
1134 2337 1208 2365 haud
1233 2337 1376 2373 evulgetis,
1401 2337 1467 2373 quin
1493 2337 1590 2373 tegatis
1616 2337 1743 2372 pestifera
1767 2336 1856 2364 animi

1057 2384 1158 2412 censa?
1182 2383 1322 2412 Scelerum
1341 2383 1452 2418 quidem
1474 2388 1548 2411 certe
1560 2382 1651 2410 aditus
1673 2383 1700 2410 in
1715 2382 1813 2414 nobis,
1828 2387 1858 2410 et

1056 2435 1188 2466 tanquam
1212 2430 1290 2458 radix
1313 2430 1387 2458 fmda
1411 2429 1542 2465 cogitatio
1558 2433 1599 2458 est
1616 2436 1678 2464 quae
1699 2429 1856 2464 publicata,

1056 2475 1104 2503 Dei
1115 2475 1341 2509 misericordiam,
1359 2475 1518 2510 proﬂigetur
1535 2478 1605 2502 tecta
1620 2473 1753 2508 paulatim
1772 2476 1859 2500 exeat

1056 2522 1084 2549 in
1099 2529 1168 2556 opus
1185 2521 1368 2548 tenebrarum.
1386 2520 1456 2548 Hinc
1467 2520 1550 2547 animi
1562 2518 1772 2551 interneciones,
1788 2518 1859 2545 hinc

1056 2573 1195 2599 secessus,
1212 2565 1277 2593 hinc
1292 2564 1348 2593 fuci
1366 2569 1448 2600 atque
1463 2563 1626 2600 ignorantis
1637 2567 1799 2598 prtetextus.
1819 2563 1858 2589 At

1057 2612 1142 2643 eitim,
1155 2611 1227 2638 bone
1238 2611 1290 2645 vir,
1308 2610 1423 2638 rationis
1435 2610 1552 2645 impotes
1580 2609 1733 2637 animantes
1758 2616 1809 2644 per
1826 2616 1860 2636 se

1059 2657 1152 2686 scittnt
1164 2657 1261 2685 noxias
1277 2664 1356 2685 escas
1374 2655 1508 2691 refugere,
1523 2659 1553 2682 ut
1565 2654 1635 2682 nihil
1651 2655 1742 2682 dicam
1762 2654 1860 2682 homi-

1060 2710 1134 2736 nem,
1154 2709 1201 2737 pcr
1229 2709 1336 2730 sacram
1353 2702 1512 2730 tinctionem
1537 2702 1612 2728 omni
1640 2706 1763 2728 mactum
1792 2708 1860 2728 esse

1059 2747 1125 2775 boni
1144 2747 1269 2776 scientia.
1287 2746 1382 2775 Tenus
1398 2747 1532 2783 Scipturte
1547 2746 1712 2777 sententiam
1729 2752 1785 2773 non
1802 2752 1859 2772 au-

1461 2804 1483 2819 "
1495 2803 1561 2831 ibid.
1580 2802 1680 2831 48-51,
1718 2800 1855 2828 "Matth.
