1921 3073
53 141 106 172 685

53 199 145 227 disse?
165 199 299 234 Originali
327 199 424 227 mundo
449 199 519 227 haud
547 201 660 235 pepercit
692 200 772 233 Deus,
798 200 842 227 sed
858 202 880 230 Α

54 251 172 273 octavum
200 245 267 276 Noe,
278 246 393 280 justitiae
415 254 570 280 praeconem,
592 246 744 278 custodiuit,
771 246 844 272 dilu-

53 293 124 320 r-ium
141 293 238 318 mundo
256 292 397 326 impiorum
412 292 539 319 inducens
549 293 583 324 “,
599 300 652 319 non
664 293 715 320 hoc
733 292 844 320 tenere?

53 338 177 365 civitates
199 337 382 364 Sodomorum
413 345 445 365 ac
469 337 639 370 Gomorrhzn,
664 339 691 365 in
724 339 842 366 cinerem

53 383 189 414 redactas,
214 383 356 410 eversione
391 383 536 411 damnasse
565 383 660 416 Deum,
688 384 842 418 exemplum

53 437 146 456 eorum
171 429 218 464 qui
241 429 324 463 impie
339 433 432 456 essent
447 430 536 456 acturi
551 434 697 464 ponentem
710 430 746 461 ⁸³,
762 430 842 456 deni-

53 483 104 510 que
120 483 172 501 non
188 475 350 501 clamantum
373 482 443 508 saepe
456 475 615 509 Apostoium
634 476 773 503 sensisse?
787 475 843 502 Νο-

53 519 98 545 lite
113 527 221 551 errare;
235 527 316 552 neque
338 519 485 553 furnicarii,
499 528 579 554 neque
594 520 673 546 idolis
691 521 842 553 servientes,

53 574 134 599 neque
159 566 285 597 adulteri,
316 574 398 600 neque
426 565 527 598 molles,
558 574 638 601 neque
665 567 844 594 naucularum

52 611 245 642 concubitores,
261 619 341 646 neque
356 611 441 643 avari,
457 619 537 646 neque
544 611 628 645 fures,
642 620 723 647 neque
736 612 843 645 ebriosi,

52 665 133 691 neque
150 656 284 689 maledici,
311 665 392 691 neque
417 665 525 691 rapaces
539 665 646 692 regnum
663 657 711 685 Dei
727 659 844 692 posside-

52 703 116 728 bunt
127 701 161 728 “.
180 701 227 729 liis
240 707 269 728 tu
283 702 383 729 auditis
394 703 440 737 qui
457 703 558 729 malum
573 703 680 730 nescire
694 704 844 739 praedicas?

51 748 157 774 scilicet
174 749 255 775 verba
268 748 325 776 haec
336 753 399 775 sunt
409 753 436 776 et
450 753 607 784 praetextus.
622 749 675 777 Sed
690 750 754 785 quid
765 758 843 785 agam

51 793 148 820 talium
181 794 406 829 magistriszqui
432 803 494 822 cum
520 796 623 823 hortari
649 800 787 831 oporteret
812 804 845 824 ac

51 839 228 873 pra-munire,
244 848 348 876 suoque
372 840 536 876 discipulum
569 841 692 876 exemplo
711 842 842 874 stabilire,

51 884 288 911 nomenclaturam
308 889 406 919 gerunt
420 885 538 918 inanem,
554 886 589 913 ab
601 893 630 914 re
643 887 733 914 vacui.
751 886 843 914 Enim-
860 868 881 897 Β

51 937 117 956 vero
130 930 221 956 omnis
238 929 288 956 aevi
315 931 486 962 memoriam,
505 938 604 965 resque
620 937 711 966 gestas
734 937 843 959 sancto-

51 981 113 1001 ιιιιιι
144 973 254 1001 Patrum
288 974 444 1008 lustratorc,
470 983 531 1008 seu,
552 980 582 1003 ut
598 976 711 1011 propius
741 976 841 1009 dicam,

51 1021 78 1047 in
98 1024 194 1047 nostra
211 1020 350 1055 republica
373 1021 447 1056 quod
471 1021 526 1049 dixi
542 1026 706 1056 spectatore.
728 1022 841 1055 Qualem

51 1066 162 1092 beatum
185 1065 346 1100 Gregorium
376 1066 460 1093 abbas
491 1065 656 1099 Dorotheus,
673 1066 781 1101 qualem
801 1071 843 1094 ter

49 1112 158 1139 felicem
174 1112 342 1147 Tbaddaaum
367 1113 453 1141 abbas
475 1114 618 1147 Arsenius,
634 1117 741 1150 qualem
757 1116 842 1151 incly-

50 1165 109 1184 tum
125 1157 258 1186 Iacobum
277 1159 361 1187 abbas
381 1160 530 1193 Lucianus,
545 1162 641 1196 quales
667 1167 791 1194 cancros,
809 1170 842 1189 ne

48 1204 102 1230 sim
116 1205 250 1238 prolixus,
267 1205 355 1232 caeteri
372 1205 482 1233 fecere?
503 1205 630 1238 Habenti,
650 1207 749 1243 inquit,
766 1207 842 1234 dabi-

50 1254 106 1281 tur,
119 1255 144 1276 et
155 1250 310 1283 abundabit,
326 1251 350 1278 ei
367 1257 456 1278 autem
472 1252 517 1286 qui
531 1260 584 1279 non
600 1252 676 1279 habet
689 1253 793 1288 etquod
805 1254 843 1280 vi-

47 1296 129 1320 detur
145 1294 240 1321 habere
255 1295 390 1329 auferetur
403 1296 437 1322 ⁸⁵.
459 1295 518 1323 Νοιι
550 1297 638 1325 minas
653 1298 775 1325 timetis?
789 1306 842 1326 non

51 1340 238 1368 reformidatis
267 1350 348 1377 quem
379 1342 560 1370 reformidant
591 1344 741 1372 universa?
760 1344 843 1381 Igitur

49 1387 147 1414 hortor
159 1391 187 1414 et
203 1388 334 1420 obtestor,
350 1394 379 1416 ut
392 1389 504 1417 allectus
522 1390 652 1417 beneficio
665 1390 779 1424 quisque
790 1395 843 1422 est,

48 1431 201 1465 provinciae
234 1433 396 1465 satisfacito,
424 1439 577 1469 cunctaque
603 1435 677 1462 velut
705 1436 733 1462 in
757 1435 844 1462 oculis

47 1478 153 1504 divinis
173 1478 317 1506 obeuntor.
335 1478 373 1506 Nc
388 1480 450 1514 quis
467 1480 593 1515 deinceps
611 1480 783 1508 iuconfcssus
798 1481 844 1508 de-

48 1524 117 1556 gito,
132 1523 247 1558 ignavus
257 1532 289 1552 ac
301 1524 463 1558 dissolutus,
480 1533 530 1552 neu
546 1526 599 1552 cibi
620 1530 647 1553 et
663 1530 743 1561 potus
755 1526 842 1561 impo-
856 1534 877 1563 α

48 1574 122 1600 lens,
144 1569 217 1596 unde
243 1570 367 1598 libidines
394 1571 549 1606 gignantur,
579 1579 630 1599 neu
649 1572 788 1606 inquietus
811 1579 844 1600 ac

49 1615 159 1646 rabula,
178 1615 224 1650 qui
254 1617 398 1652 collegium
421 1618 577 1645 conturbet.
605 1618 711 1646 Auden‘
730 1619 844 1645 omnino

49 1669 113 1688 cum
135 1662 207 1690 laico
225 1671 331 1697 pugnas
343 1671 490 1692 conserere
503 1665 650 1692 verborum
672 1670 699 1692 et
712 1665 843 1700 improbis

49 1709 199 1743 colloquiis
213 1711 338 1737 certare?
364 1710 434 1746 Ergo
452 1711 523 1738 haud
556 1712 707 1739 monachus
731 1720 771 1744 es,
796 1712 844 1740 sed

50 1754 246 1788 facinorosus;
265 1763 318 1782 non
332 1757 417 1790 pacis,
439 1757 485 1784 sed
506 1757 552 1784 ira:
585 1757 667 1785 (ilius.
681 1759 769 1792 Atque
788 1758 845 1786 luec

50 1799 164 1832 quinam
177 1800 304 1834 juvenes,
324 1809 374 1829 nec
393 1803 433 1829 vel
455 1803 556 1830 mutirc
575 1803 661 1838 digiti.
681 1803 843 1838 Quanquam

49 1845 176 1871 debemus
202 1854 248 1872 nos
264 1847 335 1880 ﬁrmi
353 1847 558 1875 imbecillitatem
576 1849 742 1883 inﬁrmorum
761 1850 843 1875 susti-

50 1899 123 1924 nere,
150 1896 175 1918 et
198 1899 248 1917 non
276 1892 353 1919 nobis
381 1893 494 1927 placere.
523 1893 706 1929 Unusquisque
730 1900 844 1921 vestrum

50 1937 175 1971 proximo
187 1945 233 1963 suo
249 1937 352 1971 placeat
365 1939 391 1965 in
405 1938 511 1972 bonum,
522 1941 557 1966 ad
570 1940 791 1974 wdiﬁcationem;
804 1946 844 1967 et-

49 1983 121 2009 enim
135 1982 258 2010 Christus
271 1992 323 2010 non
335 1985 386 2011 sibi
395 1985 506 2019 placuit,
519 1986 649 2018 sed,sicut
658 1987 785 2021 scriptum
794 1990 844 2013 est:

53 2029 223 2063 Improperia
248 2030 485 2064 improperantium
516 2031 564 2057 tibi
587 2031 738 2058 ceciderunt
768 2039 846 2065 super

51 2082 92 2101 me
103 2074 138 2100 ".
155 2073 340 2107 Quamobrem
356 2076 505 2102 multemur
520 2077 695 2104 contumeliis
707 2084 757 2104 nos
775 2085 844 2111 quo-

51 2127 105 2153 que
124 2127 181 2146 una
204 2126 267 2146 cum
286 2118 407 2152 Christo,
430 2127 463 2148 ac
480 2127 530 2155 pro
557 2120 679 2153 Christo,
695 2120 843 2155 omniaque

50 2166 85 2192 ad
97 2165 234 2192 institutae
249 2165 284 2192 ab
299 2173 332 2193 eo
345 2166 407 2193 vitae
428 2166 567 2201 exemplar
584 2174 663 2201 agere
676 2170 844 2201 satagamus,

49 2219 107 2245 quo
137 2211 193 2239 Deo
214 2212 351 2246 placentes
376 2212 487 2239 cteleste
505 2219 620 2247 regnum
647 2213 783 2247 ineamus,
799 2221 846 2248 per
863 2202 885 2229 D

49 2257 195 2284 Christum
223 2256 316 2284 Jesum
330 2257 475 2284 Dominum
489 2261 614 2285 nostrum
629 2267 635 2285 :
655 2259 698 2286 cui
713 2259 797 2293 gloria
821 2263 848 2286 et

53 2304 215 2339 imperiunm,
230 2311 292 2331 cum
306 2303 387 2331 Patre
412 2311 445 2332 ac
468 2309 564 2332 sancto
583 2303 696 2338 Spiritu,
725 2311 797 2332 nunc
820 2309 848 2332 et

50 2358 172 2386 semper,
181 2350 209 2378 in
217 2357 382 2385 omnemque
395 2351 613 2386 perpetuitatem.
625 2351 724 2379 Amen.

320 2405 439 2433 SERMO
456 2405 600 2434 CXXXIV.

54 2452 255 2488 Obstupendum
278 2460 330 2479 non
354 2461 422 2485 esse,
436 2452 482 2488 qui
504 2461 521 2480 ιι
545 2453 669 2488 ρι’(εῙειΙο
695 2460 847 2487 carpamur,

87 2495 250 2528 regnumque
281 2488 427 2514 ineundum
452 2488 553 2515 caeleste
568 2496 614 2523 per
628 2488 775 2523 frequentes
796 2488 848 2515 mi-

86 2531 184 2550 senas.
698 2552 702 2557 .

86 2579 200 2606 Fratres
213 2579 373 2614 Patresque,
390 2586 474 2607 sacra:
490 2579 639 2614 Scriptum
653 2579 712 2607 haec
740 2583 851 2608 senten-

55 2625 91 2652 tia
119 2630 163 2652 est
176 2634 182 2652 :
198 2624 253 2660 Ego
264 2625 402 2660 diligentes
415 2633 454 2652 me
470 2625 562 2660 diligo,
578 2629 603 2652 et
617 2625 662 2660 qui
675 2630 797 2660 quarunt
812 2632 852 2652 me

54 2673 186 2699 inuenient
215 2681 255 2700 me
270 2672 305 2705 ³⁷,
321 2680 354 2700 ac
378 2672 484 2707 signum
500 2671 618 2707 explicat
633 2671 735 2699 amoris
747 2671 774 2698 in
796 2671 854 2698 haec

54 2719 136 2746 verba
149 2727 156 2745 :
175 2718 227 2751 Qui
243 2723 332 2746 autent
350 2718 450 2754 diligit,
466 2718 534 2745 serio
550 2718 662 2752 castigat
675 2717 709 2744 ³⁸.
729 2717 802 2745 Sane
818 2717 852 2745 ad

88 2798 143 2826 "ll
154 2798 228 2830 Petr,
242 2807 272 2830 ll,
287 2798 332 2826 15.
381 2799 404 2815 ⁸³
413 2799 479 2826 ibid.
491 2798 518 2825 6.
574 2799 598 2815 “
612 2797 621 2824 1
633 2797 696 2826 Cor.
711 2805 748 2831 vt,
764 2796 792 2827 9,
823 2797 866 2824 l0.

59 2842 116 2867 nu,
131 2834 177 2861 l7.
215 2835 238 2849 ⁸⁸
248 2834 327 2861 Prov.
346 2842 403 2866 xm,
419 2834 464 2862 24.
503 2834 525 2850 "
539 2834 559 2861 Il
574 2834 637 2861 (lor.
659 2841 688 2865 ιι,
707 2832 732 2860 5.
771 2832 794 2848 ⁹⁰
807 2831 886 2859 Hebr.

60 2878 74 2892 τ
88 2878 106 2903 ι,
127 2869 170 2897 Η.
215 2870 238 2885 ’⁸
255 2869 336 2896 ilcbr.
351 2878 398 2902 xu,
412 2870 440 2897 ‘2.
461 2870 484 2885 ’⁵
497 2868 570 2897 Psal.
591 2875 675 2901 xxxu,
693 2868 719 2895 l.
734 2867 756 2883 "
776 2867 883 2902 Philipp

643 143 845 174 SERMONES
863 141 1122 173 CATECHETICI.

215 2870 238 2885 "
255 2869 336 2896 ilcbr.
351 2878 398 2902 xu,
412 2870 440 2897 ‘2.
461 2870 484 2885 ’⁵
497 2868 570 2897 Psal.
591 2875 675 2901 xxxu,
693 2868 719 2895 l.
734 2867 756 2883 "
776 2867 893 2902 Philipp.

1631 145 1684 175 686

895 199 948 226 hoc
972 199 1049 227 vobis
1065 203 1193 230 statutus,
1212 199 1336 234 equidem
1356 207 1410 227 non
1427 201 1502 235 potui
1518 201 1581 236 quin
1596 202 1686 234 priore

895 245 1028 273 catechesi
1039 253 1180 280 carperent
1194 245 1362 281 frequentes,
1372 254 1423 273 non
1438 251 1466 273 ut
1481 247 1686 274 contristat-emi-

898 293 925 319 m'
947 291 1041 326 (adeo
1069 292 1096 319 id
1121 292 1242 327 Apostoli
1271 292 1373 319 dictum
1401 300 1533 327 usurpare
1550 293 1569 327 ),
1585 294 1630 320 sed
1657 300 1686 320 ut

894 338 996 364 sciretis
1026 337 1183 364 citaritatem
1210 345 1290 371 quam
1328 338 1407 365 habeo
1444 338 1622 365 abundantius
1659 340 1687 366 iu

894 384 937 410 vos
956 384 990 416 ‘9,
1005 384 1051 419 qui
1064 388 1091 411 et
1114 383 1222 411 afﬂictis
1238 384 1408 417 condoleam,
1439 389 1466 411 et
1484 385 1552 412 luetis
1568 392 1687 420 congra-

895 430 976 460 tuler.
994 430 1060 457 Nam
1087 430 1121 457 ad
1138 437 1219 465 quem
1246 430 1329 457 alium
1351 435 1509 464 respectem,
1525 437 1570 458 aut
1586 431 1620 458 de
1633 438 1688 466 quo

894 476 1000 503 doleam
1026 476 1144 508 lteterve,
1173 476 1225 503 nisi
1253 475 1287 503 de
1311 476 1408 503 vobis?
1433 477 1479 511 qui
1499 477 1551 504 mei
1577 477 1687 509 fratres,

895 519 953 553 ﬁlii,
970 525 1071 555 patres,
1094 521 1183 552 amici,
1205 520 1324 555 cognati,
1345 527 1433 553 amor,
1461 521 1597 555 voluptas,
1622 529 1689 557 gau-

895 567 980 598 dium,
993 574 1094 594 corona
1106 567 1177 599 sitis,
1188 574 1220 594 ac
1235 567 1257 594 si
1271 567 1344 601 quod
1356 567 1429 594 aliud
1446 575 1544 594 nomen
1554 567 1635 595 edere
1647 573 1690 596 est.

894 612 977 640 studii
993 617 1018 640 et
1038 613 1152 641 amoris.
1169 612 1278 647 Vosque
1293 613 1385 640 itidem
1402 617 1486 641 testor
1511 621 1566 641 non
1588 615 1623 641 ab
1640 622 1689 649 pa-

895 659 1028 692 rentibus,
1049 667 1104 686 non
1130 659 1272 691 fratribus,
1296 666 1350 686 non
1369 667 1486 694 genere,
1513 667 1567 687 non
1589 661 1688 695 patria,

895 712 948 732 non
964 705 1017 732 alia
1034 712 1062 731 re
1091 705 1221 740 quapiam
1248 698 1402 739 conspicua~
1417 705 1545 739 pendere,
1560 706 1626 740 quin
1653 706 1689 733 ab

895 749 952 776 Deo
970 750 1116 782 duntaxat,
1141 756 1172 776 ac
1189 753 1251 784 post
1276 749 1361 776 Deum
1388 749 1424 776 ab
1437 749 1569 777 tenuitate
1582 755 1688 781 nostra,

895 799 925 822 ut
938 795 1068 823 habenda:
1089 795 1144 822 sint
1160 795 1215 822 Deo
1239 795 1345 829 gratiae,
1365 796 1412 830 qui
1432 800 1486 822 tam
1502 795 1618 823 sinceris
1630 796 1691 822 ani-

895 841 946 868 mis
963 841 1127 874 devinxerit,
1145 846 1269 868 amantes
1291 848 1324 868 ac
1342 841 1507 874 redamatos,
1524 841 1692 876 amplectere

896 892 937 915 tes
965 894 998 914 ac
1015 887 1212 922 redamplexos,
1230 895 1313 914 unum
1334 894 1434 921 corpus
1460 894 1599 921 unamque
1614 895 1691 915 men-

896 937 961 965 tem,
980 937 1010 960 ut
1027 933 1054 960 in
1074 940 1156 960 unam
1170 940 1245 968 spem
1260 940 1372 968 quoque
1396 932 1499 960 accitos
1513 937 1596 967 atque
1608 941 1691 960 voca-

893 982 948 1005 tos.
964 976 1042 1010 Quod
1058 981 1194 1012 superest,
1223 977 1358 1009 laetemur,
1377 981 1404 1004 et
1417 977 1488 1004 inter
1503 984 1554 1004 nos
1571 977 1690 1005 collacte-

894 1031 965 1055 mur,
981 1022 1092 1055 fratres,
1110 1030 1162 1050 neu
1181 1027 1352 1058 stupeamus,
1366 1021 1414 1057 qui
1439 1022 1575 1049 interdum
1593 1030 1691 1057 carpa-

893 1076 965 1099 mur.
984 1068 1032 1096 sed
1046 1068 1196 1104 profectam
1212 1068 1247 1095 ab
1269 1075 1377 1101 amore,
1394 1072 1477 1102 atque
1498 1067 1525 1094 in
1546 1075 1691 1095 commune

892 1113 963 1149 frugi
992 1114 1165 1149 disciplinam
1198 1113 1297 1141 leniter
1319 1112 1451 1140 feramus.
1486 1113 1624 1149 Scriptum
1649 1119 1692 1141 est

892 1160 965 1186 enim
980 1168 987 1186 :
1003 1158 1059 1186 Fili
1083 1159 1129 1193 mi,
1158 1159 1214 1186 noli
1230 1158 1360 1194 negligere
1384 1157 1557 1193 disciplinam
1571 1159 1690 1192 Domini,

892 1213 973 1240 neque
985 1205 1105 1240 [aligeris
1119 1205 1181 1232 dum
1199 1205 1231 1232 ab
1246 1214 1275 1232 eo
1294 1205 1435 1240 argueris;
1449 1213 1524 1240 quem
1540 1206 1610 1232 enim
1629 1207 1693 1233 αξη-

893 1250 929 1285 git
956 1250 1083 1276 Dominus
1105 1250 1229 1284 castigat,
1255 1249 1373 1285 ﬂagellat
1396 1255 1485 1276 autem
1528 1257 1630 1277 omnem
1657 1252 1691 1285 ﬁ-

893 1295 957 1322 lium
971 1304 1047 1330 quem
1067 1296 1160 1330 recipit
1174 1296 1207 1323 '°.
1221 1295 1293 1329 Quin
1312 1296 1349 1323 ait
1365 1300 1391 1323 et
1404 1294 1553 1330 Apostolus
1565 1305 1572 1323 :
1586 1296 1617 1324 Si
1634 1298 1690 1324 dis-

893 1341 1018 1375 ciplinam
1052 1342 1200 1373 sustinetis,
1231 1347 1356 1377 tanquam
1375 1342 1440 1377 ﬁliis
1462 1342 1535 1369 vobis
1561 1343 1638 1377 o/I'ert
1664 1351 1692 1370 se

894 1388 974 1416 Dens.
991 1389 1056 1421 Quis
1085 1389 1154 1415 enim
1178 1388 1251 1423 ﬁlius
1278 1397 1354 1424 quem
1373 1398 1424 1416 non
1452 1389 1561 1423 corripit
1591 1389 1692 1424 pater?

893 1435 934 1462 sin
958 1439 1034 1461 extra
1064 1434 1235 1469 disciplinam
1262 1435 1343 1467 estis,
1361 1436 1436 1470 cujus
1452 1437 1607 1471 partticipes
1626 1435 1692 1470 facti

893 1485 954 1508 sunt
963 1488 1050 1507 omnes
1066 1488 1075 1506 :
1087 1488 1150 1514 ergo
1165 1480 1310 1507 adulterini
1326 1482 1400 1512 estis,
1411 1485 1436 1508 ct
1452 1490 1504 1508 non
1519 1481 1571 1516 ﬁlii
1584 1481 1618 1508 ⁸¹.
1629 1480 1689 1508 lam

894 1527 991 1561 opibus
1011 1533 1043 1553 ac
1057 1526 1189 1561 imperiis,
1204 1530 1232 1553 et
1253 1526 1274 1553 si
1301 1526 1367 1561 quid
1386 1527 1458 1554 aliud
1475 1532 1515 1555 est
1540 1528 1613 1562 quod
1631 1535 1692 1554 am-

895 1572 970 1598 biant
981 1571 1119 1603 mortales,
1129 1571 1279 1598 haudcitra
1294 1571 1414 1599 laborem
1424 1573 1608 1607 acquirendis,
1622 1573 1689 1607 quin

895 1625 994 1652 magno
1007 1625 1068 1644 cum
1085 1617 1176 1645 labore
1191 1622 1274 1652 atque
1299 1617 1401 1650 studio,
1418 1617 1502 1645 Deum
1523 1639 1529 1651 ,
1552 1626 1583 1645 ac
1601 1619 1694 1646 divina

895 1663 1007 1698 pramtia
1042 1671 1159 1698 parare,
1185 1663 1341 1698 expeditum
1377 1663 1527 1699 quiddam,
1565 1668 1592 1691 et
1616 1663 1695 1692 facile

896 1717 988 1736 remur
1011 1729 1019 1742 ,
1042 1717 1093 1736 nec
1118 1709 1190 1736 mille
1224 1709 1331 1744 plenum
1363 1710 1492 1737 aerumnis
1510 1730 1517 1742 ,
1550 1717 1583 1737 ex
1613 1710 1696 1741 sudo_

896 1756 982 1787 ribus,
997 1762 1051 1781 non
1065 1755 1090 1782 id
1101 1759 1228 1782 extreme
1245 1755 1370 1782 amentiae
1385 1755 1566 1782 estindicium
1578 1755 1590 1782 ’ἔ
1601 1755 1695 1782 Enim-

896 1808 960 1827 vero
989 1800 1114 1827 audimus
1136 1809 1143 1827 :
1168 1800 1219 1827 Per
1244 1800 1342 1827 multas
1369 1800 1551 1828 tribulationes
1591 1805 1695 1835 oportet

896 1853 942 1872 nos
963 1845 1063 1871 intrare
1077 1845 1105 1871 in
1121 1853 1228 1879 regnum
1240 1845 1365 1872 calorum
1376 1846 1415 1877 9',
1434 1850 1564 1879 arctaque
1583 1849 1610 1872 et
1632 1846 1696 1872 allli<

897 1895 939 1917 cta
961 1891 1002 1917 via
1016 1895 1058 1917 est
1075 1909 1082 1922 ,
1110 1898 1172 1924 qua:
1197 1891 1223 1917 in
1248 1898 1394 1924 perennem
1421 1891 1502 1917 vitam
1529 1890 1638 1918 deducit
1660 1891 1695 1920 ⁸³.

897 1935 1089 1969 Quamobrem,
1106 1935 1196 1966 sodes,
1224 1935 1297 1969 quod
1321 1935 1454 1962 inluerere
1480 1941 1626 1963 renuentes
1652 1936 1696 1964 hi-

896 1983 948 2009 lari
963 1989 1020 2009 tevo
1035 1989 1090 2016 quo
1106 1981 1277 2013 frueremur,
1287 1989 1319 2009 ac
1335 1982 1436 2009 laetitia:
1449 1982 1587 2017 quondam
1604 1983 1631 2009 in
1647 1990 1697 2018 po-

897 2028 984 2054 mario
1002 2027 1126 2060 inlinilze,
1152 2034 1231 2054 ruere
1258 2027 1285 2054 in
1316 2027 1507 2055 calamitosam
1537 2028 1697 2063 tristemque

897 2075 981 2102 vitam
1011 2074 1158 2101 maluimus
1173 2073 1281 2100 inscite.
1304 2071 1398 2108 Neque
1420 2072 1498 2100 aliter
1519 2080 1551 2099 eo
1576 2078 1696 2101 reverta-

897 2129 970 2153 mur,
997 2127 1078 2155 quam
1110 2119 1226 2146 miseriis
1250 2119 1374 2150 exerciti,
1401 2123 1488 2146 instar
1516 2118 1624 2146 Domini
1646 2127 1697 2146 no-

897 2167 948 2194 stri
975 2166 1040 2194 Jesu
1067 2165 1196 2198 Christi,
1217 2166 1263 2200 qui
1284 2166 1417 2199 proposito
1441 2165 1492 2192 sibi
1524 2165 1634 2200 gaudio,
1659 2166 1698 2192 ait

901 2212 957 2242 ille,
975 2211 1099 2238 sustinuit
1114 2218 1216 2237 crucem
1228 2210 1384 2244 confusione
1397 2215 1545 2245 contempta
1557 2210 1592 2238 ’⁵.
1606 2210 1698 2244 Quan-

901 2265 983 2293 quam
1001 2265 1063 2292 qute
1092 2256 1241 2284 secundum
1271 2256 1355 2283 Deum
1377 2256 1498 2283 incidant
1521 2257 1629 2290 acerba,
1648 2264 1698 2292 spo

902 2303 984 2331 lenita
998 2309 1163 2330 aeternorum
1180 2303 1326 2335 bonorum,
1343 2310 1377 2330 ne
1392 2303 1489 2330 acerba
1502 2303 1696 2337 suntquidem.

901 2357 1075 2385 praesensque
1087 2353 1194 2385 tempus
1215 2350 1318 2377 sanctis
1337 2349 1411 2377 ferim
1426 2349 1549 2384 quaedam
1568 2350 1699 2377 credeba-

901 2400 958 2428 tur,
974 2396 1048 2431 quod
1071 2395 1134 2422 hinc
1157 2400 1268 2424 sanctus
1292 2395 1374 2423 David
1395 2400 1525 2428 testatur,
1545 2396 1671 2431 inquiens
1688 2403 1696 2422 :

901 2442 1051 2474 Essultate,
1058 2442 1172 2477 justi,in
1182 2441 1293 2468 Domino
1305 2442 1339 2473 ’⁵,
1351 2441 1408 2476 jugi
1428 2441 1592 2469 declarando
1601 2442 1698 2469 trium-

902 2490 969 2525 pho.
986 2488 1056 2516 Hinc
1073 2489 1168 2516 beatus
1181 2487 1339 2523 Apostolus,
1356 2487 1451 2514 eadem
1473 2488 1586 2522 loquens
1602 2496 1610 2515 :
1624 2486 1698 2514 Gau-

903 2537 959 2563 dete
976 2536 1003 2562 in
1016 2535 1128 2562 Domino
1142 2541 1254 2568 semper,
1269 2534 1365 2560 iterant
1379 2533 1448 2566 dico,
1462 2533 1574 2567 gaudete
1587 2533 1620 2559 ".
1633 2533 1700 2566 Qua:

902 2582 952 2609 etsi
963 2579 1097 2608 luctuosis
1109 2583 1137 2606 et
1164 2577 1397 2612 lacrymabuudis,
1423 2585 1568 2613 pugnaque
1580 2577 1697 2612 quadam

904 2625 1041 2657 exercitis,
1057 2632 1088 2652 ac
1101 2631 1150 2659 pro
1165 2624 1280 2651 honesto
1295 2623 1369 2650 varie
1387 2623 1510 2650 multatis
1526 2623 1698 2654 dicebantur,

905 2677 995 2700 tamen
1008 2670 1157 2699 secundum
1170 2669 1255 2697 Deum
1273 2669 1382 2697 tristitia
1398 2669 1491 2704 probis
1499 2669 1608 2697 occasio
1622 2669 1700 2696 duci-

907 2722 952 2745 tur
980 2717 1124 2749 lzetitiaemt
1136 2723 1187 2743 nos
1211 2715 1294 2743 etiam
1319 2714 1427 2747 fratres,
1443 2720 1571 2750 tanquam
1588 2714 1700 2743 feriatos

918 2796 940 2812 "'
958 2795 1054 2823 Matth.
1072 2802 1136 2826 xxv,
1152 2793 1198 2821 ‘29.
1253 2793 1276 2810 ⁸⁸
1290 2794 1369 2819 Rom.
1388 2800 1433 2823 xv,
1445 2791 1473 2823 2,
1492 2791 1520 2826 5.
1574 2790 1699 2826 ⁸⁷Ῡτον.

905 2840 954 2863 xtl,
966 2831 993 2861 5,
1009 2830 1035 2863 6,
1073 2830 1094 2847 ⁹¹
1109 2825 1174 2857 ibid.
1187 2829 1249 2862 7,8.
1287 2828 1310 2843 ⁹¹
1322 2828 1382 2854 Act.
1402 2834 1457 2859 XIV,
1486 2825 1532 2853 2L
1569 2825 1592 2842 ”
1602 2825 1698 2854 Matth.

921 2875 956 2897 Iv,
974 2866 991 2892 4
