1921 3073
234 161 287 193 687

824 163 854 193 S.
883 161 1080 193 THEODORI
1104 161 1279 193 STUDIT/E

1823 160 1879 193 688

235 217 368 251 quotidie,
381 216 482 244 divinis
491 216 626 252 patiendis
638 217 756 244 miseriis
767 221 872 245 certare
885 216 1034 244 tolerantia
1050 219 1072 247 Α
1087 216 1263 243 honorarium
1280 214 1362 249 ferre,
1388 223 1443 243 non
1459 215 1583 251 fugacem
1597 220 1623 244 et
1639 214 1790 244 imbellem.
1802 215 1881 250 Quod

235 268 285 296 par
298 261 344 295 sit,
355 268 526 296 nequaquam
539 261 640 290 fractos
651 261 750 290 diaboli
761 261 867 290 techuis
876 265 958 296 atque
966 269 1035 296 prte-

236 307 291 339 liis,
301 308 368 343 quin
378 307 401 335 si
411 307 476 343 quid
491 307 626 335 interdum
642 308 831 339 dormitemus,
841 308 965 343 citraque
979 315 1036 335 car-

1087 269 1137 290 nos
1156 262 1350 297 inaspectabile
1365 262 1465 289 bellum
1486 262 1520 289 ad
1537 266 1688 290 extremum
1701 269 1788 298 usque
1802 263 1883 298 spiri-

1087 311 1143 334 tum
1155 312 1294 342 urgentes,
1302 307 1413 335 aeternis
1421 307 1541 342 praemiis
1554 307 1601 335 Dei
1613 307 1745 336 beneﬁcio
1758 315 1883 344 quaeren-

236 361 312 382 ceres
328 353 465 388 quosdam
485 353 567 382 olIicii
584 354 626 381 vel
642 354 747 385 animo.
773 354 814 381 vel
831 361 969 386 sermone,
993 354 1036 381 vel
1086 352 1258 384 dis,coeleste
1268 359 1381 388 regnum
1397 359 1608 387 consequemur,
1620 360 1668 388 per
1683 353 1820 381 Christum
1836 353 1883 381 Je-

237 399 343 427 aetione
354 399 485 432 feramur,
494 400 571 428 ocius
584 404 738 434 surgentes,
754 400 800 434 qui
812 399 838 426 in
848 399 967 434 priorem
975 403 1031 426 sta-

236 449 293 472 tum
312 452 496 479 recurramus,
517 450 544 474 et
562 446 724 474 ardentibus
741 445 839 474 studiis
859 445 914 473 Deo
933 445 1034 474 servia-

238 497 309 522 mus,
326 490 393 518 certi
409 489 567 518 bellatorem
582 497 615 518 ac
629 498 778 526 pugnacem
799 490 911 517 militem
929 497 945 517 a
967 497 1030 525 rege

245 597 334 612 εει.

1087 405 1147 425 sum
1158 397 1300 425 Dominum
1309 401 1445 426 nostrum.
1454 398 1505 427 Cui
1514 398 1600 433 gloria
1611 403 1639 426 et
1650 398 1806 434 imperium,
1816 407 1881 427 cum

1087 443 1167 471 Patre
1181 451 1214 472 ac
1228 448 1322 472 sancto
1335 443 1451 480 Spiritu,
1460 452 1534 472 nunc
1547 448 1575 473 et
1584 451 1702 480 semper,
1716 445 1743 472 in
1757 452 1883 474 omnem-

1083 497 1138 525 que
1152 489 1370 526 perpetuitatem.
1389 490 1486 518 Amen.

342 598 1863 614 W

724 683 994 728 EJUSDEM
1035 682 1309 729 OBATION
1320 683 1384 728 ES

520 781 576 812 EX
597 780 799 816 FABRICIO,
823 779 1050 817 GRETSERO,
1075 780 1238 811 ANGELO
1256 781 1330 812 MAI
1347 780 1586 813 EXCERPTIE.

622 939 642 965 Ι.

1463 939 1502 964 A’.

237 984 270 1012 In
284 985 444 1027 diuersitate.
453 985 571 1025 ciborum
584 983 777 1027 c_avendu'rn,‘et
791 983 823 1009 de
838 985 1025 1027 tempe-rutrum

1101 984 1149 1027 οξι
1166 983 1229 1026 χρὴ
1247 983 1410 1027 προσέχειν
1424 983 1558 1027 ’ἑαυτοὺς
1580 984 1614 1027 ξεν
1634 985 1877 1027 τοῖεηδεᾳφόροις

305 1020 352 1047 Die
366 1019 506 1047 Domt'nica
527 1023 679 1045 sanctorum
692 1017 821 1051 'I’atrum,
841 1026 901 1053 cap.
919 1019 961 1046 10.

1114 1018 1263 1056 βρώμασι,
1294 1019 1344 1056 καὶ
1365 1019 1431 1056 περὶ
1455 1019 1639 1056 ἐγκρατείας.
1676 1020 1714 1055 Τῇ
1740 1018 1878 1056 Κύριὶιιιῇ

1117 1053 1176 1080 τῶν
1192 1053 1286 1088 ἁγίων
1298 1054 1447 1086 Πατάρων.
1463 1054 1560 1088 κεφάλ.
1583 1058 1608 1082 ι’.

748 1109 869 1145 (Fanum.
888 1109 1017 1138 Biblioth.
1032 1120 1112 1147 gra'c.
1134 1117 1153 1139 t.
1171 1112 1230 1145 ΧΗ,
1250 1121 1276 1148 p.
1291 1113 1369 1148 505.)

273 1169 384 1197 Fratres
409 1173 436 1196 et
457 1168 553 1197 Patres
571 1169 635 1201 mei,
653 1170 877 1204 quandoquidem
902 1177 934 1198 os
957 1169 1028 1198 indi-

237 1223 321 1251 gnum
333 1215 457 1250 quotidie
474 1222 569 1243 coram
588 1215 666 1243 vobis
680 1216 828 1251 aperirem,
856 1223 872 1244 o
889 1216 936 1244 ﬁlii
956 1217 1029 1245 desi-

237 1260 419 1292 deratissimi,
450 1267 598 1295 meumque
623 1260 704 1288 simul
728 1260 882 1293 ﬁrmamen,
900 1269 955 1288 non
977 1261 1028 1289 hoc

239 1306 306 1333 satis
325 1307 455 1334 ducerem
470 1314 520 1341 pro
540 1306 640 1334 salutis
658 1299 755 1335 vestrae
769 1307 907 1335 desiderio
922 1307 1028 1336 sollici-

239 1351 388 1386 tudineque
416 1352 516 1386 quibus
546 1351 732 1380 indesinenter
754 1359 886 1387 occupor.
917 1352 946 1380 In
977 1353 1029 1381 hoc

237 1396 324 1429 enim,
343 1397 407 1424 licet
421 1403 561 1432 peccator,
574 1396 698 1424 intentus
715 1405 810 1425 versor
827 1401 908 1425 nocte
918 1397 1027 1432 dieque,

238 1443 289 1470 hoc
316 1443 401 1478 spiro,
425 1443 529 1476 ambio,
555 1450 717 1478 persequor,
739 1443 791 1471 hoc
816 1448 858 1471 est
881 1443 937 1471 vita
957 1451 1027 1472 mea.

239 1488 354 1516 Mortem
380 1487 519 1515 laudarem
547 1492 659 1523 propter
681 1495 763 1523 quam
789 1487 1028 1524 proﬁciscentibus

238 1534 372 1562 fratribus
389 1534 508 1566 relator,
524 1534 614 1562 oblata
632 1534 775 1563 vobiscum
789 1534 965 1563 collouuendi
981 1543 1029 1572 per

239 1580 345 1608 litteras
357 1579 514 1608 occasione.

272 1733 433 1767 Quomodo.
464 1731 564 1758 fratres
601 1732 669 1764 mei,
700 1731 834 1760 Pascltam
865 1731 1028 1759 sanctiﬁcati

238 1774 371 1815 «legistis?
385 1777 532 1810 Quomodo
553 1781 664 1804 sanctos
682 1777 893 1804 resurrectionis
912 1777 959 1804 Dei
982 1778 1030 1804 ho-

240 1825 321 1852 minis
345 1825 372 1851 in
394 1823 493 1858 pietate
516 1822 705 1857 pertransistis
722 1822 800 1849 dies?
816 1821 876 1849 Non
901 1829 944 1849 me
961 1822 1029 1857 fugit

237 1876 288 1896 vos
302 1867 470 1904 purilieatos,
485 1865 664 1898 illuminatos,
683 1865 829 1897 exaltatos,
842 1865 1027 1894 sanctiﬁcatos

239 1915 432 1950 perfectosque
456 1920 518 1940 esse
538 1912 565 1939 in
588 1911 676 1947 gratia
693 1911 799 1939 Domini
822 1912 887 1944 mei,
913 1919 1028 1939 concor-

238 1963 312 1989 diam
328 1965 356 1988 et
372 1959 533 1988 charitatem
551 1959 622 1986 inter
635 1966 685 1986 vos
700 1963 870 1991 exercentes,
887 1962 914 1986 et
936 1958 1026 1985 omni-

237 2007 288 2034 bus
317 2005 391 2041 vigili
415 2003 578 2038 ardentique
606 2002 698 2030 studio
726 2002 917 2030 incumbentes
942 2011 950 2030 :
975 2003 1027 2030 hoc

237 2053 312 2080 enim
338 2052 530 2079 demonstrant
554 2049 646 2085 plures
675 2054 772 2077 vestrae
797 2049 929 2084 epistolae,
958 2049 1026 2077 mihi

237 2104 334 2128 vestrae
351 2098 412 2126 ﬁdei
432 2098 486 2125 vim
508 2096 710 2132 prmcelsasque
729 2095 843 2124 virtutes
868 2094 1027 2131 signiﬁcan-

237 2151 288 2173 tes.
305 2144 386 2176 Deus,
406 2143 453 2179 qui
467 2150 516 2170 vos
530 2143 567 2170 ita
589 2141 758 2177 iustilieavit,
776 2145 804 2169 et
815 2142 843 2169 in
860 2142 935 2169 omni
954 2141 1026 2169 bono

237 2191 366 2222 ﬁrmavit,
381 2189 469 2225 magis
487 2196 519 2216 ac
539 2188 627 2222 magis
642 2187 884 2215 abundantissime
900 2187 1026 2215 subsidio

236 2241 327 2265 servet
348 2239 376 2262 et
396 2233 536 2262 custodiat
559 2240 609 2260 vos
624 2232 678 2259 mei
704 2233 790 2266 luces,
815 2232 898 2264 faces.
918 2232 1029 2264 oculos,

237 2282 360 2313 brachia.
376 2285 403 2308 et
413 2278 547 2316 quidquid
561 2278 778 2306 sanctissimum.
794 2277 832 2305 Ex
846 2278 1025 2312 praesentibus

236 2330 336 2361 videte,
356 2327 404 2354 ﬁlii
422 2326 487 2359 mei,
509 2326 612 2353 bonum
641 2324 748 2352 difﬁcile
764 2324 914 2359 acquisitu,
932 2323 1024 2351 facile-

234 2383 289 2411 que
319 2382 374 2401 non
401 2372 562 2401 caventibus
591 2371 726 2405 perditum
742 2391 750 2403 ,
774 2374 802 2398 et
824 2377 880 2405 quo
908 2370 1023 2404 longiori

235 2427 356 2456 tempore
370 2423 508 2454 repertum
530 2418 625 2451 fuerit,
649 2424 682 2445 eo
698 2417 779 2444 citius
803 2416 917 2443 minima
940 2415 1025 2450 negli-

1120 1171 1241 1206 Ἀδελφοί
1256 1181 1307 1208 μου
1321 1173 1368 1199 καὶ
1382 1173 1516 1209 Πατέρες,
1533 1173 1582 1201 ὲάν
1598 1175 1659 1202 καθ’
1673 1175 1795 1212 ἑκάστην
1807 1178 1879 1212 ἡμέ-

1080 1226 1130 1253 ραν
1145 1218 1175 1244 τὸ
1187 1217 1311 1254 ῥυπαρὸν
1330 1219 1410 1254 ἡμῶν
1427 1219 1515 1255 στόμα
1531 1219 1685 1256 ἀνοίγωμεν
1705 1222 1774 1257 πρὸς
1791 1223 1879 1258 ὑμᾶς,

1079 1261 1101 1290 ὢ
1124 1263 1209 1291 τέκνα
1232 1264 1413 1300 πεποθημένα
1436 1265 1483 1292 καὶ
1509 1266 1657 1301 σεϐάσμια,
1682 1268 1733 1295 οὐκ
1759 1269 1880 1304 ἀρκετὸν

1079 1310 1222 1346 ἡγούμεθα
1236 1311 1280 1338 διὰ
1302 1311 1347 1339 τὸν
1367 1311 1498 1347 περιόντα
1511 1313 1577 1348 ἡμῖν
1594 1313 1685 1346 πόθον,
1703 1315 1750 1342 καὶ
1764 1315 1814 1350 τὴν
1831 1317 1882 1342 ἐπὶ

1078 1356 1117 1391 τῷ
1143 1357 1278 1389 σώζεσθαι
1297 1358 1369 1393 ὑμᾶς
1388 1359 1567 1394 ἐπικειμένην
1587 1360 1654 1395 ἡμῖν
1670 1361 1816 1395 φροντίδα·
1839 1364 1882 1394 εις

1079 1403 1158 1429 τοῦτο
1172 1404 1236 1438 γὰρ,
1253 1403 1304 1430 κᾶν
1320 1403 1477 1439 ἁμαρτωλοί
1491 1398 1586 1440 ἐσμεν,
1606 1406 1807 1441 ἀδολεσχοῦμεν
1831 1409 1880 1435 νὺ-

1080 1457 1132 1476 κτα
1147 1449 1195 1476 καὶ
1207 1450 1326 1485 ἡμέραν,
1341 1450 1388 1477 καὶ
1403 1451 1467 1486 περὶ
1478 1451 1575 1478 τούτου
1591 1453 1810 1488 καταγινόμεθα,
1827 1457 1877 1481 καὶ

1079 1495 1159 1522 τοῦτο
1175 1496 1355 1532 ἀναπνέομεν,
1376 1497 1422 1523 καὶ
1441 1497 1537 1523 τούτου
1557 1497 1701 1533 ἐφιέμεθα,
1723 1499 1770 1525 καὶ
1793 1499 1880 1526 τοῦτο

1079 1542 1259 1578 ἔκζητοῦμεν,
1277 1543 1323 1569 καὶ
1337 1543 1415 1570 τοῦτο
1457 1543 1514 1579 ζωὴ
1530 1543 1620 1579 ἡμῶν.
1635 1545 1690 1571 Καὶ
1704 1546 1718 1572 ό
1730 1541 1879 1578 ἐπαινετὸς

1081 1587 1206 1620 θάνατος,
1221 1588 1261 1614 διὸ
1279 1589 1325 1615 καὶ
1341 1589 1371 1614 τὸ
1394 1588 1442 1615 νῦν
1457 1588 1645 1625 ἐξερχομένων
1668 1590 1723 1617 τῶν
1748 1591 1880 1627 ἀδελφῶν

1079 1633 1297 1669 ἁνεπνεὺσαμεν,
1316 1634 1444 1670 εὑρόντες
1467 1635 1498 1662 τὸ
1515 1636 1656 1663 συλλαλεῖν
1673 1637 1738 1672 ὑμῖν
1763 1638 1793 1664 ὲν
1819 1641 1882 1671 τοῖς

1081 1681 1237 1716 γράμμασι-

1118 1727 1179 1759 Πῶς
1194 1728 1292 1760 τοίνυν,
1306 1728 1414 1762 ἀδελφοί
1427 1737 1478 1764 μου
1491 1729 1665 1764 ἡγιασμένοι,
1678 1730 1861 1765 ὲπασχάσατε
1873 1741 1881 1763 ;

1082 1771 1130 1798 καὶ
1144 1772 1203 1804 πῶς
1217 1771 1356 1808 διέρχεσοε
1374 1773 1404 1800 ὲν
1420 1773 1550 1809 εὐσεϐείᾳ
1573 1773 1622 1806 τὰς
1644 1774 1695 1809 τῆς
1711 1775 1793 1809 ἁγίας
1810 1776 1884 1803 ἀνα-

1083 1818 1204 1849 στάσεως
1216 1817 1415 1852 θεοφωτίστους
1429 1819 1554 1854 ήμέρας;
1571 1817 1639 1847 Οἶδα
1650 1820 1679 1846 δὲ
1690 1820 1731 1847 ὃτι
1742 1821 1883 1858 καθαίρε-

1081 1863 1127 1890 σΟε
1142 1864 1189 1890 καὶ
1202 1863 1363 1898 φωτίζεσοε,
1378 1865 1426 1892 καὶ
1440 1865 1568 1900 ὑψοῦσθε,
1584 1866 1633 1893 καὶ
1649 1867 1812 1901 ἀγιάζεσθε,
1831 1869 1882 1895 καὶ

1078 1909 1233 1937 τελειοῦσθε
1251 1910 1280 1937 ὲν
1298 1911 1331 1946 τῇ
1347 1911 1439 1947 χάριτι
1453 1911 1500 1938 τοῦ
1516 1912 1620 1947 Κυρίου
1639 1921 1702 1947 μου,
1719 1913 1834 1948 ἔχοντες
1852 1916 1882 1942 τὸ

1079 1956 1119 1987 εἰς
1135 1956 1268 1992 ἀλλήλους
1283 1958 1462 1992 ὁμονοητικὸν
1473 1959 1519 1985 καὶ
1531 1958 1679 1993 ὁμὸψυχον,
1695 1960 1744 1986 καὶ
1761 1960 1881 1998 ἀγαπη-

1077 2002 1165 2033 τικὸν,
1185 2003 1233 2029 καὶ
1247 2002 1461 2038 διεγηγερμένον
1474 2005 1502 2030 ἐν
1522 2005 1587 2030 πᾶσι
1600 2004 1649 2031 καὶ
1665 2005 1882 2040 μεγαλοπρόθυ-

1079 2058 1140 2084 μον.
1155 2049 1241 2076 Τοῦτο
1256 2050 1310 2085 γὰρ
1327 2050 1501 2085 ὲπιδη).οὖσιν
1515 2051 1543 2077 αι
1560 2050 1700 2086 διαφόρως
1715 2052 1884 2088 ὲπεισερχό-

1079 2104 1159 2131 μεναι
1181 2095 1323 2122 ἐπιστολαὶ
1345 2095 1434 2131 ὑμῶν,
1450 2096 1664 2130 ἀναγγέλλουσαι
1681 2097 1748 2132 ἡμῖν
1771 2097 1803 2124 τὸ
1829 2100 1883 2134 τῆς

1078 2141 1197 2172 πίστεως
1214 2140 1346 2176 κραταιὸν
1360 2141 1446 2176 ὑμῶν,
1466 2142 1513 2168 καὶ
1537 2142 1569 2168 τὸ
1587 2142 1638 2177 τῆς
1651 2142 1756 2177 ἀρετῆς
1774 2143 1883 2178 ὑψηλό-

1076 2195 1168 2214 τατον.
1189 2187 1244 2214 Καὶ
1257 2187 1324 2221 γοῦν
1344 2187 1446 2223 Κύριος
1467 2188 1482 2214 ὁ
1497 2187 1563 2219 Θεὸς
1578 2187 1659 2223 ἡμῶν
1675 2188 1689 2214 ὁ
1704 2188 1793 2221 οὕτως
1810 2190 1882 2225 ὑμῖν

1075 2233 1164 2261 ταῦτα
1175 2234 1372 2269 χαρισάμενος,
1385 2234 1433 2260 χαὶ
1442 2233 1575 2266 τοιούτοις
1586 2234 1659 2269 ὑμᾶς
1673 2235 1882 2271 κατορθώματι

1077 2279 1275 2316 στηριξάμενος
1287 2279 1419 2312 πλειόνως
1431 2280 1478 2307 καὶ
1491 2280 1634 2314 μειζόνως,
1650 2282 1699 2308 καὶ
1713 2281 1885 2317 διαρκεστά-

1075 2334 1130 2358 τως
1142 2325 1304 2362 διατηρήσοι
1318 2327 1367 2354 καὶ
1376 2327 1535 2362 διαφυλάξοι
1545 2327 1614 2359 ὅλως
1625 2327 1699 2362 ὑμᾶς
1709 2328 1775 2360 τοὺς
1788 2329 1882 2364 ἐμοὺς

1077 2372 1226 2408 φωπτῆρας
1250 2373 1296 2399 καὶ
1317 2373 1493 2409 λαμπτῆρας,
1510 2373 1669 2409 ὀφθαλμούς
1688 2383 1719 2401 τε
1739 2374 1789 2402 καὶ
1808 2376 1884 2411 βρα-

1076 2417 1178 2451 χίονας,
1195 2417 1243 2444 καὶ
1257 2417 1284 2444 εἴ
1297 2425 1323 2444 τι
1342 2417 1406 2444 ἄλλο
1427 2417 1482 2444 τῶν
1506 2418 1664 2445 ὁσιοτάτων.
1679 2417 1800 2444 Βλέπετε
1820 2420 1882 2446 τοί-

235 2468 326 2504 gentia
354 2466 496 2502 diffugere.
525 2465 646 2500 Tempus
679 2470 800 2499 praesens
829 2466 922 2489 cavete
945 2472 952 2489 :
977 2470 1024 2490 ver

1101 2463 1225 2494 ›ν,τέκνα
1234 2472 1295 2499 μου,
1306 2465 1353 2490 καὶ
1361 2465 1415 2491 ἀπὸ
1423 2464 1470 2491 τοῦ
1479 2464 1625 2499 παρόντος,
1635 2464 1677 2491 ὅτι
1689 2464 1719 2490 τὸ
1731 2464 1818 2490 καλὸν
1830 2465 1883 2492 καὶ

234 2515 321 2546 adest,
338 2521 394 2549 quo
410 2519 511 2547 carpus
523 2511 556 2539 ad
571 2509 748 2546 agitationem
761 2507 944 2540 sollicitatur;
957 2515 1023 2536 caro

1101 2509 1227 2545 ἱσκτητόν
1241 2511 1311 2543 ἐστι,
1333 2510 1380 2537 καὶ
1396 2511 1454 2542 τοῖς
1470 2511 1507 2547 μὴ
1522 2511 1703 2546 προσέχουσιν
1721 2510 1882 2544 εὐάλωτον,

234 2566 327 2589 nostra
340 2565 447 2588 terrena
460 2559 493 2585 ad
509 2563 587 2585 actus
599 2560 743 2584 terrestres
759 2554 855 2582 tendit.

1077 2557 1126 2582 καὶ
1156 2555 1187 2582 τὸ
1215 2556 1399 2592 πολυχρονίως
1422 2556 1545 2592 εὑρεθὲν,
1569 2556 1668 2591 ῥᾳδίως
1692 2555 1739 2582 διὰ
1768 2559 1882 2592 μικρᾶς

231 2607 363 2644 ἀμελείας
385 2604 569 2640 διαφεύγοιεν.
588 2603 741 2639 Προσέχετε
762 2602 869 2634 ἑαυτοῖς
890 2602 944 2629 ἀπὸ
957 2602 1005 2629 τοῦ
1021 2603 1169 2635 ἐνεστῶτος
1191 2603 1301 2640 καιροῦ,
1318 2603 1359 2630 ὅτι
1386 2603 1494 2638 ὲαρινός
1520 2605 1589 2636 ἐστι,
1609 2603 1656 2630 κα)⁸
1674 2603 1722 2630 τοῦ
1742 2603 1883 2640 σώματος

231 2652 381 2689 κινητικός.
397 2652 452 2678 Καὶ
469 2651 486 2686 ἡ
510 2648 580 2684 σὰρξ
594 2647 675 2684 ἡμῶν
690 2647 727 2683 γῆ
742 2646 811 2674 οὖσα
829 2647 905 2683 ζητεῖ
921 2647 1024 2682 γηΐνως
1042 2648 1177 2684 ἐνεργεῖν.

267 2700 300 2728 Et
316 2705 389 2726 nunc
404 2701 477 2724 terra
498 2695 563 2723 timo
578 2698 701 2723 saturata
718 2699 746 2721 et
762 2694 898 2722 laetiﬁcata
919 2694 1021 2730 germi-

232 2752 289 2780 nat,
309 2744 443 2782 germinat
455 2746 483 2770 et
498 2742 591 2775 ﬂoret;
605 2741 645 2769 sic
663 2745 690 2769 et
704 2748 770 2769 caro
785 2742 870 2770 variis
887 2741 957 2770 cibis
976 2748 1021 2776 po-

1113 2695 1150 2722 Ἥ
1164 2704 1205 2722 τοι
1221 2694 1267 2722 νῦν
1283 2695 1320 2730 γῆ
1338 2695 1525 2730 κοπριζομένη
1548 2695 1597 2723 καὶ
1618 2696 1785 2732 πιαινομένη
1806 2699 1883 2726 ἀνα-

1076 2742 1141 2776 φύει
1163 2742 1210 2770 καὶ
1233 2742 1375 2777 βλαστάνει
1392 2743 1440 2769 καὶ
1456 2742 1612 2778 ἀνθοφορεῖ.
1628 2743 1685 2770 Καὶ
1709 2743 1727 2779 ἡ
1751 2743 1826 2780 σὰρξ
1849 2745 1883 2772 τὸ

233 2794 360 2827 libusque
384 2793 506 2818 saturata
526 2796 558 2816 ex
582 2788 745 2816 necessitate
768 2788 862 2823 spinas
883 2788 1020 2823 cupidita-

1101 2787 1143 2814 Βτδ
1157 2788 1214 2820 τοῖς
1224 2787 1366 2824 διαφόροις
1379 2787 1505 2823 βρώμασι
1520 2788 1567 2816 καὶ
1576 2788 1682 2824 πόμασι
1693 2791 1883 2825 πιαινομένη,

233 2844 289 2866 ιιιιιι
306 2837 441 2865 diﬂ‘undit.
459 2836 535 2863 Illam
552 2835 693 2863 continete
713 2839 741 2862 et
764 2835 916 2870 apostolico
939 2835 1021 2862 modo

1101 2835 1178 2870 ’ἀγκη
1193 2834 1244 2866 τὰς
1257 2835 1312 2861 τῶν
1328 2835 1422 2861 παθῶν
1434 2835 1559 2866 ἀκάνθας
1573 2835 1766 2871 ἀναμερίζειν.
1790 2836 1884 2872 Περι-

231 2885 372 2919 eastigate,
390 2882 511 2910 modeste
532 2881 570 2908 illi
594 2880 768 2915 providentes
792 2885 819 2908 et
845 2880 1019 2907 solummodo

1104 2881 1165 2908 ἦετε
1188 2880 1302 2915 ταύτην,
1326 2882 1371 2907 καὶ
1394 2881 1572 2908 rimamini:
1596 2881 1809 2914 ἀποπολιχὼς,
1830 2887 1883 2911 καὶ
