1921 3073
69 126 121 159 689

538 127 680 158 ORATIO
696 127 720 157 Ι.
741 138 775 143 -
796 126 845 156 DE
863 125 1036 157 DELECTU
1059 126 1245 157 ClBOllUM.

1662 124 1715 155 690

71 183 203 218 πρόνοιαν
219 182 306 217 αὐτῆς
323 181 363 214 είς
380 181 532 216 ἐπιθυμίαν
550 182 588 218 μὴ
602 181 734 213 ποιεῖσθε,
752 180 820 208 ἀλλὰ
834 181 868 208 τὰ

924 181 1107 209 necessarium
1134 185 1162 208 et
1185 180 1324 208 suﬂicieus
1349 179 1551 214 impendentes,
1574 179 1716 214 vitamque

70 226 166 253 δέοντα
186 225 235 252 καὶ
252 225 378 261 αὐτάρκη
393 225 578 261 χορηγοῦντες
597 226 693 261 μένετε
711 226 761 261 ζῇν
778 226 808 252 ὲν
828 225 868 260 τῷ

71 273 220 308 πνεύματι.
238 272 339 298 Λοιπὸν
366 271 468 308 μέτρον
492 272 540 300 καὶ
567 272 615 299 ἐπὶ
631 272 680 299 τοῦ
700 272 796 308 ἄρτου,
821 273 868 300 καὶ

70 320 118 345 ὲπὶ
134 318 182 345 τοῦ
195 318 279 346 οἴνου.
294 319 350 345 Καὶ
360 319 373 345 6
387 318 437 352 μὲν
451 315 533 352 οἶνος,
547 318 573 345 εἰ
588 319 636 345 καὶ
649 319 752 346 δίδοται
765 319 806 351 είς
819 320 868 346 πό-

72 373 126 397 σιν,
144 364 215 391 ἀλλὰ
232 364 303 391 κατὰ
320 363 423 399 μικρὰν
450 365 627 400 παρηγορίαν
643 366 691 392 καὶ
710 366 739 392 ὲν
761 367 869 402 καιροῖς

72 411 273 446 ὲορταστικοῖς,
287 410 335 437 καὶ
351 410 380 437 ὲν
391 411 447 442 τοῖς
463 410 679 446 κοπωδεστέροις
692 411 796 448 έργοις,
809 412 826 447 ἢ
839 412 869 438 ὲν

70 457 128 487 τοῖς
138 455 377 492 νοσηλευομένοις,
392 456 409 491 ἢ
423 456 452 483 ὲν
464 458 521 488 τοῖς
534 456 699 492 ἀθυμοῦσιν,
711 458 759 484 καὶ
772 459 801 486 ιν
811 459 869 490 τοῖς

71 502 141 538 πρὸς
156 502 216 529 ὁδὸν
230 501 392 534 ἀπαίρουσι.
420 501 499 528 Ἐπεὶ
523 502 571 529 ἐπὶ
585 502 641 530 τῶν
661 503 750 530 ἄλλων
765 503 869 538 ὀφείλει

71 548 262 585 λαμϐάνεσθαι
279 547 361 583 μέχρι
375 548 441 583 μιᾶς
452 548 591 583 κράσεως,
603 549 620 584 ἢ
632 550 680 576 καὶ
691 549 737 576 δύο
749 549 780 576 τὺ
789 550 868 577 πολύ.

71 595 109 622 Τὸ
116 594 171 631 γὰρ
183 594 344 630 γεροντικὸν
358 602 384 620 τι
398 594 591 629 ἁσφαλίζεται,
610 595 711 622 οἴδατε.
726 596 763 622 Οὐ
779 596 870 622 τοίνυν

70 641 219 676 ἀπείργειν
242 641 316 676 ὑμᾶς
342 640 505 676 βουλόμενος
525 642 581 668 τῶν
606 642 774 677 βρωμάτων,
785 642 869 670 τέκνα

73 695 138 721 μου,
154 686 241 714 ταῦτα
252 686 326 721 λέγω
339 694 345 701 ·
363 687 567 722 Καταργείσθω
585 687 640 723 γὰρ
660 689 696 715 τὰ
719 688 868 724 βρώματα,

71 734 146 759 κατὰ
159 732 205 759 τδν
223 732 401 759 ’Δπόστολονσ
415 733 484 759 ἀλλὰ
503 733 553 768 τὴν
573 733 659 765 ὅντως
678 734 782 770 τροφὴν
797 735 870 770 ὑμᾶς

71 778 219 811 ἐφιέμενος
232 777 316 812 ἔχειν,
329 777 374 804 διὰ
385 777 467 804 τοῦτο
479 778 509 804 ὲν
523 778 679 814 ὑπομνήσει
693 779 790 814 τίθημι
805 780 870 812 τοὺς

71 823 180 856 λόγους.
201 822 279 849 Θέλω
298 822 371 858 ὑμᾶς
391 823 493 850 ἐσθίειν
510 823 556 850 καὶ
573 823 662 850 πίνειν
676 844 683 856 ,
702 824 761 851 ἀλλ’
781 825 868 861 ἁρμο-

921 226 947 254 in
968 227 1068 261 spiritu
1085 230 1202 261 portate.
1219 227 1354 254 Caeterum
1367 226 1394 253 in
1409 226 1471 252 cibo
1486 229 1514 252 et
1533 225 1597 257 vino
1613 229 1715 259 tempe-

920 277 988 300 rate.
1020 272 1119 300 Vinum
1149 272 1284 308 quidem,
1314 272 1337 299 si
1363 272 1512 299 bibendum
1546 271 1714 306 prmbcatur,

919 319 1096 348 solummodo
1110 320 1143 347 ad
1157 327 1272 355 parvum
1289 319 1425 351 levamen,
1444 318 1470 345 in
1485 317 1590 345 festivis
1606 317 1713 350 diebus,

921 370 970 393 aut
993 366 1028 393 iis
1050 366 1097 401 qui
1123 365 1243 401 graviori
1265 372 1360 400 opere,
1387 364 1496 397 morbo,
1519 363 1716 398 debilitatequc

920 412 1060 445 laborant,
1088 416 1137 439 aut
1161 411 1271 439 tandem
1297 411 1349 438 iter
1364 409 1624 446 proﬁciscentibus;
1646 409 1716 436 alias

919 466 986 486 vero
1016 458 1191 486 solummodo
1221 457 1412 493 accipiendum
1443 464 1531 492 usque
1559 455 1594 483 ad
1629 463 1714 483 unum

920 504 1058 532 mistionis
1075 504 1222 538 haustum,
1247 508 1296 532 aut
1317 504 1351 531 ad
1369 504 1453 537 duos,
1472 502 1544 538 quod
1565 502 1715 537 plurimum

920 556 971 579 est.
985 550 1072 578 Senes
1083 555 1175 578 tamen
1190 550 1264 578 haud
1280 549 1384 578 nescite
1397 550 1445 577 illo
1458 548 1642 576 corroborari.
1658 547 1715 575 Non

920 596 984 630 quia
1005 595 1086 623 velim
1111 603 1161 623 vos
1187 603 1201 622 a
1231 595 1301 623 cibis
1325 594 1493 628 absterrere,
1519 594 1586 622 talia
1607 594 1715 629 loquor,

920 650 938 670 ο
959 641 1023 675 ﬁlii;
1051 646 1232 669 amoveantur
1257 641 1322 674 cibi,
1346 646 1378 669 ut
1401 641 1468 669 dicit
1490 640 1647 676 Apostolus,
1667 640 1715 668 scd

921 687 986 722 quia
1011 694 1059 714 vos
1081 687 1267 714 necessariam
1291 686 1468 715 solummodo
1485 686 1644 713 alimoniam
1666 686 1716 713 ha-

922 732 986 760 bere
1000 733 1134 763 concedo,
1150 732 1291 759 memoria:
1306 735 1405 760 vestrae
1424 730 1627 758 admonitiones
1639 737 1716 757 com-

922 778 1031 806 mendo.
1047 777 1118 805 Volo
1132 785 1182 806 vos
1198 777 1280 806 edere
1300 782 1328 805 et
1342 778 1447 810 bibere,
1465 777 1513 806 sed
1534 777 1668 809 modeste,
1687 781 1717 804 ut

923 824 979 852 Deo
994 824 1092 859 placet,
1107 824 1322 860 salubriterque,
1342 828 1372 851 ut
1386 824 1443 851 vim
1461 831 1564 859 corpus
1577 823 1604 851 in
1621 830 1718 851 neces-

70 867 146 900 δίως,
163 868 212 894 καὶ
224 867 387 903 θεοπρεπῶς
401 867 449 896 καὶ
469 868 622 902 σωστικῶς,
636 869 705 905 πρός
715 878 746 896 τε
756 869 870 905 δύναμιν

924 869 1004 898 sariis
1025 869 1168 897 laboribus
1190 869 1298 897 habeat.
1320 867 1417 896 Nonne
1441 868 1520 896 scitis
1540 868 1592 895 hac
1611 871 1717 902 tempe-

70 913 120 939 τοῦ
149 912 288 947 σώματος,
311 913 358 940 διὰ
385 913 421 940 τὰ
449 913 519 949 πρὸς
545 915 640 950 χρείαν
669 915 870 950 κατεπείγοντα

71 960 153 995 ἔργα.
165 960 201 986 Ἦ
215 959 266 986 οὒκ
277 959 378 993 οἴδατε,
394 960 436 987 ὅτι
451 961 502 996 τῆς
517 961 682 996 ἐγκρατείας
700 962 802 998 ταύτης
823 963 870 990 καὶ

70 1006 287 1041 ἀποστερήσεως
306 1006 362 1033 τῶν
382 1005 430 1033 τοῦ
443 1007 548 1042 κόσμου
567 1007 653 1043 ἡδέων
675 1008 869 1044 κρεωφαγιῶν,

71 1052 121 1078 καὶ
143 1051 316 1084 οίνοποσιῶν,
334 1051 382 1078 καὶ
403 1052 623 1088 λουτρισμάτων,
636 1053 684 1080 καὶ
708 1055 871 1090 ϐερμασμά-

70 1106 138 1129 των,
157 1097 205 1124 καὶ
217 1097 447 1133 καρυκευμάτων,
461 1097 510 1125 καὶ
525 1098 618 1134 ζωμευ
622 1100 716 1135 μάτων
729 1100 872 1135 ἑτοιμάζε-

70 1151 117 1169 ται
130 1143 196 1177 ὑμῖν
209 1143 223 1170 6
237 1143 310 1175 θεῖος
326 1144 431 1175 ἐκεῖνος
445 1144 621 1180 παράδεισος,
637 1145 652 1171 6
664 1144 734 1180 έχων
748 1145 779 1172 τὸ
792 1145 871 1179 ξύλον

70 1189 122 1224 τῆς
140 1189 226 1224 ζωῆς,
241 1188 290 1216 καὶ
303 1189 335 1216 τὸ
350 1189 423 1225 ὕδωρ
434 1190 486 1225 τῆς
501 1190 664 1223 ἀθανασίας,
681 1191 730 1217 καὶ
743 1191 790 1218 τὸν
805 1191 870 1226 γλυ-

71 1234 182 1268 κασμδν
193 1234 242 1261 τοῦ
257 1234 426 1270 πνεύματος,
439 1235 487 1262 καὶ
499 1235 530 1262 τὸ
542 1236 695 1271 ἀμήχανον,
711 1236 758 1263 καὶ
772 1237 871 1272 ἀπερια

71 1280 169 1315 νόητον
184 1280 282 1312 κάλλος
297 1281 347 1316 τῆς
360 1281 490 1317 εὐχροίας
502 1281 558 1308 τῶν
572 1282 699 1318 ἀρρήτως
712 1283 870 1318 ὁρωμέιων,

71 1327 121 1353 καὶ
138 1326 264 1358 ἀθεάτως
277 1326 476 1362 θεωρουμένων
497 1327 615 1355 αίωνίων
635 1328 746 1362 ἀγαθῶν
761 1329 825 1364 ὑμῖν
841 1330 872 1356 τὸ

71 1372 224 1400 ἀπολαύειν
236 1372 285 1399 καὶ
299 1374 406 1409 τρυφᾷν
421 1374 511 1400 ὲκεῖσε
523 1374 702 1409 ταμιεύεταις
713 1374 789 1402 Ἐκεῖ
804 1375 872 1410 φθά-

75 1420 184 1450 ζοντες,
203 1419 263 1445 ἐκεῖ
279 1419 378 1455 μικρὸν
392 1420 455 1446 ὅσον
468 1420 513 1447 διὰ
529 1420 659 1454 Θανάτου,
681 1421 803 1455 φάγεσθε
824 1422 871 1449 καὶ

72 1465 173 1492 πίεσθε
186 1466 346 1501 ἀκορέστως
359 1467 407 1494 καὶ
422 1466 550 1499 αίωνίως.

111 1511 170 1538 Καὶ
187 1512 237 1547 γὰρ
250 1511 378 1544 ἐνταῦθα,
389 1513 474 1540 τέκνα
490 1522 553 1548 μου,
572 1513 620 1541 ἐὰν
636 1514 679 1541 ἐπ’
709 1514 800 1541 αὐτῶν
816 1514 870 1541 τῶν

72 1543 276 1593 βασιλευόντων
298 1543 436 1594 λάϐωμεν,
447 1559 478 1585 οὐ
490 1543 600 1595 -τρυνφὴ,
616 1559 685 1587 ἀλλὰ
701 1559 789 1596 τροφὴ
801 1568 874 1586 σκω-
886 1543 907 1572 c

72 1602 168 1637 λήκων
187 1603 205 1638 ἡ
221 1602 374 1634 ἀπόλαυσις
389 1603 492 1635 αὐτῶν,
505 1604 567 1630 οὐδὲ
580 1605 695 1637 εὐζωτα,
713 1605 782 1632 ἀλλὰ
808 1605 873 1632 δυσ-

73 1647 145 1680 ζωῑα
161 1649 179 1683 ή
193 1648 287 1681 ἄνεσις
303 1649 404 1681 αὐτῶν,
425 1649 485 1676 οὐδὲ
499 1650 584 1686 χαρὰ,
598 1651 667 1678 ἀλλὰ
675 1651 748 1686 λύπη
761 1652 778 1686 ἡ
787 1659 870 1687 χαρο-

73 1695 187 1729 ποίησις
206 1695 307 1728 αὐτῶν,
334 1695 394 1723 οὐδὲ
420 1696 598 1732 κατάσχεσις,
614 1697 683 1723 ἀλλὰ
695 1697 870 1733 ἀπόσχεσιςὴ

73 1741 126 1776 κλη
132 1749 194 1776 ρονο
198 1741 247 1775 μία
255 1741 356 1774 αὐτῶν,
369 1743 417 1769 καὶ
424 1741 508 1774 ὅντως
525 1743 673 1779 ματαιότης
683 1744 872 1779 ματαιοτήτων

73 1789 90 1823 ή
104 1788 268 1823 εὐδαιμονία
283 1788 384 1815 αὐτῶν.
402 1787 495 1821 οὕτως
512 1790 526 1816 6
558 1789 659 1824 μείζων
679 1790 769 1817 αὐτῶν
797 1790 873 1824 βασι-

74 1834 187 1866 λεύσας,
204 1835 253 1861 καὶ
277 1834 333 1861 τῶν
362 1835 449 1871 ἡδέων
477 1835 527 1862 τοῦ
562 1835 666 1871 κόσμου
693 1835 872 1864 ἀπολαύσεων

73 1880 228 1915 προείρηκε
256 1879 393 1915 Σολομὼν.
427 1880 525 1916 Ἔχετε
547 1881 577 1908 δὲ
602 1881 683 1916 ὑμεῖς
713 1882 763 1918 τὴν
789 1881 872 1918 φίλην

73 1925 154 1960 ὑμῶν
168 1925 345 1961 ἐγκράτειαν,
361 1925 412 1962 τὴν
434 1926 552 1960 σύζυγον
582 1927 718 1963 ὑπακοὴν,
748 1927 799 1959 τὰς
824 1928 872 1955 θυ-

73 1974 197 2009 γατέρας
220 1974 269 2001 τοῦ
283 1975 400 2011 Κυρίου,
417 1975 467 2011 τὴν
479 1975 602 2010 ἁγνείαν,
631 1976 681 2010 τὴν
710 1975 871 2010 παρθενίαν,

71 2020 124 2054 τὴν
143 2019 332 2055 ἐλεημοσύνην
343 2039 352 2052 ,
366 2019 416 2053 τὰς
433 2020 508 2056 ἱερὰς
524 2021 658 2054 νεάνιδας,
673 2021 724 2056 τὴν
752 2021 872 2049 κατανυ-

73 2065 127 2098 ειν,
145 2065 197 2101 τὴν
212 2065 388 2093 ταπείνωσιν.
416 2066 599 2102 Ἀναὸλέψατε
614 2068 655 2100 είς
684 2067 730 2094 τὸν
756 2067 873 2103 οὐρανὸν

72 2114 142 2145 ἄνω,
160 2113 208 2140 καὶ
225 2113 295 2140 ἴδετε
315 2113 367 2140 ποῦ
386 2113 404 2149 ἡ
419 2113 546 2141 κατοικία
559 2114 650 2150 ἡμῶν,
665 2114 714 2141 καὶ
730 2114 782 2142 ποῦ
798 2116 815 2150 ὴ
828 2123 873 2141 κε-

73 2159 148 2195 φαλὴ
163 2159 244 2195 ἡμῶν
260 2160 275 2186 6
289 2158 420 2195 Χριστος,
435 2159 483 2186 καὶ
497 2159 512 2186 6
525 2159 615 2192 κοινὸς
629 2159 725 2196 Πατὴρ
750 2160 871 2193 πάντων,

74 2204 169 2252 καὶμὴ
193 2204 373 2252 πόλιςῗημῶν
401 2205 419 2238 ἠ
442 2204 713 2252 ᾄνωᾉΊερουσαλὴμ,
736 2206 753 2241 ἡ
780 2205 873 2241 μήτηρ
890 2225 911 2252 D

74 2249 186 2276 Παύλου
199 2250 249 2277 καὶ
269 2250 386 2286 Πέτρου,
411 2251 459 2278 καὶ
481 2250 535 2278 τῶν
559 2252 620 2278 κατ’
643 2251 744 2283 αὐτοὺς
773 2252 870 2286 ἁγίων.

76 2297 184 2328 Ὄντως
199 2296 248 2324 ἐὰν
262 2297 424 2333 ἐπιμένητε,
447 2297 605 2334 ὲνικήσατε,
620 2298 669 2325 ἐὰν
695 2297 871 2334 διαρκέσητε,

74 2343 299 2378 ὲστεφανώθητε,
320 2343 368 2370 ἐὰν
386 2343 458 2371 οὕτω
477 2343 652 2380 τελειωθῆτε,
680 2344 874 2380 ἀνοιγήσονται

75 2390 142 2424 ὑμῖν
160 2389 188 2415 al.
205 2388 287 2415 πύλαι
301 2389 349 2424 τῆς
368 2389 508 2424 βασιλείας
521 2390 576 2417 τῶν
591 2389 727 2426 οὐρανῶν,
743 2391 793 2417 καὶ
808 2390 871 2417 τότε

77 2444 130 2470 μου
151 2435 358 2471 μνημονεύσετε
371 2435 419 2462 τοῦ
446 2435 563 2469 τάλανος
582 2436 630 2463 καὶ
653 2435 772 2467 ἀσώτου,
805 2435 874 2468 ὅλως

76 2481 209 2517 ὁρῶντες,
226 2481 264 2516 μὴ
282 2482 322 2512 είς
338 2482 430 2516 κρίσιν
445 2481 691 2517 ἀποπεμπόμενοι,
710 2481 780 2508 ἀλλὰ
805 2481 870 2516 δεή-

77 2529 143 2563 θητε
158 2529 207 2554 καὶ
225 2527 295 2562 ὑπὲρ
308 2527 386 2563 ἐμοῦ,
403 2524 426 2554 ὧ
438 2527 521 2554 τέκνα
530 2536 601 2563 μου,
616 2528 659 2554 ἵνα
676 2536 710 2563 με
721 2529 735 2554 6
749 2527 815 2559 Θεὸς
827 2528 876 2554 σὺν

79 2573 144 2606 ὑμῖν
157 2571 302 2604 διασώζων
316 2572 450 2608 διασώσῃ,
465 2572 514 2600 καὶ
536 2572 574 2608 δῷ
586 2572 696 2608 πνεῦμα
727 2572 875 2604 συνέσεως,

78 2620 126 2646 καὶ
142 2619 330 2655 καταρτισμδν
349 2619 450 2654 ψυχῆς,
463 2619 504 2651 είς
519 2618 550 2645 τὸ
566 2618 619 2646 ἀνὰ
634 2619 717 2654 μέσον
732 2618 810 2654 ὑμῶν
820 2618 877 2645 οεο-

77 2666 196 2702 πρεπῶς
210 2665 444 2702 ἀναστρέφεσθαι.
463 2665 557 2692 Ταῦτα
572 2665 622 2701 μὲν
634 2666 664 2693 ἐν
677 2665 716 2700 τῷ
729 2666 798 2697 τέως
811 2665 872 2692 έλα-

78 2712 215 2748 λήσαμεν,
231 2712 328 2739 ἔπειτα
341 2712 390 2739 καὶ
402 2713 416 2739 ὁ
430 2712 583 2748 οίκόνομος,
599 2709 620 2746 ᾧ
634 2711 806 2748 προέγραψα,
833 2711 876 2744 ὲξ-

78 2759 232 2787 ελεύσεται.
244 2759 339 2791 Ὑμεῖς
354 2759 382 2785 δὲ
398 2759 573 2794 εὑρίσκοντές
588 2767 662 2791 τινας
675 2757 875 2794 γραμματοφό-

116 2851 227 2879 ‘Galat.
245 2859 280 2883 ιγ,
298 2851 343 2878 26.

921 915 1013 943 rantia
1030 915 1251 950 abstinentiaque
1264 915 1389 942 laetarum
1404 921 1466 949 quae
1480 915 1549 941 liunt
1569 913 1596 940 in
1613 912 1717 941 mundo

921 961 1015 991 carnis
1051 962 1306 994 comessationum,
1331 961 1388 988 vini
1421 961 1579 996 potionum,
1605 959 1717 987 balneo-

921 1018 997 1044 rum,
1018 1010 1218 1042 caldariorum,
1237 1008 1440 1044 exquisitorum
1456 1008 1595 1039 ciborum,
1619 1007 1717 1034 condi-

921 1061 1135 1091 mentorumque
1148 1055 1240 1090 parari
1257 1055 1337 1082 vobis
1358 1054 1483 1082 divinum
1499 1054 1668 1089 paradisum,
1688 1052 1716 1079 in

921 1111 977 1140 quo
1001 1103 1109 1138 signum
1141 1101 1215 1135 vitaz,
1241 1108 1312 1136 aqua
1344 1100 1573 1130 immortalitatis,
1600 1097 1717 1126 dulcedo

923 1149 1050 1186 spiritus.
1063 1153 1091 1176 et
1107 1146 1313 1182 pulcherrimus
1329 1153 1419 1181 neque
1435 1149 1495 1172 arte
1507 1151 1596 1179 neque
1611 1143 1718 1179 cogita-

924 1194 999 1221 tione
1009 1191 1210 1227 concipiendus
1220 1190 1296 1218 color
1307 1195 1475 1217 aeternorum
1490 1189 1626 1216 bonorum
1642 1195 1715 1222 qum,

922 1244 1069 1276 postquam
1084 1237 1143 1265 visa
1159 1236 1401 1270 contemplataque
1417 1234 1485 1266 sint,
1500 1241 1588 1268 neque
1603 1233 1713 1260 narrari

923 1292 1013 1321 neque
1030 1283 1103 1319 pingi
1122 1285 1256 1318 possunt;
1271 1281 1406 1317 vobisque
1419 1277 1579 1308 deliciosam
1593 1279 1716 1307 omnium

923 1333 1024 1360 harum
1041 1330 1200 1358 divitiarum
1216 1329 1378 1356 fruitionem
1404 1328 1552 1356 reservari.
1571 1327 1718 1354 Sustinen-

923 1383 963 1406 tes
987 1376 1032 1404 hic
1061 1375 1214 1410 paululum,
1245 1380 1380 1410 quantum
1413 1381 1501 1409 usque
1527 1373 1560 1400 ad
1589 1376 1716 1405 mortem,

923 1422 1114 1452 insatiabiliter
1130 1426 1318 1458 :eternumque
1335 1420 1540 1448 manducabitis
1562 1423 1590 1447 et
1606 1419 1716 1447 bibetis.

961 1512 1066 1540 Etenim
1092 1511 1148 1542 hic,
1175 1510 1223 1538 ﬁlii
1253 1509 1318 1543 mei,
1342 1509 1364 1538 si
1388 1501 1512 1545 abipsis
1538 1509 1649 1545 regibus
1666 1516 1717 1537 au-

924 1559 1053 1591 diamus,
1085 1564 1182 1585 eorum
1218 1564 1273 1584 non
1302 1555 1408 1584 deliciae
1437 1555 1485 1584 sed
1515 1555 1716 1583 lumbricorum

925 1604 1040 1632 nutritio
1062 1603 1190 1639 voluptas
1211 1607 1269 1635 est,
1296 1609 1352 1629 non
1378 1601 1444 1629 felix
1471 1602 1519 1630 sed
1545 1600 1639 1629 infelix
1663 1602 1716 1629 vita

925 1650 1065 1682 mollities,
1089 1657 1144 1676 non
1173 1648 1267 1676 laetitia
1298 1648 1345 1676 sed
1375 1647 1466 1675 luctus
1495 1647 1637 1683 gaudium,
1663 1655 1716 1674 non

925 1697 1071 1732 occupatio
1095 1697 1141 1724 sed
1160 1695 1285 1731 expulsio
1305 1695 1463 1728 haereditas,
1486 1700 1514 1723 et
1533 1702 1597 1722 vere
1611 1693 1718 1721 vanitas

925 1742 1080 1769 vanitatqu
1095 1741 1221 1769 felicitas.
1238 1739 1284 1768 Sic
1299 1739 1351 1768 iste
1371 1740 1419 1775 qui
1437 1740 1557 1767 maxima
1575 1746 1638 1767 cum
1657 1738 1717 1774 glo-

926 1789 967 1817 ria
984 1788 1116 1824 regnavit,
1135 1788 1279 1820 Salomon,
1302 1787 1337 1815 de
1359 1786 1530 1814 dulcissimis
1555 1785 1652 1813 mundi
1666 1792 1717 1813 vo-

925 1834 1077 1870 luptatibus
1091 1833 1200 1862 locutus
1218 1837 1272 1861 est.
1287 1831 1342 1860 Vos
1357 1836 1450 1860 autem
1469 1831 1584 1858 retinete
1597 1833 1718 1858 vestram

925 1880 1135 1916 temperantiam
1155 1884 1183 1906 et
1205 1878 1313 1906 ﬁdelem
1333 1876 1530 1910 obedientiam,
1551 1874 1660 1902 Domini
1688 1874 1720 1901 ﬁ-

925 1927 989 1960 lias,
1012 1933 1162 1961 sacrasque
1180 1925 1301 1960 virgines
1313 1923 1470 1958 puritatem,
1482 1922 1637 1950 castitatem
1645 1921 1718 1949 elec-

926 1978 1145 2008 mosynamque,
1180 1969 1422 2005 compunctionem
1458 1971 1486 1994 et
1522 1966 1716 1993 humilitatem.

927 2018 1044 2046 Sursum
1069 2020 1191 2052 spectate
1214 2015 1248 2043 ad
1268 2014 1380 2046 coelum,
1403 2018 1430 2041 et
1444 2012 1536 2040 videte
1557 2012 1602 2040 ubi
1625 2017 1719 2039 nostra

927 2064 1077 2097 habitatio,
1107 2063 1154 2090 ubi
1178 2065 1305 2090 nostrum
1332 2064 1415 2094 caput
1437 2063 1465 2087 et
1490 2058 1569 2086 Pater
1594 2057 1718 2086 omnium

926 2110 1066 2142 Christus,
1095 2108 1142 2136 ubi
1169 2111 1264 2135 nostra
1287 2106 1384 2134 civitas
1406 2104 1558 2133 Jerusalem
1588 2103 1720 2135 calcatis,

927 2161 1015 2184 mater
1029 2155 1102 2183 Petri
1127 2159 1155 2182 et
1178 2153 1256 2181 Pauli
1281 2157 1309 2180 ct
1325 2152 1514 2188 proximorum
1536 2150 1590 2178 illis
1611 2153 1720 2178 sancto-

928 2202 1024 2230 rum‘.
1060 2201 1089 2229 Si
1123 2199 1301 2231 restiteritis,
1336 2197 1475 2231 vincetis;
1506 2197 1530 2224 si
1559 2203 1719 2232 persevera-

926 2244 1259 2279 veritis,coronabimini;
1270 2245 1292 2272 si
1307 2243 1419 2279 perfecti
1434 2243 1552 2275 fueritis,
1562 2242 1720 2277 aperientur

925 2295 1005 2323 vobis
1022 2294 1099 2329 regni
1117 2292 1251 2321 calorum
1273 2295 1369 2327 portas.
1396 2289 1429 2317 Et
1458 2294 1515 2318 tum
1541 2290 1604 2321 mei,
1626 2288 1718 2316 miseri

926 2342 1068 2376 saluteque
1080 2338 1196 2374 indigni,
1206 2336 1400 2368 recordamini,
1412 2334 1720 2370 accuratcprovidentcs

927 2395 962 2414 ne
982 2387 1009 2413 in
1027 2385 1158 2421 iudicium
1181 2384 1233 2411 sim
1249 2382 1408 2410 mittendus.
1430 2381 1584 2409 Precamini
1597 2388 1646 2416 pro
1665 2387 1719 2412 mc,

927 2441 944 2461 ο
959 2432 1019 2465 ﬁlii,
1038 2437 1068 2459 ut
1084 2430 1157 2458 Deus
1169 2429 1313 2458 vobiscum
1326 2428 1413 2456 salvet
1428 2435 1483 2462 me,
1497 2427 1624 2463 spiritum
1641 2427 1721 2454 intel-

924 2478 1045 2514 ligentiae
1066 2477 1222 2511 animatque
1237 2474 1467 2502 instaurationem
1487 2473 1630 2506 concedat,
1647 2477 1674 2500 et
1690 2471 1718 2499 in

924 2525 1046 2553 medium
1078 2523 1163 2551 vcstri
1190 2529 1223 2549 ex
1252 2521 1328 2548 illius
1352 2520 1494 2548 voluntate
1522 2519 1643 2547 redeam.
1665 2517 1718 2546 ista

927 2571 1022 2599 eadem
1049 2573 1130 2597 antea
1157 2568 1232 2601 dixi;
1262 2567 1334 2602 (qua
1356 2567 1447 2594 ferens
1469 2565 1504 2593 ad
1538 2566 1610 2601 vos),
1626 2570 1718 2600 postea

929 2622 1102 2648 moonomus,
1123 2613 1167 2641 cui
1183 2612 1284 2647 scripta
1303 2611 1376 2643 dedi,
1393 2611 1488 2639 abibit.
1507 2609 1565 2638 Vos
1576 2614 1680 2643 autem,
1696 2609 1718 2637 si

927 2662 1061 2699 quosdam
1075 2659 1220 2688 inveniatis
1239 2658 1272 2686 ad
1289 2658 1393 2686 litteras
1408 2656 1567 2689 mittendas,
1582 2663 1637 2683 non
1652 2656 1720 2684 abs-

930 2710 1013 2738 tinctc
1033 2707 1099 2744 quin
1114 2707 1181 2734 mihi
1202 2705 1336 2734 nuntietis
1356 2704 1495 2740 quomodo
1514 2711 1544 2731 se
1561 2711 1605 2731 res
1619 2707 1717 2730 vestra

933 2756 1061 2784 habcant.
1080 2753 1252 2786 Contendilc,
1270 2752 1316 2780 ﬁlii
1336 2751 1398 2785 mei,
1422 2751 1455 2779 ad
1472 2749 1608 2778 manualia
1624 2755 1712 2784 opera,
