1921 3073
108 125 165 157 693

538 126 681 156 ORATIO
699 127 741 157 ll.
760 139 795 145 -
814 126 854 156 IN
877 125 1152 168 ADORATIONEM
1169 125 1315 156 CRUCIS.

1692 118 1745 151 θςιι

109 184 206 219 ὥσπερ
222 183 351 218 βασιλεὺς
367 184 413 211 ἐπὶ
424 184 587 220 τεθρίππου,
601 185 646 212 τδν
655 185 686 212 τὸ
697 193 800 221 κρατος
808 185 905 219 ἔχοντα

961 183 984 211 in
999 184 1181 219 quadrigam,
1209 183 1378 215 ascendens,
1401 181 1559 215 diabolum,
1581 180 1628 215 qui
1650 187 1747 208 morus

108 230 159 258 τοῦ
175 230 292 257 θανάτου
317 230 364 257 τὸν
388 231 513 258 διάϐολον
529 231 642 264 ὤλεσεν,
671 231 831 264 ἀπαλλάξας
857 231 908 264 τῆς

109 275 158 303 τοῦ
179 275 313 311 τυράννου
328 276 451 308 δουλείας
469 276 500 304 τὺ
517 276 690 312 ἀνθρώπινον
707 277 787 311 γένος
799 285 805 292 ·
825 276 906 310 ξύλον

110 323 213 355 ἐκεῖνο,
231 324 261 350 ἐν
274 319 296 357 ᾧ
307 324 322 349 6
340 322 480 358 Δεσπότης
496 323 624 358 καθάπερ
638 324 767 359 ἀριστεὺς
791 323 908 358 πληγεὶς

111 369 142 395 ἒν
154 368 279 404 πολέμῳ.
293 369 389 404 χεῖράς
402 377 432 395 τε
453 369 500 396 καὶ
514 369 598 401 πόδας
614 369 664 396 σὺν
679 369 784 404 πλευρᾷ
795 369 828 403 τῇ
848 368 908 395 θεο-

113 413 210 449 σώμῳ,
238 414 334 441 ἰάσατο
363 414 506 448 μωλώπων
526 414 683 450 ἁμαρτίας”,
705 415 756 451 τὴν
781 414 834 441 ὑπὸ
860 413 908 441 τοῦ

114 458 235 494 πονηροῦ
260 459 408 494 δράκοντος
427 459 680 495 τραυματισθεῖσαν
710 459 790 495 ἡμῶν
811 460 907 494 φύσιν

114 505 163 532 καὶ
178 506 204 531 εἰ
220 505 262 532 δεῖ
277 505 436 541 προσθεῖναι
450 506 496 532 τὸν
519 505 614 541 ὕμνον,
631 505 711 539 ξύλον
726 506 825 540 ἐκεῖνο,
842 506 871 532 ἐν
885 501 908 540 ᾧ

113 550 144 576 τδ
161 550 330 577 Aea-mttbe
355 551 418 586 ῥυὲν
433 548 516 586 αἷμα,
535 551 624 587 ἐνίησι
651 551 768 587 δύναμιν
793 551 906 586 ἀμαχω-

114 595 211 629 τάτην,
226 595 272 630 ὑφ’
287 593 322 631 ἦς
341 595 487 631 φλέγονται
507 596 646 632 δαίμονες,
661 596 710 624 καὶ
725 597 829 632 κόσμος
852 605 908 631 φω-

113 639 232 672 τίζεται.

150 687 201 719 Τίς
223 687 317 714 λοιπδν
333 687 364 714 οὐ
387 688 607 723 προσδραμείται
622 688 795 724 προσϐλέψαι
818 688 848 714 τὸ
863 697 909 715 πο-

114 732 246 760 λύευκτον
264 733 374 768 θέαμα;
390 733 431 765 τίς
444 734 494 760 οὐκ
510 733 677 769 ἐπιθυμήσει
689 733 908 770 περιπτύξασθαι

113 779 146 805 τὸ
168 779 314 805 θεόπλοχον
341 779 436 814 ἔρνοςς
461 779 586 812 ’Ἣκετε,
617 779 798 815 ἅθροίσθητε,
823 780 907 806 πᾶσαι

114 823 198 858 φυλαὶ
221 824 268 850 καὶ
286 823 430 858 γλῶσσαι,
449 825 504 851 πᾶν
526 825 604 858 γένος
628 825 676 851 καὶ
702 826 777 851 πᾶσα
801 824 906 860 ἡλικία,

114 871 170 896 πᾶν
184 870 293 904 ἀξίωμα
313 872 360 897 καὶ
380 871 435 897 πᾶν
459 871 620 906 πολίτευμα,
637 871 698 897 ὅσον
720 871 858 906 ἱερατικόν
875 879 906 896 τε

114 917 162 942 καὶ
179 915 328 950 βασίλειον,
349 916 434 951 ἄρχον
454 925 484 943 τε
516 917 563 944 καὶ
580 917 741 952 ἀρχόμενον.
775 917 908 951 Ἐπείπερ

113 961 242 996 θεοτελὴς
269 962 287 996 ἡ
314 963 487 997 πανήγυρις,
516 962 624 989 δοκοῦσί
652 971 697 997 μοι
721 962 768 988 καὶ
796 962 908 996 ἄγγελοι

114 1006 274 1041 περιχαρῶς
299 1007 455 1041 ὑπαντῆσαι
468 1009 501 1043 τῇ
519 1008 672 1043 πανηγύρει
686 1029 692 1040 ,
718 1008 862 1035 ἀπόστολοι
877 1016 907 1034 τε

111 1052 287 1087 ὁμοθυμαδὸν
303 1052 492 1088 συγχορεύειν,
516 1054 666 1089 προφητῶν
681 1053 786 1087 ὅμιλος,
802 1052 907 1089 μαρτύ-

113 1106 170 1133 ρων
200 1098 305 1133 στίφος,
325 1098 439 1125 δικαίων
466 1098 595 1126 ἁπάντων
617 1099 765 1134 ὁμήγυρις,
791 1096 826 1134 ᾯ
853 1099 907 1135 γὰρ

110 1143 237 1178 τροπαίῳ
259 1144 484 1179 χριστομιμήτως
514 1144 682 1179 κατίσχυσαν
706 1145 756 1180 τῆς
783 1145 907 1171 ἀντικει-

112 1188 199 1224 μένης
219 1189 362 1224 δυνάμεως
374 1209 382 1221 ,
401 1189 478 1221 κλέος
503 1190 630 1225 οὐράνιον
656 1189 906 1224 καταστεψάμενοι,

111 1234 172 1265 πῶς
189 1235 227 1270 μὴ
241 1235 302 1269 οὐχὶ
323 1235 371 1261 καὶ
385 1235 432 1261 ἐπὶ
453 1236 486 1270 τῇ
505 1235 602 1262 τούτου
623 1236 759 1271 ὲμφανείᾳ.
775 1235 907 1271 πρόσεστι

112 1281 376 1316 συνευφραίνεσθαις
393 1281 508 1308 Δοκοῦσι
527 1290 572 1316 μοι
600 1282 647 1308 καὶ
677 1279 777 1308 οἷστισι
800 1281 838 1317 μὴ
863 1282 908 1308 al-

111 1325 221 1361 σθησις,
237 1325 400 1361 συνήδεσθαι
419 1326 490 1361 τάχα
501 1333 508 1340 ·
525 1327 571 1362 γῆ,
591 1327 674 1361 φημὶ,
689 1327 705 1362 ή
721 1326 768 1353 τὸν
784 1325 907 1354 τοιοῦτον

111 1371 221 1407 καρπὸν
234 1369 279 1398 οἶα
295 1373 387 1408 μήτηρ
401 1373 433 1399 ὲκ
454 1372 576 1406 λαγόνων
599 1372 747 1399 δεδωκυῖα¹
769 1372 860 1399 πάντα
873 1372 909 1399 τὰ

112 1417 182 1450 ξύλα
192 1417 240 1444 τοῦ
254 1417 359 1453 δρυμοῦ
375 1418 412 1450 ὡς
429 1418 574 1454 ὁμωνυμίᾳ
587 1418 731 1453 τιμώμενα
744 1426 752 1434 ·
767 1418 782 1444 6
795 1417 909 1452 ἀειλαμ-

112 1463 169 1500 πὴς
193 1464 280 1499 ἥλιος,
305 1464 405 1500 σελήνη
422 1465 439 1500 ὴ
459 1464 630 1499 πολύφωτος,
646 1465 762 1500 ἀστέρες
784 1465 809 1491 οἱ
838 1472 910 1500 μαρ-

114 1510 271 1546 μαίροντες,
287 1509 370 1542 αὐτὸς
381 1511 395 1537 6
408 1510 522 1546 οὐρανὸς
536 1511 550 1537 ὁ
565 1510 653 1546 μέγας
665 1507 744 1542 οὗτος
759 1511 807 1538 καὶ
826 1509 908 1537 πολύ-
921 1523 945 1555 c

113 1564 248 1592 στροφος·
268 1556 386 1593 ἐπείπερ
401 1558 478 1584 πᾶσα
488 1558 505 1593 ὴ
519 1557 563 1585 διὰ
577 1557 624 1584 τοῦ
640 1557 790 1593 σταυρικοῠ
803 1557 908 1589 πάθους

112 1601 184 1637 πρὸς
196 1601 228 1628 τὸ
238 1603 365 1638 κρεῖττον
378 1602 504 1638 ἀμειψις.

111 1654 223 1676 vastum
247 1649 315 1677 illud
332 1650 538 1686 multarumque
569 1651 785 1679 conversionum
820 1659 944 1687 corpus;

113 1696 233 1724 mutatio
248 1699 394 1732 processit.

155 1744 370 1780 ’Λνακρουσάτω
392 1745 538 1781 τοιγαροῦν
554 1745 638 1772 Δασὶδ
653 1745 704 1781 τὴν
719 1745 910 1782 πνευματικὴν

114 1791 244 1826 κιθάραν,
262 1792 334 1827 ᾄδων
353 1793 446 1819 ἐκεῖνα
470 1793 673 1828 εὐκαιρότατα⁵
700 1793 830 1828 ’Υψοῦτε
851 1794 910 1821 Κύ-

110 1845 183 1870 ριον
194 1836 248 1863 τὸν
262 1837 338 1864 Θεὸν
349 1837 434 1872 ἡμῶν
448 1838 500 1864 και
515 1837 718 1872 προσκυνεῖτε
738 1838 778 1870 τῷ
795 1840 911 1866 ὑποπο-

114 1880 170 1914 δίῳ
187 1880 247 1908 τῶν
271 1881 372 1909 ποδῶν
387 1882 493 1913 αὑτοῦ,
512 1882 558 1909 ὃτι
574 1882 657 1917 ᾱγιός
674 1882 750 1909 ἐστι.
768 1883 911 1918 Συναδέτω

114 1927 165 1952 καὶ
192 1926 322 1962 Σολομὼν
346 1928 361 1954 6
388 1928 471 1964 σοφίᾳ
497 1928 722 1963 ἀνυπέρϐλητος·
748 1928 911 1963 Εὐλογεῖτε

114 1972 215 2004 ξύλον
230 1974 268 2000 δι’
281 1972 318 2002 οὗ
333 1975 447 2009 Tir-stat
461 1975 603 2009 σωτηρία.
625 1975 750 2011 Σήμερον
764 1975 910 2010 τοιγαροῦν

113 2019 133 2054 ἡ
149 2018 301 2054 Ἐκκλησία
316 2017 408 2046 ὦπται
429 2020 605 2054 παράδεισος,
621 2020 652 2047 τὸ
674 2020 753 2053 ξύλον
773 2021 823 2056 τῆς
837 2021 910 2056 ζωῆς

114 2066 146 2092 ὲν
160 2065 238 2100 μέσῳ
258 2066 446 2101 προφέρουσα,
462 2067 504 2101 ἐφ’
529 2063 551 2100 ᾦ
576 2066 627 2093 οὐκ
649 2066 787 2103 ἀπατηλὸς
805 2067 911 2102 δαίμων

114 2111 232 2139 ἀπατῶν
245 2121 296 2138 που
313 2113 362 2149 τὴν
380 2112 464 2145 Εὔαν,
478 2112 536 2140 ἀλλ’
548 2113 665 2148 ἄγγελος
685 2114 790 2150 Κυρίου
808 2123 910 2141 παντο-

116 2157 252 2193 κράτορος
266 2157 407 2194 περιέπων
419 2159 466 2185 τδν
484 2158 679 2194 ἐπερχόμενον.
690 2159 815 2195 Σήμερον
828 2168 910 2196 προσ-

115 2203 241 2229 κυνεῖται
263 2203 379 2239 σταυρὸς
394 2205 409 2230 6
432 2204 576 2238 πανὰγιος,
593 2205 642 2232 καὶ
661 2205 678 2240 ἡ
703 2204 825 2240 Χριστοῦ
843 2206 909 2233 ἀνά-

116 2257 214 2280 στασις
237 2249 454 2283 εὐαγγελίζεται.
472 2250 596 2286 Σήμερον
620 2252 815 2286 προσκυνεῖται
831 2250 910 2283 ξύλον

113 2295 147 2322 τὸ
159 2295 348 2331 ζωπάροχον,
366 2297 414 2323 καὶ
436 2297 451 2322 6
476 2296 579 2332 κόσμος
604 2296 665 2328 ὅλος
690 2296 910 2332 ἀναζωπυρεῖται

115 2335 186 2377 πρὸς
214 2342 329 2370 αῐνεσιν.
357 2344 482 2378 Σήμερον
516 2345 710 2379 προσκυνεῖται
739 2343 753 2369 ὁ
774 2343 910 2379 τριμερὴς

959 230 1107 265 potentiam
1121 229 1248 261 habebat,
1262 228 1390 264 perdidit,
1403 228 1609 262 humanumque
1619 234 1704 262 genus
1714 234 1747 254 ex

959 275 1067 311 tyranni
1081 275 1212 303 servitute
1231 274 1390 302 vindicavit.
1411 273 1528 309 Lignum
1549 272 1633 304 illud,
1650 272 1676 299 in
1693 279 1748 307 quo

958 322 1092 350 Dominus
1105 342 1112 354 ,
1137 326 1267 356 tanquam
1284 319 1527 355 praestantissimus
1546 322 1683 354 pugnator
1695 338 1703 352 ,
1719 318 1746 345 in

958 368 1052 403 praelio
1071 367 1200 395 manibus
1211 388 1218 400 ,
1235 367 1351 402 pedibus
1362 387 1369 399 ,
1392 366 1540 400 divinoque
1556 365 1639 392 latere
1652 364 1748 392 vulne-

958 419 1035 441 ratus
1050 434 1058 446 ,
1084 413 1155 441 male
1176 413 1312 441 factorum
1340 413 1443 440 vibices
1463 411 1589 443 curavit,
1621 415 1746 438 naturam

958 460 1085 488 videlicet
1100 465 1223 488 nostram
1242 467 1257 486 a
1271 459 1428 494 pernicioso
1444 458 1565 485 dracone
1580 456 1746 490 sauciatam;

958 511 986 534 ct
998 511 1028 534 ut
1042 506 1144 542 aliquid
1156 513 1189 533 ex
1205 505 1306 541 hymno
1320 504 1462 532 desumam
1476 523 1484 536 ,
1503 503 1606 538 lignum
1618 502 1684 529 illud
1694 523 1702 534 ,
1720 501 1747 528 in

959 560 1015 588 quo
1051 551 1211 579 Dominicns
1247 551 1359 585 sanguis
1397 550 1503 577 slillans
1538 547 1747 584 insuperabileni

958 599 1086 626 virtutem
1099 597 1224 629 instillat,
1234 604 1288 632 qua
1307 597 1444 624 daemones
1455 599 1582 628 uruntur,
1593 598 1621 622 et
1631 594 1749 622 mundus

958 644 1121 671 illustratur.

993 687 1062 721 Quis
1086 688 1121 715 dc
1145 692 1244 714 caetero
1267 694 1321 714 non
1337 689 1481 717 accurret,
1507 689 1539 713 ut
1557 684 1610 712 hoc
1635 688 1749 719 exopta-

958 733 1095 762 tissimum
1118 733 1306 768 spectaculum
1333 733 1473 760 intueatur
1486 732 1499 759 .9
1522 730 1591 764 Quis
1604 738 1658 757 non
1675 730 1748 757 desi-

959 779 1067 807 derabit
1082 779 1193 807 caeleste
1223 779 1274 806 hoc
1299 786 1409 812 germen
1440 777 1597 812 amplecti?
1626 775 1723 803 Venite
1740 796 1748 809 ,

960 825 1174 860 congregamini,
1190 831 1286 852 omnes
1302 824 1389 851 tribus
1401 827 1428 850 et
1441 823 1548 858 lingum,
1566 822 1656 850 omnis
1670 830 1747 857 gens,

959 875 986 898 ct
1000 870 1090 898 omnis
1103 875 1168 897 aetas
1179 890 1187 902 ,
1204 870 1294 897 omnis
1309 869 1428 905 dignitas
1441 889 1449 902 ,
1469 869 1559 896 omnis
1573 872 1661 895 status
1674 887 1682 899 ,
1700 875 1748 894 seu

959 916 1135 944 sacerdotalis
1149 936 1156 948 ,
1175 923 1223 942 seu
1243 916 1341 950 regalis
1356 935 1364 947 ,
1383 923 1431 942 seu
1446 915 1584 948 imperans
1596 933 1603 945 ,
1619 921 1667 941 seu
1683 914 1748 940 sub-

958 962 1042 990 ditus.
1068 962 1136 989 Cum
1153 969 1167 988 a
1182 961 1237 988 Deo
1254 961 1351 989 concio
1367 961 1425 988 hate.
1439 965 1466 987 et
1485 960 1630 995 panegyris
1651 964 1748 986 coacta

959 1008 1012 1039 sit,
1040 1007 1132 1035 videor
1150 1007 1217 1034 mihi
1243 1006 1335 1033 videre
1357 1006 1469 1040 angelos
1492 1005 1563 1032 laetis
1576 1004 1698 1031 vultibus
1715 1003 1749 1029 ad

958 1054 1034 1081 hunc
1055 1058 1219 1080 conventum
1237 1059 1438 1087 approperare,
1465 1050 1659 1085 apostolmque
1682 1055 1750 1076 con-

959 1099 1090 1127 cordibus
1123 1098 1224 1126 animis
1251 1098 1394 1129 conas-tari,
1423 1097 1579 1132 gaudioque
1614 1095 1747 1127 exsilire;

957 1145 1084 1174 similiter
1116 1149 1144 1172 et
1170 1144 1363 1180 prophetarum
1388 1148 1510 1173 cwtum,
1545 1147 1573 1169 et
1599 1146 1748 1176 martyrum

960 1191 1079 1223 turbam,
1096 1190 1277 1226 omniumque
1290 1190 1428 1225 justorum
1444 1188 1659 1216 multitudinem.
1671 1187 1748 1219 Quo-

960 1236 1041 1263 modo
1052 1236 1125 1263 enim
1144 1235 1202 1262 ﬁeri
1222 1239 1312 1270 potest
1330 1239 1360 1262 ut
1372 1234 1531 1262 ostensione
1545 1233 1605 1268 ejus
1622 1231 1748 1266 trophwi,

959 1282 1058 1318 gaudio
1082 1289 1137 1308 non
1171 1281 1378 1316 compleantur.
1408 1288 1474 1316 quo,
1503 1280 1536 1307 ad
1567 1279 1748 1307 imitationem

959 1327 1073 1360 Christi,
1093 1327 1264 1354 adversarias
1278 1331 1428 1362 potestates
1439 1326 1620 1358 devicerunt,
1646 1324 1750 1352 cmlesti

959 1373 1046 1408 gloria
1070 1373 1214 1401 redimiti?
1235 1373 1369 1400 Videntur
1396 1372 1463 1400 mihi
1481 1377 1509 1400 et
1529 1372 1574 1399 illa
1593 1379 1655 1407 quae
1669 1379 1750 1399 sensu

959 1422 1073 1452 carent,
1095 1419 1244 1454 voluptatis
1267 1426 1378 1454 quoque
1400 1426 1512 1446 sensum
1537 1418 1658 1453 aliquem
1684 1425 1749 1452 per-

959 1464 1050 1499 cipere
1064 1485 1072 1498 ,
1098 1469 1170 1492 terra
1185 1484 1193 1497 ,
1213 1464 1326 1500 inquam
1340 1483 1348 1497 .
1373 1472 1435 1499 (ισοξ
1454 1464 1575 1491 fructum
1589 1463 1662 1491 hunc
1679 1463 1753 1491 velut

960 1515 1047 1538 mater
1060 1518 1092 1539 ex
1108 1516 1188 1539 utero
1209 1511 1343 1546 protulit,
1368 1510 1461 1538 omnia
1478 1510 1551 1545 ligna
1568 1510 1702 1538 silvarum
1716 1509 1753 1537 ob

961 1557 1154 1593 cognationem
1181 1557 1336 1590 honorata,
1364 1556 1404 1584 sol
1430 1557 1564 1592 perpetim
1584 1555 1751 1591 splendens,

960 1604 1026 1632 luna
1051 1603 1172 1635 lucillua,
1204 1603 1290 1631 stellae
1318 1603 1476 1635 rutilantes,
1506 1603 1598 1638 ipsum
1626 1601 1751 1633 cadum,

961 1652 1026 1688 quia
1044 1659 1078 1679 ex
1109 1651 1237 1687 passione
1255 1650 1355 1683 ,crucis
1379 1649 1470 1678 omnis
1503 1649 1531 1677 in
1562 1647 1661 1676 melius
1674 1655 1751 1675 com-

997 1747 1132 1781 Quocirca
1143 1747 1227 1775 David
1236 1746 1406 1781 spiritualem
1415 1753 1493 1774 suam
1505 1745 1640 1774 citharam
1653 1745 1752 1781 pulset,

962 1795 1110 1822 admodum
1143 1799 1298 1829 opportune
1333 1793 1379 1821 illa
1416 1793 1592 1821 concinens:
1626 1791 1753 1819 Exaltate

962 1837 1105 1865 Dominum
1133 1837 1219 1865 Deum
1246 1842 1368 1865 nostrum
1384 1857 1392 1870 ,
1421 1841 1446 1865 et
1469 1837 1580 1865 adorat:
1608 1837 1753 1864 scabellum

961 1884 1056 1918 pedum
1085 1885 1165 1919 ejus,
1192 1884 1319 1919 quoniam
1349 1888 1459 1912 sanctus
1480 1888 1518 1911 est
1545 1884 1566 1911 ί.
1589 1884 1705 1911 Accinat
1727 1889 1754 1911 et

962 1930 1183 1966 sapientissimus
1203 1929 1334 1957 Salomon
1362 1938 1369 1956 :
1395 1928 1548 1956 Benedicite
1563 1929 1683 1965 lignum,
1708 1936 1754 1963 per

961 1974 1031 2010 quod
1053 1974 1084 2009 ﬁt
1110 1975 1219 2003 δαίων.
1241 1975 1391 2010 Eapropter
1418 1975 1499 2003 hodie
1529 1974 1659 2002 Ecclesiae
1674 1982 1754 2010 para—

960 2020 1037 2048 disus
1053 2028 1114 2048 esse
1130 2021 1247 2053 videtur,
1258 2021 1361 2055 lignum
1372 2021 1435 2048 vitae
1452 2021 1480 2048 in
1492 2020 1582 2048 medio
1597 2019 1751 2056 proferens.

961 2067 988 2094 in
1014 2074 1070 2101 quo
1097 2066 1225 2101 deceptor
1247 2065 1354 2093 daemon
1391 2073 1447 2093 non
1478 2065 1588 2099 residet,
1612 2065 1696 2093 Evam
1725 2066 1751 2092 in

960 2111 1086 2139 fraudem
1113 2111 1276 2146 impellens,
1305 2111 1352 2139 sed
1388 2111 1501 2146 angelus
1527 2111 1633 2138 Domini
1660 2111 1751 2138 omni-

961 2158 1081 2193 potentis
1091 2158 1138 2194 qui
1153 2157 1332 2193 prodeuntem
1344 2164 1453 2185 crucem
1468 2157 1608 2185 defensam
1629 2161 1750 2192 praestat.

960 2204 1048 2233 Hodie
1064 2212 1131 2232 crux
1158 2203 1332 2233 sanctissima
1354 2204 1501 2238 adorator,
1529 2208 1556 2231 et
1585 2203 1752 2231 resurrectio

959 2252 1061 2280 Christi
1075 2251 1264 2279 annuntiatur.
1292 2250 1379 2278 Hodie
1393 2251 1522 2278 adoratur
1549 2250 1652 2285 lignum
1677 2249 1751 2284 quod

960 2297 1045 2325 vitam
1071 2297 1250 2332 suppeditat,
1286 2300 1418 2334 totusque
1446 2296 1566 2324 mundus
1589 2296 1622 2323 ad
1656 2296 1751 2323 laudes

960 2341 1155 2369 exsuscitatur.
1180 2341 1268 2370 Hodie
1289 2342 1423 2377 tripartita
1453 2349 1522 2369 crux
1549 2342 1699 2374 adoratur,
1724 2345 1751 2368 et

116 2387 247 2422 σταυρὸς,
262 2388 309 2414 καὶ
324 2387 359 2414 τὰ
380 2388 573 2424 τετραπέρατα
592 2389 718 2424 ἑορτάζει
734 2389 905 2424 χαρμόσυνα.

961 2392 1078 2423 quatuor
1090 2388 1157 2416 ﬁnes
1166 2388 1241 2416 orbis
1253 2388 1323 2416 diem
1341 2388 1439 2415 festum
1452 2387 1551 2416 ltetitia:
1561 2387 1751 2423 plenissimum

121 2433 172 2466 Ὧς
185 2433 296 2468 ὡραῖοι,
314 2434 407 2469 φησὶν,
423 2436 451 2461 οἱ
461 2435 553 2468 πόδες
564 2434 624 2462 τῶν
638 2434 910 2470 εὐαγγελιζομένων

115 2479 254 2513 ειρήνην,
268 2478 329 2506 τῶν
344 2479 617 2515 εὐαγγελιζομένων
633 2480 669 2507 τὰ
682 2480 802 2515 ἀγαθά]
827 2480 911 2507 Ἀλλὰ

115 2524 172 2560 γὰρ
201 2525 333 2560 μακάριοι
350 2525 397 2552 καὶ
426 2526 452 2552 οἱ
482 2525 628 2562 ὀφθαλμοὶ,
646 2526 754 2561 εἴποιμι
782 2526 827 2560 ἂν,
856 2526 910 2554 τῶν

117 2570 275 2605 βλεπόντων
290 2571 320 2597 τὸ
333 2571 383 2606 τῆς
395 2572 509 2607 εἰρήνης
523 2572 571 2599 τοῦ
589 2572 690 2604 παντὸς
701 2573 844 2608 τρόπαιον,
860 2573 910 2600 καὶ

115 2616 150 2643 τὰ
164 2616 244 2652 χείλη
255 2616 311 2644 τῶν
323 2618 592 2654 προσπτυσσομένων
602 2618 633 2645 τὸ
645 2619 819 2655 ὑπεράγαοον
828 2619 909 2646 τοῦτο

117 2662 252 2698 σύνθεμα.
265 2663 398 2697 ’Δφθονος
412 2665 428 2700 ὴ
439 2664 520 2700 χάρις
532 2665 617 2692 ἆπασι
631 2665 774 2701 πρόκειται
783 2666 907 2699 ἀένναος,

115 2709 134 2744 ἡ
151 2709 241 2744 κρήνη
258 2709 394 2745 ὰγιασμὺν
407 2711 580 2746 πηγάζουσα,
595 2712 691 2739 οὐδένα
707 2712 833 2748 οὐδαμῶς
844 2713 909 2740 ἀπο-

117 2754 245 2790 σειομένη
270 2755 302 2781 ὲκ
331 2755 459 2790 δαψιλοῦς
480 2755 670 2792 ἀγαθότητος,
695 2757 763 2784 ἀλλὰ
788 2758 834 2785 καὶ
861 2758 908 2785 τὸν

152 2837 161 2853 ¹
182 2836 253 2864 Psal.
272 2844 367 2869 xcvm,
384 2837 409 2864 5.

960 2439 1054 2469 agunt.
1065 2433 1152 2467 Quam
1165 2434 1290 2468 speciosi,
1302 2434 1400 2469 inquit,
1413 2433 1490 2469 pedes
1512 2434 1750 2470 evangelizantium

958 2489 1061 2516 pacem,
1089 2481 1329 2516 euangelizandum
1356 2481 1424 2508 bona
1452 2481 1484 2508 ’ί
1505 2481 1587 2516 Atqui
1607 2486 1633 2508 et
1655 2481 1750 2509 beatos

959 2528 1162 2564 prattlicaverim
1190 2527 1251 2555 illos
1271 2528 1365 2556 oculos
1399 2528 1446 2563 qui
1485 2528 1560 2563 pacis
1583 2528 1665 2563 hujus
1688 2528 1750 2555 uni-

961 2574 1096 2602 versitatis
1114 2574 1265 2608 trophzeum
1280 2574 1477 2609 conspicantur
1490 2593 1497 2605 ,
1512 2574 1592 2601 beata
1605 2573 1650 2600 illa
1667 2573 1749 2601 etiam

963 2621 1055 2655 labia,
1084 2628 1145 2656 qua
1168 2620 1449 2656 prmcellentissimum
1477 2620 1527 2647 hoc
1555 2620 1662 2655 signum
1684 2627 1750 2646 exo-

963 2666 1116 2695 sculantur.
1142 2665 1257 2701 Copiosa
1280 2665 1367 2700 gratia
1387 2665 1515 2693 omnibus
1541 2665 1679 2700 proposita
1697 2669 1748 2692 est.

962 2713 1094 2741 Perennis
1117 2712 1196 2744 fons,
1212 2719 1245 2739 cx
1270 2719 1324 2747 quo
1341 2710 1521 2739 sanctiﬁcatio
1545 2714 1675 2742 emanat;
1702 2717 1748 2736 nec

962 2766 1128 2795 quemquam
1145 2757 1179 2785 ab
1194 2757 1245 2785 hac
1261 2761 1316 2785 tam
1333 2757 1407 2793 larga
1424 2757 1548 2785 ubertate
1562 2756 1668 2791 repellit
1679 2776 1686 2789 ,
1702 2754 1747 2783 scil

449 2839 457 2853 "
473 2839 537 2874 Sap.
557 2847 612 2874 xiv,
626 2840 652 2866 7.
693 2840 701 2855 ³
723 2839 802 2868 llum.
819 2849 844 2873 κ,
863 2842 909 2874 l5;
932 2840 981 2869 lsa.
996 2848 1043 2873 ιιι,
1063 2839 1097 2872 7;
1114 2838 1182 2866 Nali.
1199 2847 1216 2871 ι,
1235 2838 1276 2866 lli.
