1921 3073
51 131 104 162 697

497 130 639 161 ORATIO
649 130 690 161 II.
707 143 740 149 -η
757 131 797 160 ΙΝ
815 130 1090 161 ADORATIONEM
1110 131 1256 161 CRUCIS-

1631 133 1684 164 698

47 186 94 211 τὸν
115 184 255 212 Ἐλισσαιὲ
272 185 403 212 καοιέντα
419 187 462 220 ἐφ’
480 186 552 220 ὕδωρ
577 186 607 212 τὸ
621 186 710 219 ξύλον,
730 187 777 213 καὶ
792 187 836 213 τὸν
853 190 865 218 ,‘

911 195 973 214 uum
991 188 1155 215 Amalecitas
1169 187 1196 214 in
1213 188 1304 222 fugam
1320 189 1409 215 vertit.
1427 189 1548 223 Agedum
1573 194 1601 217 et
1627 191 1683 217 Ell-

49 230 159 266 σίδηρον
172 231 205 256 ὲκ
215 229 314 265 βάθους
328 230 486 257 ἁνὲλκοντα.
496 228 596 256 Τούτου
607 231 639 265 δὴ
650 230 697 257 τοῦ
706 230 792 257 τύπου
808 231 838 258 ού

50 276 132 312 μόνον
146 276 175 302 ὲν
189 277 223 311 τῇ
237 276 344 312 Παλαιᾷ
357 276 491 311 Διαθήκῃ.
507 276 573 302 ἀλλὰ
591 277 638 302 καὶ
653 277 682 303 ἐν
696 278 729 312 τῇ
749 278 841 312 χάριτι

51 325 137 352 πολλὰ
155 325 189 351 τὰ
203 324 336 360 τεράστια
345 333 351 340 ·
364 325 393 350 ὲν
410 325 499 356 νίκαις
511 324 543 360 δὴ
561 324 719 360 βαρϐάρων,
737 327 765 351 ἐν
777 325 842 360 δρα-

53 372 131 405 σμοῖς
160 371 308 406 δαιμόνων,
325 371 354 397 ὲν
383 370 553 404 ἀπαλλαγαῖς
571 371 666 403 νόσων,
684 372 713 398 ὲν
741 372 843 399 ἅπασιν

51 416 143 448 ἄλλοις
156 412 194 442 ὧν
209 416 260 442 οὐκ
275 415 333 442 ἐστι
343 415 393 450 τῆς
413 416 594 452 ἀναμνήσεως
611 416 736 452 ἀριθμός.

95 548 177 584 Ὁρᾷς
193 549 242 583 ὅση
256 547 371 583 δύναμις
387 548 417 574 ἐν
435 547 476 582 τῷ
498 547 576 582 τύπῳ
595 547 642 574 τοῦ
665 548 782 583 σταυροῦ
795 568 802 579 ,
823 545 845 575 ὦ

56 593 195 628 βέλτιστε;
220 594 251 620 Εἰ
266 594 294 620 δὲ
311 588 394 630 δεῦρο
407 594 537 628 τοσαύτη,
554 594 624 629 πόση
639 594 662 620 δ’
684 594 717 620 ἂν
747 591 803 620 εἶεν
817 595 846 620 ὲν

54 640 94 673 τῷ
107 640 186 675 τύπῳ
207 640 255 666 τοῦ
282 640 493 675 ὲσταυρωμένου
522 639 658 674 Χριστοῦ;
684 640 763 675 δῆλον
780 641 846 674 γὰρ,

55 686 97 712 ὅτι
123 686 186 712 καθ’
206 686 268 713 ὅσον
296 686 504 721 προφερέστερα
526 686 560 712 τὰ
580 686 756 721 πρωτότυπα.
778 687 848 712 κατὰ

53 731 183 758 τοσοῦτον
201 731 249 758 καὶ
263 731 297 757 τὰ
311 731 466 766 παράγωγα
479 730 706 767 προύργιαίτερα.
725 731 779 758 Καὶ
793 731 847 764 τίς,

56 777 151 810 φησιν,
170 778 200 803 ὲν
226 778 283 808 τοῖς
313 776 524 812 προειρημένοις
542 776 742 812 ὑποδεδὴλωται
765 777 849 808 τύπος

56 821 177 856 Χριστοῦ
189 842 196 853 ,
210 821 329 847 συνιέναι
341 820 424 856 ζητῶ.
443 821 526 847 Αὐτοὶ
536 821 576 852 δὲ,
593 821 675 855 φημὶ,
691 822 716 847 οἰ
733 821 849 848 τυποῦν-

895 239 978 259 saaum
1019 232 1110 267 aenipe
1148 232 1334 259 tletnitteutem
1369 233 1395 260 in
1426 240 1525 267 aquam
1569 234 1684 269 lignum,

895 277 1053 311 ferrumque
1073 286 1105 304 ex
1123 278 1259 312 profundo
1270 278 1462 306 attrahentem.
1489 279 1577 313 Hujus
1593 281 1686 314 ﬁgurat

895 331 950 352 non
965 324 1045 351 modo
1064 324 1090 350 in
1114 323 1202 350 Veteri
1227 323 1413 357 Testamento,
1443 325 1490 352 sed
1517 331 1544 353 et
1574 326 1599 352 in
1627 327 1703 360 lege'

897 370 990 405 gratiis
1014 370 1098 396 multa
1120 374 1269 404 suppetunt
1295 369 1443 403 mirabilia,
1471 371 1497 397 in
1514 371 1637 398 victoriis
1651 371 1686 398 de

897 415 1021 443 barbaris
1044 415 1147 447 relatis,
1177 416 1205 442 in
1236 415 1364 450 iugandis
1397 416 1579 446 daemonibus.
1596 416 1622 443 in
1639 416 1716 449 de-t;

898 460 1023 495 pulsioue
1047 460 1217 492 morborum,
1235 460 1262 487 in
1277 461 1403 495 plurimis
1418 461 1492 494 aliis,
1506 469 1569 496 quae
1582 461 1686 496 sigilla-

899 503 947 531 tim
968 511 1130 539 percensere
1145 505 1282 532 inﬁnitum
1294 505 1340 533 sit.

934 550 1027 583 Vides,
1043 551 1215 583 charissime,
1231 556 1333 586 quanta
1351 551 1380 579 in
1395 552 1474 587 signo
1487 552 1577 580 crucis
1592 557 1688 587 poten-

901 596 937 622 lia
949 596 961 622 ?
974 596 1009 623 At
1022 596 1045 623 si
1069 597 1114 623 hic
1133 600 1220 630 tanta,
1241 602 1343 631 quanta
1365 598 1418 624 erit
1436 598 1461 624 in
1478 602 1542 633 typo
1557 598 1689 625 cruciﬁxi

900 641 1022 669 Christi!
1049 641 1228 676 Perspicuum
1257 649 1375 676 namque
1399 646 1451 674 est,
1477 646 1580 677 quanto
1600 642 1691 670 excel-

901 687 1016 715 lentiora
1041 692 1105 715 sunt
1131 692 1285 723 prototypa,
1308 691 1383 714 tanto
1397 688 1479 715 etiam
1500 687 1689 722 praestantiora

901 739 963 759 esse
985 740 1027 764 ea,
1053 740 1114 767 qua:
1135 732 1167 758 ad
1191 736 1333 767 prototypa
1360 731 1581 767 repraesentanda
1614 731 1690 758 insti—

904 782 1029 805 tuuntur.
1048 778 1081 805 Et
1106 778 1178 812 quis,
1200 777 1299 805 dixerit
1331 777 1401 805 forte
1424 777 1572 812 quispiam,
1598 781 1690 812 typum

903 825 1004 852 Christi
1042 825 1179 859 praedictis
1215 823 1383 859 temporibus
1417 823 1519 859 gessit?
1558 822 1690 858 Equidem

55 875 102 898 τες
114 866 159 893 τὸν
172 866 301 901 σταυρόν.
314 866 359 898 Ὠς
378 866 432 901 γὰρ
445 866 460 902 ἡ
477 866 531 893 τῶν
546 865 593 892 τοῦ
612 866 735 898 Μωσέως
748 866 847 902 χειρῶν

911 877 1062 905 :ognoscere
1096 870 1122 897 id
1149 877 1227 897 aveo.
1256 869 1416 904 Responch
1446 870 1506 896 illos
1531 869 1617 903 ipsos,
1644 869 1690 903 qui

56 913 170 944 ἓχτασις
202 913 302 939 ἐτύπου
328 912 454 947 σταυρὸν,
475 911 563 943 οὕτως
592 912 673 943 αὐτὸς
697 912 728 947 δὴ
746 912 849 947 Μωσῆς

57 959 269 993 ἐσταυρωμένον
297 958 424 993 Χριστὸν,
455 957 642 992 τροπούμενον
665 957 712 983 τὸν
734 957 850 992 ἀόρατον

62 1004 204 1039 Ἀμαλὴκ,
224 1006 276 1031 κὰν
292 1005 349 1035 τοῖς
367 1004 458 1034 ἄλλοις
476 1003 683 1038 παραδείγμασι
696 1003 768 1029 τοῦθ’
785 1003 851 1030 ὑπο-

56 1051 193 1084 ληπτέον,
212 1050 460 1084 συνεκφαινομένου
485 1049 600 1084 θατέρου
623 1049 708 1075 τύπου
732 1049 849 1084 Θατέρῳ.

63 1097 136 1123 Ἀλλ’
156 1098 224 1128 ἐκεῖ,
253 1097 351 1132 φησιν,
382 1095 503 1130 ἔμψυχος
528 1096 542 1121 ὁ
564 1095 659 1126 τύπος.
680 1095 712 1121 Τί
736 1095 765 1122 δὲ
788 1095 852 1130 περὶ¹

56 1143 164 1178 ἀψύχου
182 1143 247 1168 σοιὸ
261 1142 339 1176 λόγος
349 1151 356 1174 ;
367 1142 429 1168 ’Ὁτι
444 1142 512 1167 κάπὶ
525 1141 571 1168 τοῦ
590 1142 738 1176 σταυρικοῠ
753 1141 852 1174 τύπου,

57 1189 124 1215 ὅταν
140 1188 244 1222 ἄψυχον
260 1187 290 1213 τὸ
304 1187 453 1223 ὁρώμενον,
464 1187 507 1220 ἐφ’
524 1186 538 1213 ὃ
553 1187 601 1213 καὶ
617 1188 681 1222 περὶ
695 1186 709 1212 ὃ
724 1187 755 1213 τὸ
769 1188 852 1222 τερά-

59 1243 146 1266 στιον,
158 1235 233 1269 ὅμως
246 1233 446 1269 παραπλησίως
460 1234 494 1266 τῇ
510 1233 678 1268 σταυροειδεῖ
690 1233 774 1259 εἰκόνι
788 1241 853 1258 συν-

58 1280 259 1315 ειφαινομένῃ,
271 1279 299 1305 ἐν
314 1287 342 1305 τε
364 1277 497 1313 ἐμψύχοις
518 1278 564 1304 καὶ
578 1278 693 1313 ἀψύχοις
708 1278 724 1313 ή
746 1286 855 1314 χριστο-

59 1327 135 1360 ειδὴς
150 1325 234 1352 εἰκὼν
246 1325 439 1359 τερατουργείν
455 1323 561 1355 εἶωοεν,
576 1324 613 1355 ὡς
629 1325 656 1350 ἐν
672 1324 739 1359 αὐτῇ
756 1325 855 1359 ιχουσα

58 1373 111 1406 τήν
130 1381 159 1398 τε
180 1371 287 1406 μορφὴν
305 1372 351 1397 καὶ
365 1371 396 1396 τὸ
410 1367 480 1401 εἶδος
493 1370 539 1396 τοῦ
555 1370 721 1405 ἀρχετύπου,
734 1370 780 1396 καὶ
792 1378 854 1396 τοσ-

59 1418 143 1444 οῦτον
167 1416 348 1452 ταυτιζομένη
375 1417 408 1451 τῇ
428 1424 458 1442 τε
487 1417 554 1451 τιμῇ
577 1417 624 1442 καὶ
648 1417 854 1452 προσκυνήσει,

59 1466 125 1491 ὅσον
141 1464 189 1491 καὶ
203 1464 276 1490 κατὰ
285 1462 415 1498 τοῦνομα,
432 1463 513 1489 παντί
530 1471 581 1488 που
596 1462 684 1497 δῆλον.
701 1462 758 1488 Καὶ
769 1461 857 1488 ταῦτα

60 1513 85 1538 εἰ
99 1511 149 1537 καὶ
162 1509 450 1546 παρεκὸαλικώτερον,
465 1508 522 1535 ἀλλ’
538 1509 613 1542 ὅμως
629 1509 668 1539 είς
684 1507 795 1542 ἔλεγχον
810 1507 858 1533 καὶ

59 1556 222 1592 ἀνατροπὴν
236 1555 288 1589 τῆς
303 1555 516 1589 είκονομαχικῆς
529 1553 672 1588 αἱρέσεως,
684 1553 722 1584 ὡς
741 1553 856 1587 ἀνατρε-

61 1603 170 1636 πούσης
193 1602 223 1628 τὸ
251 1602 302 1635 τῆς
328 1601 486 1635 οἰκονομίας
508 1599 626 1635 Χριστοῦ
646 1599 805 1634 μυστήριον.
827 1599 856 1626 Ὀ

63 1651 120 1685 γὰρ
137 1648 261 1683 ἀναιρῶν
282 1648 330 1683 τὴν
350 1647 454 1679 είκόνα,
474 1647 632 1680 συναναιρεῖ
644 1646 744 1681 δηλαδὴ
759 1645 806 1672 καὶ
828 1645 858 1672 τὸ

63 1697 258 1731 πρωτότυπον,
279 1695 357 1730 εἴπερ
382 1695 484 1729 θάτερα
499 1694 554 1721 τῶν
571 1694 640 1729 ἅμα,
655 1694 703 1720 καὶ
717 1692 771 1720 τῶν
789 1692 858 1727 πρός

64 1751 90 1769 τι
105 1743 162 1774 τοῖς
175 1742 239 1769 νοῦν
252 1741 370 1776 ἔχουσιν.

900 924 1010 944 crucem
1025 917 1230 943 adumbrarunt.
1248 915 1483 948 Quemadmodum
1501 915 1573 941 enim
1590 919 1688 942 exten-

899 963 941 990 sio
957 969 1084 989 manuum
1110 961 1212 996 Moysis
1228 969 1338 988 crucem
1355 961 1558 995 przeligurabat,
1578 961 1618 989 sic
1633 961 1693 994 ipse

900 1005 1008 1041 Moyses
1022 1006 1135 1040 figuram
1151 1005 1260 1039 gerebat
1273 1005 1388 1034 Christi,
1404 1004 1450 1038 qui
1467 1004 1691 1038 inaspeclabilem

901 1052 1011 1079 Amalec
1032 1051 1059 1078 in
1078 1051 1170 1086 fugam
1187 1051 1314 1086 coniecit,
1330 1051 1394 1078 licet
1410 1051 1470 1077 aliis
1489 1051 1582 1077 itidem
1597 1057 1692 1078 exem-

901 1098 952 1133 plis
980 1098 1005 1124 id
1021 1098 1123 1124 ostendi
1153 1101 1244 1132 queat,
1261 1097 1346 1123 altera
1372 1096 1448 1131 juxta
1476 1096 1589 1124 alteram
1606 1095 1692 1130 posita

902 1149 929 1172 et
951 1144 1122 1171 elueescente
1143 1143 1240 1178 ﬁgura.
1269 1142 1304 1169 At
1323 1142 1370 1174 ibi,
1396 1142 1509 1176 objiciat
1533 1141 1606 1176 quis,
1630 1141 1691 1168 viva

903 1191 1065 1226 spiransque
1077 1189 1161 1225 ﬁgura
1178 1194 1230 1216 est.
1245 1188 1299 1216 Cur
1317 1189 1400 1223 igitur
1419 1192 1446 1215 tu
1462 1188 1496 1215 de
1514 1187 1629 1214 inanimi
1650 1187 1693 1214 lo-

904 1237 1018 1272 queris?
1041 1236 1103 1263 Ideo
1130 1236 1164 1263 de
1183 1235 1233 1262 hac
1252 1235 1360 1269 loquor,
1388 1234 1453 1268 quia
1474 1234 1556 1261 etiam
1585 1235 1612 1260 in
1631 1238 1696 1268 typo

904 1283 1005 1314 crucis.
1032 1281 1142 1316 quando
1170 1281 1195 1308 id
1228 1281 1300 1316 quod
1325 1281 1456 1311 cernitur,
1485 1284 1513 1307 et
1538 1280 1564 1306 in
1589 1286 1654 1314 qtto,
1669 1283 1697 1306 et

905 1327 976 1354 circa
998 1326 1072 1361 quod
1097 1325 1221 1352 mirabile
1252 1325 1380 1360 quiddam
1407 1327 1539 1358 patratur,
1558 1323 1612 1350 vita
1635 1322 1696 1349 ani.

906 1381 1006 1408 maque
1021 1376 1105 1405 caret,
1123 1372 1212 1407 imago
1231 1371 1265 1398 ad
1285 1370 1390 1399 Christi
1411 1369 1621 1397 similitudinem
1639 1368 1695 1396 elli-

906 1423 960 1450 cta,
972 1418 1098 1446 similiter
1110 1421 1139 1445 ut
1150 1417 1242 1444 crucis
1259 1417 1358 1451 imago,
1374 1423 1434 1451 quae
1452 1419 1514 1450 typo
1532 1415 1578 1441 illo
1592 1421 1696 1448 reprae-

907 1468 1041 1495 sentatur,
1064 1469 1146 1498 opera
1163 1461 1324 1489 admiranda
1348 1465 1506 1495 perpetrare
1523 1459 1604 1492 solet,
1619 1458 1696 1486 velut

908 1517 950 1541 ea,
966 1516 1028 1544 qua:
1048 1508 1074 1535 in
1095 1515 1124 1535 se
1141 1507 1260 1542 speciem
1284 1510 1311 1533 et
1329 1505 1442 1532 formam
1460 1503 1594 1540 protOIypi
1610 1503 1700 1531 couti-

910 1561 966 1588 nel,
980 1560 1007 1582 et
1023 1559 1136 1582 eatenus
1151 1554 1221 1581 idem
1245 1560 1307 1580 cum
1324 1552 1370 1579 illo
1388 1552 1492 1578 honore
1505 1555 1532 1577 et
1542 1549 1702 1577 adoratione

911 1601 982 1628 sicut
1001 1604 1028 1627 et
1046 1599 1166 1630 nomine,
1183 1598 1276 1625 eﬂ'ecta
1296 1606 1303 1624 :
1327 1596 1399 1631 quod
1415 1603 1465 1630 per
1477 1603 1506 1623 sc
1521 1594 1700 1622 manifestum

909 1651 961 1674 est.
983 1645 1045 1673 Haec
1060 1645 1110 1673 etsi
1132 1643 1256 1672 nonnihil
1281 1647 1358 1670 extra
1384 1641 1553 1676 propositum
1574 1640 1646 1666 dicta
1660 1639 1702 1665 vi-

911 1693 1037 1724 deantur,
1055 1691 1144 1718 valent
1167 1689 1344 1717 nihilominus
1367 1685 1563 1724 redarguendm
1577 1689 1606 1713 et
1620 1683 1701 1711 refel-

912 1739 997 1766 lcudaa
1035 1738 1275 1764 iconomachorum
1301 1723 1432 1765 lueresi,‘
1451 1739 1511 1766 qua:
1540 1729 1703 1766 mysterium

65 1789 227 1817 tecotiomizn
248 1793 276 1815 et
298 1786 511 1821 dispensationis
532 1784 636 1813 Christi
661 1785 769 1812 evertit.
800 1783 867 1812 Nam
903 1785 950 1820 qui
976 1784 1044 1812 tollit
1073 1783 1238 1818 imaginem,
1271 1781 1294 1808 is
1323 1779 1452 1806 nimirum
1476 1782 1503 1804 et
1530 1781 1704 1812 prototypum

66 1836 158 1868 tollit;
184 1839 247 1862 sunt
268 1833 340 1861 enim
365 1841 397 1860 ex
427 1833 490 1866 illis,
523 1839 584 1867 qua:
619 1831 652 1858 ad
685 1838 714 1858 se
742 1835 837 1859 mutuo
868 1831 1043 1863 referuntur,
1075 1833 1106 1856 ut
1139 1832 1261 1860 norunt,
1293 1826 1340 1861 qui
1372 1828 1488 1852 mentem
1519 1830 1572 1851 non
1603 1823 1703 1850 amise-

65 1886 142 1910 runt.

108 1928 172 1955 ἐπὶ
198 1927 226 1953 δὲ
249 1926 294 1952 τὸν
316 1925 434 1961 σταυρὸν
451 1925 569 1956 ὲπιτέον,
591 1924 640 1951 καὶ
661 1923 743 1950 οἱονεὶ
763 1925 859 1958 ἐντρυ-

65 1976 169 2012 φητέον
184 1975 217 2009 τῇ
230 1973 281 2008 τῆς
291 1972 372 2007 ἁγίας
386 1970 572 2007 προσηγορίας
582 1969 719 2006 διατριϐῇ.
728 1969 860 2004 Σταυρὸς,

65 2021 220 2058 χρημάτων
234 2019 363 2047 ἁπάντων
376 2018 472 2053 χρῆμα
489 2016 717 2051 πολυτιμότεροψ
734 2015 861 2050 σταυρὸς,

66 2067 245 2104 Χριστιανῶν
285 2064 491 2099 ἀσφαλέστατον
523 2062 716 2096 καταφύγιον·
736 2061 863 2097 σταυρὸς,

66 2113 190 2151 Χριστοῦ
206 2111 338 2148 μαθητῶν
352 2109 536 2144 ἐλαφρότατον
549 2107 715 2143 ὲπωμάδιον·
732 2105 864 2141 σταυρὸς,

67 2157 289 2195 τετρυχωμένων
308 2155 403 2191 ψυχῶν
425 2153 600 2190 παραμύθιον
619 2151 862 2188 εὐπαρηγόρητον·

72 2184 206 2239 σταυρὸς,
218 2202 270 2236 τῆς
292 2184 332 2233 είς
349 2184 472 2236 οὐρανὸν.
481 2184 594 2234 πορείας
608 2184 865 2233 ὁδευτῆρνιονανεμ-

918 2203 962 2224 ma
988 2193 1150 2222 consolatio.
1176 2190 1252 2218 Crux
1274 2190 1323 2216 vim
1340 2189 1367 2216 in
1384 2187 1484 2216 coelum
1509 2184 1616 2213 ductrix
1633 2203 1640 2216 .

71 2251 211 2278 πόδιστον.
229 2247 352 2283 Σταυροῦ
378 2247 471 2278 στάσις
493 2245 541 2273 καὶ
561 2242 651 2281 εὖρος,
667 2243 716 2272 τοῦ
739 2244 865 2279 οὐρανίου

71 2298 176 2332 κήτους
191 2293 463 2330 περιληπτικώτερον
481 2291 627 2326 διάμετρον
638 2298 645 2305 ·
668 2288 787 2325 σταυροῦ
804 2288 866 2315 σθέ-

69 2353 118 2376 νος
134 2342 183 2370 καὶ
202 2340 315 2377 κράτος,
336 2339 447 2374 ὕλεθρον
463 2337 554 2372 πάσης
577 2335 769 2370 ἀντικειμένης
786 2334 867 2361 δυνά-

73 2397 164 2425 μεως·
182 2384 301 2422 σταυροῦ
315 2384 384 2417 εἶδος
399 2383 447 2412 καὶ
463 2383 568 2418 σχῆμα,
589 2382 700 2409 πάντων
717 2381 869 2416 σχημάτων

72 2432 327 2470 εὐσχημονέστερον
340 2431 432 2466 ὅραμα
442 2438 449 2445 ·
472 2427 589 2464 σταυροῦ
606 2427 680 2462 βολὶς
703 2427 751 2453 καὶ
766 2426 868 2466 ἐλλαμ‹

73 2482 132 2515 ψις,
148 2479 225 2515 ἡλίου
242 2477 434 2513 λαμπρότερον
449 2475 552 2510 ἔξαλμα
565 2482 572 2490 ·
589 2473 708 2508 σταυροῦ
724 2473 804 2508 χάρις
820 2472 870 2498 καὶ

73 2528 151 2560 (liga,
169 2525 292 2562 χαρίτων
310 2522 425 2550 ἁπασῶν
440 2521 618 2558 χαριέστερον
632 2519 748 2555 δώρημα
760 2526 767 2533 ·
790 2527 871 2544 σταυ-

77 2572 136 2606 ρὸς,
147 2568 265 2605 οὐρανοῦ
282 2568 330 2595 καὶ
345 2567 398 2602 γῆς
409 2566 655 2603 είρηνοϐράϐευτον
673 2564 868 2598 συναπτήριον.

77 2615 200 2652 Σταυροῦ
215 2613 337 2649 τοῦνομα
351 2612 501 2648 ἁγιασμὸς,
518 2611 558 2638 ὅτι
582 2610 702 2646 μάλιστα
724 2609 771 2636 καὶ
783 2608 872 2643 γλώσ-

78 2673 140 2696 σαις
152 2663 331 2698 λαλούμενον,
343 2661 391 2688 καὶ
405 2661 501 2692 ἀκοαῖς
519 2657 740 2693 ἁκουτιζόμενον.
758 2655 872 2691 Σταυρῷ

77 2711 246 2744 νενέκρωται
259 2708 386 2739 Θάνατος,
406 2707 454 2734 καὶ
468 2706 555 2742 ’Ᾱδὰμ
573 2704 757 2739 ὲζωοποίηται
767 2711 774 2718 ·
790 2711 870 2728 σταυ-

80 2753 121 2789 ρῷ
141 2752 314 2787 κῖκαὺχηται
329 2752 382 2782 πᾶς
397 2751 556 2788 ἀπόστολος,
571 2750 618 2776 καὶ
635 2750 740 2784 μάρτυς
756 2747 872 2781 ἐστεφά-

78 2808 177 2829 νωται,
193 2798 241 2824 καὶ
255 2797 374 2824 ώοίωται
396 2797 482 2828 ὅσιος¹
501 2795 610 2831 σταυρῷ
630 2794 747 2831 Χριστὸν
768 2792 873 2819 ἐνδεδύ-

81 2844 166 2878 μεοα,
175 2845 221 2871 καὶ
235 2844 281 2872 τὸν
294 2843 405 2871 παλαιὸν
420 2842 563 2877 ἄνθρωπον
573 2840 758 2876 ἀποτιθέμεοα
770 2848 775 2853 ·
793 2847 873 2866 σταυ-

950 1922 1003 1949 Sed
1033 1926 1106 1947 nunc
1128 1918 1161 1945 ad
1187 1923 1294 1944 crucem
1319 1913 1489 1941 redeundum
1512 1915 1571 1942 est,
1592 1909 1704 1944 ejusque

913 1967 1056 2004 przcconiis
1068 1963 1260 2000 percensendis
1274 1969 1326 1988 non
1340 1960 1399 1987 sine
1414 1957 1597 1986 oblectatione
1609 1956 1708 1983 immo.

915 2001 1041 2041 randum.
1070 2011 1144 2039 Crux
1165 2008 1288 2045 pecuniis
1316 2006 1445 2034 omnibus
1471 2004 1587 2039 pecunia
1605 2001 1708 2037 pretio—

913 2061 979 2087 sior.
1005 2058 1080 2086 Crux
1104 2056 1323 2084 Christianorum
1352 2051 1520 2080 tutissimum
1537 2048 1707 2084 perfugium.

913 2107 987 2135 Crux
1001 2104 1196 2140 discipulorum
1221 2100 1322 2129 Christi
1337 2099 1506 2127 levissimum
1521 2103 1593 2123 unus
1611 2095 1706 2122 hume-

915 2153 952 2178 ris
969 2137 1138 2184 impositum.
1155 2146 1227 2174 Crux
1246 2145 1407 2172 amictarum
1425 2141 1558 2169 mentium
1581 2137 1709 2166 dulcissi-

1663 2191 1708 2210 CIII

919 2241 1022 2269 nullum
1048 2238 1274 2274 impedimentum
1296 2234 1377 2270 obiici
1394 2237 1493 2269 potest.
1509 2230 1606 2259 Crucis
1619 2233 1710 2257 status

918 2292 944 2316 et
959 2286 1074 2315 latitudo
1091 2284 1210 2313 ccelestis
1225 2283 1291 2314 ceti,
1305 2281 1431 2317 capacior
1453 2280 1595 2307 diameter.
1611 2276 1711 2304 Crucis

919 2333 1003 2361 robur
1027 2336 1055 2360 et
1073 2330 1204 2367 potentia,
1231 2328 1343 2357 exitium
1363 2326 1454 2354 omnis
1477 2323 1643 2352 adversariae
1661 2329 1711 2356 po-

921 2379 1038 2408 testatis.
1054 2378 1152 2406 Crucis
1175 2376 1259 2411 ﬁgura
1287 2379 1315 2401 et
1341 2373 1448 2408 Species
1472 2371 1599 2398 omnibus
1615 2368 1711 2404 ﬁguris

921 2429 1043 2461 spcctatu
1060 2423 1233 2452 concinnior.
1255 2420 1352 2448 Crucis
1370 2418 1464 2446 radius
1484 2420 1512 2445 et
1527 2414 1712 2446 collustratio.

921 2459 979 2500 sole
995 2468 1163 2505 splendidior
1177 2466 1288 2495 emissio
1304 2469 1332 2493 et
1350 2463 1419 2492 lucis
1434 2461 1595 2497 ejaculatio.
1611 2459 1711 2487 Crucis

922 2516 1007 2551 gratia
1025 2519 1052 2542 et
1075 2514 1174 2550 gl0ria,
1198 2512 1325 2540 onmibus
1350 2509 1446 2546 gratiis
1471 2507 1575 2544 gratius
1596 2506 1712 2533 donum.

922 2549 997 2589 Crux
1030 2561 1092 2588 θωπί
1116 2565 1143 2586 et
1169 2564 1247 2586 terra:
1274 2555 1444 2593 paciﬁcatrix
1476 2558 1503 2581 et
1529 2549 1713 2580 conciliatrix.

922 2606 1019 2632 Crucis
1047 2613 1167 2636 nomen,
1196 2602 1388 2634 sanctiﬁcatio,
1421 2599 1541 2627 maxime
1570 2596 1592 2624 si
1620 2596 1712 2630 lingua

923 2651 1089 2685 proferatur,
1113 2655 1140 2678 et
1169 2650 1281 2677 auribus
1311 2648 1487 2683 percipiatur.
1516 2643 1604 2672 Cruce
1636 2649 1712 2669 mors

925 2702 1020 2724 necata
1035 2701 1088 2728 est,
1102 2696 1243 2730 Adamque
1260 2697 1320 2722 vitze
1339 2693 1492 2721 restitutus.
1508 2691 1596 2718 Cruce
1613 2687 1715 2725 gloria-

925 2749 969 2770 tus
994 2747 1034 2770 cst
1059 2741 1174 2777 quilibet
1191 2740 1342 2776 apostolus,
1366 2743 1392 2765 et
1410 2737 1499 2765 omnis
1517 2740 1621 2770 martyr
1634 2739 1699 2761 coro

926 2795 1004 2818 natus
1023 2789 1167 2822 mnuisqnc
1186 2793 1298 2815 sanctus
1315 2785 1512 2814 sanctiﬁcatus;
1529 2781 1616 2809 Cruce
1638 2780 1714 2807 Chri-

927 2841 997 2863 stum
1024 2835 1173 2864 induimus.
1205 2839 1377 2867 veteremque
1409 2829 1545 2858 hominem
1577 2826 1711 2856 exuimus.
