1921 3073
218 147 272 181 699

821 143 851 172 S.
870 139 1067 172 THEODORI
1085 137 1260 168 STUDITE

1801 130 1851 161 700

218 203 307 230 Cruce
337 200 365 228 in
390 206 472 226 unutn
500 198 582 230 ovile,
601 204 665 224 oves
684 196 798 228 Christi,
812 195 919 222 collecti
934 199 961 221 ct
977 194 1011 220 ad

1075 191 1105 226 id)
1134 189 1343 226 σεσηκειὼμεθα
1369 186 1487 224 Χριστοῦ
1514 186 1658 222 πρόϐατα,
1680 186 1727 212 καὶ
1748 186 1781 220 τῇ
1799 185 1851 211 ἄνω

220 255 358 284 supernas
372 245 468 274 caulas
484 243 614 272 destinati
635 251 743 271 sumus.
759 242 847 269 Cruce
863 240 1010 268 ventilabi.

219 301 281 320 mus
299 291 426 321 inimicos
442 293 553 317 nostros
570 293 597 316 et
615 296 700 317 cornu
717 287 814 315 salutis
830 285 1009 314 sustollimus.

220 339 310 366 Cruce
337 336 558 372 perturbationes
590 335 735 369 fugamus,
760 334 899 368 vitamque
928 339 1011 366 supra

222 386 287 412 hum
307 391 371 410 nam
395 382 576 409 instituimus.
600 380 651 414 Qui
667 387 778 408 crucem
801 379 854 406 fert
879 377 1012 409 humeris,

222 431 246 457 is
259 429 380 456 imitator
397 427 427 454 [lt
454 425 567 458 Christi,
585 430 612 452 et
633 425 747 460 gloriam
762 431 825 452 cum
843 423 953 450 Christo
969 429 1014 457 pa-

222 475 276 503 lam
301 474 468 509 assequitur.
494 472 611 500 Crucem
640 479 703 499 cum
731 471 844 506 angelus
862 470 944 502 videt,
967 469 1015 496 de-

223 524 353 551 coratur.
379 524 406 546 et
437 518 562 546 diabolus
593 517 781 545 confunditur.
813 516 896 543 Lvttro
932 523 1016 543 cruce

224 570 332 601 reperta
364 565 391 592 in
420 564 580 600 paradisum
611 564 704 594 intrat,
732 568 760 590 et
786 562 930 589 latrocinia
953 569 1016 589 cum

225 619 309 646 regno
331 610 521 638 commutavit.
542 609 595 643 Qui
621 616 733 636 crucem
752 607 866 643 eiliugit,
882 608 906 634 is
922 606 1017 634 fortui-

224 657 314 685 dinem
333 656 468 688 dissolvit,
487 663 637 691 pacemque
658 659 814 689 recuperat.
838 653 889 686 Qui
906 660 1015 680 crucem

225 704 367 731 custodem
384 703 477 736 habet,
504 703 527 730 is
541 701 717 736 praedonibus
736 708 789 727 uon
807 700 836 727 lit
852 700 954 734 praeda,
969 699 1018 726 sed

226 748 327 775 illaesus
339 751 490 783 permanet.
517 746 647 781 Quisquis
658 753 766 772 crucem
779 750 863 776 amat,
881 744 926 771 hic
941 752 1019 770 muu«

226 794 290 821 dum
321 793 390 826 odit,
416 793 500 828 ﬁtque
527 799 635 820 amator
657 791 771 819 Christi.
803 791 877 818 Crux
903 789 1018 822 Christi,

225 839 445 868 Christianorum
461 839 640 866 celeberrima
658 838 795 873 gloriatio.
817 838 891 864 Crux
905 837 1018 866 Chrisn,

227 885 413 920 apostolorum
446 884 592 919 peculiaris
622 884 788 919 praedicatio,
809 884 881 910 Crux
906 882 1016 914 Christi,

227 935 377 967 martyrum
395 931 486 966 regale
502 930 637 957 diadema.
658 930 731 957 Crux
749 929 862 961 Christi,
878 929 1020 963 propheta-

228 984 288 1004 rum
312 977 529 1012 pretiosissimus
552 981 676 1003 ornatus.
693 976 768 1003 Crux
792 975 906 1008 Christi,
924 975 1018 1001 liuium

226 1020 412 1048 lucidissimus
435 1020 520 1048 nito'r.
544 1020 617 1047 Crux
640 1019 755 1052 Christi,
782 1026 848 1045 naut
866 1023 896 1044 ut
909 1026 972 1045 cum
991 1024 1021 1043 re
1041 1038 1043 1040 .

226 1064 288 1092 viva
313 1065 420 1100 loquar,
451 1069 564 1099 protege
589 1071 648 1095 eos,
675 1064 721 1098 qui
738 1069 763 1091 te
781 1063 895 1090 incenso
908 1067 1020 1097 pectore

226 1111 374 1142 celebrant,
388 1117 534 1141 conserva,
549 1110 595 1144 qui
611 1114 638 1136 te
651 1109 722 1136 ﬁdeli
734 1114 826 1136 mente
843 1109 1019 1142 amplectun-

227 1160 273 1183 tur
284 1160 311 1183 et
327 1156 498 1183 osculantur.
526 1155 654 1182 Guberna
675 1155 701 1182 in
732 1163 800 1189 pace
825 1159 955 1188 rectaque
970 1153 1022 1180 ﬁde

228 1200 362 1228 subditos.
392 1201 489 1227 Adduc
515 1200 644 1228 omnibus
671 1199 772 1227 Christi
808 1199 1021 1227 resurrectionis

228 1245 300 1272 diem
317 1244 499 1278 laetissimum,
522 1245 681 1272 custodiens
699 1244 855 1280 pontiﬁces,
873 1245 1021 1278 antistites,

229 1291 419 1326 imperatores,
436 1292 596 1324 monachos,
612 1292 855 1326 promiscuamque
867 1291 1022 1319 multitudi-

230 1345 292 1364 nem
312 1341 340 1365 et
362 1345 499 1365 convenas
522 1345 618 1365 omnes
634 1338 662 1365 in
678 1337 790 1365 Christo
816 1336 880 1365 Iesu
907 1337 1024 1364 Domino

231 1386 336 1410 nostro.
350 1381 400 1410 Cui
420 1382 507 1417 gloria
521 1386 548 1409 et
566 1382 700 1417 potentia,
715 1390 776 1410 cum
790 1382 872 1409 Patre
885 1386 912 1409 et
928 1386 1024 1409 sancto

231 1428 347 1463 Spiritu,
365 1435 438 1456 nunc
453 1432 481 1456 et
496 1435 614 1463 semper,
631 1433 659 1455 et
679 1428 706 1455 in
723 1428 822 1456 saecula
847 1428 1023 1456 saeculorum.

231 1475 330 1502 Amen.

605 1533 649 1561 ΙΙΙ.

338 1578 373 1606 1η
396 1579 516 1615 vigiliam
536 1580 590 1607 sive
605 1580 748 1607 stationem
767 1578 921 1607 Luminum.

1065 236 1173 272 μάνδρᾳ
1191 234 1415 270 συνταττόμεθα·
1445 233 1554 268 σταυρῷ
1585 231 1767 267 κερατιοῦμεν
1793 231 1853 261 τοὺς

1062 283 1179 318 ἐχθροὺς
1192 282 1282 317 ἡμῶν,
1298 282 1345 307 καὶ
1359 281 1445 317 κέρας
1457 281 1591 315 σωτήριον
1607 279 1730 313 αῐρομεν·
1746 276 1854 311 σταυρῷ

1063 329 1097 356 τὰ
1115 328 1188 363 πάθη
1200 326 1377 363 τροπούμεοα
1387 346 1394 359 ,
1409 327 1456 352 καὶ
1471 324 1666 360 ὑπερκοσμίως
1691 323 1741 358 ζῇν
1759 331 1855 358 προαι-

1065 374 1197 410 ρούμεθα.
1210 373 1330 408 Σταυρδν
1344 373 1357 399 δ
1371 372 1461 407 φέρων
1473 371 1516 398 ἐπ’
1531 370 1626 405 ὤμων,
1643 368 1761 403 Χριστοῦ
1775 376 1857 403 μιμητ

1064 421 1114 456 τὴς
1128 420 1244 455 γίνεται,
1257 420 1302 446 καὶ
1316 418 1427 454 Χριστῷ
1442 417 1536 451 σαφῶς
1552 414 1745 448 συνδοξάζεται
1755 421 1762 429 ·
1779 421 1858 440 σταυ-

1067 466 1113 502 ρὸν
1135 466 1206 501 ὁρῶν
1228 465 1344 500 ἄγγελος
1361 464 1529 499 ὠραϊζεται,
1549 461 1597 489 καὶ
1619 460 1743 491 διάϐολος
1762 467 1857 486 καται-

1067 512 1211 548 σχύνεται·
1228 511 1345 546 σταυρὸν
1359 509 1462 545 λῃστὴς
1481 507 1618 544 εὑρηκὼς,
1635 507 1676 538 εἰς
1694 505 1859 541 παράδεισον

1067 559 1174 590 εἴσεισι,
1190 558 1237 585 καὶ
1253 557 1383 593 λῃστείας
1404 555 1542 591 βασιλείαν
1554 552 1742 589 ἀντηλλάξατο
1754 560 1761 566 ·
1776 560 1859 578 σταυ-

1069 606 1116 642 ρὸν
1135 604 1228 635 ἁπλῶς
1251 605 1265 630 ὁ
1283 603 1378 630 τυπῶν
1402 601 1505 628 διαλύει
1529 600 1656 636 δείματα,
1677 599 1724 625 καὶ
1748 598 1862 633 εἰρήνην

1069 649 1293 681 ἁντασπὰζεται·
1317 648 1434 683 σταυρὸν
1459 648 1473 674 ὁ
1498 646 1568 682 ἔχων
1595 645 1712 681 φρουρὸν
1739 643 1863 678 διαμένει

1070 698 1169 729 ἄσυλος
1192 697 1241 724 καὶ
1266 696 1433 731 φυλάττεται
1461 694 1639 729 ἀπήμαντος·
1668 690 1784 726 σταυρὸν
1810 689 1863 720 πᾶς

1069 753 1113 776 τις
1125 743 1222 778 φιλῶν,
1238 744 1314 777 μισεί
1329 742 1444 777 κόσμον,
1461 741 1508 767 καὶ
1532 739 1651 776 ἐραστὴς
1673 738 1778 772 γίνεται
1796 736 1863 771 Χρι-

1072 789 1148 816 στοῦ.
1170 788 1276 824 Σταυρὲ
1305 787 1436 823 Χριστοῦ,
1460 787 1491 813 τὸ
1509 786 1564 812 τῶν
1589 782 1759 819 Χριστιανῶν
1782 781 1864 808 πολυ-

1073 835 1223 871 ορύλλητον
1239 834 1389 869 καύχημα-
1412 832 1513 868 σταυρὲ
1534 831 1664 867 Χριστοῦ,
1681 830 1710 856 τὸ
1724 829 1777 856 τῶν
1797 829 1864 855 ἀπο-

1072 881 1174 908 στόλων
1196 880 1354 916 περιούσιον
1379 880 1531 914 κήρυγμαο
1554 877 1655 911 σταυρὲ
1683 874 1822 911 Χριστοῦ,
1838 874 1866 900 τὸ

1070 927 1124 954 τῶν
1140 928 1289 962 μαρτύρων
1307 925 1443 960 βασίλειον
1460 924 1596 959 διάδημα·
1616 921 1717 957 σταυρὲ
1734 919 1865 954 Χριστοῦ.

1070 973 1101 999 τὸ
1112 974 1165 999 τῶν
1177 971 1329 1008 προφητῶν
1341 970 1504 1006 ὑπερτίμιον
1517 968 1736 1003 ὲγκαλλώπισμα
1746 974 1753 981 ο
1767 965 1867 999 σταυρὲ

1070 1019 1202 1055 Χριστοῦ,
1218 1020 1248 1044 τὸ
1261 1018 1315 1044 τῶν
1330 1017 1458 1052 περάτων
1477 1015 1691 1051 παμφαέστατον
1706 1012 1866 1046 ἀγλάϊσμα·

1072 1065 1174 1100 σεαυρὲ
1203 1062 1335 1100 Χριστοῦ,
1353 1064 1401 1090 καὶ
1426 1061 1468 1088 σοὶ
1495 1061 1533 1093 ᾡς
1560 1060 1677 1096 ἐμψύχῳ
1694 1058 1867 1092 διαλέγομαι,

1073 1112 1186 1143 σκέποις
1204 1112 1267 1141 τοὺς
1282 1109 1401 1144 θερμοὺς
1420 1107 1587 1143 ύμνολόγους
1611 1114 1670 1138 σου,
1688 1105 1784 1137 σώζοις
1808 1104 1870 1132 τοὺς

1074 1157 1179 1188 πιστῶς
1204 1154 1476 1192 περιπτυσσομένους
1507 1162 1548 1184 σε,
1573 1152 1651 1186 ἄγοις
1675 1149 1824 1186 εἰρηνικῶς
1842 1156 1869 1174 τε

1073 1203 1121 1230 καὶ
1139 1201 1288 1238 ὀρθοδόξως
1305 1200 1335 1227 τὸ
1350 1200 1482 1235 ὑπήκοον,
1497 1199 1591 1233 φέροις
1607 1198 1657 1232 τὴν
1670 1195 1791 1232 Χριστοῦ
1807 1195 1871 1221 ἀνά-

1074 1258 1170 1276 στασιν
1185 1250 1254 1275 πᾶσι
1272 1248 1457 1283 χαρμόσυνον,
1472 1245 1600 1281 φρουρῶν
1621 1243 1753 1278 ίεράρχας
1773 1249 1806 1267 τε
1825 1239 1872 1267 καὶ

1073 1296 1207 1328 ἄνακτας,
1233 1294 1370 1330 μοναστὰς
1388 1293 1437 1320 καὶ
1461 1291 1581 1327 μιγάδας
1598 1290 1732 1321 ἅπαντας,
1751 1288 1781 1313 ὲν
1805 1287 1872 1321 Χρι-

1075 1341 1130 1377 στῷ
1148 1340 1235 1376 Ἰησοῦ
1258 1339 1298 1375 τῷ
1315 1339 1411 1374 Κυρίῳ
1425 1337 1515 1373 ἡμῶν,
1534 1333 1556 1370 ᾧ
1576 1337 1593 1372 ἡ
1610 1335 1673 1367 δόξα
1691 1334 1737 1361 καὶ
1760 1333 1792 1359 τὸ
1808 1331 1872 1377 arpi-

1073 1374 1122 1419 τος
1138 1374 1186 1413 σὺν
1200 1385 1239 1420 τῷ
1260 1374 1350 1420 Πατρὶ
1364 1384 1412 1410 καὶ
1431 1382 1470 1418 τῷ
1490 1381 1560 1416 ἁγίῳ
1578 1379 1730 1414 Πνεύματι,
1751 1377 1803 1403 νῦν
1829 1374 1872 1402 καὶ

1074 1433 1129 1466 ἀεὶ,
1143 1432 1190 1459 καὶ
1203 1433 1243 1463 είς
1259 1431 1323 1462 τοὺς
1337 1430 1440 1461 αἰῶνας
1463 1428 1517 1456 τῶν
1531 1426 1649 1456 αἰώνων.
1664 1424 1763 1460 ’Δμήν.

1218 1579 1270 1612 είς
1286 1577 1344 1612 τὴν
1361 1530 1540 1612 παραξόίνὴν
1555 1574 1614 1602 τῶν
1626 1573 1743 1601 Φώτων.

779 1647 857 1682 (Atta.
874 1647 939 1680 ΜΑι,
958 1646 1030 1675 Bibl.
1047 1656 1107 1676 nov.
1120 1652 1140 1676 t.
1156 1648 1243 1684 lV,p.
1262 1648 1319 1682 l6.)

270 1704 297 1732 Ι.
314 1703 462 1732 Luminum
477 1703 608 1739 prmludia
623 1703 774 1739 splendidis
786 1703 1030 1738 contemplationi-

234 1751 286 1779 bus
302 1751 497 1778 colluslremus
516 1759 524 1777 :
539 1750 566 1777 in
583 1750 651 1784 ipsis
666 1749 826 1777 insistentes
843 1749 934 1784 aquis,
951 1749 1034 1777 clari-

1120 1709 1156 1732 α’.
1177 1705 1238 1732 Τῶν
1251 1704 1351 1732 Φώτων
1363 1703 1398 1731 τὰ
1409 1703 1546 1739 προαύλια
1563 1700 1736 1737 φωτοφανέσι
1749 1699 1881 1735 θεωρίαις

1085 1751 1315 1787 ἑποπτεύσωμεν·
1345 1751 1387 1781 είς
1417 1750 1489 1778 αὐτὰ
1514 1748 1699 1780 εἰσῦαίνοντες
1721 1746 1756 1773 τὰ
1781 1745 1880 1777 ὕδατα,

240 1801 324 1825 tatem
339 1797 450 1824 uberem
467 1796 663 1832 participemus
681 1796 780 1830 spiritu
798 1795 991 1830 splenditicati,
1007 1802 1022 1822 e

1085 1797 1218 1830 πλουσίας
1240 1798 1290 1833 τῆς
1312 1797 1410 1832 αἴγλης
1434 1795 1653 1831 μεταλάϐωμεν,
1668 1791 1832 1827 φωτοειδείς
1852 1791 1880 1815 ὲν

236 1842 349 1870 luminis
376 1847 516 1870 auctorem
538 1841 644 1873 Jesum,
662 1840 753 1868 Patris
768 1841 952 1876 splendorem,
975 1840 1035 1868 exi-

237 1889 300 1917 miis
317 1889 469 1926 gratiarum
488 1888 643 1921 actionibus
662 1887 844 1915 celebremus.
865 1886 1032 1914 Puriticatus

236 1941 280 1964 est
291 1936 375 1963 Israel
395 1935 496 1970 primo,
515 1942 578 1962 eum
599 1934 626 1961 in
644 1937 765 1961 montem
783 1933 845 1969 igne
860 1932 1033 1968 ﬂagrantem,

238 1984 357 2019 caligine
377 1983 553 2019 procellaque
577 1983 700 2018 plenum,
723 1988 929 2010 conscensurus
951 1985 1033 2011 esset.

239 2031 291 2058 Sed
306 2039 340 2058 ne
353 2030 392 2058 sic
405 2030 516 2065 quidem
530 2029 664 2062 ascendit,
682 2029 747 2063 quia
762 2028 832 2054 haud
849 2032 937 2054 tutum
952 2035 1035 2060 nego-

1086 1844 1223 1880 πνεύματι
1246 1843 1408 1879 γενόμενοι,
1425 1842 1474 1869 καὶ
1488 1842 1534 1868 τὸν
1548 1841 1595 1867 τοῦ
1613 1839 1702 1874 φωτὸς
1718 1837 1813 1864 αἴτιον
1831 1836 1882 1869 ἰη-

1087 1891 1151 1918 σοῦν
1162 1891 1193 1918 τδ
1210 1890 1344 1926 πατρικὸν
1363 1888 1536 1924 ἀπαύγασμα
1551 1886 1743 1920 πανευφήμοις
1765 1883 1881 1918 εὐχαρι-

1088 1937 1178 1969 στίαις
1197 1937 1417 1972 εὐφημήσωμεν.
1441 1933 1596 1968 Ἀγνίξεται
1617 1929 1729 1966 Ἰσραὴλ
1744 1929 1884 1964 πρότερον

1087 1983 1206 2017 ὁπηνίκα
1226 1982 1265 2018 τῷ
1282 1982 1341 2016 ὄρει
1360 1979 1525 2015 κεκαυμένῳ
1546 1977 1630 2013 πυρὶ,
1649 1976 1765 2018 σκότους
1782 1983 1816 2000 τε
1838 1973 1884 1999 καὶ

1089 2030 1203 2064 θυέλλης
1228 2017 1440 2063 πεπληρωμένῳ
1466 2024 1644 2061 προσϐαίνειν
1670 2017 1806 2057 ἔμελλεν·
1838 2019 1885 2046 καὶ

239 2077 307 2105 tium
332 2064 475 2110 eratpsed
501 2075 573 2103 infra
593 2075 718 2103 substitit
732 2080 866 2107 tremens,
891 2078 918 2101 et
944 2073 1024 2100 multi

1087 2075 1143 2102 οὐδ’
1159 2074 1246 2106 οὕτως
1268 2073 1382 2105 ἄνεισιν,
1408 2072 1471 2098 ἐπεὶ
1494 2071 1531 2106 μὴ
1556 2068 1691 2103 ἀσφαλές·
1711 2066 1840 2101 εἱστήκει
1857 2064 1884 2090 δὲ

239 2122 322 2151 formi
334 2127 468 2150 terrorum
482 2123 572 2157 specie
581 2122 724 2149 attonitus.
736 2121 797 2155 Ipse
807 2127 918 2155 quoque
929 2119 1036 2155 Moyses

239 2169 384 2198 materiale
395 2170 611 2197 calceamentum
628 2168 722 2198 solvit.
744 2167 809 2194 dum
832 2171 970 2194 sacratum
990 2165 1027 2192 De

239 2215 364 2251 vestigiis
379 2219 480 2242 terram
494 2218 604 2250 pararet
620 2213 764 2249 attingere,
782 2220 837 2248 quo
853 2217 977 2246 tempore
993 2219 1037 2238 ar-

239 2256 331 2290 déntis
345 2261 406 2288 rubi
419 2261 581 2288 mirabiliter
597 2259 667 2287 visui
683 2259 854 2289 initiabatur,
872 2259 917 2293 qui
932 2258 1033 2292 pravia

1087 2122 1162 2148 κάτω
1177 2121 1308 2155 ἔντρομος
1322 2120 1380 2150 τοῖς
1396 2117 1547 2144 πολυειδέσι
1563 2114 1741 2150 φοϐερισμοίς
1756 2112 1830 2139 Θεοῦ
1845 2113 1886 2138 ὲκ-

1087 2166 1312 2202 δειματούμενος.
1339 2164 1506 2191 ’Υπολύεται
1528 2163 1575 2188 καὶ
1600 2161 1682 2192 αὐτὸς
1702 2158 1830 2193 Μωῡσῆς
1856 2157 1886 2183 τὸ

1088 2211 1188 2243 ὑλῶδες
1210 2211 1353 2245 ὑπόδημα,
1379 2210 1430 2244 τῆς
1452 2206 1612 2238 Θεοστιὸοῦς
1627 2207 1679 2240 γῆς
1695 2205 1799 2239 ψαύειν
1820 2212 1888 2238 προ-

1089 2258 1247 2293 ερχόμενος,
1266 2257 1347 2284 ὁπότε
1362 2255 1413 2290 τῆς
1430 2251 1655 2289 φλογοφορούσης
1672 2250 1755 2285 βάτου
1770 2250 1888 2285 ἐμυεῖτο

241 2307 356 2341 majoris
375 2306 497 2342 myswrii
527 2306 618 2339 imago
645 2309 712 2332 erat.
743 2304 816 2331 Idem
844 2303 936 2331 facere
955 2302 1024 2331 Jcsu.

1089 2302 1284 2339 Θαυμαστικῶς
1299 2302 1329 2328 τδ
1343 2301 1477 2336 θεώρημα
1489 2321 1496 2332 ,
1524 2298 1649 2335 μείζονος
1665 2295 1826 2331 μυστηρίου
1842 2295 1889 2320 οὗ·

241 2336 352 2387 quoque
368 2336 436 2379 Naxi
454 2351 527 2378 [ilius
544 2336 692 2386 abuangelo
705 2350 800 2384 jussus
811 2349 873 2381 fuit,
892 2357 925 2376 ne
939 2349 1024 2376 solum

1090 2336 1336 2385 ang'wpotduwpa.
1352 2347 1389 2373 Τὺ
1404 2346 1427 2373 δ’
1442 2345 1509 2373 αὐτὸ
1525 2344 1573 2371 καὶ
1595 2342 1700 2378 Ἰησοῦς
1716 2343 1730 2368 δ
1746 2341 1795 2368 τοῦ
1807 2340 1888 2374 Ναυῆ

242 2398 370 2426 calceatis
383 2398 498 2433 pedibus
514 2404 628 2432 prorsus
642 2397 770 2429 calcaret,
788 2399 899 2430 propter
913 2394 1034 2422 debitam

242 2449 322 2472 terra:
337 2449 438 2472 sancta
452 2444 667 2471 venerationem.
688 2441 759 2475 Quid
777 2446 872 2469 autem
897 2445 952 2468 tres
969 2440 1036 2468 ado-

242 2490 395 2518 lescentes?
408 2489 504 2517 Nonne
513 2489 614 2517 animis
627 2487 844 2522 corporibusque
856 2485 1035 2514 sanctiticatis

243 2536 278 2564 ad
305 2543 433 2564 voracem
462 2536 553 2571 ignem
570 2538 759 2566 accesserunt,
775 2537 859 2567 atque
877 2532 915 2559 ita
935 2532 1037 2559 caloris

244 2583 287 2611 vis
299 2584 326 2611 in
338 2584 472 2612 roscidam
484 2583 552 2618 ipsis
565 2582 725 2617 qualitatem
741 2586 874 2608 conversa
887 2579 947 2606 est?
959 2577 1038 2611 Quod

244 2630 324 2666 quale
342 2634 529 2666 quantumque
545 2629 700 2665 prodigium
717 2627 778 2659 fuit,
795 2627 860 2654 dum
879 2625 950 2653 idem
968 2625 1040 2660 ignis

244 2677 417 2704 vehementia
441 2675 555 2711 duplici,
574 2675 673 2709 dignos
691 2681 770 2708 poena
789 2672 863 2700 ultus
886 2672 946 2699 est!
968 2671 1039 2705 Quid

245 2723 343 2751 Daniel
366 2723 565 2751 desideriorum
590 2721 642 2753 vir,
671 2727 763 2747 nonne
788 2723 852 2747 ante
876 2718 1040 2754 puriﬁcante

245 2769 350 2805 jejunio
365 2777 443 2801 usus,
456 2777 517 2797 cum
534 2767 661 2796 leonibus
676 2767 703 2793 in
719 2764 902 2794 contubernio
914 2764 975 2797 fuit,
994 2763 1037 2791 in-

247 2815 355 2844 colume
373 2823 472 2851 corpus
493 2815 568 2843 illinc
582 2813 726 2842 referens?

1091 2396 1160 2432 πρὸς
1176 2395 1224 2422 τοῦ
1241 2394 1356 2429 ἀγγέλου
1381 2391 1600 2428 παρακελεύεται
1624 2389 1662 2424 μὴ
1684 2387 1824 2421 τοῦδαφος
1845 2387 1888 2412 ὲνσ

1090 2441 1244 2476 δεδυμένοις
1260 2440 1323 2467 ποσὶ
1338 2436 1533 2474 προσεγγίζειν
1546 2436 1625 2466 ὅλως,
1638 2434 1681 2461 διὰ
1693 2433 1723 2460 τὸ
1738 2433 1790 2468 τῆς
1805 2433 1889 2467 ἁγίας

1090 2488 1143 2523 γῆς
1160 2486 1318 2520 σεϐάσμιον.
1333 2484 1366 2511 Τί
1381 2484 1410 2510 δὲ
1422 2483 1447 2510 οἱ
1459 2483 1535 2518 τρεῖς
1547 2481 1672 2512 νεανίαις
1688 2479 1738 2514 οὐχ
1749 2478 1889 2514 ἡγνισμέ-

1091 2541 1150 2564 ναις
1164 2532 1264 2567 ψυχαῖς
1274 2539 1305 2557 τε
1319 2530 1368 2557 καὶ
1381 2529 1492 2564 σώμασι
1503 2528 1542 2563 τῷ
1558 2525 1702 2561 παμφάγῳ
1714 2526 1782 2559 πυρὶ
1798 2533 1890 2560 προσ-

1089 2579 1228 2610 ϐάλλουσι⁹
1257 2576 1307 2612 τῆς
1333 2575 1486 2610 καυστικῆς
1515 2574 1608 2605 αὺτοῖς
1635 2571 1780 2608 ἐνεργείας
1805 2579 1893 2606 μετα-

1088 2623 1236 2658 ϐληοείσης
1260 2622 1300 2653 είς
1324 2619 1467 2655 δροσοειδῆ
1494 2618 1645 2653 ποιότητα;
1674 2617 1717 2651 ἐφ’
1740 2612 1763 2649 ᾧ
1788 2616 1840 2642 καὶ
1861 2615 1892 2640 τὸ

1088 2669 1182 2704 θαῦμα
1198 2669 1260 2695 ὅσον
1282 2667 1329 2694 καὶ
1351 2667 1455 2702 ἡλίκον,
1483 2665 1593 2696 διπλαῖς
1610 2663 1792 2698 ἁντιρρόποις
1809 2662 1891 2695 ἐνερ-

1087 2716 1176 2751 γείαις
1189 2714 1254 2746 τοὺς
1269 2713 1362 2746 ἀξίους
1377 2712 1582 2748 ἀμειψάμενονι
1598 2710 1630 2736 Τί
1643 2710 1672 2736 δὲ
1685 2709 1786 2744 Δανιὴλ
1802 2709 1818 2735 ὁ
1835 2708 1892 2734 τῶν

1092 2762 1248 2797 ἐπιθυμιῶν
1264 2761 1352 2795 ἀνήρς
1366 2761 1395 2786 ού
1411 2761 1445 2796 τῇ
1462 2758 1618 2794 καθαρτικῇ
1634 2756 1749 2792 νηστείᾳ.
1764 2763 1891 2791 προχρη-

1095 2808 1212 2843 σάμενος
1237 2807 1424 2834 συνδιαιτᾶται
1450 2805 1540 2833 λέουσι
1566 2804 1729 2839 ἀπήμαντον
1753 2802 1784 2829 sb
1810 2801 1890 2835 σῶμα

1098 2854 1321 2889 ἀπενεγκάμενος
1330 2863 1337 2885 ;
