1921 3073
84 121 138 156 ’101

122 181 158 216 β’.
186 180 267 209 ’ᾹΛΑᾶ
282 182 374 218 βούλει
392 184 440 212 ἐπὶ
454 185 504 221 τὴν
520 187 585 215 νέαν
605 189 816 225 μετεληλυθέναι
836 200 878 219 σοι
893 194 915 221 Α

83 227 132 255 τὸν
158 227 253 262 λόγως
271 229 344 265 Ὀρα
367 230 474 258 Παῦλον
497 233 544 259 τὸν
565 234 656 268 μέγαν
674 235 724 271 τῆς
750 237 879 272 ἀληθείας

83 274 196 309 κήρυκα
219 276 449 312 τριημερονύκτῳ
478 279 591 315 νηστείᾳ
618 280 670 316 τὴν
698 283 879 318 παρασκευὴν

84 319 285 354 ποιησάμενον,
306 318 357 347 εἶθ’
372 321 460 354 οὕτως
475 324 545 359 πρὸς
560 326 593 360 τῇ
610 326 719 354 ὲκτενεϊ
739 327 832 363 δεήσει
848 329 880 355 τὸ

83 364 214 400 ἀληθινὸν
241 365 302 400 φῶς
338 367 458 402 Χριστὸν
489 369 684 406 ἔνδυσάμενον.
713 373 801 400 Βλέπε
831 375 880 401 καὶ

83 410 226 438 Ματθαῖον
239 411 286 438 τὸν
298 412 497 450 εὐαγγελιστὴν
517 416 659 452 προῦργου
672 417 724 454 τὴν
739 419 793 446 τῶν
805 420 880 447 ἐνόν-

82 464 141 483 των
155 457 290 491 ἀπόταξιν
304 459 501 496 ποιησάμενον.
518 462 620 495 αὐτούς
634 472 665 490 τε
687 465 751 497 τοὺς
764 465 877 493 τελωνι-

84 503 152 534 κοϋς
164 502 262 537 λόγους
274 505 381 538 ἀτελεῖς
397 507 583 535 καταλιπόντα
593 529 601 542 ,
622 510 670 536 καὶ
684 510 772 543 οὕτως
787 512 879 548 μαθη-

83 547 147 583 τιᾷν
170 548 210 583 τῷ
229 548 317 584 Ἰησοῦ
338 550 478 586 ἑλόμενον.
503 553 557 580 Καὶ
575 554 652 581 οὔπω
672 555 745 590 λέγω
766 557 808 584 ὄτι
830 547 878 585 καὶ

83 593 220 629 Ζακχαῖος
240 595 376 632 πρότερον
391 598 511 632 χαμόθεν
532 599 649 635 ὑψωθεὶς
665 602 713 629 καὶ
730 602 812 637 σῶμα
831 603 878 630 καὶ

82 639 215 673 διάνοιαν,
236 640 310 668 οὕτω
324 642 372 669 τὸν
390 643 496 678 Ἰησοῦν
509 645 639 679 ὑφέστιον
654 648 812 683 πεποίηται,
828 649 877 676 σὺν

83 685 234 721 ὑποσχέσει
257 688 405 723 κρείττονι,
428 690 477 716 καὶ
502 690 553 725 τῆς
575 692 732 727 κρείττονος
753 694 877 727 ἀξιοῦται

82 733 326 768 προσφωνήσεως·
353 735 401 761 καὶ
426 736 481 772 μὴν
510 738 663 773 Κορνήλιος
686 741 878 777 τετραήμερον

81 778 274 812 νενηστευκώς
292 788 322 806 τε
339 780 387 807 καὶ
403 782 641 818 προσευξάμενος,
658 786 813 820 τηνικαῦτα
826 787 877 822 ὁρᾷ

80 823 130 849 τὸν
151 823 270 858 ἄγγελον
296 826 546 863 εὐαγγελισάμενον
573 829 608 857 τὰ
629 830 800 866 καταθύμια,
829 833 877 859 καὶ

81 869 138 896 τῶν
152 869 270 897 ἐλπίδων
289 871 490 901 ὲπιτέτευκται.
506 875 542 901 Σὺ
557 875 585 902 δὲ
598 896 605 907 ,
624 874 647 903 ὧ
666 876 788 911 βέλτιστε
799 899 806 911 ,
833 878 877 905 ἶνα
893 875 915 902 Β

80 915 148 946 τοὺς
162 915 261 947 ἄλλους
273 917 391 952 παρήσω
406 917 507 952 λέγειν,
523 921 574 947 οὐκ
587 921 652 948 ἄνευ
667 922 813 955 εὑλαὸειας
828 925 876 950 καὶ

81 961 187 995 πολλῆς
204 962 385 998 προφυλακῆς
401 966 458 996 τοῖς
475 964 559 998 θείοις
580 968 811 1003 προσερχόμενος,
828 969 876 996 οὖ-

79 1015 136 1038 τως
152 1006 248 1039 ἁπλῶς
269 1008 317 1034 καὶ
331 1009 586 1044 ἀπαρασκευάστως
600 1013 640 1048 τῷ
663 1014 800 1050 ὑπερφαεῖ
823 1024 875 1050 μυ-

80 1053 189 1088 στηρίῳ
206 1054 378 1090 προσελεύσῃ
391 1076 398 1087 ,
416 1055 451 1082 δι’
467 1053 497 1083 οὗ
523 1066 564 1085 σοι
587 1059 635 1086 καὶ
659 1060 675 1094 ἡ
694 1060 723 1087 ὲν
739 1061 876 1096 πνεύματι

79 1098 222 1132 ἀπότεξις,
249 1102 296 1127 καὶ
319 1101 349 1127 τὺ
372 1102 430 1134 υίὸς
451 1103 541 1136 φωτὸς
569 1105 740 1140 κεκλῆσθαι;
770 1108 819 1134 καὶ
845 1108 876 1135 οὐ

81 1144 152 1179 φοϐῇ
166 1146 204 1181 μή
218 1154 284 1172 ποτε
296 1147 395 1174 ταυτὸν
410 1148 508 1181 πάθοις
518 1150 558 1185 τῷ
567 1151 718 1187 ὀφθαλμοῖς
733 1153 876 1183 ἀσθενέσιν

80 1191 219 1218 ἀντωπεῖν
233 1193 418 1229 ἐπιχειροῦντι
437 1195 506 1231 πρὸς
520 1196 567 1224 τὸν
581 1198 657 1233 ἥλιον
669 1208 675 1233 ;

119 1241 154 1273 γ’.
183 1239 254 1266 Ἀλλ’
268 1240 363 1276 ἐπειδὴ
379 1241 459 1269 τοῦτο
480 1243 589 1276 καλῶς,
605 1245 644 1277 ὡς
672 1244 766 1282 οἶμαι,
783 1250 877 1286 προδι-

82 1284 164 1320 ἑτεθη
184 1285 232 1311 καὶ
245 1285 400 1323 διετυπὼθη
412 1308 420 1320 ,
447 1288 514 1323 φέρε
528 1289 566 1322 ὡς
580 1288 635 1318 οἷόν
656 1301 687 1319 τε
705 1284 876 1331 χωρήσωμεν

81 1331 131 1356 ἐπὶ
141 1331 176 1357 τὰ
192 1331 339 1366 Προφώτια
350 1353 357 1365 ,
370 1335 417 1360 καὶ
433 1334 534 1370 ἴδωμεν
546 1337 765 1374 κεκαθαρμένοις
778 1341 877 1376 ὀφθαλ-

82 1377 145 1411 μοῖς
170 1377 245 1409 ὅπως
267 1377 299 1404 τὸ
323 1378 451 1414 ἀληθινὸν
478 1381 536 1416 φῶς
558 1383 589 1416 ἐξ
610 1385 698 1419 αὐτῆς
721 1388 876 1423 γεννήσεως

80 1425 288 1459 ἀνατεταλκὸς,
314 1427 397 1462 μέχρι
420 1429 469 1455 τοῦ
496 1430 670 1465 φωτογενοῦς
685 1431 876 1468 βαπτίσματος

80 1470 193 1506 πρόεισι
207 1471 422 1508 θεολογούμενον
432 1483 438 1491 ·
451 1475 522 1502 οὕτω
534 1475 589 1512 γὰρ
604 1477 619 1503 6
632 1477 694 1509 νοῦς
709 1479 743 1514 τῇ
770 1479 875 1515 ἱστορίᾳ

81 1516 267 1551 συνεπόμενος
284 1518 441 1552 φωτίζοιτο,
460 1521 506 1547 καὶ
526 1521 540 1547 6
563 1521 643 1556 λόγος
659 1522 806 1560 ἐφαρμογῇ
822 1524 874 1559 τὴν

77 1562 209 1597 διήγησιν
225 1564 366 1599 ποιήσοιτο
377 1585 385 1597 ,
410 1565 454 1600 ἐφ’
470 1565 573 1603 ἑκάστῃ
595 1567 692 1603 τελετῇ
711 1568 873 1604 ἐπιθεωρῶν

77 1608 114 1635 τὰ
130 1609 318 1645 προσήκοντα.
336 1611 417 1648 ’Λρτι
432 1612 579 1648 τοιγαροῦν
599 1614 633 1640 ὲκ
655 1615 794 1649 Παρθένου
810 1623 874 1650 γεν-

78 1654 175 1690 νηθεὶς
190 1656 204 1682 6
217 1656 394 1692 ὕπερούσιος,
410 1658 544 1693 ἀγγέλους
556 1660 696 1695 ὑμνῳδοὺς
705 1660 753 1688 τοῦ
766 1670 873 1698 μυστη-

81 1704 142 1735 ρίου
157 1701 323 1737 παρίστησι”
347 1703 396 1730 καὶ
420 1704 569 1740 σκοπῶμεν
585 1705 616 1732 τὸ
630 1706 788 1742 ἀπόρρητον
798 1715 806 1723 ο
826 1708 872 1742 τίς

78 1747 140 1773 Ἰνα
161 1748 302 1784 γνωρισθῇ
326 1749 413 1776 πᾶσιν
426 1749 467 1776 ὅτι
482 1750 512 1776 ὃν
531 1750 593 1777 κατ’
608 1751 696 1786 ἀρχὰς
711 1752 745 1787 τῇ
763 1752 872 1786 γενέσει

75 1791 132 1819 τῶν
146 1792 256 1828 ἄστρων
270 1794 309 1825 ὡς
324 1795 516 1831 γενεσιουργὺν
531 1795 656 1832 ὕμνησαν
671 1796 795 1831 ἄγγελοι,
808 1798 869 1825 τοῦ-

74 1845 124 1864 τον
137 1837 185 1865 νῦν
198 1839 365 1874 γεννηθέντα
382 1840 429 1867 καὶ
445 1840 562 1875 ὀφθέντα
573 1842 603 1868 ὲν
613 1842 652 1877 τῷ
665 1842 728 1869 καθ’
743 1843 819 1878 ἡμᾶς
833 1844 872 1870 εῖ-

74 1884 116 1910 δει
132 1884 249 1919 ὑμνοῦσι
265 1886 312 1912 καὶ
328 1885 486 1918 δοξάζουσι·
496 1887 537 1914 διὸ
552 1887 601 1914 καὶ
615 1887 704 1924 ἀστὴρ
717 1888 799 1916 αὐτὸν
815 1898 870 1925 μη-

73 1929 135 1956 νύει
151 1931 230 1962 πᾶσι,
245 1932 293 1958 καὶ
311 1931 398 1964 οὕτως
416 1932 487 1968 ὑπὲρ
500 1933 551 1969 τὴν
569 1934 624 1960 τῶν
644 1934 770 1970 ἀστέρων
788 1935 870 1970 φύσιν

72 1976 268 2012 δεικνύμενος,
281 1979 315 2013 τῇ
330 1987 361 2004 τε
375 1980 476 2015 τοπικῇ
491 1980 597 2015 κινήσει
610 1999 618 2013 ,
636 1981 684 2007 καὶ
699 1982 733 2017 τῇ
750 1982 868 2017 ήμερινῇ

72 2021 178 2057 λάμψει
188 2030 196 2037 ·
212 2022 238 2049 τί
253 2023 372 2058 δήποτες,
390 2024 432 2056 Ὠς
448 2024 481 2052 ἂν
496 2025 646 2052 κάντεῦθεν
660 2026 766 2063 δηλωθῇ
785 2028 869 2063 ὑπερ-

72 2069 146 2104 φυὴς
169 2070 184 2096 6
208 2069 321 2105 κυηθε¹ις
333 2089 341 2102 ,
358 2070 503 2106 ἄνθρωπος
519 2073 569 2108 μὲν
583 2073 615 2099 τὸ
629 2072 782 2108 ὁρώμενον,
803 2074 869 2106 Θεὸς

70 2113 100 2141 δὲ
115 2114 147 2141 τὸ
160 2115 317 2150 νοούμενον.
340 2116 482 2144 Ἐντεῦθεν
502 2118 533 2144 τὸ
554 2118 604 2154 τῆς
628 2120 782 2154 περιτομῆς
799 2119 867 2146 Oed»

70 2168 162 2195 ρημα,
179 2161 235 2188 οὐδ’
256 2161 322 2188 αὐτὸ
344 2163 478 2198 ἀμοιροῦν
491 2163 632 2198 θεολογίας
649 2167 708 2197 τοῖς
727 2166 866 2201 ἐπεσκεμ-

70 2206 164 2240 μένως
177 2207 283 2241 ἔχουσι’
293 2207 325 2234 τὺ
337 2208 392 2244 γὰρ
404 2209 552 2244 ἐπικληθὲν
567 2210 643 2246 αὐτῷ
651 2211 754 2246 Ἰησοῦς
768 2211 864 2247 ὕνομα,
881 2225 904 2252 D

68 2251 143 2278 κατὰ
159 2252 208 2287 τὴν
228 2253 277 2280 τοῦ
295 2254 414 2288 ἀγγέλου
430 2255 647 2292 πρωνάρῤησιν,
667 2257 785 2293 ἐπείπερ
805 2258 866 2285 ἐστὶ

68 2299 200 2334 Σωτῆρος
215 2300 335 2335 ἔμφασιν
355 2301 427 2336 ἔχον,
454 2302 530 2334 θείας
556 2303 665 2338 φύσεως
682 2305 865 2339 γνωριστικόν

67 2345 131 2369 ἔστι
141 2364 149 2375 ,
167 2344 251 2371 παντί
266 2353 317 2371 που
340 2346 437 2381 δῆλον·
457 2348 526 2383 μηδὲ
541 2348 596 2383 γὰρ
612 2349 796 2384 ἐπιπεμπέτω
814 2350 865 2385 τὴν

68 2389 200 2422 γλῶσσαν
213 2390 331 2417 ἐνταῦθα
345 2392 360 2418 6
379 2392 514 2428 θεομάχος
527 2394 572 2421 διὰ
582 2395 632 2430 τῆς
644 2395 693 2422 τοῦ
714 2395 802 2431 Ἰησοῦ
817 2396 864 2423 τοῦ

68 2435 150 2470 Ναυῆ
169 2435 332 2472 ὁμωνυμίας
359 2439 614 2475 προεξηγούμενος,
631 2441 670 2473 ὡς
685 2440 735 2468 οὐκ
749 2442 796 2468 ἐπὶ
815 2442 863 2469 τοῦ

68 2480 137 2507 Θεοῦ
153 2481 253 2516 Λόγου,
268 2483 326 2509 ἀλλ’
345 2485 393 2511 ἐπὶ
409 2485 456 2511 τοῦ
473 2486 604 2521 σχετικῶς
619 2486 694 2522 αὑτῴ
710 2487 864 2522 συναφθέν-

67 2534 114 2558 τος
123 2527 291 2563 τεθειμένον.
304 2530 373 2556 Οὐδὲ
385 2531 451 2566 γὰρ,
463 2531 581 2566 ἐπείπερ
593 2532 686 2559 πολλοὶ
701 2534 804 2568 κύριοι,
815 2533 863 2560 καὶ

67 2572 98 2599 οὐ
117 2575 191 2601 κατὰ
207 2575 290 2609 φύσιν
313 2574 404 2604 οὗτοι·
421 2578 489 2613 πρὸς
514 2578 544 2605 δὲ
567 2579 616 2605 καὶ
638 2579 704 2613 θεοὶ,
730 2579 790 2606 ἀλλ’
807 2579 862 2607 οὐδ’

66 2618 147 2645 αὐτοὶ
164 2619 235 2646 κατὰ
250 2621 331 2654 φύσιν
341 2629 349 2637 ·
369 2622 427 2648 ἀλλ’
443 2620 484 2653 εἷς
500 2622 613 2659 Κύριος,
628 2622 668 2656 εἷς
684 2623 750 2656 Θεὸς
763 2625 777 2651 6
789 2624 861 2652 κατὰ

66 2663 152 2698 φύσιν
163 2664 271 2700 ἀληθής
281 2673 288 2680 °
301 2665 372 2693 οὕτω
387 2668 435 2695 καὶ
452 2668 550 2695 πολλαὶ
567 2669 858 2706 προσηγορίαιἸησοῦ,

66 2710 125 2736 ἀλλ’
142 2708 184 2742 εἷς
203 2711 308 2746 Ἰησοῦς
321 2713 336 2738 6
346 2713 399 2739 τῶν
413 2714 542 2741 ἀπάντων
555 2715 661 2751 Σωτήρ.

531 129 675 162 ORATIO
701 131 758 163 III.
775 134 862 165 -ΙΝ
883 135 1062 168 VIGILIAM
1084 139 1280 171 LUMINUM.

963 196 991 223 2.
1015 196 1068 224 Sed
1085 198 1142 224 vin'
1160 198 1194 225 ad
1217 197 1323 225 Novum
1342 198 1549 228 Testamentum
1575 201 1622 228 tibi
1651 202 1722 230 ﬂecti

930 249 1085 270 sermonem
1096 244 1108 270 ?
1119 243 1217 279 Specta
1233 244 1360 278 Paulum,
1376 253 1505 280 magnum
1517 248 1640 275 veritatis
1654 255 1722 283 prae-

929 295 1038 322 conem,
1052 289 1135 316 trium
1156 290 1263 317 dierum
1281 291 1459 326 nortiumque
1473 291 1580 327 jejunio
1599 301 1628 320 se
1645 301 1721 321 cont-

930 339 1084 368 parantem,
1102 340 1184 370 atque
1213 336 1250 362 ita
1276 343 1330 363 non
1349 336 1409 364 sine
1423 342 1567 365 constante
1585 339 1720 370 oratione,

928 388 994 408 vero
1010 381 1119 408 lumine.
1129 381 1241 409 Christo
1255 382 1504 413 circumvestitum.
1519 383 1627 413 Videsis
1639 386 1722 413 etiam

928 426 1123 461 evangelistam
1141 426 1296 455 Matth-xum
1310 429 1466 463 perutiliter
1477 429 1560 457 rebus
1574 431 1632 457 suis
1649 431 1723 459 vale-

929 472 1032 504 dicere,
1050 476 1078 499 et
1097 473 1173 508 ipsas
1198 473 1292 501 telonii
1307 474 1430 502 rationes
1448 474 1623 510 imperfectas
1641 476 1723 504 dese—

928 524 999 550 rere,
1016 522 1099 552 atque
1114 518 1151 546 ita
1167 517 1272 546 Christi
1292 519 1488 555 discipulatum
1501 521 1631 556 arripere.
1648 521 1722 550 Non-

928 562 993 590 dum
1017 563 1162 591 Zachaeum
1188 565 1351 598 memoravi,
1379 573 1496 601 corpore
1519 573 1552 594 ac
1577 572 1667 595 mente
1689 568 1723 594 de

929 615 1001 637 terra
1028 610 1178 642 sublatum,
1199 609 1294 638 Jesum
1321 612 1447 639 convivio
1473 613 1625 648 excepisse.
1657 621 1721 641 cum

927 655 1036 691 egregia
1052 663 1102 683 sua
1118 655 1314 690 promissione,
1333 665 1387 692 qua
1406 658 1548 686 meliorem
1564 658 1665 687 Christi
1681 661 1722 687 al-

928 702 1097 729 locutionem
1121 702 1284 737 promeruit.
1311 703 1377 731 ltem
1405 704 1550 733 Cornelius
1573 706 1722 740 quatriduo

925 748 1055 783 jejunans
1070 752 1097 775 et
1108 755 1202 780 orans,
1220 749 1288 776 vidit
1310 749 1429 784 denique
1451 751 1578 786 angelum
1600 752 1720 786 jucunda

927 794 980 821 sibi
1006 794 1189 827 nuntiantem,
1212 802 1380 830 composque
1404 798 1460 824 voti
1491 797 1580 825 iactus
1603 802 1656 825 est.
1680 797 1720 825 Tn

928 847 1003 872 vero,
1019 840 1122 874 optime
1142 840 1339 875 (baptizande),
1360 846 1390 869 ut
1410 843 1480 870 alios
1495 851 1569 871 nunc
1586 843 1722 879 appellare

929 885 1064 918 omittam,
1078 886 1131 913 etsi
1147 894 1200 913 non
1220 887 1280 914 sine
1297 887 1429 922 religione
1441 889 1586 924 longisque
1597 890 1722 917 excubiis

927 932 960 958 ad
977 932 1034 958 haec
1051 938 1130 958 sacra
1150 931 1270 964 accedis,
1289 932 1468 961 nihilominus
1494 938 1548 961 tam
1564 939 1667 962 temere
1681 940 1722 962 at-

927 984 981 1012 que
993 977 1144 1011 imparatus
1159 978 1191 1004 ad
1203 978 1456 1011 splendidissimum
1471 981 1631 1015 mysterium
1644 981 1720 1011 ades.

927 1024 955 1051 in
968 1030 1022 1057 quo
1038 1027 1083 1050 tua
1101 1024 1232 1057 spiritalis
1245 1024 1274 1051 lit
1289 1025 1429 1056 nativitas.
1443 1030 1471 1052 et
1482 1026 1554 1053 unde
1566 1026 1634 1053 lucis
1649 1026 1722 1054 ﬁlius

927 1070 1074 1105 appellaris
1085 1069 1160 1097 ?Nec
1170 1070 1286 1102 vereris,
1302 1078 1336 1098 ne
1351 1071 1376 1098 id
1391 1072 1516 1106 patiaris.
1528 1072 1601 1106 quod
1615 1072 1721 1099 homini

928 1115 1045 1143 inﬁrmis
1069 1115 1157 1142 oculis
1180 1115 1266 1143 solem
1283 1120 1408 1150 spectare
1434 1116 1537 1144 volenti
1563 1117 1631 1145 solet
1649 1118 1721 1145 acci-

927 1159 1013 1187 dere?

964 1249 990 1276 '5.
1008 1248 1061 1276 Sed
1076 1249 1141 1283 quia
1158 1249 1210 1277 hoc
1225 1250 1344 1286 egregie,
1360 1255 1390 1278 ut
1404 1251 1543 1284 existimo,
1555 1251 1612 1285 jam
1626 1253 1722 1288 dispo-

928 1295 1012 1323 situm
1038 1296 1090 1323 fuit
1108 1301 1135 1323 et
1162 1297 1353 1330 constitutum,
1380 1305 1429 1332 age
1447 1297 1539 1332 quoad
1555 1298 1613 1326 ﬁeri
1631 1304 1721 1334 potest

928 1343 961 1370 ad
977 1342 1031 1370 hoc
1054 1342 1225 1378 pervigilium
1252 1344 1406 1377 veniamus,
1437 1345 1616 1380 purgatisque
1632 1346 1721 1373 oculis

928 1389 1117 1422 observemus,
1137 1389 1276 1424 quomodo
1300 1398 1393 1418 verum
1421 1390 1512 1418 lumen
1531 1391 1588 1426 jam
1607 1392 1670 1419 inde
1686 1393 1721 1419 ab

928 1434 986 1470 ipsa
1002 1434 1144 1462 nativitate
1158 1439 1261 1468 ortum,
1279 1443 1366 1470 usque
1383 1436 1417 1463 ad
1441 1437 1614 1471 splendidum
1629 1438 1718 1472 bapti-

927 1487 1016 1508 smum
1032 1479 1133 1508 comite
1156 1480 1298 1508 divinitate
1317 1482 1457 1516 procedat.
1481 1481 1527 1510 Sic
1544 1482 1618 1510 enim
1641 1491 1720 1511 mens

927 1525 1070 1552 historiam
1088 1524 1248 1553 discurrens
1268 1526 1461 1560 illustrabitur,
1477 1532 1505 1555 et
1519 1529 1608 1556 oratiu
1624 1534 1719 1557 nostra

926 1569 1052 1597 idoneam
1068 1571 1255 1598 narrationem
1267 1571 1359 1604 faciet,
1376 1576 1433 1599 tum
1447 1573 1472 1600 in
1489 1573 1605 1609 singulis
1620 1570 1720 1602 divinae

925 1616 987 1644 vitae
1010 1616 1141 1651 gradibus
1166 1615 1241 1652 quod
1266 1617 1390 1652 apprime
1415 1618 1494 1645 decet
1520 1619 1717 1648 considerabit.

924 1660 1016 1696 Nuper
1037 1668 1102 1696 ergo
1126 1669 1160 1688 ex
1189 1660 1300 1696 Virgine
1329 1667 1409 1690 natus
1432 1663 1719 1698 incomprehensibilis

924 1706 1007 1740 Deus,
1023 1706 1136 1742 angelos
1152 1707 1276 1742 mysterii
1293 1707 1475 1743 hymnologos
1495 1708 1571 1736 fecit.
1588 1709 1621 1735 Et
1637 1716 1714 1736 arca-

923 1761 1001 1786 ntnn,
1030 1760 1136 1788 quaeso,
1165 1753 1429 1782 animadvertamus.
1459 1753 1603 1787 Quodnam
1631 1756 1718 1783 vero?

923 1797 1026 1833 Nempe
1043 1802 1072 1824 ut
1085 1797 1216 1825 omnibus
1234 1803 1328 1825 notum
1349 1799 1436 1832 ﬁeret,
1455 1800 1528 1834 quod
1545 1800 1621 1827 illum
1636 1808 1716 1835 quem

922 1842 1001 1870 initio
1025 1843 1131 1877 mundi,
1158 1851 1220 1870 cum
1246 1849 1321 1872 astra
1351 1845 1548 1878 conderentur,
1586 1850 1716 1881 tauquam

921 1887 1080 1916 Creatorem
1103 1889 1204 1925 hymno
1218 1890 1434 1920 celebraverant.
1459 1899 1533 1919 nunc
1559 1891 1718 1920 humanitus

922 1938 1027 1967 natum,
1041 1938 1068 1961 et
1078 1933 1106 1961 in
1122 1934 1211 1968 specie
1224 1940 1316 1962 nostra
1329 1936 1432 1969 visum,
1450 1937 1560 1971 hymnis
1572 1937 1715 1964 celebrant

920 1984 1003 2015 atque
1017 1981 1163 2008 honorant.
1181 1980 1297 2017 Ideoque
1310 1987 1338 2009 et
1357 1983 1436 2009 stella
1457 1983 1566 2011 cunctis
1584 1983 1662 2010 illum
1678 1984 1718 2012 si-

920 2026 1041 2062 gniﬁcat,
1058 2027 1136 2054 stella
1152 2028 1257 2055 scilicet
1273 2033 1372 2063 praeter
1390 2036 1469 2056 suam
1486 2033 1614 2056 naturam
1631 2035 1718 2057 semet

919 2072 1063 2105 exhibens,
1076 2078 1133 2100 tum
1149 2073 1229 2100 locali
1243 2080 1331 2107 motu,
1346 2079 1402 2101 tum
1416 2074 1501 2102 etiam
1513 2075 1614 2103 diurno
1625 2076 1716 2110 splen-

918 2118 996 2147 dore.
1013 2117 1070 2146 Cur
1086 2119 1134 2146 id?
1150 2119 1272 2154 inquam.
1292 2118 1328 2147 Ut
1343 2120 1408 2148 hinc
1422 2121 1505 2148 etiam
1522 2125 1716 2156 supernatura-

918 2164 953 2192 lis
968 2169 1112 2200 appareret
1126 2165 1172 2200 qui
1189 2171 1269 2193 natus
1285 2171 1352 2196 erat.
1368 2171 1395 2193 et
1406 2167 1489 2194 homo
1501 2168 1610 2202 quidem
1622 2176 1716 2196 cerne-

919 2217 1006 2244 retur.
1024 2213 1095 2240 Deus
1115 2217 1206 2240 tamen
1223 2213 1433 2249 intelligeretur.
1451 2213 1582 2249 Sequitur
1594 2215 1716 2242 circum-

917 2259 1030 2288 cisionis
1043 2259 1248 2294 contemplatio,
1266 2267 1299 2287 ne
1315 2260 1373 2295 ipsa
1390 2260 1501 2295 quidem
1516 2260 1653 2295 theologia
1669 2268 1714 2287 ca-

915 2312 991 2337 rens,
1006 2305 1029 2332 si
1043 2305 1124 2333 modo
1140 2306 1246 2332 intenta
1263 2311 1354 2333 mente
1377 2306 1432 2333 ﬁat.
1449 2306 1517 2334 Nam
1534 2305 1598 2334 Jesu
1613 2314 1712 2333 nomen

915 2350 1086 2385 impositum,
1097 2351 1175 2384 juxta
1186 2352 1276 2386 angeli
1292 2352 1509 2386 praedictionem.
1531 2353 1595 2387 quia
1613 2351 1714 2379 Serva-

915 2402 1002 2425 torem
1031 2403 1121 2430 sonat,
1149 2398 1248 2425 divinae
1276 2403 1381 2426 naturae
1409 2399 1620 2433 signiﬁcativum
1652 2406 1714 2426 esse

918 2449 999 2469 nemo
1013 2450 1067 2470 non
1084 2443 1166 2471 videt.
1180 2444 1273 2479 Neque
1286 2452 1351 2472 vero
1365 2444 1409 2471 hic
1422 2445 1509 2472 vibret
1529 2444 1654 2480 linguam
1666 2443 1712 2471 Dei

915 2488 1014 2524 aliquis
1027 2489 1124 2522 hostis,
1140 2495 1249 2525 propter
1260 2490 1323 2518 Jesu
1336 2489 1410 2517 Nave
1435 2491 1483 2517 ﬁlii
1497 2490 1711 2526 Itomonymiam.

914 2533 1008 2562 dicens
1023 2542 1077 2562 non
1094 2534 1181 2563 fuisse
1196 2536 1247 2564 hoc
1265 2544 1365 2564 nomen
1394 2542 1524 2572 tanquam
1549 2537 1604 2563 Deo
1624 2536 1713 2563 Verbo

913 2578 1083 2615 impositum,
1103 2582 1149 2609 sed
1169 2582 1273 2610 homini
1288 2583 1369 2617 cujus
1386 2591 1448 2610 cum
1467 2583 1513 2610 illo
1529 2587 1621 2610 vetere
1641 2590 1710 2609 eon-

913 2626 1050 2654 venientia
1075 2628 1165 2663 aliqua
1192 2629 1253 2656 fuit.
1280 2629 1374 2664 Neque
1397 2631 1481 2660 enim,
1498 2629 1606 2656 etiamsi
1631 2628 1709 2655 multi

915 2671 1018 2700 domini
1043 2679 1116 2706 sunt,
1141 2675 1212 2702 haud
1228 2679 1317 2703 tamen
1336 2680 1433 2702 natura
1448 2680 1511 2702 sunt
1523 2675 1606 2707 tales;
1623 2673 1665 2702 vel
1686 2674 1709 2701 si

916 2719 993 2745 multi
1006 2719 1053 2752 dii,
1069 2728 1104 2748 ne
1119 2721 1145 2748 hi
1166 2721 1276 2756 quidem
1292 2729 1386 2756 reapse
1402 2721 1489 2754 tales;
1506 2721 1553 2749 sed
1568 2729 1640 2748 unus
1656 2720 1709 2747 Do-

66 2757 171 2789 minus,
187 2766 260 2786 unus
286 2759 358 2788 Deus
373 2766 470 2796 suapte
485 2766 584 2790 natura
601 2770 688 2790 verus.
715 2761 761 2790 Sic
774 2762 857 2790 etiam
876 2763 953 2791 multi
990 2770 1055 2793 sunt
1076 2767 1188 2795 nomine
1210 2767 1274 2795 .lesu
1299 2768 1438 2803 appellati.
1461 2773 1490 2794 ut
1527 2772 1618 2794 tamen
1638 2775 1709 2794 unus

66 2804 102 2830 sit
112 2802 195 2832 Jesus
214 2806 338 2833 omnium
355 2806 495 2835 Servator.

99 2851 133 2878 δ’.
162 2852 303 2881 Ἐντεῦθεν
315 2854 431 2889 ἀνῆκται
445 2856 484 2888 εἰς
505 2856 678 2892 Ἰεροσόλυμα
688 2865 694 2872 ⁵
712 2857 758 2884 καὶ
768 2854 810 2884 οἷα
824 2858 856 2885 τὰ

947 2857 974 2885 ιι.
989 2855 1090 2884 Deinde
1105 2855 1320 2891 llicwsolymaut
1338 2856 1493 2892 deportatus
1510 2861 1550 2884 cst
1567 2865 1572 2883 ;
1589 2861 1615 2883 et
1631 2863 1700 2891 qua»
