1921 3073
210 118 262 150 703

802 123 832 152 S.
852 121 1051 152 THEODORI
1069 122 1245 152 STUDlT/E
1790 118 1840 149 τοι

208 185 272 204 nam
294 176 354 211 ejus
372 175 419 210 qui
436 175 511 203 illum
534 176 606 204 ulnis
625 177 731 212 excepit
759 177 896 206 Simeonis
920 177 1001 205 verba

1064 177 1101 204 τοῦ
1119 177 1320 212 ὑποδεξαμένου
1337 175 1418 203 αὑτὸν
1444 176 1473 202 ὲν
1496 175 1557 206 ταῖς
1580 173 1716 208 ἀγκάλαις
1732 174 1840 209 Συμεὼν

209 223 320 255 fuerint,
346 223 467 255 scimus;
490 230 587 257 nempe
603 223 675 257 quod
701 227 774 250 esset
798 223 918 251 salutare
943 223 1002 255 Dei,

209 272 332 302 paratum
348 271 410 295 ante
423 266 519 295 faciem
534 269 657 295 omnium
672 269 848 303 populorum,
864 274 891 297 et
905 269 1003 297 lumen

209 314 242 340 ad
258 313 377 348 gentium
400 313 594 342 revelationem
607 315 629 348 ",
642 318 670 342 et
695 314 718 341 si
736 315 800 350 quid
816 315 891 342 aliud
908 315 1006 350 hujus-

211 361 285 388 modi
300 360 333 387 de
345 360 392 388 illo
404 361 602 395 pronuntiavit,
617 361 642 388 id
661 368 740 396 mque
754 361 788 389 de
803 361 883 389 Patre
899 362 1005 390 theolo-

211 404 271 438 gice
288 404 340 431 dici
357 412 438 439 posse
451 405 630 439 iudicandum
645 410 696 433 est.
714 404 838 440 Namque
853 406 936 434 etiam
953 406 1006 434 Pa-

212 456 263 482 ter,
279 451 409 478 Servatur
425 451 571 486 lumenque
588 451 616 479 in
631 452 751 480 oraculis
768 453 937 480 nominatur.
953 453 1006 485 Qui

212 501 294 528 porro
319 495 442 523 eamdem
472 496 680 530 appellationem
705 497 876 525 substantive
897 498 1007 532 partici-

213 543 288 574 pant,
315 539 397 567 iidem
418 541 541 568 eamdem
560 549 671 576 quoque
695 550 725 569 se
753 542 853 570 habere
880 547 1006 570 naturam

214 585 346 620 produnt.
363 586 458 621 Itaque
475 586 562 614 Filius
574 587 648 615 Patri
664 587 702 614 ait
718 597 724 614 :
739 587 836 615 Omnia
864 596 936 622 mea,
961 593 1008 616 tua

213 634 295 663 sunt;
312 635 339 658 et
355 635 412 664 tua,
428 639 489 659 mea
506 641 512 659 :
528 633 747 668 reciprocatione
761 633 912 661 secundum
928 639 1008 662 natu-

214 685 273 705 ram
290 677 435 712 allirmata,
452 687 505 707 non
536 680 688 707 secundum
715 688 895 714 personarum
912 682 1009 708 termi-

214 731 279 750 num
301 725 377 752 :hoc
396 725 470 752 enim
492 724 653 752 Sabellianze
671 725 841 754 confusionis
867 734 1009 754 commen-

213 774 271 797 tum
294 775 346 802 est,
371 771 443 806 quod
461 771 609 806 rejicimus.
633 771 730 799 Postea
747 772 775 798 in
798 771 946 807 Egyptum
963 773 1009 800 de-

214 815 332 848 scendit,
348 819 375 843 et
390 816 498 851 quidem
519 816 690 851 deportatus.
707 817 760 844 Sed
778 817 840 845 audi
856 817 921 852 quid
937 818 1010 846 dicat

1055 223 1177 259 ῥήματα,
1195 223 1275 258 ῐσμεν
1285 230 1292 238 '
1316 222 1347 249 τδ
1368 222 1423 257 γὰρ
1439 220 1574 256 σωτήριον
1589 218 1658 246 Θεοῦ
1674 220 1842 255 ἡτοιμασμέ-

1054 277 1099 296 νον
1119 268 1193 296 κατὰ
1213 267 1360 304 πρόσωπον
1376 267 1487 295 πάντων
1506 265 1562 293 τῶν
1577 265 1661 297 λαῶν,
1675 265 1733 300 φῶς
1753 274 1783 292 τε
1804 267 1842 297 ei;

1055 313 1226 348 ἀποκάλυψιν
1243 313 1339 345 ἐθνῶν,
1362 312 1410 340 καὶ
1433 312 1460 340 εῐ
1478 321 1505 339 τι
1528 311 1635 342 τούτοις
1659 310 1753 346 ἕτερον
1767 311 1843 337 αὑτὸν

1055 359 1238 391 ἀποκαλέσαι,
1254 360 1297 386 ἐπ’
1312 359 1372 394 ἴσης
1387 359 1426 394 τῷ
1447 357 1535 393 Πατρὶ
1551 355 1608 384 εἷεν
1628 356 1843 391 θεολογούμενα·

1056 405 1119 432 ἐπεὶ
1132 405 1179 432 καὶ
1191 405 1206 432 ὁ
1220 405 1316 441 Πατὴρ
1333 405 1380 432 xal.
1397 404 1495 439 Σωτὴρ
1507 403 1556 430 καὶ
1573 402 1631 438 φῶς
1646 402 1717 438 πρὸς
1730 403 1787 434 τοῖς
1801 402 1843 428 λο-

1056 450 1128 485 γίοις
1149 451 1309 486 ὠνόμασται
1321 458 1329 466 '
1346 450 1381 477 τὰ
1401 449 1431 477 δὲ
1448 449 1498 484 τῆς
1520 448 1607 484 αὐτῆς
1622 447 1773 483 ὀνομασίας
1794 447 1844 474 ὕπ-

1057 496 1188 532 αρκτικὰ,
1212 497 1259 523 καὶ
1279 495 1330 531 τῆς
1353 495 1438 530 αὐτῆς
1455 493 1488 521 ἂν
1507 493 1549 529 εῑη
1568 494 1678 528 φύσεως
1699 493 1843 528 δηλωτικὰ.

1059 541 1115 568 Καὶ
1136 540 1202 575 γοῦν
1222 540 1285 572 re;
1310 539 1379 575 πρὸς
1398 539 1444 565 τὸν
1466 537 1579 572 Πατέρα
1599 536 1683 572 φησι·
1701 535 1795 563 Πάντα
1813 535 1846 562 τὰ.

1059 585 1114 621 ὲμὰ
1131 587 1167 612 σά
1181 586 1251 619 ἐστι,
1265 585 1313 612 καὶ
1327 585 1362 612 τὰ
1378 584 1412 611 σὰ
1424 584 1495 619 ὲμά·
1513 583 1564 618 τῆς
1581 582 1763 616 ἀντιστροφῆς
1778 580 1846 608 κατὰ

1058 632 1104 658 τὸν
1125 631 1175 667 τῆς
1198 630 1292 662 οὐσίας
1312 629 1436 665 δηλονότι
1458 629 1537 662 λόγον
1559 626 1799 663 ὁμολογουμένης,
1817 626 1846 652 οὐ

1059 676 1131 704 κατὰ
1159 676 1206 704 τὸν
1233 676 1289 703 τῶν
1315 675 1493 703 ὑποστάσεων
1514 674 1594 709 ὅρον·
1621 672 1701 705 τοῦτο
1721 672 1775 706 γὰρ
1800 671 1848 706 τῆς

1060 723 1218 759 συγχύσεως
1236 723 1382 750 Σαϐελλίου
1396 722 1425 749 τὸ
1440 722 1570 757 φρόνημα
1582 741 1589 754 ,
1611 720 1680 754 ὅπερ
1694 718 1846 754 ἡρνήμεθα.

1067 769 1208 797 Ἐντεῦθεν
1232 769 1354 796 κάτεισιν
1376 768 1417 799 εἰς
1446 767 1584 801 Αιγυπτον
1607 765 1654 792 καὶ
1679 763 1849 799 ὑπειλημμέ-

1061 822 1105 845 νος
1132 813 1206 850 [cod.
1230 811 1465 848 bmtlnppévovl-
1494 811 1552 837 ἀλλ’
1581 810 1698 838 ἄκουσον
1721 809 1748 836 τί
1767 817 1849 844 φησιν

216 861 300 888 Isaias
315 870 322 888 :
337 861 404 888 Ecce
425 861 555 888 Dominus
580 862 630 888 levi
654 862 722 888 nubi'
740 862 857 889 insidens
880 862 963 889 veniet
979 863 1007 889 in

1065 859 1178 891 Ἡσαΐας
1187 867 1193 874 ·
1217 859 1290 886 Ἰδοὺ
1304 859 1414 892 Κύριος
1426 857 1552 891 κάθηται
1565 856 1616 884 ἐπὶ
1628 856 1760 891 νεφέλης
1780 856 1848 882 κού-

215 906 372 942 ιερῃριιιηι,
385 912 410 935 et
424 912 520 934 cuncta
532 906 643 942 Egypli
658 907 731 934 idola
742 915 832 934 coram
846 916 876 935 eo
891 916 1008 935 contmn-

215 951 344 978 vebuntur
358 952 379 978 ⁸.
396 951 465 984 Quid
489 952 590 979 clarius
604 952 657 979 dici
680 952 769 987 potuit
794 952 827 979 de
845 953 898 979 Deo
919 953 1008 980 incar-

217 1002 282 1024 nato
297 997 362 1024 illuc
378 998 560 1025 adventante?
581 998 642 1025 Mox
657 998 691 1025 de
707 997 827 1033 [Egypto
852 999 1008 1031 revertitur,

216 1048 243 1071 et
257 1043 405 1071 incolatum
423 1043 550 1070 Nazareti
564 1043 672 1079 delegit,
690 1045 762 1072 unde
778 1045 860 1072 etiam
875 1053 1009 1080 agnomen

217 1089 365 1117 contraxit.
382 1090 422 1116 'l'u
439 1097 503 1117 vero
524 1097 558 1116 ne
572 1089 785 1124 cogitationibus
806 1091 928 1124 lluctnes,
943 1091 1008 1118 dum

217 1133 264 1160 Dei
279 1134 442 1161 descensum
459 1134 633 1169 reditumque
654 1135 744 1166 audis,
764 1139 791 1163 et
816 1135 929 1163 localem
953 1143 1011 1162 mo-

217 1183 274 1212 tum
299 1186 332 1206 ac
362 1179 643 1214 transmigrationem.
670 1180 737 1207 Nam
766 1180 789 1207 si
816 1180 937 1209 Verbum
952 1182 1011 1208 sine

217 1232 334 1259 corpore
350 1224 558 1260 intelligeretur,
574 1233 628 1252 non
645 1229 745 1253 temere
757 1231 874 1253 mentem
890 1231 1010 1253 nostram

218 1270 387 1298 commoveri
398 1277 430 1298 ac
442 1270 596 1304 perturbari
610 1271 780 1306 contingeret
792 1280 798 1297 τ
811 1272 858 1299 sed
873 1272 937 1306 quia
949 1280 1010 1299 cum

219 1323 334 1350 corpore
349 1319 403 1347 est,
420 1315 488 1342 nihil
504 1321 546 1344 est
560 1316 695 1343 absonum
713 1321 760 1344 aut
786 1317 987 1352 inconsequens
1004 1325 1010 1342 :

219 1367 338 1395 namque
351 1365 381 1387 ut
395 1359 467 1388 Deus
483 1360 512 1388 in
528 1368 609 1388 carne
628 1361 770 1395 apparuit;
787 1361 823 1387 ita
848 1360 909 1388 loca
926 1364 1014 1388 mutat

221 1403 292 1432 Dens
303 1404 330 1431 in
345 1411 439 1436 carne,
463 1409 491 1432 et
511 1405 579 1432 alias
593 1404 729 1439 quaslibet
741 1406 803 1432 vita:
823 1411 930 1432 carneze
952 1397 1013 1440 pro;

219 1450 350 1485 prietates
368 1450 494 1478 admittit.

255 1540 282 1567 5.
299 1539 368 1567 Hinc
378 1540 434 1576 jam
451 1548 539 1568 annos
554 1540 698 1568 duodecim
717 1545 799 1569 natus
815 1541 842 1568 in
858 1541 949 1569 medio
964 1541 1012 1569 do-

219 1590 326 1614 ctorum
344 1586 431 1620 sedet,
445 1587 561 1615 audiens
573 1593 599 1614 et
619 1588 803 1622 interrogans,
818 1588 1013 1622 prudentibus-

220 1639 274 1667 que
295 1632 436 1667 responsis
461 1633 604 1660 audientes
621 1633 851 1667 obstupefaciens.
869 1633 925 1669 Age
949 1640 1013 1661 vero

220 1679 347 1713 quisnam
365 1679 407 1706 illa
430 1684 511 1706 aetate
527 1684 580 1706 Iam
598 1679 666 1706 mira
690 1679 802 1712 diceret,
832 1679 884 1706 nisi
900 1680 1014 1707 omnino

221 1725 381 1752 incarnatus
395 1725 486 1752 Deus?
499 1725 568 1752 Tum
582 1725 664 1752 etiam
679 1733 694 1752 a
713 1725 800 1753 Matre
820 1726 1013 1760 interrogatus,

220 1778 282 1804 quae
297 1771 412 1798 revelari
433 1771 467 1798 ab
484 1779 516 1798 eo
532 1770 579 1797 Dei
597 1771 710 1805 gloriam
730 1772 853 1806 optabat.
878 1772 915 1799 rei
933 1778 1015 1807 gesta:

223 1818 355 1845 rationem
383 1817 510 1844 reddidit.
536 1816 632 1844 Viden‘
651 1823 755 1852 quanta
782 1818 809 1844 in
830 1818 902 1844 brevi
922 1826 1016 1845 narra-

221 1863 296 1890 tione
311 1863 447 1897 theologia
470 1863 525 1889 sit?
546 1868 573 1890 et
593 1863 730 1895 quomodo
755 1863 888 1890 Dominus
912 1863 1014 1898 gloriae,

222 1915 272 1935 ceu
296 1915 342 1935 rex
361 1908 473 1943 quidam
495 1909 638 1943 magnillce
661 1917 694 1936 ex
715 1909 854 1943 regalibus
877 1908 1015 1942 thalamis,

226 1953 368 1985 maternis,
378 1953 502 1988 inquam,
513 1953 675 1986 visceribus,
684 1954 821 1989 prodiens,
831 1955 924 1982 dextra
936 1954 1016 1982 laeva-

223 2007 277 2034 que
291 1999 400 2034 hymnis
415 1998 589 2026 celebratur?
603 1998 700 2026 Merito
718 2006 783 2034 ergo
807 1999 920 2026 tonitrui
945 1999 1017 2027 [ilius

223 2044 342 2071 Joannes
358 2044 509 2071 clamavit:
533 2043 568 2070 Et
588 2043 700 2071 Verbum
722 2052 783 2071 caro
799 2045 900 2079 factum
922 2050 972 2078 est,
992 2050 1017 2073 et

224 2091 354 2117 habitavit
369 2091 397 2118 in
419 2091 504 2123 nobis,
518 2096 543 2118 et
561 2091 674 2118 vidimus
691 2090 804 2125 gloriam
821 2091 890 2125 ejus,
905 2091 1018 2126 gloriam

224 2136 301 2170 quasi
314 2137 442 2172 unigenili
456 2145 471 2163 a
488 2136 578 2168 Patre,
594 2137 700 2171 plenum
714 2137 808 2171 gratia
827 2141 851 2163 et
866 2137 983 2164 veritatis
995 2138 1017 2164 ".

1059 914 1130 940 φης,
1158 905 1208 932 καὶ
1235 904 1303 938 ἥξει
1331 905 1375 936 εις
1390 904 1557 938 Αιγυπτον,
1580 901 1629 929 καὶ
1655 900 1849 934 σεισθήσεται

1060 951 1158 978 πάντα
1172 950 1208 977 τὰ
1231 949 1425 984 χειροποίητα
1445 948 1595 982 Αἰγύπτου
1613 946 1673 974 ἀπὸ
1688 945 1849 981 προσώπου

1060 996 1171 1023 αὑτοῦ·
1202 992 1233 1021 οὗ
1257 994 1283 1021 τί
1309 994 1342 1021 ἂν
1363 993 1468 1027 γένοιτο
1489 991 1713 1028 γνωριμώτερον,
1739 991 1808 1017 Θεὸν
1822 991 1850 1017 ὲν

1062 1041 1143 1076 σαρκὶ
1169 1038 1239 1067 εἶναι
1269 1040 1315 1066 τὸν
1339 1041 1429 1066 ἐκεῖσε
1456 1038 1640 1073 ὰφικὸμενονς
1664 1037 1807 1064 Ἐντεῦθεν
1822 1037 1851 1068 ἐξ

1061 1087 1198 1121 Αἰγύπτου
1214 1086 1354 1113 ἐπάνεισιν
1364 1105 1372 1118 ,
1387 1085 1434 1111 καὶ
1454 1085 1494 1116 εἰς
1509 1083 1639 1119 Ναζαρὲτ
1653 1083 1739 1110 οἰκεῖν
1752 1083 1850 1115 εἵλετο,

1061 1131 1107 1165 ἀφ’
1122 1129 1155 1167 ἧς
1171 1131 1218 1158 καὶ
1229 1130 1278 1166 τὴν
1293 1129 1451 1164 ἐπωνυμίαν
1467 1128 1563 1164 εἴληφε
1573 1135 1580 1143 °
1599 1128 1632 1154 σὺ
1644 1127 1673 1154 δὲ
1688 1127 1772 1162 μήπω
1787 1127 1852 1161 ἰλιγ-

1061 1177 1163 1212 γιάσῃς
1178 1177 1236 1208 τοῖς
1251 1177 1394 1212 λογισμοῖς
1408 1175 1517 1202 ἀκούων
1533 1174 1580 1201 ἐπὶ
1593 1174 1661 1201 Θεοῦ
1676 1173 1790 1200 κάθοδον
1807 1173 1853 1200 καὶ

1061 1223 1164 1254 ἄνοδον,
1183 1223 1300 1257 τοπικήν
1323 1230 1353 1248 τε
1382 1221 1491 1256 κίνησιν
1507 1223 1555 1247 καὶ
1573 1219 1720 1255 μετάθεσιν
1733 1227 1739 1234 ·
1759 1220 1785 1245 ει
1806 1219 1854 1255 μὲν

1062 1269 1118 1305 γὰρ
1133 1268 1217 1304 χωρὶς
1232 1267 1359 1303 σώματος
1372 1267 1386 1293 ὁ
1400 1267 1486 1301 Λόγος
1507 1266 1665 1301 ὲξηκούετο,
1682 1263 1717 1301 ἦν
1731 1265 1807 1297 εἰκὸς
1826 1264 1855 1291 τδ

1063 1316 1181 1342 ὲπισεῖον
1196 1314 1242 1342 τὸν
1255 1314 1318 1341 νοῦν
1331 1314 1379 1341 καὶ
1391 1313 1523 1349 θορυϐοῦν
1533 1322 1540 1329 ·
1556 1313 1618 1339 ἐπεὶ
1634 1313 1662 1339 δὲ
1678 1312 1747 1348 μετὰ
1760 1311 1854 1347 σώμα-

1062 1370 1119 1394 τος,
1136 1361 1213 1388 οὐδὲν
1227 1361 1331 1396 ἀπηχὲς
1345 1360 1406 1387 οὐδὲ
1422 1359 1606 1387 ἀνακόλουθον
1616 1367 1623 1375 ·
1636 1358 1674 1390 ὼς
1686 1357 1740 1394 γὰρ
1755 1358 1855 1392 ὲφανε-

1065 1406 1139 1443 ρώθη
1153 1406 1219 1438 Θεὺς
1235 1407 1262 1433 ὲν
1281 1406 1375 1441 σαρκὶ,
1391 1406 1462 1432 οὕτω
1479 1404 1527 1432 καὶ
1540 1403 1642 1435 τόπους
1659 1402 1771 1438 άμεῑὸει
1792 1402 1856 1433 Θεὸς

1064 1453 1093 1479 ὲν
1109 1452 1205 1487 σαρκι-
1223 1452 1271 1478 καὶ
1284 1451 1334 1478 ὅσα
1348 1450 1415 1478 ἄλλα
1431 1450 1481 1485 τῆς
1492 1451 1521 1476 ὲν
1540 1449 1622 1485 σαρκὶ
1635 1448 1709 1483 ζωῆς
1723 1448 1857 1483 ἰδιώματα

1065 1498 1217 1534 προσίεται.

1099 1543 1129 1572 ε’,
1148 1543 1290 1570 Ἐντεῦθεν
1308 1541 1482 1576 δωδεκαετὴς
1506 1541 1651 1577 γενόμενος
1664 1541 1693 1567 ὲν
1708 1539 1786 1576 μέσῳ
1805 1539 1858 1566 τῶν

1063 1589 1230 1617 διδασκάλων
1244 1589 1362 1624 κάθηται
1379 1588 1483 1615 ἐπαΐων
1499 1588 1548 1615 καὶ
1572 1586 1720 1623 ἐπερωτῶν
1735 1586 1787 1613 καὶ
1798 1585 1859 1616 ταῖς

1065 1635 1214 1670 ἐμμελέσιν
1226 1634 1408 1669 ἀποκρίσεσιν
1421 1633 1535 1666 ὲξιστῶν
1548 1633 1613 1665 τοὺς
1631 1632 1796 1662 ἀκούοντας.
1811 1631 1857 1658 Τί-

1065 1690 1108 1713 νος
1125 1681 1147 1708 δ’
1164 1681 1198 1708 ἂν
1212 1681 1259 1708 καὶ
1274 1680 1318 1715 εἴη
1334 1681 1363 1707 ὲν
1375 1680 1490 1715 τοιαύτῃ
1505 1679 1600 1715 ἡλικίᾳ
1614 1678 1768 1714 τηλικαῦτα
1785 1677 1859 1711 ἐξαι-

1066 1735 1112 1753 σια
1139 1725 1324 1761 φθέγγεσθαι,
1352 1725 1368 1760 ἢ
1394 1725 1505 1756 πάντως
1529 1724 1597 1751 Θεοῦ
1626 1724 1859 1760 σεσαρκωμένους

1072 1773 1154 1799 Ἀλλὰ
1168 1773 1222 1807 γὰρ
1237 1772 1285 1799 καὶ
1301 1772 1353 1799 ὑπὸ
1368 1772 1417 1808 τῆς
1435 1771 1539 1807 μητρὸς
1553 1771 1780 1806 ἀνακρινόμενος,
1789 1769 1862 1804 φιλο-

1067 1818 1238 1853 πευστούσης
1257 1818 1355 1854 μαθεῖν
1380 1817 1430 1852 τὴν
1453 1816 1625 1851 ἀποκάλυψιν
1649 1816 1697 1850 τῆς
1721 1816 1862 1852 πατρικῆς

1066 1863 1148 1890 αὑτοῦ
1164 1863 1258 1897 δόξης,
1282 1863 1328 1890 τὸν
1345 1863 1425 1897 λόγον
1441 1862 1616 1889 ἀποδίδωσιν.
1639 1862 1721 1897 Ὁρᾷς
1746 1862 1812 1888 ὅσον
1831 1862 1863 1888 ὲκ

1068 1909 1275 1945 σχεδιασθείσης
1283 1909 1436 1945 διηγήσεως
1446 1907 1592 1942 ὑπεδείχθη
1601 1907 1635 1934 τὰ
1644 1907 1862 1942 θεολογοὺμενας

1068 1954 1116 1982 καὶ
1130 1955 1203 1986 ὅπως
1217 1955 1232 1981 ὸ
1247 1954 1348 1990 Κύριος
1370 1955 1420 1990 τῆς
1435 1952 1515 1988 δόξης
1529 1950 1574 1979 οἷά
1603 1961 1645 1984 τις
1670 1951 1802 1987 βασιλεὺς
1821 1952 1864 1978 εὖ·

1068 2001 1183 2038 πρεπῶς
1198 2000 1229 2033 ἐξ
1245 1999 1436 2036 ἀνακτορικῶν
1453 1999 1584 2034 θαλάμων
1597 1999 1652 2025 τῶν
1669 1998 1817 2034 μητρικῶν
1832 1997 1864 2031 δὴ

1070 2048 1233 2083 σπλάγχνων
1257 2046 1462 2082 προερχόμενος
1482 2045 1545 2081 τῇδε
1572 2045 1620 2071 καὶ
1641 2045 1704 2080 τῇδε
1723 2044 1862 2080 ὕμνηται;

1069 2096 1191 2126 Εἰκότως
1204 2092 1251 2122 οὖν
1267 2095 1281 2121 ὁ
1292 2094 1341 2129 τῆς
1357 2093 1475 2128 βροντῆς
1489 2092 1546 2125 υἱὸς
1566 2092 1692 2127 Ἰωάννης
1708 2091 1862 2125 κέκραγεν·

1070 2142 1123 2169 Καὶ
1147 2143 1163 2168 ὁ
1184 2141 1280 2176 Λόγος
1302 2138 1381 2173 σὰρξ
1403 2138 1532 2174 ἐγένετο,
1556 2138 1608 2165 καὶ
1626 2137 1812 2170 ἐσκήνωσεν
1832 2137 1866 2162 ἐν

226 2180 279 2208 Sed
304 2188 369 2208 ecce
393 2180 513 2208 Joannes
530 2189 544 2208 e
560 2181 668 2208 deserto
693 2181 816 2214 veniens,
842 2182 1012 2217 peregrinum

1069 2187 1142 2222 ἡμῖν
1173 2186 1234 2221 (καὶ
1257 2184 1446 2218 ἐθεασάμεθα
1462 2184 1520 2218 τὴν
1534 2183 1629 2215 δόξαν
1645 2182 1753 2214 αὑτοῦ,
1770 2181 1866 2214 δόξαν

226 2226 355 2253 lsraelitis
368 2231 395 2254 et
410 2231 568 2261 exoptatum
586 2227 785 2261 spectaculum,
800 2226 847 2254 Dei
862 2227 975 2263 angelus
991 2233 1017 2255 et

225 2273 368 2306 apostolus
381 2272 487 2307 primus
508 2272 621 2299 electus.
643 2273 792 2307 Oportebat
805 2272 878 2300 enim
897 2273 963 2300 tanti
978 2282 1018 2301 re-

226 2318 268 2353 gis
283 2318 362 2345 talem
379 2326 438 2345 esse
458 2319 584 2350 militem,
598 2323 625 2346 et
637 2319 772 2354 pontilicis
784 2319 897 2346 maximi
913 2324 1018 2347 tantum

229 2363 395 2390 ministrum.
437 2362 470 2389 Et
511 2363 697 2397 intelligamus
733 2363 905 2398 mysterium,
939 2364 1019 2398 quale

228 2412 417 2443 quantumque
437 2408 483 2435 sit.
500 2408 569 2442 Quia
588 2408 645 2435 lieri
662 2416 715 2436 non
732 2413 847 2443 poterat,
861 2409 926 2444 quin
939 2417 1021 2444 para-

227 2453 347 2488 nympho
362 2458 495 2488 praesente
515 2462 633 2489 sponsus
650 2462 758 2489 quoque
783 2455 901 2487 adesset,
916 2460 942 2482 et
962 2455 1020 2483 cla-

228 2504 320 2527 mante
335 2508 400 2528 voco
422 2499 539 2528 Verbum
561 2500 662 2536 pariter
685 2500 826 2527 audiretur
842 2509 849 2527 :
864 2501 929 2536 quid
945 2501 1020 2528 aceL

229 2546 289 2572 dit?
303 2547 402 2581 quidve
417 2547 566 2582 prudenter
581 2551 706 2574 curatum
725 2551 776 2573 est.
797 2546 905 2574 Secedit
921 2555 1020 2582 pueru—

229 2592 272 2620 lus
283 2592 403 2620 Joannes
418 2600 431 2619 a
444 2593 559 2627 publicis
574 2592 641 2619 locis
654 2592 680 2618 in
695 2591 833 2624 abstrusa,
846 2599 894 2619 ceu
911 2592 1020 2620 lucerna

228 2639 353 2674 quaedam
369 2639 420 2666 sub
440 2638 531 2665 modio
549 2638 575 2664 in
596 2638 703 2665 deserto
718 2642 813 2672 prmter
832 2643 934 2666 natura:
946 2639 1020 2666 ordi-

230 2692 292 2712 nem
311 2685 422 2719 drgens.
440 2684 479 2710 “li
507 2691 641 2718 supernas
663 2683 739 2710 audit
762 2691 853 2716 voces,
872 2688 899 2712 et
920 2685 1021 2713 divinis

229 2730 381 2759 visionibus
397 2729 495 2764 dignus
511 2729 641 2761 habetur;
656 2733 683 2756 ct
699 2728 878 2757 incll‘abilibus
896 2730 1020 2758 initiatnr

272 2821 282 2836 '
297 2821 363 2849 Luc.
383 2829 410 2854 ll,
428 2821 472 2854 50,
489 2822 531 2849 52.
573 2822 582 2837 ⁵
596 2821 647 2848 lsa.
666 2829 719 2854 χιι,
742 2821 765 2847 l.
818 2822 826 2836 ⁷
844 2821 921 2849 Joan.
941 2830 959 2855 ι,
978 2823 1018 2850 Η.

1068 2233 1109 2265 ὡς
1134 2231 1326 2266 Μονογεγοῦς
1340 2230 1421 2264 παρὰ
1439 2228 1572 2264 Πατρὸς)
1597 2227 1717 2262 πλήρης
1742 2227 1866 2262 χάριτος

1069 2278 1118 2306 καὶ
1137 2277 1291 2312 ἀληθείας.
1302 2275 1371 2302 Ἀλλ’
1387 2275 1437 2310 ἤδη
1454 2275 1502 2302 καὶ
1520 2275 1648 2309 Ἰωάννης
1663 2273 1718 2299 ἀπὸ
1733 2273 1787 2308 τῆς
1803 2273 1867 2308 ἐρή-

1071 2333 1122 2359 μου
1141 2323 1361 2360 προερχόμενος,
1377 2321 1407 2349 τὸ
1423 2321 1497 2354 ξένον
1517 2319 1699 2356 Ἰσραηλίταις
1713 2320 1762 2346 καὶ
1781 2319 1864 2346 πολύ-

1070 2379 1166 2397 ευκτον
1188 2369 1278 2404 θέαμα
1296 2389 1304 2401 ,
1321 2369 1335 2395 ό
1352 2367 1421 2395 Θεοῦ
1440 2367 1556 2401 ἄγγελος
1567 2386 1575 2398 ,
1592 2365 1641 2392 καὶ
1656 2366 1685 2392 ἐν
1699 2364 1868 2396 ἀποστόλοις

1071 2415 1314 2452 προχειροτάνητος
1329 2422 1335 2429 ·
1368 2413 1421 2441 ἔδει
1451 2413 1505 2449 γὰρ
1537 2411 1699 2448 τηλικούτου
1729 2410 1868 2446 βασιλέως

1071 2461 1193 2488 τοιοῦτον
1211 2457 1281 2486 εἶναι
1296 2459 1342 2485 τὸν
1359 2457 1541 2494 στρατιώτην,
1557 2457 1605 2484 τοῦ
1623 2457 1752 2492 μεγίστου
1770 2457 1867 2492 ἀρχιε-

1072 2507 1141 2543 ρέως
1154 2506 1282 2533 τοσοῦτον
1295 2505 1341 2532 τὸν
1354 2505 1499 2540 ὑποφήτην
1508 2512 1514 2520 ·
1529 2503 1578 2530 καὶ
1598 2503 1700 2538 νοῶμεν
1712 2502 1743 2529 τὸ
1761 2503 1869 2538 μυστή-

1072 2561 1129 2589 ριον
1141 2549 1197 2579 οἷον
1214 2552 1260 2579 καὶ
1275 2551 1381 2587 ἡλίκον.
1399 2550 1510 2585 Ἐπειδὴ
1525 2550 1581 2584 γὰρ
1597 2549 1649 2575 οὐκ
1663 2547 1807 2583 ἐνεδέχετο
1821 2547 1867 2574 τοῦ

1071 2598 1258 2633 νυμφαγωγοῦ
1272 2597 1417 2633 παρόντος,
1432 2596 1469 2632 μὴ
1481 2596 1527 2623 καὶ
1541 2596 1587 2622 τὸν
1600 2594 1718 2630 νυμφίον
1734 2603 1868 2630 συμπαρ-

1072 2646 1160 2677 εῖναι,
1186 2644 1233 2671 ml.
1254 2643 1304 2680 τῆς
1327 2643 1420 2678 φωνῆς
1447 2642 1553 2677 βοώσης
1577 2641 1615 2677 μὴ
1639 2641 1687 2668 καὶ
1706 2641 1754 2667 τὸν
1780 2640 1869 2674 Λόγον

1073 2690 1267 2722 ἀκοντίζεσθαι
1280 2710 1287 2723 ,
1302 2689 1329 2716 τί
1350 2689 1475 2723 γίνεται,
1496 2687 1544 2715 καὶ
1567 2687 1593 2714 τί
1615 2687 1646 2713 τὸ
1668 2686 1868 2721 οἰκονομούμε-

1072 2745 1134 2770 νον;
1163 2736 1343 2763 Συστέλλεται
1367 2735 1449 2767 εὐθὺς
1469 2734 1524 2762 άπὸ
1547 2733 1713 2770 σπαργάνων
1737 2733 1797 2761 ἀπὸ
1820 2731 1867 2760 τοῦ
