1921 3073
99 157 156 188 ’105
551 155 694 186 ORATIO
714 154 773 185 ΙΙΙ.
790 167 824 172 -
841 154 881 185 ΙΝ

952 154 1080 185 HLIAM
1098 153 1293 186 LUMINUM.
1689 153 1742 186 ’106

99 209 242 247 ἐμφανοῦς
258 211 299 242 είς
311 210 342 237 τδ
354 208 542 245 ἀφανέστερον
563 209 578 234 ὁ
599 209 726 244 Ἰωάννης
737 230 744 241 ,
768 208 895 243 καθάπερ

952 213 1030 243 atque
1047 208 1186 240 educetur,
1203 207 1275 235 sicut
1289 207 1354 234 olim
1370 207 1461 236 adhuc
1475 207 1588 244 embryo
1604 209 1742 243 cognovit,

100 267 145 290 τις
158 258 255 293 λύχνος
271 257 324 284 ὑπὸ
341 256 424 292 μοδίῳ
437 256 467 282 ὲν
481 257 515 291 τῇ
528 256 624 291 ἐρήμῳ
636 254 783 290 ὑπερφυῶς
795 254 895 281 ἐνδιαι-

952 255 1013 289 quis
1026 259 1099 282 esset
1123 253 1214 286 Iesus,
1240 261 1337 288 nempe
1359 254 1432 289 quod
1452 254 1499 282 Dei
1515 254 1612 287 Filius,
1631 255 1744 290 etquod

99 306 239 342 τώμενος·
263 306 346 332 κάκεῖ
367 304 448 331 θείων
469 303 565 331 ἀκούει
583 303 682 338 φωνῶν
703 304 749 330 καὶ
767 302 895 334 θεοπτίας

952 307 1034 334 supra
1049 307 1130 334 quem
1145 299 1264 334 Spiritus
1281 299 1308 326 in
1322 299 1458 327 columbae
1483 300 1574 335 specie
1594 301 1745 328 descende-

99 352 241 385 ἀξιοῦται·
254 351 362 387 ἄρρητά
382 359 411 377 τε
432 350 699 385 μυσταγωγούμενος
722 349 770 376 καὶ
790 348 895 375 ἐκδιδα-

952 351 1003 378 ret,
1020 346 1043 373 is
1055 345 1127 373 foret
1135 346 1181 381 qui
1190 346 1218 373 in
1234 345 1338 380 Spiritu
1348 350 1444 373 sancto
1455 350 1529 373 esset
1541 346 1743 381 Itaptizaturus.

101 399 246 433 σχόμενος,
255 397 384 432 καθάπερ
397 395 438 423 ἔτι
453 395 491 422 ὣν
506 395 637 431 ἐμϐρυος,
651 395 696 427 τίς
706 395 749 430 εἴη
760 396 775 422 ὁ
796 393 911 430 Ἰησοῦς,
929 393 1026 428 ὅτιπερ
1044 392 1108 424 Υἱὸς
1121 391 1190 418 Θεοῦ
1201 412 1208 425 ,
1224 392 1273 419 καὶ
1290 391 1334 426 ἐφ’
1348 387 1370 426 ᾧ
1383 391 1416 419 τὸ
1442 393 1558 428 σημεῖον
1583 392 1635 427 τῆς
1659 401 1746 419 πνευ-

100 441 262 479 ματοειδοῦς
277 441 455 476 περιστερᾶς,
468 440 509 466 ὅτι
523 440 603 471 αὑτός
618 441 693 466 ἐστιν
704 440 719 466 ὁ
734 439 876 474 βαπτίσων
891 439 921 464 ἐν
942 436 1082 471 Πνεύματι
1097 436 1179 472 ἁγίῳ.

138 490 176 522 ς’.
204 489 317 524 Ἐπειδὴ
339 488 368 514 δὲ
390 485 443 523 ἧκε
466 487 499 514 τὺ
523 487 624 523 μέτρον
646 486 696 522 τῆς
720 486 829 522 ἡλικίας
850 485 896 512 τοῦ

98 534 290 571 πληρώματος
305 534 353 560 τοῦ
370 533 558 569 Χριστοῠ,καὶ
567 533 645 565 τέλος
660 532 773 568 εἴληφεν
785 533 802 568 ἡ
818 532 897 567 περί-

98 581 161 614 οδος
175 581 226 615 τῆς
241 580 469 616 τριακονταέτους
485 580 669 614 παρατάσεως
679 598 688 612 ,
711 578 863 614 τηνικαῦτα
882 578 897 604 ὁ

101 627 153 662 μὲν
175 626 272 661 λύχνος
295 626 342 652 ἐπὶ
355 626 404 661 τὴν
424 624 537 660 λυχνίαν
552 625 708 659 καιόμενος,
730 624 779 650 καὶ
791 624 896 658 φαίνων

97 672 156 704 τοῖς
171 671 201 698 έν
216 671 249 706 τῇ
263 670 338 706 οἰκίᾳ
354 668 558 704 ἀγαλλιάσιμα·
575 669 667 705 (ειπερ
679 669 720 695 δεῖ
729 669 819 695 οἰκίαν
830 669 897 694 ὐπο-

98 716 255 752 λαμϐἁνειν
264 717 314 752 τὴν
335 715 535 751 Ἰσραηλιτικὴν
547 715 737 750 Συναγωγήνὴ
747 715 776 741 τό
786 724 816 742 τε
828 715 896 749 ἁλη-

99 764 175 790 Θινδν
190 763 250 798 φῶς
274 762 490 797 ἐπιφαινόμενον
507 762 554 788 καὶ
569 762 688 796 φωτίζον
711 761 759 788 τὸν
782 762 896 796 κόσμον.

101 809 136 835 ’Ὠ
150 808 198 835 τοῦ
215 807 372 842 θαύματοςί
390 808 404 834 ὁ
420 808 498 843 ἥλιος
512 807 582 842 πρὸς
597 807 643 834 τὸν
656 807 771 842 ἀστέρι,
788 808 802 834 ὁ
816 807 896 841 λόγος

98 854 170 890 πρὸς
183 854 233 890 τὴν
248 854 340 889 φωνὴν
354 874 361 886 ,
375 855 390 881 ὁ
404 853 519 888 νυμφίος
543 853 612 889 πρὸς
628 853 673 880 τὸν
687 853 773 887 φίλον,
789 854 894 880 οἰκονο-

101 902 168 937 μίας
181 901 285 933 εἵνεκα,
305 900 347 926 ἴνα
367 901 411 927 διὰ
423 901 474 935 τῆς
496 900 682 932 ὲπιϐιόάσεως
704 899 898 935 πληρουμένης

97 949 130 974 ὲν
141 948 181 983 τῷ
198 947 288 982 Ἰησοῦ
304 947 395 981 πάσης
409 946 594 982 δικαιοσύνης,
610 947 624 973 ό
640 946 689 982 μὲν
703 946 829 978 αὐξάνει,
849 946 896 972 εὑ-

99 993 259 1028 αγγελικῶς
272 993 374 1023 εἰπεῖν,
389 993 402 1019 ὁ
417 993 446 1019 δὲ
459 992 629 1019 ἐλαττοῦται.
650 992 711 1024 [ιῶς
726 993 781 1028 γὰρ
798 993 832 1019 ἂν
851 993 899 1019 καὶ

98 1039 154 1065 οὐκ
166 1036 201 1074 ἦν
217 1037 397 1064 ἐλαττοῦσθαι
409 1037 440 1063 τὸ
451 1037 590 1072 λυχνιαίον
604 1037 673 1071 φῶς,
692 1037 793 1072 μᾶλλον
807 1037 835 1064 δὲ
851 1039 899 1064 καὶ

99 1084 191 1119 πάντη
205 1084 237 1110 ἐκ
255 1084 338 1119 μέσου
353 1084 474 1115 ἀπεῖναι,
486 1083 534 1110 τοῦ
549 1083 599 1117 τῆς
613 1084 788 1119 δικαιοσύνης
807 1084 897 1110 Ἡλίου

99 1130 154 1165 ἠδη
172 1130 229 1160 τοῖς
245 1129 369 1164 Θαύμασι
385 1128 634 1165 μαρμαρύσσοντος
651 1129 774 1163 ὲξαίσια;
789 1129 897 1164 βλέπεις

100 1176 165 1208 ὅσος
182 1177 196 1202 ὁ
212 1175 339 1210 χρονικδς
353 1175 471 1210 ἀριθμὸς
490 1175 541 1210 τῆς
565 1175 727 1210 σωματικῆς
749 1175 896 1206 ἐντελείας,

100 1223 132 1249 ὲν
160 1218 182 1255 ᾧ
197 1221 370 1247 ὑπετάσσετο
392 1221 450 1252 τοῖς
472 1220 598 1254 γονεῦσιν
619 1219 740 1255 Ἰησοῦς;
757 1221 791 1247 Ὢ
803 1219 899 1253 βάθος

100 1267 238 1294 πλούτου
252 1266 302 1293 καί
314 1266 425 1301 σοφίας
436 1266 484 1293 καί
499 1265 639 1300 γνώσεως
651 1266 725 1293 Θεοῦ
737 1266 747 1292 !
760 1266 799 1292 At‘
811 1267 843 1302 ἠν
856 1267 900 1292 αί-

101 1313 163 1340 τίαν
180 1313 252 1348 apa;
271 1311 368 1343 ’Δλλος
385 1312 435 1347 μὲν
452 1310 499 1339 οὖν
510 1311 573 1339 ἄλλο
590 1312 703 1346 λεγέτω,
718 1311 772 1338 τῶν
788 1311 899 1346 ὑψηλῶν

101 1360 137 1394 τῇ
153 1358 257 1393 θεωρίᾳ
272 1358 318 1384 καὶ
333 1357 367 1383 τὰ
383 1357 452 1392 βάθη
467 1357 515 1384 τοῦ
539 1357 700 1392 Πνεύματος
722 1358 896 1391 ἐγνωκότων·

101 1405 141 1436 ὡς
153 1403 218 1438 γοῦν
235 1404 331 1439 ἑμοιγε
347 1403 431 1436 δοκεῖ,
447 1404 521 1430 δυοῖν
535 1404 618 1430 ἕνεκα
628 1412 636 1420 ο
653 1404 697 1430 ῐνα
722 1403 771 1430 καὶ
785 1403 854 1430 υἱέσι
868 1403 899 1430 τὸ

101 1451 175 1486 πρὸς
190 1451 253 1482 τοὺς
275 1449 373 1484 γονέας
387 1450 571 1477 ὑποτακτικὸν
587 1450 631 1477 διὰ
642 1450 693 1485 τῆς
707 1450 812 1482 οἰκείας
833 1450 899 1477 ὑπο-

100 1496 191 1530 ταγῆς
206 1496 220 1522 ὁ
239 1496 348 1522 πάντων
364 1495 519 1530 νομοθετῶν
535 1495 684 1530 νομοθέτης
707 1495 879 1532 νομοθετήσῃ
889 1516 896 1528 ,

101 1542 153 1573 τάς
168 1550 198 1568 τε
216 1540 429 1576 μεθηλικιώσεις
446 1541 555 1575 ἁγιάσοι
566 1549 572 1556 ·
588 1541 636 1568 καὶ
651 1541 755 1577 τρίτον,
773 1541 810 1577 μὴ
826 1543 896 1568 ἀπο-

101 1588 257 1623 ξενωμένον
269 1596 296 1614 τι
314 1587 362 1614 καὶ
375 1587 507 1619 ἀπεοικὸς
516 1587 567 1622 τῆς
582 1587 644 1614 καθ’
661 1589 735 1624 ἡμᾶς
749 1588 852 1624 βιοτῆς,
868 1590 897 1616 ὲν

101 1632 256 1671 ῄμάλιστα
279 1633 310 1660 τὸ
335 1633 438 1660 τέλειον
462 1634 530 1668 ἡμῖν
553 1633 696 1668 πρόσεστι,
721 1632 772 1669 τὴν
800 1633 897 1660 ἑαυτοῦ

100 1680 244 1707 πολιτείαν
265 1681 280 1706 ὁ
304 1680 460 1711 παντέλειος
482 1679 673 1706 ἐπιδεικνείοι·
692 1680 760 1706 ὅπου
785 1689 816 1714 γε
847 1682 894 1707 καὶ

101 1727 176 1753 οὕτω
189 1727 240 1761 τῆς
258 1724 388 1761 ἀνδρικῆς
399 1724 508 1760 ἡλικίας
517 1725 548 1751 τὸ
561 1724 664 1752 τέλειον
679 1725 798 1760 ἔχοντος,
817 1726 898 1752 ὲτόλ-

104 1781 193 1808 μησεν
215 1773 325 1808 ’Δρειος
343 1771 447 1807 ἄψυχον
470 1771 553 1799 αὐτοῦ
577 1771 608 1798 τὸ
634 1771 713 1806 σῶμα
737 1772 896 1807 ἀποφῆναι-

108 1819 300 1855 Ἀπολινάριος
314 1818 342 1845 δὲ
355 1818 427 1845 κατὰ
445 1817 599 1853 συνδρομὴν
615 1817 743 1850 ἀσεὸείας
755 1818 836 1845 ἄνουν
850 1820 898 1845 αὺ-

101 1866 150 1893 τὸν
166 1865 359 1900 φληναφῆσαι·
373 1865 388 1891 ὁ
401 1864 430 1890 δὲ
447 1863 496 1892 νῦν
507 1865 661 1900 Μανιχαίος
676 1865 714 1899 (l)
727 1865 798 1892 κατὰ
811 1864 898 1900 προῦ-

103 1919 206 1947 χαυσαν
221 1905 350 1937 ἀσέϐειαν
360 1929 368 1942 ,
395 1909 536 1945 ἄγραπτον
551 1911 633 1937 αὐτὸν
649 1910 821 1945 δογματίσαι.
844 1911 900 1937 Καὶ

103 1957 254 1991 σκοπῶμεν
272 1957 322 1991 ὅση
338 1957 355 1991 ἡ
369 1956 534 1991 διαφορότης
550 1955 666 1992 Θατέρου
682 1957 750 1992 πρὸς
772 1957 897 1992 ϐάτερον.

110 2004 141 2030 ’0
151 2003 201 2038 μὲν
210 2002 257 2030 οὖν
267 2002 308 2037 τῷ
315 2002 413 2038 ἀψύχῳ
423 2003 638 2038 προϊστάμενος,
650 2003 772 2039 ἐξίστησι
787 2003 860 2038 ζωῆς
869 2003 900 2030 τὸ

103 2049 270 2076 Δεσποτικδν
286 2049 378 2084 σῶμα·
394 2049 425 2075 τὸ
434 2050 488 2084 γὰρ
498 2049 633 2084 ἁμοιροῦν
646 2048 736 2084 ψυχῆς
748 2068 754 2081 ,
767 2050 814 2075 καὶ
825 2049 898 2085 ζωῆς

104 2095 180 2121 ἔστιν
190 2094 267 2126 ἐκτὸς
277 2094 409 2129 δηλονότι·
418 2095 432 2121 ὁ
439 2094 468 2120 δὲ
477 2095 507 2121 τὸ
517 2094 588 2130 [ευιί.
603 2094 654 2130 τῷ]
663 2095 754 2128 ἄνουν,
763 2096 796 2130 τῇ
808 2095 899 2130 ἀλόγῳ

105 2141 251 2167 συντάττει
263 2140 361 2175 οὐσίᾳ·
374 2141 491 2176 ἐπείπερ
509 2141 562 2167 πᾶν
577 2140 668 2173 ἄνουν,
685 2142 734 2167 καὶ
750 2140 847 2175 ἄλογον
858 2148 865 2155 ·
886 2143 900 2167 ὸ

105 2185 135 2211 δὲ
149 2185 190 2220 τῷ
205 2184 351 2220 ἀγράπτῳ,
367 2185 428 2211 οὐδὲ
443 2185 511 2215 ὅλως
530 2184 610 2219 φύσει
626 2185 753 2220 σώματος
767 2185 798 2212 τὸ
819 2185 899 2220 σῶμα

986 483 1012 509 6.
1029 482 1084 510 Sed
1097 488 1243 518 pomquam
1260 482 1332 510 venit
1349 489 1479 510 mensura
1491 482 1671 517 plenitudinis
1681 488 1746 512 atta—

950 529 987 557 tis
1000 528 1114 561 Christi,
1129 533 1155 556 et
1174 528 1286 564 triginta
1303 535 1438 556 annorum
1455 529 1585 563 periodus
1601 535 1643 557 est
1664 530 1746 558 abso-

950 575 1019 608 luta,
1044 580 1110 602 tunc
1134 574 1245 602 demqu
1270 575 1381 602 lucerna
1402 575 1499 602 ardere
1525 574 1553 602 in
1580 575 1745 604 candelabro

950 620 1045 655 coepit,
1059 624 1087 647 et
1102 619 1224 646 laetitiam
1239 618 1397 646 domesticis
1416 618 1563 659 splendore
1583 627 1634 647 suo
1651 628 1746 649 creare

950 665 985 700 (si
1011 669 1104 692 tamen
1131 665 1244 692 domum
1275 669 1404 699 reputare
1431 669 1540 699 oportet
1571 664 1743 702 Synagogam

947 711 1136 746 lsraeliticam)
1162 716 1253 738 :tuuc
1274 718 1369 738 verum
1398 711 1526 746 apparuit
1551 711 1644 739 lumen
1670 714 1745 747 quod

946 758 1079 785 mundum
1107 758 1259 785 illuminat.
1284 757 1306 785 0
1331 759 1506 793 portentum!
1540 759 1586 787 Sol
1613 760 1686 787 venit
1709 761 1745 788 ad

945 804 1063 836 stellam,
1081 803 1202 831 Verbum
1216 803 1250 831 ad
1263 811 1372 836 vocem.
1386 812 1505 839 sponsus
1518 806 1552 832 ad
1565 805 1685 833 anticum
1697 815 1703 839 ;
1717 811 1745 834 et

945 848 973 876 id
992 848 1105 884 quidem
1133 848 1349 883 dispensationis
1376 850 1526 885 mysterio,
1556 855 1587 877 ut
1605 851 1741 885 gradatim

915 892 935 920 Β
950 895 1087 930 completa
1108 895 1136 922 in
1160 894 1226 922 Jesu
1252 895 1370 930 iustitia,
1395 895 1440 922 hic
1459 895 1569 930 quidem
1595 902 1743 928 cresceret,

951 947 981 969 ut
995 941 1162 977 evangelicis
1180 942 1272 969 verbis
1287 946 1408 973 utamur,
1424 942 1468 968 ille
1482 949 1548 969 vero
1561 942 1742 970 minueretur.

950 988 1095 1022 Quomodo
1120 988 1194 1016 enim
1220 995 1274 1015 non
1300 988 1472 1015 minueretur
1493 988 1613 1015 lucernae
1639 988 1743 1021 lumen,

951 1036 1007 1062 imo
1027 1039 1054 1062 et
1068 1035 1183 1061 omnino
1200 1034 1341 1062 tolleretur
1356 1035 1390 1061 de
1415 1034 1516 1068 medio,
1540 1042 1601 1061 cum
1620 1035 1677 1069 jam
1701 1035 1744 1062 sol

948 1080 1063 1116 justitiae
1085 1079 1228 1107 immensis
1246 1080 1433 1115 prodigiorum
1451 1080 1644 1114 splendoribus
1659 1080 1743 1107 reful-

950 1126 1046 1162 geret?
1063 1125 1162 1153 Cernis
1176 1130 1282 1160 quanto
1301 1125 1454 1160 corporalis
1470 1125 1560 1153 aetatis
1583 1127 1673 1160 spatio
1693 1127 1744 1153 sub

949 1176 1095 1207 parentum
1116 1179 1229 1199 suorum
1247 1175 1382 1206 potestate
1402 1170 1483 1198 Jesus
1509 1171 1610 1198 fuerit?
1633 1171 1655 1199 0
1678 1172 1743 1198 alti-

951 1217 1014 1245 ιιιάο
1033 1218 1190 1244 divitiarum
1206 1217 1344 1251 sapientia
1360 1221 1386 1244 et
1401 1217 1518 1244 scientite
1535 1216 1585 1244 Dei
1596 1217 1626 1244 ⁸1
1641 1216 1697 1244 Cur
1711 1224 1743 1244 ea

952 1273 1008 1298 res,
1025 1266 1161 1301 inquam?
1177 1266 1231 1293 Alii
1247 1266 1301 1293 alia
1316 1267 1420 1300 dicant,
1436 1266 1483 1301 qui
1497 1267 1626 1294 sublimia
1641 1267 1743 1295 intelli-

950 1316 1028 1347 gum,
1046 1317 1072 1339 et
1090 1311 1228 1347 profunda
1245 1312 1360 1347 spiritus
1378 1316 1490 1339 norunt.
1512 1311 1651 1345 Quantum
1675 1313 1743 1340 mihi

949 1357 1060 1392 quidem
1086 1357 1206 1391 videtur,
1238 1358 1300 1385 dua:
1323 1365 1414 1385 causae
1441 1357 1564 1390 fuerunt,
1591 1366 1689 1394 nempe
1716 1364 1745 1386 ut

951 1402 1139 1430 obedientiam
1157 1403 1318 1437 parentibus
1336 1403 1508 1438 subjectione
1533 1411 1582 1431 sua
1604 1403 1746 1439 legislator

950 1448 1153 1484 legislatorum,
1171 1449 1231 1484 lege
1244 1450 1378 1481 lirmaret,
1393 1457 1425 1477 ac
1439 1454 1551 1477 aetatum
1567 1450 1745 1478 transitiones

950 1499 978 1522 et
992 1495 1094 1529 gradus
1117 1495 1313 1523 sanctiﬁcaret.
1339 1494 1430 1522 Tertia
1447 1503 1558 1530 quoque
1573 1503 1656 1523 causa
1679 1496 1743 1529 fuit,

911 1557 932 1586 ο
950 1548 985 1568 ne
1008 1541 1153 1569 insolitum
1177 1541 1282 1577 aliquid
1309 1547 1335 1569 et
1356 1542 1418 1569 vita
1443 1546 1545 1569 nostrze
1568 1542 1744 1576 inusitatum,

949 1587 1104 1622 praesertim
1126 1592 1233 1615 matura
1254 1592 1336 1615 aetate
1349 1607 1356 1621 ,
1380 1588 1407 1614 in
1431 1595 1488 1615 suae
1507 1588 1569 1615 vitm
1586 1595 1684 1624 genere
1699 1588 1746 1615 hic.

948 1633 1169 1668 perfectissimus
1189 1634 1272 1661 homo
1285 1633 1438 1661 exhiberet.
1454 1633 1526 1661 Ecce
1546 1634 1619 1661 enim
1635 1634 1743 1661 etiamsi

949 1677 983 1704 ad
998 1676 1026 1704 id
1045 1677 1132 1704 virilis
1147 1677 1235 1704 anatis
1251 1677 1482 1711 complementum
1503 1678 1630 1710 devenit,
1658 1686 1744 1706 ausus

950 1727 993 1750 est
1009 1722 1092 1750 Arius
1115 1730 1216 1758 corpus
1238 1724 1298 1759 ejus
1319 1725 1445 1751 exanime
1467 1724 1624 1752 allirmare:
1639 1725 1745 1760 Apolli-

950 1769 1043 1803 naris,
1058 1769 1199 1804 impietate
1225 1771 1351 1802 mmulus,
1375 1771 1465 1805 ipsum
1485 1772 1545 1798 sine
1562 1776 1654 1799 mente
1669 1779 1745 1800 com-

950 1820 1060 1843 mentus
1079 1820 1121 1844 est
1137 1825 1143 1844 :
1161 1817 1309 1844 hodiernus
1325 1817 1444 1852 denique
1458 1816 1626 1845 Mauichmus
1654 1818 1742 1846 incir-

949 1862 1150 1897 cumscriptum
1188 1863 1277 1897 ipsum
1317 1871 1366 1898 per
1401 1871 1538 1891 summam
1572 1865 1742 1900 impietatem

949 1909 1128 1944 dogmatizat.
1152 1908 1184 1936 Et
1207 1909 1387 1937 observemus
1411 1917 1473 1945 quae
1493 1910 1528 1938 sit
1551 1910 1649 1938 horum
1672 1911 1745 1938 inter

950 1961 980 1981 se
994 1953 1160 1981 diti'erentia.
1177 1953 1230 1987 Qui
1246 1955 1400 1982 exanimem
1416 1963 1479 1983 esse
1495 1956 1646 1989 contendit,
1659 1957 1743 1984 vitam

949 2001 1096 2036 denegavit
1109 2001 1250 2028 dominico
1265 2001 1375 2036 corpori
1394 2010 1400 2028 :
1421 2010 1482 2029 nam
1503 2002 1575 2037 quod
1591 2003 1682 2030 anima
1697 2011 1744 2031 ca-

951 2051 1003 2078 ret,
1026 2047 1081 2073 vita
1105 2046 1226 2074 alienum
1243 2051 1294 2079 est,
1313 2053 1342 2074 ut
1356 2051 1439 2082 patet.
1458 2047 1511 2081 Qui
1533 2052 1623 2076 autem
1640 2049 1744 2085 absquc

951 2097 1042 2119 mente
1056 2091 1132 2126 fecit,
1150 2092 1174 2119 is
1191 2092 1269 2119 illum
1288 2100 1350 2120 cum
1367 2093 1446 2120 bruta
1468 2094 1622 2121 substantia
1648 2103 1745 2122 nume-

950 2137 1022 2164 ravit
1037 2146 1043 2163 :
1059 2144 1122 2163 nam
1139 2137 1270 2172 quidquid
1286 2137 1346 2164 sine
1363 2142 1454 2165 mente
1477 2143 1529 2171 est,
1552 2140 1659 2167 ratione
1673 2148 1744 2176 quo-

950 2190 1003 2217 que
1018 2188 1105 2210 caret.
1120 2182 1173 2216 Qui
1186 2183 1304 2217 denique
1318 2183 1586 2220 iucircumscriptum
1602 2194 1663 2213 esse
1675 2187 1742 2220 vult,

103 2230 230 2262 ὃοξάζει⁸
257 2230 337 2265 εῐπερ
361 2231 400 2266 τῷ
424 2231 628 2266 ἀπεριγράπτῳ
653 2231 845 2258 συνακολουθεῖ
868 2232 895 2258 τὸ

952 2237 986 2256 ne
1002 2237 1166 2264 corpoream
1186 2229 1295 2264 quidem
1321 2235 1446 2257 naturam
1469 2232 1576 2267 corpori
1599 2233 1742 2261 concedit:

103 2275 265 2311 ἀσώματον.
284 2276 315 2302 Ei
337 2276 392 2311 γὰρ
416 2276 511 2312 σῶμα,
537 2276 591 2302 πᾶν
608 2276 637 2302 δὲ
653 2275 732 2310 σῶμα
752 2276 799 2302 ὑπ’
826 2277 899 2313 ἁφὴν

105 2323 153 2348 καὶ
169 2323 266 2357 χροιάν
283 2323 341 2348 ὲστι
357 2322 469 2356 τελοῦν,
485 2322 515 2349 τδ
529 2322 551 2348 δ’
566 2323 596 2349 ἐν
610 2322 718 2354 τούτοις
741 2323 896 2349 ὕποπίπτον

104 2369 136 2400 ἐξ
153 2368 307 2403 ἀναγκαίου
322 2368 420 2394 ἕπεται
433 2389 441 2402 ,
459 2369 484 2394 εί
502 2368 539 2404 μὴ
556 2368 697 2404 ληρῶμεν,
715 2368 762 2395 καὶ
776 2370 806 2395 τὸ
823 2378 900 2405 περι-

104 2415 280 2449 γράφεσθαι·
307 2414 344 2446 ὡς
359 2415 383 2441 ει
398 2415 436 2449 μὴ
465 2415 675 2450 περιγράφοιτο,
699 2415 786 2450 πάντη
805 2424 834 2441 τε
853 2416 900 2442 καὶ

105 2463 220 2492 πὰντως
234 2461 282 2487 τοῦ
296 2460 398 2487 οἰκείου
419 2461 482 2496 ὅρου
504 2461 675 2495 ἐξοιχήσεται
687 2462 726 2493 είς
739 2461 770 2487 τὸ
784 2461 896 2496 ἀσώμα-

105 2516 153 2533 τον
168 2507 319 2542 ἀνατρέχον
329 2514 336 2521 ·
358 2505 445 2539 οὐδὲν,
460 2505 498 2537 ὡς
514 2505 586 2531 ἔοικε
602 2526 610 2538 ,
627 2505 658 2531 τὸ
672 2506 793 2540 ἐπισχεῖν
812 2505 898 2539 γλῶσ-

107 2560 159 2578 σαν
177 2552 330 2579 ἀσεϐοῦσαν
345 2551 582 2587 ὲπικουρουμένην
595 2551 690 2586 κράτει
703 2551 839 2584 ἐξουσίας,

144 2687 179 2720 ζ’.
199 2687 271 2714 Ἀλλ’
286 2687 417 2715 ἀνακτέον
438 2687 470 2714 τὸ
486 2687 565 2723 ὄμμα
589 2686 636 2713 ἐπὶ
659 2686 707 2718 τὰς
727 2684 902 2721 προφητικὰς

107 2734 239 2766 οεοπτίας
258 2734 306 2761 καὶ¹
318 2733 470 2768 θεωρητέον
482 2734 554 2766 ὅπως
569 2733 597 2759 ὲν
607 2732 703 2763 αὐταῖς
715 2731 901 2758 ὑππυποῦται

107 2780 141 2807 τὸ
157 2780 304 2815 ίερώτατον
327 2779 478 2814 βάπτισμα·
495 2779 535 2811 εἰς
550 2777 630 2805 τοῦτο
644 2778 698 2812 γὰρ
714 2776 819 2812 καλεϊὴ
836 2784 901 2802 συν-

146 2837 156 2852 ¹⁸
178 2835 259 2863 Rom.
279 2843 317 2867 ιι,
333 2835 380 2862 33.

951 2275 1051 2302 etenim
1081 2275 1313 2311 incircumscripti
1348 2283 1520 2311 consequens
1545 2283 1588 2306 est
1613 2279 1743 2314 incorpo-

951 2328 1038 2347 reum.
1065 2319 1132 2348 Nam
1159 2321 1182 2348 si
1209 2329 1309 2356 corpus
1337 2326 1388 2353 est.
1410 2330 1493 2350 omne
1521 2328 1614 2351 autem
1641 2332 1744 2360 corpus

951 2367 1035 2394 tactui
1065 2370 1147 2401 atque
1171 2366 1257 2394 colori
1283 2367 1431 2394 obnoxium
1456 2373 1516 2402 est;
1542 2369 1674 2405 quidquid
1701 2371 1744 2398 liis

951 2413 1131 2447 qualitatibus
1150 2414 1254 2446 subest,
1273 2421 1387 2441 necesse
1403 2418 1445 2441 est
1461 2414 1532 2449 (nisi
1556 2415 1626 2443 forte
1647 2417 1744 2450 nugari

951 2458 1094 2492 volumus)
1111 2462 1142 2484 ut
1153 2459 1398 2486 circumscribatur
1411 2467 1417 2485 :
1432 2459 1500 2487 adeo
1515 2464 1545 2487 ut
1557 2461 1610 2488 nisi
1627 2462 1745 2489 circum-

951 2504 1098 2536 scribatur,
1114 2511 1129 2530 a
1143 2511 1192 2531 sua
1215 2510 1330 2538 prorsus
1358 2503 1515 2532 deﬁnitione
1540 2505 1658 2538 excidat,
1677 2506 1744 2534 etin

953 2556 1011 2577 rem
1029 2549 1219 2584 incorporcam
1232 2548 1408 2577 dissolvatur.
1432 2548 1506 2577 Nihil
1526 2555 1616 2578 tamen
1637 2552 1743 2579 videtur

953 2596 1054 2631 linguae
1077 2596 1321 2630 intemperantiam
1350 2596 1480 2625 cohibere
1503 2604 1595 2632 posse,
1614 2606 1675 2633 quae
1690 2607 1743 2627 sae-

954 2641 1040 2669 culari
1056 2641 1185 2676 potestati
1201 2642 1312 2669 serviat.

991 2688 1016 2714 7.
1038 2687 1092 2715 Sed
1110 2689 1313 2715 convertendus
1325 2692 1367 2715 est
1381 2687 1478 2716 oculus
1495 2688 1529 2715 ad
1546 2688 1667 2717 visiones
1680 2697 1744 2724 pro-

954 2732 1091 2768 plielicas,
1113 2733 1317 2768 videndumque
1333 2734 1472 2768 quomodo
1488 2735 1694 2763 sacratissimus
1709 2737 1744 2764 ab

956 2779 999 2806 his
1024 2779 1178 2814 baptismus
1198 2779 1395 2814 portcudatnr;
1420 2780 1472 2807 huc
1493 2780 1566 2807 enim
1590 2789 1640 2808 nos
1665 2787 1745 2810 voeat

149 2883 186 2915 (Ι)
209 2881 279 2909 Dicit
298 2889 383 2909 novos
398 2880 562 2908 Manichacos
578 2887 625 2907 seu
640 2878 813 2906 Paulicianos
835 2878 1037 2906 lconontachos.
