1921 3073
191 139 244 172 70⁵1

800 140 829 169 S.
842 139 1039 170 TI-IEODORI
1055 140 1228 171 STUDlTAZ

1773 140 1825 171 703

190 194 326 222 sermOnis
344 194 439 222 series.
464 193 534 226 Quid
557 201 622 229 ergo
640 194 724 222 Isaias
744 195 804 222 ait?
820 195 884 223 inde
898 196 972 223 enim

1038 196 1107 232 ἓχεια
1125 197 1172 224 τοῦ
1194 196 1285 231 λόγου,
1301 196 1334 223 Τί
1349 193 1396 223 οὖν
1418 205 1502 232 φησιν
1528 195 1644 228 Ἡσαΐας
1665 195 1721 230 (2);
1748 196 1825 223 ἔνθεν

192 240 272 268 verba
286 241 419 268 sumimus
434 249 440 267 :
454 239 570 273 Laetare,
580 241 670 268 sitiens
683 241 825 273 desertum,
837 242 899 276 quia
912 242 981 276 apud

191 291 215 312 te
230 286 288 316 fons
304 286 401 319 erupit,
416 290 442 312 et
465 286 536 313 rivus
564 286 592 312 in
607 291 677 312 terra
698 287 812 314 sitiente.
828 286 981 314 Humanam

191 332 300 360 scilicet
316 336 443 359 naturam
463 332 625 366 alloquitur,
644 339 705 366 qua:
729 332 756 358 in
773 332 882 360 deserto
898 331 982 359 veluti

189 383 249 405 erat
272 378 378 413 absque
393 378 529 405 bonorum
545 386 580 405 ex
601 378 653 406 ﬁde
668 385 782 413 operum
799 377 981 405 fecunditate:

192 424 312 458 ideoque
326 423 483 458 adoptionis
501 424 608 451 laticctn
623 424 739 458 optanti,
753 423 880 451 scaturiit
894 423 984 458 bapti-

191 470 244 497 smi
263 477 346 504 aqua,
369 469 470 497 amnici
489 469 584 497 liuenti
601 470 698 501 instar,
721 468 855 498 Iordanes
873 469 983 497 ﬂuvius.

192 516 263 549 Quid
279 516 360 543 inde?
374 515 431 542 Erit
448 516 527 542 arida
540 517 567 542 in
581 516 715 550 paludem,
733 516 758 542 id
771 520 814 543 est
830 515 858 542 in
873 515 983 542 uberem

193 563 272 590 ﬁdem
287 571 294 589 τ
311 567 336 589 et
350 568 428 590 terrm
441 563 554 590 sitientis
570 563 638 595 loco,
653 571 730 597 aquae
742 562 810 597 fons,
828 562 887 597 ipse
901 561 985 588 nimi-

193 617 253 635 rum
273 608 431 643 adoptionis
447 607 510 635 fons
527 617 534 635 :
551 608 639 643 ibique
653 609 703 635 erit
721 609 810 635 avium
826 608 984 642 tripudium,

192 662 227 681 ex
249 654 387 689 baptismo
414 654 540 682 videlicet
573 653 754 681 renatarum’
770 663 777 680 :
795 661 858 680 nam
882 652 985 688 tropice

194 699 326 733 baptizati
354 699 452 727 aribus
478 704 691 734 comparantur,
721 699 787 733 quia
815 698 868 726 sub
892 704 985 725 rerum

193 745 272 772 initio
299 753 365 772 aves
395 753 427 772 ex
455 745 536 780 aquis
559 745 700 779 productae
726 743 884 771 traduntur.
913 741 984 776 Quid

193 795 285 818 autem
301 790 441 818 Gedeonis
464 791 569 818 concha
588 790 702 817 humore
720 790 818 824 plena?
835 789 984 816 Materinam

193 836 352 871 adoptionis
367 836 502 871 piscinam
519 836 640 864 narratio
656 835 701 862 illa
718 835 868 870 signiﬁcat;
884 839 912 862 et
922 834 985 869 qui-

1034 243 1087 278 γὰρ
1099 243 1205 274 ἑλόντες
1220 244 1345 278 εἰπομεν·
1357 242 1558 277 Εὐφράνθητι,
1574 243 1684 277 ἕρημος
1693 242 1823 276 διψῶσα·

1033 288 1079 315 ὅτι
1104 288 1213 322 ὲῤῥάγη
1239 289 1274 315 ἐν
1291 288 1390 323 ἐρήμῳ
1411 288 1500 322 ὕδωρ,
1516 288 1566 315 καὶ
1586 287 1705 322 φάραγξ
1733 288 1769 315 ἐν
1787 288 1825 324 γῆ

1033 333 1165 368 διψώσῃ.
1180 333 1219 369 Τῇ
1230 333 1390 369 ἀνθρωπίνῃ
1401 332 1523 368 δηλονότι
1535 333 1614 368 φύσει
1635 333 1651 368 ἡ
1666 333 1826 368 προσφώνη·

1035 385 1086 410 σις,
1103 379 1131 404 ὲν
1145 377 1241 413 ἐρήμῳ
1253 377 1321 413 often
1333 377 1383 412 τῆς
1398 377 1430 403 ἐκ
1448 377 1568 408 πίστεως
1583 377 1631 403 καὶ
1651 376 1762 410 ἀγαθῶν
1778 377 1824 413 Ερ-

1034 431 1091 458 γων
1108 424 1297 459 καρποφορίας
1313 431 1321 438 '
1339 424 1387 450 καὶ
1403 423 1448 450 διὰ
1472 422 1552 449 τοῦτο
1565 422 1595 449 τὸ
1618 422 1668 457 τῆς
1688 422 1827 454 υἱοθεσίας

1035 471 1109 506 νᾶμα
1137 470 1243 506 διψώσῃ
1271 471 1377 506 ἐῤῥάγη
1402 470 1433 496 τὸ
1457 470 1504 496 τοῦ
1530 469 1719 504 βαπτίσματος
1742 469 1826 505 ὕδωρ,

1035 516 1161 551 καθάπερ
1182 524 1208 542 τι
1232 515 1321 551 ῥεῦμα
1338 516 1471 550 ποτάμιον
1493 515 1524 541 τὸ
1548 514 1597 541 τοῦ
1619 514 1750 550 Ἰορδάνου
1770 516 1827 550 ῥεῖ-

1035 563 1113 597 θρονο
1130 562 1279 589 κάντεῦθεν
1290 562 1333 595 τί;
1354 562 1408 589 Καὶ
1427 562 1513 588 ἔσται
1526 562 1545 596 ἠ
1560 561 1690 595 ἄνυδρος
1701 562 1745 594 εις
1758 561 1827 594 ἕλη,

1035 608 1175 634 τουτέστιν
1189 609 1230 640 είς
1249 608 1394 643 ἀμφιλαφῆ
1409 607 1500 633 πίστιν
1515 616 1521 622 ·
1545 607 1594 633 καὶ
1609 607 1648 639 εις
1665 606 1722 640 τὴν
1735 606 1830 641 διψῶ-

1035 661 1097 680 σαν
1121 653 1192 688 γῆν,
1209 652 1291 688 πηγὴ
1319 652 1429 686 ὕδατος
1457 652 1565 679 ἔσται’
1596 651 1666 687 αὐτὴ
1692 651 1793 687 δηλαδὴ
1810 653 1829 688 ἡ

1036 700 1124 735 κρήνη
1147 698 1199 734 τῆς
1224 698 1361 730 υἱοθεσίας
1375 705 1382 713 ”
1408 698 1457 724 καὶ
1472 697 1537 724 ἐκεῖ
1550 697 1637 723 ἔσται
1651 697 1828 731 εὐφροσύνη

1036 744 1158 779 ὀρνέων.
1169 744 1223 772 τῶν
1236 745 1269 771 ὲκ
1282 744 1329 771 τοῦ
1343 743 1532 779 βαπτίσματος
1544 743 1665 778 δηλονότι
1676 743 1828 776 ἀναγεννω-

1038 790 1137 825 μένων,
1152 790 1257 826 ὀρνέοις
1267 789 1407 825 τροπικῶς
1425 789 1554 816 ἐοικότων
1572 788 1617 815 διὰ
1631 788 1661 814 τὺ
1675 788 1722 814 ἀπ’
1739 788 1830 823 ἀρχῆς

1037 836 1066 868 ἐξ
1076 836 1181 863 ὑδάτων
1196 835 1243 862 καὶ
1257 835 1306 870 τὴν
1319 834 1438 870 ὕπαρξιν
1458 834 1618 870 ἐσχηκέναι.
1649 834 1682 860 Τί
1707 834 1737 860 δὲ
1756 833 1830 860 κατὰ

194 883 256 911 dem
267 883 384 910 rotunda
396 884 493 918 ﬁgura,
504 888 749 918 etquaquaversus
760 881 856 916 polita,
868 885 898 908 ιιι
906 881 984 908 inno-

1038 882 1080 908 τὸν
1092 881 1194 908 Γεδεὼν
1206 868 1313 917 πλήρης
1327 868 1428 916 λεκᾶνη
1439 868 1614 916 ὑδατος;Τὴν
1625 880 1676 915 τῆς
1690 879 1829 911 υἱοθεσίας

193 930 291 957 centius
298 929 416 963 speciem
427 928 559 963 praebeat;
569 928 596 954 in
603 935 684 962 quam
694 927 787 954 deﬂuit
794 926 986 954 intellectualis

194 975 304 1002 velleris
328 975 460 1001 salutaris
479 981 526 1001 ros
547 973 651 1009 Spiritu
668 978 766 1001 sancto
779 973 876 1008 plenus
890 982 896 1000 :
913 972 986 1000 unde

194 1022 393 1052 regenerantur
407 1017 507 1045 novelli
524 1017 624 1045 initiati
641 1017 688 1045 Dei
705 1017 764 1049 ﬁlii,
779 1017 871 1045 carnis
881 1021 908 1044 et
921 1024 986 1044 san-

193 1063 287 1098 guinis
311 1063 456 1090 nativitate
481 1067 585 1090 mutata
605 1071 611 1090 :
631 1070 663 1090 ac
689 1067 832 1098 tantopere
850 1063 877 1089 in
895 1062 986 1090 virum

194 1108 344 1144 perfectum
360 1109 444 1141 aucti,
463 1113 493 1135 ut
508 1116 559 1135 suo
574 1108 724 1141 tridentali,
741 1108 768 1135 id
785 1113 827 1136 est
841 1107 986 1136 Trinitatis

193 1155 291 1188 cultu,
321 1154 522 1182 dastnoniacum
551 1154 681 1189 populum
711 1154 848 1181 debellare
872 1158 985 1189 queant.

194 1200 266 1234 Quid
281 1201 345 1228 item
367 1201 413 1228 illa
436 1200 502 1228 Elia:
521 1206 645 1235 tetnpore
665 1200 740 1227 circa
759 1199 845 1227 altare
860 1204 888 1227 et
903 1199 985 1227 victi-

195 1253 268 1273 mam
287 1250 365 1273 terna
379 1253 457 1279 aqua
471 1245 593 1273 eﬁ'usio?
607 1245 677 1272 Puto
699 1245 763 1272 ltinc
782 1244 930 1280 signiﬁcari
944 1244 987 1272 vel

196 1291 333 1326 triplicem
350 1291 398 1319 Dei
423 1291 576 1319 beatissimi
599 1299 680 1326 super
697 1291 862 1326 baptizatum
878 1291 988 1319 invoca-

197 1342 252 1364 tam
278 1344 435 1372 personam,
458 1337 501 1364 vel
519 1337 605 1371 ipsius
629 1337 757 1371 baptizati
780 1337 913 1370 triplicem
935 1337 988 1364 im-

195 1384 374 1411 mersionem.
399 1383 522 1410 Naaman
544 1383 626 1410 etiam
651 1391 684 1410 ex
707 1391 789 1418 aqtta,
806 1382 896 1410 Eliszei
910 1391 988 1410 man-

194 1429 269 1459 dato.
289 1433 420 1463 purgatus
446 1432 520 1456 totus
543 1428 676 1455 emersit:
695 1427 827 1454 Restitute
849 1433 888 1454 est
907 1428 986 1461 enim,

195 1474 286 1508 inquit
305 1473 448 1508 Scriptura
463 1474 496 1506 '°,
517 1481 579 1500 caro
595 1473 652 1506 eius
671 1481 718 1500 ceu
740 1473 815 1508 pueri
828 1473 943 1508 parvuli,
963 1478 988 1500 et

1038 927 1204 962 μητρὸμοιον
1231 925 1426 962 κολυμϐήθραν
1442 925 1626 961 ὑποσημαίνει
1641 926 1655 952 ὁ
1670 925 1761 960 λόγος,
1779 933 1829 951 κυ-

1036 973 1152 1008 κλοτερῆ
1167 981 1197 999 τε
1211 972 1294 999 οὖσαν
1313 973 1352 1008 τῷ
1368 973 1498 1008 σχήματι,
1516 972 1564 998 καὶ
1578 970 1712 998 πάντοθεν
1727 971 1831 998 ἀποτε-

1036 1018 1217 1054 τορνημένην,
1235 1019 1268 1052 τῇ
1289 1017 1339 1052 τῆς
1358 1016 1568 1052 ἀναμαρτησίας
1585 1016 1652 1051 ἰδέᾳ·
1666 1012 1833 1052 ὲφ“ᾖὰπερ-

1037 1062 1089 1098 ῥύη
1106 1063 1123 1098 ἡ
1140 1061 1188 1088 τοῦ
1209 1062 1304 1097 νοητοῦ
1332 1061 1417 1088 πόκου
1445 1061 1589 1097 ιαματικδς
1607 1061 1702 1096 δρόσος
1722 1060 1832 1095 πλήρης

1037 1108 1195 1144 Πνεύματος
1222 1107 1300 1142 ἁγίου
1315 1115 1322 1123 ·
1344 1107 1374 1140 ἐξ
1389 1105 1424 1143 ἦς
1439 1107 1641 1141 ἀναγεννῶνται
1655 1107 1680 1133 οι
1697 1106 1832 1138 νεπελείς

1036 1152 1105 1179 Θεοῦ
1122 1152 1228 1185 παῖδες,
1245 1153 1295 1189 τὴν
1308 1153 1341 1179 ὲκ
1358 1152 1459 1188 σαρκὸς
1479 1152 1526 1179 καὶ
1543 1152 1659 1187 αἵματος
1673 1151 1834 1186 ἀμειψάμε-

1037 1207 1077 1226 νοι
1092 1199 1231 1234 γέννησιψ
1243 1199 1290 1225 καὶ
1299 1199 1427 1226 τοσοῦτον
1438 1200 1479 1230 είς
1494 1198 1579 1234 ἄνδρα
1595 1198 1698 1226 τέλειον
1715 1197 1834 1233 ἀνατρέ-

1036 1253 1146 1280 χοντες,
1173 1244 1212 1276 ὡς
1236 1244 1436 1272 καταπαλαίειν
1451 1246 1485 1280 τῇ
1501 1244 1635 1280 Τριαδικῇ
1659 1244 1777 1279 λατρεία
1803 1244 1834 1270 τὸ

1036 1290 1174 1326 δαιμόνιον
1191 1290 1284 1325 φῦλον.
1298 1291 1330 1316 Τί
1342 1291 1370 1317 δὲ
1381 1291 1397 1326 ή
1409 1292 1478 1317 κατὰ
1496 1291 1542 1317 τὸν
1566 1291 1660 1317 Ἠλίαν
1675 1290 1722 1317 ἐπὶ.
1732 1290 1763 1316 τὸ
1783 1289 1835 1316 θυ-

1039 1337 1197 1372 σιαστήριόν
1212 1345 1242 1363 τε
1260 1337 1307 1363 καὶ
1327 1337 1357 1363 τὸ
1373 1337 1553 1372 ὁλοκαύτωμα
1567 1337 1767 1372 τρισσευομένη
1782 1337 1833 1363 τοῦ

1038 1381 1133 1414 ὓδατος
1152 1382 1296 1418 ὲπίχυσις;
1314 1380 1399 1417 Οἶμαι
1417 1382 1513 1418 δηλοῦν
1536 1382 1552 1418 ἢ
1573 1383 1623 1416 τὴν
1645 1381 1759 1417 τρισσὴν
1781 1382 1834 1417 τῆς

1037 1426 1113 1458 θείας
1128 1428 1329 1464 μακαριότητος
1343 1428 1371 1454 ὲν
1382 1427 1420 1463 τῷ
1434 1427 1626 1463 βαπτιζομένῳ
1638 1427 1834 1462 ἑπιὸοωμένην

1038 1472 1201 1504 ὑπόστασιν,
1229 1472 1245 1508 ἦ
1276 1473 1325 1508 τὴν
1350 1473 1465 1508 τρισσὴν
1485 1472 1568 1499 αὑτοῦ
1589 1472 1638 1499 τοῦ
1666 1472 1835 1507 τελουμένου

196 1519 340 1546 mundatus
357 1525 407 1546 est.
433 1518 596 1555 Symbolum
612 1519 669 1553 jam
685 1524 741 1546 tum
756 1519 782 1545 id
799 1518 851 1546 fuit
865 1518 984 1553 baptiza-

1039 1518 1187 1546 κατάδυσιν
1200 1527 1208 1534 ·
1225 1519 1313 1546 ἄνεισι
1326 1519 1354 1546 δὲ
1371 1520 1480 1555 Νεεμὰν
1503 1519 1558 1546 ἀπὸ
1573 1519 1621 1546 τοῦ
1640 1518 1736 1550 ὕδατος
1761 1518 1836 1546 κατὰ

196 1571 286 1592 torum
308 1575 315 1592 :
338 1573 432 1593 recens
447 1565 534 1597 cnim,
550 1570 575 1592 et
591 1565 715 1600 priorum
733 1564 831 1592 deletis
843 1564 984 1599 culparum

1042 1565 1091 1600 τὴν
1113 1565 1249 1591 Ἑλισσαιὲ
1264 1565 1397 1601 διαταγὴν
1419 1566 1628 1601 κεκαθαρμένος
1657 1564 1717 1596 ὅλος
1735 1572 1742 1579 ·
1765 1565 1837 1592 Ἐπ-

196 1612 373 1647 stigmatibus
387 1612 453 1645 exit,
473 1604 601 1647 quisquis
616 1612 713 1647 spiritu
736 1611 887 1647 perﬁcitur.

1043 1612 1192 1646 έστρεψεν
1205 1612 1271 1646 γὰρ,
1283 1611 1375 1646 φησὶν,
1395 1612 1414 1646 ἠ
1432 1611 1510 1646 σὰρξ
1521 1612 1615 1639 αὑτοῦ
1630 1611 1676 1638 ἐπ’
1689 1611 1787 1638 αὐτὸν
1797 1610 1838 1642 ὡς

195 1658 354 1692 παιδαρίου
369 1658 488 1692 μικροῦ,
506 1658 556 1685 καὶ
571 1658 772 1692 ἐκαθαρίσθη.
794 1657 933 1694 Σύμϐολον
953 1658 1003 1693 ἤδη
1018 1657 1099 1684 τοῦτο
1111 1658 1160 1693 τῆς
1182 1659 1309 1686 ἁπάντων
1327 1659 1381 1685 τῶν
1393 1659 1598 1694 βαπτιζομένων
1615 1657 1838 1694 ἁμαρῇημικῆς

196 1705 373 1739 καθάρσεως·
390 1704 519 1740 νεοθαλὴς
539 1704 594 1740 γὰρ
608 1705 664 1736 πᾶς
683 1713 727 1736 τις
746 1704 795 1730 καὶ
827 1703 942 1736 ἄσπιλος
967 1704 1021 1730 τῶν
1051 1705 1329 1740 προκατεοτιγμένων
1345 1705 1588 1740 πλημμελημάτων
1603 1705 1706 1732 ἄνεισιν
1729 1706 1745 1731 ὁ
1760 1704 1839 1731 τελε-

196 1750 269 1781 σθεὶς
281 1751 310 1776 ἐν
321 1751 469 1785 πνεύματι.

231 1796 257 1823 8.
274 1797 362 1830 Atque
382 1800 412 1822 ut
428 1795 579 1829 gratuitum
595 1802 706 1830 quoque
722 1794 856 1830 spiritalis
878 1802 990 1830 regene-

196 1841 314 1868 rationis
339 1840 504 1867 beneﬁcium
529 1847 591 1867 esse
616 1847 779 1876 cognoscas,
803 1840 864 1867 audi
890 1840 989 1867 Isaiam

1076 1798 1110 1830 η’.
1127 1795 1159 1822 Et
1174 1795 1202 1821 δὲ
1220 1794 1310 1831 βούλει
1323 1795 1425 1830 γνῶναι
1445 1796 1492 1822 καὶ
1506 1795 1536 1822 τὸ
1550 1795 1666 1830 ἄμισθον
1683 1795 1733 1830 τῆς
1751 1805 1839 1822 πνευο

1043 1841 1162 1877 ματικῆς
1188 1842 1407 1876 ἁναγεννήσεως,
1422 1841 1527 1877 ἀκούσῃ
1549 1841 1596 1868 τοῦ
1615 1841 1727 1868 Ἦσατου
1740 1841 1839 1876 λέγον-

197 1887 332 1914 dicentem
351 1895 358 1913 :
376 1885 514 1919 Sitientes,
536 1886 621 1913 venite
636 1886 671 1912 ad
687 1893 802 1921 aquam;
826 1891 849 1912 et
870 1886 915 1920 qui
939 1894 984 1912 nam

1040 1897 1087 1920 τος
1100 1897 1107 1904 υ
1124 1890 1155 1916 Ol
1167 1888 1325 1923 διψῶντες,
1346 1888 1511 1922 πορεύεσθε
1530 1889 1575 1922 ἐφ’
1591 1888 1670 1922 ὕδωρ
1683 1897 1689 1903 ·
1704 1888 1756 1915 καὶ
1769 1889 1838 1915 ὅσοι

197 1931 300 1958 habetis
322 1936 481 1966 argentum,
506 1931 541 1957 ad
564 1931 701 1958 emendum
726 1931 891 1962 accedite“;
916 1931 991 1958 omni

196 1977 269 2003 enim
289 1976 391 2003 volenti
418 1976 505 2011 gratia
532 1980 622 2011 patet;
648 1984 702 2011 qua
726 1977 773 2012 qui
797 1984 850 2004 non
867 1977 990 2012 potitur,

196 2022 258 2049 vita:
282 2022 417 2056 jacturam
441 2021 517 2050 facit.
545 2021 599 2049 Sed
627 2021 684 2050 haec
698 2030 749 2050 nos
768 2023 866 2057 partim
883 2027 988 2050 tantum

196 2067 352 2094 delibamus
368 2074 400 2093 ac
414 2066 612 2101 participanius
625 2085 632 2099 ,
644 2073 707 2093 nam
723 2066 890 2102 paupercula
906 2067 988 2095 etiam

196 2119 275 2139 mens
318 2119 382 2138 suas
418 2112 484 2138 facit
523 2111 694 2144 oblationes,
729 2112 902 2147 pervigilium
935 2113 988 2141 hoc

196 2163 329 2192 quantum
343 2161 432 2192 potest
446 2158 635 2185 sanctiﬁcans.
647 2157 688 2185 Tu
699 2165 762 2185 vero
773 2166 879 2186 mecum
893 2163 986 2192 specta

196 2212 258 2238 quae
276 2205 364 2232 oculis
386 2209 451 2232 sunt
474 2205 597 2240 subjecta
616 2214 623 2232 ε
641 2205 756 2240 piscinae
775 2205 854 2240 aquis
868 2205 985 2241 implen-

196 2255 252 2282 tur,
271 2250 360 2278 i'ontes
376 2258 408 2278 ac
422 2251 529 2283 ﬁstulae,
544 2250 596 2277 rivi
612 2255 640 2278 et
657 2255 765 2285 stagna,
783 2251 900 2286 Spiritus
910 2258 987 2279 rece-

198 2297 305 2331 ptacula
318 2300 525 2331 proponuntur:
538 2304 671 2331 aquarutn
690 2303 788 2324 natura
805 2298 839 2324 ad
849 2304 987 2324 summum

197 2342 329 2370 honorem
344 2342 479 2369 evehitur.
508 2341 625 2368 Lumina
651 2341 812 2377 multiplicia
834 2347 913 2370 nocte
936 2343 988 2370 hac

197 2395 287 2419 saera,
304 2388 424 2415 siderum
443 2388 544 2420 instar,
563 2392 621 2416 toto
633 2388 700 2415 orbe
721 2391 864 2423 parantur.
885 2387 943 2416 Stat
960 2388 987 2416 in

197 2432 312 2467 singulis
327 2432 443 2460 urbibus
459 2433 623 2469 oppidisque
639 2441 730 2468 praeco
743 2434 817 2461 celso
831 2436 892 2461 loco
906 2441 986 2462 sacra

198 2478 313 2510 iaciens,
332 2486 474 2514 aquasque
493 2479 669 2507 sanctiﬁcans
694 2487 743 2515 per
762 2480 847 2507 divini
867 2479 986 2515 Spiritus

197 2524 224 2550 in
246 2523 320 2558 ipsas
336 2524 499 2557 adventum;
520 2533 636 2559 quarum
655 2525 758 2552 utinam
776 2525 986 2560 participatione

196 2569 414 2603 sanctilicemur,
433 2575 460 2597 ct
482 2569 581 2597 deittde
603 2577 700 2598 omnes
722 2571 865 2605 splendido
886 2571 985 2605 spiritu

196 2613 326 2641 illustrati
352 2622 554 2649 appareamus,
587 2616 615 2642 in
644 2615 756 2642 Christo
781 2615 846 2643 Jesu
870 2615 985 2643 Domino

197 2665 304 2687 nostro.
321 2660 370 2688 Cui
388 2661 473 2696 gloria
491 2667 515 2688 et
536 2661 659 2696 potentia
674 2669 737 2689 cum
752 2661 833 2689 Patre
849 2665 877 2689 et
890 2665 986 2689 sancto

197 2705 314 2740 Spiritu,
335 2714 410 2734 nunc
427 2711 455 2733 et
471 2714 520 2742 per
535 2707 634 2734 sazcula
651 2706 826 2734 saeculorum.
843 2706 941 2734 Amen.

232 2805 243 2821 ’
263 2805 316 2832 lsa.
334 2813 416 2838 xxxv,
438 2805 464 2838 ί,
480 2805 507 2839 6,
525 2805 550 2832 7.

1040 1933 1082 1968 μὴ
1097 1933 1180 1968 ἔχετε
1195 1934 1347 1968 ἀργύριον,
1358 1933 1545 1966 βαδίσαντες
1558 1932 1726 1967 ἀγοράσατε
1735 1940 1744 1947 ⁶
1765 1942 1838 1961 παν-

1042 1979 1087 2011 τὸς
1101 1979 1157 2014 γὰρ
1172 1979 1219 2006 τοῦ
1240 1979 1459 2015 προαιρουμένου
1478 1980 1509 2005 τὺ
1529 1979 1663 2014 χάρισμα,
1679 1979 1726 2005 καὶ
1739 1976 1774 2006 οὗ
1799 1980 1839 2016 μὴ

1043 2027 1146 2061 τυχεῖν,
1174 2026 1247 2061 ζωῆς
1275 2027 1349 2053 ἐστιν
1366 2025 1520 2058 ἀπότευξις.
1549 2025 1628 2051 Ἀλλὰ
1651 2025 1756 2052 τούτων
1787 2027 1837 2062 μὲν

1042 2070 1097 2097 ἀπὸ
1112 2071 1212 2106 μέρους
1227 2072 1244 2106 ἡ
1263 2071 1342 2105 λῆψις
1369 2071 1416 2097 καὶ
1445 2069 1554 2106 μέθεξις
1566 2077 1573 2084 ·
1589 2070 1630 2096 ὅτι
1647 2070 1693 2096 καὶ
1707 2071 1740 2096 ἐκ
1756 2079 1837 2098 πενι-

1041 2116 1112 2151 χρᾶς
1126 2115 1248 2147 διανοίας
1264 2116 1281 2150 ἡ
1296 2115 1459 2151 προκόμισις
1474 2114 1516 2150 ἐφ’
1523 2116 1584 2142 ὅσον
1594 2112 1650 2141 οἷον
1660 2123 1690 2141 τε
1703 2115 1837 2149 ἀφοσιου-

1042 2160 1127 2196 μένης
1140 2159 1175 2186 τὰ
1187 2161 1347 2194 προεόρτια.
1358 2159 1394 2186 Σὺ
1404 2159 1432 2186 δέ
1444 2168 1490 2194 μοι
1500 2159 1578 2194 ἄθρει
1590 2156 1634 2186 οἷα
1647 2159 1682 2186 τὰ
1691 2159 1835 2196 δρὼμενιν

1040 2206 1229 2242 κολυμδῆθραι
1253 2206 1358 2233 ὑδάτων
1386 2206 1599 2241 πεπλήρωνται,
1617 2206 1704 2240 πηγαί
1729 2215 1762 2233 τε
1789 2208 1838 2234 καὶ

1041 2251 1151 2287 κρῆναι,
1169 2251 1287 2286 ποταμοί
1305 2260 1335 2278 τε
1353 2251 1401 2278 καὶ
1413 2251 1518 2286 λῖμναι,
1532 2251 1622 2286 δοχεῐα
1639 2251 1686 2278 τοῦ
1704 2252 1837 2288 Πνεῦμα-

1040 2305 1086 2328 τος
1102 2296 1246 2332 πρόκειται
1258 2304 1267 2311 ·
1280 2297 1298 2331 ὴ
1314 2295 1395 2330 φύσις
1407 2296 1461 2322 τῶν
1481 2295 1584 2323 ὑδάτων
1599 2297 1639 2327 εἰς
1652 2297 1737 2332 τιμὴν
1748 2298 1837 2333 ὑπέρ-

1039 2350 1120 2376 τιμον
1136 2342 1315 2377 προέρχεται·
1332 2341 1410 2376 φῶτα
1432 2341 1559 2377 πολυειδῆ
1573 2341 1623 2373 τῆς
1643 2342 1719 2377 ἱερᾶς
1734 2343 1838 2375 νυκτὸς

1040 2387 1119 2423 δίκην
1136 2387 1260 2422 ἀστέρων
1277 2387 1348 2414 κατὰ
1361 2386 1453 2413 πᾶσαν
1470 2386 1519 2422 τὴν
1535 2387 1698 2422 ὑπουράνιον
1722 2388 1838 2424 ἑτοιμά-

1036 2434 1113 2466 ζεται
1125 2440 1132 2448 ·
1151 2433 1272 2468 εἱστήκει
1285 2432 1313 2459 δὲ
1324 2431 1396 2459 κατὰ
1410 2432 1500 2458 πᾶσαν
1516 2431 1594 2458 πόλιν
1612 2432 1660 2458 καὶ
1675 2432 1772 2468 χώραν
1788 2435 1837 2469 κή-

1037 2477 1087 2512 ρυξ
1098 2477 1145 2503 ἐπὶ
1158 2476 1207 2503 τοῦ
1224 2476 1362 2512 μετεώρου
1383 2475 1497 2512 ιερεύων
1512 2476 1547 2502 τὰ
1565 2475 1636 2508 θεῖα,
1647 2476 1696 2503 καὶ
1708 2476 1837 2514 ἁγιάζων

1034 2521 1070 2548 τὰ
1082 2521 1167 2548 ὕδατα
1176 2521 1222 2548 διὰ
1233 2522 1283 2556 τῆς
1297 2521 1342 2548 ἐπ’
1354 2521 1426 2547 αὐτὰ
1440 2521 1487 2548 τοῦ
1505 2521 1578 2548 θείου
1596 2521 1757 2556 Πνεύματος
1773 2523 1836 2548 ἑπι-

1036 2568 1202 2603 φοιτήσεως·
1217 2564 1255 2594 ὧν
1268 2568 1301 2603 τῇ
1317 2567 1425 2602 μεθέξει
1442 2567 1651 2602 ἀγιαοθείημεν,
1661 2568 1709 2594 καὶ
1719 2569 1754 2603 τῇ
1770 2568 1836 2603 ἑξῆς

1038 2612 1189 2647 ὀφθείημεν
1205 2612 1325 2644 ᾶπαντες
1347 2613 1455 2647 φαεινοὶ
1469 2612 1508 2647 τῷ
1531 2614 1658 2648 παμφαεῖ
1671 2614 1812 2648 πνεύματι
1825 2622 1832 2629 ·

1039 2659 1068 2685 ὲν
1084 2657 1195 2694 Χριστῷ
1216 2657 1304 2693 Ἰησοῦ
1319 2658 1358 2694 τῷ
1383 2658 1479 2694 Κυρίῳ
1493 2658 1584 2695 ἡμῶν,
1598 2655 1620 2693 ᾦ
1639 2659 1656 2694 ἡ
1666 2658 1730 2691 δόξα
1741 2659 1792 2686 καὶ
1804 2659 1833 2685 τὸ

1039 2703 1152 2739 κράτος,
1172 2704 1221 2731 σὺν
1235 2703 1274 2739 τῷ
1293 2704 1381 2739 Πατρὶ
1395 2705 1443 2731 καὶ
1458 2704 1529 2740 ἁγίῳ
1544 2703 1696 2739 Πνεύματι,
1708 2703 1758 2730 νῦν
1785 2703 1834 2730 καὶ

1039 2749 1086 2776 ἀεὶ
1104 2750 1150 2776 καὶ
1167 2749 1207 2781 είς
1224 2749 1286 2781 τοὺς
1301 2749 1401 2782 αἰῶνας
1413 2750 1468 2777 τῶν
1478 2750 1595 2778 αἰώνων.
1612 2750 1712 2785 Ἀμήν.

597 2805 625 2851 3°
646 2805 677 2832 IV
700 2805 765 2840 Reg.
787 2813 814 2838 ν,
839 2805 882 2833 Η.
921 2806 941 2821 ’⁸
962 2805 1014 2834 lsa.
1033 2813 1078 2839 ιν,
1101 2805 1127 2833 1.

233 2863 270 2899 (‘2)
291 2863 361 2892 Dicit
378 2865 572 2893 lconontacltos
587 2864 669 2893 Leoni
688 2865 809 2894 Armeno
825 2865 891 2901 intp.
909 2864 1101 2901 gratiﬁcantes.
