1921 3073
65 138 121 168 709

448 195 473 220 Δ,

60 243 158 277 Λόγος
175 241 375 276 κατηχητικὸς
388 241 508 303 τᾷῖᾀγιᾳ
523 242 642 277 μεγάλῃ
658 242 792 278 Κυριακῇ
809 243 861 270 τοῦ

433 285 525 303 ασγα.

433 285 525 312 ασχα.

535 140 677 171 ORATIO
694 141 742 172 IV.
770 155 803 160 —
828 141 867 171 IN
889 141 1066 173 SANCTUM
1086 143 1240 175 PASCHA.

1651 145 1704 179 710

1288 198 1332 226 IV.

936 242 1030 270 Oratio
1043 245 1211 282 catechelicar
1221 246 1249 272 in
1268 250 1388 272 sanctum
1406 254 1530 282 magnum
1545 246 1684 277 Paschalis

1184 281 1253 308 diem
1264 281 1432 309 dominicum.

681 344 760 380 (Anc.
778 344 843 379 ΜΑι,
860 345 911 373 loc.
932 348 978 374 cil.
996 355 1024 382 p.
1042 349 1101 383 (24.)

97 415 132 438 α’.
147 411 181 438 Τί
193 411 284 444 τοῦτο,
301 411 413 445 ἀδελφοὶ
435 411 574 447 ἀγαπητοὶ
591 411 639 439 καὶ
660 412 797 448 φιλέορτοι
812 414 860 440 καὶ

59 457 234 491 φιλόχριστοι
247 465 254 488 ;
268 456 310 488 τίς
321 457 338 492 ὴ
354 455 471 491 τοσαύτη
483 455 695 491 λαμπροφορία;
711 457 754 489 τίς
769 458 860 492 ήτοσ-

58 501 131 534 αύτη
153 501 325 535 φωταγωγία
357 501 405 526 καὶ
423 500 555 536 θυμηδίας
579 501 606 527 τί
619 501 648 527 τὸ
662 501 859 537 καταστράψαν

59 546 133 573 οὓτω
143 546 194 581 τὴν
208 546 394 580 Ἐκκλησίαν;
412 546 439 572 τι
454 546 484 573 τὸ
498 547 688 580 καταγλαῖσαν
703 547 753 582 τὴν
766 548 857 574 οἰκου-

59 593 164 627 μένην;
179 592 205 618 τί
218 592 249 618 τὸ
272 592 488 627 παρασκευάσαν
504 592 639 627 τοσαύτην
655 593 782 627 γενέσθαι
797 593 859 628 ἡδο-

57 638 107 672 νὴν
131 638 180 663 καὶ
196 637 385 672 φαιδρότητα;
402 637 473 669 Χθὲς
488 638 517 663 ὲν
541 637 656 672 ἀθυμίᾳ,
671 637 719 664 καὶ
737 638 858 672 σήμερον

58 682 88 708 ἐν
106 681 226 716 εὐθυμία
238 690 244 696 ·
262 681 326 716 χθὲς
341 682 370 707 ὲν
389 681 537 716 κατηφείᾳ,
556 681 603 708 καὶ
622 682 742 717 σήμερον
753 683 782 709 ἐν
795 690 858 716 φαι-

56 727 179 762 δρότητι·
192 726 257 760 χθὲς
268 727 296 751 ὲν
307 725 478 760 ὀλολυγμοῖς,
491 726 538 752 καὶ
553 726 676 761 σήμερον
692 727 720 752 ὲν
733 725 855 760 ἀλαλαγ-

58 773 131 806 μοῖς.
152 771 276 806 Ἐρωτᾷς
286 772 312 797 τί
326 771 429 797 τούτων
445 771 476 797 τὸ
491 771 590 802 αἴτιον,
608 771 654 797 καὶ
673 771 700 797 τί
715 771 745 798 τὸ
761 781 854 806 παρα-

58 815 198 843 σκευάααν
210 816 338 850 γενέσθαι
352 815 486 852 τοσαύτην
501 815 591 851 χαρὰν
602 816 649 842 καὶ
661 815 693 842 λα
698 817 852 852 μπρότητα;

57 863 176 898 Χριστὸς
187 862 291 898 ἀνέστη
305 863 337 889 ὲκ
349 861 466 898 νεκρῶν,
484 863 530 888 καὶ
546 861 619 893 άπας
631 863 645 888 6
660 862 762 897 κόσμος
772 863 789 898 η

57 909 180 936 λιάσατο.
195 909 365 944 Κατήργησε
382 908 421 943 τῷ
434 907 560 943 ζωοποιῷ
577 908 662 934 αὑτοῦ
685 908 792 944 θανάτῳ
810 909 857 936 τὸν

57 955 186 987 θάνατον,
210 955 257 980 καὶ
280 954 382 985 πάντες
395 954 419 980 οἱ
434 954 462 980 ὲν
475 953 513 988 τῷ
530 953 581 989 ᾄδῃ
590 953 645 980 τῶν
660 954 769 989 δεσμῶν
798 955 855 981 άπ-

57 1000 206 1034 ελύθησαν·
221 998 327 1034 ἡνέῳξε
348 1000 394 1025 τὸν
408 999 586 1033 παράδεισον,
602 999 650 1025 καὶ
670 1000 753 1026 πᾶσιν
775 999 858 1026 αὐτὸν

57 1045 189 1081 είσηκτὸν
209 1044 411 1080 ἀπειργάσατο.
429 1045 461 1071 Ὢ
487 1044 569 1079 βάθος
593 1044 630 1080 μὴ
647 1045 808 1080 νοούμενονι
825 1045 857 1072 Ὢ

58 1091 127 1126 ὓψος
150 1091 188 1126 μὴ
205 1090 408 1126 μετρούμενονί
427 1090 460 1116 Ὢ
477 1091 629 1125 μυστηρίου
649 1090 777 1125 φρικτοῦ,
796 1091 857 1123 νοὸς

56 1138 174 1172 δύναμιν
200 1135 429 1172 ὑπερϐαίνοντοςί
453 1134 600 1170 ’Υμνοῦσιν
613 1135 727 1170 ἄγγελοι
751 1137 785 1172 τῇ
803 1145 857 1163 σω-

56 1184 142 1219 τηρίᾳ.
168 1183 249 1218 ἡμῶν
275 1181 531 1218 ὲπευφραινόμενοι.
557 1181 700 1217 Προφῆται
730 1183 856 1218 χαίρουσι

57 1231 107 1262 τὰς
121 1230 227 1262 οίκείας
236 1230 405 1265 προρρήσεις
415 1227 608 1263 πληρουμένας
617 1227 763 1262 θεώμενοι.
777 1228 856 1255 Πᾶσα

56 1277 73 1311 ἡ
99 1277 190 1308 κτίσις
221 1274 406 1310 συνεορτάζει.
441 1273 552 1308 Ηῦγασε
584 1273 639 1308 γὰρ
664 1273 733 1309 αὐτῇ
763 1274 856 1309 ἡμέρα

58 1323 205 1358 σωτήριος,
220 1320 325 1356 ἔλαμψε
342 1320 423 1347 πάλιν
450 1320 464 1346 6
487 1319 538 1354 τῆς
559 1318 733 1354 δικαιοσύνης
748 1319 854 1351 Ἥλιος.

58 1367 107 1398 Τίς
123 1369 215 1393 τοίνυν
234 1366 319 1398 ἀξίως
345 1365 395 1400 τῆς
422 1364 551 1400 λαμπρᾶς
568 1363 671 1398 ταύτης
686 1364 793 1399 ἡμέρας
805 1363 855 1400 τὴν

56 1414 139 1449 χάριν
159 1413 328 1447 ἑξυμνήσει;
345 1411 393 1440 Τις
417 1409 637 1445 μεγαλοπρεπῶς
662 1409 708 1435 τοῦ
726 1409 854 1435 τοσούτου

57 1459 212 1494 μυστηρίου
240 1456 370 1492 ὲκθειάσῃ
396 1455 445 1490 τὴν
468 1455 603 1490 δύναμιν;
625 1454 667 1485 τίς
683 1453 818 1490 ἐτερος,ἢ
840 1456 855 1481 6

56 1505 178 1541 χρυσοῦς
206 1504 286 1539 ὴμῶν
313 1503 408 1538 Πατὴρ
430 1502 570 1538 Ἰωάννης,
597 1503 611 1528 6
633 1502 791 1538 διαπρύσιος
808 1503 855 1529 καὶ

59 1549 291 1586 μεγαλοφώνατος
316 1548 414 1583 κῆρυξ,
431 1550 444 1575 6
462 1549 512 1584 τῆς
534 1548 697 1583 οἰκουμένης
725 1547 853 1583 διαφανέ-
868 1559 890 1588 C

58 1604 157 1627 στατος
171 1596 218 1622 καὶ
229 1595 425 1630 λαμπρότατος
441 1593 565 1629 φωστὴρ,
590 1594 638 1620 καὶ
654 1593 781 1628 ἀληθινὸς
791 1601 853 1620 ποι-

60 1643 112 1678 μὴν
139 1643 186 1668 καὶ
202 1642 378 1673 διδάσκαλος,
391 1642 406 1667 6
417 1640 472 1667 τῶν
488 1640 582 1675 ψυχῶν
597 1639 781 1674 εὐφυέστατος
806 1639 852 1665 καὶ

58 1687 246 1722 δοκιμώτατος
272 1687 375 1721 ἰατρὸς,
401 1687 415 1712 6
440 1685 495 1712 τῶν
520 1684 692 1720 ἁμαρτωλῶν
716 1683 852 1719 ἐγγυητὴς

59 1734 220 1768 ἀξιόχρεως,
233 1735 246 1759 ὁ
257 1732 328 1767 ὑπὲρ
344 1732 389 1758 τὸν
404 1731 501 1758 Νεῖλον
512 1727 633 1765 ποταμὸν
651 1730 720 1766 ῥέων
735 1730 769 1756 τὰ
786 1739 852 1766 χρυ-

61 1778 169 1815 σόῤῥειθ
175 1787 209 1813 ρα
222 1779 342 1813 νάματα,
355 1778 368 1804 6
383 1776 501 1813 χρυσοῦς
519 1776 566 1802 καὶ
579 1774 786 1810 χρυσόγλωσσος
805 1774 852 1800 καὶ

58 1825 267 1860 χρυσόστομοςς
284 1819 362 1854 οὗτος
389 1822 556 1854 ἑκθειαςέτω
573 1821 620 1847 καὶ
635 1820 790 1855 ἀνυμνείτω
806 1820 854 1846 καὶ

58 1868 192 1904 κροτείτω
223 1868 266 1894 τοῦ
292 1867 444 1902 μυστηρίου
460 1866 511 1901 τὴν
532 1865 648 1899 δύναμιν
661 1871 669 1880 ’
693 1864 740 1890 καὶ
756 1863 852 1890 τούτου

58 1915 150 1950 χάριν,
161 1913 200 1945 ὡς
212 1910 268 1940 οἷόν
283 1921 314 1939 τε
327 1912 370 1939 διὰ
387 1911 510 1947 βραχέων
525 1908 756 1944 συντετμημένων
766 1908 853 1942 λόγων

59 1959 259 1994 ἐξαγγελλέτω·
274 1959 331 1985 ἀλλ’
348 1959 362 1985 6
376 1958 426 1993 μὲν
438 1956 547 1992 ἕτοιμός
561 1956 646 1988 ἐστιν,
662 1955 700 1986 ὼς
715 1953 760 1980 τοῦ
771 1953 852 1988 λόγου

60 2008 154 2042 ῥήτωρ
177 2006 313 2038 ποικίλος,
328 2005 376 2032 καὶ
390 2003 508 2037 σάλπιγξ
532 2002 779 2037 μεγαλοφωνοτάτη
804 1999 851 2026 τοῦ

59 2054 229 2088 Πνεύματος’
244 2053 324 2088 ἡμεῖς
336 2051 364 2078 δὲ
382 2051 450 2086 πρὸς
464 2050 495 2076 τὸ
507 2048 618 2077 ἀκούειν
630 2047 724 2074 τούτου
738 2046 853 2082 ἐτοιμώ-

947 417 973 444 Ι.
994 416 1065 450 Quid
1093 417 1146 444 hoc
1171 420 1236 451 est,
1264 418 1356 446 dilecti
1377 418 1497 452 fratres,
1528 418 1611 455 hujus
1639 420 1702 449 festi

909 461 1069 498 Christique
1085 463 1246 492 amatores?
1264 463 1394 496 Quaenam
1410 465 1468 492 haec
1482 468 1557 492 tanta
1578 466 1702 494 candide

909 509 993 536 vestis
1008 510 1148 543 gestatio?
1170 511 1232 546 quis
1250 514 1343 538 tantus
1359 511 1494 538 luminum
1511 517 1661 548 apparatus
1674 518 1703 541 et

909 555 1058 582 hilaritas?
1086 556 1152 590 quid
1183 560 1327 591 tantopere
1358 556 1510 585 Ecclesiam
1541 558 1702 587 illuminat?

910 602 976 636 quid
996 602 1129 629 mundum
1144 603 1282 630 exornat?
1296 603 1362 638 quid
1381 607 1484 631 tantam
1498 603 1699 639 jucunditatem

909 648 1089 683 laetitiamque
1106 648 1211 676 cilicii?
1230 648 1295 676 Heri
1311 651 1490 683 consternati.
1518 651 1598 679 hodie
1619 652 1700 680 exhi-

909 693 991 720 larati
1010 701 1016 720 :
1035 693 1093 720 heri
1111 693 1136 720 in
1155 694 1277 726 tristitia,
1300 695 1381 722 hodie
1405 695 1432 722 in
1450 696 1573 731 gaudio:
1592 697 1651 725 heri
1671 699 1700 725 in

909 737 1069 772 cjulatibus,
1089 738 1169 766 hodie
1186 740 1211 766 in
1225 740 1331 774 jubilis.
1355 740 1446 776 Rogas
1461 742 1558 770 horum
1574 750 1699 777 causam,

908 784 1010 819 quidve
1029 789 1135 812 tantum
1151 786 1281 820 gaudium
1303 787 1561 824 solemnitatemque
1578 790 1700 819 afferat?

908 830 1035 858 Christus
1050 839 1065 858 e
1076 832 1194 859 mortuis
1205 833 1409 867 resurrexit,‘et
1420 835 1565 863 universus
1580 836 1700 864 mundus

791 864 855 916 μδ·
873 879 893 906 B
907 878 1040 905 exsultat.
1064 878 1204 906 Destruxit
1219 879 1328 907 viviﬁca
1353 886 1441 908 morte
1462 889 1512 909 sua
1528 887 1656 916 mortem,
1672 887 1701 911 et

908 931 1005 951 omnes
1029 924 1182 952 inferorum
1213 926 1309 954 incolae
1334 926 1454 955 vinculis
1478 933 1542 956 sunt
1562 929 1698 957 resoluti:

907 971 1066 1004 paradisum
1096 971 1211 1000 reclusit
1241 973 1405 1008 cunctisque
1445 975 1571 1009 pervium
1595 976 1698 1004 effecit.

908 1016 929 1044 0
947 1017 1123 1052 profunditas
1146 1018 1352 1047 inscrutabilisi
1376 1027 1394 1048 ο
1408 1020 1526 1048 altitudo
1543 1022 1698 1050 immensu-

906 1062 1019 1090 rahilis!
1041 1061 1064 1090 Ο
1088 1064 1259 1092 tremendum
1285 1066 1447 1101 mysterium
1467 1067 1568 1095 mentis
1580 1067 1636 1094 vim
1650 1076 1700 1096 ex-

905 1108 1024 1136 cedensl
1044 1108 1167 1144 llymnos
1185 1116 1288 1138 canunt
1303 1111 1393 1146 angeli
1411 1112 1501 1140 salute
1518 1118 1613 1141 nostra
1629 1114 1699 1142 laeti-

906 1154 991 1182 ilcati.
1010 1154 1158 1190 Propheta,-
1172 1157 1303 1191 gaudent.
1318 1157 1448 1185 vaticinia
1461 1166 1509 1186 sua
1521 1159 1555 1186 ad
1569 1159 1695 1188 eﬂ'ectum

905 1206 968 1235 esse
983 1200 1125 1234 perducta.
1145 1200 1277 1229 Universa
1295 1207 1422 1231 creatura
1446 1204 1548 1232 iestum
1571 1206 1700 1234 concele-

906 1245 989 1272 brat:
1006 1245 1098 1273 iiluxit
1111 1247 1186 1275 e'nim
1204 1248 1228 1276 ei
1242 1249 1301 1277 dies
1319 1250 1461 1283 salutaris,
1483 1251 1575 1279 denuo
1597 1252 1699 1281 eﬂ‘ulsit

908 1291 1093 1327 Sotjustitiae.
1120 1293 1191 1327 Quis
1208 1303 1274 1331 ergo
1297 1296 1380 1331 digne
1405 1297 1459 1324 diei
1484 1297 1565 1332 hujus
1581 1299 1697 1333 gratiam

906 1339 1053 1367 decantet?
1069 1340 1135 1374 Quis
1159 1349 1209 1377 pro
1233 1342 1366 1378 dignitate
1393 1344 1462 1371 tanti
1487 1344 1542 1372 vim
1572 1346 1697 1381 mysterii

906 1386 1048 1414 dilaudet?
1064 1388 1137 1422 quis,
1156 1388 1207 1415 nisi
1224 1396 1326 1417 aureus
1340 1389 1423 1417 Pater
1447 1395 1540 1418 noster
1563 1391 1697 1423 Joannes,

906 1439 1025 1460 canorus
1045 1441 1078 1461 ac
1093 1434 1286 1462 voealissimus
1301 1443 1402 1470 praeco,
1427 1437 1522 1464 mundi
1543 1437 1698 1466 illustrissi-

906 1487 981 1506 mum
998 1488 1030 1506 ac
1045 1480 1298 1515 splendidissimum
1319 1482 1477 1514 luminare,
1499 1490 1581 1511 verus
1605 1488 1698 1518 pastor

906 1531 990 1561 atque
1004 1527 1144 1562 magister,
1164 1527 1349 1562 peritissimus
1366 1529 1520 1555 animarum
1538 1536 1571 1556 ac
1594 1529 1697 1564 proba-

907 1572 1031 1600 tissimus
1051 1573 1192 1606 medicus,
1216 1579 1390 1608 peccatorum
1413 1575 1606 1603 reconciliator
1620 1583 1698 1612 egre-

906 1619 986 1652 gius,
1011 1618 1073 1646 Nilo
1096 1619 1180 1646 ﬂuvit)
1205 1619 1334 1647 ﬂuentior
1362 1621 1455 1647 aureis
1483 1621 1622 1654 laticibus,
1651 1622 1697 1649 ille

905 1672 1017 1697 aureus,
1033 1669 1060 1692 et
1075 1673 1158 1693 aurea
1169 1666 1271 1701 lingua,
1289 1671 1372 1702 atque
1385 1666 1422 1693 Os
1437 1674 1567 1700 aureum;
1584 1667 1639 1700 hic,
1654 1667 1698 1695 in-

905 1720 1001 1747 quam,
1017 1713 1148 1744 dilaudet,
1168 1713 1279 1748 hymnis
1297 1717 1324 1740 et
1349 1713 1491 1748 plausibus
1515 1719 1698 1749 prosequatur

906 1759 989 1794 hujus
1015 1759 1070 1786 vim
1094 1759 1233 1795 mysterii,
1254 1759 1374 1794 ideoque
1395 1760 1522 1787 breviore
1538 1767 1621 1794 quam
1638 1761 1696 1788 iiuri

908 1807 1009 1841 poterit
1024 1806 1149 1833 oratione
1161 1805 1335 1840 depraadicet.
1352 1807 1386 1832 At
1409 1805 1432 1833 is
1448 1806 1558 1840 quidem
1584 1810 1697 1840 paratus

907 1858 960 1886 est,
979 1861 1027 1881 ceu
1046 1854 1155 1881 dicendi
1173 1853 1266 1880 rhetor
1284 1853 1423 1887 copiosus,
1441 1853 1507 1880 tuba
1522 1853 1697 1880 vocalissima

906 1900 1027 1935 Spiritus
1042 1909 1049 1927 :
1065 1907 1115 1927 nos
1130 1904 1222 1927 autem
1236 1899 1271 1927 ad
1285 1899 1358 1927 hunc
1371 1899 1535 1927 audiendum
1548 1899 1698 1928 alacriores

906 1949 995 1975 simus
1008 1952 1035 1975 et
1050 1947 1222 1978 attentiores,
1248 1950 1279 1973 ut
1303 1953 1503 1980 cognoscamus
1527 1946 1592 1979 quid
1616 1946 1697 1973 nobis

905 1993 975 2022 alter
1001 1993 1170 2028 paenitentiae
1197 1999 1287 2027 praeco
1309 1991 1462 2026 (Joannes)
1486 1991 1601 2019 nuntiet.
1624 1992 1697 2028 Ergo

906 2043 1008 2071 audite.

58 2085 140 2135 “pot-
159 2085 306 2135 γενώμεθα
330 2098 378 2125 καὶ
403 2085 665 2133 τεροσεκτικώτεροι,
691 2093 724 2119 ἵν’
736 2093 851 2128 εἴδωμεν
867 2089 910 2119 οἷα
925 2091 993 2126 ἡμῖν
1016 2087 1214 2122 ἐπαγγέλλεται
1240 2087 1254 2113 6
1281 2085 1425 2120 μετανοίας
1436 2085 1523 2121 κήρυξ
1535 2085 1694 2122 ὀδεύτιρος,

58 2147 104 2173 Διὸ
118 2145 266 2173 ἀκούσατε.

191 2201 288 2228 Apxu
306 2200 376 2227 ΤΟΥ
393 2199 652 2227 ΧΡΥΣοΣτυΜοΥ
669 2198 708 2234 (5)

92 2260 126 2296 β’.
145 2260 180 2286 Εἴ
195 2268 237 2290 τις
251 2258 367 2293 εὐσεϐὴς
382 2257 430 2284 καὶ
453 2256 589 2291 φιλόθεος,
602 2256 763 2283 άπολαυέτω
787 2254 853 2281 ταύ-

57 2316 106 2342 της
117 2306 168 2341 τῆς
181 2305 268 2340 καλῆς
283 2304 476 2339 πανηγύρεωςο
490 2302 517 2329 εἴ
527 2311 570 2335 τις
580 2302 678 2334 δοῦλος
691 2300 852 2336 εὐγνώμων,

60 2352 206 2380 εἰσελθέτω
223 2351 328 2387 χαίρων
345 2351 385 2382 εἰς
406 2349 456 2385 τὴν
471 2349 557 2385 χαράν
571 2349 619 2376 τοῦ
635 2349 730 2384 κυρίου
750 2347 833 2374 αὑτοῦ
843 2355 852 2363 ⁸

61 2399 87 2425 εἴ
98 2407 141 2429 τις
154 2397 243 2431 ἔκαμε
256 2395 404 2430 νηστεύων,
416 2394 579 2421 άπολασέτω
597 2393 645 2421 νῦν
661 2394 692 2420 τὺ
706 2394 834 2430 δηνάριον
843 2400 851 2408 '

61 2444 87 2470 εί
97 2451 141 2475 τις
156 2442 212 2469 ἀπὸ
229 2441 340 2477 πρώτης
354 2439 430 2476 ὥρας
450 2439 611 2475 εἰργάσατο,
623 2439 746 2475 δεχέσθω
763 2439 810 2466 νῦν
821 2439 854 2466 τὸ

60 2489 163 2516 δίκαιον
175 2487 288 2522 δφλημα
300 2495 307 2501 ·
323 2486 350 2512 ετ
360 2494 402 2518 τις
414 2485 484 2521 μετὰ
499 2486 548 2520 τὴν
562 2485 656 2521 τρίτην
667 2483 760 2521 ἦλθεν,
774 2486 853 2521 εὐχα-

59 2535 158 2571 ριστῶν
174 2533 312 2569 ἑορτάσοι’
327 2532 354 2558 εῐ
365 2540 406 2564 τις
421 2532 486 2567 περὶ
501 2532 551 2568 τὴν
565 2532 649 2567 ἕκτην
660 2529 752 2567 ἦλθεν,
770 2532 853 2566 μηδὲν

58 2580 248 2617 ἁμφιϐαλέτω,
269 2579 316 2606 καὶ⁵
331 2578 386 2614 γὰρ
403 2577 480 2605 οὐδὲν
495 2577 658 2613 ζημιοῦται·
673 2577 701 2604 εῑ
717 2585 758 2608 τις
773 2577 852 2604 ὑστέ-

59 2636 142 2664 ρησεν
156 2627 199 2658 εἰς
213 2625 264 2661 τὴν
277 2625 402 2660 ἐννάτην,
424 2623 568 2660 προσέλθοι
587 2623 672 2659 μηδὲν
687 2623 832 2656 ἐνδοιάζων
842 2632 850 2640 ·

57 2675 83 2701 et
97 2681 142 2705 τις
168 2672 249 2708 μόνον
266 2671 370 2707 ἔφθασε
384 2671 434 2707 τὴν
456 2670 615 2706 ἑνδεκάτην,
633 2669 778 2705 προσέλθοι
805 2670 854 2697 καὶ

92 2762 131 2796 (3)
147 2760 244 2790 Exstat
271 2766 533 2796 sequenshsermon
542 2758 602 2796 vel”
617 2757 799 2796 fragmentum
823 2758 850 2786 in

56 2793 177 2824 editione
192 2793 318 2823 Maurina
333 2800 353 2822 t.
372 2793 440 2825 Vill,
454 2803 481 2829 p.
499 2794 563 2821 250.
586 2793 716 2829 Spurium
744 2793 852 2821 incaute

62 2831 281 2860 )iontfauconius
305 2828 541 2865 judicavitJIVide
563 2829 677 2863 hujusce
690 2828 852 2864 Palruiogim

1092 2190 1225 2219 INITIUM
1245 2189 1506 2218 CHRYSOSTOMI.

937 2249 965 2276 2.
985 2248 1014 2276 Si
1039 2248 1101 2283 quis
1125 2247 1187 2282 pius
1203 2251 1260 2279 est,
1289 2246 1394 2282 Deique
1416 2254 1531 2280 amans,
1559 2251 1696 2282 praesente

902 2296 1020 2331 gaudeat
1029 2294 1144 2330 pulchra
1158 2293 1342 2321 solemnitate.
1360 2293 1462 2327 Siquis
1473 2300 1569 2321 servus
1579 2293 1693 2328 probus,

902 2340 981 2368 laetus
998 2341 1082 2368 intret
1101 2340 1129 2367 in
1144 2339 1274 2375 gaudium
1290 2338 1397 2366 domini
1419 2338 1473 2366 sui.
1495 2337 1525 2366 Si
1539 2339 1602 2374 quis
1616 2339 1695 2366 labo-

903 2387 973 2414 ravit
988 2387 1129 2422 jejunans,
1156 2393 1229 2413 nunc
1248 2385 1364 2421 recipiat
1376 2385 1519 2412 denarium
1535 2393 1542 2413 :
1557 2385 1580 2412 si
1598 2385 1660 2420 quis
1677 2392 1694 2412 a

901 2435 990 2470 prima
1017 2435 1085 2462 hora
1110 2438 1241 2469 operatus
1263 2438 1323 2467 est,
1351 2440 1425 2461 nunc
1438 2432 1540 2468 justam
1560 2433 1695 2468 percipiat

903 2481 1057 2509 mercedem
1074 2491 1080 2508 :
1097 2481 1119 2508 si
1136 2480 1199 2516 quis
1216 2485 1279 2516 post
1291 2480 1400 2508 tertiam
1416 2480 1500 2513 venit,
1517 2488 1579 2508 cum
1592 2481 1695 2515 gratia-

902 2535 962 2555 rum
991 2527 1100 2555 actione
1126 2527 1226 2555 festum
1247 2530 1312 2562 agat
1332 2535 1340 2554 :
1360 2526 1384 2554 si
1408 2526 1471 2561 quis
1493 2526 1566 2553 circa
1587 2530 1692 2554 sextam

902 2573 1028 2607 accessit,
1047 2573 1115 2601 nihil
1140 2573 1258 2606 haesitet,
1286 2572 1392 2600 nullum
1408 2572 1481 2600 enim
1496 2571 1692 2600 detrimentum

903 2619 1026 2648 sentiet:
1046 2620 1069 2647 si
1094 2619 1156 2654 quis
1179 2619 1213 2647 ad
1238 2626 1337 2647 nonam
1365 2626 1452 2653 usque
1482 2617 1598 2651 distulit,
1625 2618 1694 2646 nihil

905 2669 1034 2696 dubitans
1050 2668 1142 2696 veniat
1156 2677 1163 2696 :
1180 2667 1203 2695 si
1218 2667 1282 2703 quis
1296 2667 1363 2694 hora
1375 2669 1482 2693 tantum
1497 2666 1642 2694 undecima
1658 2666 1693 2695 ad

906 2763 926 2785 t.
951 2758 1018 2790 LIX.
1041 2759 1094 2788 col.
1120 2757 1195 2792 τοι]
1227 2758 1306 2786 Nune
1331 2762 1431 2790 autem,
1459 2757 1564 2785 Studita
1588 2757 1693 2792 judice,

906 2794 976 2822 inter
991 2794 1108 2829 genuina
1121 2794 1176 2822 divi
1187 2793 1280 2822 Patris
1299 2794 1401 2828 scripta
1418 2793 1481 2828 poni
1499 2793 1589 2821 debet.
