1921 3073
242 134 293 168 711
811 138 841 167 S.
863 137 1060 168 THEODORI
1082 137 1256 169 STUDITE

1820 140 1870 171 ἨΞ

243 194 362 220 laborem
379 201 410 221 se
427 194 553 227 contulit,
577 202 610 221 ne
629 193 686 228 ipse
700 193 810 228 quidem
831 193 864 220 de
876 201 925 220 sua
941 193 1026 219 tardi—

1089 193 1158 224 ιὺτὺς
1177 193 1260 228 μηδὲν
1276 193 1419 225 ἐνδοιάζων
1433 201 1439 208 ·
1465 193 1606 228 φιλότιμος
1623 192 1678 228 γὰρ
1690 192 1727 220 ὢν
1742 195 1756 220 ὁ
1770 196 1871 223 Δεσπό-

241 243 296 266 tate
308 239 414 267 timeat.
427 239 495 267 Cutn
506 240 541 267 sit
550 239 623 266 enim
637 238 758 266 liberalis
769 238 909 271 dominus,
923 241 1030 272 postre-

242 293 318 313 mum
348 285 421 313 haud
447 293 526 313 secus
556 292 588 312 ac
615 285 731 319 primum
756 284 872 318 excipit;
899 283 1034 311 rel‘ocillat

242 339 320 366 :eque
331 331 483 359 undecima:
498 331 572 358 hora:
586 330 754 366 operarium,
775 337 808 356 ac
825 330 902 356 illum
916 330 963 364 qui
976 331 1034 365 jam

243 377 309 405 inde
332 384 347 403 a
363 377 451 412 prima
466 384 577 411 operam
595 377 774 412 praestiterat;
796 381 823 403 et
841 376 928 403 ultimi
951 376 1035 404 mise-

244 427 330 453 retur,
346 426 373 449 et
384 422 502 456 primum
519 425 726 456 remuneratur;
744 423 808 449 huic
817 423 874 455 dat,
887 422 1033 451 illidonat:

244 472 272 495 et
288 475 399 503 operam
422 468 542 503 exeipit,
564 472 592 495 et
612 468 779 495 voluntatem
797 469 969 503 amplectitur
985 478 992 495 ι
1009 473 1035 496 et

243 517 335 540 actum
355 513 446 540 debito
462 513 565 540 honore
585 513 679 545 allicit,
695 517 722 540 et
741 514 911 548 propositum
930 513 1033 540 laudat.

247 558 318 593 Ergo
340 565 437 585 omnes
454 558 555 585 intrate
572 559 598 585 in
617 559 747 593 gaudium
767 559 872 586 Domini
887 560 992 592 nostri;
1009 566 1036 587 et

244 609 302 631 tum
318 604 400 639 primi
418 609 474 631 tum
488 604 575 632 ultimi
590 606 743 632 mercedem
763 606 894 640 percipite
912 614 918 632 :
937 606 1036 634 divites

246 650 329 676 simul
344 654 371 677 et
385 657 529 684 pauperes,
544 651 672 677 chorcam
685 651 775 678 ducite
790 661 796 677 :
813 651 896 678 fortes
911 654 988 686 {eque
1005 660 1038 679 ac

247 695 349 730 ignavi,
366 695 440 722 hunc
454 695 525 722 diem
540 695 674 722 honorate
692 704 699 722 :
716 696 762 731 qui
778 696 935 731 jt-junastis,
952 702 978 724 et
990 697 1036 731 qui

247 747 338 773 secus,
355 740 435 767 hodie
449 741 642 775 jucundatnini
659 750 666 768 ι
684 749 781 769 mensa
798 742 914 776 dapibus
929 746 972 769 est
994 750 1037 769 re-

246 784 331 816 ferta,
348 785 518 812 deliciatnini
532 792 629 812 omnes
645 794 652 812 ε
668 785 772 812 vitulus
788 786 939 820 saginatus,
955 793 1037 813 nemo

247 830 370 858 discedet
385 830 529 858 famelicus
545 840 552 858 :
570 831 661 858 cuncti
681 832 769 866 copiis
786 831 957 859 liberalitatis
971 832 1039 859 l'rui-

248 876 315 903 mini
333 885 341 903 :
358 883 440 904 nemo
465 877 498 904 de
521 876 613 911 inopia
638 882 780 912 queratur,
807 885 869 904 nam
892 885 1038 905 commune

249 930 362 957 regnum
376 922 454 950 adest
469 931 476 949 :
492 929 574 950 nemo
593 922 687 957 lapsus
704 931 768 951 suos
785 923 958 956 lamentetur,
974 931 1036 950 nam

247 969 326 996 venia
353 969 385 996 de
405 969 532 1004 sepulcro
555 973 649 996 exorta
670 973 712 997 est
729 978 735 996 :
771 977 853 996 nemo
871 976 987 997 mortem
1004 971 1038 996 ti-

247 1019 331 1047 meat,
355 1015 454 1042 etenim
471 1014 597 1042 liberavit
629 1022 679 1042 nos
705 1022 781 1042 mors
802 1014 966 1048 Salvatoris;
989 1022 1039 1043 ex-

247 1061 344 1088 stinxit
367 1060 454 1092 illam,
477 1069 491 1086 a
509 1068 563 1095 qua
585 1060 674 1088 luerat
696 1062 942 1095 oppressus:vicit
958 1060 1040 1088 inl‘er-

248 1113 313 1132 num
323 1126 330 1138 ,
348 1106 395 1140 qui
409 1105 442 1133 ad
458 1105 597 1133 infernum
613 1106 770 1133 descendit:
784 1113 907 1133 amarum
922 1106 1040 1134 reddidit

247 1151 341 1184 illum,
356 1151 402 1186 qui
419 1158 515 1179 carnes
535 1151 594 1185 ejus
607 1155 773 1186 gustaverat.
789 1151 815 1178 Id
844 1159 1039 1189 praeoccupans

215 1210 217 1234 ι
249 1197 333 1224 Isaias
348 1197 509 1224 exclamavit
525 1205 532 1224 :
550 1197 684 1231 Iulernus,
702 1197 798 1232 inquit,
818 1205 926 1224 amarus
951 1198 1038 1232 factus

248 1242 344 1275 est”',
364 1243 429 1270 dum
445 1243 492 1270 tibi
518 1243 647 1270 deorsum
672 1243 900 1278 congrederetur;
928 1251 1039 1272 amarus

250 1287 339 1315 factus
353 1293 410 1319 est,
428 1288 493 1323 quia
517 1289 717 1323 mortillcatus;
745 1297 858 1316 amarus
878 1289 965 1317 laetus
987 1295 1037 1323 est,

249 1333 314 1367 quia
328 1333 440 1361 illusum
456 1338 498 1360 est
519 1334 563 1367 ei;
588 1341 687 1368 corpus
714 1335 822 1367 invasit,
845 1339 872 1362 et
892 1335 986 1362 incidit
1012 1335 1038 1362 in

250 1378 356 1412 Deum;
373 1384 473 1406 terram
490 1380 680 1414 apprehendit,
695 1384 723 1407 et
740 1380 766 1406 in
782 1381 884 1407 omium
902 1381 1037 1409 incurrit:

250 1424 431 1458 apprehendit
447 1431 528 1459 quem
548 1425 667 1458 videbat,
685 1429 713 1452 et
730 1425 832 1453 decidit
849 1426 920 1453 unde
933 1427 1038 1454 nescie-

251 1471 306 1498 bat.
330 1470 390 1504 ΠΜ,
423 1479 440 1498 0
463 1479 544 1505 mors,
571 1472 695 1499 stimulus
720 1473 808 1500 tuus?
841 1473 901 1506 ubi,
927 1474 1037 1508 inferne,

249 1516 361 1544 uictoria
379 1521 426 1543 tua
440 1516 482 1544 ”?
495 1516 657 1557 Resurrexit
672 1518 808 1550 Christus,
829 1523 856 1547 et
879 1519 1037 1547 ceciderunt
1051 1530 1073 1560 ο

251 1562 390 1589 daemones
407 1571 414 1589 :
431 1553 586 1590 resurrexit,
595 1563 731 1596 Christus,
745 1570 772 1591 et
787 1565 912 1592 iactantur
925 1566 1013 1600 angeli
1028 1574 1036 1593 :

252 1609 403 1635 resurrexit
414 1608 551 1639 Christus.
569 1615 596 1636 et
607 1609 662 1637 vita
677 1610 748 1638 inter
759 1611 883 1639 homines
895 1618 1035 1640 versatur:

251 1655 403 1681 resurrexit
421 1654 558 1688 Christus,
583 1660 612 1682 et
637 1663 717 1683 nemo
732 1661 855 1684 mortuus
871 1657 898 1684 in
925 1659 1037 1686 tumulis

248 1699 331 1734 jacet.
355 1700 483 1728 Christus
504 1701 577 1728 enim
601 1709 749 1738 resurgens
766 1710 799 1729 ex
815 1703 932 1731 mortuis
949 1703 1037 1732 factus

248 1751 292 1774 est
309 1747 504 1775 dormientium
530 1748 679 1776 inchoatio.
704 1749 835 1776 Dominus
862 1757 895 1777 ex
922 1751 1037 1778 mortuis

251 1793 411 1825 resurrexit,
439 1798 465 1820 et
493 1801 556 1821 cum
584 1801 618 1821 eo
646 1794 732 1821 multa
761 1799 919 1821 sanctorum
948 1795 1036 1822 turba.

250 1837 360 1865 Festum
373 1839 542 1866 celebremus
555 1839 675 1866 suaviter
690 1844 717 1866 et
734 1840 856 1867 modeste
870 1849 876 1867 :
893 1841 950 1868 haec
964 1841 1037 1868 enim

248 1892 313 1912 vere
328 1885 388 1913 dies
406 1889 448 1912 est
466 1893 548 1920 qualn
571 1885 636 1913 fecit
657 1885 802 1918 Dominus;
825 1887 993 1914 exsultemus
1011 1893 1038 1915 et

247 1931 374 1959 laetemur
387 1931 414 1958 in
428 1939 459 1958 ea
475 1940 482 1958 :
498 1931 678 1966 prtedicemus
689 1932 842 1959 Servaloris
859 1934 1038 1961 resurrectio-

248 1984 323 2010 nem,
350 1978 406 2004 imo
426 1978 517 2011 potius
544 1977 692 2005 salvationi
720 1982 823 2005 nostra:
850 1979 1036 2013 plaudamus:

249 2023 429 2058 praedicemus
442 2023 571 2050 salutaris
584 2024 636 2051 diei
650 2024 952 2056 commemorationem,
969 2033 1038 2060 pne-

248 2069 370 2096 dicemus
395 2069 495 2096 diaboli
518 2069 769 2104 mortiﬁcationem,
793 2069 964 2105 impurorum
981 2072 1037 2098 da:-

248 2121 362 2141 monutn
375 2115 572 2149 captivitatem,
584 2114 806 2142 Christianorum
823 2116 950 2149 salutem,
966 2124 1038 2144 mor-

250 2163 358 2186 tuorutn
374 2159 624 2187 resuscitationem.
639 2159 708 2187 Nam
723 2160 824 2188 Christi
836 2161 1037 2199 resurrectione

1082 247 1142 273 της,
1160 239 1268 273 δέχεται
1282 238 1328 265 τὸν
1345 239 1460 274 ἔσχατον
1472 240 1599 275 καθάπερ
1612 239 1658 266 τὸν
1672 240 1793 275 πρῶτον·
1808 242 1871 269 ἀνα-

1085 285 1167 312 παύει
1192 285 1238 312 τὺν
1261 285 1310 320 τῆς
1324 286 1481 320 ἑνδεκάτης,
1498 286 1536 316 ὡς
1549 285 1595 312 τδν
1610 286 1801 321 ἐργασάμενον
1821 288 1872 314 ἀπὸ

1083 330 1134 365 τῆς
1148 329 1259 365 πρώτης
1271 339 1277 346 ·
1300 330 1348 357 καὶ
1362 331 1408 357 τὸν
1424 330 1538 366 ὕστερον
1552 331 1632 363 ἐλεεῖ,
1646 332 1693 358 καὶ
1704 332 1751 358 τὸν
1766 333 1872 367 πρῶτον

1085 375 1231 410 θεραπεύει
1244 383 1251 391 ’
1279 375 1397 410 κάκείνῳ
1416 375 1517 407 δίδωσι,
1537 376 1583 402 καὶ
1606 376 1692 411 τούτῳ
1715 377 1870 411 χαρίζεται·

1085 421 1134 447 καὶ
1148 421 1183 447 τὰ
1207 420 1275 456 ἔργα
1291 420 1408 456 δέχεται,
1425 421 1472 448 καὶ
1496 421 1547 456 τὴν
1561 420 1675 456 γνώμην
1698 422 1853 453 ἀσπάζεται
1865 431 1871 438 ·

1087 466 1133 493 καὶ
1140 465 1189 501 τὴν
1202 466 1301 501 πρᾶξιν
1316 467 1393 501 τιμᾷ,
1403 466 1449 493 καὶ
1464 465 1514 501 τὴν
1530 467 1660 502 πρόθεσιν
1672 467 1788 494 ὲπαινεϊ.
1805 468 1874 495 Οὐκ-

1086 511 1132 538 οῦν
1156 511 1291 538 εἰσέλθετε
1315 512 1417 543 πάντες
1443 514 1483 544 εις
1514 512 1565 548 τὴν
1588 512 1675 548 χαράν
1703 513 1751 540 τοῦ
1769 514 1873 549 Κυρίου

1086 556 1165 591 ήμῶν
1177 557 1185 570 δ
1202 557 1247 583 καὶ
1263 556 1367 592 πρῶτοι
1386 557 1435 583 καὶ
1454 556 1577 592 δεύτεροι
1594 557 1639 583 τὸν
1661 557 1756 592 μισθὸν
1773 557 1875 584 ἀπολά-

1087 602 1160 628 6ετε·
1172 602 1294 629 πλούσιοι
1304 603 1351 629 καὶ
1367 603 1494 638 πένητες,
1506 603 1565 638 μετ’
1577 603 1700 637 ἀλλήλων
1710 603 1860 639 χορεύσατε
1868 611 1874 618 ’

1087 648 1231 682 ἐγκρατεῖς
1249 647 1296 674 καὶ
1322 647 1452 683 ῥάθυμοι,
1473 647 1521 683 τὴν
1542 647 1650 682 ἡμέραν
1675 649 1812 683 τιμήσατε
1828 656 1836 662 ·
1851 649 1875 674 οἱ

1088 693 1286 729 νηστεύσαντες
1302 693 1350 720 καὶ
1371 693 1408 728 μὴ
1423 693 1630 729 νηστεύσαντες,
1643 693 1816 729 εὐφράνθητε
1831 694 1877 728 σή-

1089 747 1182 774 μερον·
1201 739 1218 773 ἡ
1239 738 1364 774 τράπεζα
1378 739 1476 773 γέμει,
1492 738 1649 774 τρυφήσατε
1672 739 1782 770 πάντες·
1798 739 1813 765 ό
1829 738 1876 773 μό-

1090 793 1153 819 σχος
1166 785 1261 816 πολὺς,
1276 785 1370 820 μηδεὶς
1385 784 1488 817 ἐξέλθοι
1504 785 1604 811 πεινῶν
1614 793 1620 800 ·
1638 784 1739 816 πάντες
1759 784 1878 811 ἀπολαύ·

1090 839 1155 857 σατε
1169 830 1216 857 τοῦ
1232 830 1349 858 πλούτου
1364 830 1412 865 τῆς
1427 831 1619 866 χρηστότητος·
1634 830 1728 865 μηδεὶς
1742 830 1876 864 θρηνείτω

1089 878 1194 911 πενίαν,
1209 878 1296 913 ὲφάνη
1314 878 1369 913 γὰρ
1384 878 1401 912 ἡ
1416 878 1492 912 κοινὴ
1522 877 1655 912 βασιλεία·
1673 876 1767 912 μηδεὶς
1781 877 1874 911 ὀδυρέ-

1090 923 1146 951 σθω
1169 925 1203 951 τὰ
1220 925 1392 959 πταίσματα,
1415 923 1565 958 συγγνώμη
1579 923 1634 958 γὰρ
1657 923 1713 949 ἀπὸ
1728 923 1774 950 τοῦ
1789 923 1875 956 τάφον

1088 970 1222 998 ἀνέτειλεν
1233 977 1240 985 ·
1255 969 1350 1004 μηδεὶς
1369 968 1505 1003 φοϐείσθω
1519 969 1564 996 τὸν
1581 969 1709 1000 θάνατον,
1723 968 1876 1003 ἠλευθέρω-

1090 1024 1136 1042 σεν
1164 1015 1218 1051 γὰρ
1239 1015 1312 1050 ἡμᾶς
1337 1016 1351 1041 ό
1379 1014 1426 1041 τοῦ
1452 1015 1579 1052 Σωτῆρος
1605 1014 1736 1046 θάνατος·
1763 1013 1876 1040 ἔσϐεσεν

1089 1062 1169 1089 αὐτὸν
1193 1061 1238 1088 ὑπ’
1249 1060 1333 1088 αὑτοῦ
1350 1061 1533 1097 κατεχόμενος
1551 1070 1558 1077 -
1584 1060 1702 1088 ἐκώλυσε
1716 1061 1763 1087 τὸν
1779 1060 1847 1096 ᾷδην
1864 1059 1877 1085 ὁ

1089 1107 1227 1135 κατελθὼν
1241 1108 1280 1139 εἰς
1293 1109 1338 1135 τὸν
1357 1108 1433 1144 ᾅδην·
1451 1109 1598 1143 ἐπίκρανεν
1614 1107 1694 1134 αὑτὸν
1707 1108 1878 1142 γευσάμενον

1088 1154 1138 1188 τῆς
1163 1153 1264 1188 σαρκὸς
1288 1153 1393 1179 αὐτοῦ·
1421 1153 1560 1180 καὶτοῦτο
1585 1152 1728 1188 προλαϐὼν
1751 1152 1876 1183 Ἡσαΐας,

1088 1198 1217 1234 ἐϐόησεν·
1240 1198 1267 1224 '0
1285 1197 1369 1231 ᾅδης,
1399 1197 1491 1233 φησὶν,
1508 1197 1682 1232 ἐπικράνθη,
1708 1196 1879 1229 συναντήσας

1090 1253 1130 1271 σοι
1145 1243 1232 1271 κάτω·
1246 1244 1411 1280 ἐπικράνθη,
1421 1244 1468 1269 καὶ
1482 1243 1536 1278 γὰρ
1548 1241 1696 1278 ἐνεκρὼθη-
1711 1241 1877 1276 ἐπικράνθη,

1088 1291 1136 1318 καὶ
1150 1291 1205 1325 γὰρ
1219 1290 1369 1325 ἐνεπαίχθη
1384 1297 1391 1304 ·
1407 1289 1487 1316 ἔλαϐε
1504 1289 1595 1324 σῶμα,
1613 1289 1661 1315 καὶ
1677 1288 1736 1322 Θεῷ
1750 1287 1879 1322 περιέτυ-

1088 1344 1146 1372 χεν·
1163 1337 1254 1373 [ἔλαϐε
1274 1336 1335 1371 γῆν,
1361 1335 1408 1362 καὶ
1432 1336 1596 1371 συνήντησεν
1622 1333 1754 1369 capax/(9.]
1782 1333 1879 1360 ἔλαϐεν

1088 1383 1156 1418 ὅπερ
1170 1382 1292 1414 ἔϐλεπεν,
1309 1381 1355 1408 καὶ
1368 1381 1513 1408 πέπτωκεν
1524 1379 1586 1407 ὅθεν
1601 1380 1651 1406 οὐκ
1671 1379 1802 1406 ἕῦλεπεν.
1818 1379 1880 1406 Ποῦ

1088 1437 1159 1461 σου,
1170 1427 1289 1460 θάνατε,
1301 1428 1334 1454 τὸ
1346 1426 1490 1461 κέγτρον;
1506 1427 1564 1453 ποῦ
1573 1434 1642 1457 σου,
1651 1425 1718 1459 ᾷδτη,
1727 1425 1760 1451 τὸ
1773 1425 1879 1457 νῖκοςς

1095 1473 1207 1508 Ἀνέστη
1229 1473 1354 1508 Χριστὸς,
1376 1473 1422 1499 καὶ
1437 1471 1600 1498 πεπτώκασι
1622 1471 1762 1506 δαίμονες’
1778 1471 1880 1504 ἀνέστη

1088 1519 1215 1555 Χριστὸς,
1240 1518 1287 1545 καὶ
1312 1518 1453 1553 χαίρουσιν
1468 1517 1578 1551 ἄγγελοι
1593 1525 1600 1532 ’
1629 1517 1730 1551 ἀνέστη
1749 1517 1880 1550 Χριστὸς,

1088 1565 1136 1590 καὶ
1151 1564 1208 1599 ζωὴ
1224 1563 1413 1590 πολιτεύεται·
1437 1563 1537 1598 ἀνέστη
1557 1563 1686 1598 Χριστὸς,
1712 1563 1759 1588 καὶ
1782 1562 1882 1597 νεκρὸς

1087 1610 1176 1641 οὐδεὶς
1192 1609 1238 1636 ἐπὶ
1260 1611 1408 1644 μνήματος.
1438 1608 1553 1644 Χριστὸς
1570 1609 1624 1644 γὰρ
1652 1607 1777 1643 ἐγερθεὶς
1793 1608 1829 1633 ὲκ
1845 1616 1882 1633 νε-

1088 1657 1173 1692 κρῶν,
1198 1655 1310 1691 ἀπαρχὴ
1326 1655 1379 1682 τῶν
1393 1655 1604 1690 κεκοιμημένων
1624 1655 1731 1688 ἐγένετο
1746 1654 1786 1689 (4)
1799 1663 1806 1669 ·
1826 1655 1883 1681 Κύ-

1089 1711 1146 1738 ριος
1172 1703 1204 1728 ὲκ
1229 1701 1334 1736 νεκρῶν
1355 1701 1522 1737 ἐγήγερται,
1549 1700 1596 1727 καὶ
1615 1700 1674 1735 μετ’
1685 1699 1768 1726 αὑτοῦ
1798 1700 1883 1731 πολῦς

1088 1747 1167 1782 ὄχλος
1185 1746 1281 1782 ἁγίων,
1307 1747 1498 1782 ¹Εορτὰσωμεν
1508 1746 1595 1781 ἡδέως
1609 1755 1639 1772 τε
1651 1747 1698 1772 καὶ
1712 1746 1865 1781 σωφρόνως
1875 1754 1881 1760 ·

1088 1793 1157 1829 αὕτη
1171 1794 1225 1829 γὰρ
1240 1793 1347 1828 ἀληθῶς
1371 1793 1387 1828 ή
1408 1793 1499 1828 ἡμέρα
1513 1793 1547 1828 ἢν
1570 1792 1696 1825 ἐποίησεν
1722 1792 1735 1817 ὁ
1765 1791 1882 1826 Κύριος·

1089 1837 1318 1871 ἁγαλλιασώμεθα
1338 1836 1383 1863 καὶ
1403 1836 1601 1872 εὐφρανθῶμεν
1614 1837 1642 1862 ὲν
1656 1837 1735 1871 αὐτῇ·
1750 1837 1882 1871 κηρύξω-

1090 1892 1139 1919 μεν
1164 1883 1213 1919 τήν
1246 1883 1293 1910 τοῦ
1321 1883 1446 1918 Σωτῆρος
1465 1883 1624 1911 ἀνάστασιν.
1646 1882 1747 1917 μᾶλλον
1775 1882 1807 1909 δὲ
1835 1883 1883 1917 τὴν

1088 1929 1226 1966 ἡμετέραν
1242 1929 1386 1965 βοήσωμεν
1406 1929 1557 1963 σωτηρίαν·
1575 1928 1740 1964 κηρύξωμεν
1760 1929 1815 1963 τῆς
1833 1937 1885 1954 ou:-

1087 1976 1183 2012 τηρίου
1196 1975 1304 2011 ἡμέρας
1315 1975 1364 2010 τὴν
1385 1975 1555 2010 ὑπόμνησιν
1577 1974 1741 2009 κηρύξωμεν
1765 1974 1820 2010 τὴν
1844 1975 1884 2001 νέ-

1089 2031 1194 2058 κρωσιν
1210 2022 1257 2048 τοῦ
1273 2021 1409 2053 διαϐόλου,
1423 2021 1472 2056 τὴν
1488 2020 1543 2047 τῶν
1559 2021 1723 2055 ἀκαθάρτων
1742 2020 1884 2055 δαιμόνων

1088 2069 1289 2105 αἰχμαλωσίαν,
1305 2067 1354 2103 τὴν
1383 2067 1438 2093 τῶν
1459 2067 1630 2102 Χριστιανῶν
1653 2067 1806 2102 σωτηρίαν,
1834 2068 1883 2102 τὴν

1087 2116 1142 2142 τῶν
1165 2115 1270 2150 νεκρῶν
1293 2115 1456 2141 ἀνάστασιν·
1485 2113 1531 2140 διὰ
1560 2112 1615 2149 γὰρ
1634 2113 1683 2148 τῆς
1703 2113 1884 2144 ἀναστάσεως

1088 2161 1135 2188 τοῦ
1156 2159 1275 2196 Χριστοῦ
1295 2159 1438 2185 σϐέννυται
1451 2158 1500 2193 μὲν
1513 2158 1611 2192 γέεννα
1630 2157 1727 2193 πυρὸς,
1740 2157 1857 2193 σκώληξ
1871 2158 1885 2183 ό

246 2205 381 2240 gehennae
400 2205 471 2240 ignis
488 2206 680 2240 exstinguitur,
703 2207 804 2234 vermis
820 2213 966 2241 perpetuus
981 2215 1036 2234 mo-

1089 2195 1239 2239 ἀκοίμητος
1261 2203 1385 2238 τελευτᾷ,
1399 2201 1464 2237 ᾆδης
1482 2202 1656 2237 ταράττεται,
1676 2201 1773 2227 πενθεῖ
1791 2200 1873 2228 διάδο

250 2251 329 2283 ritur,
351 2251 476 2279 infernus
492 2253 628 2285 turbatur,
653 2252 727 2288 luget
744 2253 880 2284 diabolus,
894 2259 1036 2287 peccatum

248 2295 407 2330 perimitur,
437 2296 501 2322 mali
530 2296 643 2330 spiritus
670 2297 810 2332 fugantur,
839 2301 982 2324 terrestres
1010 2298 1036 2324 in

248 2341 350 2368 cadum
375 2341 583 2374 conscendunt,
614 2341 722 2368 iul‘erno
746 2342 847 2368 detenti
875 2342 1038 2370 emittuntur

249 2386 351 2413 diaboli
365 2386 492 2415 vinculis.
506 2391 587 2421 atque
599 2387 631 2413 ad
646 2386 732 2414 Deum
744 2387 932 2420 confugientes
945 2388 1037 2414 aiunt:

251 2430 365 2457 Ubinam
389 2435 460 2462 tuus,
471 2439 486 2458 ο
501 2439 581 2464 mors,
601 2431 726 2458 stimulus
740 2432 753 2458 .9
767 2431 874 2458 ubinam
894 2435 949 2464 tua,
965 2439 980 2458 ο
996 2432 1038 2459 in-

251 2478 334 2510 ferne,
355 2476 464 2503 victoria
475 2477 488 2503 ἔ)

284 2521 311 2548 5.
325 2522 381 2557 Age
398 2530 462 2550 vero
480 2522 560 2550 nobis
571 2522 656 2549 divini
670 2522 753 2557 hujus
772 2521 832 2549 l‘csti
848 2523 1035 2557 solemnisque

249 2567 389 2595 concionis
405 2573 500 2595 auctor
516 2572 557 2595 est
568 2567 705 2600 Christus,
721 2568 767 2603 qui
781 2573 807 2595 et
823 2568 944 2595 untnium
959 2569 1036 2596 nobis

250 2613 384 2641 honorum
406 2615 522 2642 donator
534 2619 585 2642 est.
601 2614 626 2642 ls
649 2614 720 2641 enim
740 2614 796 2648 jam
814 2615 876 2642 inde
899 2615 933 2642 ab
957 2615 1036 2643 initio

287 2691 320 2707 ¹¹¹
340 2689 394 2718 lsa.
421 2699 484 2723 νιν,
506 2691 533 2718 9.
573 2691 594 2706 ”
615 2691 625 2718 Ι
647 2690 710 2718 Cor.
733 2699 776 2724 xv,
796 2691 841 2718 55.

289 2758 328 2794 (.l)
348 2758 485 2787 llactenus
496 2758 712 2795 Chrysostomus
728 2760 754 2786 in
769 2760 888 2788 editione
903 2759 1037 2787 Maurina.

257 2794 449 2822 Verumtamen
465 2795 535 2829 apud
552 2800 676 2821 nostrum
692 2795 826 2822 Stnditam
839 2795 1038 2858 videturgaulo

257 2830 360 2858 ioutzius
374 2832 507 2858 progredi.
524 2829 658 2857 C-iterutu
675 2831 796 2858 ubinam.
814 2835 937 2858 cessante
965 2831 1038 2858 .ltrv-

253 2830 360 2863 longius
374 2832 507 2864 progredi.
524 2830 658 2857 C'tterum
675 2831 796 2863 ubinam,
814 2835 937 2859 cessante
951 2830 1039 2864 Chry-

1085 2251 1130 2283 λος
1142 2271 1149 2283 ,
1167 2250 1288 2286 ἁμαρτία
1308 2249 1452 2284 νεκροῦται
1463 2269 1470 2281 ,
1485 2248 1631 2283 πνεύματα
1646 2247 1754 2281 πονηρὰ
1768 2246 1885 2274 διώκον-

1084 2304 1142 2328 ται,
1164 2297 1190 2322 οῑ
1216 2295 1271 2321 ἀπὸ
1286 2295 1338 2329 γῆς
1359 2294 1400 2325 εἰς
1417 2294 1549 2329 οὐρανοὺς
1568 2293 1778 2328 ἀνατρέχουσιν,
1809 2293 1836 2318 οἱ
1855 2293 1885 2318 ἐν

1086 2341 1124 2377 τῷ
1139 2341 1191 2378 ᾄδῃ
1206 2340 1412 2375 ἐλευθεροῦνται
1429 2339 1483 2367 τῶν
1494 2339 1601 2374 δεσμῶν
1614 2338 1660 2365 τοῦ
1675 2337 1816 2371 διαϐόλου,
1836 2339 1885 2364 καὶ

1086 2387 1146 2422 Θεῷ
1169 2386 1391 2422 προσφεύγοντες
1402 2386 1513 2420 λέγουσι
1531 2385 1570 2420 τῷ
1584 2384 1714 2420 διαϐόλιιν
1729 2384 1796 2412 Ποῦ
1811 2393 1884 2416 σου,

1091 2434 1210 2467 θάνατε,
1222 2433 1255 2460 τὸ
1270 2433 1411 2467 κέντρον;
1426 2431 1485 2459 ποῦ
1497 2439 1568 2465 σου,
1587 2430 1655 2465 ᾶὸη,
1674 2430 1708 2457 τὸ
1725 2430 1834 2464 νὶκος;

1131 2519 1161 2555 γ’.
1175 2521 1266 2552 Δῖτιος
1289 2521 1318 2548 δὲ
1336 2521 1402 2556 ἡμῖν
1413 2521 1463 2556 τῆς
1482 2520 1558 2552 Θείας
1574 2520 1671 2556 ἑορτῆς
1685 2519 1733 2546 καὶ
1753 2520 1884 2555 πανηγὺ-

1091 2575 1160 2602 ρεως
1188 2568 1202 2593 ὁ
1230 2566 1364 2601 Χριστὸς,
1385 2566 1399 2592 ὁ
1415 2566 1462 2593 καὶ
1486 2566 1596 2592 πάντων
1615 2566 1681 2600 ήμῖν
1709 2565 1764 2592 τῶν
1789 2566 1885 2592 καλῶν

1091 2613 1220 2649 πρόξενος
1233 2620 1239 2627 ⁸
1255 2610 1332 2644 οὗτος
1351 2613 1406 2648 γὰρ
1421 2613 1468 2640 καὶ
1482 2613 1511 2646 ἐξ
1531 2613 1619 2649 ἀρχῆς
1631 2613 1770 2648 ἐποίησεν,
1786 2614 1821 2639 ὲκ
1835 2612 1885 2639 τοῦ

1092 2764 1225 2791 sostomo,
1248 2763 1368 2786 resumat
1394 2760 1547 2787 orationem
1576 2760 1695 2792 Sludila,
1727 2768 1782 2788 non
1812 2762 1883 2789 satis

1092 2794 1261 2831 vitleo._+ltt
1279 2795 1374 2831 codice
1391 2793 1521 2831 Vaticano
1533 2795 1723 2830 Chrysostomi
1740 2795 1882 2831 fragmen-

1093 2835 1150 2856 tum
1165 2829 1272 2856 vidctur
1284 2829 1408 2857 desinere
1425 2829 1495 2857 infra
1511 2831 1538 2857 in
1553 2829 1636 2858 verbo
1651 2831 1734 2862 νῖκος.
