1921 3073
62 111 116 142 713

541 109 683 140 ORATIO
699 110 747 140 IV.
766 108 844 139 -ΙΝ
859 108 1035 139 SANCTUM
1053 108 1208 138 PASCHA.

1643 108 1698 142 ’114

63 166 104 201 μὴ
125 164 203 195 ὄντος
227 162 268 194 εἰς
292 162 324 189 τὸ
352 159 423 189 εἶναι
442 162 624 198 παρήγαγεν·
642 159 720 194 οὗτος
746 165 794 189 καὶ
809 162 851 188 νῦι

909 162 1021 195 creavit,
1033 169 1068 189 ex
1093 162 1179 189 nihilo
1197 161 1232 190 ad
1249 161 1436 190 exsistendum
1451 163 1583 198 produxit
1599 172 1606 192 :
1622 164 1693 192 idem

61 209 269 244 ἀπολλυμένους
295 208 407 240 ἔσωσεν,
433 207 621 243 νεκρωθέντας
645 207 782 241 ἐζώωσεν,
807 207 855 235 καὶ

61 256 113 291 τῆς
133 254 182 282 τοῦ
199 253 324 281 διαϐόλου
342 253 500 288 τυραννίδος
516 253 659 288 ἀφείλετο’
687 250 766 285 οὗτος
792 254 854 280 δού-

60 303 126 333 λους
151 301 233 332 ὄντας
256 300 332 335 ἡμᾶς
347 299 398 335 τῆς
416 299 566 335 ἁμαρτίας,
580 299 738 336 ἐλευθέρους
754 300 857 327 ἀνέδει-

61 349 119 382 ξεν,
143 346 290 382 ἐξαλείψας
302 345 335 372 τὸ
347 345 409 372 καθ’
418 344 498 380 ἡμῶν
514 346 697 381 χειρόγραφον
707 354 713 361 ·
735 345 856 382 Χριστὸς

60 395 135 430 ἡμᾶς
155 393 323 429 ἐξηγόρασεν
338 393 369 418 ἐκ
388 392 441 426 τῆς
460 391 584 427 κατάρας
600 391 647 418 τοῦ
669 391 764 427 νόμου,
777 392 856 426 γενό-

62 448 144 476 μενος
173 439 244 474 ὑπὲρ
261 438 341 474 ἡμῶν
359 436 469 473 κατάρα
481 444 489 451 '
503 437 547 471 ἐφ’
561 434 602 469 οἷς
616 437 691 470 ἀξιον
704 438 752 464 καὶ
779 438 856 473 ἡμᾶς

60 487 160 513 εἰπεῖν·
177 487 208 514 Τί
221 484 476 520 άνταποᾶώσομεν
486 485 527 512 τῶ
538 485 635 519 Κυρίῳ
652 484 720 518 περὶ
733 484 856 511 πάντων

59 530 104 561 ὧν
116 532 332 560 ἀπαπέδωκεν
342 531 427 566 Mdv;
442 532 457 558 6
467 530 535 563 Θεὸς
547 532 562 558 6
577 531 735 566 μονογενὴς,
748 530 855 566 ἀνθρω-

59 588 113 610 πσς
141 578 176 605 δι’
191 579 266 613 ἡμᾶς
285 577 413 612 γενέσθαι
436 577 593 613 εὐδόκησεν,
610 576 658 604 καὶ
676 576 788 611 γέγονεν
803 576 856 603 ὺπ-

59 625 143 660 ήκοος
156 623 237 658 μέχρι
253 623 380 654 θανάτου,
400 622 443 649 ἴνα
458 623 533 657 ἡμᾶς
547 622 658 648 αἰωνίου
672 621 788 648 Θανάτου
806 620 855 655 ῥύε-

61 677 144 704 σηται
158 668 254 695 δούλου
271 667 379 703 μορφὴν
393 667 538 694 ἐνεδύσατο
559 667 573 693 6
589 667 643 694 τῶν
657 666 782 700 ἀγγέλων
797 665 852 692 Κύσ

61 723 130 750 ριος·
141 715 232 750 σάρκα
243 713 431 749 προσελάσετο
440 713 454 740 6
464 712 531 745 Θεὸς
541 713 639 747 Λόγος,
649 712 698 739 καὶ
711 712 855 748 ἄνθρωπος

59 763 188 799 ἐφαίνετο
205 763 220 789 6
233 762 397 798 σύμμορφος
410 761 458 788 καὶ
471 760 614 797 ὁμοούσιος
632 759 672 796 τῷ
687 760 789 796 Πατρί’
807 760 854 787 καὶ

58 809 149 836 ταῦτα
169 808 317 843 ὑπέμεινεν
334 807 377 834 ίνα
392 807 468 843 ἡμᾶς
483 807 530 834 καὶ
545 807 594 842 τῆς
608 805 704 833 ἀδίκου
731 805 854 837 δουλείας

58 854 198 889 ἐξέληται,
217 854 266 881 καὶ
291 854 340 888 τῆς
368 853 481 888 ἀτιμίας
504 852 692 888 λυτρώσηται·
707 851 752 878 διὰ
774 851 854 878 τοῦτο

58 901 192 936 ἠνέσχετο
219 900 302 935 σαρκὶ
316 900 330 926 6
347 899 397 934 τῆς
414 898 489 934 ζωῆς
506 897 637 934 ἀρχηγός
658 897 702 926 διὰ
715 896 794 924 τοῦτο
806 897 854 923 καὶ

60 947 150 982 ἐτάφη
163 947 213 981 τῆς
225 946 378 977 ἀθανασίας
396 946 414 980 η
434 944 521 981 πηγὴ,
537 945 581 972 ἶνα
592 945 650 976 τοῖς
665 943 774 978 θνητοῖς
794 943 854 971 ἀεί-

60 994 118 1020 διον
134 992 283 1028 χαρίσηται
297 990 387 1026 ζωήνο
413 991 462 1018 καὶ
485 990 577 1026 παρῆν
599 989 650 1025 μὲν
676 989 724 1016 ἐπὶ
739 989 789 1024 τῆς
802 989 855 1023 γῆς

60 1037 227 1073 εὐεργετῶν,
240 1037 287 1064 καὶ
302 1036 417 1072 ἰώμενος
432 1036 524 1064 πάντα
536 1035 572 1062 τὰ
587 1034 662 1069 πάθη
676 1034 732 1061 τῶν
748 1033 855 1068 ἀνθρώ-

58 1093 131 1117 πων,
146 1083 259 1116 ἀναξίας
281 1083 311 1110 δι
329 1082 383 1109 ὑπὸ
397 1081 453 1110 τῶν
473 1081 619 1117 θεομάχων
634 1079 770 1107 Ἰουδαίων
786 1080 854 1107 ὑπο-

56 1129 198 1165 λαμϐάνει
217 1129 268 1161 τὰς
279 1127 408 1164 ἀμοιϐάς·
425 1128 441 1154 6
457 1127 508 1163 μὲν
522 1127 578 1162 γὰρ
592 1126 696 1162 Κύριος
708 1125 788 1162 ἡμῶν
799 1125 853 1160 ’1η-

58 1176 124 1207 eoi;
137 1175 258 1211 Χριστὸς
271 1174 315 1202 διά
329 1173 431 1210 πολλὴν
447 1173 605 1208 ἀγαθότητα
619 1171 740 1208 λεπροὺς
756 1171 854 1199 ἐκαθά-

58 1228 147 1256 ρισεν,
163 1219 275 1253 τυφλοῖς
298 1218 330 1246 τὸ
355 1218 466 1254 βλέπειν
482 1217 641 1253 ἐχαρίσατο,
672 1215 854 1248 ἀσθενοῦντας

58 1265 260 1301 ἐθεράπευσεν,
275 1264 406 1300 δαίμονας
426 1263 578 1299 ἀπήλασεν,
602 1262 650 1289 τὸν
670 1261 796 1297 Λάζαρον
810 1269 855 1288 τει

55 1312 217 1347 τραήμερον
243 1311 277 1337 ἐκ
299 1310 355 1337 τῶν
379 1309 486 1345 νεκρῶν
501 1309 624 1344 ἡγειρεν,
644 1307 693 1335 καὶ
715 1308 748 1334 ἐκ
772 1307 854 1334 πέντε

56 1359 151 1393 ἀρτων
177 1355 416 1391 πεντακισχιλίους
443 1354 613 1389 ἐχόρτασεν·
643 1352 690 1378 ἐπὶ
714 1351 855 1385 Θαλάσσης

56 1401 276 1438 περιεπάτησεν,
298 1400 330 1426 τὸ
348 1399 421 1434 ὕδωρ
433 1398 473 1430 είς
485 1396 556 1424 οἶνον
573 1395 732 1431 μετέδαλεν,
750 1395 800 1429 τὴν
813 1394 856 1421 al-

59 1446 234 1482 μορῤοῦσαν
245 1446 351 1478 ἰάσατο,
363 1444 414 1480 τὴν
431 1442 571 1478 θυγατέρα
592 1441 640 1468 τοῦ
660 1440 854 1476 ἀρχισυναγώ-

55 1502 107 1525 γου
124 1492 260 1520 θανοῦσαν
288 1490 487 1526 ἐζωοποίησεν·
499 1488 622 1534 Ἰουδαῖοι
636 1486 737 1534 ὐῖὼ
754 1485 853 1534 φθόνου
867 1504 890 1534 c

56 1538 107 1564 καὶ
129 1536 278 1572 βασκανίας
296 1535 462 1570 κινηθέντες,
475 1533 541 1560 ποτέ
559 1532 609 1568 μὲν
621 1530 744 1564 ἐλίθαζον
760 1531 852 1564 αὑτὸν,

55 1585 126 1611 ποτὲ
145 1584 176 1610 δέ
195 1581 430 1618 κατακρημνίζειν
454 1579 617 1616 ἐπειρῶντο,
641 1578 800 1605 τελευταῖον
823 1577 853 1605 δὲ

55 1631 107 1658 καὶ
120 1630 168 1657 ἐπὶ
180 1630 227 1656 τὸν
240 1628 357 1663 σταυρὸν
371 1627 486 1662 ἧγαγον.

91 1677 124 1703 δ’.
142 1675 215 1702 Ἀλλ’
226 1675 241 1701 6
253 1674 355 1709 Κύριος
368 1672 447 1708 ήμῶν
459 1671 566 1708 Ἰησοῦς
581 1670 700 1706 Χριστὸς
713 1670 764 1697 οὐκ
787 1670 851 1705 ἐμι-

56 1723 168 1758 μήσατο
181 1720 236 1748 τῶν
250 1719 420 1755 βλασφήμων
436 1717 574 1745 Ἰουδαίων
590 1716 641 1753 τὴν
657 1715 768 1749 κακίαν,
782 1715 851 1742 ἀλλὰ

55 1770 106 1796 καὶ
122 1768 169 1794 τδν
184 1767 270 1794 νῶτον
285 1766 370 1793 ἐδίδου
384 1766 423 1797 είς
440 1765 577 1800 μάστιγας
593 1764 666 1791 κατὰ
677 1763 723 1790 τὸν
742 1763 851 1798 προφή-

54 1824 118 1851 την,
136 1814 186 1842 καὶ
203 1813 254 1845 τάς
283 1812 410 1846 σιαγόνας
433 1809 517 1838 αὐτοῦ
540 1811 580 1842 είς
605 1809 778 1845 ῥαπίσματα,
803 1809 851 1835 καὶ

53 1860 106 1885 οὐκ
122 1856 298 1892 ἀπέστρεψεν
323 1857 354 1883 τὸ
376 1856 523 1891 πρόσωπον
539 1853 623 1882 αὑτοῦ
649 1853 704 1881 ἀπὸ
718 1853 851 1889 αίσχύνης

54 1902 282 1938 ἐμπτυσμάτων·
308 1902 356 1929 καὶ
384 1901 415 1928 τὺ
436 1901 605 1933 τελευταίον,
625 1900 674 1932 Ὠς
700 1900 851 1934 πρόϐατον

52 1951 103 1976 ἐπὶ
122 1949 249 1984 σφαγὴν
272 1948 363 1983 ἤχθη,
390 1946 441 1974 καί
467 1946 509 1980 ὡς
531 1945 626 1980 ἀμνὸς
642 1946 782 1973 ἐναντιον
795 1945 850 1972 τοῦ

53 1996 215 2030 κείραντος
231 1994 325 2021 αὐτὸν
339 1993 469 2028 ἄφωνος,
482 1993 533 2020 οὐκ
550 1991 789 2027 ἀντιτασσόμενος,
798 1991 850 2018 οὐκ

53 2041 207 2075 ἀντιλέγων
219 2048 226 2055 ’
244 2039 492 2075 βλασφημούμενος
507 2038 558 2065 οὐκ
577 2038 776 2073 ἀντελοιδόρει,
794 2037 849 2065 πά-

55 2094 134 2120 σχων
149 2085 199 2111 οὐκ
209 2084 329 2119 ἠπείλει,
343 2084 489 2119 παρεδίδου
501 2083 530 2110 δὲ
544 2083 642 2110 ἑαυτὸν
653 2083 693 2119 τῷ
707 2082 827 2119 κρίνοντι
839 2089 848 2098 ·

52 2132 85 2157 οὗ
100 2131 156 2165 γὰρ
169 2129 255 2165 ἦλθεν
269 2130 317 2156 ἐπὶ
331 2130 364 2165 τῇ
382 2128 478 2165 πρώτῃ
496 2128 636 2164 παρουσίᾳ
658 2128 775 2155 κολάσαι
799 2127 850 2155 καὶ

906 211 933 233 et
949 214 1022 234 nunc
1035 207 1225 241 pessumdatos
1242 207 1368 240 salvavit,
1380 208 1559 237 mortiﬁcatos
1574 210 1697 239 viviﬂca.

906 252 956 285 vit,
971 256 998 280 et
1011 252 1111 280 diaboli
1130 253 1275 289 tyrannide
1290 254 1390 289 eripuit
1406 263 1413 282 :
1432 254 1503 282 idem
1527 263 1578 284 nos
1591 259 1696 292 pacati

906 305 1000 326 servos
1017 298 1141 326 libertate
1153 299 1276 332 donavit,
1300 299 1396 328 delens
1410 300 1486 336 quod
1500 302 1631 330 adversus
1645 311 1697 331 nos

905 347 966 371 erat
979 343 1202 379 chirographum.
1221 344 1350 374 Christus
1364 346 1432 382 legis
1442 354 1494 374 nos
1506 347 1697 377 maledictione

906 389 1030 421 redemit,
1047 389 1135 418 factus
1148 398 1197 426 pro
1205 391 1284 419 nobis
1294 393 1458 421 maledictio.
1468 393 1591 426 Quorum
1601 401 1696 427 causa.

906 441 957 462 nos
977 443 1087 470 quoque
1107 436 1197 464 dicere
1210 444 1319 472 aequum
1340 442 1382 466 est
1399 447 1407 466 :
1428 438 1500 472 Quid
1519 440 1697 468 ratribuemus

906 479 1021 507 Domino
1034 489 1082 515 pro
1098 482 1220 509 omnibus
1237 491 1297 517 quae
1310 483 1386 511 nobis
1405 484 1529 512 retribuit
1543 485 1603 513 ""?
1624 486 1697 514 Deus

906 524 992 554 Filius
1005 527 1172 563 unigenitus,
1197 528 1281 556 homo
1308 530 1396 557 nostri
1411 531 1497 565 gratia
1522 531 1581 559 fieri
1597 533 1695 567 voluit,

906 571 1052 607 factusque
1077 577 1119 601 est
1141 580 1227 608 usque
1247 573 1280 602 ad
1294 579 1410 603 mortem
1432 575 1574 610 obediens,
1595 581 1626 605 ut
1647 585 1698 605 nos

905 623 1015 647 internae
1030 621 1111 648 morti
1129 621 1248 656 eriperet
1265 630 1272 649 :
1288 622 1359 650 servi
1374 621 1490 650 fOrmam
1503 623 1592 651 induit
1605 624 1698 651 Domi-

906 673 958 693 nus
973 666 1132 701 angelorum
1148 675 1155 694 :
1177 675 1287 694 carnem
1308 669 1458 703 assumpsit
1474 668 1546 696 Deus
1564 668 1696 703 Verbum,

907 711 1045 746 homoque
1060 712 1187 746 apparuit
1197 712 1244 747 qui
1255 712 1405 740 conformis
1417 719 1444 741 et
1453 715 1696 743 consubstantialis

907 756 979 784 l‘atri
993 762 1045 785 est.
1071 758 1161 793 Atque
1177 758 1234 786 haec
1251 759 1390 792 sustinuit,
1406 764 1437 787 ut
1454 759 1558 794 injuste
1573 768 1625 789 nos
1640 769 1698 789 ser-

905 801 972 829 νίιίο
983 801 1123 835 liberaret,
1146 806 1174 830 et
1189 802 1303 831 infamia
1329 808 1453 832 exueret.
1475 804 1580 833 Idcirco
1599 813 1698 841 passus

869 835 890 862 Β
906 851 949 874 est
962 854 1056 880 carne,
1075 848 1139 876 vitae
1154 854 1251 876 auctor
1269 857 1276 882 ;
1300 849 1362 878 ideo
1384 850 1467 878 etiam
1493 835 1628 886 sepultus,
1648 853 1696 887 qui

906 892 968 920 fons
994 898 1054 921 erat
1078 894 1306 928 immortalitatis,
1327 900 1356 923 ut
1375 896 1539 925 mortalibus
1563 903 1695 926 aeternam

904 935 1050 972 largiretur
1066 939 1160 966 vitam.
1179 939 1212 966 Et
1230 939 1253 967 is
1264 940 1373 975 quidem
1389 941 1417 969 in
1440 942 1544 970 mundo
1559 943 1610 970 fuit
1628 943 1698 972 bene

903 981 1008 1011 faciens
1032 987 1060 1011 et
1077 988 1192 1012 cunctas
1218 985 1361 1013 hominum
1378 993 1481 1015 sanans
1507 986 1696 1021 inﬁrmitates.

905 1027 1032 1064 indignas
1047 1033 1138 1057 tamen
1158 1037 1174 1057 a
1190 1029 1238 1058 Dei
1256 1031 1381 1059 hostibus
1395 1031 1499 1060 ludatis
1519 1034 1623 1069 gratias
1649 1042 1696 1062 re-

905 1071 975 1099 tulit.
997 1071 1080 1101 Certe
1093 1073 1227 1102 Dominus
1245 1080 1339 1103 noster
1351 1075 1431 1105 Jesus
1444 1077 1573 1106 Christus
1588 1085 1697 1114 propter

906 1119 1019 1146 multam
1041 1127 1118 1147 suam
1135 1121 1282 1149 bonitatem
1305 1122 1428 1156 leprosos
1443 1125 1595 1159 mundavit,
1615 1126 1697 1154 cacis

906 1164 995 1192 visum
1006 1165 1111 1199 tribuit,
1127 1174 1216 1202 κει-οε
1229 1169 1346 1202 sanavit,
1360 1168 1500 1199 daemones
1514 1172 1631 1207 expulit,
1644 1172 1696 1200 La-

906 1219 1000 1238 zarum
1014 1213 1226 1246 quatriduanum
1239 1221 1273 1241 ex
1287 1215 1404 1243 mortuis
1416 1217 1564 1250 revocavit,
1575 1222 1603 1245 et
1616 1220 1696 1254 quiri-

904 1263 959 1291 que
970 1257 1085 1292 panibus
1095 1258 1217 1293 quinque
1228 1259 1370 1286 hominum
1395 1261 1481 1289 millia
1495 1264 1638 1298 saturavit,
1650 1271 1698 1292 su-

906 1308 954 1335 pra
970 1309 1045 1329 mare
1055 1303 1322 1339 ambulavit,aquam
1334 1304 1360 1331 in
1373 1305 1465 1334 vinum
1478 1309 1622 1342 convertit,
1640 1309 1696 1338 ha:-

906 1347 1083 1375 lnorrhoissa:
1091 1348 1206 1382 .mulieri
1219 1350 1381 1378 medicinam
1401 1351 1475 1385 fecit,
1487 1353 1697 1390 archisynagogi

905 1392 988 1419 ﬁliam
1000 1392 1163 1421 exstinctam
1174 1394 1235 1421 vita:
1245 1395 1375 1423 restituit.
1387 1395 1422 1424 At
1434 1395 1533 1432 Judaei,
1547 1398 1649 1427 invidia
1664 1407 1699 1428 ac

904 1438 992 1466 livore
1013 1439 1141 1472 permoti.
1166 1440 1248 1467 modo
1274 1448 1338 1468 eum
1357 1441 1494 1477 lapidibus
1521 1444 1696 1479 appetebant,

905 1483 988 1511 modo
1016 1484 1184 1519 praecipitem
1202 1485 1269 1514 dare
1291 1488 1381 1515 conati
1403 1493 1479 1522 sunt,
1501 1493 1643 1524 postremo
1667 1491 1698 1519 in

906 1537 1015 1558 crucem
1031 1534 1154 1566 egerunt.

941 1664 969 1692 ι.
993 1664 1187 1694 Verumtamen
1208 1666 1342 1695 Dominus
1363 1674 1456 1696 noster
1472 1668 1555 1698 Iesus
1569 1669 1698 1700 Christus

906 1715 1010 1738 nonest
1022 1711 1143 1739 imitatus
1152 1712 1375 1747 blasphemorum
1383 1713 1539 1743 Iudaeorum
1551 1716 1696 1749 malitiam.

905 1755 952 1783 sed
971 1755 1085 1784 dorsum
1108 1756 1223 1793 ﬂagellis
1238 1758 1349 1792 obtulit,
1368 1763 1399 1786 ut
1420 1759 1459 1787 ait
1474 1761 1606 1796 propheta
1621 1763 1652 1795 ",
1670 1768 1698 1790 et

905 1802 1030 1831 maxillas
1051 1803 1148 1838 alapis,
1165 1811 1255 1840 neque
1271 1804 1368 1833 faciem
1384 1813 1399 1833 a
1417 1811 1561 1842 sputorum
1576 1807 1698 1837 foeditate

903 1849 1002 1876 avertit
1017 1857 1025 1877 :
1040 1849 1158 1885 denique
1170 1855 1298 1886 tanquam
1312 1853 1366 1879 ovis
1382 1853 1417 1879 ad
1431 1853 1589 1881 occisionem
1602 1855 1697 1882 ductus

902 1900 952 1928 est,
962 1899 987 1923 et
998 1895 1067 1923 velut
1079 1904 1164 1931 agnus
1176 1904 1266 1924 coram
1275 1899 1431 1926 tondente“
1443 1899 1574 1927 obmutuit
1588 1901 1621 1933 η,
1642 1909 1697 1928 ιιοιι

903 1941 1046 1974 resistens,
1062 1949 1116 1970 non
1128 1943 1319 1972 oontr’adicens
1332 1952 1340 1971 :
1353 1944 1530 1980 blasphemiis
1541 1947 1695 1981 perculsus,

903 1994 958 2014 non
983 1987 1107 2016 vicissim
1124 1988 1314 2022 maledicebat,
1335 1991 1442 2025 patiens
1469 1999 1523 2019 non
1546 1993 1696 2020 commina-

902 2032 994 2066 batur,
1012 2034 1060 2061 sed
1079 2035 1257 2070 semetipsum
1285 2035 1420 2070 judicanti
1437 2038 1622 2072 permittebat.
1635 2039 1695 2067 Non

901 2079 975 2107 enim
995 2079 1072 2107 venit
1093 2084 1124 2107 ut
1148 2088 1198 2108 sua
1214 2081 1305 2116 priore
1325 2083 1470 2117 praesentia
1486 2084 1595 2118 puniret
1613 2090 1696 2120 atque

901 2125 1081 2153 ulcisceretur
1090 2125 1257 2159 incredulos,
1269 2127 1315 2154 sed
1330 2127 1411 2163 longa
1426 2129 1558 2163 patientia
1570 2135 1695 2158 errantes

51 2175 268 2211 τιμωρήσασθαι
278 2175 342 2207 τοὺς
360 2174 505 2207 ἀπίστους,
516 2174 575 2202 ἀλλ’
588 2174 721 2210 ἠθέλησεν
737 2174 782 2201 διὰ
796 2182 848 2210 μα-

904 2171 989 2200 voluit
1003 2171 1038 2200 ad
1054 2173 1198 2200 veritatem
1220 2173 1366 2202 deducere.
1382 2173 1416 2202 Et
1430 2175 1506 2203 disce
1520 2175 1627 2204 Domini
1640 2178 1694 2205 cle-

52 2220 210 2256 κροθυμίας
237 2220 371 2255 ὸδηγῆσαι
391 2220 455 2251 τοὺς
481 2219 709 2254 πεπλανημένους
729 2219 776 2246 ἐπὶ¹
800 2219 850 2254 τὴν

51 2267 189 2302 ἀλήθειαν
200 2274 208 2282 ’
233 2266 282 2292 καὶ
296 2265 365 2301 μάθε
377 2266 424 2292 τοῦ
441 2265 546 2301 κυρίου
563 2266 613 2300 τὴν
629 2264 785 2300 ἀγαθότητα
800 2266 850 2293 καὶ

52 2313 102 2347 τὴν
115 2312 295 2347 χρηστότητα
312 2311 362 2346 τὴν
379 2310 502 2346 μεγάλην
515 2318 522 2326 ·
545 2310 667 2345 ἐσλασφή
673 2319 739 2345 μουν
749 2311 789 2340 είς
800 2313 850 2337 αὐ-

50 2358 100 2385 τὸν
107 2359 134 2383 oi.
146 2357 269 2384 Ἰουδαῖοι
284 2357 331 2384 καὶ
344 2357 436 2390 ἐλεγον
446 2365 455 2372 ·
469 2355 612 2391 Δαιμόνιον
628 2355 739 2391 ἔχεις-ιδ
751 2356 780 2383 δὲ
797 2356 850 2383 Κύ-

54 2412 113 2438 ριος
133 2402 313 2438 μακρόθυμος
323 2402 372 2434 ὢν,
390 2402 453 2434 τοὺς
463 2402 594 2437 δαίμονας
603 2401 657 2429 ἀπὺ
670 2402 725 2429 τῶν
742 2402 846 2437 ἀνθρώ-

53 2457 114 2474 πων
144 2447 320 2483 ἀπήλαυνεν·
334 2447 455 2474 Ἰουδαῖοι
471 2448 513 2479 είς
533 2447 564 2473 τὸ
591 2447 738 2481 πρόσωπον
762 2447 845 2473 αὑτοῦ

52 2495 195 2526 ἐνέπτυον,
210 2493 291 2525 αὐτὸς
307 2494 336 2521 δέ
350 2495 414 2525 τοὶρς
427 2493 545 2528 τυφλοὺς
561 2493 653 2519 αὐτῶν
665 2492 844 2528 ἐθεράπευεν·

61 2540 183 2567 Ἰουδαῖοι
199 2540 246 2566 τὸν
260 2539 378 2576 Χριστὸν
404 2539 540 2571 ἐλίθαζον,
557 2539 572 2566 6
599 2539 628 2566 δὲ
651 2539 768 2574 Χριστὸς
790 2539 846 2571 τοῖς

50 2585 151 2619 χωλοῖς
179 2585 271 2612 αὐτῶν
290 2584 322 2611 τὸ
348 2584 467 2619 βαδίζειν
483 2584 626 2619 ἐχαρίζετο
639 2592 646 2599 ·
668 2584 715 2610 καὶ
734 2583 768 2610 δι’
784 2583 846 2610 ὅλου

50 2631 205 2658 διετέλεσεν
222 2631 375 2666 εὐεργετῶν
387 2631 450 2662 τοὺς
463 2629 635 2666 ὕῦρίζοντας,
653 2629 700 2655 καὶ
718 2629 779 2656 ἀντὶ
792 2637 844 2656 κα-

49 2679 110 2705 κῶν
122 2677 216 2712 ἀγαθὰ
229 2677 402 2713 δωρούμενος
418 2677 475 2707 τοῖς
495 2675 653 2711 ἀχαρίστοις
669 2676 784 2706 ἐκεινοις
799 2675 847 2701 καὶ

52 2725 182 2760 μισαροῖς
197 2722 352 2759 ἀνθρώποις
363 2731 369 2737 ·
389 2722 558 2756 ἀνεξικάκως
574 2721 603 2748 δὲ
617 2720 709 2757 φέρων
722 2721 772 2752 τὰς
789 2720 846 2748 λοι-

901 2218 1033 2246 mentiain
1050 2226 1083 2247 ac
1101 2220 1339 2248 mansuetudinem
1365 2228 1502 2257 magnam.
1519 2222 1695 2258 Blasphcma-

898 2264 965 2292 bant
991 2264 1125 2293 adversus
1150 2272 1212 2293 eum
1237 2265 1323 2294 Judzei
1344 2266 1492 2296 dicentes:
1519 2268 1693 2297 chmoniurn

899 2310 985 2338 habes
997 2319 1004 2339 :
1020 2315 1049 2338 et
1064 2311 1171 2346 patiens
1182 2311 1318 2341 Dominus
1332 2313 1472 2342 daemones
1485 2320 1520 2343 ex
1532 2315 1693 2343 hominibus

897 2355 1033 2390 ejiciebat.
1057 2356 1143 2384 Judaei
1159 2357 1187 2384 in
1199 2356 1296 2385 faciem
1313 2359 1373 2393 ejus
1392 2359 1538 2394 spuebant,
1557 2365 1585 2388 at
1600 2360 1692 2388 Domi-

899 2409 953 2430 nus
967 2409 1063 2429 eorum
1078 2410 1166 2430 caecos
1188 2404 1288 2438 (sputo
1316 2403 1431 2439 liniens)
1458 2405 1583 2434 sanabat.
1603 2405 1690 2434 Judaei

899 2447 1038 2476 Christum
1049 2449 1214 2484 lapidabant,
1238 2449 1365 2478 Christus
1373 2455 1464 2479 autem
1479 2452 1584 2481 claudis
1593 2460 1689 2480 eorum

899 2494 1039 2530 gradiendi
1060 2495 1113 2522 vim
1137 2496 1273 2523 tribuebat
1290 2504 1298 2523 :
1327 2504 1441 2532 mosque
1462 2498 1523 2533 ejus
1545 2503 1692 2534 perpetuus

900 2540 952 2567 fuit
967 2540 1037 2568 bene
1051 2540 1169 2568 faciendi
1191 2541 1387 2575 olfensoribus,
1412 2543 1608 2572 maleﬁciorum
1631 2545 1692 2573 loco

901 2584 1033 2613 beneﬁcia
1069 2586 1185 2620 ingratis
1210 2586 1264 2614 illis
1287 2587 1446 2616 hominibus
1468 2588 1688 2624 detestandisque

901 2630 1049 2665 rependere
1065 2639 1073 2658 :
1100 2631 1127 2658 in
1143 2636 1249 2659 tantum
1269 2638 1301 2660 ut
1312 2633 1378 2660 dum
1398 2633 1522 2661 convicia
1539 2634 1688 2669 impertur-

900 2675 981 2704 batus
1005 2676 1149 2711 perferret,
1176 2678 1311 2714 impotens
1335 2678 1452 2708 fortasse
1478 2679 1615 2708 videretur
1629 2680 1686 2717 ille,

899 2722 946 2756 qui
960 2722 1062 2756 alioqui
1079 2723 1113 2750 ab
1124 2724 1229 2759 angelis
1244 2724 1406 2760 stipabatur.

51 2770 160 2806 δορίας,
175 2770 241 2802 ἴσως
263 2770 312 2796 καὶ
325 2767 442 2803 ἀσθενὴς
457 2767 596 2803 ἐνομίζετο
613 2767 627 2793 6
640 2766 693 2793 ὑπὸ
716 2766 842 2800 ἀγγέλων
860 2766 1102 2803 δορυφορούμενος,

91 2827 130 2846 ⁸³⁸
145 2827 216 2857 Psal.
231 2834 292 2860 επ,
305 2826 349 2854 1⁸2.
363 2827 384 2842 ¹³
400 2825 453 2854 lsa.
470 2834 496 2858 ι,,
521 2825 548 2852 6.
588 2825 610 2841 “
625 2824 677 2853 lsa.
702 2831 760 2858 Llll,
778 2824 810 2858 7;
823 2825 851 2852 Δ‹

904 2832 956 2858 mi,
969 2824 1015 2853 59.

221 2873 361 2904 Psrnon.
376 2872 436 2902 Gn.
455 2871 565 2902 XCIX.

1460 2859 1504 2902 "23
