1921 3073
63 105 114 136 717

509 103 651 134 ORATIO
666 104 715 134 IV.
731 116 765 121 --
785 103 824 133 ΙΝ
853 103 1030 133 SANCTUM
1057 103 1213 133 PASCHA.

1653 100 1706 132 718

62 159 186 187 ἀπίστων
198 178 206 191 ,
219 157 270 185 Διά
283 156 311 184 τί
322 155 484 193 ἐσταυρώθη
499 158 513 184 δ
529 157 668 193 Χριστόςς
694 158 755 185 εῑπὲ
777 157 863 192 αὐτῷ,

921 155 1061 183 Christus?
1072 156 1115 183 dic
1131 155 1156 183 ei
1175 163 1182 182 :
1198 153 1235 182 Ut
1252 153 1390 182 diabolum
1406 153 1587 189 erueitlgeret.
1603 153 1633 182 Si
1655 154 1705 182 tibi

64 203 123 230 Ἰνα
149 201 297 238 σταυρώσῃ
323 201 369 228 τὸν
380 201 513 229 διάϐολον·
531 201 580 229 ἐὰν
599 203 664 239 εἴπῃ
681 211 741 235 σοι,
770 202 821 229 Διά
836 202 862 229 τι

64 246 225 282 ἰκρεμάσθη
241 246 290 273 ἐπὶ
310 246 390 279 ξύλου
404 255 412 280 ;
428 246 489 273 είπὲ
506 246 659 282 αὑτῷ,”ίνα
673 247 723 279 τὰς
740 247 862 280 ἀκάνθας

63 291 112 319 καὶ
134 291 279 327 τριϐόλους
307 290 445 327 ὲκριζὼσῃ
473 290 522 318 τοῦ
547 291 653 327 ’Δδάμ-
675 293 779 325 ἐκεῖνος
800 293 855 330 7&9

65 337 171 364 στένειν
199 337 247 364 καὶ
277 337 390 373 τρέμειν
415 338 619 374 κατεδικάσθη,
648 339 696 366 καὶ
721 339 863 375 τριϐόλους

65 385 210 419 γεωργεῖν·
222 384 327 420 Ἰησοῦς
340 383 388 411 οὖν
399 384 593 420 φιλάνθρωπος
604 385 653 419 ὢν,
670 385 718 413 καὶ
731 385 780 413 τοῦ
796 386 862 413 ἰδίου

67 430 227 465 πλάσματος
246 431 332 458 θέλων
354 431 569 466 προνοήσασθαι,
589 431 679 458 πάντα
704 431 808 468 ὑπέστη
828 432 863 459 δι’

68 477 156 512 ἡμᾶς,
183 476 228 504 ἵνα
253 477 336 512 ήμείς
363 477 415 511 τῆς
446 476 596 512 καταδίκης
621 477 861 513 έλευθερωθῶμεν·

70 522 166 558 ὥσπερ
182 522 237 558 γὰρ
255 523 389 558 ἐγεννήθη
407 522 460 549 ὑπὸ
478 523 622 557 γυναικὸς,
638 523 681 550 ἶνα
697 523 746 559 τὴν
765 524 798 550 ὲκ
812 533 863 558 γυ-

66 571 158 602 ναικὸς
173 571 397 606 προσγενομένην
412 571 550 607 ἁμαρτίαν
563 572 619 603 τοϊς
630 571 783 606 ἀνθρώποις
797 571 864 598 ἀπα-

66 617 158 653 λείψῃ,
183 617 270 648 οὕτως
288 617 337 643 καὶ
365 618 425 649 ταῖς
445 617 579 648 ἀκάνθαις
602 617 793 651 στεφανοῦται,
820 617 864 643 ἵνα

67 663 117 698 τὴν
138 663 232 694 κακῶς
256 663 463 698 γεωργηθεῖσαν
491 663 544 689 ὑπὸ
569 662 619 697 τῆς
643 662 781 698 ἁμαρτίας
799 662 863 697 γῆν,

65 708 112 735 διὰ
136 708 188 743 τῆς
216 709 285 740 ιδίας
301 708 426 743 ὑπακοῆς
442 708 622 744 ήμερωτέραν
636 708 798 744 ἐργάσηται·
815 708 862 735 ἐὰν

67 755 132 790 εἴπῃ
151 763 202 787 σοι,
229 754 280 781 Διὰ
299 755 326 780 τί
342 753 424 790 χολὴν
441 754 488 780 καὶ
501 753 561 786 ὅξος
578 753 674 787 ἔπιεν;
702 753 763 780 είπὲ
777 753 861 788 αὐτῷ,

68 799 129 827 Ἵνα
144 801 225 835 ἡμεῖς
234 799 280 826 τδν
294 799 482 835 θανατηφόρον
497 800 536 826 ίὺν
549 799 727 834 έξεμέσωμεν
740 798 785 826 τοῦ
797 799 862 835 δρά-

917 202 992 230 dicat
1008 202 1082 229 :Cur
1100 201 1227 236 pependit
1244 200 1272 228 in
1288 200 1361 235 ligno
1375 200 1387 226 ἲ
1400 200 1444 228 dic
1458 201 1483 228 ei
1498 208 1504 226 :
1520 200 1553 229 Ut
1569 201 1662 236 spinas
1677 206 1706 228 et

917 247 1034 275 tribulos
1057 247 1154 275 Adami
1197 246 1379 281 exstirparet:
1395 246 1440 274 hic
1452 246 1525 273 enim
1541 247 1573 274 ad
1587 247 1706 282 gemitus

917 301 1089 329 pavoresque
1114 293 1261 321 damnatus
1276 292 1338 324 fuit,
1354 296 1382 320 et
1399 292 1432 319 ad
1447 291 1562 320 tribulos
1578 293 1706 320 excolen-

917 340 967 367 dos
978 349 984 366 :
994 338 1074 367 Jesus
1087 347 1152 374 ergo
1162 346 1223 366 cum
1235 340 1271 366 sil.
1282 337 1507 370 humanissimus,
1522 342 1550 365 et
1564 345 1621 366 suae
1629 345 1708 365 crea—

920 389 990 412 tum
1001 385 1080 412 vellet
1093 391 1186 411 curam
1199 390 1301 418 gerere,
1315 387 1413 410 cuncta
1422 390 1471 418 pro
1485 382 1564 409 nobis
1580 382 1710 410 sustinuit

918 435 949 458 ut
967 437 1019 458 nes
1033 429 1209 457 damnatione
1235 429 1363 463 eriperet.
1381 428 1456 456 Sicut
1466 428 1538 456 enim
1549 436 1581 455 ex
1595 428 1710 455 muliere

917 481 999 504 natus
1015 481 1068 508 est,
1088 480 1117 503 ut
1132 474 1265 502 intlictum
1278 481 1294 502 a
1312 474 1427 502 muliere
1440 474 1598 502 hominibus
1611 481 1709 509 pecca-

918 526 975 549 tum
994 521 1107 553 deleret,
1132 521 1170 548 ita
1188 521 1270 548 etiam
1298 521 1383 556 spinis
1399 525 1558 554 coronatur,
1585 525 1615 548 ut
1639 520 1710 547 male

917 568 1054 595 excultam
1066 575 1081 594 a
1090 571 1202 602 peccato
1216 571 1329 600 terram,
1341 567 1495 595 obedientia
1506 574 1555 594 sua
1571 566 1707 595 mitiorem

917 613 1053 641 redderet.
1081 613 1110 641 Si
1130 613 1204 641 dicat
1232 613 1281 641 tibi
1295 623 1301 642 :
1315 613 1371 641 Cur
1396 613 1430 640 fel
1442 617 1468 641 et
1492 617 1599 640 acetum
1615 612 1709 640 bibit?

917 659 962 687 dic
979 658 1004 685 ei
1021 667 1027 685 :
1042 658 1077 687 Ut
1095 666 1146 686 nos
1161 658 1334 686 mortiferum
1350 659 1478 687 draconis
1495 666 1629 686 venenum
1644 665 1709 686 evo-

917 713 1058 733 meremus
1073 713 1079 731 :
1103 705 1168 732 illud
1187 705 1260 732 enim
1277 705 1324 737 fel,
1353 705 1468 733 dulcedo
1483 711 1544 732 mea
1562 704 1650 732 evasit
1664 713 1672 731 :
1684 709 1712 732 et

918 756 1025 778 acetum
1039 749 1116 784 illud,
1134 750 1199 778 mihi
1212 750 1332 778 suavitas
1346 750 1398 778 fuit
1413 756 1441 778 et
1464 750 1616 778 medela.Si
1632 750 1711 778 deni-

918 803 971 831 que
988 795 1036 823 tibi
1048 795 1121 824 dicat
1132 796 1251 823 intidelis
1268 804 1274 822 :
1291 794 1346 823 Cur
1359 795 1394 823 ad
1409 795 1485 823 illum
1494 796 1655 824 accedentes
1665 803 1712 830 ge-

67 854 163 877 κοντος
174 853 180 860 ·
198 846 215 881 ἢ
229 845 284 880 7&9
301 844 377 881 χολὴ,
392 845 458 880 ἐμὸν
471 844 567 879 γέγονε
586 844 734 879 γλύκασμα
749 852 756 860 ⁸
769 845 818 871 καὶ
833 844 864 871 τὺ

921 850 956 869 nu
984 842 1130 869 flectebant
1151 841 1237 869 Judaei
1252 841 1264 868 ἲ
1280 841 1325 869 dic
1344 841 1368 869 ei
1387 841 1444 869 :Ut
1471 842 1595 870 nolenles
1628 842 1711 869 etiam

67 892 128 924 ὖξος
144 892 245 923 έκεῖνο,
269 892 331 926 ἐμοὶ
345 891 456 925 γέγονεν
471 892 511 922 είς
535 890 682 925 γλύκασμα
707 890 754 917 καὶ
776 890 845 925 ίαμα
857 898 863 905 ·

67 939 117 965 ὲάν
133 939 162 965 δέ
180 947 222 965 σοι
241 938 322 965 πάλιν
337 938 401 974 εἴπῃ
416 939 542 970 ἄπιστος,
562 937 612 964 Διὰ
635 937 661 963 τί
684 936 865 972 έγονυπέτουν

67 985 153 1011 αὑτὸν
174 985 334 1019 προσιόντες
349 984 424 1019 αὐτῷ
439 992 446 1017 ;
461 984 522 1010 είπὲ
534 983 619 1018 αὐτῷ,
638 983 696 1011 Ἵνα
707 984 755 1010 καὶ
769 983 807 1020 μὴ
819 983 863 1010 θέ-

68 1030 163 1062 λοντες
187 1032 412 1067 προσκυνήσωσιν
438 1029 521 1057 αὑτὸν
545 1029 717 1061 οῑῚουδαῖοι,
739 1029 787 1056 καὶ
814 1029 864 1065 τὴν

69 1075 213 1110 βασιλείαν
234 1076 317 1103 αὑτοῦ
336 1075 451 1107 ἄκοντες
469 1075 518 1101 έπὶ
533 1075 584 1110 τὴν
600 1074 655 1108 γῆν
668 1074 867 1109 ὁμολογήσωσι·

69 1122 117 1148 νῦν
131 1121 179 1156 μὲν
196 1121 251 1156 γάρ
265 1120 444 1156 χλευάζοντες
454 1120 652 1157 προσεκύνουν,
669 1119 708 1156 μὴ
729 1120 831 1151 ειδότες
855 1119 869 1145 ὃ

69 1168 215 1202 ἔπραττον,
229 1168 258 1193 ὲν
278 1167 306 1193 δὲ
319 1167 352 1202 τῇ
375 1166 512 1202 μελλούσῃ
531 1166 682 1194 ἀναστάσει
700 1175 709 1191 ι
729 1166 784 1192 πᾶν
801 1165 867 1199 γόνυ

70 1213 176 1247 κάμψει
193 1213 363 1248 ἐπουρανίων
380 1213 428 1239 καὶ
446 1212 578 1247 ἐπιγείων
597 1212 647 1239 καὶ
670 1211 868 1247 καταχθονίων,

70 1258 118 1284 καὶ
135 1258 210 1284 πᾶσα
221 1257 332 1291 γλῶσσα
342 1257 581 1292 ἐξομολογήσεται,
595 1257 635 1284 ὅτι
646 1257 749 1292 Κύριος
765 1255 869 1291 Ἰησοῦς

71 1303 190 1338 Χριστὸς
201 1303 241 1334 εἰς
252 1301 404 1336 δόξανΘεοῦ
418 1302 536 1338 Πατρός.
550 1302 667 1337 ’Δμήνδ
681 1301 759 1336 Ἔχει
775 1300 803 1327 δὲ
818 1301 866 1327 καὶ

71 1350 89 1384 ή
103 1349 210 1384 χλαμὺς
234 1348 326 1384 ἐκείνη
348 1349 397 1376 καὶ
417 1348 512 1384 ἕτερον
531 1347 657 1382 αἴνιγμα·
671 1347 702 1373 ού
719 1347 800 1382 μόνον
814 1346 868 1382 γὰρ

919 888 1009 923 ipsum
1037 888 1195 921 adorarent,
1221 893 1249 916 et
1270 896 1385 924 regnum
1400 889 1459 923 ejus
1482 889 1525 917 vel
1537 889 1615 917 inviti
1629 889 1713 917 humo

917 934 996 962 strati
1007 935 1213 962 confiterentur.
1228 934 1305 962 Nunc
1317 935 1428 970 quidem
1441 943 1503 963 cum
1514 936 1640 964 irrisione
1648 944 1711 964 eum

918 980 1079 1013 adorabant,
1089 980 1244 1009 nescientes
1256 981 1321 1016 quid
1337 986 1460 1016 agerent,
1477 982 1504 1009 in
1514 982 1607 1010 futura
1620 987 1711 1010 autem

917 1027 1117 1055 resurrectione
1148 1036 1157 1053 ι
1187 1034 1268 1055 omne
1295 1035 1365 1062 genu
1396 1028 1519 1057 flectetur
1547 1029 1711 1062 caelestium,

918 1072 1090 1100 terrestrium
1103 1077 1130 1101 et
1143 1073 1326 1106 infernarum,
1340 1078 1367 1101 et
1374 1075 1563 1108 omnislingua
1574 1075 1714 1103 confitebi-

918 1122 964 1144 tur
980 1118 1126 1146 Dominum
1147 1118 1240 1147 Jesum
1269 1120 1413 1147 Christum
1437 1120 1464 1148 in
1480 1120 1567 1156 gloria
1581 1128 1644 1149 esse
1661 1120 1711 1149 Dei

917 1166 1016 1194 Patris.
1034 1166 1122 1193 Amen
1134 1166 1184 1193 Μ.
1202 1174 1211 1192 ι
1232 1165 1318 1193 [labet
1329 1166 1411 1193 etiam
1428 1165 1474 1193 illa
1487 1166 1613 1202 chlamys
1639 1166 1713 1195 aliud

918 1211 1034 1246 aenigma
1048 1218 1117 1238 :non
1126 1210 1198 1237 enim
1210 1211 1285 1245 regni
1297 1211 1487 1238 tantummodo
1496 1212 1629 1239 indicium
1641 1216 1712 1245 erat,

922 1263 1018 1283 verum
1049 1255 1130 1283 etiam
1164 1259 1311 1283 cruentum
1333 1260 1360 1283 et
1383 1256 1529 1284 exitiosum
1554 1256 1713 1284 Judaeorum

923 1301 1063 1336 ingentium
1084 1301 1299 1329 demonstrabat.
1316 1300 1469 1329 ‘Calamum
1491 1309 1602 1338 quoque
1620 1304 1713 1330 manui

921 1347 982 1382 ejus
999 1346 1182 1379 tradiderunt,
1198 1352 1228 1374 ut
1246 1347 1368 1382 ipsorum
1388 1347 1575 1375 scriberentur
1589 1353 1712 1386 peccata‘

71 1395 123 1431 τὴν
140 1394 283 1430 βασιλείαν
300 1393 467 1425 ὺπετύπουν,
485 1393 555 1420 ἀλλὰ
573 1393 627 1428 γὰρ
640 1393 688 1419 καὶ
704 1392 735 1419 τὸ
754 1391 900 1427 αἰμοϐόρον
912 1392 959 1419 καὶ
975 1391 1094 1426 φονῶδες
1120 1391 1176 1419 τῶν
1208 1391 1344 1419 Ἰουδαίων
1372 1392 1574 1420 έπεδείκνυντο”
1607 1394 1714 1422 ἔδωκαν

70 1440 102 1467 δὲ
119 1441 169 1467 καὶ
185 1439 309 1474 κάλαμον
334 1440 363 1466 ὲν
389 1440 422 1474 τῇ
437 1438 510 1474 χειρὶ
539 1438 633 1471 αὐτοῦ,
658 1438 702 1465 ἵνα
721 1437 867 1473 γραφῶσιν
881 1437 972 1464 αὐτῶν
989 1438 1018 1464 at
1033 1437 1183 1473 ἁμαρτίαι.

106 1486 141 1519 ζ’.
162 1485 255 1512 Ταῦτα
263 1485 314 1521 μὲν
322 1485 367 1511 οὖν
375 1485 399 1511 οι
409 1485 597 1520 Χριστομάχοι
605 1484 725 1516 ἐποίουν,
736 1484 866 1518 ἀγνοοῦν-

955 1483 980 1511 7.
999 1483 1162 1519 “accitaque
1174 1484 1268 1512 hostes
1279 1483 1382 1513 Christi
1395 1490 1550 1520 patrarunt,
1560 1494 1641 1522 quem
1653 1495 1714 1515 eru-

72 1539 118 1562 τες
135 1531 182 1557 τὸν
199 1529 426 1566 ἐσταυρωμένον
445 1531 462 1565 ἡ
475 1529 504 1556 δὲ
519 1530 609 1561 κτίσις
623 1529 674 1556 οὑκ
687 1529 806 1564 ἠγνόησε
824 1529 870 1555 τὸν

72 1577 177 1612 ἑαυτῆς
192 1575 333 1611 Δεσπότην
348 1576 395 1602 καὶ
410 1575 601 1611 Δημιουργόνν
618 1575 659 1601 ἔτι
675 1574 732 1610 γὰρ
748 1574 796 1601 τοῦ
812 1575 865 1600 Σω-

72 1623 158 1657 τῆρος
172 1622 220 1648 ἐπὶ
233 1621 280 1648 τοῦ
299 1621 416 1657 σταυροῦ
430 1621 607 1657 κρεμαμένου
620 1640 628 1654 ,
643 1619 783 1656 θεωρήσας
799 1619 814 1645 ὁ
828 1620 871 1646 αι-

75 1669 174 1702 σθητδς
199 1668 276 1703 ἥλιος
292 1667 338 1694 τὸν
355 1667 449 1694 Ἥλιον
472 1667 523 1702 τῆς
544 1666 718 1701 δικαιοσύνης
740 1666 793 1693 ὑπὸ
816 1666 871 1692 τῶν

74 1714 185 1749 ἀνόμων
211 1713 402 1749 ὑϐριζόμενον,
421 1713 470 1740 καὶ
495 1712 532 1748 μὴ
557 1713 648 1748 φέρων
671 1712 702 1739 τὺ
728 1711 870 1747 τόλμημα,

74 1760 173 1795 φεύγει
191 1759 320 1790 σκοτίσας
343 1758 393 1793 τὴν
417 1758 481 1793 γῆν,
496 1759 597 1786 ἄτοπον
614 1758 788 1793 ἡγησάμενος
806 1766 871 1785 συν-

73 1807 168 1841 εργεῖν
190 1805 239 1831 καὶ⁵
264 1803 392 1838 φωτίζειν
408 1803 565 1838 ὀφθαλμοὺς
587 1803 637 1839 τὴν
660 1804 792 1839 μεγίστην
807 1804 872 1831 ἀσε-

73 1851 192 1881 εοῦντας
203 1849 331 1876 ἀσέϐειαν
341 1858 348 1865 ·
365 1849 396 1876 οὐ
415 1849 496 1884 μόνον
509 1849 538 1875 δὲ
549 1850 563 1876 ὁ
576 1849 654 1885 ἣλιος
667 1849 793 1883 ἔφευγεν,
804 1849 872 1876 ἀλλά

73 1898 123 1923 καὶ
133 1898 150 1931 ἡ
169 1896 205 1930 γῆ
221 1896 338 1922 ἐκινεῖτο
355 1895 392 1930 μὴ
408 1895 528 1930 φέρουσα
538 1895 588 1930 τὴν
604 1895 722 1930 ἀνομίαν
735 1894 789 1921 τῶν
800 1895 871 1929 δρω-

74 1941 179 1976 μένων,
193 1940 387 1975 ὲνδεικνυμένη
404 1939 432 1966 δὲ
449 1939 496 1966 καλ¹
512 1939 688 1971 διδάσκουσα,
703 1939 746 1966 ὃτι
762 1938 828 1971 Θεὸς
838 1936 872 1973 ἦν

73 1988 89 2013 ὸ
106 1986 328 2021 σταυρούμενος·
344 1985 385 2012 διδ
400 1986 461 2012 οὐδὲ
473 1985 610 2020 ἠνείχετο,
625 1985 684 2012 ἀλλ’
693 1985 873 2020 ὲχαλαίπαινε

75 2032 115 2069 μὴ
132 2032 252 2058 θέλουσα
266 2031 361 2066 φέρειν
376 2031 420 2065 ἐφ’
433 2031 535 2066 έαυτῆς
548 2031 611 2062 τοὺς
627 2031 782 2065 θεοστυγεῖς
804 2031 872 2057 Ἰου-

73 2078 168 2109 δαίους
179 2085 186 2093 ·
204 2077 255 2112 οὐχ
270 2076 357 2108 οὕτως
378 2076 433 2111 γάρ
454 2076 689 2112 ἀδελφοκτονήσας
709 2076 808 2111 έχρανε
823 2076 873 2112 τὴν

74 2124 130 2158 γῆν
153 2125 168 2150 ὁ
193 2122 275 2154 Καῖν,
288 2122 344 2149 οὐδ’
358 2122 444 2154 οὕτως
466 2121 602 2157 ὲὸάρησεν
626 2122 712 2157 αὐτὴν
728 2122 745 2157 ἡ
759 2122 813 2149 τῶν
831 2130 873 2156 γι-

74 2171 186 2204 γάντων
200 2169 379 2205 πυργοποιία,
387 2168 441 2195 οὐδ’
452 2167 539 2200 οὕτως
551 2168 637 2204 αὐτὴν
651 2168 768 2203 ἐμίαναν
781 2168 874 2204 ἀθεμι-
889 2159 912 2188 Ῐ)

74 2214 283 2249 τουργήσαντες
298 2213 451 2248 Σοδομῖται,
468 2213 523 2240 οὐδ’
536 2213 615 2239 αὐτοὶ
632 2213 657 2239 οἱ
671 2212 706 2239 τὰ
724 2211 822 2239 εἴδωλα
843 2212 874 2246 ἐξ

73 2262 164 2296 αὐτῆς
178 2260 344 2292 πλάσαντες,
356 2260 387 2286 οὐ
405 2261 436 2286 τὸ
450 2256 522 2295 αἷμα
536 2259 590 2286 ἀπὸ
605 2259 689 2286 ’Δὸελ
712 2258 765 2291 ἕως
787 2259 874 2294 Ζαχα-

78 2308 140 2342 ρῦου
159 2306 276 2341 ἐκχυθὲν
290 2305 420 2341 ἐποίησεν
444 2305 529 2340 αὐτὴν
554 2305 652 2337 οὕτως,
670 2305 733 2332 ὅσον
757 2305 783 2331 οἱ
804 2305 872 2330 ’1ου-

74 2352 148 2379 δαίοι
165 2352 197 2378 τὸ
213 2352 284 2387 μέγα
295 2353 376 2378 τοῦτο
392 2352 580 2386 τολμήσαντες
595 2350 723 2386 ἀσέϐημα
733 2357 740 2365 ⁸
761 2350 806 2377 διὰ
817 2350 871 2385 γὰρ

28 2401 32 2403 “
75 2399 158 2425 τοῦτο
171 2399 219 2425 καὶ
232 2399 260 2424 ai
276 2397 396 2433 σκληραὶ
413 2398 514 2434 πέτραι
529 2397 678 2432 ἐσχίζοντο,
693 2397 736 2424 ίνα
750 2397 873 2432 μάθωσιν

76 2446 119 2472 ὅτι
147 2443 226 2476 οὗτός
252 2445 327 2471 ἐστιν
358 2445 375 2479 ἡ
398 2444 571 2478 πνευματικὴ
597 2443 646 2469 καὶ
659 2442 736 2476 ζῶσα
764 2443 870 2476 πέτρα·

78 2492 208 2517 Ἔπινυν
218 2491 284 2525 γὰρ,
294 2490 377 2525 φησὶν
384 2490 416 2522 ¹⁹,
424 2490 457 2516 ἐκ
472 2487 676 2523 πνευματικῆς
687 2489 872 2516 ἀκολουθού-

77 2545 139 2569 σης
158 2536 281 2570 πέτρας.
299 2535 318 2569 ’ἡ
339 2535 374 2562 δὲ
395 2535 489 2569 πέτρα
513 2533 552 2570 ἦν
573 2535 589 2561 d
606 2535 744 2568 Χριστός.
770 2535 802 2560 Ὢ
824 2534 874 2569 τῆς

83 2581 224 2608 Ἰουδαίων
241 2580 439 2615 ἀγνωμοσύνης
452 2581 459 2607 l
473 2581 506 2607 Αἱ
528 2581 626 2616 πέτραι
648 2581 871 2616 διαῤῥήγνυνται,

77 2629 128 2655 καὶ
144 2627 223 2655 αὐτοὶ
236 2626 445 2662 ἀναισθητοῦσι·
465 2626 499 2653 τὰ
516 2626 607 2661 ἀψυχα
625 2625 775 2659 κλονεῖται,
789 2627 838 2653 καὶ
848 2627 873 2653 οἱ

77 2673 199 2709 ἐμψυχοι
224 2671 387 2698 ἀπιστοῦσι·
412 2671 443 2698 τὸ
461 2671 663 2706 καταπέτασμα
676 2670 725 2697 τοῦ
740 2670 804 2698 ναοῦ
825 2671 874 2708 ῥή-

77 2727 189 2753 γνυται,
204 2717 249 2745 ἴνα
268 2718 362 2745 λοιπὸν
376 2719 394 2753 ή
414 2718 553 2753 ἐρήμωσις
568 2717 658 2744 αὐτῶν
673 2717 765 2753 δειχθῇ
777 2726 784 2733 -
801 2718 874 2752 ἐσχί-

79 2766 133 2801 σθη
156 2766 210 2801 γάρ
233 2764 265 2791 τὺ
287 2764 490 2799 καταπέτασμα
512 2765 560 2790 καὶ
581 2763 727 2799 ἐγυμνώθη
741 2765 775 2791 τὰ
790 2764 819 2790 ἐν
835 2764 874 2799 τῷ

921 1528 1070 1562 eligebant
1083 1529 1251 1568 ignorantes.
1272 1529 1388 1565 Iteliqua
1405 1535 1495 1558 tamen
1520 1537 1645 1560 creatura
1662 1533 1715 1560 Do-

921 1574 1026 1602 minum
1042 1582 1123 1602 suum
1148 1582 1202 1602 non
1229 1575 1345 1603 nescivit
1360 1579 1387 1603 et
1413 1576 1583 1605 Creatorem.
1617 1579 1714 1607 Adhuc

923 1619 1066 1648 Servatore
1078 1620 1112 1648 de
1130 1628 1212 1649 cruce
1222 1622 1366 1656 pendente.
1381 1623 1422 1650 sol
1441 1623 1485 1650 hic
1502 1624 1641 1653 sensibilis
1653 1633 1714 1653 cer-

922 1675 991 1694 nens
1005 1667 1120 1703 justitiae
1135 1666 1228 1695 Solem
1243 1668 1278 1696 ab
1295 1668 1388 1704 impiis
1403 1669 1504 1704 injuria
1515 1670 1653 1704 atl'cctum,
1665 1679 1714 1699 nec

923 1711 1030 1740 facinus
1045 1713 1160 1747 patiens,
1188 1714 1313 1742 tellurem
1340 1715 1524 1744 obtenebruns
1547 1716 1626 1752 fugit,
1641 1718 1714 1745 indi-

922 1766 1006 1794 gnum
1020 1764 1120 1794 putans
1136 1760 1230 1787 favere
1245 1765 1272 1788 et
1283 1761 1379 1789 oculos
1390 1762 1545 1790 illuminare
1557 1764 1714 1792 horninibus

922 1805 970 1840 qui
981 1813 1011 1832 se
1027 1813 1136 1833 summo
1151 1807 1254 1834 scelere
1270 1807 1460 1842 impiaverant.
1481 1808 1577 1844 Neque
1593 1810 1635 1838 sol
1652 1818 1714 1838 tan~

924 1855 981 1878 tum
995 1852 1071 1887 fugit,
1083 1860 1177 1880 verum
1189 1854 1270 1880 etiam
1289 1858 1362 1881 terra
1375 1858 1448 1882 mota
1463 1859 1516 1888 est,
1539 1855 1647 1885 facinus
1663 1857 1713 1884 im-

923 1898 997 1933 pium
1010 1906 1064 1925 non
1081 1898 1183 1932 ferens,
1199 1898 1284 1926 Deum
1301 1899 1377 1927 illum
1391 1907 1454 1929 esse
1473 1902 1576 1929 docens
1591 1903 1637 1937 qui
1656 1908 1716 1930 erat

923 1943 1082 1971 crucifixus.
1103 1943 1194 1977 Quare
1202 1951 1252 1971 nec
1267 1943 1383 1973 ulterius
1397 1945 1468 1977 tulit.
1485 1951 1566 1981 atque
1575 1947 1714 1982 indignata

923 1994 966 2016 est
979 1989 1085 2023 pondus
1100 1988 1174 2017 ferre
1184 1988 1239 2016 Deo
1256 1990 1398 2018 odibilium
1412 1990 1582 2019 Iudaeorum.
1601 1991 1662 2020 Non
1678 1994 1715 2021 ita

923 2033 1018 2062 fratris
1029 2034 1189 2062 interfector
1203 2034 1270 2062 Cain
1292 2035 1365 2063 illam
1383 2037 1591 2070 contaminavit,
1610 2047 1662 2066 non
1677 2040 1715 2067 ita

924 2079 1062 2115 gigantum
1078 2079 1210 2107 fabricata
1226 2081 1309 2108 turris
1327 2089 1388 2109 eam
1402 2084 1592 2117 praegravavit,
1609 2093 1663 2112 non
1679 2085 1716 2114 ita

925 2124 997 2152 illam
1014 2125 1169 2160 polluerunt
1178 2125 1286 2154 nefandi
1300 2126 1547 2164 Sodomitaameque
1557 2129 1575 2157 ii
1583 2131 1630 2165 qui
1643 2132 1715 2159 idola

926 2178 958 2198 ex
975 2171 1097 2206 ejusdem
1116 2172 1230 2199 materia
1261 2172 1420 2206 eﬂ‘ecerunt,
1445 2181 1500 2202 non
1522 2176 1559 2204 ita
1574 2184 1608 2204 ex
1633 2177 1718 2206 Abele

927 2224 1015 2252 usque
1030 2217 1064 2244 ad
1085 2217 1246 2245 Zachariam
1268 2219 1379 2254 sanguis
1395 2220 1509 2254 effusus,
1521 2227 1654 2257 quantum
1667 2223 1717 2251 Ju-

926 2263 977 2290 daei
1007 2262 1060 2290 hoc
1084 2263 1180 2298 ingens
1199 2263 1307 2292 facinus
1333 2264 1404 2292 ausi.
1422 2263 1537 2301 Propter
1559 2267 1611 2295 hoc
1641 2268 1716 2296 enim

926 2308 1003 2336 durat
1026 2316 1136 2344 quoque
1167 2314 1251 2343 petrae
1269 2310 1362 2338 scissae
1385 2315 1459 2345 sunt,
1478 2317 1508 2339 ut
1535 2312 1554 2339 ii
1581 2313 1718 2342 discerent

925 2354 998 2381 hanc
1013 2361 1075 2381 esse
1098 2354 1248 2389 spiritalem
1280 2355 1424 2391 vivamque
1449 2362 1567 2392 petram.
1586 2358 1716 2388 Bibebant

925 2401 1006 2432 enim,
1019 2400 1115 2435 inquit,
1131 2401 1163 2427 de
1176 2401 1295 2435 spiritali
1310 2405 1431 2437 sequente
1457 2412 1501 2431 eos
1517 2410 1593 2439 petra
1606 2415 1616 2438 ;
1642 2411 1717 2442 petra

928 2451 1016 2472 autem
1031 2445 1153 2473 Christus
1169 2451 1227 2473 erat
1237 2447 1270 2474 ιν.
1295 2447 1318 2475 0
1335 2448 1456 2483 ingratos
1474 2449 1631 2480 Jndzeorum
1657 2454 1717 2480 ani—

927 2490 1004 2517 mosvl
1020 2495 1103 2525 petras
1117 2490 1288 2523 scinduntur,
1299 2496 1327 2519 et
1341 2492 1391 2527 ipsi
1405 2494 1590 2523 obdurescunt
1604 2505 1612 2523 :
1630 2498 1718 2524 inani-

927 2540 1001 2563 mata
1030 2542 1184 2568 moventur,
1207 2542 1234 2564 et
1251 2537 1302 2573 ipsi
1318 2538 1495 2566 discredunt:
1516 2541 1608 2576 templi
1627 2544 1716 2570 velunt

928 2581 1073 2615 scinditur,
1091 2588 1121 2609 ut
1150 2582 1273 2618 ipsorum
1296 2583 1388 2611 futura
1411 2585 1525 2613 vastitas
1548 2587 1716 2622 designetur.

929 2626 1051 2655 Scissum
1069 2629 1170 2663 quippe
1189 2629 1278 2656 velum
1297 2634 1350 2663 est,
1365 2635 1393 2658 et
1413 2634 1514 2659 arca‘na
1534 2633 1626 2668 templi
1640 2638 1716 2668 pate-

926 2672 1009 2706 facta,
1025 2680 1133 2709 propter
1146 2675 1247 2703 Citriin
1264 2676 1366 2704 dictum
1380 2686 1386 2704 ε
1401 2677 1443 2704 Εη
1454 2678 1612 2714 relinquitur
1622 2680 1716 2708 domus

927 2725 1014 2747 vestra
1028 2720 1131 2748 deserta
1143 2722 1165 2737 '°
1179 2731 1186 2749 :
1203 2730 1297 2757 reapse
1318 2724 1391 2751 enim
1415 2724 1552 2753 desertata
1575 2732 1640 2754 sunt
1655 2732 1717 2762 post

928 2765 1030 2794 Christi
1045 2773 1140 2795 necem
1153 2766 1311 2797 Judatorum
1327 2777 1407 2798 sacra
1433 2771 1524 2798 omnia
1540 2780 1547 2799 :
1567 2777 1595 2800 et
1609 2773 1656 2808 qui
1674 2773 1715 2800 in—

117 2823 140 2838 "
159 2821 170 2849 l
186 2821 251 2850 Cor.
270 2829 298 2855 ι,
313 2822 340 2850 4.
379 2822 402 2838 ²⁰
419 2821 486 2850 Luc.
508 2829 567 2855 xui,
581 2821 624 2849 '55.
657 2821 697 2838 ³ο*
714 2821 834 2858 Philipp.
852 2830 882 2857 ιι,
895 2823 938 2852 f0.
