1921 3073
249 84 301 116 719
839 86 869 116 S.
886 85 1084 116 THEODORI
1115 85 1289 117 STUDITAS
1816 90 1859 122 720

244 141 370 169 colebant.
387 141 481 169 urbem
491 141 678 176 templumque
691 142 790 177 angeli,
804 142 878 170 illim:
895 143 1023 171 abscesse

1084 143 1150 178 ναῷ,
1164 143 1209 170 διὰ
1221 143 1266 170 τὸν
1281 143 1393 170 είπόντα
1408 141 1525 178 Χριστὸν
1535 143 1569 177 ",
1577 143 1656 172 Ἰδοὺ
1668 143 1783 179 ἀφίεται
1799 147 1814 173 ό
1827 145 1860 174 ol-

243 192 316 220 runt,
332 191 415 222 atque
439 187 473 214 ad
498 185 647 214 Ecclesiam
663 187 911 222 transmigrarunt:
928 187 1023 214 multa-

1087 199 1140 222 κος
1160 188 1245 224 ὑμῶν
1264 189 1390 224 ἕρημοςο
1415 189 1463 216 καὶ
1488 189 1543 224 γὰρ
1566 190 1715 225 ἠρήμωται
1739 191 1804 225 μετὰ
1821 193 1860 228 τὴν

242 242 295 268 que
309 240 424 268 corpora
442 240 539 260 eorum
566 232 614 268 qui
637 233 804 260 dormierant
827 240 1022 260 resurrexerun

1086 234 1298 270 Χριστοκτονίαν
1315 234 1405 261 πάντα
1419 233 1454 260 τὰ
1472 233 1528 260 τῶν
1545 233 1680 261 Ἰουδαίων
1705 236 1805 270 σεμνά·
1823 229 1862 263 καὶ

241 287 304 307 cum
319 279 450 306 Christo:
477 282 508 305 ut
521 285 571 306 nos
601 278 739 306 discamus
751 278 893 306 Christum
912 286 927 305 a
944 283 1023 305 mortt

1089 280 1114 306 οι
1129 279 1338 314 παραμένοντες
1352 280 1388 315 τῇ
1403 279 1481 306 πόλει
1494 279 1541 307 καὶ
1553 279 1593 315 τῷ
1608 280 1674 315 ἱερῷ
1687 280 1794 314 ἄγγελοι
1809 290 1862 316 μετ-

241 324 313 350 haud
327 323 416 351 solum
431 329 584 361 resurgere,
605 322 652 350 sed
668 326 782 351 cunctos
809 322 862 358 ipsi
890 322 1023 350 credente:

1084 324 1187 359 έόησαν
1203 325 1321 357 ἐκεῖθεν,
1329 325 1378 351 καὶ
1391 322 1475 360 ἦλθον
1485 325 1525 357 εις
1538 325 1588 361 τὴν
1603 325 1767 360 Ἐκκλησίαν
1776 334 1782 342 ·
1791 326 1862 354 πολλὰ

240 377 275 396 ex
290 369 403 396 mortuis
419 359 496 403 teque
515 368 723 396 suscitaturum.

1083 370 1112 397 δὲ
1133 370 1183 397 καὶ
1209 369 1325 405 σώματα
1346 359 1408 397 τῶν
1426 359 1640 406 κεκοιμημένων
1660 359 1805 408 συνανέστη
1829 374 1862 409 τῷ

242 413 364 449 Χριστῷ,
384 413 428 440 ἵνα
444 413 575 449 μάθωμεν
591 414 670 449 ἡμεῖς
684 413 727 441 ὃτι
741 414 859 450 Χριστὸς
874 414 1030 447 ἀποθανὼν,
1043 415 1124 450 μόνος
1137 415 1189 442 οὐκ
1208 415 1370 447 ἀνίσταται,
1385 415 1454 442 ἀλλὰ
1471 415 1577 448 πάντας
1591 416 1656 448 τοὺς
1683 416 1724 449 είς
1737 416 1811 444 αὐτὸν
1823 425 1860 444 πι.

241 459 386 490 στεύοντας
406 459 438 485 ὲκ.
457 458 562 494 νεκρῶν
579 458 717 494 ἀνίστησι.

284 504 312 531 8.
332 503 395 531 llaec
405 504 563 531 summatim
578 508 621 531 est
643 504 797 532 veneranda
820 504 964 533 Paschalis
989 513 1023 534 so

1123 504 1159 540 η’.
1180 503 1255 539 Αὕτη
1271 503 1310 536 ὼς
1325 504 1354 530 ὲν
1368 503 1509 538 κεφαλαίῳ
1523 502 1598 530 ἐστὶν
1612 503 1629 538 ἡ
1649 504 1736 539 σεμνὴ
1757 503 1800 530 τοῦ
1813 504 1860 531 Πά⁶

240 550 365 577 lemnitas
383 558 389 576 :
412 550 470 577 haec
496 549 716 577 Christianorum
742 552 871 586 mysteria
885 552 919 579 de
940 559 1023 579 resurl

1087 559 1140 586 σχα
1154 551 1235 586 ἑορτή
1243 558 1250 565 ·
1268 550 1316 576 καὶ
1331 548 1419 576 ταῦτα
1432 548 1603 584 Χριστιανῶν
1615 549 1650 576 τὰ
1662 549 1797 584 μυστήρια
1808 550 1862 585 πρὶ

239 596 359 623 rectionc
367 600 538 622 mortuorum
546 596 654 630 vitaque
661 600 761 623 aeterna
770 596 950 624 celebramus.
961 597 1023 633 Ergt

1085 596 1262 625 ἀναστάσεως
1285 594 1389 630 νεκρῶν
1406 594 1454 620 καὶ
1469 594 1542 630 ζωῆς
1556 594 1669 621 αιωνίου
1693 594 1862 630 πανηγυρίζο-

240 641 373 667 solemnia
400 648 517 675 agamus
541 648 596 668 non
615 640 748 669 fermento
761 642 872 670 malitia:
887 647 915 670 et
933 643 1023 678 nequi-

1086 648 1153 676 μεν·
1168 639 1312 676 τοιγαροῦν
1329 640 1503 675 ἐορτάσωμεν
1524 639 1562 674 μὴ
1576 640 1606 666 ὲν
1621 639 1696 675 ζύμῃ
1710 640 1805 671 κακίας
1821 640 1861 666 καὶ

239 686 293 717 tia’,
313 685 358 712 sed
378 686 482 721 azymis
502 686 666 713 sinceritatis
679 690 706 714 et
729 686 862 721 veritatis,
881 688 1023 716 credentes

1081 687 1226 722 πονηρίας,
1235 686 1292 712 ἀλλ’
1304 686 1333 712 ὲν
1348 685 1464 720 ἀζύμοις
1476 684 1654 720 είλικρινείας
1669 685 1718 712 καὶ
1732 684 1860 720 ἀληθείας,

240 731 266 757 in
288 730 405 763 Patrem,
422 730 521 758 Filium
554 739 586 759 ac
604 731 736 767 Spiritum
751 737 888 766 sanctum,
911 734 938 760 in
959 741 1023 761 cou-

1080 732 1256 763 πιστεύοντες
1276 732 1317 763 εἰς
1338 731 1458 766 Πατέρα,
1473 730 1521 757 καὶ
1536 730 1612 763 raw,
1636 731 1685 757 καὶ
1709 730 1816 766 Πνεῦμα
1835 731 1861 757 τὸ

239 776 445 804 substantialcm
462 777 665 812 increatamque
691 777 865 811 Trinitatem,
888 779 1023 807 credentes

1081 778 1169 813 ἀγιον,
1182 778 1223 810 είς
1238 777 1342 813 Τριάδα
1357 776 1503 811 όμοούσιον
1513 776 1561 803 καὶ
1575 776 1714 809 ἄκτιστον,
1732 775 1861 803 πιστεύον-

239 822 445 855 resurrectioni,
470 827 659 858 exspectantes
687 823 832 852 Dominum
849 825 939 852 denuo
961 833 1028 852 ven-

241 872 341 900 turum,
366 876 454 903 neque
475 869 531 902 jam
556 869 706 903 humiliter,
729 870 776 898 sed
812 871 932 906 gloriose
963 878 1027 898 cum

239 913 344 941 crrlesli
355 914 506 948 majestate,
521 921 583 942 cum
596 915 744 950 splendidis
756 916 870 951 angelis,
881 924 943 943 cum
954 916 1028 945 tubis

238 965 320 994 atque
349 964 452 987 terrore
473 960 554 987 simul
583 965 611 988 et
625 961 746 996 gaudio:
765 962 875 998 gaudio,
901 962 1027 998 inquam,

237 1010 408 1037 sanctorum,
438 1009 543 1033 terrore
569 1012 744 1041 peccatorum
770 1015 802 1034 ac
821 1007 1026 1036 damnatorum.

237 1049 309 1078 Deus
324 1054 415 1078 autem
439 1051 513 1086 pacis
528 1051 625 1086 dignos
645 1060 695 1080 nos
723 1060 822 1081 omnes
840 1053 923 1081 faciat
935 1062 1028 1082 resur-

237 1095 315 1130 gendi
329 1103 390 1123 cum
406 1096 519 1128 sanctis,
530 1104 647 1131 quorum
664 1103 794 1132 opera,et
803 1099 1028 1131 verba,etortho-

236 1140 335 1168 doxam
352 1141 432 1168 ﬁdem
446 1141 544 1169 imitati
560 1141 694 1171 fuerimus
709 1145 716 1170 l
742 1143 807 1178 quia
821 1144 872 1179 ipsi
883 1149 925 1172 est
940 1145 1027 1180 gloria

236 1191 264 1214 et
281 1187 402 1223 potentia
414 1195 463 1223 per
481 1188 581 1216 saecula
596 1189 771 1217 saeculorum.
787 1190 883 1218 Amen.

615 1233 648 1261 ν.

257 1275 391 1304 Laudatio
406 1277 434 1305 in
452 1277 638 1340 dormitiﬁnem
656 1284 756 1307 sanch
771 1279 892 1308 Domimz
905 1286 1002 1309 nostra:

585 1321 693 1340 ειυανω.

585 1321 693 1345 etparw.

271 1357 299 1384 Ι.
319 1357 403 1386 Tuba:
418 1359 657 1392 vocem,buccinte
670 1360 838 1395 clangorem,
855 1361 936 1389 solito
950 1368 1027 1390 reso-

237 1405 349 1431 nantius
364 1404 541 1438 clamantem,
562 1410 589 1433 et
611 1406 688 1434 orbis
702 1406 770 1434 ﬁnes
785 1407 901 1443 strepitu
922 1415 1025 1435 concus

237 1450 360 1483 tientem,
377 1458 469 1479 sermo
489 1459 567 1479 meus
581 1459 643 1480 cum
663 1453 784 1487 postulet
806 1453 842 1481 ob
857 1454 928 1482 hanc
953 1453 1025 1482 sacri

236 1496 366 1531 praeconii
383 1496 454 1524 diem
471 1497 682 1531 celebrandam;
698 1498 755 1531 vix,
775 1505 792 1526 ο
809 1499 873 1531 viri,
891 1507 940 1534 per
955 1499 1024 1534 pho-

236 1541 319 1569 netici
344 1542 433 1570 nostri
456 1543 554 1578 organi
579 1543 704 1572 infirmas
722 1544 796 1573 vires
810 1545 944 1580 procedit.
972 1545 1024 1573 Sed

236 1587 340 1623 Regina
356 1595 388 1616 ac
403 1587 520 1616 Domina
537 1589 671 1622 universi,
687 1594 819 1626 tanquam
834 1590 948 1618 minime
964 1597 1024 1617 am-

236 1632 345 1666 bitiosa,
363 1633 486 1668 recipiet,
495 1634 663 1669 spero,bunc
677 1643 787 1671 quoque
801 1636 921 1666 brevem,
934 1634 1025 1663 lamu-

235 1677 294 1705 litio
309 1678 370 1713 eius
385 1678 536 1715 addictum,
555 1682 753 1717 pauperculum
775 1685 901 1708 nostrum
921 1688 1026 1708 sermo-

236 1735 310 1762 nem,
332 1726 404 1755 liaud
423 1735 504 1756 secus
522 1735 605 1763 quam
625 1728 786 1756 sublimium
802 1733 944 1756 oratorum
963 1728 1025 1755 lon-

236 1780 284 1807 pas
309 1773 521 1808 splendidasque
547 1773 706 1806 orationes,
730 1773 791 1808 ejus
821 1773 869 1808 qui
899 1773 966 1801 mihi
997 1773 1024 1800 id

235 1817 423 1850 demandavit,
453 1817 582 1852 precibus
607 1817 754 1852 propitiata
782 1827 790 1845 :
814 1823 914 1853 praeter
941 1826 1023 1854 quam

236 1860 320 1895 quod,
342 1860 424 1887 unice
440 1861 542 1896 aspicit
563 1862 664 1890 mentis
688 1862 860 1897 propositum
877 1862 1024 1898 ,benignis-

237 1907 306 1933 sima
322 1906 406 1941 virgo.
428 1908 484 1942 Age
500 1915 574 1935 nunc
589 1907 655 1935 mihi
669 1908 724 1936 huc
737 1908 821 1936 simul
836 1909 942 1942 adesto,
961 1909 1024 1936 uni-

237 1959 315 1979 versa
336 1959 399 1987 quae
415 1952 485 1980 ctelo
501 1953 584 1981 subes
601 1957 683 1987 terra,
702 1959 835 1989 quantum
853 1959 895 1982 est
914 1955 1024 1990 pontiﬁ-

236 2005 298 2025 cum
326 2005 358 2025 ac
384 1998 570 2033 sacerdotum,
598 2000 796 2028 monachorum
824 2005 852 2028 et
877 2001 1022 2033 laicorum,

237 2051 331 2079 regum
347 2048 374 2071 et
387 2044 554 2080 principum,
573 2045 695 2072 virorum
713 2053 746 2073 ac
766 2042 943 2077 feminarum.
957 2046 1023 2073 ado-

238 2089 451 2116 lescentulorum
465 2097 498 2117 ac
514 2090 663 2126 virginum,
674 2091 796 2118 tribuum
812 2095 840 2118 et
855 2091 1021 2127 linguarum,
1037 2101 1062 2132 ι)

236 2143 270 2161 ex
296 2135 369 2162 omni
395 2143 494 2171 genere
518 2143 551 2164 ac
576 2137 696 2172 populo;
726 2138 916 2173 virtutumque
942 2138 1021 2173 quasi

237 2181 393 2208 mutatoriis
416 2181 546 2216 sumptis,
568 2183 659 2210 aureis
683 2183 801 2211 ﬁmbriis
816 2184 1021 2211 circumamicla

236 2231 263 2254 ct
280 2228 393 2260 variata,
411 2227 488 2262 prodi
511 2227 636 2256 hilariter
651 2229 783 2265 gestiens,
796 2234 826 2257 ut
839 2229 1023 2264 Dominipara

236 2272 329 2299 Mariae
340 2271 466 2300 funebria
481 2276 508 2299 et
523 2272 671 2300 transitura
687 2273 935 2309 celebres.’Migrat
948 2274 1022 2301 enim

235 2326 266 2344 rx
279 2317 321 2345 his
337 2318 516 2346 terrestribus
530 2322 558 2345 et
573 2319 775 2354 appropinquat
790 2320 930 2348 montibus
944 2325 1023 2347 aeter-

237 2365 291 2395 nis,
320 2371 402 2391 verus
431 2363 524 2392 Sionis
550 2371 642 2396 mons,
672 2365 700 2392 in
731 2373 786 2400 quo
814 2365 871 2393 Deo
899 2366 1023 2395 habitare

237 2410 348 2443 placuit,
371 2414 398 2437 ut
426 2409 579 2438 Psalmiste
604 2410 662 2446 lyra
683 2412 759 2439 canit
769 2412 804 2439 ".
830 2411 916 2439 Hodie
940 2413 1023 2448 igitur

236 2460 374 2482 terrenum
389 2455 487 2483 ctelum
507 2455 776 2491 incorruptibilitatis
789 2457 954 2485 vestimento
970 2457 1022 2484 cir-

270 2512 290 2527 "
305 2511 376 2539 Psai.
391 2519 482 2546 cxxxr,
499 2512 542 2539 Η.

270 2609 309 2645 (5)
331 2610 369 2637 Ad
375 2611 492 2639 notatio.
505 2611 535 2638 ln
545 2611 639 2639 codice
649 2610 741 2645 prisco
756 2609 817 2645 Vat.
829 2609 892 2642 455,
905 2608 925 2636 l‘.
935 2609 988 2637 226
999 2610 1025 2642 b,

234 2644 333 2680 legitur
345 2646 397 2681 alia
406 2646 499 2681 oratio
513 2653 575 2681 cum
588 2646 644 2681 hoc,
651 2644 733 2681 titulo
747 2644 818 2681 ιτοῦ
829 2645 1026 2681 ἁγίουᾼπατρδς

234 2679 312 2724 am
328 2680 466 2723 θεοξώρου
483 2680 529 2724 τοῦ
541 2680 756 2724 gemerem
772 2679 878 2724 ξενιεις
888 2679 926 2724 re
946 2679 1024 2724 vae-

235 2715 307 2755 θλιον
317 2716 367 2755 τῆς
378 2714 530 2755 ὑπεραγίας
539 2714 671 2755 βξρςτόκου
685 2715 714 2755 εν
723 2714 745 2749 ᾧ
752 2714 920 2755 τίξὲξήκοντα
929 2716 1024 2755 χαῖρετ

234 2751 328 2776 δαιμΊὶ
352 2749 439 2783 patris
460 2751 544 2778 nostri
564 2749 703 2782 Theodori,
726 2751 783 2777 novi
804 2749 963 2784 confessoris
983 2749 1024 2783 (id

234 2790 272 2812 est
294 2784 433 2821 Studttte),
459 2786 486 2813 in
509 2785 675 2814 nativitatem
695 2785 872 2813 sanctissima:
887 2784 1021 2819 Deipara',

1078 831 1123 854 τις
1140 824 1173 858 τῇ
1196 822 1355 854 ἀναστάσει,
1374 821 1580 856 προσδοκῶντες
1595 820 1642 848 τὸν
1663 820 1767 856 Κύριον
1789 821 1860 848 πάλιν

1078 868 1236 904 ἐρχόμενον,
1251 866 1345 894 οὐκέτι
1361 866 1411 901 μὲν
1427 865 1581 898 ταπεινῶς,
1598 865 1657 892 ἀλλ’
1672 866 1785 899 ἐνδόξως
1799 865 1860 901 μετά

1077 913 1270 949 λαμπρότητος
1293 911 1440 947 οὐρανίου,
1465 910 1534 946 μετὰ
1565 910 1705 944 φωτεινῶν
1735 909 1858 944 ἀγγέλων,

1079 959 1149 995 μετά
1166 957 1325 992 σαλπίγγων
1347 956 1394 983 καὶ
1418 956 1501 990 φόϐου
1525 956 1572 983 καὶ
1596 956 1695 992 χαρᾶς,
1712 956 1796 991 χαρᾶς
1816 955 1859 990 μὲν

1076 1005 1131 1032 τῶν
1143 1004 1239 1039 ἁγίων,
1255 1003 1338 1038 φόϐου
1350 1003 1378 1029 δὲ
1392 1002 1446 1029 τῶν
1457 1002 1611 1029 καταδίκων
1623 1002 1668 1028 καὶ
1682 1000 1856 1036 ἁμαρτωλῶν

1077 1052 1091 1078 ὁ
1104 1051 1133 1078 δὲ
1148 1050 1215 1081 Θεὸς
1229 1050 1280 1084 τῆς
1295 1049 1406 1084 είρὴνης
1420 1046 1577 1084 καταξιώαῃ
1593 1047 1696 1079 πάντας
1708 1048 1783 1083 ἡμᾶς
1799 1045 1859 1082 μετά

1077 1097 1163 1132 ἀγίων
1179 1096 1364 1126 ἀναστάσεως,
1379 1095 1408 1121 ὲν
1429 1094 1522 1129 ἔργοις
1542 1094 1589 1120 καὶ
1603 1093 1693 1128 λόγοις
1708 1093 1859 1129 εὑρεθέντας

1077 1141 1126 1168 καὶ
1141 1141 1231 1167 πίστει
1245 1138 1394 1174 ὸρθοδόξῳι
1411 1138 1453 1165 δτι
1466 1137 1542 1173 αὐτῷ
1555 1139 1572 1173 ἡ
1585 1137 1650 1172 δόξα
1664 1137 1713 1165 καὶ
1725 1139 1756 1165 τὸ
1769 1137 1859 1173 κράτος

1077 1187 1117 1219 εις
1134 1186 1197 1218 τοὺς
1211 1185 1313 1216 αίῶνας
1327 1183 1382 1211 τῶν
1395 1183 1619 1220 αιώνων.⁹Δμήν.

1459 1232 1498 1258 Ε’.

1083 1279 1245 1315 Ἐγκώμιον
1257 1280 1301 1312 εὶς
1314 1278 1525 1315 τῂν-κοιμησιν
1538 1277 1691 1315 (rigari-lat;
1700 1275 1861 1309 Δεσποίνης

1321 1313 1408 1349 ἡμῶν
1424 1314 1570 1340 Θεοτόκου
1581 1312 1630 1348 (5).

1111 1360 1147 1389 α’.
1159 1359 1254 1396 Φωνὴν
1266 1358 1426 1394 σάλπιγγος.
1442 1358 1590 1394 κερατίνης
1604 1357 1671 1393 βοῆς
1682 1357 1862 1389 ἀλαλάζουσαν

1076 1405 1261 1441 γεγωνότερον
1279 1404 1327 1432 καὶ
1341 1403 1543 1431 καταδονοῦσαν
1558 1403 1594 1430 τὰ
1611 1403 1730 1438 πέρατα,
1744 1401 1861 1430 ἁπαιτῶν

1039 1435 1062 1467 c
1104 1435 1183 1485 λόγος
1289 1449 1429 1485 εὐφημίαν
1450 1449 1501 1484 τῆς
1515 1435 1658 1484 παρούσης
1672 1435 1862 1484 ίεροκηρύκτου

1074 1497 1192 1533 ἡμέρας,
1209 1496 1372 1528 κινδυνεύει,
1386 1492 1409 1522 ὦ
1430 1495 1536 1530 ἄνδρες,
1549 1494 1583 1521 δι’
1599 1493 1732 1526 ἀσθενοῦς
1745 1493 1793 1521 τοῦ
1809 1501 1862 1528 φω-

1074 1542 1185 1578 νητικοῦ
1207 1541 1287 1577 ἡμῶν
1308 1541 1426 1577 ὀργάνου
1442 1541 1661 1577 προερχόμενος·
1682 1540 1742 1567 ἀλλ’
1756 1541 1774 1575 ἡ
1791 1537 1863 1574 βασί-

1074 1587 1156 1615 λισσα
1176 1588 1222 1614 καὶ
1237 1587 1319 1621 κυρία
1333 1587 1379 1614 τοῦ
1396 1587 1507 1619 παντὸς,
1525 1586 1564 1618 ὡς
1577 1583 1622 1614 οῐά
1636 1595 1679 1618 τις
1693 1585 1863 1621 ἀφιλότιμος.

1074 1633 1180 1666 δέξαιτο
1190 1633 1260 1668 τάχα
1271 1633 1319 1659 καὶ
1333 1632 1378 1660 τὸν
1392 1633 1457 1667 τῇδε
1469 1632 1592 1659 δουλικὸν
1605 1632 1691 1667 αὐτῆς
1703 1632 1810 1668 βραχὺν
1821 1630 1863 1657 καὶ

1074 1679 1202 1715 πενιχρὸν
1229 1679 1307 1714 ἡμῶν
1321 1678 1468 1712 λόγον,’ὼς
1488 1678 1543 1704 τῶν
1560 1677 1708 1713 ὑψηγόρων
1731 1678 1797 1709 τοὺς
1817 1684 1865 1712 μαι

1074 1724 1158 1760 κρούς
1172 1732 1201 1751 τε
1224 1726 1271 1750 καὶ
1286 1723 1511 1759 ὑπερλάμπρους,
1528 1724 1588 1754 ταῖς
1607 1722 1655 1750 τοῦ
1680 1722 1864 1758 προστάσσον-

1073 1778 1120 1802 τος
1142 1770 1234 1805 εὐχαῖς
1267 1769 1483 1805 εύμενιζομένη·
1523 1769 1638 1804 ἐπείπερ
1671 1769 1722 1795 καὶ
1744 1767 1814 1803 πρὸς
1839 1766 1865 1792 ἓν

1075 1815 1157 1852 μόνον
1175 1815 1268 1851 βλέπει
1288 1815 1318 1842 τὸ
1341 1815 1391 1850 τῆς
1404 1814 1561 1849 προθέσεως
1580 1815 1597 1849 ὴ
1614 1814 1787 1848 φιλάγαθος·
1802 1811 1865 1840 ἀλλά

1075 1870 1120 1898 μοι
1131 1861 1221 1897 δεῦρο,
1232 1861 1424 1897 συναγέρθητι,
1434 1861 1452 1897 ἡ
1466 1860 1513 1888 ὑπ’
1522 1860 1637 1896 οὐρανὸν
1644 1860 1754 1894 ἃπασα,
1767 1861 1829 1887 ὅσον
1839 1858 1866 1884 ἑν

1075 1907 1218 1943 ίεράρχαις
1231 1914 1261 1933 τε
1284 1905 1331 1933 καὶ
1347 1905 1476 1941 ἱερεῦσιν,
1491 1906 1521 1932 ὲν
1535 1906 1691 1940 μοναδικοῖς
1713 1914 1745 1932 τε
1762 1905 1808 1932 χαὶ
1824 1911 1866 1938 μι-

1073 1953 1165 1988 γάσιν,
1179 1953 1208 1979 ὲν
1225 1951 1363 1987 βασιλεῦσί
1385 1960 1415 1978 τε
1432 1951 1478 1978 καὶ
1499 1951 1639 1986 ἄρχουσιν,
1655 1951 1685 1978 ὲν
1705 1951 1823 1987 ἀνδράσι
1837 1956 1865 1975 τε

1073 1998 1122 2025 καὶ
1135 1997 1269 2032 γυναιξὶν,
1285 1997 1314 2023 ἐν
1327 1996 1479 2029 νεανίσκοις
1493 2003 1523 2022 τε
1538 1996 1585 2022 καὶ
1597 1995 1761 2031 παρθένοις,
1777 1996 1808 2022 ὲν
1821 2003 1867 2028 φυ-

1073 2043 1133 2076 λαῖς
1149 2052 1179 2070 τε
1195 2043 1243 2069 καὶ
1254 2041 1402 2077 γλώσσαις,
1425 2041 1560 2076 παγγενεί
1577 2049 1608 2067 τε
1624 2041 1672 2068 καὶ
1690 2039 1864 2076 παμπληθιὶ,

1074 2090 1122 2117 καὶ
1136 2089 1187 2121 τὰς
1198 2088 1253 2115 τῶν
1263 2087 1368 2123 ἀρετῶν
1384 2087 1502 2122 ἐσθῆτας
1516 2086 1775 2120 εευπαλλάσσουσα,
1790 2086 1827 2117 ὡς
1840 2085 1867 2110 ἐν

1075 2135 1243 2172 κροσσωτοϊς
1264 2133 1376 2169 χρυσοῖς
1403 2132 1637 2168 περιϐεϐλημένη,
1650 2131 1866 2166 πεποικιλμένη.

1075 2181 1191 2218 πρόελθε
1216 2180 1338 2215 φαιδρῶς
1354 2178 1489 2214 γεγηθυῖα
1507 2179 1558 2214 τῆς
1572 2177 1746 2213 κυριοτόκου
1760 2176 1867 2211 Μαρίας

1074 2225 1171 2262 ἑορτὴν
1185 2223 1353 2261 ἑορτάζουσα
1366 2223 1400 2250 τὰ
1412 2222 1556 2258 ὲπικήδειά
1566 2230 1600 2249 τε
1615 2222 1663 2249 καὶ
1678 2222 1864 2258 διαθατήριατ

1077 2271 1235 2308 μεταϐαίνει
1259 2270 1314 2305 γὰρ
1337 2271 1370 2297 ὲκ
1389 2270 1444 2296 τῶν
1460 2268 1565 2295 ἐνθένδε
1588 2268 1636 2295 καὶ
1652 2269 1764 2303 ιγγίςει
1779 2268 1867 2304 δρισιν

1075 2318 1208 2348 αἰωνίοις,
1220 2316 1251 2344 τὺ
1266 2316 1329 2352 όρος
1345 2316 1429 2347 ὅντως
1438 2314 1470 2341 τδ
1486 2313 1566 2345 Σιὼν,
1582 2313 1597 2340 δ
1609 2314 1767 2349 ηὐδόκησεν
1779 2315 1795 2341 ό
1806 2312 1869 2343 θεὸς

1075 2365 1214 2392 κατοικεῖν
1227 2364 1256 2390 ὲν
1270 2361 1356 2396 αὐτῷ,
1370 2361 1408 2393 ὼς
1422 2362 1439 2396 ἡ
1452 2361 1499 2387 τοῦ
1512 2360 1659 2396 ψάλλοντος
1672 2360 1749 2396 λύρα
1758 2369 1766 2376 ·
1786 2363 1867 2394 σημε-

1077 2420 1123 2448 ρον
1134 2409 1280 2445 τοιγαροῦν
1293 2408 1308 2434 ό
1322 2407 1446 2442 ἐπίγειος
1460 2407 1574 2443 οὐρανὸς
1588 2407 1628 2442 τῷ
1641 2407 1691 2442 τῆς
1712 2407 1868 2442 ἀφθαρσίας

1077 2455 1242 2492 περιϐολαίῳ
1259 2454 1443 2488 ἑλισσόμενος,
1461 2453 1653 2487 ἐξαλλάττεται
1676 2453 1720 2483 είς
1737 2452 1867 2488 διαμονὴν

1076 2611 1121 2650 νὺξ
1132 2613 1270 2650 sexaginta
1287 2621 1344 2641 ave.
1358 2613 1464 2650 Incipit.
1481 2613 1834 2650 Aapnptbgnavqyupﬁ‘st
1852 2613 1867 2648 ἡ

1075 2647 1165 2678 κτίσις
1183 2648 1327 2683 τήμερον]
1346 2647 1482 2682 splendide
1499 2647 1578 2676 hodie
1596 2647 1800 2676 solemnitatem
1815 2647 1867 2681 agit

1074 2687 1165 2708 creata
1182 2682 1294 2718 natura.
1310 2682 1441 2718 Equidem
1461 2685 1505 2712 vix
1530 2684 1626 2711 dubito
1647 2683 1717 2718 quin
1736 2683 1866 2718 praedicta

1074 2718 1163 2753 gratio
1179 2716 1293 2753 Studitaa
1309 2716 1395 2746 nostri
1412 2719 1464 2751 sit;
1483 2720 1531 2747 sed
1547 2719 1611 2753 quia
1629 2716 1679 2746 sub
1698 2716 1867 2753 S,‘Joann_is

1074 2749 1233 2789 Damasceni
1249 2754 1359 2780 nomine
1374 2749 1532 2782 edidit-eam
1547 2749 1699 2788 Eequinius
1709 2751 1785 2789 Opp.
1802 2759 1821 2780 ι.
1834 2751 1864 2784 ll,

1074 2793 1100 2820 p.
1117 2786 1169 2815 849
1184 2794 1273 2822 seqq.,
1291 2795 1306 2815 a
1326 2796 1368 2816 me
1384 2789 1553 2823 praetermitti
1565 2786 1668 2817 debuit.
