1921 3073
55 175 106 209 72]

472 176 614 208 ORATIO
628 179 662 209 V.
676 191 709 196 -ο
728 179 768 209 ΙΝ
788 179 1059 210 DORMITIONEM
1078 180 1265 212 DEIPARIE.

1640 183 1695 216 722

53 232 106 267 τὴν
127 228 254 276 βελτίονά
274 237 306 256 τε
327 229 375 257 καὶ
389 230 573 265 μακραίωναι
590 231 711 267 σήμερον
731 232 749 268 ὴ
768 232 851 268 νοητὴ
866 242 874 265 Α

907 234 1100 262 cumamietum
1118 235 1286 263 transfertur
1298 236 1332 263 ad
1351 235 1493 265 meliorem
1506 226 1695 276 arternainque

51 277 103 321 Ικαὶ
131 272 316 312 θεοφώτιστος
340 276 441 312 σελήνη
459 276 499 312 τῷ
519 277 573 312 τῆς
590 277 766 314 δικαιοσύνης
785 278 854 314 ήλίῳ

55 324 297 356 ωνεισσάλλουσα,
322 323 446 351 ἐκλείπει
477 324 527 359 μὲν
548 323 597 351 τοῦ
617 324 669 358 τῆς
693 325 853 360 παραυτίκα

55 371 128 406 ζωῆς
149 369 334 406 προσκαίρου,
349 370 379 397 ὲν
393 369 418 396 τ’
426 369 503 405 αὐτῷ
517 369 546 397 δὲ
567 369 752 397 ἀνατέλλουσα
765 379 853 397 κατα-

56 417 249 453 λαμπρύνεται
265 416 306 452 τῷ
326 417 376 452 τῆς
397 416 551 449 ἀθανασίας
562 416 713 452 ἀξιώματι“
732 417 853 453 σήμερον

55 465 72 497 ή
87 463 288 499 χρυσότευκτος
310 462 359 490 καὶ
380 462 650 495 θεοκατασκεύαστος
664 463 782 495 κιϐωτὸς
801 463 850 490 τοῦ

56 511 228 546 ἀγιάσματος
255 510 289 537 ἔκ
317 510 372 537 τῶν
399 509 562 545 ἐπιχθονίων
585 509 775 546 σκηνωμάτων
794 509 850 536 ἀπ-

56 557 170 593 αίρουσα
193 556 263 593 πρὸς
283 556 334 593 τὴν
362 557 419 584 ἄνω
440 556 618 592 Ἰερουσαλὴμ
635 555 851 592 μετακομίζεται

56 606 96 636 εἰς
113 604 289 631 κατάπαυσιν
308 603 506 638 ἀτελεύτητον
523 603 571 630 καὶ
583 603 598 629 ὸ
613 602 758 638 θεοπάτωρ
770 601 852 629 Δαυῒδ

55 648 100 678 οἷὰ
124 659 169 682 τις
207 649 359 686 κιθαρίζων
395 650 490 677 ὲκεῐνα
523 650 590 685 ἡμῖν
627 648 755 684 μελῳδῶν
786 649 852 676 ἀνα-

903 280 1088 308 mausionem.
1112 281 1201 308 Hodie
1226 282 1360 316 spiritalis
1380 289 1464 318 atque
1488 291 1503 311 a
1521 284 1576 312 Deo
1596 286 1695 313 illumi-

902 330 967 353 nata
984 326 1050 354 luna
1070 327 1098 354 in
1114 327 1229 362 iustitiae
1243 328 1336 356 Solem
1354 328 1512 362 incurrens,
1525 330 1617 359 deﬁcit
1629 333 1694 367 qui-

901 372 963 399 dem
981 380 996 400 a
1008 374 1138 408 praesenti
1160 375 1303 409 temporali
1319 375 1388 408 vita,
1410 376 1549 411 simulque
1565 377 1694 405 exoriens

902 419 1121 447 immortalitatis
1137 421 1270 456 dignitate
1282 421 1447 449 illustratur.
1463 421 1552 450 Hodie
1568 423 1694 451 inaurata

903 469 930 492 et
944 465 1078 493 divinitus
1097 465 1233 494 fabricata
1260 468 1417 496 sanctitatis
1442 476 1505 496 arca
1522 469 1556 497 de
1577 471 1694 498 terrenis

904 511 1089 540 tabernaculis
1101 513 1134 539 ad
1149 521 1298 548 supernam
1306 513 1463 542 Jerusalem
1475 516 1652 551 commigrat,
1665 517 1693 544 in

903 557 1027 592 requiem
1046 557 1100 586 ﬁne
1114 563 1270 593 carentem;
1284 559 1311 587 id
1325 561 1399 595 quod
1416 561 1495 589 nobis
1509 566 1536 589 et
1551 562 1694 597 theopater

904 601 1002 633 David,
1018 603 1126 631 cithara
1143 604 1228 631 veluti
1253 612 1356 632 canens
1370 605 1409 633 ait
1423 626 1430 634 .
1446 606 1620 633 Adducentur
1638 607 1694 643 regi

904 647 1018 683 virgines
1028 648 1070 683 “;
1083 649 1110 676 id
1125 654 1167 677 est
1178 650 1288 683 animae,
1302 655 1364 686 post
1375 651 1450 679 illam
1465 652 1512 679 tibi
1525 653 1683 681 aﬂ‘erentur.

57 695 206 730 φθέγγεται
219 702 227 710 ·
257 694 538 729 Ἀπενεχθήσονται,
556 693 651 730 φησιν,
677 692 719 726 τῷ
738 691 867 726 ,ϐασιλεῖ
893 693 1055 727 παρθένοι·
1088 694 1190 730 δηλαδή
1219 695 1316 732 ψυχαὶ,
1343 696 1433 725 ὀπίσω
1456 697 1543 734 αὐτῆς
1577 699 1695 734 ἀπενεχ-

57 742 188 777 θήσο-ηαί
207 750 261 768 σοι.

92 787 127 824 β’.
140 787 200 815 Νῦν
212 787 262 815 οῦν
275 787 423 823 αἰσθητοὺς
437 787 594 823 ὀφθαλμοὺς
605 788 622 823 ἡ
636 786 768 818 Θεοτόκος
780 793 850 820 συμ-

57 834 182 869 μῠσασα,
194 833 258 865 τοὺς
271 834 386 870 νοητοὺς
398 834 466 869 ἡμῖν
483 833 522 865 ὡς
539 833 685 869 λαμπροὺς
699 833 747 860 καὶ
762 831 850 868 μεγά-

55 880 119 911 λους
135 879 244 915 ἀνίσχει
260 880 420 915 φωστῆρας,
437 880 522 915 μήπω
535 878 753 911 καταδύσαντας,
768 879 808 910 είς
820 877 851 905 τὸ

939 785 966 812 2.
988 785 1066 814 Nunc
1088 794 1155 823 ergo
1178 789 1338 818 materiales
1365 789 1460 818 oculos
1477 789 1590 825 Deipara
1617 791 1694 818 clau-

903 829 984 864 dens,
1002 831 1138 866 spiritalia
1154 832 1233 861 nobis
1249 837 1277 861 et
1299 842 1398 869 magna
1415 834 1516 861 attollit
1535 835 1693 867 luminaria,

904 884 1045 912 nunquam
1065 886 1210 912 occasura,
1236 884 1300 907 ante
1324 880 1430 908 scilicet
1450 886 1628 915 conspectum
1646 880 1694 908 Dei

55 927 206 962 γρηγορεῖν
232 934 264 952 τε
291 926 339 953 καὶ
366 925 558 958 ἐξιλάσκεσθαι
585 924 624 960 τῷ
640 924 780 973 προσιὶιπῳ
802 923 874 973 τοῦ1

907 930 953 957 pro
980 924 1076 951 mundi
1100 925 1186 952 tutela
1211 926 1404 961 pervigilantia
1425 935 1432 954 :
1450 934 1524 954 nunc
1550 935 1612 954 cum
1642 935 1695 954 vox

55 972 125 998 θεοῦ
149 972 222 1007 ὑπὲρ
244 972 293 1006 τῆς
312 971 360 998 τοῦ
382 971 485 1007 κόσμου
504 970 675 1006 ἀντιλήψεως
686 979 694 986 ο
709 969 757 997 νῦν
773 971 803 997 ὲν
815 971 849 1006 τῇ

55 1017 183 1054 ὲνάρθρῳ
205 1018 281 1053 φωνῇ
304 1017 340 1044 τὰ
362 1016 507 1053 θεοκίνητα
525 1017 603 1053 χείλη
622 1017 849 1052 ὑποσιωπήσασα,

54 1063 181 1091 ἁείλαλον
192 1063 278 1098 αὐτῆς
290 1063 321 1089 τὸ
332 1063 529 1099 πρεσϐευτικδν
544 1063 615 1099 ὑπὲρ
628 1062 677 1090 τοῦ
689 1063 792 1094 παντὸς
805 1063 852 1097 γέ-

56 1117 119 1140 νους
134 1108 272 1143 ὲξανοίγει
285 1108 372 1144 στόμα
383 1116 391 1124 ·
410 1108 459 1136 νῦν
480 1109 531 1141 τὰς
551 1109 713 1144 σωματικὰς
729 1109 778 1136 καὶ
792 1109 852 1136 θεο-

54 1155 158 1191 φόρους
190 1154 322 1190 παλάμας
350 1155 548 1189 ὑποστείλασα,
573 1156 737 1191 ἀειρομένας
766 1155 851 1188 αὑτὰς

54 1201 273 1236 ἀφθαρτισθεῖσα
286 1201 356 1237 πρὸς
368 1201 415 1228 τὸν
428 1201 569 1238 Δεσπότην
583 1202 655 1238 ὑπὲρ
666 1202 715 1237 τῆς
726 1202 852 1237 οἰκουμέ-

54 1257 105 1283 νης
121 1248 234 1283 ἀπάσης
247 1248 428 1284 παρίστησιν
444 1248 508 1284 ἄρτι
522 1249 568 1276 τὸν
582 1249 700 1285 ἡλιοειδῆ
714 1249 761 1276 καὶ
774 1257 853 1284 φυσι-

55 1295 104 1321 κὸν
117 1295 284 1331 χαρακτῆρα
301 1294 502 1331 ἀποκρύψασα,
512 1295 715 1330 ἀκτινολαμπετ
725 1297 757 1331 τῇ
772 1303 851 1322 σκια-

55 1341 183 1376 γραφικῇ
206 1341 294 1376 αὐτῆς
308 1341 404 1376 εικόνι,
418 1341 465 1368 καὶ
476 1341 640 1378 προστίθησι
651 1343 710 1373 τοῖς
723 1342 798 1374 λαοῖς
811 1342 852 1372 είς

55 1384 208 1420 ἀσπασμὸν
223 1384 399 1420 εὐεργετικὸν
415 1386 544 1421 σχετικῆς
565 1387 788 1422 προσκυνήσεως,
801 1386 852 1414 κᾶν

57 1429 95 1465 μὴ
102 1429 477 1467 βούλωπαιοὶαίρετίζοντες
487 1431 641 1468 (6-7)’ἀνω
659 1431 692 1468 δὴ
707 1431 852 1459 ἀναπτᾶσα

56 1476 73 1511 ἡ
85 1476 228 1510 πάναγνος
243 1477 406 1513 περιστερὰ,
417 1477 453 1505 τὰ
465 1478 541 1506 κάτω
558 1477 705 1513 φυλάττειν
719 1480 750 1506 οὐ
766 1479 853 1506 παύε-

56 1530 123 1549 ται·
155 1521 205 1550 τοῦ
231 1522 359 1558 σώματος
383 1523 546 1558 ἐξελθοῦσα,
571 1524 612 1560 τῷ
639 1524 776 1561 πνεύματι
803 1526 853 1553 σὺν

55 1569 125 1603 ἡμῖν
147 1569 241 1595 ἐστιν·
265 1569 307 1601 είς
325 1569 457 1606 οὐρανοὺς
472 1570 641 1607 είσαχθείσα,
664 1570 852 1607 ἔξοστρακίξει

904 969 1048 997 articulata
1071 970 1098 997 in
1116 970 1177 1005 ejus
1199 971 1349 1000 Commolis
1370 980 1385 999 a
1402 972 1458 1000 Deo
1474 972 1554 1000 labiis
1569 973 1641 1004 silet,
1661 973 1696 1000 ad

904 1022 1036 1044 aeternam
1066 1017 1202 1053 loquelam
1235 1019 1351 1054 supplex
1381 1027 1461 1047 suutn
1488 1026 1540 1055 pro
1565 1020 1694 1046 universo

904 1062 1048 1090 hominum
1076 1072 1176 1099 genere
1203 1072 1235 1092 os
1259 1065 1411 1100 adaperit:
1436 1072 1511 1092 tntnc
1536 1064 1695 1100 corporales

904 1117 980 1143 suas,
997 1118 1059 1145 quae
1073 1109 1158 1138 Deum
1179 1116 1320 1146 gestavere
1333 1119 1431 1138 manus
1445 1111 1603 1144 demittens,
1623 1110 1695 1138 facta

904 1154 1080 1188 immortalis.
1097 1156 1130 1184 ad
1149 1156 1297 1184 Dominum
1319 1164 1370 1192 pro
1387 1156 1482 1184 mundi
1503 1157 1592 1184 salute
1614 1156 1696 1183 attol-

905 1201 937 1229 lit
953 1211 960 1230 :
977 1209 1050 1229 nunc
1074 1202 1126 1229 soli
1152 1210 1246 1238 parem
1272 1202 1439 1231 subtrahens
1461 1204 1613 1231 naturalem
1637 1202 1695 1229 for-

905 1256 989 1278 tnam,
1013 1248 1138 1284 splendet
1162 1253 1254 1277 tamen
1278 1250 1305 1277 in
1325 1250 1397 1285 picta
1417 1250 1497 1278 icone
1526 1257 1587 1280 sua.
1613 1257 1695 1284 quant

906 1293 1015 1328 populis
1030 1293 1063 1320 ad
1081 1301 1210 1329 congrum
1225 1295 1412 1323 venerationis
1432 1294 1582 1323 salutarem
1599 1299 1697 1321 conta-

906 1344 980 1366 ctum
994 1339 1121 1374 exliibet;
1136 1339 1245 1368 etiamsi
1264 1340 1290 1368 id
1306 1340 1422 1368 minime
1436 1340 1538 1368 vellent
1552 1339 1673 1367 haeretici
1688 1348 1694 1366 :

906 1389 933 1413 et
949 1393 1012 1412 cum
1031 1385 1058 1413 in
1075 1393 1174 1420 supera
1190 1386 1341 1414 evolaverit
1363 1386 1491 1414 columba
1508 1385 1697 1418 sanctissima,

906 1432 1039 1459 inferiora
1071 1432 1130 1460 haec
1161 1437 1305 1467 protegere
1336 1440 1392 1460 non
1420 1432 1523 1460 desinit
1551 1441 1558 1459 :
1582 1439 1698 1466 corpore

906 1485 1029 1513 egressa,
1046 1478 1145 1514 spiritu
1167 1478 1310 1507 nobiscum
1328 1483 1370 1506 est
1385 1487 1393 1506 :
1410 1479 1480 1507 coelo
1494 1479 1579 1510 illata,
1594 1478 1698 1506 daemo-

906 1531 956 1551 nes
980 1523 1058 1559 fugat
1085 1523 1156 1552 facta
1181 1524 1252 1559 apud
1275 1524 1423 1552 Dominum
1449 1524 1606 1552 mediatrix.
1627 1524 1698 1551 Olim

906 1568 1018 1604 quidem
1043 1576 1092 1604 per
1117 1570 1332 1604 progenitricem
1358 1569 1444 1597 Evam
1471 1578 1546 1597 mors
1573 1570 1699 1605 ingressa

56 1614 123 1646 τοὺς
148 1614 281 1650 δαίμονας
304 1615 484 1652 μεσιτεύουσα
498 1616 534 1644 τὰ
549 1616 617 1653 πρὸς
635 1616 748 1653 Κύριον.
764 1617 853 1644 Πάλαι
868 1622 874 1648 4

909 1615 1041 1643 tnuudum
1066 1615 1183 1650 imperio
1202 1616 1363 1651 premebat;
1382 1624 1457 1644 nunc
1482 1621 1574 1644 tamen
1590 1617 1698 1644 beatam

58 1660 111 1694 μὲν
132 1659 180 1687 διὰ
207 1660 257 1696 τῆς
281 1662 457 1698 προμήτορος
470 1661 544 1695 Εὔας
563 1662 578 1689 6
594 1663 710 1695 θάνατος
723 1663 854 1691 εἰσελθὼν

58 1706 299 1742 ὲκοσμοκράτησε.
315 1707 364 1734 νῦν
384 1707 414 1735 δὲ
433 1708 467 1744 τῇ
491 1709 616 1745 μακαρίᾳ
633 1708 751 1745 θυγατρὶ
768 1709 856 1744 αὐτῆς

59 1751 197 1787 ὁμιλήσας
219 1752 450 1787 ἀποκέκρουσται,
463 1754 570 1782 ἐκεῖθεν
593 1755 778 1791 ἐκνικώμενος
793 1755 855 1782 ὅθεν

60 1795 90 1822 τὸ
110 1796 215 1832 κράτος
234 1796 404 1830 εἰσεδέξατο·
422 1799 598 1834 ἀγαλλιᾶσθω
610 1799 702 1826 τοίνυν
714 1800 745 1827 τὸ
759 1808 856 1835 γυναι-

60 1843 135 1868 κεῖον
157 1842 238 1877 γένος
265 1844 324 1870 ἀντ’
336 1843 454 1877 ὀνείδους
474 1844 554 1879 δόξαν
576 1846 854 1882 κατακληρούμενον·

58 1888 251 1922 εὐφραινέσθω
267 1889 284 1924 ή
305 1888 364 1916 Elia
375 1898 383 1905 '
399 1890 493 1918 οὐκέτι
511 1891 567 1927 γὰρ
583 1892 722 1926 ἐπάρατος
732 1891 858 1927 εὐλογίας

61 1933 141 1967 γὰνον
148 1933 200 1970 τήν
211 1935 323 1970 Μαρίαν
334 1936 531 1971 περιφέρουσα⁸
546 1937 685 1973 σκιρτᾶτω
697 1938 713 1973 ἡ
725 1937 859 1974 σύμπασα

61 1979 164 2013 κτίσις,
179 1979 217 2007 τὰ
234 1980 286 2016 τῆς
300 1981 458 2017 ἀφθαρσίας
472 1982 582 2018 νάματα
600 1983 741 2019 μυστικῶς
756 1984 789 2011 ὲκ
807 1984 858 2019 τῆς

61 2026 236 2062 παρθενικῆς
253 2027 347 2062 πηγῆς
362 2027 514 2064 ἀρυομένη,
535 2028 584 2056 καὶ
601 2028 650 2056 τοῦ
667 2028 858 2066 θανατηφόρου

60 2072 157 2108 δίψους
173 2072 372 2100 ἀποπαύουσα·
395 2073 511 2101 τοιαῦτα
535 2075 602 2110 ήμῖν
620 2074 657 2101 τὰ
672 2075 858 2111 ἑορταζόμενα

60 2118 203 2154 σήμερον·
222 2118 375 2154 τηλικαῦτα
403 2119 439 2146 τὰ
466 2120 699 2156 ὕμνολογούμενα,
718 2121 737 2150 ἃ.
752 2123 819 2157 ἡμῖν
840 2122 858 2158 ἡ

60 2162 254 2199 Χριστοανθὴς
266 2163 331 2200 ῥίζα
343 2164 391 2192 τοῦ
412 2165 522 2199 Ἰεσσαὶ,
533 2167 550 2202 ὴ
573 2166 748 2202 ἱερόσλαστος
761 2167 859 2203 ῥάϐδος

59 2210 109 2236 τοῦ
127 2209 248 2246 ’Δαρὼν,
262 2210 277 2237 ό
291 2211 388 2246 νοητὸς
401 2211 568 2247 παράδεισος
590 2212 638 2240 τοῦ
651 2214 701 2248 τῆς
716 2212 790 2249 ζωῆς
806 2214 860 2247 ξύ-

59 2255 121 2289 λου,
134 2256 148 2283 6
159 2256 283 2292 ἔμψυχος
294 2257 397 2292 λειμὼν
410 2257 465 2284 τῶν
479 2258 651 2294 παρθενικῶν
661 2260 827 2295 ἀρωμάτων,
841 2261 858 2297 ή

60 2301 238 2337 κυπρίζουσα
249 2301 454 2339 θεογεώργητος
466 2303 589 2339 ἄμπελος
601 2304 649 2331 τοῦ
663 2305 795 2341 πεπείρου
811 2306 859 2333 καὶ.

62 2345 238 2380 ζωοσταγοῦς
248 2346 373 2382 βότρυος,
386 2349 400 2374 ὁ
412 2347 513 2384 ὑψηλὸς
527 2349 575 2376 καὶ
588 2349 746 2385 ἐπηρμένος
754 2352 859 2386 Χερου-

62 2391 142 2424 Sub;
157 2392 254 2428 θρόνος
276 2392 325 2420 τοῦ
342 2393 549 2427 παμϐασιλέως,
562 2395 578 2422 ὁ
598 2395 706 2432 πλήρης
718 2394 795 2429 οἶκος
808 2397 859 2432 τῆς

61 2437 143 2472 δόξης
157 2438 274 2473 Κυρίου,
289 2438 377 2465 τὸτοῦ
392 2439 510 2475 Χριστοῦ
526 2440 605 2474 ἅγιον
620 2442 831 2477 καταπέτασμα,
844 2443 860 2470 ὁ

62 2483 113 2519 τῆς
125 2484 273 2520 ’Δνατολῆς
285 2485 462 2520 φαεινότατος
470 2487 730 2523 τόπος,κοιμηθείσα
741 2489 771 2515 ὲν
781 2489 859 2524 εἰρή-

60 2538 96 2565 νῃ
112 2530 160 2557 καὶ
171 2529 334 2567 δικαιοσύνῃ
348 2532 491 2568 χαρίζεται
501 2541 508 2547 ·
519 2533 694 2568 κοιμηθεῖσα,
704 2535 788 2570 φημὶ,
800 2534 859 2562 ἀλλ’

60 2575 113 2602 οὐκ
136 2575 332 2603 ἀποθανοῦσα·
356 2578 526 2612 μεταστᾶσα,
547 2579 605 2606 ἀλλ’
620 2579 651 2606 οὑ
672 2580 860 2608 καταλιποῦσα

62 2622 303 2658 ὑπερασπίζισθαι
313 2624 361 2652 τοῦ
370 2626 467 2659 γένους
475 2634 483 2642 ⁸
497 2626 566 2662 ποίῳ
581 2627 671 2655 τοίνυν
684 2627 757 2664 λόγῳ
767 2637 858 2664 παρα-

63 2669 202 2705 στήσομὶν
216 2678 265 2696 σου
282 2672 443 2707 μυστήριον,
457 2673 616 2709 ἀποροῦμεν
632 2674 769 2710 ἐννοῆσαι,
781 2675 859 2702 ἀσθε-

61 2714 166 2750 νοῦμεν
191 2716 342 2753 ἐκφράσαι,
363 2717 524 2754 ίλιγγιῶμεν
541 2719 700 2756 διαγράψαι.
718 2721 760 2748 ὅτι
782 2721 859 2755 ξένον

62 2760 113 2786 καὶ
136 2760 240 2797 ὑψηλὸν
263 2762 313 2789 καὶ
334 2763 490 2799 ἐπηρμένον
509 2764 641 2797 διανοίαις
660 2766 801 2799 ἀπάσαις·
827 2767 859 2794 οὐ

100 2819 124 2835 ’³
135 2819 207 2848 Psal.
221 2828 286 2854 va,
301 2820 346 2848 15.

908 1661 983 1689 illius
1001 1661 1085 1689 ﬁliam
1106 1669 1249 1698 aggressa,
1270 1662 1384 1698 depulsa
1404 1667 1456 1696 est;
1477 1662 1597 1689 indidem
1615 1663 1698 1695 victa,

907 1706 981 1734 unde
1008 1707 1074 1734 olim
1093 1707 1247 1743 potentiam
1276 1712 1443 1742 sumpserat.
1471 1707 1589 1735 Laetetur
1616 1707 1700 1742 igitur

907 1753 1056 1781 femineum
1069 1761 1167 1789 genus.
1189 1761 1239 1788 pro
1257 1753 1409 1788 ignominia
1427 1753 1543 1788 gloriam
1559 1753 1698 1781 sortitum.

907 1799 1033 1828 Gaudeat
1050 1799 1117 1833 Eva,
1133 1808 1195 1835 qua:
1214 1799 1271 1835 jam
1291 1799 1421 1835 deinceps
1446 1807 1500 1826 non
1520 1803 1563 1826 est
1585 1798 1701 1826 maledi-

907 1845 991 1877 dicta,
1021 1850 1166 1880 postquam
1198 1844 1400 1872 benedictionis
1430 1843 1554 1872 sobolem
1585 1843 1699 1869 Mariam

908 1889 1034 1925 protulit.
1055 1889 1180 1917 Exsultet
1199 1894 1326 1916 creatura
1344 1888 1486 1921 universa,
1502 1895 1563 1922 quae
1584 1887 1700 1914 immur-

907 1936 1023 1964 talitatis
1044 1935 1145 1964 ﬂuenta
1165 1944 1197 1963 ex
1219 1935 1343 1971 virgineo
1361 1935 1437 1962 l’onte
1457 1935 1575 1970 mystice
1595 1934 1698 1967 haurit.

908 1983 1010 2018 quibus
1024 1991 1040 2010 a
1058 1981 1202 2010 mortifera
1227 1982 1273 2010 siti
1292 1981 1435 2009 liberatur.
1458 1981 1521 2009 Ηωο
1541 1987 1635 2008 nostra
1658 1985 1701 2008 est

908 2029 1042 2056 hodierna
1070 2028 1253 2055 solemnitas:
1271 2027 1329 2055 liazc
1354 2031 1397 2054 est
1416 2026 1593 2063 hyninologia
1619 2034 1700 2062 quam

909 2075 990 2103 nobis
1004 2074 1163 2109 suppeditat
1178 2072 1264 2101 Iussa:
1279 2073 1357 2101 radix
1371 2080 1434 2108 quae
1449 2072 1544 2100 florem
1560 2071 1701 2100 Christum

909 2121 1017 2153 extulit,
1043 2127 1122 2148 sacra
1136 2119 1254 2146 Aaronis
1277 2119 1351 2154 virga
1378 2119 1568 2151 frondescens,
1594 2119 1702 2146 intelle-

909 2166 1008 2195 ctualis
1022 2165 1167 2201 paradisus
1179 2164 1225 2192 ubi
1242 2164 1303 2192 vitae
1318 2164 1435 2200 lignum,
1453 2164 1577 2200 spiritale
1591 2170 1701 2200 pratum

909 2212 1086 2248 virginalium
1112 2216 1277 2244 aromatum,
1305 2210 1404 2239 ﬂorida
1428 2215 1456 2239 et
1477 2219 1492 2238 a
1512 2210 1568 2238 Deo
1593 2211 1703 2238 exculta

910 2259 974 2287 vitis
991 2258 1093 2286 maturi
1108 2257 1219 2293 vitaque
1238 2257 1377 2285 manantis
1397 2257 1499 2285 raccmi
1518 2266 1525 2284 :
1541 2257 1632 2285 celsus
1647 2257 1702 2284 ele-

911 2310 1047 2340 vatusque
1061 2305 1177 2332 thronus
1190 2303 1361 2332 Cherubicus
1377 2303 1450 2339 regis
1463 2303 1639 2334 universalis,
1653 2303 1703 2330 do-

912 2359 974 2379 mus
987 2351 1074 2387 gloria
1087 2350 1193 2377 Domini
1207 2350 1298 2385 plena,
1310 2353 1436 2377 sanctum
1447 2348 1550 2377 Christi
1564 2349 1701 2382 velamen,

911 2396 1084 2424 lucidissima
1095 2395 1216 2424 Orientis
1224 2395 1310 2430 regio,
1318 2403 1380 2430 quae
1392 2395 1419 2422 in
1430 2402 1497 2431 pace
1506 2402 1538 2423 ac
1545 2395 1651 2431 justitia
1658 2395 1705 2422 ob-

912 2441 1078 2473 dormivisti,
1091 2440 1425 2475 obdormivisti,inquam,
1434 2440 1528 2476 potius
1536 2449 1619 2476 quam
1634 2441 1704 2469 obii-

912 2487 946 2516 sti
959 2495 967 2514 :
981 2487 1113 2515 translata
1125 2494 1166 2518 es,
1179 2493 1268 2521 neque
1279 2490 1371 2514 tamen
1382 2486 1533 2513 humanum
1547 2494 1632 2521 genus
1643 2494 1705 2522 pro.

913 2538 1005 2569 tegere
1017 2533 1134 2561 desinis.
1149 2532 1320 2566 Quibusnam
1337 2532 1431 2568 itaque
1441 2532 1533 2560 verbis
1543 2533 1703 2567 mysterium

913 2585 992 2608 tuum
1013 2579 1204 2614 explanemus,
1230 2582 1323 2606 mente
1340 2579 1518 2614 ambigimus,
1545 2578 1639 2613 lingua
1659 2579 1703 2606 iu-

912 2626 991 2654 ﬁrma
1005 2634 1060 2654 non
1076 2625 1225 2660 eloquitur,
1242 2624 1363 2652 scribere
1376 2624 1538 2656 titubamus,
1553 2625 1618 2658 quia
1627 2632 1704 2658 perc-

911 2675 1020 2710 grinum
1034 2673 1230 2709 excelsumque
1245 2677 1298 2706 est,
1310 2676 1394 2707 atque
1406 2678 1503 2700 omnes
1519 2670 1704 2706 cogitationes
1730 2708 1736 2712 ‘

912 2720 1092 2748 transcendit.
1116 2719 1211 2754 Neque
1237 2719 1312 2746 enim
1338 2718 1406 2745 illud
1427 2724 1576 2745 commune
1601 2716 1704 2751 aliquid

912 2766 995 2794 habet
1008 2770 1057 2794 aut
1071 2766 1302 2802 comparativum,
1319 2769 1349 2793 ut
1362 2763 1442 2793 facile
1453 2771 1488 2792 ex
1498 2763 1582 2792 rebus
1598 2762 1704 2791 nostris

104 2879 177 2915 (6-7)
196 2879 327 2914 lntelligit
341 2880 537 2910 lconomachos
556 2880 671 2910 Mariani
685 2881 780 2918 Icultus
796 2882 998 2911 iuleusissituos
1014 2882 1117 2911 hostes.
