1921 3073
222 169 276 202 723

806 171 837 202 S.
859 171 1057 203 THEODORI
1090 173 1265 204 STUDITIE

1799 174 1845 207 724

221 223 485 252 demonstrationem
507 224 582 254 illius
603 224 754 259 faciamus;
770 226 817 253 sed
842 233 876 253 ex
898 226 932 253 iis
954 234 1016 261 qua:

1074 226 1120 263 [ἀρ
1132 227 1170 260 ὡς
1182 227 1229 254 ἐπὶ
1246 226 1300 254 τῶν
1314 226 1403 254 ἄλλων
1415 226 1540 255 κοινωνεῖ
1552 226 1601 254 καὶ
1618 226 1795 262 συμφέρεται,
1808 227 1846 255 ίνα

222 278 306 306 supra
326 278 377 298 nos
393 275 469 303 sunt,
488 271 588 299 decora
604 276 650 299 tua
667 272 710 307 pie
726 272 1013 307 comprehendentes;

223 317 270 344 uni
287 317 335 344 tibi
353 325 416 352 quae
439 319 582 352 superiora
606 318 711 345 homini
737 322 802 345 sunt
823 319 1014 346 concedimus.

223 362 380 391 lmmutasti
413 363 497 399 igitur
526 369 653 391 naturam
682 364 813 391 ineffabili
844 367 924 398 partu
956 368 1013 392 tuo.

224 409 408 442 Quandonam
429 410 503 437 enim
518 410 623 437 audivit
639 411 784 445 quisquam
801 409 936 445 virginem
955 410 1016 438 sine

225 455 330 483 semine
355 456 577 491 concipientem?
591 456 614 484 0
633 464 689 484 rem
711 456 827 484 miram!
848 464 911 491 qua:
929 460 1016 484 mater

225 506 267 529 est
281 502 400 537 pariens.
419 509 479 529 eam
494 502 570 530 vides
583 502 718 536 virginem
734 501 934 536 incorruptam,
951 502 1016 536 quia

226 548 332 576 scilicet
353 548 426 583 quod
451 548 628 583 pariebatur,
656 547 726 575 Deus
751 553 821 576 erat.
846 546 904 575 Hoc
929 555 1015 575 unum

226 593 319 628 itaque
339 594 421 621 etiam
441 595 469 622 in
484 594 561 622 vitali
576 594 753 626 dormitione,
779 601 795 621 ιι
815 594 922 621 caeteris
939 593 1016 621 ditfe‘

226 647 301 672 rens,
322 640 420 668 merito
432 641 490 668 sola
511 640 606 673 babes,
623 641 769 675 utriusque
784 639 865 668 simul
884 639 1016 675 (corporis

226 690 253 713 et
269 685 380 721 animae)
398 686 623 721 incorruptelam.

262 773 290 801 5.
312 772 366 801 Sed
378 773 434 808 iam
453 774 533 802 nobis
550 773 616 801 Sion
641 780 752 803 enarret
766 775 818 803 diei
843 776 917 804 illius
933 777 1016 805 mira-

228 818 305 846 bilia.
319 818 477 854 Completus
492 825 551 847 erat
564 821 626 848 vita:
640 822 790 855 terminus;
806 823 901 850 aderat
913 824 1018 851 resolu-

229 866 313 893 tionis
325 866 403 893 hora.
419 866 654 901 Przecognoverat,
675 872 705 895 ut
717 875 767 903 par
783 872 851 901 erat,
871 868 917 896 Dei
932 868 1018 896 Mater

229 911 405 939 sanctissima
426 913 614 940 translationis
634 921 690 940 sua:
710 913 840 941 stadium.
861 913 928 947 Quis
944 914 1017 941 enim
1033 901 1054 929 Β

229 956 282 983 hoc
298 957 386 984 multo
403 958 501 992 magis,
521 965 537 985 ο
549 957 737 991 Pliilochristi,
752 967 807 994 pra:
833 959 926 994 aliquo
950 967 1019 994 quo-

229 1001 295 1029 libet
304 1003 411 1031 servilis
422 1003 589 1031 conditionis
603 1009 674 1036 vate,
693 1004 769 1032 Matri
789 1004 837 1031 Dei
856 1009 883 1032 et
903 1005 1019 1040 principi

228 1047 424 1082 prophetarum
450 1056 503 1075 non
520 1049 670 1076 attribuat?
690 1049 839 1084 Postquam
857 1050 940 1085 igitur
963 1050 1020 1077 haec

229 1093 316 1120 sensit
336 1099 362 1121 et
378 1093 499 1128 agnovit,
517 1095 608 1130 qualia
631 1095 717 1129 ipsam
740 1095 811 1122 elata
835 1103 901 1123 voce
916 1096 1019 1124 dixisse

229 1139 300 1166 ratio
314 1139 395 1168 nobis
412 1141 530 1168 suadet?
542 1140 633 1173 Venit,
650 1141 751 1176 inquit.
769 1141 860 1168 exitus
871 1142 922 1168 mei
938 1141 996 1169 dies
1010 1151 1016 1168 :

230 1186 304 1212 renit
326 1190 432 1220 tempus
452 1194 519 1214 mea:
535 1186 569 1213 ad
584 1191 609 1214 te
634 1187 815 1215 transitionis.
833 1188 933 1215 Adsint
952 1187 1020 1214 milii

230 1231 279 1266 qui
304 1239 380 1259 meas
403 1232 549 1267 exsequias
576 1238 686 1266 curent,
716 1234 853 1261 Domine:
871 1234 1019 1266 assistant,

231 1276 314 1303 funus
332 1284 422 1304 meum
440 1277 562 1304 curaturi
587 1277 719 1311 ministri;
741 1281 768 1305 et
792 1278 818 1304 in
839 1285 938 1305 manus
959 1282 1021 1305 tuas

232 1323 358 1358 spiritum
381 1330 471 1350 meum
496 1323 706 1351 commendabo.
724 1322 850 1350 Manibus
869 1323 1021 1358 discipulo-

232 1376 293 1396 rum
306 1373 427 1401 tuorum,
442 1369 576 1396 intactum
590 1369 693 1404 Deique
706 1369 907 1404 receptaculum
922 1377 1022 1404 corpus

233 1423 336 1447 meum.
350 1422 383 1443 ex
402 1423 458 1451 quo
474 1420 503 1443 tu
520 1416 567 1451 qui
584 1423 614 1443 es
636 1415 695 1451 ipsa
710 1416 902 1443 immortalitas
918 1416 1021 1450 prodii-

233 1462 280 1496 sti,
294 1463 433 1490 eﬂ'eratur.
452 1463 549 1491 Adsint
568 1463 633 1490 mihi
650 1463 682 1490 ad
698 1463 826 1491 solatium
841 1463 888 1498 qui
911 1463 937 1490 in
955 1471 1022 1491 cun-

234 1510 285 1537 ctis
301 1514 380 1537 terra:
393 1509 492 1537 finibus
504 1509 620 1545 dispersi
641 1514 715 1542 sunt,
731 1517 871 1545 praecones
893 1517 925 1537 ac
941 1510 1023 1537 mini-

1065 272 1156 308 δῶμεν
1173 272 1327 308 προχείρως
1342 274 1376 299 ὲκ
1394 272 1450 299 τῶν
1464 272 1525 299 καθ’
1540 272 1616 307 ἡμᾶς
1631 271 1681 303 τὰς
1696 271 1845 305 ἀποδείξεις,

1065 318 1123 344 ἀλλ’
1150 319 1183 345 ἐκ
1212 318 1268 344 τῶν
1297 319 1368 354 ὖπὲρ
1395 319 1469 354 ἡμᾶς
1502 318 1536 345 τὰ
1564 318 1630 353 περὶ
1656 317 1704 344 σοῦ
1739 318 1846 350 εὖσεόῶς

1065 363 1298 398 διαλαμόάνοντες
1326 362 1550 399 παραχωροῦμέν
1577 372 1620 389 σοι
1644 363 1713 398 μόνῃ
1735 363 1770 390 τὰ
1784 363 1847 398 ὑπὲρ

1065 408 1228 444 ἄνθρωπονδ
1259 408 1405 444 διήλλαξας
1430 408 1569 444 τοιγάρτοι
1602 408 1651 444 τὴν
1681 408 1763 442 φύσιν
1786 409 1848 435 κατὰ

1065 455 1115 490 τὴν
1127 455 1247 490 ἇῤῥητον
1259 455 1387 490 γέννησιν
1398 461 1405 469 ·
1425 454 1479 481 ποῦ
1498 455 1554 490 γὰρ
1573 454 1645 488 ἔγνω
1666 463 1711 486 τις
1725 454 1848 489 παρθένον

1066 500 1195 536 ἀσπόρως
1221 500 1485 536 συλλαμϐάνουσανς
1507 501 1540 527 Ὢ
1552 500 1600 527 τοῦ
1629 499 1786 535 θαύματοςί
1805 499 1848 535 τὴν

1065 546 1105 578 ὼς
1118 547 1225 582 μητέρα
1236 546 1412 582 λοχεύουσαν,
1426 547 1478 582 ὁρᾷ
1492 546 1530 578 ὡς
1545 546 1665 581 ἄφθορον
1678 545 1849 580 παρθενεύου-

1067 601 1127 626 σαν,
1144 593 1239 628 ἐπειδὴ
1257 593 1324 626 Θεὸς
1341 591 1376 629 ἦν
1391 593 1421 620 τὸ
1433 593 1615 628 γεννώμενον.
1633 593 1721 620 Τοῦτο
1741 591 1787 620 οὖν
1807 593 1850 619 καὶ

1067 639 1115 666 ἐπὶ
1137 641 1171 674 τῇ
1197 639 1329 676 ζωοφόρῳ
1349 640 1489 675 κοιμήσει,
1505 639 1706 674 ἑξαλλὰττουσα
1726 639 1780 666 τῶν
1799 640 1848 665 λοι-

1067 685 1137 718 πῶν,
1168 686 1280 718 είκότως
1311 686 1380 722 μόνη
1412 686 1486 722 ἔχεις
1513 685 1561 713 τοῦ
1591 686 1796 722 συναμφοτέρου
1821 685 1849 711 τὸ

1068 732 1217 768 ἄφθαρτον.

1102 779 1138 813 γ’.
1161 778 1232 805 Ἀλλ’
1253 779 1270 814 ή
1292 778 1362 805 Σιὼν
1376 778 1442 814 ἡμῖν
1460 778 1621 814 ὰφηγείσθω
1640 778 1675 805 τὰ
1689 779 1740 813 τῆς
1753 778 1850 814 ἡμέρας

1067 825 1208 861 παράδοξα
1219 824 1276 861 (8)·
1296 825 1459 860 πεπλήρωτο
1472 825 1561 851 τοίνυν
1584 824 1614 851 τὺ
1629 824 1679 858 τῆς
1702 823 1774 859 ζωῆς
1795 825 1850 859 ὁρο-

1069 871 1159 898 θέσιον
1170 879 1177 886 ·
1196 871 1289 906 παρῆν
1307 871 1323 906 ἡ
1341 871 1390 906 τῆς
1409 871 1567 902 ἀναλύσεως
1585 870 1645 906 ὥρα
1657 879 1664 886 ·
1682 870 1806 905 προέγνω
1818 869 1852 899 ὡς

1069 913 1113 943 οἶα
1123 916 1191 943 Θεοῦ
1207 916 1326 951 μήτηρή
1345 916 1466 950 παναγία
1480 915 1511 942 τδ
1524 916 1573 950 τῆς
1589 915 1783 950 μεταστάσεως
1798 914 1852 941 στά-

1068 963 1137 990 διον·
1157 963 1239 989 πόσον
1255 962 1310 998 γὰρ
1324 962 1383 998 δοίη
1403 971 1444 993 τις
1463 962 1494 988 τὸ
1517 961 1621 996 μεῖζον,
1638 958 1660 988 ὧ
1682 961 1851 996 φιλόχριστοι,

1070 1009 1139 1045 πρὸς
1166 1009 1254 1036 πάντα
1280 1008 1325 1035 τὸν
1354 1007 1487 1039 δουλικῶς
1507 1007 1625 1042 ὁρῶντα,
1643 1009 1677 1042 τῇ
1697 1007 1788 1043 Μητρὶ
1810 1005 1852 1032 τοῦ

1069 1055 1138 1082 Θεοῦ
1153 1056 1199 1083 καὶ
1212 1054 1442 1091 ἀρχιπροφήτιδι;
1471 1053 1547 1080 Ἐπεί
1562 1053 1590 1080 δὲ
1603 1052 1689 1079 ταῦτα
1703 1053 1799 1088 ᾔσθετο
1812 1051 1853 1077 καὶ

1073 1101 1243 1137 μεμάθηκεν,
1259 1099 1303 1127 οἵα
1328 1101 1393 1135 ἡμῖν
1421 1101 1436 1126 ὁ
1459 1099 1538 1133 λόγος
1560 1099 1757 1126 ἀνακαλεῖσθαι
1779 1097 1853 1133 αὐτὴν

1071 1147 1216 1182 ὑποφαίνει
1227 1143 1423 1181 ςἯκενήμέρα
1435 1145 1486 1180 τῆς
1497 1144 1588 1178 ἐξόδου
1605 1154 1656 1179 μου
1667 1154 1674 1160 ·
1690 1142 1759 1180 ἧκεν
1772 1144 1786 1170 ὁ
1799 1143 1855 1178 χρό-

1071 1202 1116 1225 νος
1138 1193 1188 1227 τῆς
1203 1193 1270 1228 πρὸς
1286 1193 1316 1219 σὲ
1330 1192 1465 1227 ἐκδημίας
1481 1200 1531 1226 μου
1547 1199 1554 1206 ι
1575 1191 1758 1226 παρέστωσαν
1775 1199 1816 1225 μοι
1833 1189 1855 1215 ot

1055 1268 1058 1269 ν
1071 1239 1312 1275 λειτουργήσοντες
1333 1238 1367 1264 τὰ
1386 1238 1512 1272 ἐντάφια,
1529 1237 1653 1264 Δέσποτα
1664 1245 1670 1252 ·
1683 1235 1856 1270 ὲπισταίησαν

1072 1287 1096 1313 οἱ
1111 1287 1160 1321 τὴν
1183 1285 1294 1320 κηδείαν
1311 1284 1516 1315 συντελέσαντες
1533 1283 1654 1309 διάκονοι
1665 1291 1672 1297 ·
1697 1283 1747 1309 καὶ
1762 1283 1799 1313 εἰς
1813 1281 1857 1316 μὲν

1072 1333 1167 1368 χεῖράς
1188 1340 1235 1358 σου
1253 1330 1447 1366 παραθήσομαι
1464 1330 1494 1356 τὸ
1509 1329 1621 1363 Πνεῦμά
1642 1335 1708 1363 μου·
1726 1327 1857 1362 παλάμαις

1073 1379 1101 1404 δὲ
1115 1378 1169 1404 τῶν
1182 1376 1310 1412 μαθητῶν
1323 1384 1370 1402 σου
1384 1375 1414 1402 τὸ
1429 1375 1568 1410 ἄψαυστον
1581 1374 1629 1401 καὶ
1643 1373 1772 1409 Θεοδόχον
1786 1371 1858 1406 σῶμά

1075 1432 1137 1458 μου,
1155 1421 1185 1454 ἐξ
1198 1418 1284 1456 οὗπερ
1309 1421 1341 1446 σὺ
1363 1420 1380 1455 ἡ
1396 1419 1532 1447 ἀθανασία
1549 1418 1737 1449 ἀνατέταλκας
1755 1415 1858 1452 ἐκκομί-

1074 1468 1193 1495 σασθαι·
1223 1465 1444 1502 παραστήτωσάν
1468 1473 1513 1500 μοι
1542 1465 1566 1491 ol
1589 1465 1617 1491 ὲν
1633 1465 1689 1495 τοῖς
1704 1463 1804 1499 πέρασι
1824 1462 1859 1488 δι-

1075 1513 1244 1549 εσπαρμένοι
1266 1512 1334 1547 πρὸς
1360 1511 1531 1546 εὐφροσύνην
1556 1519 1617 1545 μου,
1636 1510 1660 1536 oi
1683 1510 1804 1544 κήρυκες
1818 1507 1860 1534 καὶ

233 1555 283 1582 stri
300 1555 438 1590 Evangelii
453 1555 502 1584 tui.
516 1556 593 1588 Quod
609 1556 632 1583 si
649 1555 756 1590 justum
771 1555 912 1584 Enoclmm
928 1555 1022 1582 viven-

1075 1558 1210 1594 ὑπηρέται
1236 1557 1283 1584 τοῦ
1309 1555 1478 1590 Εὐαγγελίου
1494 1564 1540 1582 σου
1555 1563 1562 1570 ·
1586 1555 1634 1582 καὶ
1654 1554 1678 1580 εί
1702 1554 1750 1580 τὸν
1765 1554 1860 1580 δίκαιον

235 1606 289 1628 tem
317 1601 407 1629 adhuc
437 1606 548 1636 propter
581 1609 659 1629 suam
691 1601 844 1629 bonitatem
878 1601 1021 1629 transferri

234 1647 360 1682 voluisti;
371 1651 399 1675 et
411 1647 661 1675 EliamTliesbitem
677 1647 755 1683 igneo
771 1655 854 1675 curru
869 1647 975 1675 sustolli
989 1654 1023 1674 ex

235 1693 288 1720 hac
315 1693 422 1728 cognita
449 1693 483 1720 ad
511 1693 618 1728 ignotas
640 1693 777 1728 regiones,
802 1693 899 1721 ambos
920 1693 1024 1721 Scilicet

236 1740 369 1767 tremendi
396 1740 435 1766 tui
461 1747 494 1767 ac
520 1739 733 1774 splendidissimi
759 1739 892 1768 adventus
917 1744 1023 1774 tempus

236 1791 448 1820 exspectantes:
467 1785 489 1812 si
511 1789 643 1820 praeterea
669 1785 828 1820 prophetam
851 1784 1024 1812 llabacucum

236 1840 269 1859 ex
295 1831 492 1866 Hierosolymis
522 1831 686 1866 Babylonem
717 1839 816 1866 usque,
844 1831 879 1858 ob
905 1830 1024 1859 Danielis

237 1877 439 1909 necessitatem,
455 1883 510 1903 uno
528 1876 659 1911 temporis
675 1881 814 1903 momento
829 1876 984 1907 transferri,
998 1880 1025 1903 et

237 1922 301 1951 inde
323 1921 424 1950 reverti
440 1921 602 1949 mirabiliter
618 1921 722 1954 fecisti;
741 1922 806 1956 quid
826 1921 874 1949 tibi
898 1922 1024 1956 impossi-

238 1969 291 1996 bile
305 1969 352 2001 sit,
368 1969 449 1996 modo
468 1968 555 1996 velis?
569 1967 620 1995 Vix
640 1968 699 1995 hac
715 1968 821 1995 dixerat
836 1968 1024 1996 laudatissima

239 2015 333 2050 Virgo,
347 2022 409 2042 curn
423 2014 567 2042 duodecim
579 2013 694 2049 apostoli
711 2018 939 2048 supervenerunt.
955 2014 1026 2041 alius

238 2061 348 2088 aliunde
369 2067 419 2087 ceu
433 2059 539 2087 nebulae
553 2060 605 2087 alis
620 2059 734 2095 spiritus
749 2059 782 2087 ad
802 2059 871 2087 lucis
897 2059 1025 2086 nebulam

238 2106 348 2142 (nempe
365 2113 426 2141 qua;
445 2105 532 2133 lucem
549 2104 654 2141 fulgore
678 2111 729 2132 suo
752 2105 928 2138 obscurabat)
943 2103 1025 2132 delati

238 2151 327 2179 donec
348 2151 404 2178 illic
426 2150 522 2186 pedem
545 2150 668 2185 figerent.
693 2149 765 2182 Quid
779 2157 846 2184 ergo
868 2150 936 2177 dixit
951 2150 1027 2185 virgo

239 2199 397 2234 tlieonyma,
420 2197 597 2232 polyonyma,
623 2196 833 2231 megalonyma?
847 2195 948 2224 Oculos
972 2196 1026 2223 cir-

238 2244 396 2273 cumferens
419 2244 453 2271 de
475 2250 526 2271 suo
550 2242 693 2274 recubitu,
723 2241 872 2276 vidensque
893 2242 1026 2277 expetitos
1043 2237 1064 2264 Ι)

238 2291 391 2326 discipulos
403 2299 409 2317 ε
421 2289 549 2322 laetetur,
562 2288 663 2324 inquit,
676 2288 769 2315 anima
785 2295 845 2315 mea
858 2288 884 2315 in
901 2288 1026 2320 Domino,

239 2338 330 2372 sitque
345 2336 390 2364 hic
402 2336 468 2363 mihi
481 2335 573 2371 gaudii
591 2334 698 2367 titulus,
716 2339 743 2362 et
756 2333 924 2362 laudationis
945 2340 1028 2369 atque

240 2381 431 2416 amplitudinis
447 2380 519 2415 apud
537 2387 634 2407 omnes
652 2384 732 2406 terrae
745 2380 872 2414 populos,
889 2378 953 2414 quia
966 2386 1028 2406 con-

240 2427 437 2464 gregavitmihi
450 2426 583 2454 Dominus
594 2425 721 2453 Ecclesim
731 2424 920 2458 fundamenta,
934 2425 1027 2452 mundi

241 2473 380 2509 principes
406 2472 552 2503 adunavit,
579 2471 719 2498 mirabiles
740 2470 844 2497 l'uncris
868 2470 920 2496 mei
948 2470 1028 2496 mini-

240 2522 323 2546 stros.
342 2516 365 2544 0
383 2516 486 2552 grande
505 2517 680 2550 portentuml
698 2523 715 2542 ο
728 2519 858 2542 materna:
873 2514 1028 2541 sanctiﬁca-

240 2564 325 2592 tionis
344 2563 431 2598 opus!
453 2570 469 2590 ο
490 2561 580 2590 ﬁlialis
603 2561 757 2588 dilectionis
783 2561 904 2587 donum!
923 2561 1028 2588 Coelum

240 2610 309 2638 milii
332 2613 404 2645 patet
421 2609 581 2644 hospitium,
598 2608 670 2643 quod
683 2607 778 2634 mundi
795 2606 943 2634 luminaria
963 2614 1028 2634 con-

241 2657 326 2687 tinet;
342 2656 472 2691 templum
495 2654 611 2686 Domini,
628 2653 740 2681 caeleste
756 2652 879 2685 lacunar,
897 2653 1029 2687 aperitur,

242 2703 321 2731 divos
341 2706 442 2737 mystas
466 2700 677 2734 sacerdmesque
693 2697 759 2725 mihi
781 2698 938 2726 ostendens.
952 2698 1030 2725 Haud

281 2790 320 2831 (8)
342 2789 380 2817 De
395 2789 519 2831 Deiparze
537 2785 626 2831 obitu,
642 2786 758 2831 Dj‘llSILIILe
773 2785 887 2831 locoLet
901 2784 1032 2831 apostlolis

245 2819 336 2860 ut‘pie
365 2819 569 2860 creditum_e_s_t_
594 2819 803 2860 assistentibus,
827 2825 914 2860 ρειιεη⁸
926 2819 1032 2860 prolixe

244 2855 605 2896 eruditequcn'l‘rombellius
629 2857 654 2896 in
675 2855 733 2896 Yila
756 2855 878 2896 ejusdem
898 2855 1029 2896 φθείροι-ιιι,

246 2868 405 2920 crudusque
429 2868 605 2887 Irotnuentus
629 2868 654 2883 Ill
678 2868 733 2896 vlta
756 2868 878 2896 cquaucul
899 2868 1029 2895 ιιςτψςιιιιι,

246 2900 315 2925 tom.
334 2894 343 2922 l
371 2916 378 2929 ,
396 2894 507 2924 dissert.
527 2893 569 2926 55,
593 2891 704 2927 prolatis
722 2891 803 2919 variis
820 2898 852 2918 ex
868 2893 1030 2925 antiquitate

1080 1604 1165 1639 Ἑνὼχ
1180 1604 1220 1630 ἑτι
1234 1603 1324 1635 ζῶντα
1354 1601 1521 1638 μεταθέσθαι
1533 1601 1579 1628 διὰ
1593 1601 1624 1627 τδ
1636 1599 1769 1635 χρειῶδες
1790 1597 1862 1633 ηὐδό-

1073 1660 1177 1687 κησας·
1194 1650 1240 1677 τόν
1256 1658 1287 1677 τε
1309 1649 1445 1684 Θεσόίτην
1468 1648 1562 1675 Ἠλίαν
1578 1647 1740 1684 ίὲπαρθῆναι
1764 1645 1861 1681 πυρίνῳ

1074 1696 1177 1732 ἅρματι
1193 1697 1225 1723 ὲκ
1236 1695 1282 1722 τοῦ
1293 1694 1432 1730 ἐμφανοῦς
1446 1693 1515 1728 πρὸς
1528 1693 1643 1727 ἀδήλους
1658 1692 1765 1727 χώρας,
1779 1692 1861 1726 ἀμφο-

1073 1742 1170 1776 τέρους
1185 1741 1230 1768 τὸν
1246 1741 1298 1776 τῆς
1315 1740 1432 1776 φρικτῆς
1449 1747 1497 1766 σου
1512 1739 1560 1766 καὶ
1573 1737 1724 1774 παμφαοῦς
1738 1737 1861 1772 δευτέρας

1075 1789 1227 1824 παρουσίας
1243 1788 1428 1822 ἀναμένοντας
1449 1786 1565 1822 χρόνον·
1584 1785 1631 1812 καὶ
1653 1782 1734 1816 αὖθις
1759 1784 1797 1815 είς
1821 1782 1861 1808 τὸν

1075 1834 1217 1869 προφήτην
1235 1833 1397 1869 ’Δμὸακοῦμ
1414 1832 1469 1859 ἀπὸ
1488 1830 1666 1867 Ἰερουσαλὴμ
1682 1831 1724 1862 είς
1739 1827 1860 1856 Βαόυλῶ·

1075 1888 1108 1906 να
1124 1879 1167 1905 διὰ
1183 1879 1277 1915 χρείαν
1291 1878 1339 1905 τοῦ
1356 1878 1455 1913 Δανιὴλ
1468 1878 1496 1904 ὲν
1511 1878 1560 1912 μιᾷ
1575 1876 1672 1912 καιροῦ
1694 1877 1767 1910 ῥοπῇ
1784 1881 1861 1910 μετα.-

1076 1925 1175 1959 στῆσαι
1204 1925 1252 1952 καὶ
1271 1924 1434 1952 ἁναποδίσαι
1455 1922 1692 1959 ὲτερατούργησας
1705 1930 1713 1937 ·
1731 1922 1759 1948 τί
1775 1929 1814 1947 σοι
1835 1918 1862 1946 οὗ

1076 1970 1189 1998 δυνατὸν
1204 1971 1347 2006 θελήσαντι
1362 1970 1458 2006 μόνους
1470 1969 1557 1996 ταῦτα
1569 1969 1631 1995 ἐπεὶ
1645 1968 1756 2003 λέλεχεν
1771 1968 1788 2002 ὴ
1803 1974 1864 1992 παν-

1077 2016 1206 2052 ύμνητος,
1222 2017 1269 2042 καὶ
1284 2016 1301 2051 ἡ
1322 2015 1489 2051 ἀποστολικὴ
1509 2014 1629 2046 δωδεκὰς
1654 2013 1771 2048 ἐπέστη,
1789 2011 1864 2042 ἄλλος

1076 2061 1223 2097 ἀλλαχόθεν
1235 2061 1273 2093 ὡς
1288 2061 1399 2097 νεφέλαι
1412 2061 1450 2097 τῷ
1462 2060 1554 2096 πτερῷ
1566 2059 1614 2087 τοῦ
1629 2059 1789 2094 πνεύματος
1802 2057 1864 2093 πρὸς

1076 2108 1126 2143 τὴν
1142 2107 1189 2134 τοῦ
1207 2107 1295 2142 φωτὸς
1307 2106 1422 2141 νεφέλην
1437 2105 1597 2136 έλασθέντες
1610 2104 1658 2132 καὶ
1673 2103 1865 2131 καταπαύσαν-

1076 2161 1123 2185 τες
1135 2161 1142 2168 ⁴
1159 2152 1184 2179 τί
1201 2150 1247 2179 οὖν
1262 2160 1345 2187 φησιν
1368 2152 1385 2187 ἡ
1406 2150 1546 2186 θεώνυμος
1566 2150 1614 2176 καὶ
1629 2149 1807 2184 πολυώνυμος
1823 2146 1866 2174 καὶ

1080 2196 1294 2232 μεγαλώνυμος;
1313 2196 1403 2231 ἄρασα
1419 2195 1510 2230 κύκλῳ
1522 2195 1586 2226 τοὺς
1602 2194 1763 2230 ὀφθαλμοὺς
1777 2195 1866 2221 ἀνακε-

1079 2243 1194 2280 κλιμένη
1209 2243 1256 2270 καὶ
1268 2242 1359 2269 ίδοῦσα
1372 2242 1434 2274 τοὺς
1450 2240 1839 2276 ζητουμένους,¹Αγαλλιάσθω
1851 2239 1866 2273 ἡ

1078 2289 1151 2324 ψυχή
1177 2297 1227 2324 μου
1254 2287 1300 2314 ἐπὶ
1324 2288 1363 2322 τῷ
1379 2287 1490 2323 Κυρίῳ⁷
1509 2288 1556 2313 καὶ
1580 2286 1655 2313 ἔσται
1674 2294 1721 2321 μοι
1743 2286 1821 2312 τοῦτο
1831 2285 1866 2314 εις

1077 2334 1162 2369 ὄνομα
1179 2333 1359 2368 εὐφροσύνης,
1377 2332 1423 2359 καὶ
1435 2333 1476 2364 είς
1490 2333 1593 2359 αῐνεσιν
1608 2331 1655 2359 καὶ
1673 2331 1868 2367 μεγαλειότητα

1078 2378 1154 2414 παρὰ
1176 2378 1243 2404 πᾶσι
1266 2378 1322 2409 τοῖς
1343 2376 1432 2403 ἔθνεσι
1456 2377 1506 2412 τῆς
1522 2376 1584 2412 γῆς,
1603 2377 1645 2403 ὅτι
1666 2375 1807 2411 συνήγαγέ
1827 2382 1867 2409 μοι

1079 2424 1142 2455 τοὺς
1155 2423 1296 2458 θεμελίους
1312 2422 1362 2457 τῆς
1383 2421 1555 2457 Ἑκκλησίας,
1578 2422 1620 2448 ὅτι
1643 2421 1807 2457 συνήθροισέ
1827 2427 1867 2454 μοι

1078 2469 1142 2500 τοὺς
1169 2469 1304 2504 ἄρχοντας
1330 2469 1380 2504 τῆς
1406 2467 1582 2503 οἰκουμένης,
1606 2467 1670 2499 τοὺς
1695 2464 1868 2502 θαυμαστοὺς

1080 2511 1220 2549 ὗπηρέτας
1233 2514 1283 2548 τῆς
1295 2513 1366 2548 ἐμῆς
1383 2513 1504 2547 κηδείας.
1525 2513 1557 2539 Ὢ
1572 2511 1766 2548 μεγαλοφυοῦς
1775 2517 1867 2545 τερατ-

1079 2559 1271 2595 ουργήματοςί
1287 2558 1310 2585 ὣ
1324 2559 1463 2594 μητρικῆς
1475 2557 1651 2592 ἀφοσιώσεως
1668 2557 1751 2594 ἔργον
1764 2557 1771 2583 l
1785 2555 1806 2583 ὣ
1817 2553 1869 2589 σχέ-

1084 2613 1153 2636 σεως
1168 2604 1260 2639 υίῖκῆς
1275 2604 1377 2639 δῶρονί
1402 2604 1516 2640 οὐρανός
1537 2612 1582 2638 μοι
1604 2603 1635 2630 τὸ
1652 2603 1790 2637 δωμάτιον
1807 2608 1868 2627 κατ-

1083 2651 1181 2686 εφάνη,
1201 2651 1264 2682 τοὺς
1282 2651 1430 2686 φωστῆρας
1445 2649 1492 2677 τοῦ
1513 2650 1618 2684 κόσμου
1639 2650 1668 2676 ἐν
1683 2647 1776 2682 ἑαυτῷ
1797 2653 1868 2681 περι·

1084 2698 1193 2733 φέρων·
1219 2697 1282 2728 ναδς
1307 2697 1412 2733 Κυρίου
1437 2697 1454 2731 ή
1479 2695 1566 2732 ὀροφὴ
1590 2695 1679 2730 ὤφθη,
1696 2694 1765 2726 τοὺς
1786 2692 1869 2722 θείους

1086 2785 1200 2812 testibus
1223 2791 1256 2812 ac
1270 2783 1453 2816 documentis,
1475 2790 1536 2818 quae
1552 2782 1596 2811 hic
1606 2785 1739 2818 repetere
1758 2788 1811 2818 non
1827 2786 1868 2805 va-

1085 2824 1138 2847 cat.
1154 2819 1232 2847 Nunc
1250 2823 1339 2847 autem
1358 2823 1450 2854 noster
1468 2815 1578 2854 quoque
1603 2815 1709 2846 Studita
1720 2815 1798 2844 testis
1820 2821 1868 2842 non

1084 2854 1302 2883 contemnendus
1316 2853 1431 2883 accedit.
