1921 3073
55 161 106 192 725

471 163 612 193 ORATlO
627 163 661 193 V.
688 162 778 192 -ΙΝ
804 161 1075 194 DORMITIONEM
1103 163 1288 194 DEIPARJE.

1642 161 1696 193 7‘26

56 216 160 251 μύστας
176 216 224 242 καὶ
239 216 396 252 ἱερουργους
409 216 611 252 παραστήσασα
623 223 686 251 μοι’
704 216 798 243 οὐκέτι
817 215 847 242 τὸ

918 225 952 244 ιιι]
972 217 1089 245 ulterius
1109 215 1225 245 Judaica
1251 215 1336 243 factio
1359 214 1536 243 meditabitur
1561 215 1693 243 adversus

60 261 206 288 Ἰουδαϊκὸν
223 261 351 297 σύστημα
365 261 508 297 μελετήσει
522 261 572 296 τὴν
590 263 652 288 κατ’
665 261 733 297 ἐμοῦ
750 270 848 298 παροι-

54 307 134 333 νίανο
157 306 252 333 οὐκέτι
279 306 340 333 κατ’
360 306 429 342 ἐμοῦ
454 306 596 341 ἐφοπλίσει
625 307 676 342 τὴν
690 307 848 342 πάντολμον

56 353 134 387 χεῖρα
145 352 215 387 πρὸς
229 352 300 387 ἐμὴν
310 351 486 386 φονοκτονίαν
497 352 527 378 τὺ
545 352 684 387 ἱερατικὸν
699 352 847 388 βουλευτή-

57 405 131 434 ριον·
147 397 235 424 πάλαι
255 397 305 432 μὲν
323 395 370 425 οὖν
387 397 606 433 μεμελετηκότες
625 398 795 434 συνανῄρουν
815 398 849 426 ἂν

56 443 95 478 τῷ
110 443 169 478 Υἱῷ
187 443 238 479 τὴν
251 444 366 480 Μητέρα
381 445 406 471 oi
419 444 589 479 φιλαίμονες,
610 444 680 472 ἀλλὰ
699 444 849 481 διήμαρτον

57 490 103 518 τοῦ
116 491 232 522 σκοποῦ,
245 491 392 528 είργούσης
403 492 502 524 αὐτοὺς
517 491 569 527 τῆς
582 492 717 528 Προνοίας
732 493 847 520 ἄνωθεν·

59 537 127 573 πρὸς
140 537 257 569 ἀσύλους
272 537 490 573 μεταϐιϐάζομαι
503 538 688 570 κατοικεσίας,
704 538 773 572 πρὸς
783 538 850 565 ἀσύ-

58 583 119 614 λους
138 582 187 609 καὶ
209 582 403 618 ἀνενοχλήτους
423 582 629 614 διαναπαύσεις,
647 582 713 610 ἔνθα
732 583 764 610 οὐ
779 592 851 619 παρα

59 628 159 669 εισδιξει
175 629 190 655 ό
203 628 301 664 ἐχθρὸς
320 620 362 656 τέί
375 629 423 664 τῆς
443 628 543 660 κακίας
557 628 664 664 ἓνεδρα,
683 628 750 656 ἔνθα
766 629 850 664 ἴδοιμι

58 673 107 708 τὴν
119 673 290 710 τερπνότητα
304 674 419 710 Κυρίου,
431 673 480 700 καὶ¹
497 672 684 708 ἐπισκέψομαι
695 673 742 700 τὸν
755 673 820 702 ναὸν
836 675 852 701 ὁ

60 719 195 754 παμφαὴς
212 719 275 751 ναὸς
290 718 387 747 αὐτοῦ.

92 765 123 792 δ’.
146 764 217 792 Ἀλλ’
236 762 280 792 οἷα
304 764 376 800 πρὸς
396 764 494 800 αὐτὴν,
516 765 573 792 εῐτε
596 765 644 799 ἀφ’
666 764 782 798 ἑαυτῶν,
796 766 851 792 εἴτε

60 811 134 847 παρὰ
145 810 200 837 τῶν
214 810 393 847 προφητικῶν
409 810 553 846 πομάτων
565 810 743 846 ἐκλεξάμενοι
756 811 781 838 οἱ
799 819 852 846 μα-

60 857 151 892 κάριοι
164 856 328 890 ἀπόστολοι;

93 902 130 929 α’.
142 902 257 937 Χαίροις
267 901 316 938 (9),
331 902 408 937 φησὶ,
420 902 523 938 κλίμαξ
534 903 720 939 ἑστηριγμένη
735 904 789 931 ἀπὸ
800 906 852 940 γῆς

59 949 99 981 εἰς
114 948 243 984 οὐρανὸν,
264 947 298 974 δι’
312 946 346 984 ἧς
360 949 377 984 ἡ
393 947 456 975 καθ’
472 948 547 984 ἡμᾶς
566 948 690 982 κάθοδος,
705 950 753 976 καὶ
775 951 792 986 ὴ
812 952 853 983 είς

59 994 191 1030 οὐρανοὺς
203 994 297 1027 ἄνοδος
310 994 406 1029 γέγονε
424 993 472 1021 τοῦ
487 994 604 1031 Κυρίου,
619 995 692 1022 κατὰ
702 995 749 1022 τὸν
764 996 853 1032 μέγαν

60 1039 234 1075 πατριάρχην
250 1039 359 1067 Ἰακώ6.

94 1086 130 1121 β’.
146 1086 271 1122 Χαίροις,
292 1085 358 1121 βάτε
371 1085 648 1121 παραδοξοειδέστατε
662 1088 693 1122 ἐξ
705 1086 739 1125 ἧς
750 1089 854 1125 ἐπεφά-

60 1141 93 1168 νη
102 1132 220 1167 ἄγγελος
231 1132 337 1168 Κυρίου
351 1132 380 1158 ὲν
392 1131 473 1166 φλογὶ
487 1133 583 1168 πυρὸς,
599 1134 689 1171 ἥνπερ
704 1137 854 1163 κατακαῖω

60 1179 90 1205 τὴ
108 1177 166 1213 πῦρ
188 1177 220 1206 οὐ
237 1177 395 1211 κατέκαιεν,
408 1177 479 1205 κατὰ
492 1179 614 1207 Μωῦσέα
632 1180 678 1208 τὸν
702 1181 855 1209 θεοπτικὼ-

61 1232 151 1251 τατον.

95 1269 131 1303 γ’.
145 1268 271 1305 Χαίροις,
285 1271 300 1297 ό
324 1270 464 1303 θεόδεκτος
479 1271 575 1303 πόκος,
590 1271 620 1304 ἐξ
637 1269 671 1308 ἧς
690 1272 817 1309 ἀπερρύη
836 1274 854 1308 ἡ

62 1313 187 1349 οὐράνιος
199 1314 308 1350 δρόσος,
320 1317 431 1352 πλήρης
447 1316 550 1352 λεκάνη
559 1316 665 1351 ὓδατος,
671 1318 743 1345 κατὰ
754 1318 856 1346 Γεδεὼν

62 1359 107 1386 τδν
118 1359 358 1395 θαυμασιώτατον.

95 1405 127 1432 ἃ.
138 1406 265 1443 Χαίροις,
278 1407 356 1440 πόλις
366 1408 414 1435 τοῦ
431 1408 564 1443 βασιλέως
572 1409 621 1436 τοῦ
636 1410 767 1445 μεγάλου,
781 1411 814 1445 ἢν
831 1411 856 1437 οί

63 1450 184 1485 βασιλεῖς
206 1452 394 1488 θαυμάζοντες
410 1453 604 1488 μεγαλύνουσι,
623 1456 692 1491 μετὰ
707 1455 791 1483 Δαϐὶδ
809 1456 857 1483 τὸν

62 1497 292 1533 ᾁσματογράφον.

97 1542 129 1570 ε’.
142 1543 398 1599 ἕαίρριςζή-νοητὴ
414 1547 548 1583 Βηθλεὲμ,
562 1548 576 1574 ὁ
595 1544 670 1580 οἶκος
686 1547 733 1575 τοῦ
755 1549 857 1584 Ἐφρα-
871 1570 891 1599 c

63 1590 107 1621 ea,
139 1589 170 1624 ἐξ
199 1587 231 1617 οῦ
254 1591 416 1627 ἐξελήλυθεν
438 1593 454 1619 ὸ
477 1592 610 1624 Βασιλεὺς
633 1594 683 1628 τῆς
707 1593 787 1629 δόξης
808 1593 856 1620 τοῦ

62 1632 133 1661 εἶναι
160 1635 202 1666 είς
227 1635 348 1671 ἄρχοντα
375 1637 405 1664 ὲν
430 1637 470 1672 τῷ
501 1637 622 1673 Ἰσραὴλ,
648 1635 680 1664 οῦ
709 1638 739 1664 αι
772 1637 857 1670 ἔξοδοι

63 1680 111 1707 ἀπ’
122 1680 212 1716 ἀρχῆς
225 1681 255 1714 ἐξ
268 1681 379 1718 ἡμερῶν
391 1682 498 1716 αἰῶνος,
513 1683 585 1710 κατὰ
596 1683 717 1719 Μιχαίαν
732 1683 778 1711 τὸν
792 1683 859 1711 θειό-

63 1735 157 1754 τατον.
337 1738 346 1744 ¹

99 1772 139 1805 ς’.
154 1772 282 1809 Χαίροις,
294 1774 326 1801 τὸ
344 1774 495 1802 κατάσκιον
511 1774 677 1811 παρθενικὸν
694 1775 767 1812 ὄρος,
782 1775 811 1809 ἐξ
827 1773 858 1803 οὗ

63 1818 78 1844 ό
94 1817 175 1852 ἅγιος
194 1818 244 1846 τοῦ
262 1819 371 1856 Ἰσραὴλ
384 1820 520 1856 ἐπεφάνη,
539 1820 611 1848 κατὰ
629 1820 792 1856 ’Δμϐακοὺμ
811 1821 859 1848 τδν

64 1864 222 1899 θεοὸόητον.

99 1910 133 1943 ς’.
148 1910 275 1944 Χαίροις,
286 1911 382 1947 λυχνία
397 1912 620 1948 χρυσοειδέστατε
644 1912 692 1940 καὶ
703 1913 858 1948 φωτοφόρε,

65 1956 94 1990 ἐξ
109 1953 145 1993 ἧς
157 1956 331 1993 περιέλαμψε
357 1958 414 1990 τοῖς
433 1958 463 1985 ὲν
478 1958 569 1985 σκότει
588 1959 636 1986 καὶ
655 1959 721 1995 σκιᾷ
741 1958 859 1986 θανάτου

65 2003 233 2039 καθημένοις
255 2003 287 2030 τὸ
308 2004 457 2040 ἀπρόσιτον
477 2004 535 2039 φῶς
556 2004 608 2040 τῆς
631 2005 771 2041 θεότητος,
788 2005 860 2033 κατὰ

66 2049 208 2085 Ζαχαρίαν
226 2049 272 2076 τὸν
289 2049 445 2077 θεσπέσιον.

99 2095 138 2131 η’.
150 2095 276 2130 Χαίροις,
286 2095 317 2122 τὸ
328 2096 500 2131 παγκόσμιον
512 2096 669 2132 ἱλαστήριον
678 2095 733 2124 τῶν
745 2095 859 2132 βροτῶν,

66 2141 100 2168 δι’
112 2138 144 2169 οῦ
158 2141 214 2169 ἀπὸ
224 2141 363 2169 ἀνατολῶν
377 2141 454 2177 ὴλίου
467 2142 516 2169 καὶ
531 2142 585 2174 ἓως
601 2142 713 2178 δυσμῶν
729 2142 760 2170 τὸ
774 2141 860 2178 ὄνομα

66 2187 172 2224 Κυρίου
184 2187 342 2222 δεδόξασται
355 2188 384 2216 ὲν
396 2189 453 2221 τοῖς
466 2188 555 2216 ἔθνεσι
575 2188 622 2216 καὶ
638 2189 668 2216 ἐν
682 2189 764 2217 παντὶ
783 2189 861 2224 τόπῳ

901 271 945 290 me
960 263 1112 296 vesaniam,
1127 271 1215 298 neque
1227 263 1360 290 adversus
1371 269 1415 289 me
1425 261 1571 298 violentam
1583 269 1695 288 manum

901 307 1020 335 armabit
1042 308 1109 336 cadi
1135 315 1203 335 mea:
1222 307 1357 335 anhelans
1375 306 1556 334 sacerdotalis
1571 311 1694 333 senatus.

901 352 1010 380 Jamdiu
1024 354 1134 389 quidem
1151 353 1178 380 hi
1193 352 1300 380 cruenti
1318 351 1404 379 moliti
1417 357 1481 379 sunt
1497 351 1610 378 Matrem
1630 359 1696 378 eum

903 399 972 427 Filio
989 399 1134 434 perimere,
1154 399 1201 427 sed
1218 406 1303 434 scopo
1322 399 1495 430 aberrarunt,
1516 405 1633 432 superna
1649 404 1696 424 eos

903 445 1049 473 cohibente
1065 444 1250 473 Providentia.
1272 444 1311 472 Ad
1327 449 1384 472 tuta
1403 443 1567 477 transmigro
1589 442 1696 470 habita-

903 492 975 525 cula,
991 492 1023 519 ad
1038 496 1124 518 tutam
1142 496 1168 519 et
1179 491 1238 519 sine
1253 491 1380 519 molestia
1395 490 1526 525 quietem,
1541 489 1588 516 tibi
1604 488 1697 516 inimi-

903 545 953 565 cus
968 537 1080 565 malitiae
1098 544 1155 564 sua)
1173 537 1288 564 insidias
1309 544 1362 564 non
1377 536 1505 567 collocat,
1522 535 1570 562 ubi
1589 533 1697 561 Domini

903 584 1011 612 deliciis
1023 583 1111 616 fruar,
1128 583 1316 618 templumque
1328 582 1460 617 spectabo
1475 589 1526 617 ego
1541 589 1604 617 quae
1622 581 1697 608 illius

903 630 1035 666 templum
1056 629 1230 665 splendidum
1245 628 1296 656 fui.

939 763 966 790 4.
988 762 1046 797 Age
1059 769 1125 790 vero
1142 761 1208 797 quid
1225 760 1328 797 Virgini
1343 760 1545 796 responderunt
1559 760 1617 788 sive
1632 767 1697 795 pro-

904 807 972 843 priis
985 807 1044 836 sive
1058 806 1256 842 prophetarum
1268 806 1361 835 verbis
1373 806 1445 834 beati
1464 806 1600 841 apostoli?

867 899 890 929 Β
939 897 967 924 l°
982 897 1049 930 Ave,
1064 896 1184 929 aiebant,
1204 897 1278 924 scala
1289 904 1305 923 a
1319 901 1390 924 terra
1401 896 1427 924 in
1442 897 1541 925 coelum
1557 901 1696 932 prolensa.

903 950 951 979 per
967 950 1049 978 quam
1066 941 1175 969 Domini
1186 942 1220 970 ad
1239 950 1290 970 nos
1303 942 1468 975 descensus,
1499 948 1526 971 et
1543 943 1570 970 in
1597 943 1701 970 catlum

904 988 1008 1017 reditus
1021 987 1084 1022 fuit,
1101 993 1130 1016 ut
1148 987 1235 1016 Jacob
1250 988 1406 1024 patriarcha
1424 989 1501 1016 vidit.

937 1082 969 1109 2°
981 1081 1048 1114 Ave,
1063 1081 1130 1109 rube
1143 1080 1328 1113 mirabillime,
1349 1087 1382 1108 ex
1396 1087 1452 1115 quo
1463 1080 1576 1115 angelus
1590 1079 1697 1115 Domini

904 1126 1030 1162 apparuit
1050 1126 1078 1153 in
1096 1126 1166 1161 ignis
1181 1125 1309 1158 ﬂamma,
1332 1133 1413 1160 quem
1436 1125 1535 1152 ardens
1557 1124 1626 1160 ignis
1643 1132 1698 1151 non

905 1173 1087 1205 amburebat,
1116 1172 1196 1199 sicuti
1223 1178 1331 1199 summo
1358 1169 1406 1198 Dei
1432 1170 1579 1206 spectaturi
1611 1169 1697 1205 Moysi

905 1222 1048 1246 ostensum
1070 1223 1121 1244 CSI.

941 1265 970 1292 5°
984 1265 1051 1297 Ave,
1071 1263 1125 1291 Deo
1140 1262 1282 1299 gravidum
1296 1261 1438 1294 vellus,ex
1452 1268 1506 1297 quo
1522 1261 1643 1289 cmlestis
1653 1269 1700 1289 ros

905 1309 1028 1342 deﬂuxit.
1047 1310 1104 1337 imo
1117 1310 1214 1345 plenus
1228 1316 1299 1344 aqua
1316 1308 1436 1341 catillus,
1456 1307 1529 1343 quod
1546 1308 1699 1335 admirabili

905 1355 1020 1390 contigit
1034 1354 1164 1383 Gedeoni.

940 1400 970 1427 ιο
983 1400 1052 1432 Ave,
1070 1400 1167 1428 civitas
1181 1399 1253 1434 regis
1271 1398 1381 1435 magni,
1405 1406 1488 1434 quam
1507 1398 1700 1426 admirabundi

908 1452 986 1481 reges
1011 1446 1206 1481 magniﬁcam,
1238 1449 1268 1472 ut
1287 1445 1512 1480 hymnographus
1539 1444 1624 1472 David
1653 1444 1700 1471 de-

907 1492 1001 1520 lineat.

946 1537 975 1566 5°
990 1538 1056 1570 Ave,
1072 1537 1263 1565 intellectualis
1275 1536 1424 1569 Bethleem,
1438 1536 1536 1565 domus
1547 1535 1699 1572 Epill‘ﬂllla,

908 1593 941 1613 ex
955 1592 1010 1620 qua
1024 1591 1152 1619 egressus
1165 1588 1207 1612 est
1219 1583 1276 1611 Rex
1288 1582 1390 1618 gloriae,
1401 1587 1430 1610 ut
1441 1582 1518 1611 ﬁeret
1532 1582 1659 1617 princeps
1672 1582 1700 1608 in

909 1632 1021 1664 lsraele,
1037 1631 1117 1666 cujus
1134 1631 1223 1658 exitus
1236 1630 1270 1658 ab
1281 1630 1358 1658 initio
1372 1630 1479 1658 dierum
1500 1629 1604 1662 saeculi,
1620 1633 1649 1656 ut
1662 1628 1700 1655 ait

908 1679 988 1708 divus
1003 1678 1131 1707 Michaeas
1142 1678 1175 1705 ".

944 1769 974 1797 6°
991 1768 1082 1801 Salve,
1095 1768 1224 1796 ulnbrose
1244 1774 1324 1795 mons
1339 1766 1477 1802 virginee,
1503 1774 1537 1794 ex
1558 1774 1614 1802 quo
1631 1765 1700 1793 San-

909 1820 970 1844 ctus
983 1814 1093 1844 lsraelis
1109 1813 1253 1849 apparuit,
1279 1817 1310 1840 ut
1324 1812 1486 1841 Habacucus
1503 1812 1635 1840 divinitus
1660 1812 1702 1838 in-

910 1863 1027 1892 stinctus
1041 1863 1142 1891 clamat
1156 1861 1189 1889 ".

947 1909 974 1936 7°
993 1909 1062 1941 Ave,
1082 1907 1193 1936 lucerna
1213 1914 1280 1934 auro
1295 1906 1441 1942 splendens
1456 1904 1581 1936 lucifera,
1596 1913 1627 1932 ex
1647 1912 1701 1938 qua

911 1954 1068 1983 sedentibus
1088 1954 1115 1980 in
1131 1953 1251 1981 tenebris
1271 1956 1298 1980 et
1320 1952 1348 1979 in
1373 1951 1470 1979 umbra
1490 1950 1587 1978 mortis
1601 1950 1704 1977 effulsit.

912 2001 1052 2028 inaccessa
1067 2000 1174 2027 deitatis
1186 1999 1243 2032 lux,
1264 1998 1415 2026 secundum
1433 1997 1564 2024 divinitus
1582 1995 1702 2024 atllatum

911 2046 1072 2074 Zachariam
1086 2046 1119 2072 ".

947 2093 975 2121 8“
993 2092 1062 2124 Ave,
1077 2091 1230 2119 universale
1243 2089 1398 2117 mortalium
1412 2087 1640 2124 propitiatorium,
1655 2094 1704 2122 per

912 2139 984 2174 quod
1004 2138 1039 2166 ab
1053 2143 1115 2165 ortu
1133 2137 1201 2165 solis
1218 2143 1306 2171 usque
1331 2135 1364 2163 ad
1382 2143 1511 2163 occasum
1538 2142 1636 2161 nomen
1651 2133 1703 2160 Do-

912 2187 979 2214 mini
995 2185 1164 2222 glorilicatur
1180 2184 1207 2211 in
1224 2183 1361 2218 gentibus,
1376 2186 1403 2209 et
1414 2182 1440 2209 in
1453 2181 1527 2209 omni
1541 2180 1601 2208 loco
1619 2181 1705 2207 llmri-

67 2233 196 2270 θυμίαμα
211 2233 251 2269 τῷ
261 2233 374 2269 ὀνόματι
389 2233 472 2262 αὐτοῦ
485 2235 654 2270 προσάγεται
679 2235 751 2262 κατὰ
766 2235 856 2262 Μαλα-

918 2232 1006 2260 licatio
1020 2231 1125 2259 nomini
1145 2231 1206 2265 ejus
1232 2228 1355 2261 otfertur,
1374 2227 1445 2256 sicut
1464 2228 1501 2254 ait
1513 2226 1704 2254 sanctissimus

66 2279 130 2314 χίαν
140 2279 189 2306 τὸν
202 2279 365 2314 ἁγιώτατον.

101 2325 136 2353 θ’.
153 2325 279 2361 Χαίροις,
291 2326 382 2362 κούφη
396 2326 510 2363 νεφέλη,
521 2327 552 2354 ἐν
564 2323 582 2363 ᾗ
599 2326 702 2362 Κύριος
718 2327 861 2361 κεκάθικε,

67 2371 140 2399 κατὰ
160 2371 276 2399 Ἡσαΐαν
288 2372 332 2399 τὸν
348 2372 571 2407 ἱεροφωνότατον.

103 2460 131 2488 t'.
147 2460 273 2496 Χαίροις,
290 2460 352 2496 ιερὰ
375 2459 466 2496 βίϐλος
482 2460 538 2487 τῶν
560 2462 780 2496 προσταγμάτων
805 2461 861 2487 Κυ-

68 2509 138 2544 ρίου,
150 2509 200 2537 καὶ
215 2509 230 2536 6
244 2509 425 2545 νεοχάρακτος
439 2510 522 2545 νόμος
533 2510 584 2545 τῆς
597 2511 717 2546 χάριτος,
733 2510 768 2537 δι’
781 2511 815 2546 ἣν
829 2510 862 2538 τὰ

67 2555 173 2591 ἀρεστὰ
191 2555 263 2591 Θεῷ,
278 2556 344 2591 ἡμῖν
358 2556 469 2591 γνωστὰ
487 2556 557 2591 ἐστι,
575 2556 646 2583 κατὰ
665 2556 801 2592 Ἰερεμίαν
816 2556 862 2583 τὸν

67 2601 316 2638 πολυθρηνάτατον.

101 2670 126 2687 ’⁸
140 2669 226 2697 Mich.
241 2676 269 2702 ν,
285 2668 314 2695 2.
351 2670 375 2685 ιδ
391 2668 493 2697 Hahae.
511 2677 551 2701 ιιι,
563 2670 589 2697 5.
617 2667 851 2700 "Zach.ttt,9;vr,

928 2666 955 2682 ⁵⁸·
970 2665 1085 2692 Malach.
1100 2672 1119 2697 I,
1134 2664 1177 2690 ll.

68 2706 112 2736 15,
124 2710 153 2733 et
167 2704 246 2733 alibi.

105 2773 145 2808 (9)
175 2772 304 2808 Imitatur
324 2771 488 2808 Iheodorus
511 2770 540 2798 S.
568 2770 702 2808 erillum
729 2769 860 2808 Alexlin

68 2803 203 2836 Oratione
217 2808 251 2835 de
268 2806 300 2834 Β.
325 2806 422 2839 Maria,
439 2805 508 2841 Opp.
532 2811 552 2833 t.
568 2803 601 2837 νζ
619 2810 688 2840 part.
706 2812 782 2841 "rp.
797 2803 861 2831 579.

71 2844 195 2871 Dicerem
217 2842 319 2870 imitari
334 2849 445 2877 quoque
462 2839 676 2873 Damascenum;
697 2839 750 2867 nisi
775 2846 862 2877 Imper

71 2887 98 2913 p.
113 2879 160 2913 54,
174 2878 204 2906 in
225 2874 409 2905 adnotatione
420 2877 587 2905 monuisset“
611 2877 738 2908 lectores,
753 2874 864 2902 oratio-

910 2278 1058 2307 Malachias
1069 2277 1102 2304 ’⁸.

945 2326 974 2353 9°
990 2325 1065 2357 Ave,
1093 2323 1159 2350 levis
1174 2322 1271 2350 nebula
1284 2342 1292 2354 ,
1322 2321 1348 2348 in
1364 2329 1418 2356 qua
1439 2320 1569 2347 Dominus
1593 2318 1702 2349 resedit,

911 2376 942 2399 ut
976 2375 1019 2398 est
1054 2369 1125 2404 apud
1163 2376 1242 2397 sacra
1278 2374 1430 2402 magnaque
1463 2373 1529 2393 voce
1560 2364 1705 2400 prmditunt

913 2417 1012 2445 Isaiam
1028 2416 1060 2442 ’⁷.

951 2461 997 2490 10⁰
1016 2462 1083 2492 Ave,
1095 2467 1173 2488 sacer
1181 2462 1371 2488 mandatorum
1379 2457 1486 2485 Domini
1505 2457 1583 2489 liber,
1600 2455 1706 2483 novitcr

916 2507 1017 2543 scripta
1037 2505 1131 2542 gratia:
1142 2505 1197 2538 lex,
1219 2511 1268 2539 per
1287 2511 1369 2538 quam
1384 2503 1441 2531 Deo
1455 2504 1553 2539 placita
1569 2503 1647 2529 nobis
1663 2501 1705 2527 in-

917 2558 1072 2586 notescunt,
1086 2556 1168 2587 prout
1183 2550 1406 2579 luctuosissimus
1419 2550 1457 2578 ait
1467 2549 1600 2578 Jeremias
1615 2548 1648 2574 ’⁸.

1229 2663 1251 2678 ’⁷
1266 2662 1318 2690 lsa.
1331 2669 1387 2692 xix,
1403 2662 1428 2688 1.
1482 2662 1504 2678 ’⁸
1518 2660 1620 2688 Jerem.
1643 2668 1706 2687 xxv.

916 2776 977 2797 nem
993 2769 1066 2796 illam
1080 2768 1113 2795 de
1127 2766 1212 2794 nativ.
1229 2766 1260 2793 Β.
1278 2766 1380 2797 Marize,
1395 2765 1496 2793 editam
1512 2765 1584 2792 inter
1601 2763 1707 2790 Dama-

916 2805 1056 2836 scenicas.
1083 2802 1259 2830 Theodorum
1290 2801 1514 2836 potiusrhaberc
1545 2803 1706 2836 parentem,

917 2845 985 2869 teste
999 2839 1081 2867 etiam
1099 2837 1193 2866 codice
1212 2835 1342 2865 Vaticano
1355 2835 1418 2864 455.
