1921 3073
197 134 250 166 727

796 139 817 169 S
842 138 1039 170 THEODORI
1060 137 1234 169 STUDITE

1779 136 1835 169 728

234 181 279 208 ll°
292 181 359 215 Ave,
378 181 464 218 janua
480 182 585 216 clausa,
610 191 658 219 per
680 192 763 220 quam
786 185 858 213 Deus
878 185 986 213 lsraelis

1074 183 1119 211 ια’.
1140 183 1264 218 Χαίροις.
1286 181 1360 217 πύλη
1382 181 1572 218 κεκλεισμένη,
1589 181 1623 208 δι’
1643 179 1678 218 ἧς
1697 181 1801 217 Κύριος
1819 183 1836 209 ό

199 227 341 262 ingressus
357 233 399 256 est
413 233 440 257 et
453 237 592 264 egressus,
613 231 685 258 sicut
698 239 820 258 summus
834 231 880 259 Dei
897 239 991 266 specu-

196 274 271 301 lator
281 274 407 303 Eaechicl
418 276 515 304 scribit
530 277 562 304 ”.

235 319 285 346 ην
301 319 368 354 Ave,
381 321 455 348 nulla
471 321 683 350 manulaborate
696 330 776 351 mons
787 323 946 355 celsissime.
957 332 989 352 ex

201 372 256 399 quo
270 365 409 400 angularis
420 367 558 395 abscissus
570 367 622 395 fuit
635 368 714 403 lapis,
729 369 801 396 sicut
819 369 857 397 ait
866 377 991 398 summus

202 410 343 446 theologus
360 413 453 440 Daniel
465 414 498 441 ³⁰.

237 456 265 483 5.
282 456 335 484 Sed
349 458 421 485 enim
429 466 552 494 quaanam
565 467 642 487 mens
655 459 860 495 complectatur,
871 461 914 488 vel
929 468 991 487 ora-

204 500 242 528 tio
261 506 395 537 exaequet,
412 508 479 538 quot
495 509 652 539 quantaque
675 504 712 532 ibi
733 507 902 538 cecinerunt,
916 506 993 534 dixe—

204 551 278 581 runt,
292 548 430 576 laudative
445 550 582 584 praeconio
603 550 761 578 extulerunt
777 551 894 586 theologi
919 550 992 578 viri?

203 592 239 620 At
253 598 396 628 postquam
407 594 489 630 justis
504 595 590 623 sacris
600 595 685 623 functi
710 596 830 629 fuerunt,
846 602 993 633 sancteque

204 642 300 664 sancta
320 645 495 672 peregerunt,
519 647 584 668 ecce
599 640 686 668 adfuit
702 640 760 675 ipse
775 640 909 668 Dominus
928 648 992 669 cum

204 683 288 717 gloria
302 683 472 713 fortitudinis
489 693 547 713 suae
561 686 691 721 omnique
705 687 838 715 caelorum
858 688 991 716 exercitu.

206 728 238 754 Et
258 729 430 758 invisibiliter
449 730 558 766 quidem
578 731 730 767 incorporei
753 734 881 769 (angeli).
893 741 992 769 corpo-

205 774 300 802 raliter
315 780 405 803 autem
425 777 543 811 apostoli
562 777 718 806 divinorum
736 779 902 814 magnalium
914 779 993 815 hym-

206 820 285 848 nista:
297 827 385 849 erant.
402 822 481 850 Mista
493 828 562 857 erat,
583 832 600 852 o
613 824 710 852 fratres
723 845 731 857 ,
753 826 898 861 panegyris
911 832 993 862 atque

206 865 307 893 chorus
320 867 471 894 caelestium
483 875 516 895 ac
529 873 699 897 terrenarum
713 859 773 905 (nec
783 859 929 906 quisquam
943 859 993 898 πὶιὶ-
1008 859 1030 889 Β

204 915 281 938 retur
290 916 411 939 nostram
421 913 476 940 Deo
486 913 581 947 dignas
591 922 635 942 res
646 920 802 942 narrantem
817 916 992 951 orationem),

205 955 385 991 Angelorum,
400 957 645 994 Archangclorum,
660 959 891 996 Domiuationum,
907 961 994 989 Thro-

206 1009 315 1034 norum,
331 1002 547 1038 Principatuum.
565 1004 745 1038 Potestatum,
757 1005 905 1040 Virtutum,
921 1007 994 1035 Che-

205 1049 378 1084 rttbinorum,
388 1050 612 1086 Seraphinorum.
621 1053 818 1087 apostolorum,
832 1059 992 1090 martyrum,

202 1095 343 1129 justorum
362 1105 368 1123 :
389 1104 508 1132 quorum
524 1097 571 1126 alii
586 1098 768 1132 deducebant,
792 1100 838 1127 alii
859 1101 995 1135 praecede-

205 1141 280 1174 bant,
294 1142 340 1169 alii
355 1143 604 1178 subsequebantur,
621 1144 665 1171 alii
676 1145 813 1180 stipabant
824 1165 832 1179 ,
846 1146 995 1181 cunctique

206 1195 260 1214 una
276 1195 342 1215 voce
358 1196 419 1216 cum
437 1189 532 1224 jubilis
547 1190 723 1218 clamabant:
739 1190 854 1219 Cantate
867 1192 993 1225 Domino,

149 1247 156 1254 -
205 1232 314 1260 laudate
331 1233 487 1265 Dominum.
508 1235 665 1263 benedictus
680 1236 812 1265 Dominus
825 1246 907 1273 super
919 1238 995 1274 justo

207 1282 300 1305 tnoute
321 1283 418 1307 sancto
429 1280 500 1315 ejus,
513 1285 540 1308 et
552 1282 687 1309 exaltetur
701 1283 801 1310 caelum
817 1283 844 1311 in
867 1285 993 1312 sublime.

207 1322 275 1356 Quis
286 1331 351 1360 ergo
368 1326 472 1354 audivit
489 1334 538 1361 par
551 1328 686 1356 canticum
701 1337 716 1356 a
733 1330 850 1363 saeculo,
866 1338 882 1357 ο
901 1330 995 1358 Philo-

208 1369 325 1397 christi‘l
348 1371 410 1405 quis
434 1371 593 1407 hujusmodi
624 1375 818 1410 exsequiarum
844 1377 997 1411 pompam?

1041 229 1108 260 Θεὸς
1121 228 1168 255 τοῦ
1189 227 1297 264 Ἰσραὴλ
1317 227 1490 263 εἰσελήλυθεν
1510 228 1556 254 καὶ
1572 227 1742 263 ἐξελήλυθεν,
1762 227 1836 253 κατὰ

1047 274 1177 309 Ἱεζεκιὴλ
1192 274 1238 300 τὸν
1250 273 1477 300 θεοπτικὼτατον.

1078 320 1120 356 ιβ’.
1135 321 1259 356 Χαίροις,
1283 319 1314 346 τὸ
1329 319 1477 352 ἀλάξευτον
1500 319 1746 354 χειροῦῲηλότατον
1758 319 1835 354 ὅρος,

1041 366 1071 398 ἐξ
1083 364 1113 394 οὗ
1126 367 1140 392 6
1149 367 1347 401 ἀκρογωνιαίος
1357 364 1544 400 ἀποτέτμηται
1557 365 1639 398 λίθος,
1651 364 1722 391 κατὰ
1733 365 1835 399 Δανιὴλ

1041 415 1087 442 τὸν
1102 414 1341 448 ὓεολογικώτατον.

1077 463 1108 488 ε’.
1124 461 1180 487 Καὶ
1197 461 1272 492 ποῖος
1288 460 1350 492 νοῦς
1366 461 1529 497 χωρήσειεν,
1544 459 1561 496 ἢ
1576 459 1620 491 τίς
1635 459 1714 493 λόγος
1727 459 1834 494 ἐφίκοι-

1042 515 1083 539 το,
1096 507 1145 533 ὅσα
1157 507 1246 533 ἐκεῖσε
1258 504 1339 543 ᾖσαν,
1349 506 1463 542 ἔφασαν,
1477 506 1649 542 ἐμακάρισαν
1660 507 1685 533 οἱ
1697 505 1836 539 Θεολόγοι;

1049 551 1121 579 Ἀλλ’
1133 552 1227 587 ἐπειδὴ
1239 552 1273 579 τὰ
1287 552 1380 580 εἰκότα
1394 552 1576 588 ίερούργησαν
1588 552 1680 587 ίερῶς,
1690 551 1736 579 καὶ
1748 552 1837 586 ἀγίως

1041 598 1077 625 τὰ
1097 599 1163 633 ἀγια
1181 598 1357 632 ἐπετέλεσαν,
1372 599 1426 625 ιδοὺ
1446 598 1613 634 παρεγένετο
1629 598 1676 625 καὶ
1695 599 1710 625 6
1731 597 1838 634 Κύριος

1044 645 1113 681 μετά
1129 644 1208 680 δόξης
1225 644 1317 680 ίσχύος
1338 644 1422 672 αὐτοῦ
1437 645 1484 672 καὶ
1499 645 1590 679 πάσης
1603 645 1733 681 στρατιᾶς
1752 645 1837 680 οὐρα-

1042 691 1100 718 νοῦ·
1125 691 1174 718 καὶ
1198 691 1322 727 ἀοράτως
1345 691 1394 726 μὲν
1423 691 1612 727 ἐλειτούργουν
1634 691 1659 717 οἱ
1680 690 1836 726 ἀσώματοι,

1043 736 1209 772 σωματικῶς
1219 736 1248 764 δὲ
1261 737 1287 763 οι
1299 736 1443 764 ἀπόστολοι
1460 736 1580 772 ὑμνῳδοὶ
1594 737 1644 768 τᾶς
1659 735 1734 768 θείας
1752 745 1839 771 μεγα-

1042 783 1182 819 λειότητος
1209 783 1380 810 ἐδείκνυντο·
1415 783 1555 819 συμμιγὴς
1584 781 1635 819 ἦν,
1666 783 1789 817 ἀδελφοὶ,
1819 783 1837 816 ἡ

1044 829 1200 865 πανήγυρις
1230 829 1278 856 καὶ
1297 830 1312 856 6
1335 829 1427 861 θίασος
1449 828 1573 864 οὐράνιός
1591 837 1620 855 τε
1648 829 1695 855 καὶ
1717 828 1839 862 ἐπίγειος

1044 875 1154 911 (καὶμὴ
1171 875 1299 909 ξενιξέτω
1311 875 1326 902 6
1342 875 1421 909 λόγος
1437 875 1473 902 τὰ
1493 874 1630 910 θεοπρεπῆ
1645 873 1838 910 ὑπογράφων),

1049 921 1196 956 Ἃγγέλων,
1203 920 1446 957 Ἀρχαγγέλων,Κυ
1451 919 1838 956 ριοτήτων,Θρόνων,’Δρχῶν,

1043 967 1200 1000 Ἐξουσιῶν,
1216 967 1376 1002 Δυνάμεων,
1387 966 1442 993 τῶν
1457 966 1646 1002 Χερουσικῶν,
1659 965 1706 992 καὶ
1719 965 1839 999 Σεραφι-

1045 1012 1112 1045 κῶν,
1126 1011 1295 1042 ἀποστόλων.
1313 1010 1470 1047 μαρτύρων,
1489 1010 1614 1042 δικαίων,
1629 1009 1683 1036 τῶν
1702 1009 1752 1044 μὲν
1769 1017 1838 1044 προ-

1043 1058 1207 1094 τρεχόντων,
1220 1056 1275 1084 τῶν
1288 1057 1316 1083 δὲ
1337 1055 1603 1091 προσυπαντώντων,
1616 1054 1671 1081 τῶν
1686 1055 1734 1090 μὲν
1753 1055 1838 1089 ήγου-

1046 1105 1146 1140 μένων,
1160 1103 1214 1130 τῶν
1230 1103 1259 1130 δέ
1271 1102 1495 1138 προηγουμένων,
1510 1102 1564 1127 τῶν
1575 1101 1604 1128 δέ
1619 1101 1771 1136 ἑπομένων,
1783 1100 1838 1126 τῶν

1044 1150 1073 1177 δέ
1100 1149 1313 1185 παρεπομένων,
1343 1147 1454 1175 πάντων
1477 1148 1553 1182 φωνῇ
1571 1147 1620 1182 μιᾷ
1639 1147 1669 1173 ἐν
1683 1145 1838 1182 εὐφροσύνῃ

1046 1195 1184 1231 βοώντων·
1205 1194 1307 1230 ’ᾼσατε
1325 1193 1365 1228 τῷ
1385 1193 1478 1228 Κυρίῳ
1488 1201 1496 1208 ·
1512 1193 1636 1219 αίνέσατε
1648 1192 1694 1219 τδν
1714 1191 1816 1227 Κύριον
1829 1200 1836 1207 ·

1045 1241 1228 1276 εὐλογημένος
1248 1240 1351 1275 Κύριος
1373 1240 1419 1266 ἐπὶ
1436 1239 1542 1265 δίκαιον
1558 1238 1621 1274 ὅρος
1641 1238 1672 1266 τὸ
1687 1238 1765 1272 Ξγιον
1785 1238 1836 1264 αὗ-

1045 1288 1092 1315 τοῦ
1104 1296 1111 1302 ·
1129 1288 1177 1315 καὶ
1190 1287 1360 1322 ἀνυψωθήτω
1373 1287 1387 1312 6
1398 1285 1512 1321 οὐρανὸς
1528 1285 1568 1317 είς
1581 1285 1612 1312 τὸ
1629 1285 1766 1320 μετέωρον
1775 1292 1781 1298 ·
1795 1283 1838 1315 τίς

1045 1332 1093 1361 οὖν
1110 1334 1228 1370 ἤκουσεν
1249 1333 1279 1366 ἐξ
1294 1333 1390 1364 αἰῶνος
1412 1333 1532 1359 τοιοῦτον
1545 1331 1657 1365 ἐξόδιον,
1671 1328 1694 1358 ὣ
1710 1330 1836 1366 φιλόχρι-

1048 1388 1122 1412 στοις
1136 1379 1177 1412 τίς
1196 1379 1267 1413 ἔγνω
1279 1379 1445 1415 τηλικαύτης
1459 1378 1570 1413 κηδείας
1591 1377 1760 1413 προπομπήν
1772 1386 1780 1409 ;
1794 1377 1838 1408 τίς

207 1413 275 1447 Quis
290 1424 410 1452 unquatn
427 1418 507 1445 talem
527 1419 672 1448 transitum
696 1423 773 1449 novit
785 1442 793 1455 ,
818 1423 892 1457 quali
911 1423 993 1451 Mater

1048 1426 1145 1462 ᾔσθετο
1156 1427 1283 1461 τοιαύτης
1296 1413 1473 1459 μεταϐάσεως
1489 1424 1600 1452 πώποτε
1613 1443 1621 1456 ,
1635 1424 1696 1455 οἵας
1709 1424 1726 1458 ὴ
1737 1423 1838 1458 Μήτηρ

208 1461 316 1490 Domini
332 1464 384 1491 mei
404 1464 485 1499 digna
503 1465 573 1493 fuit?
587 1465 681 1502 Neque
695 1467 720 1495 id
739 1468 888 1503 immerito,
905 1478 993 1504 quan-

1048 1471 1094 1499 τοῦ
1111 1471 1216 1508 Κυρίου
1233 1480 1284 1506 μου
1301 1471 1415 1506 ἠξίωται
1428 1479 1435 1504 ;
1453 1471 1500 1497 καὶ
1513 1471 1563 1497 οὐκ
1578 1469 1691 1502 ἀπεικός
1705 1477 1712 1484 ·
1725 1469 1838 1504 ἐπειδή-

207 1508 354 1543 doquidem
369 1518 450 1538 nemo
461 1511 506 1538 illa
519 1512 663 1547 excelsior,
673 1521 734 1548 qua:
744 1514 866 1542 omnium
879 1516 993 1543 maxima

1049 1527 1102 1554 περ
1119 1518 1178 1545 οὐδέ
1192 1526 1234 1549 τις
1246 1517 1396 1554 ὑπέρτερος
1418 1517 1504 1552 αὐτῆς
1515 1516 1659 1548 δέδεικται,
1676 1515 1837 1551 μειξοτέρας

208 1554 271 1582 fuit.
282 1555 380 1583 Horret
394 1557 506 1591 spiritus
515 1566 603 1591 meus,
614 1559 678 1587 dum
687 1560 818 1589 transitus
831 1561 869 1588 tui
884 1569 993 1597 niagua-

1048 1563 1132 1598 οὔσης
1151 1563 1297 1590 ἁπάντωνο
1314 1563 1420 1598 φρίττει
1437 1571 1488 1597 μου
1503 1561 1549 1589 οῦν
1564 1562 1596 1588 τὸ
1610 1562 1717 1597 πνεῦμα
1736 1561 1767 1588 τὸ
1790 1570 1839 1596 με-

208 1599 255 1631 lia.
265 1608 282 1627 o
296 1601 386 1637 Virgo,
398 1603 539 1638 recogitat.
555 1604 743 1633 Perhorrescit
758 1614 833 1634 mens
847 1614 918 1638 mea.
932 1608 993 1635 dum

1048 1609 1156 1644 γαλεῖον
1174 1609 1223 1644 τῆς
1247 1608 1439 1644 μεταστάσεως
1457 1617 1518 1640 σου,
1537 1603 1561 1634 ὧ
1580 1607 1712 1642 Πάροενε,
1734 1607 1841 1634 διενθυ-

209 1651 262 1674 tuae
284 1647 457 1676 domuitionis
488 1649 726 1679 admirabilitatem
754 1657 872 1686 reputat.
906 1652 993 1681 liceret

1048 1655 1197 1691 μούμενος’
1216 1654 1396 1690 ἐκπλήττεται
1410 1663 1462 1689 μου
1477 1655 1491 1681 6
1505 1654 1567 1686 νοῦς
1581 1653 1610 1680 τὺ
1624 1654 1674 1689 τῆς
1685 1654 1840 1689 κοιμήσεὼς

210 1694 299 1728 lingua
317 1701 388 1727 mea,
398 1694 462 1722 dum
481 1695 520 1723 tui
540 1697 727 1725 reviviscentis
739 1699 898 1734 mysterium
917 1707 993 1726 enar-

1048 1710 1096 1728 σου
1125 1701 1279 1736 θαυμάσιον
1302 1700 1544 1735 ἀναλογιζόμενος·
1567 1699 1719 1727 συνδέδεταῐ
1744 1709 1796 1736 μου
1820 1702 1838 1736 ή

209 1743 262 1768 rat.
272 1737 340 1766 Nam
350 1740 412 1774 quis
422 1740 504 1776 digne
511 1741 619 1769 auditas
627 1742 707 1770 faciet
718 1751 812 1771 omnes
822 1744 916 1772 laudes
925 1750 993 1778 tuas,

1048 1746 1154 1781 γλῶττα
1171 1746 1202 1773 τδ
1222 1746 1272 1781 τῆς
1295 1745 1461 1778 παλινζωῖας
1479 1746 1535 1781 (10)
1557 1754 1604 1773 σου
1625 1747 1775 1781 μυστήριον
1791 1746 1838 1773 ἐκ·

208 1790 237 1812 et
260 1786 383 1813 narrabit
407 1791 506 1814 cuncta
522 1788 656 1815 mirabilia
675 1789 740 1816 tua?
764 1789 894 1822 Quaenam
920 1799 993 1819 mens

1048 1792 1233 1828 διηγουμένη·
1262 1792 1303 1824 τίς
1330 1794 1385 1828 γάρ
1413 1793 1487 1819 ἐστιν
1513 1793 1627 1824 ἐκεῖνος,
1659 1793 1688 1824 ὃς
1718 1792 1840 1826 ἐπαξίως

208 1831 276 1857 satis
290 1831 400 1858 sublimi
424 1831 550 1860 facundia
570 1833 731 1868 eloquetur?
757 1842 881 1869 quaenam
904 1835 993 1871 lingua

1048 1838 1184 1870 ἀκουστὰς
1197 1838 1305 1873 ποιήσει
1315 1838 1405 1870 πάσας
1416 1838 1465 1870 τὰς
1475 1838 1590 1870 αἱνέσεις
1602 1846 1650 1865 σου
1659 1859 1667 1872 ,
1682 1838 1841 1874 διηγήσοιτο
1885 1839 1888 1841 ’

209 1876 368 1910 mugnisona
379 1877 550 1911 praedicabit?
559 1883 614 1911 tua,
624 1879 744 1914 inquam,
755 1881 851 1908 decora
860 1881 993 1916 el‘fabitur,

1048 1885 1138 1912 πάντα
1155 1885 1190 1912 τὰ
1206 1885 1348 1920 θαυμάσιά
1363 1894 1429 1917 σους
1445 1887 1521 1917 ποῖος
1538 1884 1602 1916 νοῦς
1617 1885 1765 1920 ὑψηγορῶν
1789 1887 1839 1920 ρη-

209 1929 253 1950 res
266 1926 327 1950 tuas
346 1922 493 1954 describet.
510 1923 608 1951 merita
626 1929 671 1952 tua
685 1925 775 1953 verbis
794 1926 939 1961 exprimet,
956 1927 993 1955 vel

1048 1931 1189 1967 τορεύσει;
1215 1932 1279 1958 ποτα
1300 1931 1411 1966 γλῶσσα
1437 1931 1664 1967 μεγαληγοροῦσα
1680 1931 1839 1965 φθέγξεται,

210 1974 256 1995 tua
272 1968 407 1996 mirabilia
421 1969 575 2004 exaequabit
592 1971 735 2006 mysteria,
749 1971 920 2000 celebritates
930 1992 937 2005 ,
957 1972 993 2000 fe-

1048 1977 1096 2004 καὶ
1122 1977 1157 2003 τὰ
1181 1977 1216 2004 σὰ
1242 1977 1356 2010 ἐξείποι,
1380 1977 1414 2004 τὰ
1438 1977 1473 2004 σὰ
1501 1977 1681 2012 παραστήσει,
1701 1978 1758 2008 τοῖς
1784 1979 1841 2009 σοῖς

208 2019 266 2041 stos
280 2014 340 2041 dies
350 2035 358 2047 ,
380 2013 571 2047 laudationes,
595 2016 742 2043 encouiia?
764 2016 946 2049 Quamobrem
962 2017 993 2045 ad

1048 2024 1214 2059 προσϐάλλει
1238 2025 1367 2060 ῥήμασιν,
1383 2024 1399 2060 ἤ
1421 2024 1475 2051 τῶν
1491 2025 1545 2051 σῶν
1564 2025 1714 2059 ἐφικνεῖται
1731 2025 1840 2059 θαυμα-

208 2059 261 2086 hoc
285 2067 395 2094 quoque
417 2061 574 2096 mysterium
591 2061 784 2089 celebrandum
808 2062 916 2090 infirma
943 2066 993 2095 est,

1050 2069 1115 2096 σίων
1145 2069 1272 2101 τελετῶν,
1303 2069 1496 2105 πανηγύρεων,
1529 2069 1642 2105 ἐορτῶν,
1673 2069 1838 2104 διηγήσεων,

208 2104 314 2132 viribus
327 2105 425 2140 impar,
440 2110 468 2133 et
482 2105 641 2141 attingendo
655 2114 738 2141 scopo
753 2106 842 2142 inepta
856 2108 993 2136 convinci-

1048 2115 1212 2151 ἐγκωμίων;
1234 2115 1294 2150 μεθ’
1313 2112 1351 2142 ὧν
1370 2104 1425 2142 ἐκαὶ
1450 2114 1499 2141 τοῦ
1529 2115 1662 2150 παρόντος
1688 2115 1840 2150 μυστηρίου

209 2155 263 2178 tur.
275 2151 316 2178 Tu
326 2152 397 2179 enim
415 2152 613 2187 superemiues,
628 2152 747 2185 excedis,
761 2152 993 2188 incnrporabilitel

1049 2161 1167 2194 ἀσθενεῖ,
1198 2162 1300 2193 ἀτονεῖ,
1334 2161 1527 2196 ἀποτυγχάνει,
1561 2161 1758 2196 ἀπελέγχεται·
1793 2161 1841 2188 καὶ

208 2205 322 2232 superas
338 2217 346 2230 ,
366 2197 520 2230 altitudine,
548 2197 743 2233 magnitudine,
770 2198 993 2226 sublimissimam

1048 2207 1104 2242 γὰρ
1130 2207 1285 2242 ὑπερέχεις,
1315 2195 1508 2243 ὑπερὸἀλλεις,
1534 2195 1728 2242 ύπερτερεύεις
1752 2208 1839 2241 ἀσυγ-

208 2244 357 2278 quamlibet
379 2244 441 2271 caeli
468 2248 595 2278 partem:
611 2243 762 2271 sanctitatis
781 2243 889 2278 quidem
911 2244 999 2278 splen-

207 2291 275 2317 dore
287 2290 375 2317 luccm
391 2289 466 2321 solis,
481 2288 640 2316 meritorum
658 2288 720 2323 jure
734 2289 891 2324 angelorum
908 2290 997 2325 digni-

209 2340 304 2368 talem,
314 2334 494 2369 etcujnslibet
508 2334 675 2369 incorporeas
689 2334 829 2362 rationalis
838 2335 998 2363 substantiae

209 2380 435 2409 iutellectualium
454 2384 482 2408 et
497 2379 706 2416 iutelligibilium
728 2380 869 2408 virtutum.

243 2481 271 2509 6.
287 2480 352 2515 Sed,
365 2488 383 2510 ο
397 2480 531 2510 illustrem
545 2479 771 2518 splendidamque
780 2500 788 2516 ,
802 2481 842 2509 sic
862 2482 934 2510 enim
952 2482 999 2510 lae-

243 2572 267 2589 “
281 2571 382 2601 Ezech.
399 2578 473 2605 xuv,
492 2569 522 2599 9.
558 2569 582 2587 ⁸⁸
598 2569 667 2598 Dan.
684 2578 715 2604 u,
736 2570 782 2598 45.

244 2650 305 2686 (l0)
320 2649 359 2678 De
375 2649 498 2690 Deipara:
506 2655 625 2690 corpole
646 2648 810 2690 resuscitato
823 2647 894 2690 etin
909 2648 995 2677 caelos

206 2683 361 2720 assumpto,
377 2683 489 2719 copiose
506 2683 770 2720 itemjrotltbellius
788 2683 815 2709 in
831 2683 915 2720 citato
928 2691 995 2720 ope-

206 2721 245 2748 ris
268 2717 344 2748 temo
371 2717 480 2746 dissert.
506 2718 551 2746 46.
575 2717 715 2745 Videndus
740 2717 853 2752 insuper
876 2717 993 2746 Benedi-

205 2761 267 2784 ctus
281 2754 361 2788 XIV;
377 2754 415 2782 De
438 2754 511 2789 festi:
535 2754 583 2789 lib.
598 2761 630 2786 ιι,
652 2760 713 2788 cap.
738 2752 766 2780 8.
786 2751 858 2789 lieni
883 2753 995 2789 attingit

208 2791 289 2818 etiam
303 2791 367 2818 Atto
383 2787 561 2817 Vercellensis
582 2789 610 2816 in
633 2787 761 2816 sermone
782 2787 828 2820 l7,
845 2788 916 2816 inter
932 2787 994 2816 illos

208 2832 222 2851 a
237 2825 317 2853 nobis
334 2825 432 2853 editos.
447 2825 519 2852 Inter
533 2829 624 2852 vetera
641 2823 743 2858 scripta
756 2823 859 2858 eminet
872 2822 993 2851 Pseudo-

212 2858 394 2896 Ilieronymus
418 2863 498 2888 tract.
515 2858 553 2887 De
577 2857 757 2894 assumptione
778 2857 811 2887 Β.
830 2857 936 2892 Μανία»,
958 2859 992 2887 ad

1047 2253 1158 2288 κρίτως,
1174 2254 1204 2279 ἐν
1217 2252 1279 2287 ὕψει
1292 2253 1339 2279 καὶ
1351 2252 1463 2288 μεγέθει
1477 2252 1524 2279 τοῦ
1540 2253 1679 2280 ἀνωτάτου
1699 2253 1794 2284 πόλου,
1811 2254 1841 2280 ἐν

1046 2297 1157 2332 ἁγνείας
1183 2296 1359 2332 λαμπρότητι
1385 2296 1432 2323 τοῦ
1456 2296 1570 2332 ἡλιακοῦ
1593 2297 1691 2331 φάους,
1710 2297 1739 2324 ἐν
1768 2299 1841 2330 παῤ-

1047 2343 1145 2380 ρησίας
1173 2342 1312 2369 οίκειώσει
1338 2343 1389 2378 τῆς
1409 2343 1558 2379 ἀηελικῆς
1580 2343 1669 2376 ἀξίας,
1685 2344 1776 2378 πάσης
1790 2344 1840 2378 τῆς

1045 2390 1128 2418 ἀΰλου
1144 2388 1192 2416 καὶ
1206 2388 1319 2424 λογικῆς
1330 2388 1424 2420 οὐσίας
1437 2388 1542 2425 νοητῶν
1555 2397 1587 2416 τε
1607 2389 1656 2416 καὶ
1670 2389 1772 2425 κερῶν
1789 2390 1838 2417 δυ-

1050 2435 1171 2470 νάμεων.

1088 2480 1125 2513 ς’.
1147 2480 1219 2508 Ἀλλ’
1234 2480 1257 2507 ὥ
1277 2482 1327 2517 τῆς
1349 2481 1499 2517 ἐπιφανοῦς
1516 2491 1565 2510 σου
1583 2483 1632 2510 καὶ
1646 2483 1778 2520 λαμπρᾶς
1796 2484 1840 2520 (δι’

1049 2649 1238 2678 Eustochium.
1258 2649 1365 2678 Studita
1389 2654 1481 2678 autem
1507 2654 1601 2678 noster
1619 2650 1838 2678 ecclesiasticam

1047 2686 1223 2714 traditiOnem
1240 2690 1332 2714 tenere
1345 2693 1376 2713 se
1389 2693 1463 2713 nunc
1479 2685 1582 2712 indicat
1596 2685 1731 2712 vocabulo
1742 2685 1839 2711 παλιν-

1046 2720 1200 2756 ζωΐαςηΕι
1225 2721 1334 2756 quidem
1364 2720 1487 2756 pluribus
1507 2719 1606 2756 verbis
1632 2719 1839 2756 Damascenus,

1045 2755 1184 2794 (πται-2,
1201 2753 1437 2794 _dé_dormiiione
1466 2755 1608 2791 Deiparze,
1633 2763 1664 2794 ιιἶ
1688 2754 1731 2794 ίέ.
1761 2753 1839 2794 Nunc

1045 2791 1114 2853 agd‘e
1131 2791 1314 2827 Epiphaniam
1329 2791 1494 2819 monachum
1509 2789 1597 2826 nuper
1611 2797 1627 2818 a
1640 2790 1677 2818 cl.
1699 2789 1838 2819 Dresselio

1045 2833 1060 2853 e
1081 2834 1088 2853 l
1104 2834 1159 2853 um.

1045 2830 1159 2854 editum.
