1921 3073
166 171 217 205 731

761 168 791 198 S.
810 163 1008 197 THEODORI
1034 164 1105 195 STU
1110 164 1207 195 DIT/E

1754 158 1808 189 732

164 227 266 263 angeli,
291 232 415 260 superate
429 224 524 252 liberte
551 222 672 251 civitatis
686 222 764 250 liberi
780 221 887 252 incolae,
903 220 960 247 imo
975 245 976 249 η

1028 228 1068 245 ηνω
1081 218 1187 250 πόλεως
1200 219 1251 253 τῆς
1271 217 1418 252 ἐλευθέρας
1432 213 1672 251 ὲλευῠεροπολτται
1682 233 1690 246 ,
1705 214 1723 249 ἦ
1739 222 1771 247 γε
1789 214 1807 248 ἠ

165 273 211 309 qui
237 272 304 300 estis
333 278 451 305 superna
486 270 532 297 illa
558 269 643 296 libera
661 268 870 303 Hierosolyma,
898 273 960 300 quae

167 322 256 346 mater
275 322 317 346 est
341 317 520 344 liberatarum
548 315 670 343 omnium
685 322 700 341 a
726 314 836 341 Christo
851 322 858 345 ;
871 311 960 346 angeli

170 363 309 390 animatus
337 360 528 388 intellectualis
542 360 624 395 ignis.
642 359 689 386 Dei
711 358 821 386 ﬂamma
838 357 961 384 ratiOna-

168 409 202 435 lis
218 417 226 441 ;
242 407 358 442 angelis,
375 406 468 438 lucidi.
482 405 593 437 excelsi,
610 408 755 439 acremque
767 403 964 430 transcenden—

169 458 213 481 les
230 452 325 480 aeterni
340 457 459 483 montes,
481 451 554 478 unde
570 458 620 478 nos
640 450 708 477 Deus
724 449 861 477 illuminat
877 449 963 475 mira-

169 499 257 526 biliter
269 507 285 525 α
299 498 430 524 montibus
443 497 551 524 aeternis
565 496 585 511 ³¹
600 503 609 523 :
624 495 713 530 angeli
726 495 860 530 janitores
874 493 964 529 parati

170 552 347 580 supernantm
365 544 470 572 sedium
496 548 578 578 atque
592 543 741 570 stationum
758 550 764 567 :
793 541 880 573 Quam
898 540 966 566 dile-

170 596 214 618 cta
227 596 288 617 sunt
302 590 472 617 tabernacula
490 594 535 616 tua
546 609 554 621 ,
572 589 682 615 Domine
702 588 834 615 virtutum
847 587 858 613 Ι
870 594 967 614 concu-

171 638 249 672 piscit
263 641 288 663 et
300 636 388 670 deﬁcit
399 636 488 662 anima
503 639 594 662 nostra
606 635 641 661 ad
653 634 726 661 atria
738 639 796 665 tua,
810 633 921 660 Domine
931 632 965 658 ³¹.

172 682 306 715 Quoniam
319 682 405 708 lumen
425 680 611 708 exsultationis
627 684 651 707 et
663 680 757 707 salutis
790 679 817 706 in
836 678 967 714 angelicis

169 730 303 764 justorunt
325 727 503 754 tabernaculis
519 726 542 742 ⁸³
553 735 562 758 ;
574 730 599 753 et
618 726 646 752 in
665 734 726 752 voce
743 725 930 753 euultationis
942 731 969 754 σε

172 775 358 809 confessionis,
379 773 406 800 in
416 773 512 808 jttbilis
526 772 686 805 feriantium
700 780 710 804 ;
725 773 753 798 in
772 772 829 799 loco
843 772 968 799 taberna-

173 822 226 848 culi
243 819 409 847 admirabilis
422 826 502 853 usque
516 818 550 845 ad
563 818 670 845 domum
688 817 735 844 Dei
754 818 788 851 ³⁸;
802 818 830 845 in
843 826 894 854 quo
908 826 968 845 om-

1011 265 1068 291 άνω
1092 264 1222 300 ἐλευθέρα
1241 262 1432 299 Ἰερουσαλὴμ,
1455 263 1472 297 ἡ
1499 262 1592 297 μήτηρ
1614 259 1725 286 πάντων
1752 260 1809 286 τῶν

1013 310 1215 344 συνελευθέρων
1237 308 1377 342 Χριστοῦ·
1403 307 1536 342 άγγελοι,
1560 306 1592 333 τὺ
1613 306 1738 341 ἔμψυχον
1761 307 1810 332 καὶ

1013 354 1106 388 νοερὸν
1122 354 1218 389 πῦρ,ή
1235 353 1332 389 λογικὴ
1347 353 1416 380 Θεοῦ
1431 353 1498 388 φλόξ
1509 362 1516 369 ο
1531 353 1644 388 ἄγγελοι
1659 353 1694 380 τὰ
1707 354 1809 388 φαεινά

1013 399 1062 426 καὶ
1076 399 1216 435 ὑπέρτερα
1227 399 1274 427 καὶ
1290 399 1418 435 μετέωρα
1430 399 1565 435 ὑπερόρια
1575 399 1624 426 καὶ
1634 399 1733 426 αἰώνια
1745 399 1807 434 ὅρη.

1014 445 1055 472 Δι’
1072 442 1117 472 ὧν
1128 444 1245 479 φωτίζει
1257 444 1336 479 ’ἡμᾶς
1355 444 1534 480 θαυμαστῶς
1550 444 1611 472 ἀπὸ
1628 443 1723 478 ὀρέων
1738 445 1809 471 aluo

1015 492 1106 519 νίωνθ
1119 491 1232 526 ἄγγελοι
1250 492 1401 527 πρόσκηνοι
1417 491 1581 527 ἐτοιμασταὶ
1597 490 1653 518 τῶν
1667 491 1724 518 ἀνω
1741 498 1809 525 σκη-

1016 537 1070 564 νῶν
1085 538 1133 564 καὶ
1147 537 1237 572 μονῶν
1246 544 1254 552 θ
1279 537 1326 570 Ὦς
1338 536 1477 572 ἀγαπητὰ
1488 537 1525 563 τὰ
1539 535 1724 570 σκηνώματά
1735 541 1809 567 σου,

1016 581 1105 616 Κύριε
1130 581 1191 608 τῶν
1204 580 1363 616 δυνάμεων
1374 580 1445 614 ίΕις
1462 580 1482 608 ἁ
1495 580 1634 608 ἐπιποθεῖ
1645 580 1695 607 καὶ
1709 580 1810 607 ἐκλει-

1016 634 1066 654 πει
1083 626 1103 660 ἢ
1121 626 1208 661 ψυχὴ
1226 625 1311 661 ἡμῶν
1331 627 1376 659 δίς
1399 626 1455 658 τὰς
1478 625 1576 658 αὐλάς
1597 633 1656 652 σου
1669 645 1677 658 ,
1708 625 1810 659 Κύριε.

1017 674 1097 701 Διότι
1123 672 1188 708 φῶς
1209 672 1420 708 ἀγαλλιάσεως
1446 671 1498 699 καί
1519 671 1671 706 σωτηρίας
1693 671 1730 698 ἐν
1745 670 1812 704 ταῖς

1017 718 1193 754 ἀγγελικαῖς
1213 717 1346 752 σκηναῖς
1368 717 1430 744 τῶν
1448 716 1592 744 δικαίων·
1604 716 1656 743 καί
1670 716 1706 743 ἐν
1723 715 1812 750 φωνῇ

1019 764 1228 800 ἀγαλλιάσεως
1239 764 1290 791 καὶ
1300 762 1552 798 ἐξομολογήσεως
1561 782 1569 796 ,
1592 762 1629 789 ἐν
1644 761 1731 796 ἤχοις
1746 761 1813 795 ἑορ-

1019 811 1178 842 ταζόντων,
1201 810 1235 837 ὲν
1250 810 1332 843 τόπῳ
1348 809 1470 843 σκηνῆς
1484 806 1670 843 θαυμαστῆς,
1684 807 1740 841 ἕως
1759 807 1814 834 τοῦ

174 876 218 894 nes
234 867 321 902 angeli
348 866 396 893 Dei
414 870 531 900 potentes
546 865 643 891 virtute
653 884 661 897 ,
681 864 808 898 facientes
822 872 969 892 sermonem

1028 857 1107 885 aluov
1126 856 1180 884 τοῦ
1195 855 1271 883 Θεοῦ
1284 863 1292 870 '
1315 856 1351 882 ἐν
1362 851 1386 890 ᾧ
1401 854 1516 887 πάντες
1527 854 1649 890 ἄγγελοι
1665 853 1752 886 Θεοῦ,
1766 853 1816 902 6v.-

174 913 231 947 ejus
244 895 289 946 ηας
303 911 330 939 in
344 919 399 946 quo
411 895 474 939 vita:
491 895 664 945 simplicitas.
680 895 791 945 paciﬁca
812 914 840 938 et
857 911 947 946 quieta
964 920 971 944 ;

1028 903 1110 931 ναῖοι
1131 902 1230 937 ὶσχύτ,
1249 901 1408 934 ποιοῦντες
1426 900 1480 928 τὸν
1499 901 1594 935 λόγον
1613 899 1725 927 αὐτοῦ·
1746 900 1775 926 ὲν
1793 895 1817 932 ᾧ

179 960 208 986 in
229 967 280 995 quo
303 963 342 986 est
358 967 467 994 magnus
479 963 504 986 et
530 958 708 993 formidabilis
721 966 803 993 supra
818 965 906 984 omnes
928 958 974 993 qui

177 1008 204 1032 in
216 1006 328 1032 circuitu
340 1005 397 1039 ejus
417 1009 478 1031 Iunt
507 1004 530 1020 ³⁸
550 1003 596 1036 ;ἰη
612 1011 667 1038 quo
696 1011 807 1030 sacrum
832 1002 972 1030 silentium

177 1051 383 1086 triumphalittm
399 1050 563 1085 hymnorum
579 1058 586 1083 ;
602 1049 628 1076 in
647 1056 701 1084 quo
721 1048 897 1075 ineﬂ‘abilium
914 1056 972 1084 my-

177 1097 258 1125 steria
275 1096 522 1124 sacratissimarum
539 1095 647 1122 laudum
663 1103 671 1127 ;
688 1095 715 1122 in
736 1102 792 1129 quo
824 1094 975 1122 invisibiles

179 1140 357 1168 revelationes
372 1139 571 1174 ineloquacium
598 1143 626 1166 et
641 1144 732 1166 tamen
750 1139 806 1166 late
825 1139 976 1166 audienda-
993 1170 999 1176 .

176 1193 237 1212 rum
259 1185 498 1221 hymnologiarum
514 1194 522 1217 ;
540 1185 567 1212 in
587 1193 640 1219 quo
661 1185 707 1211 lux
724 1185 792 1219 [sine
809 1192 922 1220 vespere
936 1184 977 1212 vi-

178 1231 260 1266 gilum
274 1231 367 1258 oculos
383 1231 518 1263 illustrat;
536 1230 563 1257 in
579 1237 635 1264 quo
658 1230 704 1257 Dei
730 1230 904 1257 intellectuali
927 1230 976 1257 ha-

179 1277 308 1307 bitaculo.
325 1277 432 1303 illorum
451 1281 492 1303 est
507 1281 645 1303 astrorum
667 1276 794 1303 collectio
806 1296 813 1308 ,
831 1276 973 1310 angelica-

179 1330 253 1353 rum,
273 1322 394 1356 inquam.
423 1322 565 1353 virtutum,
590 1322 670 1348 nobis
690 1324 722 1348 all
743 1322 857 1348 meliora
876 1321 974 1348 laven-

181 1368 248 1395 tium
269 1372 355 1395 :suut
374 1368 446 1395 enim
477 1367 567 1402 angeli
600 1367 626 1394 in
652 1367 834 1394 ministerium
861 1367 894 1394 ad
924 1374 975 1395 nos

181 1413 258 1441 missi
272 1421 287 1441 a
299 1414 365 1446 Deo,
376 1418 486 1448 propter
500 1421 548 1440 eos
563 1413 610 1448 qui
623 1413 738 1441 salutem
760 1417 825 1441 sunt
836 1412 974 1448 adepturi.

217 1501 246 1528 2.
262 1501 454 1536 Angelicarum
469 1501 602 1533 virtutum
619 1502 855 1536 incorporearum.
872 1501 919 1536 qui
932 1506 976 1530 est

184 1547 347 1574 immortalis
360 1548 505 1579 exercitus,
532 1552 694 1582 cooperator
708 1548 790 1575 simul
806 1547 852 1575 Dei
876 1552 904 1575 et
916 1548 970 1575 mi-

184 1593 281 1624 nister,
298 1592 412 1619 diversae
427 1597 491 1619 sunt
515 1593 659 1625 stationes,
682 1593 796 1620 diversae
815 1593 977 1628 appellatio-
992 1577 1013 1607 α

184 1647 244 1672 ttes,
261 1638 376 1666 diversae
392 1639 549 1673 dignitates,
565 1646 618 1666 una
637 1638 790 1666 substantia
807 1646 868 1673 qua:
888 1639 979 1666 varias

186 1684 268 1711 habet
283 1684 457 1719 operationcs
475 1693 482 1711 :
497 1689 562 1711 sttnt
587 1684 614 1710 hi
639 1683 751 1711 ordines
783 1684 977 1719 hymnologici,

185 1731 316 1758 caelorum
333 1731 471 1763 custodes,
486 1730 541 1757 Deo
558 1738 651 1758 coram
666 1734 788 1757 astantes
801 1739 808 1758 :
822 1735 887 1758 sttnt
900 1730 979 1758 ordi-

186 1785 235 1804 nes
263 1777 417 1808 interiores,
442 1782 469 1804 et
481 1777 544 1803 item
569 1776 718 1803 exteriores
745 1776 793 1811 qui
809 1781 892 1811 portae
917 1777 980 1804 coeli

187 1822 357 1857 appellantur
375 1830 383 1855 ;
398 1827 459 1849 sunt
472 1822 583 1849 ordines
599 1821 766 1856 superiores,
786 1827 813 1849 et
835 1822 898 1850 item
911 1821 981 1849 infe-

188 1869 277 1896 riorcs
290 1887 297 1899 .
313 1867 361 1903 qui
383 1867 572 1902 superioribus
588 1867 733 1901 aliquando
748 1868 876 1895 aiebant:
894 1868 982 1896 Attol-

189 1914 236 1941 lite
248 1918 356 1949 portas,
373 1905 521 1948 principes,
540 1913 668 1940 vestras"
688 1921 695 1939 :
710 1918 774 1941 sunt
804 1914 915 1941 ordines
934 1914 980 1950 qui

189 1962 313 1993 mittunt,
336 1965 401 1987 sunt
423 1960 505 1988 etiam
527 1960 574 1995 qui
597 1961 763 1988 mittuntur:
781 1966 846 1989 sunt
869 1962 980 1990 ordines

189 2008 236 2042 qui
254 2007 374 2038 initiant,
386 2011 413 2034 et
428 2007 491 2034 item
505 2007 551 2041 qui
566 2007 725 2034 initiantur:
742 2007 915 2036 diversorum
933 2016 982 2035 att—

191 2053 314 2088 gelorum
327 2052 428 2080 diversi
443 2056 508 2080 sunt
523 2052 644 2080 ordines.
659 2052 754 2088 Angeli
768 2060 815 2088 per
828 2060 919 2080 aerem
933 2061 982 2080 vo-

191 2098 287 2130 litant.
306 2103 461 2126 sanctorum
482 2098 590 2126 animas
603 2098 637 2125 ab
652 2098 740 2126 aereis
756 2098 899 2133 spiritibus
916 2106 981 2134 pro-

192 2149 325 2179 tegentes.
343 2143 400 2171 Hoc
417 2143 576 2179 signiﬁcans
599 2144 754 2179 patriarcha
781 2143 900 2172 Iacobus
924 2152 983 2171 mo-

192 2191 267 2218 riens
281 2190 389 2218 dicebat
402 2199 410 2217 :
425 2191 540 2225 Angelus
556 2190 601 2225 qui
623 2190 693 2216 eruit
707 2198 747 2216 me
757 2191 790 2217 de
807 2191 907 2217 curiatis
923 2199 981 2217 nta-

1025 950 1145 985 άπλότης
1158 949 1233 984 ζωῆς
1249 947 1378 983 είρηναία
1389 947 1436 974 καὶ
1448 946 1647 978 ἀστασίαστος,
1665 946 1714 972 Ἐν
1724 941 1750 978 ᾧ
1761 945 1817 979 μὲ-

1026 1005 1082 1032 ττις
1088 996 1138 1023 καί
1149 994 1274 1030 φοϐερός
1284 994 1370 1021 ἐστιν
1379 992 1429 1020 ἐπὶ
1437 992 1554 1025 πάντας
1563 991 1636 1024 τοὺς
1647 991 1818 1025 περικύκλῳ

1026 1042 1121 1071 αὐτοῦ
1134 1050 1141 1057 ·
1158 1042 1188 1068 ἐν
1207 1037 1230 1075 ᾧ
1242 1041 1259 1076 ὴ
1280 1040 1486 1076 κρυφιόμυστος
1507 1038 1571 1074 σιγὴ
1592 1036 1649 1064 τῶν
1674 1037 1819 1063 ἐπινικίων

1026 1089 1136 1125 ὕμνων·
1149 1089 1179 1115 ὲν
1194 1084 1217 1122 ᾧ
1232 1087 1262 1114 αι
1278 1086 1432 1122 ἀπόρρητοι
1446 1083 1609 1120 θεομυστίαι
1624 1083 1680 1110 τῶν
1694 1090 1819 1116 παναγε-

1027 1135 1135 1162 στάτων
1164 1134 1264 1162 αῐνων·
1295 1133 1324 1160 ὲν
1350 1128 1373 1166 ᾧ
1396 1132 1425 1158 αἱ
1448 1130 1562 1166 ἀόρατοι
1590 1129 1740 1164 θεοφωτίαι
1764 1128 1819 1154 τῶν

1026 1182 1190 1217 ἀφθέγκτων
1218 1179 1268 1208 καὶ
1289 1177 1458 1214 διαπρυσίων
1480 1175 1671 1212 ὐμνολογιῶν·
1696 1174 1727 1201 ἐν
1753 1170 1777 1208 ᾧ
1801 1174 1820 1209 ἡ

1024 1228 1174 1262 ἀνέσπερος
1185 1225 1342 1261 φωτοχυσία
1354 1224 1389 1251 τὰ
1402 1224 1495 1251 ἇῦπνα
1512 1222 1569 1250 τῶν
1584 1221 1742 1256 ἀσωμάτων
1753 1228 1822 1247 κατ-

1026 1273 1184 1307 αυγάζουσα
1200 1272 1330 1307 ὄμματα·
1347 1271 1376 1298 ὲν
1388 1267 1411 1305 ᾧ
1421 1270 1489 1304 οῐκῳ
1504 1267 1573 1295 Θεοῦ
1589 1266 1690 1303 νοερῷ,
1706 1266 1822 1293 ἐκείνων

1025 1318 1079 1345 τῶν
1106 1317 1231 1352 ἀστέρων
1253 1317 1362 1352 ἄγυρις,
1396 1313 1566 1350 ἀγγελικῶν,
1583 1312 1666 1347 λέγω.
1677 1311 1822 1347 δυνάμεων

1027 1364 1218 1399 συνεργουσῶν
1233 1363 1300 1398 ἡμῖν
1315 1362 1386 1397 πρὸς
1402 1361 1436 1388 τὰ
1452 1361 1607 1396 κρείττονα,
1617 1359 1661 1386 ἀεὶ
1675 1358 1746 1394 πρὸς
1758 1358 1821 1384 δια-

1026 1410 1121 1436 κονίαν
1134 1408 1204 1444 πρδς
1217 1409 1292 1444 ἡμᾶς
1303 1407 1336 1434 ἐκ
1350 1406 1420 1433 Θεοῦ
1434 1404 1678 1440 ἀποστελλόμενοι,
1695 1403 1742 1430 διὰ
1756 1402 1822 1434 τοὺς

1028 1455 1177 1491 μέλλοντας
1193 1454 1375 1490 κληρονομεῖν
1390 1451 1540 1487 σωτηρίαν.

1063 1500 1096 1535 β’.
1122 1498 1289 1534 Ἀγγελικῶν
1311 1498 1453 1533 δυνάμεων
1474 1496 1530 1523 τῶν
1547 1494 1713 1530 ἀσωμάτων,
1738 1502 1824 1529 στρα-

1027 1546 1174 1582 τευμάτων
1187 1544 1340 1576 ἀθανάτων,
1354 1544 1383 1570 ὲν
1396 1540 1437 1574 οἷς
1452 1541 1521 1568 Θεοῦ
1536 1540 1671 1575 ὑπουργοὶ
1691 1539 1761 1575 ὁμοῦ
1776 1539 1825 1565 καὶ

1032 1591 1185 1627 λειτουργοὶ
1206 1590 1334 1625 διάφορος
1347 1589 1365 1624 ἡ
1385 1587 1489 1620 στάσις,
1504 1586 1627 1621 διάφοροι
1641 1585 1669 1612 αι
1685 1591 1827 1620 προσηγοο

1034 1636 1101 1670 ρίαι,
1117 1635 1241 1670 διάφοροι
1256 1634 1284 1661 αί
1298 1633 1371 1666 ἀξίαι
1385 1653 1393 1666 ,
1409 1631 1459 1668 μία
1481 1631 1498 1666 ἡ
1520 1630 1611 1664 οὐσία,
1635 1629 1827 1664 πολυτρόπους

1033 1682 1132 1717 ἔχουσα
1153 1681 1204 1711 τὰς
1221 1679 1354 1715 ἐργασίας
1364 1686 1372 1694 ⁸
1388 1678 1481 1710 τάξεις
1496 1675 1695 1712 ὑμνολογικαὶ.
1711 1678 1759 1702 καὶ
1778 1675 1827 1702 οὐ-

1035 1727 1124 1763 ρανῶν
1139 1725 1323 1760 φυλακτικαὶ,
1337 1724 1385 1751 καὶ
1401 1723 1461 1759 Θεῷ
1482 1723 1594 1758 ἀμέσως
1608 1722 1826 1757 παραστατικαὶ,

1033 1772 1125 1806 τάξεις
1142 1773 1287 1807 ὲσώτεραι,
1303 1771 1394 1804 τάξεις
1413 1769 1556 1805 ὲξώτεραι,
1571 1768 1600 1795 αἶ
1616 1768 1665 1795 καὶ
1679 1768 1764 1794 πύλαι
1775 1767 1825 1794 οὒ-

1036 1818 1127 1855 ρανῶν
1141 1817 1409 1853 προσαγορεύονται·
1423 1814 1517 1847 τάξεις
1533 1813 1717 1850 ὑψηλότεραι,
1734 1812 1829 1844 τάξεις

1033 1864 1207 1899 κατώτεραι,
1241 1863 1270 1890 αῖ
1297 1862 1367 1897 πρὸς
1391 1861 1440 1893 τὰς
1464 1861 1605 1896 ἀνωτέρας
1628 1859 1694 1886 ποτε
1714 1859 1828 1893 ἔλεγον·

1036 1911 1138 1945 Ἄρατε
1146 1910 1257 1942 πύλας,
1267 1909 1294 1936 οι
1306 1908 1461 1942 ἄρχοντες,
1471 1906 1555 1942 ὑμῶν
1565 1914 1572 1921 ·
1586 1905 1678 1938 τάξεις
1693 1904 1831 1931 ἀποστέλ-

1033 1958 1139 1988 λουσαι,
1155 1956 1246 1988 τάξεις
1263 1953 1507 1988 ἀποστελλόμεναι,
1523 1952 1617 1985 τάξεις
1631 1949 1831 1986 μυσταγωγοῦ.

1035 2011 1092 2033 σαι,
1116 2000 1210 2034 τάξεις
1234 1997 1517 2035 μυσταγωγούμεναι·
1543 1995 1680 2030 διαφόρων
1702 1994 1830 2028 ἀγγέλων

1035 2048 1159 2083 διάφοροι
1175 2047 1202 2073 αἱ
1218 2046 1310 2078 τάξεις
1321 2053 1328 2060 ·
1343 2043 1455 2078 ἄγγελοι
1471 2041 1511 2078 τῷ
1520 2042 1582 2077 ἀέρι
1594 2041 1770 2076 ὲφίπτανται,
1778 2039 1830 2070 τὰς

1035 2094 1124 2130 ψυχὰς
1137 2093 1192 2120 τῶν
1203 2091 1291 2126 ἁγίων
1312 2092 1345 2117 ὲκ
1359 2089 1415 2116 τῶν
1432 2087 1597 2124 πνευμάτων
1607 2086 1656 2113 τοῦ
1668 2085 1750 2122 ἀέρος
1769 2085 1830 2111 δια-

1036 2140 1185 2173 σώζοντες·
1214 2138 1262 2165 καὶ
1282 2136 1362 2164 τοῦτο
1376 2134 1466 2170 δηλῶν
1484 2135 1499 2161 ό
1519 2133 1693 2168 πατριάρχης
1718 2130 1830 2162 Ἰακὼϐ,

1036 2195 1104 2222 φησι
1118 2184 1253 2212 τελευτῶν
1263 2191 1270 2199 ·
1288 2182 1316 2210 '0
1329 2181 1459 2216 ἄγγελος
1472 2181 1489 2207 ό
1496 2178 1647 2214 ρυόμενός
1658 2185 1697 2212 με
1707 2176 1743 2203 ἐκ
1758 2175 1833 2202 πόν-

195 2237 271 2264 iis".
303 2236 488 2270 Quamobrem
516 2235 621 2270 angelis
646 2236 782 2263 terrestris
813 2237 889 2264 orbis
915 2243 976 2263 cura

1035 2241 1095 2259 των
1104 2231 1164 2259 τῶν
1174 2228 1285 2258 κακῶν·
1298 2229 1338 2255 διδ
1351 2227 1399 2254 καὶ
1409 2226 1520 2261 ἄγγελοι
1529 2226 1579 2261 τὴν
1591 2223 1711 2258 ἐπιγείου
1728 2222 1833 2257 κόσμου

194 2283 342 2309 commissa
360 2287 417 2312 est.
432 2281 479 2308 Ι)ρὶ
494 2281 573 2316 jussu
588 2285 768 2316 opportunam
783 2281 976 2316 providentian

1035 2278 1169 2312 διοίκησιν
1184 2274 1396 2311 ὲμπιστεύονται
1411 2294 1418 2306 ,
1433 2272 1548 2308 νεύματι
1565 2269 1724 2304 Δεσποτικῷ
1739 2268 1833 2296 ποιού-

195 2328 394 2362 impendeutes.
412 2328 534 2362 Angelus
552 2327 701 2362 unicuique
717 2327 815 2355 anima:
832 2327 985 2354 Christiani

196 2374 252 2400 veri
269 2374 350 2400 datus
361 2377 403 2400 est
414 2381 428 2400 a
445 2372 500 2400 Deo
513 2373 546 2400 ad
557 2373 671 2400 tutelam
684 2377 711 2400 et
726 2373 963 2400 conservationem
976 2380 983 2398 :

197 2418 239 2445 Nc
250 2419 307 2450 des,
325 2418 425 2453 inquit,
444 2419 470 2445 in
488 2418 686 2445 commotionem
700 2418 791 2453 pedem
808 2422 894 2451 tuum,
906 2426 987 2453 neque

196 2466 320 2492 dormitet
343 2467 388 2500 qui
406 2465 521 2492 custodit
541 2470 564 2491 te
573 2465 607 2491 “.
623 2464 656 2491 Et
673 2472 769 2492 rursus
783 2472 790 2490 :
817 2463 906 2491 Videte
918 2485 926 2493 .
943 2464 987 2491 in-

197 2511 266 2546 quit,
284 2519 314 2537 ne
331 2519 407 2546 queat
420 2518 452 2537 ea;
466 2510 506 2537 Itis
523 2510 640 2536 minimis
653 2509 829 2536 contemnatis
844 2510 889 2544 qui
906 2508 934 2535 in
947 2517 989 2535 me

198 2557 307 2583 credunt
320 2565 329 2583 .'
343 2557 402 2582 diro
421 2556 491 2583 enim
505 2555 589 2588 vobis,
605 2555 669 2589 quia
692 2554 779 2588 angeli
797 2561 887 2580 eorum
901 2553 990 2580 vident

199 2602 291 2637 faciem
305 2601 397 2629 Patris
412 2602 462 2628 mai
475 2602 520 2636 qui
536 2602 562 2628 in
575 2600 646 2627 caelis
658 2604 696 2627 est
705 2599 737 2626 “.
753 2598 989 2632 Quemadmodum

199 2653 290 2675 autem
307 2647 424 2684 singulis
443 2648 501 2675 suis
517 2646 663 2673 animabus
681 2645 796 2680 angelus
809 2652 824 2671 a
838 2643 894 2671 Deo
909 2645 992 2672 dona-

199 2699 245 2722 tus
260 2699 322 2727 est,
338 2695 373 2722 ita
404 2694 488 2722 etiam
514 2693 666 2727 unicuique
685 2691 798 2726 integrae
817 2690 888 2718 lideli
917 2693 990 2727 genti

201 2748 274 2770 unus
298 2740 413 2776 angelus
427 2747 443 2768 a
457 2739 513 2766 Deo
529 2738 657 2773 provisor
672 2736 791 2764 traditus
803 2740 845 2764 est
859 2745 866 2764 :
883 2736 991 2765 Consti-

1038 2332 1114 2360 μενοι
1129 2323 1178 2358 τὴν
1197 2321 1357 2357 πρέπουσαν
1371 2319 1500 2354 πρόνοιαν
1511 2325 1519 2332 ·
1543 2316 1656 2351 ἄγγελος
1669 2315 1746 2351 πάσῃ
1757 2314 1832 2349 ψυχῇ

1037 2359 1200 2406 Χριστιανοῦ
1215 2366 1332 2400 ἀληθοῦς
1348 2365 1569 2400 ὲμπεπίστευται
1585 2362 1638 2389 ὑπὸ
1651 2360 1720 2388 Θεοῦ
1733 2361 1774 2392 εἰς
1787 2359 1836 2406 τή-

1039 2404 1119 2453 ρήσιν
1135 2415 1183 2442 καὶ
1197 2413 1356 2449 ἀντίληψιν·
1371 2410 1420 2445 Μὴ
1436 2409 1517 2445 δῴης
1530 2408 1597 2444 γὰρ,
1613 2406 1706 2443 φησὶν,
1719 2407 1764 2453 είς
1780 2404 1836 2432 σά-

1039 2452 1097 2492 λον
1115 2462 1169 2489 τὸν
1184 2460 1263 2487 πόδα
1275 2467 1346 2491 σου,
1357 2457 1408 2485 καὶ
1421 2458 1457 2484 οὐ
1472 2455 1619 2488 ηστάξει
1632 2455 1649 2481 ὁ
1663 2452 1836 2488 φυλάσσων

1042 2517 1090 2536 σε.
1105 2507 1162 2535 Καὶ
1175 2506 1272 2534 πάλιν·
1295 2504 1410 2539 Ὁρᾶτε,
1429 2502 1508 2538 φησὶ,
1520 2501 1564 2536 μὴ
1584 2499 1837 2534 καταφρονήσητε

1042 2554 1112 2587 ἑνὸς
1136 2552 1194 2580 τῶν
1220 2551 1392 2585 Max/artur-
1415 2549 1531 2576 τούτων
1550 2545 1610 2573 τῶν
1629 2545 1838 2572 πιστευόντων

1043 2601 1087 2633 εἰς
1107 2598 1178 2634 ἐμέ·
1199 2597 1276 2631 λέγω
1301 2595 1356 2630 γὰρ
1379 2593 1462 2629 ὑμῖν,
1478 2592 1524 2619 ὅτι
1540 2593 1568 2619 ol
1590 2590 1712 2626 ἄγγελοι
1735 2588 1838 2616 αὐτῶν

1042 2648 1196 2683 βλέπουσι
1214 2645 1247 2672 τὸ
1263 2643 1427 2679 πρόσωπον
1441 2641 1495 2668 τοῦ
1511 2639 1629 2674 Πατρός
1647 2646 1708 2673 μου
1719 2637 1786 2683 ντοῦ

1044 2681 1108 2727 τοῖς
1127 2690 1283 2727 οὐρανοῖς·
1302 2689 1360 2716 ἀλλ’
1380 2687 1487 2722 ἑκάστῃ
1503 2685 1554 2721 μὲν
1571 2685 1644 2720 ψυχῇ
1659 2683 1698 2715 ὡς
1714 2681 1841 2727 θεοσεϐεῗῖ

1044 2726 1160 2775 ἄγγελος
1174 2737 1228 2764 ὕπο
1243 2734 1311 2763 Θεοῦ
1328 2732 1496 2769 δεδώρηται’
1513 2730 1623 2765 ἑκάστῳ
1633 2729 1662 2756 δὲ
1676 2728 1732 2764 ὅλῳ
1749 2726 1840 2762 πιστῷ

240 2846 262 2863 ⁸¹
279 2846 350 2874 Psal.
365 2855 445 2879 uxv,
456 2847 482 2874 5.
512 2847 534 2862 ³¹
549 2845 620 2874 Psal.
636 2852 751 2876 Lxxxttt.
770 2845 797 2876 ἓ,
809 2845 837 2872 3.
875 2845 898 2861 ³³
916 2844 988 2872 Psal.
1005 2841 1156 2879 annulo:
1191 2839 1293 2879 "Petri.
1305 2836 1475 2879 mirand"
1495 2834 1570 2879 Psal.
1586 2841 1636 2879 (illi.
1652 2831 1699 2860 20.
1729 2831 1837 2860 "P531.

206 2869 753 2916 uniﬁiﬁ'sTW'fi’sat.’Gulf-i773
773 2869 842 2909 lien.
859 2869 1037 2912 XLVI'HTIGT
1052 2869 1169 2905 “'Psal.
1185 2883 1248 2910 cxx,
1266 2875 1294 2903 5.
1332 2874 1355 2890 ⁸ο
1367 2869 1473 2900 Matth.
1490 2878 1569 2902 mu,
1590 2869 1635 2896 {0.
