1921 3073
86 167 142 200 ’133

547 173 689 204 ORATIO
709 174 759 206 VI.
775 187 810 192 —
822 175 863 206 IN
886 176 1051 208 SANCTOS
1069 177 1242 209 ANGELOS

1671 176 1726 211 734

86 228 161 254 ἔθνει
181 225 222 258 εἷς
241 227 358 262 ἄγγελος
369 229 410 261 είς
426 229 555 265 πρόνοιαν
577 230 629 257 ῠπδ
642 230 710 257 Θεοῦ
723 231 880 266 παραδέδω-

939 234 983 260 ‘uit
1010 235 1200 269 emm,tnquit,
1221 234 1285 270 ﬁnes
1301 233 1418 269 gentium
1431 233 1573 261 secundant
1586 242 1725 261 numerum

86 281 134 300 ται
144 281 151 288 ·
170 274 303 307 Ἔστησε
318 274 374 308 γὰρ
388 293 395 306 ,
416 275 510 310 φησὶν,
534 275 601 310 ὅρια
613 275 710 303 ἐθνῶν
724 277 803 303 κατὰ
819 277 881 310 ἀρι-

88 319 167 354 θμὸν
184 318 323 354 ἀγγέλων
340 320 415 347 Θεοῦ
429 329 436 334 ·
453 320 486 347 δι’
507 321 631 355 ἀγγέλων
646 322 797 358 οὐρανίων,
813 323 881 349 Θεοῦ

90 364 253 400 μυστηρίων
267 365 314 391 ἐπὶ
327 364 380 400 γῆς
397 366 543 401 μετάδοσις
555 374 562 381 ·
577 367 611 393 δι’
627 367 762 400 ἀγγέλων,
778 367 882 395 ὑδάτων

91 410 139 436 sal.
162 410 261 445 πηγῶν
280 412 396 446 τήρησις
411 412 479 447 ὁμοῦ
496 421 526 439 τε
540 413 587 439 καὶ
603 413 691 444 ἴασιν
706 413 739 439 δι’
757 414 883 448 ἀγγέλων

90 457 147 487 soi;
165 456 251 489 ἀξίοις
264 457 427 493 πειρασμῶν
441 458 576 493 λύτρωσις
586 467 593 473 ·
607 459 796 493 Παρεμὸαλεῖ
815 459 882 493 τὰρ,

90 501 186 535 φησὶν,
210 501 340 536 ἅγγελος
356 502 467 537 Κυρίου
485 503 588 536 κύκλῳ
608 502 668 530 τῶν
690 503 884 538 φοϐουμένων

91 546 197 579 αὑτὸν,
212 547 262 573 καὶ
270 547 398 581 ῥύσεται
410 548 522 581 αὐτούς
534 556 541 563 '
557 549 592 575 δι’
607 549 732 583 ἀγγέλων
747 549 795 576 καὶ
811 558 883 584 μαρ-

90 591 183 626 τύρων
207 592 262 618 τῶν
285 593 420 627 λειψάνων
442 593 575 629 τήρησις·
599 594 707 628 Κύριος
729 594 883 629 φυλάσσει

90 637 191 664 πάντα
212 638 249 664 τὰ
269 638 345 666 ὀστᾶ
358 638 468 671 αὐτῶν,
493 639 517 665 ει
532 639 579 665 καὶ
599 639 803 675 μυστικώτερός
824 649 883 671 πως

89 683 197 709 τούτων
212 683 266 710 τῶν
282 683 384 710 ὀστέων
403 684 418 709 ὁ
432 683 511 718 λόγος
521 693 528 700 ·
545 684 580 711 δι’
594 685 720 718 ἀγγέλων
744 685 793 711 καὶ
813 684 882 712 Θεοῦ

90 727 240 762 τηροῦνται
259 727 456 763 θυσιαστήρια,
479 728 529 756 καὶ
546 729 605 756 ναοὶ
621 729 676 756 τῶν
700 730 804 756 πιστῶν
826 730 884 757 δια-

90 773 291 807 φυλάσσονται·
317 773 351 800 δι’
378 774 505 809 ἀγγέλων
529 774 636 810 δεήσεις
660 776 706 802 καὶ
732 776 884 811 προσευχαὶ

90 819 147 846 ἀπὸ
160 819 212 854 γῆς
226 819 296 855 πρὸς
310 819 426 854 οὐρανὸν
437 819 476 854 τῷ
487 819 546 855 Θεῷ
563 821 758 856 προσάγονται,
772 821 839 856 ὁμοῦ
852 829 883 848 τε

91 865 139 890 καὶ
155 865 183 890 αἱ
200 864 270 891 θεῖαι
288 864 386 899 δωρεαὶ
404 865 459 896 τοῖς
474 864 629 900 ἀνθρώποις
644 865 809 901 παρέχονται
819 875 826 881 '
838 867 883 893 καὶ

90 911 148 937 πᾶν
163 910 263 946 μικροῦ
279 910 334 937 δεῖν
348 910 395 937 ἐπὶ
413 910 467 946 γῆς
490 910 559 938 Θεοῦ
573 911 607 939 δι’
624 912 751 947 ἀγγέλων
767 913 884 940 τελεῖται

92 959 253 993 μυστήριον.

126 1003 162 1036 Υ.
183 1003 262 1030 Οὕτω
274 1004 339 1031 ποτὲ
353 1005 466 1040 τέταχεν
480 1005 494 1031 ὁ
506 1004 573 1036 Θεὸς
589 1004 718 1039 ἀψευστεὶ
731 1004 765 1032 τὰ
777 1004 884 1039 Χερου-

91 1047 142 1083 ϐὶμ
158 1048 247 1076 εἰδότα
263 1051 357 1085 τηρεῖν
372 1050 403 1076 τὸ
417 1050 496 1083 ξύλον
515 1050 566 1085 τῆς
584 1049 672 1085 ζωῆς.
689 1050 746 1081 τοῖς
762 1049 883 1081 ἀναξίοις

92 1095 260 1130 ἀπρόσιτον·
279 1095 350 1122 οὕτω
375 1096 541 1133 σχηματίζει
564 1096 604 1131 τῷ
633 1095 780 1131 Ἁϐραάμ,
807 1103 882 1131 τρισ-

92 1140 210 1174 άγγελον
225 1141 299 1177 αὖτῷ
315 1142 343 1168 ὲν
360 1142 425 1168 είδει
444 1142 550 1177 ἀνδρῶν
562 1142 713 1177 ἐπιστήσας
727 1141 818 1176 χορὸν,
838 1141 885 1167 τὸν

91 1185 236 1220 τρια-ἅγιον
253 1185 305 1220 τῆς
327 1185 442 1219 Τριάδος
465 1186 602 1221 μηνύοντα
624 1185 740 1220 θεσμόν·
761 1185 833 1212 οὕτω
853 1193 884 1212 τε

91 1230 172 1263 αὖθις
186 1231 233 1258 δύο
245 1231 349 1267 ταύτης
363 1232 413 1267 τῆς
423 1232 573 1267 ἁγγελικῆς
585 1231 701 1267 Τριάδος
712 1233 742 1258 ὲν
751 1232 885 1267 Γομόροις

91 1278 238 1313 ἐμφανίζει
252 1278 292 1313 τῷ
306 1279 380 1312 Λὼτ,
398 1279 506 1309 δεικνὺς
521 1278 566 1304 ὲπί
584 1286 611 1304 τι
626 1278 681 1304 τῶν
699 1279 788 1305 Excisa
802 1286 885 1312 τιμω-

94 1322 160 1358 ριῶν
179 1323 221 1349 ὃτι
245 1323 260 1349 δ
282 1322 377 1358 Πατὴρ
393 1324 482 1357 κρίνει
498 1323 604 1356 οὐδένα,
630 1322 698 1349 ἀλλὰ
720 1322 770 1358 τὴν
794 1323 885 1349 πᾶσαν

93 1368 185 1402 κρίσιν
208 1369 309 1395 δέδωκε
320 1369 361 1403 τῷ
375 1368 449 1404 Υἰῷ,
467 1368 659 1404 συμπαρόντος
673 1368 749 1404 αὐτῷ
770 1368 818 1395 καὶ
837 1368 885 1394 τοῦ

93 1413 174 1447 ἁγίου
197 1413 356 1448 Πνεύματος
371 1414 509 1449 φυσικῶς·
529 1413 600 1440 οὓτω
621 1414 669 1440 καὶ
688 1413 786 1440 Ἰακὼὸ
800 1413 885 1440 ὀπτά-

93 1467 171 1485 νεται
187 1459 341 1494 παλαιστὴς
352 1460 527 1494 ἅγγελος,εἱς
537 1459 621 1494 νόμου
635 1458 722 1486 τύπον
734 1458 781 1485 τοῦ
795 1459 827 1485 δι’
840 1459 887 1494 ἁγ-

92 1504 175 1538 γέλου
183 1504 349 1539 λαληθέντος
359 1514 366 1520 ·
377 1504 449 1532 οὕτω
459 1506 506 1532 καὶ
515 1505 629 1532 Mutina!
642 1505 682 1541 τῷ
696 1505 767 1532 πάνυ
777 1506 806 1532 ὲν
818 1506 886 1540 πυρὶ⁵

94 1552 193 1608 φλογὸς
200 1552 326 1587 ἀγγέλων
332 1554 346 1579 ό
355 1553 466 1588 πύρινος
473 1553 595 1588 ποταμὸς
602 1553 757 1586 ὀπτάνεται,
765 1553 815 1589 τὴν
822 1561 887 1589 ποη-
901 1579 923 1608 C

95 1599 179 1633 φόρον
201 1599 387 1633 πυράρδευτον
411 1598 574 1633 ἀλυμάντως
598 1598 773 1634 περιφλέγων
795 1598 886 1634 βάτον,

95 1644 311 1680 προδιαγράφων
320 1644 387 1671 Θεοῦ
398 1646 427 1671 ὲν
438 1644 623 1680 ἀκανῦηφόρῳ
629 1645 680 1680 τῆς
687 1645 825 1680 ἁμαρτίας
837 1645 888 1679 φύ-

95 1699 138 1717 σει
159 1690 266 1726 βροτῶν
293 1690 445 1726 ἁτύγχυτον
466 1691 580 1718 ἕνωσιν·
603 1690 675 1717 οὕτω
696 1691 730 1718 δι’
762 1691 888 1725 ἀγγέλων

94 1736 266 1772 ὠλοορεύετο
275 1736 335 1764 τότε
350 1737 465 1772 ταχίστῃ
479 1736 532 1763 τινὶ
546 1736 665 1771 ἀψοφητὶ
678 1737 751 1772 χειρὶ
762 1736 840 1771 ἁξιφὶ
854 1738 888 1772 τῇ

96 1784 175 1809 νυκτὶ
191 1782 391 1818 Φαραωνίτιδος
413 1782 496 1817 γονῆς
515 1782 551 1809 τὰ
568 1782 666 1818 πρῶτα.
678 1782 788 1817 νεογνὰ,
804 1782 891 1809 ἀϐλα-

96 1827 162 1859 6οῦς
174 1828 344 1863 τηρουμένου
368 1827 416 1855 τοῦ
430 1827 483 1855 τῶν
514 1827 650 1863 Ἐὃραίων
679 1827 780 1862 φύλου*
802 1827 891 1859 οὓτως

96 1874 256 1900 ωνεδοῦντο
269 1875 298 1900 ἐν
311 1874 414 1910 σχοίνῃ,
430 1873 564 1909 ἀγγελικῇ
589 1875 622 1908 τῇ
646 1873 720 1908 χειρὶ
753 1873 890 1908 ἁλινήκτῳ

97 1919 184 1954 βυθίῳ
202 1921 278 1954 πηγῇ
289 1939 297 1951 ,
313 1920 408 1952 ἄξονες
423 1920 479 1950 τοῖς
492 1919 569 1952 ἄξοσι
582 1919 631 1946 σὺν
644 1918 802 1954 τριστάταις
811 1926 891 1953 στρα-

96 1966 192 1999 τηγοῖς
209 1972 217 1980 ·
232 1965 293 1991 ὅθεν
306 1964 476 2000 καθορῶντες
489 1964 522 2000 δὴ
538 1965 562 1991 oi
584 1964 736 1999 ἀλάστορες
763 1964 814 1995 τὰς
838 1964 890 1997 ἀγ-

97 2011 212 2044 γελικὰς
239 2011 323 2042 αὑτὰς
340 2009 576 2045 συμποντιζούσας
605 2009 746 2044 δυνάμεις,
774 2009 888 2043 ελεγον

97 2057 242 2091 Φύτωμεν
253 2057 312 2083 ἀπὸ
321 2055 484 2090 προσώπου
496 2054 634 2089 Ἰσραὴλ,
649 2055 693 2082 ὅτι
698 2055 806 2088 Κύριος
814 2053 890 2088 ὑπὲρ

97 2102 200 2129 αὐτῶν
211 2102 339 2136 πολεμεῖ
354 2102 426 2135 τοὺς
436 2101 629 2136 Αἰγυπτίους.
639 2100 718 2127 Οὕτω
733 2100 803 2136 μετὰ
810 2099 892 2126 τοῦτο

97 2146 179 2178 αὖθις
193 2147 224 2172 ὲν
241 2147 330 2182 στύλῳ
358 2148 445 2182 πυρὸς
475 2146 631 2181 μορφωθεὶς
659 2145 776 2180 ἄγγελος
797 2145 889 2178 Θεϊος,

97 2193 196 2227 tam;
209 2193 248 2224 ὡς
261 2192 381 2227 Χριστὸς
396 2191 443 2219 τοῦ
456 2191 533 2225 λαοῦ,
555 2191 729 2219 ἅνεδείκνυτο
752 2191 888 2227 ἀπλανὴς,

933 281 1088 315 angelorum
1105 280 1155 307 Dei
1165 281 1199 308 ".
1217 280 1268 308 Per
1283 279 1412 307 caelestes
1425 279 1549 313 angelos,
1565 278 1611 306 Dei
1623 284 1725 315 myste-

932 326 973 353 ria
989 326 1050 353 orbi
1074 333 1209 353 terrarum
1225 325 1484 357 communicantur;
1501 332 1549 359 per
1563 324 1675 359 angelos
1695 324 1725 352 ﬁt

933 379 1066 407 aquarum
1083 371 1254 407 fontiumque
1271 370 1397 398 custodia
1411 370 1493 397 simul
1506 375 1533 397 et
1545 370 1660 402 medela,
1678 378 1726 405 per

933 418 1044 452 angelos
1069 417 1264 444 tentationibus
1290 415 1338 450 qui
1365 415 1439 450 digni
1465 420 1528 442 sunt
1555 415 1726 448 liberamur;

933 462 1144 490 Castrametatur
1162 463 1244 494 enim,
1259 461 1358 496 inquit,
1374 460 1483 495 angelus
1504 460 1609 486 Domini
1624 460 1652 486 in
1671 461 1726 486 cir-

933 509 1006 536 cuitu
1021 509 1168 535 timentium
1182 516 1258 540 eum,
1269 513 1297 534 ut
1312 507 1382 541 ipsos
1397 507 1488 533 liberet
1496 506 1536 539 “_:
1554 514 1602 540 per
1615 506 1727 541 angelos

934 559 1086 590 martyrum
1098 561 1206 589 quoque
1221 553 1344 587 reliquiae
1359 551 1555 579 custodiuntur
1568 558 1576 577 :
1596 551 1726 577 Dominus

934 601 1046 627 ctutodit
1070 600 1159 627 omnia
1183 607 1243 626 oua
1266 597 1399 630 eorum“,
1427 604 1585 632 quanquam
1610 596 1725 631 mystica

934 646 1026 682 potius
1053 645 1104 672 hoc
1121 645 1182 672 loco
1196 648 1238 671 est
1255 643 1359 671 ossium
1375 642 1536 677 appellatio;
1551 649 1599 676 per
1612 642 1726 676 angelos

934 693 1031 720 altaria
1057 691 1104 719 Dei
1128 690 1332 720 custodiuntur.
1356 692 1383 716 et
1406 688 1527 715 lidelium
1547 688 1647 722 templa
1664 695 1724 715 ser-

935 740 1048 770 vantur;
1065 745 1112 772 per
1128 736 1242 771 angelos
1264 742 1361 770 preces
1383 734 1578 767 orationesque
1594 733 1628 760 de
1650 737 1724 760 terra

935 785 961 812 in
980 784 1079 812 ctelum
1103 783 1136 810 ad
1161 782 1247 810 Deum
1265 780 1438 811 deferuntur,
1467 779 1607 813 simulque
1632 778 1725 806 divina

934 832 1004 860 dona
1023 829 1180 857 hominibus
1199 827 1379 859 exhibentur;
1398 833 1481 852 omne
1493 824 1611 859 denique
1623 831 1725 859 prope-

935 878 1048 905 modum
1069 877 1117 904 Dei
1132 874 1292 911 mysterium
1309 879 1357 907 per
1378 872 1493 907 angelos
1507 871 1533 898 in
1548 875 1620 898 terra
1642 870 1725 905 perﬂ-

937 925 1020 952 citur.
1668 927 1671 930 '

973 1000 1000 1026 5.
1021 998 1067 1026 Sic
1086 998 1151 1025 olim
1167 1005 1229 1024 vere
1243 996 1316 1024 Deus
1332 995 1475 1024 constituit
1489 994 1664 1023 Cherubinos
1678 994 1727 1029 qui

937 1045 999 1073 vitae
1015 1045 1118 1080 lignum
1134 1047 1196 1078 apte
1220 1042 1401 1074 custodirent,
1421 1049 1453 1068 ne
1481 1040 1602 1075 indignis
1623 1041 1674 1067 iter
1692 1039 1727 1067 ad

938 1090 1005 1118 illud
1022 1094 1135 1124 pateret.
1152 1087 1198 1115 Sic
1212 1088 1370 1114 Abrahamo
1383 1086 1501 1121 speciem
1519 1085 1628 1118 obtulit,
1640 1085 1727 1112 misso

938 1136 1052 1164 ad’eum
1068 1135 1151 1162 trium
1166 1134 1326 1168 angelorum
1342 1133 1370 1159 in
1389 1132 1508 1159 humana
1525 1130 1612 1158 forma
1631 1131 1727 1162 choro,

937 1181 985 1217 qui
1002 1180 1204 1208 sanctissimum
1227 1178 1369 1206 Trinitatis
1391 1177 1556 1212 signiﬁcavit
1572 1177 1726 1204 decretum.

939 1227 985 1254 Sic
998 1234 1095 1254 rursus
1112 1226 1181 1252 duos
1195 1232 1227 1252 ex
1243 1224 1287 1251 illa
1319 1223 1440 1258 angelica
1455 1221 1588 1249 Trinitate
1608 1221 1730 1249 ostendit

938 1272 1007 1299 Loto
1023 1271 1050 1298 in
1068 1269 1284 1298 Gomorrhorum
1304 1268 1381 1300 urbe,
1399 1275 1445 1302 per
1461 1275 1571 1302 pmnam
1596 1266 1632 1294 ibi
1655 1266 1729 1293 inlli-

939 1322 1011 1345 etam
1027 1317 1230 1347 demonstrans,
1247 1323 1262 1342 a
1279 1314 1360 1341 Patre
1377 1314 1515 1341 neminem
1532 1312 1664 1346 judicari,
1681 1311 1730 1339 sed

939 1370 1020 1391 omne
1033 1362 1166 1398 judicium
1177 1361 1248 1388 Filio
1271 1367 1332 1388 esse
1347 1359 1490 1388 traditum.
1507 1363 1603 1386 sancto
1622 1365 1731 1393 quoque

939 1408 1158 1437 substantialiter
1174 1407 1276 1443 Spiritu
1294 1405 1495 1434 intercedente.
1523 1404 1569 1431 Sic
1581 1405 1665 1431 etiam
1681 1403 1729 1431 Ja-

940 1456 1009 1484 cobo
1020 1455 1148 1491 apparuit
1163 1454 1280 1481 luctator
1294 1453 1419 1487 angelus,
1429 1452 1462 1479 ad
1478 1451 1545 1485 legis
1562 1455 1655 1486 typum
1668 1458 1731 1486 quae

940 1510 989 1537 per
1004 1502 1131 1537 angelum
1144 1501 1234 1528 edicta
1249 1499 1309 1526 l'uit.
1320 1498 1367 1526 Sic
1378 1499 1462 1525 etiam
1479 1497 1564 1533 Moysi
1581 1497 1619 1524 illi
1631 1504 1731 1531 magno

941 1548 969 1574 in
986 1547 1057 1583 ignis
1068 1546 1177 1573 ﬂamma
1193 1545 1355 1580 angelorum
1371 1544 1468 1579 igneus
1479 1543 1577 1570 ﬂuvius
1592 1543 1668 1569 visus
1677 1546 1730 1574 est,

941 1592 1088 1621 herbidum
1100 1591 1199 1618 rudum
1209 1589 1423 1625 igneirriganset
1431 1588 1490 1615 sine
1500 1587 1666 1614 detrimento
1675 1594 1733 1613 am-

939 1639 1051 1670 burens,
1060 1638 1225 1672 portendens
1239 1635 1344 1663 scilicet
1356 1634 1402 1661 Dei
1411 1640 1474 1661 cum
1490 1633 1601 1667 spinosa
1613 1631 1732 1666 peccatis

939 1684 1098 1713 mortalium
1114 1687 1210 1710 natura
1223 1680 1398 1709 iuconfusaut
1411 1679 1616 1707 adunatiouem.
1627 1677 1672 1704 Sic
1684 1684 1732 1712 per

939 1733 1052 1768 angelos
1064 1730 1208 1758 celerrima
1220 1728 1338 1764 quadam
1356 1727 1416 1754 sine
1431 1725 1521 1760 gladio
1533 1724 1734 1756 manu,silentc

939 1781 1030 1810 nocte,
1042 1774 1244 1804 Pharaoniticaa
1266 1773 1398 1809 genitura:
1405 1771 1484 1806 primi
1494 1769 1598 1798 surculi
1607 1776 1733 1804 pessum-

939 1823 995 1851 dati
1009 1822 1130 1854 fuerunt,
1149 1818 1280 1847 incolumi
1292 1817 1471 1844 Hebraeorum
1488 1813 1634 1849 populo.Si
1651 1820 1735 1847 auge—

939 1869 991 1897 lica
1006 1876 1101 1901 manu,
1117 1866 1183 1894 fune
1197 1864 1292 1896 veluti,
1308 1863 1411 1898 alligati
1430 1861 1551 1892 fuerunt.
1564 1863 1689 1887 natantes
1704 1859 1736 1885 in.

939 1911 1078 1952 profundo
1093 1918 1201 1948 stagno,
1218 1918 1284 1939 axes
1299 1909 1401 1936 axibus
1414 1929 1422 1941 ,
1434 1915 1497 1935 cum
1513 1905 1630 1933 ducibus
1641 1911 1673 1931 ac
1686 1904 1734 1931 tri-

941 1949 1033 1990 bunis.
1048 1959 1232 1993 Quamobrem
1246 1956 1286 1984 illi
1302 1954 1487 1984 exsecrabiles
1511 1951 1578 1979 visis
1602 1949 1735 1986 angelicis

940 2016 1002 2045 quae
1023 2004 1235 2040 submergebant
1247 2002 1403 2033 virtutibus,
1429 2000 1575 2027 dixerunt:
1592 1997 1735 2031 Fugientes

941 2042 1108 2086 acompectu
1120 2049 1230 2076 lsraelis
1240 2068 1249 2081 ,
1269 2048 1332 2082 quia
1350 2045 1479 2072 Dominus
1493 2051 1541 2078 pro
1558 2042 1616 2077 ipso
1635 2043 1735 2076 pugnat

941 2107 1037 2127 contra
1049 2096 1192 2132 ngyptios
1212 2094 1248 2122 “.
1273 2093 1318 2120 Sic
1332 2091 1432 2119 deinde
1454 2097 1552 2117 rursus
1578 2088 1629 2116 sub
1652 2087 1736 2122 ignea.-

941 2145 1076 2172 columnae
1093 2141 1184 2176 specie
1209 2138 1323 2174 angelus
1346 2136 1405 2169 Dei,
1431 2136 1487 2162 dux
1506 2134 1618 2162 minimo
1639 2132 1736 2160 devius

941 2191 1026 2220 veluti
1039 2188 1167 2217 Christus
1181 2185 1285 2221 populi,
1297 2183 1440 2218 apparuit;
1456 2181 1538 2216 cujus
1549 2179 1662 2215 pulcher
1675 2178 1737 2206 vul-

98 2236 130 2266 οὒ
144 2239 176 2265 τὸ
195 2238 292 2269 κάλλος
307 2238 355 2265 τοῦ
371 2237 518 2273 προσώπου
550 2238 665 2273 νεῳέλης
693 2238 887 2273 περιϐαλλόμε-

945 2241 989 2265 tus
1005 2234 1111 2263 nebulae
1131 2233 1219 2260 forma
1234 2231 1398 2262 obvolutus,
1425 2227 1559 2256 stationes
1583 2231 1737 2261 pausasque

99 2293 145 2317 νος
160 2282 241 2317 εἶδος,
259 2285 309 2316 τὰς
331 2284 461 2315 ἐπαύλεις
490 2284 539 2311 καὶ
559 2283 748 2316 καταπαύσεις
773 2283 812 2319 τῷ
836 2284 894 2320 λαῷ

97 2329 308 2357 διακελεύεται·
325 2329 398 2357 οὕτω
410 2329 579 2365 προσιόντων
596 2329 666 2365 πρὸς
683 2329 714 2356 τὸ
728 2329 777 2364 τῆς
810 2338 893 2365 νομο-

99 2376 196 2407 Θεσίας
211 2376 274 2411 apo;
292 2375 349 2402 τῶν
360 2375 611 2411 νομοθετουμένων.
628 2375 674 2402 διὰ
691 2375 823 2402 πλειόνων
842 2376 894 2410 ἀγ-

98 2422 189 2457 γέλων
198 2422 249 2453 τὰς
259 2420 406 2453 θεοτύπους
412 2421 534 2456 ἐδέχοντο
544 2421 662 2454 πλάκας,
675 2420 730 2448 τῶν
742 2421 792 2456 μὲν
797 2420 895 2456 ἠχούν-

98 2476 156 2495 των
172 2467 330 2501 σάλπιγγας
345 2467 415 2502 ἧχῳ,
433 2466 487 2493 τῶν
502 2466 532 2493 δὲ
543 2466 574 2493 τὸ
598 2466 662 2502 ὅρος
686 2466 894 2502 πυριμορφούν-

98 2522 166 2546 των,
181 2513 229 2540 καὶ
239 2513 327 2539 ἄλλων
343 2514 373 2539 ἐν
388 2512 481 2547 γνόφῳ
489 2511 537 2539 καὶ
548 2512 622 2547 ζόφῳ
636 2512 684 2538 καὶ
699 2511 799 2548 θυέλλῃ
812 2511 893 2538 τοῦτο

99 2558 335 2590 διακαπνιζόντων
350 2558 419 2593 πρὸς
433 2559 464 2585 τὸ
476 2558 598 2594 ῑμφοὸον
625 2557 798 2592 καταστῆσαι
814 2557 891 2590 λαὸν⁹

98 2603 171 2630 Θεοῦ
185 2603 303 2638 ἀφοϐίαν
318 2602 465 2631 νοσοῦντα·
480 2601 559 2635 αὖθις
573 2611 604 2630 τε
618 2603 702 2630 πάλιν
718 2603 752 2629 δι’
775 2603 893 2637 ἀγγέλου

105 2650 212 2685 Ἰησοῦς
230 2649 245 2675 6
259 2649 307 2676 τοῦ
322 2649 402 2684 Ναυῆ
413 2649 463 2685 τὴν
480 2649 552 2676 κατὰ
566 2648 620 2675 τῶν
645 2648 792 2684 ὁμοφύλων
811 2648 895 2684 εὐηγ-

98 2695 224 2730 γελίζετο
239 2696 318 2731 νίκην
328 2703 336 2711 ⁸
345 2695 393 2723 καὶ
404 2697 478 2727 ὅπως
493 2695 619 2726 πλείονας
627 2694 761 2729 ἀγγέλους
775 2693 815 2729 τῷ
827 2694 897 2730 ἁρχ-

99 2741 213 2776 αγγέλῳ
229 2741 394 2776 συνάψωμεν
418 2740 562 2776 (πείθομαι
579 2741 634 2776 γὰρ
659 2739 699 2774 τῷ
716 2739 822 2766 ἑαυτῶν
845 2740 895 2774 ἁρ-

99 2787 280 2823 χιστρατήγῳ
292 2787 337 2815 ἀεὶ
351 2785 619 2822 συνευφραίνεσθαι),
632 2785 749 2820 ἄγγελος
761 2785 810 2820 μέν
827 2792 895 2811 ποτε

944 2283 1032 2311 eidem
1044 2279 1142 2316 populo
1155 2277 1327 2312 deSignabat.
1344 2275 1382 2302 lta
1403 2273 1564 2301 accedentes
1574 2272 1608 2299 ad
1624 2270 1736 2305 legisla-

945 2327 1029 2356 tionis
1045 2330 1166 2353 montem
1180 2323 1210 2357 ii,
1225 2322 1326 2357 quibus
1338 2321 1380 2348 lex
1393 2319 1482 2347 danda
1497 2322 1566 2350 erat,
1582 2324 1630 2352 per
1645 2316 1737 2351 plures

945 2373 1058 2409 angelos
1071 2379 1087 2399 a
1102 2371 1157 2398 Deo
1168 2370 1285 2404 scriptas
1302 2370 1466 2402 receperunt
1481 2364 1600 2395 tabulas,
1618 2369 1736 2398 quorum

946 2407 995 2448 alii
1011 2418 1085 2446 tubis
1103 2415 1308 2452 personabant,
1330 2412 1376 2440 alii
1402 2415 1523 2439 montem
1544 2409 1622 2445 ignea
1648 2407 1739 2442 specie

945 2464 1110 2494 vestiebanl,
1133 2462 1180 2489 alii
1194 2459 1363 2488 obscuritate
1378 2456 1498 2486 tenebris
1518 2461 1599 2490 atque
1618 2452 1737 2489 procella

943 2513 1095 2538 mutantem
1108 2507 1184 2534 illum
1201 2505 1361 2536 reddebant,
1376 2507 1406 2530 ut
1425 2501 1668 2537 perterrefacerent
1688 2504 1739 2531 po-

943 2557 1050 2592 pulum,
1066 2553 1111 2582 cui
1125 2552 1225 2580 insitus
1239 2554 1297 2578 erat
1315 2549 1428 2576 morbus
1443 2547 1528 2574 Deum
1542 2553 1595 2572 non
1611 2542 1735 2570 timendi.

944 2588 1044 2631 i’ostea
1059 2607 1124 2627 vero
1149 2605 1197 2633 per
1221 2596 1348 2631 angelum
1363 2594 1442 2622 Iesus
1455 2598 1566 2627 quoque
1579 2589 1644 2617 Navi
1665 2588 1739 2616 illius

946 2646 1090 2678 victoriam
1110 2645 1142 2672 de
1169 2642 1347 2679 popularibus
1368 2639 1426 2668 suis
1451 2638 1564 2665 relatam
1589 2633 1736 2663 nuntiavit;

945 2693 1035 2727 Atque
1063 2694 1103 2718 ut‘
1121 2689 1214 2725 plures
1238 2687 1350 2723 angelos
1377 2683 1541 2718 archangelo
1564 2679 1737 2727 copulemus,

946 2726 1028 2766 credo
1039 2737 1111 2765 enim
1123 2743 1172 2764 eos
1182 2742 1246 2763 cum
1263 2741 1313 2762 suo
1325 2739 1431 2767 semper
1443 2731 1512 2758 duce
1526 2728 1553 2756 in
1565 2726 1664 2763 gaudio
1675 2733 1737 2752 ver-

948 2783 1016 2816 sari,
1034 2781 1148 2817 angelus
1161 2781 1226 2809 olim
1239 2777 1437 2814 Hierosolymis
1453 2774 1581 2804 lsraelem
1596 2771 1734 2804 vastabat,

135 2878 158 2895 "
182 2878 193 2905 ι
209 2877 276 2914 Reg.
297 2885 326 2911 ιι,
338 2877 366 2906 8.
404 2876 427 2893 ⁸⁸
445 2876 517 2904 Psal.
534 2883 632 2910 xxxnt,
647 2874 674 2903 8.
714 2874 737 2891 "
757 2873 823 2902 ibid.
838 2873 884 2901 21.

939 2873 945 2889 ⁵
960 2871 1047 2900 Exod.
1060 2878 1117 2905 ιιν,
1130 2869 1175 2898 ‘25.
