1921 3073
176 166 228 199 735

769 171 799 202 S.
818 169 1016 202 THEODORI
1036 169 1212 200 STUDIT/E

1758 170 1812 201 736

176 235 263 263 donec
277 242 393 270 magnus
401 235 486 264 David
499 236 583 266 boves
597 237 625 265 in
637 245 699 266 area
716 238 807 266 Sionis
822 238 968 266 immolans

1022 228 1048 254 ὲν
1071 226 1248 263 Ἰερουσαλὴμ
1264 226 1311 253 τὸν
1333 226 1440 263 Ἰσραὴλ
1452 225 1640 262 διωλόθρςυεν,
1665 226 1718 258 ἕως
1750 227 1813 254 ave

176 288 241 308 cum
256 281 322 316 ipsis
339 282 535 311 triturantibus
553 283 682 312 curribus
696 292 745 312 eos
768 285 867 312 obtulit
890 285 969 312 holo-

177 329 314 354 caustum.
335 327 424 362 Atque
441 328 478 355 ita
494 329 587 364 populi
608 330 715 365 plagam
731 330 860 357 inhibuit.
877 330 967 363 Quam

178 371 244 399 hinc
258 371 338 399 nobis
350 372 544 407 cogitationem
557 373 695 409 iniiciens,
711 376 754 402 vel
769 383 852 410 quam
872 376 968 403 admo-

178 417 311 444 nitionem
323 417 336 444 2
355 416 458 453 Nempe
469 419 542 453 quod
558 420 647 447 solum
660 428 708 455 per
719 421 810 448 crucis
828 421 900 455 ligna
919 421 969 449 ob~

178 464 263 491 latum
279 464 381 492 Christi
397 465 575 499 sacrificium,
592 467 639 495 Dei
655 467 724 494 iram
738 467 869 496 adversus
888 477 969 495 mun-

178 512 242 537 dum
254 510 369 538 sedavit.
387 511 446 539 lllic
459 512 532 540 enim
555 520 620 541 vere
639 521 756 549 magnus
780 513 827 542 Dei
852 513 969 543 Phinees

179 555 306 591 (zelator)
322 558 457 592 constitit,
469 557 596 594 factaque
609 567 659 595 pro
671 559 751 588 nobis
763 560 967 596 propitiatione,

177 602 272 630 clades
285 604 415 631 cessavit.

213 683 242 711 ι.
257 682 324 711 Illud
337 691 446 719 quoque
457 685 675 714 animadvertere
698 693 807 722 aequum
821 692 874 720 est.
899 696 970 724 quo-

179 729 253 756 niam
276 729 334 764 ipse
349 737 496 765 supremus
509 731 566 759 dux
593 732 677 760 trahit
695 740 746 761 nos
760 734 794 761 ad
814 735 968 763 orationem

179 773 215 801 de
245 774 350 809 angelis
386 775 619 810 prosequendam;
663 784 779 805 cumam
810 787 872 806 cum
914 781 971 808 sint

181 818 264 846 unius
289 826 386 848 omnes
418 820 589 855 substantiae,
615 829 670 850 non
701 831 785 851 unam
815 832 904 860 neque
930 825 969 853 si-

181 865 273 892 milem
311 864 425 900 ﬁguram
466 871 663 903 aspectumque
696 869 724 897 in
752 874 852 897 terram
887 871 970 898 adve-

181 910 286 939 nientes
310 911 457 940 ostendant
491 902 728 942 hominibusised
762 916 844 943 modo
877 902 1006 944 adole-B

181 957 369 985 scentulorum
384 958 502 993 speciem
519 966 576 994 prae
594 967 624 987 se
638 959 737 993 ferant,
748 962 828 989 modo
840 962 969 995 militum,

182 1002 329 1037 aliquando
342 1003 424 1031 etiam
437 1004 572 1038 equitum.
587 1005 653 1033 item
674 1007 835 1034 animalium
855 1015 904 1035 sex
919 1008 970 1036 alis

181 1052 208 1075 et
219 1047 312 1076 multis
340 1049 428 1077 oculis
450 1049 659 1085 instructorum,
697 1053 810 1087 insuper
845 1053 969 1087 leonum,

181 1093 275 1126 boum,
290 1094 455 1130 aquilarum,
476 1095 612 1124 interdum
634 1097 716 1125 etiam
728 1106 861 1133 equorum
875 1099 968 1135 igneo-

182 1145 264 1170 rum.
292 1146 398 1167 necnon
428 1144 549 1168 rotarum
575 1147 602 1168 et
636 1150 766 1171 curruum
782 1143 886 1172 ?Divus
905 1152 970 1180 ergo

182 1181 266 1211 Isaias
281 1191 342 1211 cum
355 1185 477 1212 divinam
489 1185 563 1213 illam
576 1186 700 1222 adeoque
716 1189 886 1216 tremendam
903 1190 971 1218 vidit

182 1226 352 1256 Dominicam
368 1230 520 1258 sessionem
543 1232 570 1258 in
600 1233 711 1260 sublimi
728 1233 838 1267 throno,
863 1235 890 1262 in
914 1242 970 1269 quo

183 1274 225 1308 (ut
244 1273 303 1308 ipse
320 1274 441 1310 videbat)
459 1276 580 1305 universi
592 1278 686 1306 mundi
706 1278 777 1306 Deus
803 1280 970 1313 considebat,

183 1319 303 1347 astitisse
315 1320 384 1348 dixit
397 1320 434 1348 illi
450 1321 476 1348 in
501 1321 588 1350 forma
606 1330 652 1351 sex
671 1324 722 1351 alis
747 1325 890 1358 instructa,
916 1326 971 1353 cel-

182 1364 308 1392 sissimas
320 1366 505 1401 angelicorum
520 1367 601 1395 simul
623 1372 650 1396 et
668 1369 879 1397 clterubicorum
894 1371 970 1397 ordi-

183 1418 249 1437 num
267 1415 414 1445 potestates
427 1421 434 1446 ;
455 1416 482 1439 et
496 1412 604 1441 duabus
616 1414 727 1449 quidem
742 1415 793 1442 alis
808 1415 891 1443 facies
905 1423 971 1444 suas

184 1456 299 1487 velasse,
317 1456 378 1485 aliis
392 1465 457 1485 vero
483 1458 590 1487 duabus
625 1460 708 1495 pedes
734 1469 800 1489 suos
826 1462 970 1497 operuisse

185 1500 304 1536 [duabus
312 1501 430 1538 denique
449 1504 560 1539 reliquis
579 1505 687 1534 volasse
699 1505 747 1542 ".]
763 1505 823 1534 Jam
839 1507 905 1535 dum
923 1516 971 1536 su-

182 1553 282 1581 pernas
295 1551 377 1581 atque
386 1548 528 1577 inferiores
536 1555 627 1585 partes
636 1551 874 1587 circumtegerent,
885 1552 970 1587 signi-
982 1569 1005 1598 ο

182 1591 301 1620 ﬁcabant
319 1593 453 1628 videlicet,
473 1595 524 1622 hac
539 1596 631 1624 oblata
657 1597 758 1631 specie,
783 1602 839 1624 tum
862 1598 970 1633 superis

182 1637 210 1664 in
225 1638 305 1672 ctelo,
333 1643 390 1666 tum
406 1639 502 1668 inferis
517 1641 543 1668 in
557 1645 629 1669 terra
648 1642 786 1671 invisibile
800 1651 870 1676 esse,
891 1651 970 1670 area-

182 1690 260 1716 nttm,
283 1688 311 1711 0t
329 1685 466 1713 obtectum
488 1686 639 1715 divinitatis
665 1688 835 1724 mysterium.
860 1688 908 1716 Vel
934 1689 970 1716 ob

182 1729 209 1757 id
224 1729 342 1758 fortasse
358 1736 503 1767 utramque
527 1733 728 1761 extremitatem
754 1734 890 1770 tegebant,
905 1735 970 1769 quia

181 1780 227 1802 res
240 1779 304 1803 ante
318 1774 366 1803 Dei
394 1775 476 1804 Verbi
492 1777 648 1813 Christique
668 1780 702 1807 de
722 1779 792 1807 etelo
821 1780 970 1807 adventum

182 1819 472 1854 iucompreltensibiles
485 1829 559 1854 sunt.
574 1823 694 1859 itemque
709 1824 762 1852 illa:
774 1830 835 1860 post
846 1825 969 1860 ejusdem

182 1865 411 1900 assumptionem.
434 1867 560 1895 Attamen
578 1869 675 1896 mediis
685 1869 750 1902 illis,
764 1878 826 1903 qua:
839 1870 969 1898 incarna-

182 1910 268 1939 tionis
280 1915 402 1947 tempore
416 1919 581 1947 evenerunt,
599 1914 713 1942 credens
732 1914 853 1943 Ecclesia
870 1916 898 1943 in
914 1923 971 1944 co:-

183 1956 239 1984 lum
258 1961 388 1993 tanquam
399 1958 450 1987 alis
465 1959 602 1987 convolat.
623 1959 751 1989 Fortasse
778 1961 841 1988 item
857 1969 906 1997 per
919 1961 972 1990 hoc

183 2002 289 2029 vultum
315 2003 469 2038 pedumque
506 2004 701 2039 velamentum,
734 2006 814 2034 nobis
852 2007 972 2034 innuunt

183 2046 350 2074 sanctissimi
374 2047 529 2083 Seraphini,
547 2057 635 2085 neque
657 2050 765 2078 initium
785 2059 874 2087 neque
888 2052 971 2080 tinem

183 2091 284 2120 divinat
296 2098 402 2121 natura!
416 2095 545 2130 spectari,
561 2102 610 2123 aut
624 2097 781 2132 comperiri,
793 2103 841 2125 aut
855 2098 972 2134 intelligi

184 2145 276 2173 posse.
292 2137 361 2166 Nam
379 2140 457 2168 faciei
485 2145 673 2176 tegumentum
696 2142 910 2172 iuvisibilitatem
925 2145 973 2172 de-

185 2187 260 2212 notat
277 2185 404 2213 increatae
416 2191 520 2215 natura:
531 2196 539 2221 ;
552 2189 634 2224 pedes
645 2194 734 2217 autem
744 2190 864 2219 vicissim
876 2191 970 2224 velati,

1021 271 1108 307 μέγας
1120 271 1204 298 Δαὸὶδ
1216 271 1280 303 τοὺς
1292 272 1322 298 ὲν
1335 272 1368 306 τῇ
1385 270 1443 306 ἅλῳ
1463 271 1514 306 τῆς
1540 271 1610 298 Σιὼν
1639 271 1812 307 θεοθυτήσας

1020 317 1096 353 βόας,
1111 319 1141 344 ὲν
1152 318 1209 350 τοῖς
1229 317 1400 353 ἁλωηφόροις
1417 317 1530 349 τούτους
1559 317 1743 348 όλοκαύτωσε.
1761 318 1812 344 καὶ

1017 363 1091 390 οὕτω
1115 363 1166 400 τὴν
1193 363 1241 390 τοῦ
1267 363 1333 390 λαοῦ
1359 363 1468 400 πληγὴν
1500 363 1620 390 ἔπαυσεν
1636 372 1644 380 ο
1663 363 1706 390 ἵνα
1720 363 1748 390 τί
1756 363 1812 390 πά-

1019 408 1121 444 θωμεν,
1137 409 1185 436 καὶ
1215 409 1243 436 τί
1257 408 1449 444 παιδευθῶμεν
1462 417 1469 442 ;
1482 410 1524 436 ότι
1535 409 1602 445 μόνη
1611 410 1628 445 ἠ
1643 409 1687 436 διὰ
1696 410 1751 436 τῶν
1763 409 1812 442 εύ-

1019 456 1073 483 λων
1089 455 1137 482 τοῦ
1154 456 1272 491 σταυροῦ
1287 456 1503 492 προσενεχθείσα
1520 455 1639 492 Χριστοῦ
1653 456 1738 483 ουσία
1757 457 1811 491 τὴν

1018 501 1067 528 τοῦ
1082 500 1151 528 Θεοῦ
1166 501 1283 536 ἀπειλὴν
1297 502 1348 536 τῆς
1360 500 1526 536 οἰκουμένης
1543 501 1719 528 κατέπαυσεν
1732 508 1740 516 '
1751 501 1812 527 ἐκεῖ

1018 547 1084 583 γὰρ,
1100 546 1140 579 ὡς
1152 547 1260 582 ἀληθῶς
1271 547 1285 574 ό
1298 546 1387 582 μέγας
1398 547 1467 574 Θεοῦ
1487 546 1582 578 Φινεὲς
1595 546 1673 582 ἔστη.
1689 546 1739 573 καὶ
1764 546 1812 580 ἐξ·

1020 591 1130 618 ιλάσατο
1141 591 1213 628 ὑπὲρ
1226 591 1316 627 ⁴ἡμῶν,
1327 591 1374 618 καὶ
1388 591 1526 618 ἐκόπασεν
1539 591 1557 626 ή
1572 590 1699 626 θραῦσις.

1053 679 1087 706 δ’.
1098 678 1241 714 Σκοπῆσαι
1256 679 1286 706 δὲ
1300 678 1381 714 θέμις
1391 680 1514 713 κάκεῖνο,
1524 678 1573 706 τοῦ
1585 680 1811 715 ἀρχιστρατήγου

1019 725 1094 760 ἡμᾶς
1106 724 1343 760 χειραγωγοῦντος
1361 725 1409 752 ἐπὶ
1421 724 1470 752 τοῦ
1495 724 1550 752 τῶν
1565 724 1692 759 ἀγγέλων
1707 725 1790 759 λόγου
1801 733 1810 741 ·

1020 771 1079 802 πῶς
1091 768 1139 798 οὖν
1158 771 1224 806 μιᾶς
1237 770 1333 802 οὐσίας
1349 770 1427 802 ὄντες
1439 771 1471 798 οὐ
1488 770 1553 806 μίαν
1569 770 1631 797 οὐδὲ
1647 771 1747 806 ὁμοίαν
1759 771 1812 806 τὴν

1022 817 1128 853 μορφὴν
1140 816 1189 844 καὶ
1203 816 1253 853 τὴν
1264 816 1398 844 ὀπτασίαν
1411 817 1459 843 ἐπὶ
1472 817 1523 853 γῆς
1538 817 1736 852 ἐπιδημοῦντες
1747 818 1812 844 ἐπι-

1020 862 1173 889 δείκνυνται
1190 862 1365 898 άνθρώποις;
1391 862 1460 890 ἀλλὰ
1491 862 1556 889 ποτὲ
1582 864 1632 898 μὲν
1655 863 1811 889 νεανίσκων

1022 908 1129 944 μορφὴν
1143 909 1355 942 ἐπιδείκνυνται,
1373 909 1439 935 ποτὲ
1453 908 1482 935 δὲ
1497 909 1685 944 στρατιωτῶν,
1700 908 1748 934 καὶ
1759 908 1809 935 άλ-

1020 954 1081 980 λοτε
1101 954 1219 986 ἱππέων,
1235 954 1282 981 καὶ
1297 954 1379 981 πάλιν
1395 954 1587 991 ἑξαπτερύγων
1610 954 1658 981 καὶ
1686 954 1810 989 πολυομ-

1021 1000 1124 1035 μάτων,
1152 999 1201 1026 καὶ
1218 998 1297 1032 αὖθις
1321 1000 1447 1032 λεόντων,
1471 998 1531 1027 εἶτα
1553 999 1634 1036 βοῶν,
1660 1000 1708 1027 καὶ
1727 1000 1810 1027 πάλιν

1020 1045 1118 1078 ἀετῶν,
1133 1045 1197 1072 ποτὲ
1208 1045 1237 1072 δὲ
1257 1046 1305 1072 καὶ
1325 1046 1417 1072 ίππων
1432 1045 1565 1080 πυρίνων,
1586 1046 1634 1072 καὶ
1648 1046 1729 1073 πάλιν
1744 1054 1810 1080 τρο-

1020 1090 1076 1126 χῶν
1092 1090 1139 1117 καὶ
1165 1090 1318 1126 άρμάτων;
1343 1091 1459 1123 Ἠσαίας
1486 1091 1536 1127 μὲν
1550 1091 1598 1119 οὖν
1623 1092 1638 1118 ό
1667 1092 1749 1124 θεῖος,
1764 1092 1811 1118 ὅτε

1019 1137 1070 1172 τὴν
1084 1135 1160 1163 θείαν
1170 1137 1217 1163 καὶ
1231 1137 1457 1172 φρικωδεστάτην
1470 1137 1581 1172 ἐκείνην
1597 1138 1645 1164 καὶ
1673 1139 1809 1164 Δεσποτι-

1020 1182 1071 1218 κὴν
1085 1182 1232 1219 προεδρίαν
1251 1182 1297 1209 τοῦ
1313 1183 1386 1210 θείου
1415 1183 1577 1219 καθεώρακε
1594 1183 1703 1218 θρόνου,
1717 1184 1747 1209 ἐν
1775 1179 1810 1217 ᾧ,

1020 1229 1058 1260 ὡς
1072 1227 1156 1263 ἐώρα.
1173 1228 1296 1264 ένίδρυτο
1311 1229 1326 1255 ό
1337 1229 1392 1256 τῶν
1409 1229 1479 1256 ὅλων
1509 1229 1587 1262 Θεὸς,
1603 1231 1632 1256 ὲν
1658 1229 1811 1265 έξαπτερύ-

1020 1280 1077 1307 των
1089 1273 1155 1299 εῐδει
1179 1273 1347 1308 παριστάναι
1364 1274 1482 1309 ἔφασκεν
1510 1274 1585 1310 αὐτῷ
1610 1275 1660 1306 τὰς
1678 1276 1811 1301 ἀνωτάτω

1020 1318 1075 1345 τῶν
1084 1318 1238 1352 άγγελικῶν
1243 1319 1311 1354 όμοῦ
1319 1319 1368 1346 καὶ
1377 1320 1546 1355 χερουδικῶν
1553 1320 1657 1353 τάξεων
1667 1321 1809 1355 δυνάμεις·

1021 1363 1069 1390 καὶ
1084 1365 1146 1395 ταῖς
1158 1363 1231 1400 [eod.
1245 1365 1274 1391 αι
1286 1372 1335 1400 pro
1349 1365 1421 1401 ταῖς]
1446 1366 1496 1401 μὲν
1508 1365 1579 1399 δυσὶ,
1599 1367 1677 1401 φησὶ,
1694 1366 1809 1402 πτέρυξι

1020 1409 1055 1436 τὰ
1067 1410 1157 1437 οίκετα
1184 1411 1386 1439 συνεκάλυπτον
1401 1412 1548 1448 πρόσωπα,
1572 1413 1634 1444 ταῖς
1662 1413 1692 1440 δὲ
1713 1414 1810 1445 ἄλλαις

1020 1455 1082 1482 δυσὶ
1100 1456 1164 1488 τοὺς
1183 1456 1300 1488 οίκείους
1312 1457 1396 1489 πόδας
1410 1458 1587 1490 συνέσκεπον,
1605 1457 1664 1494 [καὶΙ
1679 1460 1741 1490 ταῖς
1752 1459 1801 1485 δυ,

1022 1501 1065 1528 σὶν
1078 1501 1239 1538 ὲπέταντω]
1256 1503 1291 1529 τὰ
1303 1503 1360 1530 ἄνω
1373 1504 1465 1531 καὶτὰ
1492 1505 1568 1531 κάτω
1589 1513 1623 1531 πε
1629 1505 1811 1540 ρικαλύπτου-

1022 1556 1067 1575 σαι
1083 1548 1154 1583 μέρη
1165 1556 1173 1563 ·
1190 1549 1372 1584 σημαίνουσαι
1392 1550 1440 1584 μὲν
1462 1549 1506 1576 διὰ
1533 1550 1579 1576 τοῦ
1596 1550 1812 1586 ὕποδείγματος,

1020 1594 1062 1621 ὅτι
1078 1595 1126 1621 καὶ
1138 1595 1195 1625 τοῖς
1207 1594 1264 1621 ἄνω
1275 1595 1304 1622 ἑν
1329 1595 1448 1631 οὐρανῷ,
1464 1596 1512 1622 καὶ
1525 1597 1582 1628 τοῖς
1609 1597 1685 1624 κάτω
1701 1597 1749 1623 ἐπὶ
1756 1598 1812 1631 γῆς

1019 1639 1134 1675 ἀόρατον
1149 1641 1197 1667 καὶ
1208 1640 1372 1676 ἀπόκρυφον
1384 1642 1433 1668 καὶ
1447 1642 1711 1677 συγκεκαλυμμένον
1724 1643 1814 1678 ὑπάρ-

1020 1693 1063 1720 χει
1077 1685 1107 1712 τὺ
1118 1685 1167 1721 τῆς
1178 1685 1307 1721 θεότητος
1322 1687 1474 1723 μυστήριον
1487 1696 1495 1704 ·
1518 1687 1535 1723 ἢ
1561 1688 1632 1723 τάχα
1656 1688 1701 1715 διὰ
1728 1688 1813 1715 τοῦτο

1019 1732 1071 1764 τὰς
1085 1732 1173 1768 ἀρχὰς
1187 1735 1234 1761 καὶ
1246 1734 1281 1760 τὰ
1297 1734 1361 1769 τέλη
1377 1734 1496 1761 ἔσκεπον
1510 1734 1694 1767 διδάσκοντες,
1707 1735 1750 1762 ὅτι
1762 1735 1813 1762 καὶ

1019 1777 1054 1804 τὰ
1065 1778 1119 1813 πρὸ
1134 1779 1312 1811 καταϐάσεως
1328 1780 1376 1806 τοῦ
1389 1780 1477 1814 Λόγου
1489 1781 1536 1807 καὶ
1545 1780 1613 1807 Θεοῦ
1625 1781 1670 1807 καὶ
1688 1779 1811 1815 Χριστοῦ

1021 1823 1212 1859 ἀκατάληπτα,
1229 1824 1362 1858 ὡσαύτως
1375 1826 1423 1852 καὶ
1433 1826 1468 1852 τὰ
1494 1825 1564 1861 μετὰ
1576 1825 1626 1861 τὴν
1646 1826 1730 1853 αὐτοῦ
1745 1826 1814 1853 ἀνά-

1021 1869 1103 1904 ληψιν
1117 1878 1126 1887 ·
1146 1871 1204 1902 τοῖς
1215 1870 1245 1897 δὲ
1260 1871 1289 1897 έν
1304 1872 1337 1906 τῇ
1361 1872 1510 1907 σαρκώσει,
1530 1872 1624 1907 μέσοις
1637 1871 1738 1899 ὡσανεὶ
1747 1881 1813 1899 πτε-

1023 1915 1090 1951 ροῖς,
1112 1915 1279 1942 πιστεύουσα
1299 1916 1317 1951 ὴ
1336 1915 1494 1951 Ἐκκλησία,
1519 1917 1561 1948 εἰς
1578 1918 1693 1952 οὐρανὸν
1712 1918 1813 1952 ὑψιπε-

1022 1962 1064 1987 τεϊ
1076 1969 1082 1976 ·
1102 1961 1167 1993 ἴσως
1179 1961 1226 1988 διὰ
1242 1960 1291 1987 τοῦ
1322 1961 1524 1996 ὑποδείγματος
1549 1961 1601 1997 τῆς
1621 1962 1727 1997 σκέπης
1755 1963 1813 1989 τῶν

1023 2006 1184 2043 προσώπων
1199 2007 1248 2034 καὶ
1263 2007 1319 2033 τῶν
1334 2007 1422 2034 ποδῶν
1436 2008 1524 2034 έκεῖνο
1552 2009 1620 2043 ἡμῖν
1645 2008 1814 2036 αἰνίττονται

1021 2053 1058 2080 τὰ
1072 2053 1192 2088 πανάγια
1208 2053 1344 2088 Σεραφὶμ,
1362 2053 1404 2080 ὅτι
1418 2053 1481 2080 οὔτε
1494 2053 1581 2089 ἀρχὴν
1597 2053 1659 2080 οὔτε
1674 2054 1752 2086 τέλος
1761 2055 1814 2090 τῆς

1024 2098 1099 2130 θείας
1124 2098 1232 2133 φύσεως
1246 2099 1314 2134 όρᾷν
1341 2098 1522 2134 ἢέξευρεϊνῆ
1551 2100 1652 2126 ἐννοεῖν
1678 2099 1813 2127 δυνατόν’

1023 2144 1042 2179 ἡ
1060 2144 1110 2179 μὲν
1124 2145 1178 2179 γὰρ
1196 2143 1243 2170 τοῦ
1256 2143 1404 2179 προσώπου
1420 2144 1521 2179 σκέπη,
1538 2144 1570 2171 τὸ
1586 2144 1702 2180 ἀόρατον
1715 2145 1813 2180 ἐδήλου

1023 2189 1074 2224 τῆς
1087 2189 1216 2216 autem»
1228 2191 1336 2224 φύσεως
1348 2197 1355 2204 ·
1373 2190 1390 2225 ἡ
1406 2189 1436 2216 δὲ
1462 2189 1518 2216 τῶν
1543 2189 1632 2217 ¹ιιιοδῶν
1659 2190 1756 2224 πάλιν,
1783 2191 1815 2218 τὸ

184 2228 341 2265 significant
368 2231 441 2259 haud
457 2240 539 2267 posse
558 2242 726 2270 quemquam
751 2236 807 2265 Deo
833 2237 969 2266 accedere

1022 2235 1174 2269 ἀπρόσιτον
1188 2235 1235 2263 καὶ
1247 2235 1483 2270 ἀπροσπέλαστον.

184 2281 233 2303 aut
249 2277 442 2312 propinquare.

219 2321 249 2350 5.
266 2321 369 2352 Deinde
383 2324 422 2352 ait
436 2325 516 2354 divus
531 2326 675 2361 propheta,
690 2328 806 2356 visionis
820 2329 901 2364 hujus
911 2337 975 2365 spe-

184 2371 283 2401 ctator,
299 2369 406 2404 plenam
421 2370 506 2399 fuisse
513 2372 626 2400 domum
634 2373 718 2409 gloria
727 2375 783 2403 Dei.
800 2375 888 2403 Notus
899 2377 973 2404 enim

185 2414 213 2441 in
229 2413 327 2442 Judtea
342 2415 423 2448 Deus,
438 2421 466 2444 et
485 2419 557 2452 apud
572 2418 698 2447 Israelem
711 2421 901 2449 tantummodo
913 2430 974 2449 ma-

185 2466 266 2493 gnum
282 2468 375 2488 nomen
389 2462 446 2497 ejus
457 2462 491 2491 “.
509 2463 562 2491 Sed
581 2468 671 2493 tamen
685 2471 779 2494 notum
795 2471 854 2494 erat
872 2467 975 2502 spiriti-

186 2504 239 2533 bus
253 2505 492 2541 intellectualibus,
518 2510 640 2544 pmsciis
655 2515 682 2538 et
700 2512 912 2546 perspicacibus,
930 2513 974 2540 iu-

185 2552 353 2581 carnationis
369 2554 544 2590 sedentisque
560 2556 587 2583 in
602 2556 702 2584 throno
716 2556 796 2584 Verbi
810 2557 857 2585 Dei
873 2561 974 2593 myste-

185 2595 259 2622 rium
274 2604 282 2623 :
296 2602 324 2624 et
334 2597 406 2632 quod
421 2598 457 2625 ab
472 2599 629 2629 hominibus
643 2609 693 2629 ceu
716 2601 798 2629 homo
819 2603 973 2630 cernendus

187 2641 267 2676 foret,
283 2648 311 2671 et
322 2643 501 2680 incorporeus
515 2647 706 2681 corporandus
718 2667 725 2680 ,
744 2652 772 2675 et
789 2648 835 2683 qui
851 2648 892 2676 vel
908 2649 974 2682 ipsis

187 2687 417 2718 immaterialibus
444 2691 592 2719 invisibilis
615 2697 691 2725 erat,
717 2694 766 2721 abs
787 2694 974 2723 materialibus

186 2740 297 2768 quoque
311 2742 360 2770 per
377 2743 488 2764 carnem
503 2737 699 2772 aspiciendus;
718 2743 800 2774 atque
817 2740 973 2767 universam

187 2784 288 2809 terram
297 2782 384 2817 gloria
396 2790 445 2811 sua
461 2787 488 2811 et
503 2783 632 2812 laudibus
646 2784 842 2814 beneficiorum
859 2794 973 2815 suorum

226 2858 248 2873 "
264 2856 316 2885 lsa.
331 2865 352 2892 ι,
368 2866 399 2893 ιι,
408 2859 520 2895 passim.
589 2861 613 2878 "
633 2861 705 2890 Psal.
726 2869 806 2896 tnv,
825 2863 853 2892 2.

1059 2323 1092 2350 ε’.
1109 2320 1176 2350 Εἶτά
1190 2330 1273 2357 φησιν
1284 2322 1299 2348 ό
1313 2321 1385 2354 θεῖος
1396 2322 1540 2358 προφήτης
1553 2323 1568 2349 ό
1580 2322 1667 2350 ταῦτα
1677 2323 1759 2359 όρῶν,
1772 2324 1814 2351 ὅτι

1025 2368 1072 2396 καὶ
1091 2368 1199 2403 πλήρης
1219 2368 1234 2394 ό
1257 2365 1332 2398 οἶκος
1352 2367 1403 2402 τῆς
1418 2367 1496 2402 δόξης
1512 2367 1559 2395 τοῦ
1574 2368 1653 2396 Θεοῦ.
1669 2370 1815 2403 Γνωστὸς

1024 2412 1065 2450 ἦν
1076 2415 1144 2441 τότε
1154 2414 1190 2440 ἐν
1203 2412 1242 2447 τῇ
1259 2412 1390 2446 Ἰουδαίᾳ
1405 2414 1423 2440 ό
1437 2413 1520 2446 Θεὸς,
1532 2414 1579 2440 καὶ
1589 2414 1626 2441 ὲν
1636 2414 1677 2446 τῷ
1692 2415 1816 2449 Ἰσραὴλ

1026 2460 1101 2496 μόνῳ
1120 2459 1198 2494 μέγα
1219 2459 1254 2486 τὸ
1277 2459 1373 2494 ὄνομα
1397 2459 1508 2486 αὐτοῦ·
1530 2459 1588 2486 ἀλλ’
1602 2461 1677 2494 ὅμως
1699 2458 1735 2496 ἦν
1757 2463 1816 2494 τοῖς

1026 2507 1129 2542 νοεροϊς
1144 2505 1340 2541 προεωρακότα
1358 2506 1394 2532 τά
1409 2505 1552 2541 διορατικὰ
1566 2506 1597 2533 τὸ
1613 2507 1663 2542 τῆς
1675 2507 1815 2543 ἑνανθρω-

1026 2553 1136 2588 πήσεως
1157 2552 1240 2578 αὑτοῦ
1257 2551 1304 2578 ἐπὶ
1321 2551 1415 2586 θρόνου
1436 2551 1619 2587 καθεζομένου
1638 2552 1706 2579 Θεοῦ
1727 2554 1816 2587 Λόγου

1028 2599 1191 2634 μυστήριον·
1209 2597 1258 2624 καὶ
1270 2598 1312 2624 δτι
1327 2598 1374 2624 ἐπὶ
1386 2597 1438 2632 γῆς
1451 2597 1605 2633 ἀνθρώποις
1617 2597 1654 2630 ὡς
1670 2599 1818 2634 ἄνθρωπος

1028 2644 1119 2679 μέλλει
1132 2644 1309 2676 όπτάνεσθαι,
1322 2643 1370 2670 xui.
1382 2644 1397 2670 ὁ
1412 2643 1532 2679 ἄσαρκος
1548 2643 1727 2679 σαρκοῦσθαι,
1739 2646 1788 2672 καὶ
1802 2647 1817 2672 ό

1027 2690 1119 2722 αὐτοῖς
1135 2691 1192 2721 τοῖς
1205 2689 1298 2721 ἀΰλοις
1308 2689 1434 2725 ἀόρατος,
1451 2690 1498 2716 καὶ
1512 2691 1568 2721 τοϊς
1581 2690 1681 2722 ὑλικοις
1693 2690 1819 2724 γίνεσθαι

1026 2736 1071 2762 διὰ
1084 2736 1185 2771 σαρκὸς
1202 2736 1298 2771 ὁρατός
1308 2743 1316 2751 ⁸
1329 2736 1377 2763 καὶ
1394 2736 1516 2772 πληροῦν
1532 2737 1622 2763 πᾶσαν
1634 2737 1682 2772 τὴν
1697 2737 1752 2771 γῆν
1767 2738 1818 2772 τῆς

1026 2782 1106 2818 δόξης
1125 2783 1173 2810 καὶ
1187 2782 1237 2817 τῆς
1257 2782 1387 2815 αἰνέσεως
1403 2784 1448 2810 καὶ
1463 2783 1515 2819 τῆς
1531 2784 1642 2820 χάριτος
1656 2784 1739 2811 αὐτοῦ
1749 2793 1757 2799 ·
1772 2786 1819 2811 ἐκ-
