1921 3073
104 93 160 126 737

587 97 729 129 ORATIO
748 99 797 130 VI.
808 111 844 118 -
859 98 902 129 ΙΝ
921 98 1087 130 SANCTOS
1104 100 1288 134 ANGELOS.

1692 109 1746 142 738

105 152 248 187 πλαγέντα
266 151 317 188 τὴν
328 152 468 188 ἄφραστον
485 153 534 182 καὶ
552 154 748 192 ἀκατάληπτον
763 156 888 196 συγκατά

941 181 943 187 ,
957 156 1124 191 repleturus.
1140 157 1261 194 ldeoque
1283 159 1392 188 attoniti
1411 160 1447 188 ob
1461 168 1522 190 eam
1536 161 1702 199 insperatam
1717 171 1747 194 et

105 199 200 230 ϐασιν,
220 199 269 227 καὶ
290 199 470 235 θαυμάσαντα
484 201 535 237 τὴν
551 201 671 238 apsum
689 203 723 238 ἢν
744 203 785 235 είς
797 202 903 239 ἀνθρώ-

105 254 177 278 πους
193 245 308 281 ἔμελλεν
331 247 519 275 ἐνδείκνυσθαι
535 247 585 284 τὴν
599 248 698 275 ἑαυτοῦ
717 249 901 285 ἀποκάλυψιν,

104 291 284 328 εὐχαριστίας
315 292 386 328 όμοῦ
414 293 463 320 καὶ
487 293 647 330 ικπλήξεως
675 295 902 330 ἀνακεκράγεσαν

105 337 194 372 ὕμνον
217 338 366 374 βοήσαντα,
379 339 493 375 Ἄγιος,
512 339 606 374 ἆτιος,
622 340 707 375 ἅγιος
719 341 827 375 Κύριος
845 343 901 369 3a-

103 383 195 417 σαὼθ,
215 384 338 418 πλήρης
351 384 435 412 πᾶσα
449 385 469 419 ἢ
489 384 527 421 τῆ
545 385 601 420 τῆς
615 386 709 421 δόξης
725 387 834 414 αὑτοῦ·
851 387 901 423 τὴν

105 429 260 465 μέλλουσαν
273 430 328 457 τῶν
345 431 514 465 Ἐκκλησιῶν
524 431 602 465 δόξαν
614 433 820 468 προφητεύοντα
834 434 901 470 Χρι-

104 475 169 502 στδν
188 475 224 502 τὰ
237 476 436 512 μακαριώτατα
450 477 576 513 Σεραφίμ
588 485 595 493 ·
609 477 650 505 διό
665 487 748 514 φησιν
762 479 804 506 ὃτι
817 479 901 516 ἐπλή-

104 520 156 556 σθη
175 522 252 547 πᾶσα
276 521 344 557 ήγῆ
360 522 410 558 τῆς
433 522 514 558 δόξης
532 522 615 550 αὑτοῦ
626 531 633 539 ·
651 523 702 560 δρα
728 525 755 552 τί
777 526 897 560 γίνεται·

108 566 252 601 tamen,
269 568 347 603 φησὶ,
370 568 403 596 τὸ
426 568 597 604 ὑπέρθυρον
619 570 680 598 ἀπὸ
701 571 759 606 τῆς
781 572 897 607 φωνῆς.

101 614 245 640 τουτέστιν
258 614 366 651 ἐπήρθη
381 616 399 652 ἡ
413 615 518 644 ἀνωθεν
533 617 683 653 συνέχουσα
693 617 739 645 τὸν
752 618 898 646 Ἰουδαϊκὸν

102 660 168 687 ναὸν
184 660 233 687 καὶ
248 660 312 687 λαὸν
334 661 423 697 σκέπη
446 663 494 690 καὶ
506 663 660 699 ἀντίληψις,
678 664 726 691 καὶ
741 664 865 701 ἐπλήσθη
883 666 898 693 ό

100 703 176 737 οἶκος
190 706 306 740 καπνοῦ,
318 706 403 743 ἤγουν
416 708 584 744 ἔρημώσεως
594 710 642 737 καὶ
656 710 779 745 σκότους,
793 711 897 747 πλάνης

101 752 150 778 καὶ
164 752 304 786 ἀγνωσίας
315 761 322 768 ·
339 753 488 789 προσέχετε
506 755 578 791 μετά
591 755 745 792 ἀκριϐείας,
765 766 896 793 παρακα-

99 796 140 824 λῶ
151 806 157 813 ·
173 798 220 825 ὅτε
236 795 271 834 ἦν
283 799 300 834 ἡ
315 799 352 834 γῆ
365 801 441 827 πᾶσα
455 800 548 833 ἄδοξος
562 801 592 828 ὲν
602 802 690 839 πλάνῃ
701 803 750 830 καὶ
760 804 894 840 ἀγνωσία,

98 843 209 879 πλήρης
219 841 253 879 ἦν
267 845 282 871 ό
296 842 370 877 οῐκος
382 846 429 872 τοῦ
444 847 509 873 ναοῦ
523 847 571 874 τοῦ
586 847 732 876 Ἰουδαϊκοῦ
747 849 836 884 “Enr
850 850 895 877 ὅτε

98 889 128 916 δι
149 891 226 917 πᾶσα
242 890 258 925 ἡ
273 891 308 926 γῆ
325 892 434 927 πλήρης
457 892 537 928 δόξης
561 893 610 920 καὶ
630 894 806 929 επιγνώσεως
825 895 895 923 Θεοῦ

97 936 207 970 γέγονε,
226 936 297 964 Τότε
321 939 339 965 ό
363 936 447 971 οἶκος
465 939 519 966 τοῦ
533 939 659 974 Ἰσραὴλ
680 940 822 975 ἐπλήσθη
842 949 895 968 κα-

98 982 191 1015 πνοῦ,
207 983 368 1016 σϐεσθέντος
381 984 472 1016 αὐτοῖς
487 985 535 1012 τοῦ
551 985 666 1021 νομικοῦ
687 985 783 1020 λύχνου
797 995 805 1002 ·
819 987 894 1019 ὅπως

98 1029 184 1063 φησιν
198 1028 213 1054 ό
227 1028 354 1064 Χριστὸς,
370 1030 395 1056 οἱ
413 1030 451 1066 μὴ
466 1029 612 1065 βλέποντες
629 1032 720 1067 ἡμεῖς,
736 1031 893 1068 βλέψωμεν

97 1075 122 1101 οἱ
146 1075 176 1101 δὲ
203 1075 348 1111 βλέποντες
377 1077 509 1111 Ἰουδαῖοι,
530 1077 628 1113 τυφλοὶ
648 1078 800 1113 γένωνται·
823 1079 894 1107 ἀλλὰ

97 1121 186 1148 ταῦτα
203 1121 253 1156 μὲν
273 1121 399 1155 Ἡσαΐας.

134 1167 173 1199 ς’.
200 1166 316 1203 Ίζεκιὴλ
340 1168 369 1195 δὲ
384 1168 475 1202 πάλιν,
487 1168 502 1195 ό
518 1169 587 1204 πρὸς
600 1169 739 1204 θεοπτίας,
750 1170 775 1197 εί
789 1170 837 1198 καί
849 1179 893 1204 τις

98 1212 190 1244 ἄλλος,
204 1213 250 1240 τδν
269 1213 332 1241 νοῦν
346 1214 507 1250 ἐπιτηδείως
520 1215 600 1250 ἔχων,
617 1216 648 1243 οὐ
669 1217 751 1252 μόνον
763 1218 805 1250 δὶς
823 1218 894 1246 ἀλλὰ

97 1259 278 1294 τετράμορφα
292 1258 350 1291 ζῶα
365 1259 429 1292 τοὺς
443 1260 577 1288 ἀνωτάτω
591 1261 648 1288 τῶν
666 1262 821 1298 ἀσωμάτων
841 1265 892 1299 ἀγ-

97 1303 186 1337 γέλων
204 1304 361 1340 τεθεώρηκα
375 1304 450 1338 νόας,
469 1305 722 1341 προδιατυποῦντας
743 1304 821 1342 οἶμαι
840 1316 891 1335 σα-

97 1350 156 1384 φῶς
179 1351 228 1376 καὶ
248 1352 278 1377 ὲν
292 1351 385 1383 αὐτοῖς
397 1350 632 1387 ὲνανθρωπήσεως
645 1352 693 1380 τοῦ
715 1353 891 1389 Ἐμμανουὴλ

97 1397 131 1423 ὲκ
156 1395 299 1431 Παρθένου
327 1398 477 1433 μυστήριον
491 1405 498 1413 ο
514 1398 671 1434 περιείχετο
695 1399 752 1435 γὰρ
779 1400 809 1427 ἐν
833 1401 892 1432 τοῖς

96 1440 178 1473 ζώοις
193 1440 264 1474 εἶδος
282 1441 428 1477 ἀνθρώπου
441 1443 489 1470 καὶ
505 1443 599 1479 σχῆμα
613 1443 676 1479 βοὸς
687 1444 735 1471 καὶ
750 1445 782 1472 τὸ
795 1446 890 1481 τρίτον

95 1486 214 1520 λέοντος,
235 1487 266 1514 τὸ
281 1487 303 1514 δ’
316 1487 453 1524 ἀνώτερον
465 1488 581 1522 τούτοις,
595 1489 678 1516 ἀετοῦ
688 1497 696 1505 ·
715 1490 753 1522 ὤς
772 1490 827 1526 γὰρ
842 1491 889 1518 ἀν·
902 1501 924 1531 c

96 1534 217 1570 θρωπος,
241 1534 350 1570 ἀληθῶς
373 1534 461 1570 ἐφάνη
487 1535 534 1562 ἐπὶ
557 1534 610 1569 γῆς
625 1535 754 1571 Χριστὸς,
771 1537 786 1563 ό
805 1536 890 1569 ὅντως

95 1579 164 1614 όμοῦ
187 1579 254 1611 Θεός
277 1588 307 1606 τε
331 1579 379 1607 καὶ
394 1580 555 1616 ἄνθρωπος·
568 1580 606 1612 ὡς
628 1580 693 1616 βοῦς
716 1581 758 1613 εις
780 1582 890 1617 σφαγὴν

95 1625 166 1661 ὑπὲρ
178 1625 229 1660 τῆς
242 1625 291 1652 τοῦ
303 1625 407 1660 κόσμου
419 1625 557 1661 σωτηρίας
568 1633 575 1640 ·
589 1625 628 1658 ὡς
638 1625 718 1658 λέων,
732 1626 846 1662 δυνάμει
857 1627 890 1654 ἑκ

94 1671 203 1707 νεκρῶν
217 1671 372 1707 ἐξεγερθεὶς
391 1671 491 1708 ἀνέστη
503 1680 510 1687 ·
531 1672 570 1704 ὼς
585 1672 676 1706 ἀετὸς,
696 1673 736 1705 είς
758 1673 889 1708 οὐρανοὺς

95 1717 215 1753 ὑψωθεὶς
236 1717 376 1754 ἀνελήφθη
386 1726 394 1733 ·
412 1717 428 1754 ἢ
445 1719 493 1745 καὶ
506 1718 594 1750 οὕτως
609 1719 691 1746 πάλιν
706 1718 753 1746 ἐπὶ
767 1719 888 1754 Χριστοῦ

93 1763 247 1799 ὲκληπτέον
262 1763 296 1791 τὰ
307 1763 380 1796 ζῶα’
397 1764 552 1799 ἄνθρωπος,
570 1763 608 1796 ὡς
620 1763 701 1798 λόγος
717 1764 826 1799 λογικὸς
841 1765 888 1792 καὶ

94 1809 176 1836 εἰκὼν
199 1809 247 1836 τοῦ
269 1809 336 1836 Θεοῦ
353 1809 400 1836 τοῦ
418 1809 547 1845 ἀοράτου,
564 1810 608 1837 διὰ
627 1809 657 1837 to
668 1810 719 1845 τῆς
734 1810 825 1846 ψυχῆς
838 1811 887 1838 καὶ

91 1855 140 1882 τοῦ
156 1855 204 1882 νοῦ
224 1855 316 1891 νοερὸν
333 1856 380 1883 καὶ
394 1856 510 1892 ἀόρατον
521 1864 529 1871 ·
546 1855 620 1891 βοῦς,
636 1855 675 1888 ὡς
689 1856 802 1888 δυνατὸς
816 1857 886 1892 ἀρχ-

93 1902 184 1936 ιερεὺς
204 1901 254 1928 καὶ
272 1901 319 1929 τὸν
334 1902 416 1936 ζυγὸν
431 1901 480 1929 τοῦ
495 1901 613 1937 σταυροῦ
629 1901 677 1929 επὶ
689 1902 734 1929 τὸν
749 1898 824 1937 ὦμον
838 1901 887 1936 φέ-

93 1955 160 1982 ρων,
172 1948 221 1973 καὶ
230 1947 297 1982 ἡμῖν
309 1948 365 1979 τοῖς
379 1947 488 1982 ἀλόγοις
501 1948 532 1974 ὲν
543 1947 582 1983 τῷ
591 1947 666 1983 τόκῳ
677 1947 886 1982 συμφατνιάσας

90 1993 121 2019 ἑν
136 1991 272 2028 Βηθλεὲμ,
288 1993 336 2020 καὶ
359 1992 405 2021 τὸν
420 1993 522 2029 σπόρον
536 1992 585 2020 τοῦ
602 1992 780 2028 εὐαγγελικοῦ
804 1993 885 2026 λόγου

90 2039 170 2076 πάσῃ
192 2041 227 2075 τῇ
247 2041 283 2075 γῇ
304 2039 493 2075 κατασπείρας
527 2039 596 2067 λέων
609 2039 647 2072 ὡς
663 2039 789 2074 βασιλεὺς
806 2039 885 2075 ἡμῶν

89 2085 148 2112 τῶν
167 2093 234 2111 ποτε
248 2084 353 2120 ἀγρίων
369 2085 418 2113 καὶ
433 2085 581 2122 ἀνημέρων
602 2085 650 2112 καὶ
664 2084 821 2121 αίμοὸόρων
837 2084 885 2111 καὶ

91 2130 271 2166 σαρκοόόρων
286 2131 449 2166 ἀκαθάρτων
464 2131 550 2158 ἐθνῶν
563 2140 570 2147 ·
601 2131 799 2160 Ἐϐασίλευσε
815 2133 882 2169 γὰρ,

952 202 1259 236 incomprehensibilem
1269 205 1545 242 condescensionem,
1554 209 1743 246 mirantesque

952 247 1118 277 ineﬂabilem
1134 257 1217 282 quam
1234 251 1393 280 hominibus
1404 252 1524 280 Verbum
1536 253 1674 283 facturum
1686 263 1745 284 erat

951 294 1052 322 suimet
1066 295 1275 329 revelationem,
1302 297 1452 332 gratiarum
1473 299 1596 329 simulet
1621 303 1744 337 stuporis

952 338 1083 374 hymnum
1109 342 1245 370 canebant
1263 343 1414 372 clamantes
1433 353 1440 371 :
1458 345 1573 374 Sanctus
1587 367 1596 380 ,
1622 353 1742 382 sanctus,

951 389 1058 412 sanctus
1066 384 1196 413 Dominus
1208 386 1277 414 Deut
1287 387 1415 421 Sabaoth,
1429 390 1506 424 plena
1520 395 1558 418 eu
1576 393 1660 420 omnis
1671 398 1742 421 terra

950 431 1037 465 gloria
1048 432 1105 467 ejus
1118 433 1158 465 "';
1171 432 1313 461 Christum
1331 435 1468 468 videlicet,
1484 437 1532 472 qui
1543 437 1672 466 Ecclesia.-
1686 440 1743 475 glo-

950 476 992 503 ria
1007 475 1118 505 futurus
1134 481 1206 512 erat,
1216 478 1252 505 ita
1267 479 1488 508 vaticinabantur
1499 482 1650 511 beatissimi
1662 483 1743 511 Sera-

949 520 1043 556 phim;
1070 521 1195 555 idcirco,
1228 523 1306 551 aiunt
1332 525 1440 559 plenam
1468 527 1624 555 universam
1641 533 1740 557 terram

949 566 1035 602 gloria
1062 567 1150 595 illius.
1170 567 1236 596 Vide
1266 570 1331 605 quid
1356 570 1459 599 factum
1478 572 1524 600 sit.
1545 572 1685 602 Elevatum
1702 580 1741 603 ut

948 613 1150 647 superliminare
1163 623 1180 641 ιι
1195 623 1256 643 voce
1267 615 1441 644 clamantium
1453 617 1488 652 “,
1505 619 1532 646 id
1543 623 1586 647 est
1600 621 1740 650 sublatum

948 657 1019 690 fuit.
1047 660 1120 694 quod
1140 659 1287 689 Judaicum
1306 662 1435 698 templum
1452 665 1637 701 populumque
1654 669 1741 695 conti-

947 705 1030 731 nebat
1045 709 1154 740 septum
1169 710 1197 733 et
1211 710 1345 741 tutamen,
1367 712 1395 736 et
1416 708 1514 736 domus
1536 709 1611 738 fumo
1625 712 1739 746 repleta,

947 749 974 776 id
990 753 1034 778 est
1058 750 1223 785 solitudine,
1251 752 1381 786 tenebris,
1394 761 1489 782 errore
1505 760 1533 782 et
1548 755 1668 784 inscitia.
1688 757 1738 784 At-

947 795 1050 824 tendite
1064 797 1227 833 diligenter,
1254 806 1358 833 quaso.
1380 799 1497 833 Quando
1523 802 1650 830 universa
1666 807 1739 831 terra

946 842 975 870 in
995 842 1143 878 ignominia
1157 851 1253 872 errore
1265 849 1292 872 et
1307 845 1416 874 inscitia
1431 847 1604 881 versabatur,
1616 848 1738 876 tuncJu-

945 890 1016 918 daici
1033 891 1126 926 templi
1143 890 1288 919 aediﬁcium
1309 892 1420 927 plenum
1436 893 1521 929 gloria
1537 894 1599 923 fuit.
1621 895 1737 929 Quando

947 940 1041 962 autem
1063 936 1191 964 universa
1207 941 1277 964 terra
1289 937 1375 972 gloria
1391 945 1417 966 et
1432 937 1480 966 Dei
1492 940 1647 975 cognitione
1657 942 1736 976 plena

944 981 1043 1013 evasit,
1062 986 1128 1009 tunc
1139 982 1235 1010 domus
1254 982 1364 1011 lsraeh’s
1375 984 1448 1019 fumo
1464 985 1564 1020 repleta
1580 991 1620 1013 est
1634 987 1668 1020 δ’,
1687 995 1737 1015 cx-

944 1026 1047 1054 stincto
1067 1028 1134 1062 ipsis
1158 1028 1238 1064 legali
1253 1029 1438 1062 candelabro;
1459 1035 1500 1064 ut,
1520 1031 1592 1059 sicut
1608 1032 1737 1062 Christus

943 1072 1013 1100 dixit
1026 1073 1060 1107 ",
1084 1081 1136 1101 nos
1152 1079 1232 1101 antea
1251 1074 1320 1102 nihil
1340 1075 1464 1104 videntes
1476 1096 1484 1110 ,
1512 1077 1668 1107 videremus
1684 1088 1691 1106 :
1708 1084 1736 1107 et

943 1119 990 1154 qui
1008 1119 1138 1147 videbant
1153 1119 1251 1152 Judaei,
1265 1121 1328 1148 caeci
1344 1122 1451 1149 ﬁerent.
1468 1122 1607 1152 Hactenus
1620 1124 1715 1152 Isaias.

978 1164 1005 1192 6.
1024 1165 1149 1193 Ezechiel
1165 1166 1230 1194 item
1243 1166 1279 1200 ",
1295 1167 1342 1202 qui
1359 1167 1393 1195 ad
1407 1168 1454 1195 Dei
1467 1168 1598 1203 visiones,
1615 1170 1639 1197 si
1658 1171 1736 1206 quis.

942 1218 1025 1246 quam
1042 1212 1124 1245 alius,
1138 1217 1256 1240 mentem
1282 1219 1469 1249 comparatam
1487 1215 1583 1243 habuit
1598 1235 1606 1248 .
1624 1225 1678 1244 non
1705 1223 1735 1246 ut

942 1257 1068 1286 biformia
1095 1263 1216 1293 tantum,
1245 1259 1294 1287 sed
1319 1265 1349 1287 ut
1373 1261 1571 1295 quadriformia
1593 1263 1732 1297 animalia,

941 1311 1077 1339 supernas
1094 1305 1321 1340 incorporearum
1347 1307 1509 1342 angelorum
1535 1308 1602 1336 vidit
1615 1315 1733 1343 mentes.

941 1350 1192 1386 przeligurantes,ut
1202 1352 1426 1385 reor,manifestc
1438 1353 1481 1381 his
1491 1353 1587 1382 formis
1598 1355 1733 1383 incarnati

941 1396 968 1423 in
986 1395 1100 1432 Virgine
1117 1395 1306 1425 Emmanuelis
1322 1398 1496 1434 mysterium.
1514 1398 1599 1427 Erant
1621 1400 1647 1427 in
1672 1401 1734 1428 ani-

941 1440 1059 1468 malibus
1079 1440 1168 1469 forma
1186 1441 1317 1476 hominis,
1331 1443 1415 1478 figura
1430 1443 1509 1472 bovis
1525 1449 1608 1480 atque
1628 1445 1732 1480 leonis;

940 1491 968 1513 et
981 1485 1024 1514 his
1039 1486 1197 1521 sublimior,
1214 1488 1322 1523 aquilae.
1346 1488 1469 1525 Namque
1490 1494 1520 1518 ut
1543 1491 1648 1526 homo,
1670 1499 1733 1520 vero

941 1532 1070 1567 apparuit
1096 1533 1124 1560 in
1147 1537 1220 1561 terra
1239 1533 1385 1567 Christus,
1406 1536 1452 1570 qui
1472 1543 1534 1564 vere
1558 1536 1631 1565 Deus
1649 1537 1732 1566 simul

939 1583 982 1607 est
991 1584 1018 1607 et
1033 1579 1128 1607 homo.
1143 1578 1178 1607 Ut
1194 1579 1256 1612 bos,
1274 1580 1308 1608 ad
1326 1581 1427 1609 caedem
1445 1587 1557 1617 propter
1572 1583 1668 1611 mundi
1687 1591 1732 1612 sa-

940 1625 1035 1654 lutem.
1061 1625 1096 1653 Ut
1106 1625 1166 1660 leo,
1185 1631 1310 1661 potenter
1328 1634 1344 1654 a
1374 1628 1492 1655 mortuis
1513 1630 1674 1657 resurrexit.
1696 1629 1732 1658 Ut

939 1672 1044 1707 aquila.
1065 1672 1092 1700 in
1108 1672 1208 1700 cmlum
1233 1672 1359 1700 sublimis
1385 1674 1556 1702 conscendit.
1580 1674 1628 1702 Vel
1651 1675 1732 1703 aliter

938 1718 1021 1747 etiam
1037 1718 1072 1746 de
1082 1718 1192 1746 Christo
1208 1718 1371 1753 explicanda
1382 1724 1448 1746 sunt
1463 1719 1592 1747 animalia
1610 1729 1618 1747 ε
1636 1720 1730 1754 homo,

938 1768 969 1792 ut
983 1763 1102 1792 Verbum
1118 1764 1255 1792 rationale
1271 1768 1298 1791 et
1314 1764 1402 1800 imago
1416 1763 1462 1792 Dei
1483 1765 1646 1797 invisibilis,
1665 1774 1729 1800 pro-

937 1814 999 1845 pter
1013 1809 1112 1837 animae
1122 1817 1155 1837 ac
1170 1810 1272 1837 mentis
1289 1809 1501 1837 intellectualem
1517 1810 1571 1837 vim
1586 1815 1615 1838 et
1635 1810 1730 1838 invisi-

937 1855 1019 1884 bilem
1033 1864 1040 1884 :
1056 1856 1117 1888 bos,
1135 1860 1166 1883 ut
1187 1860 1284 1890 potens
1311 1855 1442 1883 sacerdos
1453 1876 1462 1888 ,
1478 1860 1507 1883 et
1523 1856 1614 1884 crucis
1631 1856 1730 1892 jugum

936 1902 1058 1930 humeris
1082 1900 1187 1934 ferens,
1212 1905 1240 1928 et
1264 1900 1410 1929 nobiscum
1439 1908 1490 1929 ceu
1508 1901 1729 1935 irrationalibus.

935 1953 1032 1983 partus
1044 1951 1178 1982 tempore,
1188 1947 1260 1982 apud
1270 1946 1457 1974 Bethleemum
1475 1947 1502 1974 in
1516 1947 1631 1982 praesepi
1648 1955 1729 1983 repo-

936 1994 1027 2026 situs,
1056 2000 1206 2028 semenque
1226 1992 1376 2027 evangelici
1394 1991 1470 2020 verbi
1496 2000 1545 2027 per
1573 1995 1728 2022 universam

935 2044 1039 2067 terram
1056 2038 1252 2066 disseminatus.
1270 2036 1336 2072 Leo,
1351 2042 1381 2064 ut
1392 2045 1441 2064 rex
1456 2042 1566 2070 noster,
1590 2038 1637 2073 qui
1662 2043 1729 2068 tunc

934 2091 1046 2112 eramus
1061 2083 1203 2111 silvestres
1218 2086 1245 2110 et
1261 2082 1324 2109 saevi
1342 2086 1370 2110 et
1386 2082 1586 2118 sanguinolenti
1611 2087 1639 2111 et
1667 2091 1728 2112 car-

934 2131 1024 2159 nivori
1046 2130 1201 2166 impurique
1226 2129 1327 2157 ethnici
1342 2129 1489 2164 :Regnavit
1515 2130 1609 2164 enim,
1635 2131 1725 2166 inquit

90 2177 186 2212 φησὶν,
197 2178 215 2204 ό
225 2177 297 2210 Θεὸς
311 2177 360 2204 ἐπὶ
376 2178 413 2204 τὰ
426 2177 515 2211 ἔθνη·
528 2178 560 2204 οὐ
577 2178 657 2213 μόνον
671 2178 700 2205 δὲ
714 2178 784 2205 λέων
796 2179 811 2206 ό
823 2179 886 2214 Χρι-

941 2178 1094 2213 Scriptura,
1112 2176 1183 2204 Deus
1197 2184 1276 2211 super
1285 2180 1375 2211 gentes
1390 2175 1423 2202 ".
1447 2174 1542 2211 Neque
1564 2175 1607 2204 leo
1621 2180 1726 2205 tantum

91 2224 167 2257 στος,
179 2223 248 2251 ἀλλά
260 2224 309 2251 καὶ
322 2224 442 2259 σκύμνος
452 2224 569 2257 λέοντος,
585 2224 623 2257 ὥς
639 2233 706 2260 φησι
722 2224 788 2261 περὶ
801 2225 885 2252 αὑτοῦ

96 2269 208 2302 Ἰακὼϐ,
226 2270 350 2297 τουτέστι
375 2270 510 2305 βασιλέως
533 2270 601 2303 υίὸς,
619 2271 652 2297 ἐκ
669 2269 811 2305 βασιλικοῦ
832 2279 887 2298 πα-

88 2317 155 2351 τρὸς
168 2315 322 2351 προελθών·
335 2316 375 2343 διὸ
387 2316 435 2343 καὶ
447 2316 526 2348 ἀετὸς
541 2316 580 2349 ὡς
595 2316 722 2352 βασιλεὺς
735 2316 790 2344 τῶν
802 2316 886 2352 οὐρα-

89 2362 155 2389 νίων
175 2362 308 2389 πετεινῶν
330 2361 490 2398 πτερωτῶν,
506 2363 609 2398 νοερῶν
630 2362 785 2397 ἀγγελικῶν
800 2362 887 2397 ἁγίων

87 2408 249 2443 δυνάμεων·
267 2407 426 2444 πτερωτῶν,
442 2408 481 2440 ὡς
505 2408 585 2443 ἡμῶν
614 2409 668 2436 τῶν
694 2408 743 2435 τοῦ
763 2407 882 2444 Χριστοῦ

87 2453 206 2480 νεοττῶν
236 2454 428 2481 σκεπαπικῶν
466 2454 555 2482 οὐσῶν
590 2455 638 2482 καὶ
668 2455 881 2491 φρουρητικῶν’

87 2499 250 2535 πτερωτῶν,
265 2499 304 2531 ὡς
325 2500 477 2536 εὐκινήτων
500 2501 548 2528 καὶ
567 2500 622 2527 τῶν
641 2501 745 2536 γηΐνων
771 2501 882 2528 πάντων

87 2545 264 2580 ὑψηλοτέρως
285 2545 402 2580 ἐχόντων
413 2553 422 2562 ο
435 2545 594 2581 πτερωτῶν,
612 2545 650 2577 ὼς
662 2544 702 2580 τῷ
719 2544 784 2580 θείῳ
798 2544 881 2580 ἔρωτι

86 2591 253 2624 ἀεικινήτως
270 2590 316 2617 καὶ
330 2590 488 2625 ἀκορέστως
510 2591 626 2626 ἑχόντων
636 2598 644 2606 ·
664 2590 880 2626 πολυομμάτων,

87 2638 124 2669 ὡς
143 2636 185 2673 τῷ
201 2636 267 2672 θείῳ
283 2637 354 2672 φωτὶ
369 2637 506 2669 πλουσίως
520 2637 745 2672 ὲλλαμπομένων,
765 2637 814 2664 καὶ
830 2636 883 2664 ὑπό

86 2691 161 2715 τινος
180 2682 248 2719 ὓλης
265 2683 334 2719 πρὸς
351 2683 470 2720 θεωρίαν
483 2682 535 2710 οὐκ
553 2683 826 2719 ἀντισκοτουμένων·
840 2680 882 2710 διὸ

933 2224 1070 2256 Christus,
1081 2230 1177 2250 verum
1195 2222 1278 2249 etiam
1292 2221 1380 2248 leonis
1396 2221 1513 2254 catulus,
1536 2226 1566 2248 ιιι
1579 2221 1617 2249 ait
1631 2221 1665 2249 de
1679 2221 1729 2249 illo

934 2268 1055 2297 Iacobus
1069 2268 1112 2302 ";
1127 2267 1153 2296 id
1176 2272 1218 2295 est
1231 2267 1304 2302 regis
1318 2266 1401 2299 ﬁlius,
1416 2274 1448 2293 ex
1470 2267 1554 2302 regali
1571 2271 1649 2303 patre
1663 2275 1728 2302 pro-

935 2315 1046 2343 cedens.
1067 2313 1132 2341 Ideo
1143 2314 1226 2341 etiam
1246 2312 1350 2347 aquila,
1366 2316 1397 2339 ut
1413 2311 1567 2340 ctelestium
1584 2311 1727 2340 volucrmn

935 2362 1070 2390 alatorum
1087 2367 1147 2394 rex,
1169 2359 1197 2387 id
1216 2363 1259 2387 est
1273 2357 1456 2394 angelicarum
1468 2378 1476 2391 ,
1500 2357 1726 2386 intellectualium

934 2415 967 2435 ac
981 2412 1138 2434 sanctarum
1148 2409 1325 2440 potestatum.
1351 2404 1446 2432 Alatos
1458 2404 1534 2437 dicit,
1545 2411 1595 2432 ceu
1607 2412 1670 2438 nos,
1680 2405 1727 2440 qui

933 2453 1036 2481 Christi
1054 2460 1151 2480 sumus
1165 2451 1242 2486 pulli,
1256 2454 1433 2486 contegentes
1452 2442 1484 2478 ac
1508 2454 1631 2479 tutantes
1646 2460 1653 2478 :
1671 2451 1727 2478 ala-

934 2505 987 2533 tos,
1003 2499 1139 2535 utagiles,
1150 2503 1177 2526 (ιι
1189 2505 1273 2533 supra
1285 2500 1391 2525 terrena
1403 2497 1495 2525 omnia
1515 2496 1570 2524 alte
1583 2497 1724 2525 volantes:

933 2547 1031 2579 alatos,
1050 2550 1081 2573 nt
1094 2546 1186 2573 divino
1203 2551 1298 2572 amore
1321 2543 1492 2571 incessanter
1513 2546 1542 2570 et
1561 2543 1622 2570 sine
1643 2543 1726 2570 satie-

933 2596 988 2620 tate
1002 2591 1134 2619 fruentes.
1155 2590 1331 2618 Multiocnlos
1347 2596 1458 2625 quoque
1474 2589 1551 2622 dicit,
1564 2595 1615 2617 ceu
1630 2588 1726 2616 divino

937 2637 1042 2667 lumine
1067 2637 1240 2664 abundanter
1264 2635 1435 2668 illustratos,
1456 2634 1586 2669 nullaque
1611 2634 1724 2661 materia

934 2684 1084 2720 quominus
1107 2682 1325 2718 contemplentur
1346 2680 1506 2709 infuscata.
1531 2679 1596 2708 Ideo
1612 2680 1725 2716 spiritus

122 2787 144 2802 ⁸⁷
160 2787 212 2814 lsa.
230 2795 268 2820 vt,
281 2787 308 2815 ι.
347 2786 370 2803 ⁸⁸
390 2786 457 2815 ibid.
475 2785 503 2814 ὅ.
540 2785 564 2802 ⁸³
577 2785 644 2813 ibid.
671 2786 694 2802 ”
714 2784 810 2813 Matth.
827 2792 889 2819 xttt,

941 2803 950 2814 .
988 2784 1010 2801 "
1032 2783 1134 2813 Ezech.
1152 2791 1171 2818 t,
1187 2783 1198 2811 l
1217 2789 1294 2818 seqq.
1335 2782 1358 2798 "
1372 2780 1444 2809 Psal.
1478 2787 1551 2813 τινι,
1567 2779 1593 2806 9.
1615 2779 1637 2795 "
1654 2778 1724 2807 Ccn.

90 2829 164 2855 XLIX,
186 2822 214 2850 9.
