1921 3073
212 109 269 141 ’139

808 106 838 137 S.
857 105 1054 136 THEODORI
1073 105 1246 137 STUDITA‘.I

1785 109 1833 140 ’1ίο

214 164 296 193 etiam
309 162 450 195 dicuntur,
466 165 496 189 ut
511 160 710 189 immateriales
721 179 730 193 .
744 159 912 194 incorporei,
929 158 1001 186 invi-

1066 159 1100 185 ω).
1130 159 1276 194 πνεύματα
1307 160 1445 195 λέγονται.
1472 161 1512 195 ὡς
1538 162 1609 191 ἇῦλα
1637 165 1685 192 καὶ
1708 167 1833 204 ἀσώματα

214 209 320 241 sibilcs,
342 208 524 240 immortales,
539 207 610 234 haud
624 206 711 234 crassi
726 206 774 234 sed
789 206 862 233 aerei
872 227 879 237 ,
895 205 1003 240 gratiae-

215 262 270 291 que
285 254 417 283 beneﬁcio
433 252 654 288 incorruptibiles
673 256 701 280 et
722 251 967 286 inexstinguibiles.

251 351 279 379 ’1.
294 352 361 380 item
376 351 424 378 tibi
437 350 602 386 persuadeat
623 350 706 378 etiam
723 350 768 378 ille
785 350 898 386 angelus
909 349 1004 378 Domi-

217 398 256 431 ni,
276 397 324 433 qui
340 405 404 425 cum
421 398 509 431 ipsius
520 396 625 424 Domini
644 397 735 430 specie
749 396 865 424 venitad
878 397 1005 424 Azariam

217 445 336 480 ejusque
355 444 445 472 socios
459 444 499 477 ";
528 444 550 471 is
577 444 623 479 qui
640 451 702 471 cutn
720 443 755 470 sit
770 443 865 478 igneus
881 443 1004 478 spiritus,

218 499 315 526 rogum
336 489 493 525 frigefecit;
514 490 560 524 qui
577 489 648 517 roris
664 489 754 524 potius
774 497 856 524 quant
880 489 951 524 ignis
968 488 1007 516 fe-

218 544 311 564 racem
327 536 465 563 ﬂammam
482 535 580 562 ell'ecit.
597 535 730 570 Quodque
745 535 877 563 miraculo
893 535 1007 563 mirabi-

219 581 272 609 lius
283 586 335 614 est,
354 588 401 608 eos
409 588 478 615 quos
491 581 561 607 intra
577 585 698 607 ventrem
714 580 822 607 ﬂamma
834 584 1006 615 conceperat,

219 628 325 664 peperit
342 627 441 655 illaesos
454 635 461 654 :
475 627 521 661 qui
539 632 628 654 autem
643 632 720 654 extra
747 634 827 654 suum
848 631 1007 660 conceptum

219 677 316 705 erant,
334 680 382 700 eos
404 678 434 698 ut
456 672 555 706 impios
573 671 769 705 pessumdedit.
793 670 850 698 lloc
878 671 1007 698 nimirum

220 719 321 746 divina:
332 717 440 745 virtutis
455 718 549 749 robur,
578 716 666 751 angeli
696 717 817 751 potentia
848 717 1009 750 fortissima,

221 764 343 797 adeoque
358 762 445 789 valida
459 767 488 788 ut
505 762 661 788 universum
675 761 806 788 mundum
827 769 881 788 uno
905 766 1010 796 tempo-

221 809 261 837 ris
276 812 379 843 puncto
390 808 476 842 possit
492 807 668 842 pessumdare
705 807 794 834 Testis
811 806 1009 841 Senacherimi,
1026 821 1047 849 Β

222 862 270 889 per
284 861 368 880 unum
382 853 520 887 angelum,
535 851 682 879 Chaldaica
698 856 830 879 nocturna
839 852 940 885 clades,
957 860 1010 886 qua

222 906 332 927 centum
346 899 483 933 octoginta
498 898 620 932 quinque
642 898 756 934 millium
773 898 917 925 multitudo
932 900 1013 927 tacite

222 952 250 973 et
262 946 365 979 absque
378 943 468 980 gladio
483 944 623 971 interfecta
638 943 688 971 luit
700 944 723 960 "
736 952 743 971 :
758 944 831 979 quod
844 949 874 972 ut
885 953 957 972 nunc
968 954 1012 973 ce-

222 991 334 1019 lerrime
347 991 380 1018 de
393 990 575 1025 praesentibus
591 997 701 1024 quoque
709 989 843 1018 Chaldaeis
856 992 913 1023 ﬁat,
928 991 1011 1019 Deum

226 1044 366 1071 rogamus.
383 1035 449 1064 item
461 1036 611 1063 translatus
621 1036 689 1063 satis
699 1036 794 1064 leviter
810 1036 861 1064 fuit
872 1038 906 1065 ah
916 1038 1012 1072 angelo

223 1083 399 1111 immateriali
426 1083 573 1110 niaterialis
596 1090 767 1118 carneusque
790 1082 951 1111 Habacucus
979 1084 1013 1111 de

225 1128 377 1157 Jerusalem
404 1129 504 1156 linibus
522 1128 686 1164 Babylonem
705 1136 800 1163 usque,
815 1129 906 1156 ribum
923 1129 1013 1156 ferens

223 1176 356 1211 propheta
373 1175 460 1202 sodali
489 1182 540 1202 suo
563 1174 703 1209 prophetae
723 1175 847 1208 Danieli,
871 1176 918 1210 qui
937 1176 1013 1203 lacus

227 1228 339 1249 carcere
348 1220 520 1248 detinebatur
534 1229 541 1247 :
560 1221 755 1255 ingressusque
767 1225 809 1248 est
820 1221 884 1248 illuc
897 1225 924 1248 et
936 1222 1015 1248 rediit

224 1265 415 1298 incolumis",
427 1266 462 1293 ob
479 1265 647 1300 ﬁgurandam
658 1265 759 1293 Christi
779 1267 956 1301 sepulturam.
976 1267 1015 1294 la-

225 1320 275 1342 cus
290 1312 378 1347 sigilla
395 1312 495 1339 intacta
512 1319 677 1339 conservans
692 1321 699 1339 :
715 1316 746 1339 ut
757 1312 827 1340 sicut
843 1313 968 1341 Christus
981 1321 1014 1341 ex

226 1362 316 1386 morte
333 1357 495 1392 inferisque,
514 1357 555 1385 sic
569 1357 648 1384 etiam
665 1358 798 1392 propheta
818 1365 851 1384 ex
875 1357 941 1385 feris
966 1366 1015 1385 an-

227 1403 424 1439 thropophagis
441 1403 544 1430 rediret
565 1403 728 1436 incolumis,
755 1403 900 1431 demittens
924 1404 1015 1439 potius

226 1456 292 1477 orco
317 1456 366 1476 eos
393 1448 440 1483 qui
457 1448 546 1483 ipsum
576 1448 610 1475 ad
638 1455 734 1475 orcum
759 1448 922 1476 detulerant.
937 1448 1015 1476 Sicut

1053 204 1102 232 καὶ
1133 205 1238 241 ἀόρατα
1267 207 1316 234 καὶ
1347 208 1548 246 ἀναψηλάφητα
1575 212 1623 240 καὶ
1647 214 1767 243 ἀθάνατα
1792 219 1834 244 καὶ

1053 250 1148 286 ἀπαχῆ
1165 252 1213 278 καὶ
1226 252 1308 288 ἀέρια
1321 254 1389 289 (Η),
1408 255 1457 283 καὶ
1483 256 1577 292 χάριτι
1602 259 1729 296 ἄφθαρτα
1745 271 1774 289 τε
1793 265 1834 290 καὶ

1054 296 1198 332 system.

1090 343 1124 375 ζ’.
1139 344 1195 371 Καὶ
1209 345 1326 373 πειθέτω
1343 356 1373 374 σε
1387 349 1402 375 6
1423 349 1539 384 ἄγγελος
1567 352 1671 389 Κυρίου
1696 355 1736 388 εἰς
1761 356 1834 384 αὐτοῦ

1055 389 1103 437 τοῦ
1114 391 1218 437 Κυρίου
1231 394 1424 426 σνγκατελθὼν
1434 396 1463 422 τὸ
1472 394 1543 428 εἶδος
1550 400 1607 430 τοῖς
1621 400 1686 436 περὶ
1703 401 1833 437 Ἀζαρίαν,

1055 434 1261 482 δπυρέμψυχος
1273 438 1320 464 καὶ
1334 438 1384 474 τὴν
1398 440 1488 475 πυρὰν
1501 441 1608 477 ψὺχων,
1641 434 1664 470 δ’
1681 434 1835 482 δροσοςώρον

1056 481 1119 508 ἀντὶ
1136 483 1278 519 πυρφόρου
1308 485 1478 518 ἁποτελέσας
1502 487 1553 523 τὴν
1570 488 1658 524 φλόγα
1669 499 1677 506 ·
1693 491 1725 518 τδ
1748 493 1775 519 δὲ
1793 481 1835 520 τοῦ

1058 527 1215 562 παραδόξου
1238 529 1466 566 παραδοξότερον,
1483 533 1524 559 ὅτι
1538 533 1585 566 οὓς
1603 535 1655 570 μὲν
1669 536 1742 563 ἔνδον
1757 538 1792 570 ὡς
1810 540 1835 566 ἐν

1059 573 1161 608 γαστρὶ
1178 575 1325 602 συνέλαϐεν
1337 577 1353 611 ἡ
1370 577 1445 611 φλὸξ,
1459 578 1617 615 ἀπεκύησεν
1631 582 1760 615 ἀϐλαϐεῖς
1775 593 1782 600 ·
1796 585 1836 617 οὓς

1058 618 1087 645 δὲ
1098 619 1177 651 ὲκτὺς
1200 621 1392 657 ἀσυλλήπτους
1403 623 1473 658 ἀμφ’
1498 625 1584 661 αὐτὴν
1612 630 1760 664 περιεῖχεν,
1784 630 1837 657 ὲλυι

1061 665 1172 699 μαίνετο
1191 666 1301 698 ἀσεϐεῖς
1313 675 1320 682 '
1344 668 1426 695 τοῦτο
1446 671 1532 705 ῥοπῆς
1543 671 1619 704 Θείας
1642 673 1780 710 δυνάμεως
1795 675 1838 709 ἀγ-

1059 711 1140 745 γέλου
1154 712 1262 746 ἐξουσία
1277 715 1421 750 παναλκής
1434 717 1483 743 καὶ
1495 716 1582 750 οὕτως
1595 719 1735 754 ῥωμαλέα,
1751 721 1786 752 ὡς
1797 723 1838 748 καὶ

1060 758 1163 793 κόσμον
1189 759 1250 786 ὅλον
1276 760 1306 786 ὲν
1336 761 1476 798 ἀκαριαίῳ
1503 764 1640 800 δυναμένη
1672 765 1838 802 δλοθρεὺειν·

1061 803 1109 830 καὶ
1122 804 1226 839 μάρτυς
1239 805 1256 840 ή
1272 805 1343 833 κατὰ
1357 806 1512 843 Σεναχερὶμ
1538 809 1599 841 ἐνὸς
1625 811 1743 845 ἀγγέλου
1773 812 1839 839 θείου

1060 849 1201 886 Χαλδαῖκὴ
1217 851 1395 887 νυκτολεθρία
1417 853 1523 888 Θνῆσις,
1549 855 1671 892 ἀψοφητὶ
1694 858 1787 885 ἑκατὸν
1797 859 1839 893 ὄγ-

1060 893 1194 929 δοήκοντα
1204 896 1285 922 πέντε
1301 897 1430 932 χιλιάδων
1443 899 1549 934 πληθὺν
1564 901 1643 936 άξιφὶ
1656 902 1839 930 θανατώσασα·

1061 939 1078 975 ἢ
1097 941 1129 976 δὴ
1145 942 1260 976 τάχιστα
1275 943 1323 970 καὶ⁸
1334 943 1381 970 νῦν
1388 945 1525 972 τελεῖσθαι
1539 948 1568 974 ὲν
1577 949 1636 980 τοῖς
1651 950 1767 985 παροῦσι
1778 951 1841 978 Χαλ-

1061 985 1147 1018 δαίοις
1164 987 1219 1021 (12)
1234 988 1302 1015 Θεδν
1323 990 1496 1026 ίκετεύομεν·
1519 995 1717 1029 μετεκομίζετο
1745 997 1772 1023 δὲ
1800 998 1840 1024 καὶ

1062 1031 1171 1066 κούφως
1190 1033 1242 1059 ὑπὸ
1254 1034 1403 1068 ἀγγελικοῦ
1419 1037 1502 1064 άΰλου
1517 1038 1532 1064 6
1563 1039 1656 1072 ἔνυλός
1672 1049 1702 1068 τε
1725 1043 1770 1069 καὶ
1785 1052 1841 1078 σαρ-

1063 1078 1180 1123 κοφόρος
1200 1079 1358 1116 ’Λϐϐακοὺμ
1371 1081 1401 1115 ἐξ
1414 1083 1497 1118 ὁρίων
1520 1083 1700 1122 Ἰερουσαλὴμ
1715 1089 1781 1123 πρὸς
1794 1089 1840 1116 Βα-

1063 1122 1181 1170 ϐυλῷνα,
1195 1125 1396 1161 ἐπιφερόμενος
1411 1128 1426 1154 6
1439 1130 1584 1165 προφήτης
1599 1131 1640 1165 τῷ
1665 1122 1842 1170 συμπροφήτῃ

1063 1169 1162 1204 Δανιὴλ
1179 1171 1293 1206 τροφὴν,
1310 1172 1412 1200 λάκκου
1429 1177 1537 1212 φρουρᾷ
1548 1176 1610 1203 τότε
1626 1178 1785 1215 ὑπάρχοντι.
1802 1180 1843 1207 καὶ

1063 1215 1150 1250 είσῄει
1164 1216 1232 1250 ἐμοῦ
1250 1218 1297 1244 καὶ¹
1312 1218 1389 1254 ἐξῄει
1402 1220 1576 1255 ἀλυμάντως,
1593 1224 1634 1256 είς
1663 1225 1782 1260 Χριστοῦ
1801 1228 1843 1253 τά-

1065 1269 1116 1294 φου
1131 1261 1217 1289 τύπον
1233 1263 1384 1298 τηροῦντας
1404 1266 1565 1300 ὲνλακκίους
1585 1271 1739 1304 σφραγῖδας
1749 1280 1757 1288 ·
1771 1272 1843 1303 ἶν’ὡς

1065 1307 1097 1332 ὲκ
1109 1307 1226 1353 ρανάτου
1241 1310 1287 1336 καὶ
1305 1310 1369 1345 ᾅδου
1380 1311 1510 1347 Χριστὸς,
1530 1314 1630 1352 ἀνέλθῃ
1647 1317 1697 1343 καὶ
1711 1319 1843 1353 προφήτης

1066 1352 1164 1385 σωθεὶς
1179 1354 1211 1380 ἐκ
1226 1354 1318 1390 οηρῶν
1341 1357 1528 1394 ἀνδρολέθρων
1557 1361 1712 1396 ἀντιχαλῶν
1742 1363 1780 1398 τῷ
1800 1363 1844 1399 ᾄδῃ

1064 1400 1128 1430 τοὺς
1143 1400 1223 1426 αὒτδν
1237 1401 1267 1427 ὲν
1282 1401 1321 1436 τῷ
1336 1402 1387 1439 ᾄδῃ
1404 1405 1624 1439 κατενέγκαντας
1635 1415 1643 1423 ·
1669 1407 1793 1444 καθάπερ
1805 1409 1844 1435 ἐπὶ

1065 1445 1120 1471 τῶν
1137 1445 1290 1480 Χαλδαὲων,
1306 1448 1441 1481 ισοτύπως
1458 1451 1606 1486 γεγένηται
1618 1452 1690 1489 αὕτη
1706 1455 1722 1489 ή
1739 1454 1787 1489 τῆς
1797 1454 1844 1489 ψή-

227 1498 325 1522 contra
350 1493 510 1525 Chaldaeos,
537 1493 572 1520 ita
593 1493 644 1520 hoc
666 1493 781 1528 contigit
794 1494 896 1522 decreti
916 1494 961 1521 Dei
977 1495 1014 1522 in-

1067 1498 1118 1524 φου
1137 1490 1205 1518 Θεοῦ
1219 1492 1366 1526 ἀδέκαστος
1381 1494 1456 1530 δίκη,
1469 1495 1525 1523 Τοῦ
1539 1498 1701 1532 ποιοῦντος
1713 1499 1781 1533 τοὺς
1804 1500 1846 1534 dr-

228 1544 387 1573 corruptum
398 1537 544 1573 judicium.
557 1538 602 1572 qui
618 1537 682 1572 facit
699 1538 804 1571 angelos
819 1547 880 1566 suos
895 1540 1015 1574 spiritus,

229 1589 254 1612 et
268 1583 404 1610 ministros
418 1591 480 1610 suos
492 1583 576 1617 ignem
593 1582 728 1610 ardentem
737 1583 777 1616 '7;
790 1588 871 1618 prout
890 1584 916 1611 in
932 1585 1018 1612 sacris

228 1629 341 1658 Litteris
360 1629 431 1657 beati
447 1628 536 1663 angeli
550 1636 620 1663 saepe
635 1629 827 1662 nominantur,
848 1637 896 1657 ceu
922 1630 1019 1657 huma-

230 1682 326 1702 narum
345 1674 504 1710 passionum
515 1678 686 1708 purgatorcs.
697 1673 871 1700 amburentes
883 1673 1019 1708 castigan-

229 1726 327 1756 tesque
343 1727 411 1757 _quar:
430 1719 557 1747 suntDeo
571 1719 719 1752 coiitraria,
733 1719 875 1754 lucemque
886 1720 1018 1748 obscura-

229 1767 266 1794 tis
282 1765 445 1793 mortalibus
466 1765 662 1799 impertientes.

266 1811 294 1838 8.
316 1810 456 1845 Equorum
469 1817 580 1845 quoque
598 1810 695 1845 ﬁguris
713 1815 959 1846 repraesentantur,
990 1815 1019 1838 ut

229 1856 379 1883 Zacharias
401 1856 440 1882 ait
459 1855 494 1887 ",
518 1856 583 1890 quia
611 1863 656 1883 res
683 1855 777 1883 divina
802 1856 929 1890 quaelibet
947 1856 1018 1884 facili

229 1910 311 1930 cursu
327 1903 423 1930 utitur.
441 1901 506 1928 Item
521 1902 601 1936 quasi
615 1902 701 1937 ignea:
716 1907 782 1930 rota:
805 1903 856 1930 visi
879 1908 953 1935 sunt.
968 1911 1019 1930 ceu

230 1949 277 1984 qui
295 1948 434 1976 ccclestem
450 1948 586 1983 sphaeram
602 1948 774 1976 circumeunt
796 1948 879 1976 simul
899 1953 927 1975 et
943 1949 1020 1976 habi-

231 1999 299 2023 tant.
329 1994 386 2035 νοπ
402 1995 501 2029 quippe
519 1995 630 2022 tonitrui
655 1996 693 2022 tui
710 1996 738 2022 in
756 2000 816 2023 rota
830 1996 864 2022 ⁵⁹.
886 1995 976 2029 Quare
993 2000 1021 2023 et

231 2048 314 2068 curru
327 2041 407 2076 igneo
423 2039 497 2068 Elias
516 2040 661 2069 Thesbiles
677 2042 709 2069 de
725 2046 797 2069 terra
811 2043 961 2070 assumitur
976 2042 998 2058 '°
1011 2051 1018 2069 :

232 2087 279 2123 qui
295 2091 373 2123 typus
388 2086 551 2115 manifestus
569 2087 630 2120 fuit,
641 2087 821 2123 qnadrijugus
837 2088 943 2116 scilicet
955 2096 1019 2115 eur-

231 2142 291 2166 rus,
317 2134 447 2169 quoniam
463 2141 498 2162 ex
520 2139 639 2170 quatuor
663 2135 807 2163 elementis
835 2142 962 2164 concreta
978 2141 1020 2164 est

232 2185 328 2208 nostra
344 2185 454 2213 natura,
474 2188 530 2208 non
543 2181 603 2209 sine
618 2189 670 2215 qua
687 2181 714 2208 in
732 2182 832 2209 coelum
846 2189 942 2210 sursus
953 2190 1020 2210 con-

233 2225 340 2253 scendit
364 2225 411 2259 qui
429 2225 500 2252 hanc
514 2225 631 2260 gestavit
644 2229 673 2253 et
693 2226 783 2258 rexit.
815 2231 896 2262 prout
923 2226 1020 2260 voluit,

234 2271 310 2299 Deus
324 2270 462 2302 Verbum,
472 2271 541 2306 Equi
558 2276 648 2299 autem
665 2273 799 2308 regalium
811 2281 923 2301 currum
937 2294 944 2306 ,
958 2281 1023 2301 san-

234 2322 339 2345 ctorum
356 2317 515 2352 angelorum
532 2317 623 2353 imago
645 2323 742 2346 erant:
758 2318 860 2346 Curras
875 2320 948 2347 enim
963 2319 1022 2353 Dei,

235 2363 343 2397 inquit,
361 2363 450 2390 decem
471 2363 557 2390 millia
571 2364 764 2391 convivantium
780 2369 805 2391 et
824 2365 920 2399 festum
943 2373 1024 2400 agen-

236 2409 304 2436 tium
319 2409 352 2435 ".
369 2409 484 2444 Aspexit
502 2410 584 2436 etiam
597 2409 691 2437 Daniel
709 2410 736 2436 in
753 2411 858 2438 visione
871 2411 958 2437 virum
974 2411 1024 2438 hu-

207 2455 209 2457 ’
236 2462 316 2482 mana
333 2462 449 2490 prorsus
469 2455 560 2490 specie
578 2455 605 2482 in
632 2455 733 2483 throno
755 2455 894 2484 sedentem
907 2476 916 2489 ,
945 2456 1024 2483 Anti-

235 2509 320 2537 quum
339 2502 444 2529 dierum
471 2501 555 2529 Deum
573 2511 580 2529 :
598 2501 634 2528 Et
652 2502 740 2529 millia
760 2502 876 2528 millium
889 2522 897 2535 ,
925 2502 1023 2537 inquit,

237 2547 395 2575 assistebant
409 2549 434 2574 ei
444 2569 451 2582 ,
468 2553 493 2575 et
510 2547 582 2574 mille
600 2547 732 2582 myriades
749 2547 937 2574 ministrabant
953 2549 976 2575 ei
990 2549 1024 2575 “.

272 2619 297 2636 ⁵⁸
313 2619 334 2647 ΙΙ
349 2619 440 2647 Paral.
455 2627 532 2651 xxvr,
552 2619 586 2645 t7
606 2626 683 2653 seqq.

734 2617 802 2644 "1V
836 2617 903 2651 Reg.
919 2626 976 2650 xix,
992 2619 1036 2647 55.

1068 1536 1177 1570 τέλους
1188 1538 1281 1565 αὑτοῦ
1296 1540 1463 1575 πνεύματα,
1484 1542 1535 1570 καί
1563 1544 1634 1577 τσὺς
1663 1545 1845 1580 λειτουργοὺς

1067 1583 1162 1611 αὑτοῦ
1173 1584 1234 1618 πῦρ
1257 1585 1372 1621 φλέτον
1385 1595 1392 1602 ·
1413 1587 1475 1614 καθ’
1489 1588 1508 1616 ἃ
1522 1589 1576 1617 ὑπὸ
1588 1591 1642 1617 τῶν
1664 1592 1746 1627 ιερῶν
1769 1592 1847 1626 λόγων

1068 1629 1094 1654 οἱ
1112 1630 1242 1665 μακάριοι
1255 1633 1505 1672 προσαγορεύονται
1521 1635 1644 1670 ἄγγελοι,
1655 1634 1736 1673 οἶμαι
1749 1638 1848 1669 που,ὡς

1069 1675 1235 1710 καθαρτικοὶ
1255 1677 1386 1710 πολλάκις
1402 1680 1458 1707 τῶν
1472 1681 1654 1716 ἀνθρωπίνων
1671 1684 1776 1716 παθῶν,
1791 1692 1848 1710 καυ-

1070 1721 1160 1747 στικοὶ
1173 1722 1220 1748 καὶ
1234 1726 1417 1759 τιμωρητικοὶ
1430 1726 1485 1752 τῶν
1497 1727 1627 1754 ἐναντίων
1646 1728 1730 1762 Θεοῦ,
1743 1730 1788 1756 καὶ
1798 1737 1846 1764 φω-

1069 1765 1117 1797 τὸς
1131 1767 1304 1801 μεταδοτικοὶ
1323 1770 1380 1801 τοῖς
1395 1771 1560 1805 ἀφωτίστοις
1580 1773 1698 1808 βροτῶν.

1105 1814 1141 1846 η’.
1157 1812 1263 1839 Ἵππων
1278 1813 1306 1840 δὲ
1320 1815 1402 1842 πάλιν
1418 1816 1536 1851 ὁρῶνται
1566 1819 1623 1850 τοῖς
1643 1820 1790 1855 σχήμασιν,
1816 1819 1848 1850 ὡς

1069 1857 1208 1893 Ζαχαρίας
1221 1859 1315 1894 φησὶν,
1335 1860 1373 1892 ὡς
1389 1861 1531 1897 ὸξυπόρως
1544 1864 1625 1890 παντὶ
1641 1865 1682 1900 τῷ
1710 1867 1772 1901 Θείῳ
1798 1866 1848 1892 δια-

1069 1903 1192 1937 τρέχοντι
1205 1911 1212 1918 ·
1224 1904 1329 1939 τροχῶν
1341 1905 1371 1932 δὲ
1391 1906 1515 1941 πυρίνων
1534 1908 1572 1940 ὡς
1588 1909 1635 1936 τὸν
1652 1911 1780 1946 οὐράνιον
1807 1919 1848 1937 πε-

1071 1949 1245 1985 ριπολοῦντες
1257 1951 1325 1986 ὁμοῦ
1342 1953 1391 1979 καὶ
1404 1953 1544 1992 οίξιοῦντες
1560 1956 1656 1991 τροχόν
1669 1965 1677 1973 ’
1694 1957 1778 1992 Φωνὴ
1803 1958 1849 1991 γὰρ

1070 1995 1148 2030 φησὶ,
1164 1995 1220 2030 τῆς
1231 1996 1366 2032 ,ϐροντῆς
1379 1990 1443 2027 σοῦ
1451 2000 1488 2027 ἐν
1499 1999 1539 2033 τῷ
1565 1990 1663 2037 τροχῷ
1678 2010 1685 2018 ·
1703 2003 1743 2030 διὸ
1766 1990 1813 2031 καί
1825 1990 1849 2028 ἐν

1071 2040 1174 2076 ἅρματι
1210 2042 1296 2078 πυρὸς
1316 2043 1407 2072 Ἠλίου
1432 2046 1447 2071 6
1470 2045 1604 2082 Θεσϐίτης
1636 2048 1693 2076 ἀπὸ
1717 2049 1768 2084 γῆς
1791 2049 1849 2076 ἀνα-

1070 2086 1239 2131 λαμϐᾀνεται
1249 2096 1256 2104 ·
1273 2089 1343 2126 ὅπερ
1357 2090 1442 2124 τύπος
1469 2089 1504 2128 ἧν
1519 2093 1618 2130 σαφὴς,
1636 2096 1669 2122 τδ
1688 2095 1739 2131 μὲν
1749 2095 1848 2130 τὲθριπ·

1071 2139 1123 2158 πον
1136 2130 1213 2168 ἅρμα
1229 2133 1327 2160 ἐκτῶν
1344 2135 1487 2172 τεσσάρων
1509 2138 1650 2173 στοιχείων
1679 2130 1850 2175 συγκειμένης

1072 2177 1151 2213 ἡμῶν
1165 2178 1284 2213 φύσεως,
1302 2180 1362 2215 μεθ’
1370 2178 1405 2217 ἧς
1418 2182 1466 2209 καὶ
1482 2183 1523 2214 είς
1533 2183 1647 2218 οὐρανὸν
1661 2185 1766 2212 ἄνωθεν
1778 2184 1850 2219 ἀνῆλ-

1070 2224 1117 2251 θεν
1129 2225 1144 2251 6
1157 2224 1261 2261 ταύτην
1277 2226 1397 2262 φορέσας
1415 2228 1463 2255 καὶ
1475 2229 1624 2265 ἡνιοχήσας
1634 2231 1730 2264 καθὼς
1742 2230 1850 2266 ἠϐουλή-

1070 2270 1103 2305 θη
1117 2270 1184 2303 Θεὸς
1201 2272 1299 2306 Λόγος.
1309 2273 1340 2300 οι
1355 2273 1384 2300 δὲ
1400 2274 1480 2301 ἵπποι
1493 2275 1548 2302 τῶν
1555 2275 1705 2311 βασιλικῶν
1717 2277 1851 2312 ὀχημάτων

1071 2316 1158 2350 ἁγίων
1170 2317 1296 2351 ἀγγέλων
1314 2319 1438 2356 ὑπῆρχον
1456 2321 1610 2356 ὑπόδειγμα
1624 2329 1632 2338 ⁸
1649 2322 1689 2350 Τὸ
1713 2324 1768 2358 γγὶρ
1783 2323 1852 2357 ἅρμα

1072 2362 1125 2389 τοῦ
1139 2363 1224 2396 Θεοῦ,
1233 2365 1309 2399 φησὶ,
1321 2368 1543 2400 μυριοπλάσιον
1554 2368 1690 2401 χιλιάδες
1700 2367 1851 2402 εὐθηνούν-

1072 2416 1133 2435 των
1147 2410 1196 2437 καὶ
1215 2409 1434 2444 ἑορταζόντων·
1455 2410 1509 2439 είδε
1529 2413 1558 2439 δὲ
1586 2414 1634 2440 καὶ
1653 2414 1754 2450 Δανιὴλ
1781 2412 1851 2444 ὡςὲν

1072 2455 1167 2490 ὁράσει
1181 2456 1265 2490 ἄνδρα
1280 2457 1362 2484 πάλιν
1374 2458 1610 2493 ἀνθρωπόμορφον
1626 2460 1673 2486 ἐπὶ
1686 2459 1780 2495 Θρόνου
1801 2458 1851 2484 ἑνι-

1072 2502 1216 2537 δρυμένον,
1231 2503 1277 2530 τὸν
1283 2504 1400 2531 Παλαιὸν
1414 2505 1470 2532 τῶν
1479 2505 1591 2541 ἡμερῶν
1604 2506 1672 2533 Θεόν
1683 2515 1690 2522 ·
1705 2506 1759 2533 Kal
1768 2505 1851 2540 χίλιαι

1074 2549 1219 2583 χιλιάδες,
1240 2551 1316 2585 φησὶ,
1332 2551 1591 2585 παρειστήκεισαν
1603 2551 1684 2584 αὐτῷ
1703 2551 1750 2579 καὶ
1760 2551 1851 2586 μύριαι

1076 2620 1111 2657 ζει
1124 2621 1192 2657 Dan.
1209 2621 1311 2655 xtv,l52
1322 2630 1398 2656 seqq.
1445 2622 1469 2638 ⁸⁷
1482 2621 1557 2650 Psal.
1572 2631 1631 2655 cm,
1647 2624 1682 2657 ις
1699 2622 1779 2651 Hebr.
1796 2629 1814 2653 ι,
1827 2619 1849 2645 7-

237 2654 261 2672 ⁵³
280 2654 396 2683 Zaehar.
416 2662 435 2687 t,
451 2655 478 2682 8.
505 2648 530 2670 δέ
544 2653 618 2682 Psal.
635 2648 730 2685 ιῖὶινι,
744 2653 788 2680 l9.
826 2652 848 2668 '°
865 2648 897 2680 Ν
917 2648 984 2688 Reg.
1000 2663 1014 2682 ιι

1067 2648 1090 2683 lt
1129 2657 1151 2673 ⁶¹
1166 2655 1239 2684 Psal.
1258 2648 1343 2690 ἶςνιι,
1444 2657 1466 2673 ⁸³
1481 2648 1662 2692 ῡςὶῆ’.ἰῖιῖ;’9ῖ

274 2737 331 2773 (ll)
347 2736 386 2764 De
401 2737 555 2773 substantia
572 2736 730 2773 angelorum
739 2741 816 2773 noue
831 2740 895 2764 sunt
911 2734 1025 2765 Patrum

238 2771 321 2801 variae
336 2773 488 2806 opiniones.
508 2771 722 2800 Videsis’saltem
738 2772 890 2799 Petavium.

275 2807 333 2844 (η)
347 2807 486 2843 lutclligit,
504 2813 588 2844 puto,
611 2806 771 2836 Theodorus
787 2807 1028 2839 Mohammedanos

1077 2740 1124 2775 qui
1137 2748 1170 2768 ex
1184 2741 1279 2769 intima
1287 2742 1350 2769 Asia
1367 2742 1501 2771 adversus
1513 2743 1637 2771 Grecam
1646 2744 1849 2774 Christianorum

1079 2777 1223 2812 imperium
1237 2778 1345 2813 magnis
1358 2778 1462 2808 viribus
1477 2780 1669 2808 adventabant.
