1921 3073
96 101 148 137 741

567 103 708 134 ORATIO
724 103 775 135 VI.
789 102 872 132 -ΙΝ
905 101 1070 132 SANCTOS
1092 101 1275 133 ANGELOS.

1694 99 1747 132 ’142

93 163 240 201 μυριάδες
263 163 479 198 ἐλειτούργουν
509 162 590 196 αὐτῷ
603 171 609 178 ·
640 162 710 190 ἀλλὰ
737 162 825 190 ταῦτα
847 161 896 197 μὲν

958 159 1002 187 Sed
1023 160 1080 188 haec
1095 159 1215 194 quidem,
1229 164 1257 186 et
1270 165 1443 194 quacunque
1454 157 1612 193 huiusmodi
1627 163 1702 193 sunt,
1717 161 1745 188 in

98 213 147 240 καὶ
161 213 212 239 ὅσα
225 210 338 238 τοιαῦτα
352 211 382 237 ἐν
399 211 433 246 τῇ
448 209 610 245 Παλαιᾷ,ὠς
622 210 651 235 ἔν
660 209 781 245 δράμασι
793 208 841 236 καὶ
851 208 903 234 ιπ-

955 205 1053 234 Vetere
1062 205 1241 233 Testamento
1250 204 1403 232 visionibus
1414 208 1442 231 et
1453 204 1671 238 apparitionibus
1680 204 1747 240 ligu-

96 257 208 289 τασίαις
220 256 398 284 διετυποῦντο
411 256 490 283 ’ἐπεὶ
496 254 559 282 οὔτε
573 255 668 282 οὐσίαν
681 254 750 281 Θεοῦ
763 253 826 281 οὔτε
834 262 900 290 μορ-

958 251 1103 284 rabantur;
1116 253 1246 286 quoniam
1260 251 1307 279 Dei
1319 251 1501 278 substantiam
1513 258 1603 285 neque
1617 250 1745 285 formam,

96 305 164 340 φὴν,
187 303 249 330 οὔτε
271 303 365 338 σχῆμα
379 301 443 328 οὔτε
459 300 528 333 εἰδος
547 301 610 328 οὔτε
629 299 728 332 κάλλος
747 309 788 332 τις
804 299 859 326 τῶν
873 300 900 326 ὲν

958 304 1042 332 neque
1048 297 1174 333 figuram,
1184 305 1273 332 neque
1281 296 1505 332 speciem,neque
1513 297 1746 331 pulchritudinem

99 350 186 385 σαρκί
209 346 263 375 εἶδε
286 346 473 380 πώποτε,οὕτε
486 346 605 374 εἰδέσθαι
617 346 741 379 δύναται,
753 345 791 377 ὼς
805 346 819 372 ὁ
832 344 900 379 ἱερὸς

958 343 1100 378 luisquam
1123 343 1150 370 in
1172 351 1254 370 carne
1269 343 1366 370 vivens
1390 350 1513 377 unquam
1529 344 1645 377 aspexit,
1660 351 1749 378 neque

97 396 176 431 ἡμᾶς
205 395 326 422 διδάσκει
357 394 464 428 Λόγος’
495 392 553 420 ἀλλ’
582 391 644 419 οὔτε
661 391 780 428 ἀγγέλου
794 390 844 426 τὴν
853 389 900 417 οὺ-

99 443 162 470 σίαν
179 442 197 476 ἣ
212 450 255 473 τις
275 441 385 476 ἰσχυσεν
401 440 419 476 ἢ
433 439 574 468 ἐθεάσατο.

140 532 177 561 θ’.
192 531 300 559 Οὐκοῦν
312 531 394 567 δεῦρο
409 530 465 558 ἀπὺ
477 530 527 565 τῆς
547 530 627 561 σκιᾶς
642 530 688 556 ἐπὶ
714 529 765 565 τὴν
791 528 897 564 Καινὴν

97 577 240 613 Διαθῆκην
251 576 373 611 διάϐηθι,
385 577 435 603 καὶ
450 575 500 608 τὰς
511 575 661 610 ἀγγελικὰς
675 575 838 611 τρανότερον
845 575 899 602 δια-

98 623 194 655 κονίας
204 623 391 650 κατόπτευσον
407 631 415 638 ·
423 623 486 655 ἥκει
495 622 544 657 μὲν
550 620 598 648 οὖν
625 629 692 648 ποτε
704 621 842 657 χοράρχης
851 619 900 647 καὶ

97 670 154 697 τῶν
186 669 343 706 προκρίτων
371 670 386 696 ὸ
415 668 528 704 ἔξαρχος
553 668 603 703 τῆς
641 668 773 695 ἀνωτάτω
797 667 900 703 φύτλης

97 716 154 743 τῶν
186 715 343 750 ἀσωμάτων
373 714 549 750 λειτουργῶν,
568 714 714 748 ὲκφάντωρ
745 713 898 749 θεομύστης

97 761 153 788 τῶν
181 760 346 796 ἀπορρήτων
370 758 419 786 τοῦ
448 758 517 786 Θεοῦ
551 758 620 794 πρὸς
653 757 816 793 ἀνθρώπους
847 767 897 793 μυ-

99 808 233 844 στηρίων,
261 806 384 842 Γαϐριὴλ
415 806 430 833 ὁ
456 805 610 836 θεοείκελος
635 804 731 839 λάτρις
763 804 895 839 φερέχαι-

100 863 148 890 ρος
174 852 323 889 χαροποιδς
355 851 425 888 πρὸς
456 851 507 887 τὴν
547 850 673 887 βροτείαν
706 849 787 885 φύσιν
803 870 811 882 ,
845 849 893 876 καὶ

99 901 170 937 πρὸς
206 899 381 934 πανάφθορον
413 898 521 934 κόρην“
551 897 622 932 πρὸς
652 896 686 932 ὴν
717 896 805 931 εἰσῄει
843 896 893 930 τὴν

100 947 211 983 μορφὴν
227 945 312 973 αὐτοῦ
332 943 394 972 κατ’
411 944 516 977 οὐσίαν,
538 943 575 975 ὡς
593 942 667 969 ἐστιν
688 942 842 973 ἐπιδεικνὺς
859 942 893 976 τῇ

99 993 268 1028 πανσέμνῳο
283 992 352 1028 μόνη
378 991 433 1026 γὰρ
449 991 467 1026 ἡ
495 990 561 1024 ἁγία
580 988 723 1021 Θεοτόκος,
734 987 772 1020 ὦς
799 996 893 1023 φασιν,

100 1039 253 1074 ἀγγελικὴν
276 1038 314 1070 ὡς
336 1037 393 1065 ἔστι
408 1037 457 1064 καὶ
468 1036 506 1068 ὡς
519 1036 644 1071 γέγονεν,
661 1035 762 1062 ἰδέσθαι
782 1034 894 1068 δεδύνη-

100 1094 157 1117 ται,
175 1085 210 1111 ἵν’
222 1085 256 1111 ὲκ
264 1083 312 1110 τοῦ
325 1083 440 1114 κάλλους
451 1081 499 1109 τοῦ
511 1080 636 1109 δουλικοῦ
652 1079 853 1116 ύπερθαυμάσῃ
864 1079 895 1106 τὸ

102 1131 199 1163 κάλλος
210 1131 242 1158 τὸ
249 1129 417 1157 Δεσποτικόν
432 1137 439 1145 ·
453 1128 494 1156 διὸ
508 1128 557 1155 καὶ
570 1127 720 1164 προστάξει
735 1126 796 1162 θείᾳ
808 1125 895 1162 εἰσῄει

102 1178 172 1214 πρὸς
204 1169 292 1213 αὐτὴν
319 1177 334 1203 ὸ
358 1175 592 1211 ἀρχιστράτηγος,
622 1173 721 1205 κάλλος
753 1174 896 1209 ἀμήχανον

102 1226 172 1261 αὐτῇ
191 1223 409 1259 ἐνδεικνύμενος,
425 1222 474 1249 καὶ
493 1221 603 1257 μορφὴν
620 1220 713 1247 αὐτῶν
735 1219 791 1247 τῶν
816 1219 895 1255 ἡλια-

103 1271 160 1299 κῶν
187 1270 306 1298 ἀκτίνων
338 1267 533 1305 λαμπροτέραν
570 1266 778 1302 τυγχάνουσαν,
806 1265 898 1300 ἡρέμα

103 1315 319 1352 προσδιανοίγων
333 1316 367 1350 τῇ
396 1314 509 1349 ἀφθόρῳ
524 1312 574 1348 τὴν
590 1311 765 1347 πανάφθορον
786 1311 835 1346 τῆς
858 1311 899 1337 οἰ-

103 1363 182 1394 κείας
201 1361 311 1397 μορφῆς
330 1361 451 1396 ἰδιότητα
463 1367 471 1374 ⁸
487 1358 549 1386 ὃθεν
565 1357 615 1385 καὶ
630 1355 701 1385 εἷδεν
716 1354 786 1388 εἶδος
799 1356 898 1392 μικροῦ

104 1410 151 1436 καὶ
162 1409 248 1436 ἀϊδίου
260 1407 400 1443 ἀπορροῆς
410 1404 634 1440 άνταπαύγασμα
644 1411 650 1418 ·
663 1400 815 1437 εῖδενῶραν
829 1402 899 1437 ὑπὲρ

104 1454 179 1490 ὥραν
194 1453 369 1489 ὼραῖσμένην
378 1451 545 1488 ὡραιότητος
553 1458 560 1465 ”
574 1447 628 1477 εἶδε
637 1448 753 1480 κάλλους
765 1447 900 1483 λαμπηδό-

951 390 1073 424 aspicere
1086 393 1187 425 potest.
1202 396 1252 417 ceu
1268 397 1354 417 sacrae
1376 396 1427 416 nos
1439 389 1540 416 docent
1554 388 1672 416 Litterae.
1693 390 1746 416 Sed

951 443 987 464 ne
1000 436 1087 471 angeli
1098 436 1209 472 quidem
1224 437 1406 464 substantiam
1425 435 1572 470 quisquam
1594 435 1684 470 potuit
1708 435 1748 462 vi-

951 482 1026 509 dere.

985 527 1012 555 9.
1030 527 1085 563 Age
1100 527 1192 562 itaque
1206 526 1241 553 ab
1255 525 1359 553 umbris
1371 525 1404 552 ad
1418 524 1526 553 Novum
1539 525 1744 554 Testamentum

950 572 1048 604 transi,
1058 577 1085 599 et
1100 572 1220 606 angelica
1240 571 1428 606 perspicacius
1449 571 1604 599 ministeria
1621 576 1746 599 contem—

950 617 1034 652 plare.
1048 616 1129 644 Venit
1144 616 1294 651 aliquando
1312 616 1389 643 chori
1405 617 1505 644 ductor
1517 635 1525 648 ,
1552 621 1579 644 et
1594 617 1744 644 electorum

949 663 1059 698 superni
1068 669 1157 691 coztus
1167 663 1394 698 iucorporeorum
1406 663 1593 690 ministrorum
1607 663 1744 697 princeps,

949 708 1081 744 mysticus
1096 715 1263 735 arcanorum
1282 705 1330 734 Dei
1350 707 1545 742 mysteriorum
1570 707 1642 742 apud
1658 707 1748 734 homi-

949 763 998 783 nes
1014 755 1161 786 revelator,
1177 753 1304 784 Gabriol,
1329 753 1383 780 Deo
1397 753 1494 780 similis
1510 752 1638 783 famulus.
1654 753 1745 788 gaudii

948 805 976 828 et
985 800 1085 828 laetitiae
1096 799 1211 827 nuntius
1227 799 1386 826 mortalium
1403 803 1525 831 natura,
1546 799 1580 826 ad
1604 799 1747 835 integerri-

947 854 1020 874 mam
1035 846 1176 881 puellam;
1200 845 1235 872 ad
1263 852 1347 879 quam
1376 849 1418 872 est
1446 846 1600 880 ingressus,
1626 845 1746 873 formam

943 899 1032 924 suam,
1049 891 1140 926 qualis
1152 890 1211 926 ejus
1222 890 1377 918 substantia
1392 895 1445 922 est,
1465 891 1627 918 venerendaz
1638 890 1746 927 Virgini

944 937 1101 965 ostendens.
1111 935 1177 963 Sola
1192 936 1265 963 enim
1284 940 1379 963 sancta
1397 936 1524 970 Deipara,
1544 941 1574 963 ut
1590 937 1677 969 aiunt,
1694 944 1746 964 an-

945 979 1058 1014 gelicam
1075 974 1219 1011 uti'reapse
1227 980 1279 1009 est,
1297 981 1379 1011 utque
1387 981 1478 1004 creata
1487 977 1548 1010 fuit,
1559 983 1683 1005 naturam
1705 979 1747 1005 vi-

944 1024 1009 1052 dere
1018 1024 1117 1059 potuit,
1126 1028 1157 1050 ut
1169 1023 1195 1050 in
1212 1022 1307 1050 famuli
1318 1022 1489 1050 formositate
1500 1023 1670 1050 Dominicam
1684 1024 1746 1058 pul-

945 1070 1130 1097 chritudinem
1138 1068 1396 1097 admiraretur.ldeo
1403 1069 1496 1096 divino
1505 1070 1634 1096 mandato
1642 1069 1748 1104 ingres-

946 1124 993 1144 sus
1003 1121 1045 1144 est
1057 1116 1090 1143 ad
1099 1123 1159 1142 eam
1180 1115 1362 1151 archangelus
1374 1123 1509 1142 summam
1523 1115 1547 1143 ei
1564 1116 1746 1150 pulchritudi-

946 1169 1008 1189 nem
1015 1160 1349 1196 ostendens,formamque
1362 1161 1524 1195 ipsisradiis
1532 1162 1668 1189 solaribus
1679 1163 1747 1190 luci-

947 1208 1052 1235 diorem
1064 1227 1071 1240 ,
1090 1208 1194 1235 sensim
1212 1208 1337 1242 aperiens
1351 1215 1425 1242 pura:
1445 1208 1549 1243 Virgini
1566 1209 1745 1243 purissimam

947 1254 1131 1282 formositatis
1154 1261 1211 1281 sua:
1231 1253 1438 1288 proprietatem.
1466 1252 1546 1281 Unde
1571 1254 1654 1281 etiam
1680 1253 1748 1281 vidit

949 1300 1183 1337 speciem,a2terni
1194 1299 1391 1335 propemodum
1405 1298 1500 1326 fluenti
1513 1299 1644 1326 reflexum
1657 1300 1749 1334 splen-

949 1346 1055 1374 dorem.
1079 1345 1155 1373 Vidit
1179 1345 1378 1372 formositatem
1408 1345 1580 1372 formositate
1602 1346 1747 1380 majorem,

950 1396 1077 1420 ornatum
1103 1392 1190 1426 ipsius
1211 1395 1329 1418 ornatus
1347 1399 1355 1418 :
1370 1390 1438 1418 vidit
1461 1391 1639 1425 peregrinum
1659 1391 1749 1425 spieu-

950 1438 1044 1466 dorem
1057 1442 1191 1472 etpraater
1205 1437 1316 1465 solitum
1330 1445 1336 1464 :
1354 1436 1422 1464 vid'it
1439 1436 1612 1471 incorporea:
1623 1436 1749 1464 substan-

103 1482 139 1528 νά
155 1482 236 1535 ξένην
250 1499 267 1534 ἢ
281 1482 353 1526 κατά
372 1482 516 1532 συνήθειαν
531 1503 540 1512 θ
557 1492 629 1522 εἶδεν
645 1494 740 1525 οὐσίας
752 1492 899 1526 ἀσωμάτου

958 1484 995 1511 ia:
1016 1484 1135 1519 fulgores
1162 1482 1300 1510 solaribus
1322 1482 1480 1517 superiores
1496 1490 1503 1509 :
1520 1482 1590 1509 vidit
1605 1482 1747 1510 rationalis

105 1544 294 1582 μαρμαρυγὰς
316 1541 542 1579 ὑπερϐαλλούσας
563 1541 613 1573 τὰς
630 1540 747 1576 ήλιακάς
758 1547 765 1554 ·
785 1537 839 1565 εἶδε
854 1539 898 1564 λο-

103 1592 185 1627 γικοῦ
212 1590 354 1626 ὲωσφόρου
373 1589 489 1622 ἀείζωον
504 1588 594 1622 αὐγήν
613 1594 620 1602 ·
638 1584 692 1612 εἰδε
715 1585 802 1619 φλόγα
816 1583 898 1619 ψυχι-

104 1638 156 1674 κὴν
169 1658 178 1670 ,
194 1636 289 1672 νοεροῦ
309 1636 395 1670 φάους
411 1634 675 1669 συναστράπτουσαν
699 1631 796 1666 αῐγλην
813 1639 821 1647 σ
838 1630 900 1656 ὅθεν

104 1684 143 1716 ὡς
156 1683 209 1710 οὐκ
224 1683 307 1711 ἀῦλον
323 1681 521 1709 κατατέθεικεν
536 1680 554 1715 ἡ
573 1679 731 1714 πάνσεμνος
751 1676 799 1704 τοῦ
815 1675 900 1710 ἀγγέ-

104 1731 151 1758 λου
174 1730 225 1765 τὴν
241 1728 359 1764 θεωρίαν
381 1727 449 1762 ὁμοῦ
465 1726 515 1754 καὶ
541 1724 700 1760 συντυχίαν,
715 1723 754 1755 ὡς
779 1722 871 1750 ἰδοῦσα
886 1721 901 1748 ὃ

104 1777 173 1812 ἄλλη
193 1777 245 1803 οὐκ
260 1775 373 1807 ἐδέξατο
386 1773 479 1808 φύσις.

143 1821 170 1850 ι’.
186 1823 331 1857 Δεσμεῖται
353 1820 382 1847 δὲ
412 1820 460 1846 καὶ
481 1817 620 1854 Ζαχαρίας
642 1816 677 1851 τῇ
698 1814 807 1850 ἀφωνία
822 1813 901 1847 ἁγίου

106 1869 265 1904 ἀπιστήσας
294 1866 412 1901 ἀγγέλου
426 1874 434 1882 ·
464 1864 527 1892 ἐπεὶ
550 1863 606 1899 γὰρ
639 1861 752 1898 ἔμελλεν
769 1861 811 1891 εἰς
843 1859 902 1893 φῶς

107 1914 294 1952 προέρχεσθαι
309 1914 341 1940 ὲκ
354 1911 475 1948 γαστρὸς
486 1910 557 1938 ὁτοῦ
570 1909 660 1944 φωτὸς
674 1907 831 1952 πρόδρομος
854 1905 902 1931 τοῦ

107 1951 238 1998 ἀληθινοῦ
261 1959 398 1994 Ἰωάννης,
415 1959 432 1993 ὴ
446 1956 532 1992 φωνὴ
554 1954 677 1991 δηλονότι
699 1953 753 1980 τοῦ
767 1951 904 1998 ,βοῶντος

107 1995 197 2042 ἐνήτῇ
212 2005 313 2041 ἐρήμῳ
328 2005 395 2040 ἡμῖν
410 2004 468 2035 τοῖς
494 2002 523 2035 ἐξ
551 2000 636 2028 ἐθνῶν
656 1997 821 2034 Ἑκκλησίας
831 2017 839 2029 ,
855 1995 903 2023 τοῦ

107 2055 194 2089 νόμου
209 2053 327 2087 γέροντα
342 2050 431 2084 λέγων
443 2058 452 2067 ·
469 2044 500 2076 οὗ
518 2048 603 2075 τύπον
623 2044 766 2081 ἑκκληρῶν
782 2044 797 2070 ὁ
812 2043 905 2089 πατὴρ

109 2097 262 2133 Ζαχαρίας,
285 2095 429 2131 προτίκτει
461 2093 509 2121 τοῦ
538 2091 659 2127 Χριστοῦ
687 2091 776 2126 μῆνας
801 2088 831 2122 ἓξ
859 2088 906 2114 τὸν

116 2144 247 2178 Ἰωάννην
262 2150 270 2158 ·
289 2143 350 2169 οὐκ
374 2139 415 2176 ἦν
432 2139 488 2175 γὰρ
503 2138 621 2170 ἐκεῖνος
635 2137 670 2165 τὸ
696 2136 761 2171 φῶς
773 2144 781 2152 τ
800 2134 848 2162 καὶ
862 2133 906 2161 διὰ

951 1528 1060 1556 luciferi
1077 1535 1187 1563 semper
1201 1528 1293 1555 vivum
1309 1527 1482 1562 splendorem
1495 1536 1502 1554 :
1515 1527 1584 1554 vidit
1598 1527 1748 1555 animatum

950 1573 1101 1605 flammant,
1115 1572 1308 1600 intellectualis
1321 1572 1390 1599 lucis
1404 1572 1561 1599 rutilantem
1583 1572 1748 1600 claritatem.

950 1619 1040 1652 Quare
1054 1623 1186 1653 tanquant
1202 1625 1256 1645 non
1272 1617 1480 1645 immaterialem
1494 1618 1650 1645 veneranda
1666 1617 1749 1653 Virgo

950 1665 1059 1700 excepit
1077 1665 1167 1700 angeli
1184 1664 1317 1692 visionem
1336 1668 1419 1699 atque
1433 1671 1598 1697 occursum;
1622 1672 1672 1692 ceu
1687 1672 1748 1700 qua:

950 1712 1067 1745 viderat,
1081 1712 1153 1746 quod
1171 1711 1217 1738 alii
1235 1717 1377 1745 nunquam
1394 1710 1509 1745 contigit
1523 1715 1640 1738 naturae.

992 1811 1035 1839 lo.
1052 1810 1144 1838 Mutus
1170 1810 1200 1838 fit
1213 1809 1374 1842 Zacharias,
1391 1809 1438 1844 qui
1461 1808 1559 1844 angelo
1575 1813 1672 1836 sancto
1694 1818 1747 1836 non

952 1857 1127 1885 crediderat:
1145 1856 1210 1892 quia
1228 1855 1333 1884 scilicet
1347 1861 1528 1890 processurus
1549 1859 1610 1881 erat
1621 1862 1653 1882 ex
1669 1859 1749 1882 utero

953 1904 981 1931 in
999 1904 1100 1934 lucem,
1120 1910 1191 1930 verae
1205 1902 1275 1929 lucis
1293 1908 1449 1937 prazcursor
1459 1899 1590 1933 Joannes,
1601 1908 1651 1928 vos:
1668 1901 1749 1927 nimi-

954 1955 1015 1975 rum
1029 1947 1172 1974 clamantis
1185 1947 1213 1973 in
1230 1947 1333 1973 deserto
1347 1946 1381 1978 “,
1406 1945 1486 1973 nobis
1509 1946 1557 1980 qui
1572 1953 1606 1972 ex
1627 1944 1747 1980 gentium

955 1993 1078 2022 Ecclesia
1093 2000 1198 2024 sumus,
1211 1992 1279 2027 legis
1291 1995 1461 2020 senectutem
1480 1991 1644 2019 edicturus:
1665 1991 1747 2025 cujus

955 2044 1049 2075 typum
1077 2046 1174 2074 gerens
1202 2037 1348 2065 Zacharias
1370 2037 1514 2072 gignitsex
1526 2042 1589 2064 ante
1608 2037 1749 2064 Christum

956 2084 1101 2113 mensibus
1124 2084 1258 2111 Joannem
1275 2092 1283 2111 :
1312 2083 1375 2111 Non
1395 2084 1468 2111 enim
1490 2087 1548 2110 erat
1575 2083 1620 2110 ille
1641 2082 1749 2116 luat“;

957 2131 1074 2165 ideoque
1090 2135 1154 2157 ante
1164 2137 1211 2157 sex
1231 2136 1340 2157 menses
1354 2129 1481 2164 suscepit
1499 2129 1586 2156 filiuni
1601 2127 1749 2156 Joannem.

109 2189 192 2217 τοῦτο
297 2187 328 2219 ἒξ
347 2174 404 2222 ἔχει
423 2174 477 2213 τδνγ
489 2184 618 2219 Ἰωάννην
631 2191 639 2199 ⁶
662 2181 723 2218 μεθ’
738 2181 767 2208 ὃν
784 2179 900 2216 Χριστὸς

958 2177 1021 2206 Post
1040 2184 1122 2212 quem
1134 2175 1263 2204 Christus
1277 2180 1359 2203 natus
1368 2180 1421 2208 est,
1430 2183 1480 2203 ceu
1496 2174 1612 2210 septima
1624 2175 1750 2209 quaedam

109 2234 222 2271 ἐτέχθη,
238 2234 275 2265 ὼς
289 2232 390 2268 ἑϐδόμη
415 2239 459 2263 τις
481 2229 573 2265 ἡμέρα
589 2237 596 2245 ·
614 2227 696 2259 αὐτὸς
710 2227 765 2262 γάρ
776 2227 850 2253 ἐστιν
864 2225 903 2256 ὡς

110 2280 222 2317 ἀληθῶς
235 2279 315 2315 ἡμῶν
332 2276 451 2313 μυστικὴ
460 2275 515 2303 τῶν
525 2274 674 2301 Σαϐϐάτων
688 2273 854 2303 ἀνάπαυσις,
870 2271 904 2317 ἣν

110 2326 262 2360 εὐλόγησεν
277 2325 292 2350 ό
305 2323 360 2350 τῶν
375 2322 445 2349 ὅλων
459 2321 526 2352 θεὸς
542 2320 590 2347 καί⁵
606 2318 720 2355 ἡγίασεν
732 2326 739 2334 ·
758 2318 799 2344 ὅτι
814 2317 844 2343 ὲν
856 2316 906 2343 αὺ-

109 2374 145 2408 τῇ
162 2371 212 2399 καὶ
231 2370 265 2397 δι’
275 2369 360 2404 αὐτῆς
372 2368 547 2395 κατέπαυσεν
560 2365 614 2392 ἀπὸ
626 2364 737 2392 πάντων
750 2362 804 2390 τῶν
816 2361 905 2408 ἔργων

111 2407 197 2446 αῦτοὖ
210 2425 217 2432 ·
232 2416 280 2443 καὶ
303 2415 385 2446 αὑτός
407 2415 482 2441 ἐστιν
498 2412 583 2444 ὖντως
600 2410 703 2446 ἀληθὴς
715 2409 765 2444 τῆς
782 2407 906 2443 μεγάλης

112 2464 215 2500 βουλῆς
233 2461 280 2489 τοῦ
290 2460 397 2497 Πατρδς
410 2457 607 2494 Ἀρχάγγελος,
620 2457 668 2484 καὶ
679 2455 760 2487 αὐτὸς
775 2454 877 2489 Κύριος
892 2454 906 2480 ὁ

111 2511 180 2542 Θεὸς
191 2509 335 2544 δυνάμεων
351 2515 358 2521 ·
374 2506 469 2540 διόπερ
487 2503 561 2539 αὐτῷ
576 2503 720 2530 ὑπείκουσι
735 2502 782 2528 καὶ
794 2500 904 2528 δουλεύ-

110 2565 174 2584 ουσι
201 2554 251 2582 καὶ
281 2551 450 2580 διακονοῦσιν
487 2552 517 2577 ὲν
547 2549 630 2576 παντὶ
656 2549 750 2583 τρόπῳ
777 2547 825 2574 καὶ
859 2547 905 2573 τό-

111 2608 157 2637 πῳ
177 2601 228 2634 τῆς
252 2599 387 2633 ὲνσάρκου
417 2596 575 2631 οἰκονομίας
603 2594 686 2621 αὐτοῦ
707 2594 732 2620 οἰ
751 2593 826 2627 ἅγιοι
857 2592 907 2619 καί

112 2647 302 2683 φιλάνθρωποι
317 2645 355 2676 ὡς
377 2641 562 2679 φιλανθρώπῳ
574 2640 698 2676 Δεσπὸτῃ
721 2640 747 2666 οἰ
772 2638 884 2673 ἄγγελοι
898 2646 904 2653 ·

113 2693 163 2721 καί
183 2701 250 2719 ποτε
279 2691 329 2727 μὲν
355 2688 439 2716 αὑτοῦ
466 2687 645 2723 γεννηθέντος
660 2686 692 2713 τδ
711 2685 782 2713 κατά
803 2685 905 2720 σάρκα,

114 2738 231 2774 ἄγγελοι
256 2734 482 2773 πρωωγνὼστως
506 2734 565 2765 τοῖς
587 2732 716 2767 ποιμέσιν
740 2731 906 2766 ἐπέστησαν,

117 2783 366 2821 μυσταγωγοῦντες
380 2780 492 2812 τούτους
505 2780 541 2814 τῇ
559 2779 587 2805 ὲν
600 2777 725 2814 Βηθλεὲμ
737 2777 821 2804 αὐτοῦ
836 2785 905 2812 φατ-

151 2843 176 2860 ⁸³
192 2842 247 2870 lsa.
263 2848 307 2874 ιι,
324 2840 352 2868 ὅ.
391 2840 414 2856 ⁸⁵
427 2838 507 2867 Joau.
523 2845 543 2870 ι,
562 2838 590 2866 8.

952 2222 1021 2250 dies.
1043 2222 1102 2257 Ipse
1119 2221 1192 2249 enim
1207 2228 1272 2248 vere
1285 2219 1365 2248 nobis
1379 2224 1423 2248 est
1435 2220 1551 2256 mystica
1567 2219 1750 2248 Sabbatouun

953 2268 1074 2303 requies,
1104 2268 1150 2295 cui
1174 2267 1313 2295 benedixit
1341 2266 1508 2294 universalis
1531 2265 1615 2299 Deus,
1641 2270 1668 2294 et
1689 2274 1750 2293 eam

954 2313 1155 2347 sanctificavil;
1173 2313 1238 2348 quia
1251 2312 1278 2340 in
1292 2312 1350 2348 ipsa
1361 2316 1388 2339 et
1402 2316 1513 2347 propter
1529 2311 1615 2346 ipsam
1629 2311 1662 2338 ab
1675 2311 1750 2338 omni

955 2366 1038 2395 opere
1056 2366 1108 2386 suo
1119 2358 1263 2393 requievit.
1281 2357 1313 2384 Et
1330 2357 1389 2392 ipse
1403 2360 1445 2384 est
1460 2363 1556 2391 reapse
1569 2363 1649 2383 verus
1660 2356 1750 2391 magni

958 2405 1065 2441 paterni
1083 2404 1189 2432 consilii
1203 2403 1394 2438 archangelus.
1413 2402 1470 2437 ipse
1483 2402 1616 2430 Dominus
1631 2409 1663 2430 ac
1679 2401 1751 2430 Deus

958 2452 1105 2479 virtutum.
1137 2449 1309 2484 Quapropter
1340 2448 1391 2484 ipsi
1417 2448 1614 2483 subjiciuntur,
1635 2452 1662 2475 et
1693 2456 1751 2475 ser-

960 2498 1049 2530 viunt.
1065 2503 1147 2532 atque
1175 2495 1335 2523 ministrant
1351 2495 1517 2522 otunimodis
1539 2499 1566 2522 et
1591 2495 1665 2521 omni
1689 2495 1751 2522 luco

959 2554 1008 2581 per
1023 2552 1106 2573 omne
1125 2543 1326 2571 incarnationis
1348 2548 1457 2577 tempus
1483 2542 1571 2569 sancti
1594 2546 1620 2568 et
1638 2541 1750 2576 benigni

960 2599 1010 2619 ceu
1025 2594 1122 2618 sancto
1134 2593 1161 2616 et
1177 2589 1295 2624 benigno
1312 2587 1428 2615 Domino
1449 2587 1549 2622 angeli.
1566 2586 1674 2613 Etenim
1688 2592 1751 2613 nat)

960 2638 1008 2665 illo
1024 2637 1050 2664 in
1070 2643 1163 2668 carne,
1181 2635 1270 2670 angeli
1284 2635 1379 2669 prima:
1399 2633 1502 2661 notitiae
1517 2637 1645 2660 auctores
1656 2637 1751 2667 pasto-

959 2683 1036 2711 ribus
1051 2681 1173 2712 fuerunt,
1199 2680 1358 2707 nuntiantes
1380 2678 1463 2713 hujus
1478 2678 1549 2712 apud
1562 2677 1750 2705 Bethleemum

960 2728 988 2756 in
1003 2727 1117 2763 praesepi
1148 2726 1331 2753 nativitatem.
1358 2724 1475 2760 Moxque
1497 2723 1665 2752 admirantes
1690 2730 1750 2750 ma-

959 2781 1042 2810 gnum
1059 2773 1118 2809 ejus
1133 2777 1160 2800 ct
1177 2771 1346 2807 insperatum
1365 2771 1392 2798 in
1414 2769 1579 2806 paupercula
1598 2768 1685 2796 forma
1700 2768 1750 2795 bu-
