  <div class='ocr_page' id='page_1' title='image "/cluster/home/n/w/nwhite01/storage/ocr_20150623/99/njp.32101010943858/401.png"; bbox 0 0 1921 3073; ppageno 0'>
   <div class='ocr_carea' id='block_1_1' title="bbox 207 110 260 144">
    <p class='ocr_par' dir='ltr' id='par_1_1' title="bbox 207 110 260 144">
     <span class='ocr_line' id='line_1_1' title="bbox 207 110 260 144; baseline -0.038 0"><span class='ocrx_word' id='word_1_1' title='bbox 207 110 260 144; x_wconf 76' lang='grc'><strong>743</strong></span> 
     </span>
    </p>
   </div>
   <div class='ocr_carea' id='block_1_2' title="bbox 806 91 1248 137">
    <p class='ocr_par' dir='ltr' id='par_1_2' title="bbox 806 91 1248 137">
     <span class='ocr_line' id='line_1_2' title="bbox 806 91 1248 137; baseline -0.005 0"><span class='ocrx_word' id='word_1_2' title='bbox 806 106 836 137; x_wconf 92' lang='lat' dir='ltr'><strong>s.</strong></span> <span class='ocrx_word' id='word_1_3' title='bbox 853 104 1052 136; x_wconf 81' lang='lat' dir='ltr'><strong>THEODORI</strong></span> <span class='ocrx_word' id='word_1_4' title='bbox 1072 91 1248 136; x_wconf 63' lang='lat' dir='ltr'><strong>s&#39;rum&#39;rzia</strong></span> 
     </span>
    </p>
   </div>
   <div class='ocr_carea' id='block_1_3' title="bbox 1785 103 1831 136">
    <p class='ocr_par' dir='ltr' id='par_1_3' title="bbox 1785 103 1831 136">
     <span class='ocr_line' id='line_1_3' title="bbox 1785 103 1831 136; baseline 0 0"><span class='ocrx_word' id='word_1_5' title='bbox 1785 103 1831 136; x_wconf 64' lang='lat' dir='ltr'><strong>&#39;ltl</strong></span> 
     </span>
    </p>
   </div>
   <div class='ocr_carea' id='block_1_4' title="bbox 206 157 1006 198">
    <p class='ocr_par' dir='ltr' id='par_1_4' title="bbox 206 160 999 198">
     <span class='ocr_line' id='line_1_4' title="bbox 206 160 999 198; baseline -0.008 -6"><span class='ocrx_word' id='word_1_6' title='bbox 206 162 374 193; x_wconf 75' lang='lat' dir='ltr'><strong>manatiOnis</strong></span> <span class='ocrx_word' id='word_1_7' title='bbox 397 160 577 198; x_wconf 58' lang='lat' dir='ltr'><strong>fmysterium,</strong></span> <span class='ocrx_word' id='word_1_8' title='bbox 605 160 698 188; x_wconf 79' lang='lat' dir='ltr'><strong>Gloria</strong></span> <span class='ocrx_word' id='word_1_9' title='bbox 723 161 752 188; x_wconf 80' lang='lat' dir='ltr'><strong>in</strong></span> <span class='ocrx_word' id='word_1_10' title='bbox 774 161 886 188; x_wconf 72' lang='lat' dir='ltr'><strong>exeluis</strong></span> <span class='ocrx_word' id='word_1_11' title='bbox 915 160 999 187; x_wconf 80' lang='lat' dir='ltr'><strong>Deo“</strong></span> 
     </span>
    </p>
   </div>
   <div class='ocr_carea' id='block_1_5' title="bbox 1058 157 1832 198">
    <p class='ocr_par' dir='ltr' id='par_1_5' title="bbox 1058 157 1832 196">
     <span class='ocr_line' id='line_1_5' title="bbox 1058 157 1832 196; baseline 0.003 -9"><span class='ocrx_word' id='word_1_12' title='bbox 1058 161 1152 196; x_wconf 72' lang='grc' dir='ltr'>νοθέτῳ</span> <span class='ocrx_word' id='word_1_13' title='bbox 1185 161 1313 195; x_wconf 83' lang='grc' dir='ltr'><strong>γεννήσει</strong></span> <span class='ocrx_word' id='word_1_14' title='bbox 1329 169 1337 176; x_wconf 70' lang='grc' dir='ltr'><strong><em>ο</em></strong></span> <span class='ocrx_word' id='word_1_15' title='bbox 1353 160 1402 187; x_wconf 76' lang='grc' dir='ltr'>καὶ</span> <span class='ocrx_word' id='word_1_16' title='bbox 1425 157 1506 192; x_wconf 76' lang='grc' dir='ltr'>αὖθις</span> <span class='ocrx_word' id='word_1_17' title='bbox 1531 158 1699 194; x_wconf 78' lang='grc' dir='ltr'><strong>ἀγασθέντες</strong></span> <span class='ocrx_word' id='word_1_18' title='bbox 1715 160 1745 188; x_wconf 76' lang='grc' dir='ltr'>τὸ</span> <span class='ocrx_word' id='word_1_19' title='bbox 1769 162 1832 196; x_wconf 81' lang='grc' dir='ltr'>μέγα</span> 
     </span>
    </p>
   </div>
   <div class='ocr_carea' id='block_1_6' title="bbox 205 206 1001 244">
    <p class='ocr_par' dir='ltr' id='par_1_6' title="bbox 205 206 1001 244">
     <span class='ocr_line' id='line_1_6' title="bbox 205 206 1001 244; baseline -0.005 -7"><span class='ocrx_word' id='word_1_20' title='bbox 205 209 352 244; x_wconf 83' lang='lat' dir='ltr'><strong>magniﬁce</strong></span> <span class='ocrx_word' id='word_1_21' title='bbox 367 209 495 243; x_wconf 85' lang='lat' dir='ltr'><strong>elataque</strong></span> <span class='ocrx_word' id='word_1_22' title='bbox 509 215 576 235; x_wconf 85' lang='lat' dir='ltr'><strong>voce</strong></span> <span class='ocrx_word' id='word_1_23' title='bbox 600 207 766 235; x_wconf 84' lang='lat' dir='ltr'><strong>clamaruut.</strong></span> <span class='ocrx_word' id='word_1_24' title='bbox 783 207 850 234; x_wconf 90' lang='lat' dir='ltr'><strong>Item</strong></span> <span class='ocrx_word' id='word_1_25' title='bbox 875 206 1001 241; x_wconf 75' lang='lat' dir='ltr'><strong>angelus,</strong></span> 
     </span>
    </p>
   </div>
   <div class='ocr_carea' id='block_1_7' title="bbox 206 253 1000 288">
    <p class='ocr_par' dir='ltr' id='par_1_7' title="bbox 206 253 1000 288">
     <span class='ocr_line' id='line_1_7' title="bbox 206 253 1000 288; baseline -0.008 -4"><span class='ocrx_word' id='word_1_26' title='bbox 206 264 256 284; x_wconf 89' lang='lat' dir='ltr'><strong>ceu</strong></span> <span class='ocrx_word' id='word_1_27' title='bbox 269 254 406 283; x_wconf 80' lang='lat' dir='ltr'><strong>luminare</strong></span> <span class='ocrx_word' id='word_1_28' title='bbox 418 254 531 282; x_wconf 68' lang='lat' dir='ltr'><strong>celeste</strong></span> <span class='ocrx_word' id='word_1_29' title='bbox 555 253 583 281; x_wconf 91' lang='lat' dir='ltr'><strong>in</strong></span> <span class='ocrx_word' id='word_1_30' title='bbox 605 253 690 281; x_wconf 70' lang='lat' dir='ltr'><strong>stellae</strong></span> <span class='ocrx_word' id='word_1_31' title='bbox 711 253 826 288; x_wconf 76' lang='lat' dir='ltr'><strong>ﬁguram</strong></span> <span class='ocrx_word' id='word_1_32' title='bbox 840 259 1000 285; x_wconf 84' lang='lat' dir='ltr'><strong>conversus,</strong></span> 
     </span>
    </p>
   </div>
   <div class='ocr_carea' id='block_1_8' title="bbox 206 298 1001 336">
    <p class='ocr_par' dir='ltr' id='par_1_8' title="bbox 206 298 1001 336">
     <span class='ocr_line' id='line_1_8' title="bbox 206 298 1001 336; baseline -0.005 -7"><span class='ocrx_word' id='word_1_33' title='bbox 206 302 259 329; x_wconf 64' lang='lat' dir='ltr'><strong>viae</strong></span> <span class='ocrx_word' id='word_1_34' title='bbox 282 302 337 329; x_wconf 80' lang='lat' dir='ltr'><strong>dux</strong></span> <span class='ocrx_word' id='word_1_35' title='bbox 365 300 419 328; x_wconf 81' lang='lat' dir='ltr'><strong>fuit</strong></span> <span class='ocrx_word' id='word_1_36' title='bbox 433 301 532 336; x_wconf 85' lang='lat' dir='ltr'><strong>magis,</strong></span> <span class='ocrx_word' id='word_1_37' title='bbox 559 307 661 327; x_wconf 85' lang='lat' dir='ltr'><strong>vocans</strong></span> <span class='ocrx_word' id='word_1_38' title='bbox 675 299 710 327; x_wconf 87' lang='lat' dir='ltr'><strong>ad</strong></span> <span class='ocrx_word' id='word_1_39' title='bbox 734 299 805 326; x_wconf 81' lang='lat' dir='ltr'><strong>viam</strong></span> <span class='ocrx_word' id='word_1_40' title='bbox 826 307 887 334; x_wconf 78' lang='lat' dir='ltr'><strong>qua:</strong></span> <span class='ocrx_word' id='word_1_41' title='bbox 914 298 1001 326; x_wconf 86' lang='lat' dir='ltr'><strong>dicit:</strong></span> 
     </span>
    </p>
   </div>
   <div class='ocr_carea' id='block_1_9' title="bbox 208 344 1003 383">
    <p class='ocr_par' dir='ltr' id='par_1_9' title="bbox 208 344 1003 383">
     <span class='ocr_line' id='line_1_9' title="bbox 208 344 1003 383; baseline -0.006 -8"><span class='ocrx_word' id='word_1_42' title='bbox 208 348 265 383; x_wconf 80' lang='lat' dir='ltr'><strong>Ego</strong></span> <span class='ocrx_word' id='word_1_43' title='bbox 277 355 337 374; x_wconf 74' lang='lat' dir='ltr'><strong>sum</strong></span> <span class='ocrx_word' id='word_1_44' title='bbox 352 347 395 375; x_wconf 77' lang='lat' dir='ltr'><strong>via</strong></span> <span class='ocrx_word' id='word_1_45' title='bbox 410 346 442 373; x_wconf 81' lang='lat'><strong>“.</strong></span> <span class='ocrx_word' id='word_1_46' title='bbox 457 345 566 373; x_wconf 86' lang='lat' dir='ltr'><strong>Rursus</strong></span> <span class='ocrx_word' id='word_1_47' title='bbox 577 345 721 372; x_wconf 86' lang='lat' dir='ltr'><strong>oraculum</strong></span> <span class='ocrx_word' id='word_1_48' title='bbox 736 344 791 372; x_wconf 82' lang='lat' dir='ltr'><strong>edit</strong></span> <span class='ocrx_word' id='word_1_49' title='bbox 804 344 928 379; x_wconf 84' lang='lat' dir='ltr'><strong>angelus,</strong></span> <span class='ocrx_word' id='word_1_50' title='bbox 940 346 1003 378; x_wconf 83' lang='lat' dir='ltr'><strong>post</strong></span> 
     </span>
    </p>
   </div>
   <div class='ocr_carea' id='block_1_10' title="bbox 207 390 1003 429">
    <p class='ocr_par' dir='ltr' id='par_1_10' title="bbox 207 390 1003 429">
     <span class='ocr_line' id='line_1_10' title="bbox 207 390 1003 429; baseline -0.004 -9"><span class='ocrx_word' id='word_1_51' title='bbox 207 400 351 429; x_wconf 87' lang='lat' dir='ltr'><strong>magorum</strong></span> <span class='ocrx_word' id='word_1_52' title='bbox 374 393 540 424; x_wconf 57' lang='lat' dir='ltr'><strong>discessum,</strong></span> <span class='ocrx_word' id='word_1_53' title='bbox 572 391 704 426; x_wconf 82' lang='lat' dir='ltr'><strong>Josepho,</strong></span> <span class='ocrx_word' id='word_1_54' title='bbox 727 395 757 418; x_wconf 92' lang='lat' dir='ltr'><strong>ut</strong></span> <span class='ocrx_word' id='word_1_55' title='bbox 777 398 842 418; x_wconf 91' lang='lat' dir='ltr'><strong>cum</strong></span> <span class='ocrx_word' id='word_1_56' title='bbox 867 390 953 417; x_wconf 81' lang='lat' dir='ltr'><strong>Matre</strong></span> <span class='ocrx_word' id='word_1_57' title='bbox 970 397 1003 418; x_wconf 85' lang='lat' dir='ltr'><strong>ac</strong></span> 
     </span>
    </p>
   </div>
   <div class='ocr_carea' id='block_1_11' title="bbox 207 436 1003 474">
    <p class='ocr_par' dir='ltr' id='par_1_11' title="bbox 207 436 1003 474">
     <span class='ocr_line' id='line_1_11' title="bbox 207 436 1003 474; baseline -0.005 -7"><span class='ocrx_word' id='word_1_58' title='bbox 207 439 274 468; x_wconf 79' lang='lat' dir='ltr'><strong>Jesu</strong></span> <span class='ocrx_word' id='word_1_59' title='bbox 303 439 329 466; x_wconf 91' lang='lat' dir='ltr'><strong>in</strong></span> <span class='ocrx_word' id='word_1_60' title='bbox 351 438 498 474; x_wconf 67' lang='lat' dir='ltr'><strong>Egyptum</strong></span> <span class='ocrx_word' id='word_1_61' title='bbox 527 437 668 473; x_wconf 79' lang='lat' dir='ltr'><strong>migraret.</strong></span> <span class='ocrx_word' id='word_1_62' title='bbox 698 436 871 472; x_wconf 77' lang='lat' dir='ltr'><strong>Disceditque</strong></span> <span class='ocrx_word' id='word_1_63' title='bbox 896 436 1003 472; x_wconf 77' lang='lat' dir='ltr'><strong>fugiens</strong></span> 
     </span>
    </p>
   </div>
   <div class='ocr_carea' id='block_1_12' title="bbox 209 482 1003 517">
    <p class='ocr_par' dir='ltr' id='par_1_12' title="bbox 209 482 1003 517">
     <span class='ocr_line' id='line_1_12' title="bbox 209 482 1003 517; baseline -0.004 -5"><span class='ocrx_word' id='word_1_64' title='bbox 209 485 284 514; x_wconf 85' lang='lat' dir='ltr'><strong>Deus</strong></span> <span class='ocrx_word' id='word_1_65' title='bbox 297 485 332 512; x_wconf 84' lang='lat' dir='ltr'><strong>ab</strong></span> <span class='ocrx_word' id='word_1_66' title='bbox 347 485 468 517; x_wconf 81' lang='lat' dir='ltr'><strong>homine,</strong></span> <span class='ocrx_word' id='word_1_67' title='bbox 493 491 595 511; x_wconf 87' lang='lat' dir='ltr'><strong>arcano</strong></span> <span class='ocrx_word' id='word_1_68' title='bbox 618 482 777 511; x_wconf 57' lang='lat' dir='ltr'><strong>oeconomia:</strong></span> <span class='ocrx_word' id='word_1_69' title='bbox 789 483 913 515; x_wconf 87' lang='lat' dir='ltr'><strong>consilio,</strong></span> <span class='ocrx_word' id='word_1_70' title='bbox 930 482 1003 510; x_wconf 86' lang='lat' dir='ltr'><strong>haud</strong></span> 
     </span>
    </p>
   </div>
   <div class='ocr_carea' id='block_1_13' title="bbox 171 529 1002 568">
    <p class='ocr_par' dir='ltr' id='par_1_13' title="bbox 171 529 1002 568">
     <span class='ocr_line' id='line_1_13' title="bbox 171 529 1002 568; baseline -0.006 -8"><span class='ocrx_word' id='word_1_71' title='bbox 171 549 173 551; x_wconf 69' lang='grc' dir='ltr'><strong>ι</strong></span> <span class='ocrx_word' id='word_1_72' title='bbox 207 532 334 568; x_wconf 85' lang='lat' dir='ltr'><strong>equidem</strong></span> <span class='ocrx_word' id='word_1_73' title='bbox 352 535 468 558; x_wconf 87' lang='lat' dir='ltr'><strong>mortem</strong></span> <span class='ocrx_word' id='word_1_74' title='bbox 495 530 605 563; x_wconf 89' lang='lat' dir='ltr'><strong>timens,</strong></span> <span class='ocrx_word' id='word_1_75' title='bbox 623 529 670 565; x_wconf 90' lang='lat' dir='ltr'><strong>qui</strong></span> <span class='ocrx_word' id='word_1_76' title='bbox 687 533 729 557; x_wconf 87' lang='lat' dir='ltr'><strong>est</strong></span> <span class='ocrx_word' id='word_1_77' title='bbox 752 529 894 556; x_wconf 86' lang='lat' dir='ltr'><strong>hominum</strong></span> <span class='ocrx_word' id='word_1_78' title='bbox 908 529 1002 563; x_wconf 88' lang='lat' dir='ltr'><strong>judex,</strong></span> 
     </span>
    </p>
   </div>
   <div class='ocr_carea' id='block_1_14' title="bbox 209 575 1004 612">
    <p class='ocr_par' dir='ltr' id='par_1_14' title="bbox 209 575 1004 612">
     <span class='ocr_line' id='line_1_14' title="bbox 209 575 1004 612; baseline -0.005 -5"><span class='ocrx_word' id='word_1_79' title='bbox 209 579 256 607; x_wconf 87' lang='lat' dir='ltr'><strong>sed</strong></span> <span class='ocrx_word' id='word_1_80' title='bbox 271 579 319 606; x_wconf 91' lang='lat' dir='ltr'><strong>tibi</strong></span> <span class='ocrx_word' id='word_1_81' title='bbox 334 578 449 612; x_wconf 77' lang='lat' dir='ltr'><strong>figuram</strong></span> <span class='ocrx_word' id='word_1_82' title='bbox 481 577 690 611; x_wconf 81' lang='lat' dir='ltr'><strong>exemplumque</strong></span> <span class='ocrx_word' id='word_1_83' title='bbox 714 575 850 611; x_wconf 67' lang='lat' dir='ltr'><strong>praebens,</strong></span> <span class='ocrx_word' id='word_1_84' title='bbox 883 575 1004 610; x_wconf 89' lang='lat' dir='ltr'><strong>tinesque</strong></span> 
     </span>
    </p>
   </div>
   <div class='ocr_carea' id='block_1_15' title="bbox 209 621 1005 657">
    <p class='ocr_par' dir='ltr' id='par_1_15' title="bbox 209 621 1005 657">
     <span class='ocr_line' id='line_1_15' title="bbox 209 621 1005 657; baseline -0.003 -5"><span class='ocrx_word' id='word_1_85' title='bbox 209 625 317 652; x_wconf 88' lang='lat' dir='ltr'><strong>timoris</strong></span> <span class='ocrx_word' id='word_1_86' title='bbox 334 628 362 651; x_wconf 89' lang='lat' dir='ltr'><strong>et</strong></span> <span class='ocrx_word' id='word_1_87' title='bbox 378 623 465 651; x_wconf 82' lang='lat' dir='ltr'><strong>virilis</strong></span> <span class='ocrx_word' id='word_1_88' title='bbox 483 623 579 655; x_wconf 91' lang='lat' dir='ltr'><strong>animi,</strong></span> <span class='ocrx_word' id='word_1_89' title='bbox 594 621 769 657; x_wconf 87' lang='lat' dir='ltr'><strong>quandonam</strong></span> <span class='ocrx_word' id='word_1_90' title='bbox 786 625 813 649; x_wconf 90' lang='lat' dir='ltr'><strong>et</strong></span> <span class='ocrx_word' id='word_1_91' title='bbox 821 621 866 649; x_wconf 90' lang='lat' dir='ltr'><strong>ubi</strong></span> <span class='ocrx_word' id='word_1_92' title='bbox 877 625 903 649; x_wconf 91' lang='lat' dir='ltr'><strong>et</strong></span> <span class='ocrx_word' id='word_1_93' title='bbox 920 628 1005 656; x_wconf 84' lang='lat' dir='ltr'><strong>quare</strong></span> 
     </span>
    </p>
   </div>
   <div class='ocr_carea' id='block_1_16' title="bbox 209 667 1004 706">
    <p class='ocr_par' dir='ltr' id='par_1_16' title="bbox 209 667 1004 706">
     <span class='ocr_line' id='line_1_16' title="bbox 209 667 1004 706; baseline -0.006 -7"><span class='ocrx_word' id='word_1_94' title='bbox 209 670 412 706; x_wconf 82' lang='lat' dir='ltr'><strong>opportunitate</strong></span> <span class='ocrx_word' id='word_1_95' title='bbox 438 669 467 696; x_wconf 92' lang='lat' dir='ltr'><strong>in</strong></span> <span class='ocrx_word' id='word_1_96' title='bbox 483 669 590 696; x_wconf 84' lang='lat' dir='ltr'><strong>cunctis</strong></span> <span class='ocrx_word' id='word_1_97' title='bbox 606 668 737 695; x_wconf 87' lang='lat' dir='ltr'><strong>utendum</strong></span> <span class='ocrx_word' id='word_1_98' title='bbox 763 668 808 696; x_wconf 85' lang='lat' dir='ltr'><strong>sit.</strong></span> <span class='ocrx_word' id='word_1_99' title='bbox 834 667 893 695; x_wconf 83' lang='lat' dir='ltr'><strong>Non</strong></span> <span class='ocrx_word' id='word_1_100' title='bbox 913 672 1004 695; x_wconf 91' lang='lat' dir='ltr'><strong>tamen</strong></span> 
     </span>
    </p>
   </div>
   <div class='ocr_carea' id='block_1_17' title="bbox 209 713 1005 753">
    <p class='ocr_par' dir='ltr' id='par_1_17' title="bbox 209 713 1005 753">
     <span class='ocr_line' id='line_1_17' title="bbox 209 713 1005 753; baseline -0.004 -9"><span class='ocrx_word' id='word_1_101' title='bbox 209 725 296 753; x_wconf 86' lang='lat' dir='ltr'><strong>usque</strong></span> <span class='ocrx_word' id='word_1_102' title='bbox 310 717 343 744; x_wconf 90' lang='lat' dir='ltr'><strong>ad</strong></span> <span class='ocrx_word' id='word_1_103' title='bbox 359 715 508 752; x_wconf 67' lang='lat' dir='ltr'><strong>Egyptum</strong></span> <span class='ocrx_word' id='word_1_104' title='bbox 526 715 715 742; x_wconf 81' lang='lat' dir='ltr'><strong>tantummodo</strong></span> <span class='ocrx_word' id='word_1_105' title='bbox 731 713 890 749; x_wconf 78' lang='lat' dir='ltr'><strong>angelorum</strong></span> <span class='ocrx_word' id='word_1_106' title='bbox 914 713 1005 741; x_wconf 76' lang='lat' dir='ltr'><strong>lamu-</strong></span> 
     </span>
    </p>
   </div>
   <div class='ocr_carea' id='block_1_18' title="bbox 209 759 1005 792">
    <p class='ocr_par' dir='ltr' id='par_1_18' title="bbox 209 759 1005 792">
     <span class='ocr_line' id='line_1_18' title="bbox 209 759 1005 792; baseline -0.005 -2"><span class='ocrx_word' id='word_1_107' title='bbox 209 762 281 790; x_wconf 87' lang='lat' dir='ltr'><strong>latus</strong></span> <span class='ocrx_word' id='word_1_108' title='bbox 301 762 446 788; x_wconf 92' lang='lat' dir='ltr'><strong>Dominum</strong></span> <span class='ocrx_word' id='word_1_109' title='bbox 465 768 546 788; x_wconf 87' lang='lat' dir='ltr'><strong>suum</strong></span> <span class='ocrx_word' id='word_1_110' title='bbox 573 759 720 788; x_wconf 89' lang='lat' dir='ltr'><strong>comitatus</strong></span> <span class='ocrx_word' id='word_1_111' title='bbox 742 764 795 792; x_wconf 83' lang='lat' dir='ltr'><strong>est,</strong></span> <span class='ocrx_word' id='word_1_112' title='bbox 813 759 859 786; x_wconf 83' lang='lat' dir='ltr'><strong>sed</strong></span> <span class='ocrx_word' id='word_1_113' title='bbox 875 759 956 786; x_wconf 87' lang='lat' dir='ltr'><strong>etiam</strong></span> <span class='ocrx_word' id='word_1_114' title='bbox 971 767 1005 787; x_wconf 90' lang='lat' dir='ltr'><strong>ex</strong></span> 
     </span>
    </p>
   </div>
   <div class='ocr_carea' id='block_1_19' title="bbox 209 803 845 841">
    <p class='ocr_par' dir='ltr' id='par_1_19' title="bbox 209 803 845 841">
     <span class='ocr_line' id='line_1_19' title="bbox 209 803 845 841; baseline -0.005 -8"><span class='ocrx_word' id='word_1_115' title='bbox 209 804 328 841; x_wconf 68' lang='lat' dir='ltr'><strong>Egypto</strong></span> <span class='ocrx_word' id='word_1_116' title='bbox 344 805 460 832; x_wconf 85' lang='lat' dir='ltr'><strong>reditum</strong></span> <span class='ocrx_word' id='word_1_117' title='bbox 475 804 589 839; x_wconf 81' lang='lat' dir='ltr'><strong>angelus</strong></span> <span class='ocrx_word' id='word_1_118' title='bbox 601 803 721 838; x_wconf 79' lang='lat' dir='ltr'><strong>Josepho</strong></span> <span class='ocrx_word' id='word_1_119' title='bbox 735 803 845 831; x_wconf 90' lang='lat' dir='ltr'><strong>indixit.</strong></span> 
     </span>
    </p>
   </div>
   <div class='ocr_carea' id='block_1_20' title="bbox 1054 207 1832 243">
    <p class='ocr_par' dir='ltr' id='par_1_20' title="bbox 1054 207 1832 243">
     <span class='ocr_line' id='line_1_20' title="bbox 1054 207 1832 243; baseline 0 -9"><span class='ocrx_word' id='word_1_120' title='bbox 1054 207 1103 234; x_wconf 73' lang='grc' dir='ltr'>καὶ</span> <span class='ocrx_word' id='word_1_121' title='bbox 1128 207 1281 243; x_wconf 81' lang='grc' dir='ltr'>παράδοξον</span> <span class='ocrx_word' id='word_1_122' title='bbox 1305 207 1389 234; x_wconf 78' lang='grc' dir='ltr'>αὐτοῦ</span> <span class='ocrx_word' id='word_1_123' title='bbox 1402 207 1453 242; x_wconf 85' lang='grc' dir='ltr'>τῆς</span> <span class='ocrx_word' id='word_1_124' title='bbox 1466 207 1688 243; x_wconf 78' lang='grc' dir='ltr'>πτωχοπρεποῦς</span> <span class='ocrx_word' id='word_1_125' title='bbox 1706 207 1832 243; x_wconf 79' lang='grc' dir='ltr'>ὲνανθρω-</span> 
     </span>
    </p>
   </div>
   <div class='ocr_carea' id='block_1_21' title="bbox 1052 252 1832 288">
    <p class='ocr_par' dir='ltr' id='par_1_21' title="bbox 1052 252 1832 288">
     <span class='ocr_line' id='line_1_21' title="bbox 1052 252 1832 288; baseline 0.004 -9"><span class='ocrx_word' id='word_1_126' title='bbox 1052 253 1163 288; x_wconf 84' lang='grc' dir='ltr'>πήσεως</span> <span class='ocrx_word' id='word_1_127' title='bbox 1181 254 1340 288; x_wconf 80' lang='grc' dir='ltr'>μυστήριον,</span> <span class='ocrx_word' id='word_1_128' title='bbox 1347 253 1389 286; x_wconf 84' lang='grc' dir='ltr'><strong>τδ,</strong></span> <span class='ocrx_word' id='word_1_129' title='bbox 1402 253 1489 285; x_wconf 81' lang='grc' dir='ltr'>Δόξα,</span> <span class='ocrx_word' id='word_1_130' title='bbox 1500 252 1650 288; x_wconf 77' lang='grc' dir='ltr'><strong>λαμπρῶς,</strong></span> <span class='ocrx_word' id='word_1_131' title='bbox 1659 253 1694 280; x_wconf 72' lang='grc' dir='ltr'><strong>ἐν</strong></span> <span class='ocrx_word' id='word_1_132' title='bbox 1704 254 1832 288; x_wconf 68' lang='grc' dir='ltr'>ὑψίστοις</span> 
     </span>
    </p>
   </div>
   <div class='ocr_carea' id='block_1_22' title="bbox 1054 297 1835 338">
    <p class='ocr_par' dir='ltr' id='par_1_22' title="bbox 1054 297 1835 338">
     <span class='ocr_line' id='line_1_22' title="bbox 1054 297 1835 338; baseline 0.003 -13"><span class='ocrx_word' id='word_1_133' title='bbox 1054 297 1127 338; x_wconf 60' lang='grc' dir='ltr'><strong>Θεῷ,</strong></span> <span class='ocrx_word' id='word_1_134' title='bbox 1138 299 1308 334; x_wconf 90' lang='grc' dir='ltr'>διαπρυσίως</span> <span class='ocrx_word' id='word_1_135' title='bbox 1319 299 1471 334; x_wconf 82' lang='grc' dir='ltr'>ὲκέκραγον</span> <span class='ocrx_word' id='word_1_136' title='bbox 1481 306 1488 314; x_wconf 95' lang='grc'><strong>·</strong></span> <span class='ocrx_word' id='word_1_137' title='bbox 1499 299 1548 326; x_wconf 79' lang='grc' dir='ltr'>καὶ</span> <span class='ocrx_word' id='word_1_138' title='bbox 1560 299 1675 333; x_wconf 76' lang='grc' dir='ltr'>ἄγγελος</span> <span class='ocrx_word' id='word_1_139' title='bbox 1683 299 1720 331; x_wconf 84' lang='grc' dir='ltr'><strong>ὡς</strong></span> <span class='ocrx_word' id='word_1_140' title='bbox 1733 300 1835 336; x_wconf 71' lang='grc' dir='ltr'>φωστὴρ</span> 
     </span>
    </p>
   </div>
   <div class='ocr_carea' id='block_1_23' title="bbox 1053 345 1834 381">
    <p class='ocr_par' dir='ltr' id='par_1_23' title="bbox 1053 345 1834 381">
     <span class='ocr_line' id='line_1_23' title="bbox 1053 345 1834 381; baseline 0.004 -11"><span class='ocrx_word' id='word_1_141' title='bbox 1053 345 1180 379; x_wconf 76' lang='grc' dir='ltr'>οὐράνιος</span> <span class='ocrx_word' id='word_1_142' title='bbox 1206 345 1247 377; x_wconf 83' lang='grc' dir='ltr'><strong>εἰς</strong></span> <span class='ocrx_word' id='word_1_143' title='bbox 1276 345 1392 380; x_wconf 76' lang='grc' dir='ltr'><strong>ἀστέρος</strong></span> <span class='ocrx_word' id='word_1_144' title='bbox 1417 345 1505 372; x_wconf 81' lang='grc' dir='ltr'><strong>τύπον</strong></span> <span class='ocrx_word' id='word_1_145' title='bbox 1532 346 1699 381; x_wconf 75' lang='grc' dir='ltr'>μορφωθεὶς,</span> <span class='ocrx_word' id='word_1_146' title='bbox 1714 347 1763 381; x_wconf 81' lang='grc' dir='ltr'>τὴν</span> <span class='ocrx_word' id='word_1_147' title='bbox 1783 347 1834 373; x_wconf 70' lang='grc' dir='ltr'>ἁδὺν</span> 
     </span>
    </p>
   </div>
   <div class='ocr_carea' id='block_1_24' title="bbox 1053 390 1834 428">
    <p class='ocr_par' dir='ltr' id='par_1_24' title="bbox 1053 390 1834 428">
     <span class='ocr_line' id='line_1_24' title="bbox 1053 390 1834 428; baseline 0.003 -11"><span class='ocrx_word' id='word_1_148' title='bbox 1053 390 1180 418; x_wconf 74' lang='grc' dir='ltr'><strong>ὡδοποίει</strong></span> <span class='ocrx_word' id='word_1_149' title='bbox 1214 391 1314 426; x_wconf 80' lang='grc' dir='ltr'><strong>μάγοις</strong></span> <span class='ocrx_word' id='word_1_150' title='bbox 1351 391 1444 418; x_wconf 82' lang='grc' dir='ltr'>καλῶν</span> <span class='ocrx_word' id='word_1_151' title='bbox 1488 391 1557 427; x_wconf 78' lang='grc' dir='ltr'>πρὸς</span> <span class='ocrx_word' id='word_1_152' title='bbox 1601 391 1651 428; x_wconf 81' lang='grc' dir='ltr'>τὴν</span> <span class='ocrx_word' id='word_1_153' title='bbox 1692 392 1751 419; x_wconf 79' lang='grc' dir='ltr'>ὁδὸν</span> <span class='ocrx_word' id='word_1_154' title='bbox 1790 394 1834 427; x_wconf 73' lang='grc' dir='ltr'>τήν</span> 
     </span>
    </p>
   </div>
   <div class='ocr_carea' id='block_1_25' title="bbox 1053 436 1834 474">
    <p class='ocr_par' dir='ltr' id='par_1_25' title="bbox 1053 436 1834 474">
     <span class='ocr_line' id='line_1_25' title="bbox 1053 436 1834 474; baseline 0.005 -12"><span class='ocrx_word' id='word_1_155' title='bbox 1053 436 1187 470; x_wconf 84' lang='grc' dir='ltr'>λέγουσαν</span> <span class='ocrx_word' id='word_1_156' title='bbox 1201 444 1209 452; x_wconf 78' lang='grc'><strong><em>⁸</em></strong></span> <span class='ocrx_word' id='word_1_157' title='bbox 1230 437 1304 472; x_wconf 74' lang='grc' dir='ltr'><strong>Ἐγώ</strong></span> <span class='ocrx_word' id='word_1_158' title='bbox 1335 438 1394 472; x_wconf 75' lang='grc' dir='ltr'>εἰμι</span> <span class='ocrx_word' id='word_1_159' title='bbox 1425 437 1496 471; x_wconf 80' lang='grc' dir='ltr'>ὁδός</span> <span class='ocrx_word' id='word_1_160' title='bbox 1511 445 1518 453; x_wconf 88' lang='lat'><strong><em>°</em></strong></span> <span class='ocrx_word' id='word_1_161' title='bbox 1538 438 1719 474; x_wconf 74' lang='grc' dir='ltr'>χρησμοτοδει</span> <span class='ocrx_word' id='word_1_162' title='bbox 1741 439 1768 466; x_wconf 67' lang='grc' dir='ltr'>δὲ</span> <span class='ocrx_word' id='word_1_163' title='bbox 1794 439 1834 466; x_wconf 74' lang='grc' dir='ltr'>καὶ</span> 
     </span>
    </p>
   </div>
   <div class='ocr_carea' id='block_1_26' title="bbox 1054 481 1833 520">
    <p class='ocr_par' dir='ltr' id='par_1_26' title="bbox 1054 481 1833 520">
     <span class='ocr_line' id='line_1_26' title="bbox 1054 481 1833 520; baseline 0.004 -11"><span class='ocrx_word' id='word_1_164' title='bbox 1054 483 1137 510; x_wconf 81' lang='grc' dir='ltr'>πάλιν</span> <span class='ocrx_word' id='word_1_165' title='bbox 1161 481 1241 515; x_wconf 81' lang='grc' dir='ltr'>αὖθις</span> <span class='ocrx_word' id='word_1_166' title='bbox 1265 483 1391 518; x_wconf 80' lang='grc' dir='ltr'>ἄγγελος,</span> <span class='ocrx_word' id='word_1_167' title='bbox 1408 483 1646 520; x_wconf 82' lang='grc' dir='ltr'><strong>ἀναχωρησάντων</strong></span> <span class='ocrx_word' id='word_1_168' title='bbox 1669 484 1724 511; x_wconf 82' lang='grc' dir='ltr'><strong>τῶν</strong></span> <span class='ocrx_word' id='word_1_169' title='bbox 1738 485 1833 520; x_wconf 80' lang='grc' dir='ltr'>μάγων,</span> 
     </span>
    </p>
   </div>
   <div class='ocr_carea' id='block_1_27' title="bbox 1062 528 1835 567">
    <p class='ocr_par' dir='ltr' id='par_1_27' title="bbox 1062 528 1835 567">
     <span class='ocr_line' id='line_1_27' title="bbox 1062 528 1835 567; baseline 0.003 -12"><span class='ocrx_word' id='word_1_170' title='bbox 1062 528 1172 564; x_wconf 85' lang='grc' dir='ltr'>Ἰωσὴφ.</span> <span class='ocrx_word' id='word_1_171' title='bbox 1198 529 1246 556; x_wconf 75' lang='grc' dir='ltr'><strong>σὺν</strong></span> <span class='ocrx_word' id='word_1_172' title='bbox 1276 530 1309 565; x_wconf 78' lang='grc' dir='ltr'>τῇ</span> <span class='ocrx_word' id='word_1_173' title='bbox 1339 529 1432 565; x_wconf 82' lang='grc' dir='ltr'><strong>Μητρὶ</strong></span> <span class='ocrx_word' id='word_1_174' title='bbox 1459 530 1507 557; x_wconf 80' lang='grc' dir='ltr'>καὶ</span> <span class='ocrx_word' id='word_1_175' title='bbox 1540 529 1629 566; x_wconf 81' lang='grc' dir='ltr'><strong>Ἷησοῦ</strong></span> <span class='ocrx_word' id='word_1_176' title='bbox 1657 531 1708 566; x_wconf 86' lang='grc' dir='ltr'><strong>τὴν</strong></span> <span class='ocrx_word' id='word_1_177' title='bbox 1731 530 1835 567; x_wconf 74' lang='grc' dir='ltr'>ἔπαρσιν</span> 
     </span>
    </p>
   </div>
   <div class='ocr_carea' id='block_1_28' title="bbox 1055 573 1835 610">
    <p class='ocr_par' dir='ltr' id='par_1_28' title="bbox 1055 573 1835 610">
     <span class='ocr_line' id='line_1_28' title="bbox 1055 573 1835 610; baseline 0.003 -10"><span class='ocrx_word' id='word_1_178' title='bbox 1055 574 1194 600; x_wconf 81' lang='grc' dir='ltr'>ποιεῖσθαι</span> <span class='ocrx_word' id='word_1_179' title='bbox 1206 573 1249 600; x_wconf 79' lang='grc' dir='ltr'>έπ¹</span> <span class='ocrx_word' id='word_1_180' title='bbox 1266 573 1405 607; x_wconf 72' lang='grc' dir='ltr'>Αἴγυπτον</span> <span class='ocrx_word' id='word_1_181' title='bbox 1417 582 1425 590; x_wconf 79' lang='grc'><strong><em>⁸</em></strong></span> <span class='ocrx_word' id='word_1_182' title='bbox 1446 574 1494 601; x_wconf 80' lang='grc' dir='ltr'>καὶ</span> <span class='ocrx_word' id='word_1_183' title='bbox 1506 574 1612 610; x_wconf 75' lang='grc' dir='ltr'>οἴχεται</span> <span class='ocrx_word' id='word_1_184' title='bbox 1628 575 1718 609; x_wconf 74' lang='grc' dir='ltr'>φυγάς</span> <span class='ocrx_word' id='word_1_185' title='bbox 1731 575 1795 607; x_wconf 81' lang='grc' dir='ltr'>Θεὸς</span> <span class='ocrx_word' id='word_1_186' title='bbox 1807 577 1835 602; x_wconf 74' lang='grc' dir='ltr'>ἐκ</span> 
     </span>
    </p>
   </div>
   <div class='ocr_carea' id='block_1_29' title="bbox 1056 618 1835 658">
    <p class='ocr_par' dir='ltr' id='par_1_29' title="bbox 1056 618 1835 658">
     <span class='ocr_line' id='line_1_29' title="bbox 1056 618 1835 658; baseline 0.004 -12"><span class='ocrx_word' id='word_1_187' title='bbox 1056 618 1154 655; x_wconf 81' lang='grc' dir='ltr'><strong>βροτοῦ</strong></span> <span class='ocrx_word' id='word_1_188' title='bbox 1173 620 1365 653; x_wconf 76' lang='grc' dir='ltr'>οἰκονομικῶς,</span> <span class='ocrx_word' id='word_1_189' title='bbox 1374 621 1405 647; x_wconf 81' lang='grc' dir='ltr'>οὐ</span> <span class='ocrx_word' id='word_1_190' title='bbox 1418 620 1538 656; x_wconf 75' lang='grc' dir='ltr'><strong>φρίττων</strong></span> <span class='ocrx_word' id='word_1_191' title='bbox 1548 620 1646 654; x_wconf 75' lang='grc' dir='ltr'>θνητὸν</span> <span class='ocrx_word' id='word_1_192' title='bbox 1659 621 1675 648; x_wconf 87' lang='lat'><strong>6</strong></span> <span class='ocrx_word' id='word_1_193' title='bbox 1686 622 1779 658; x_wconf 76' lang='grc' dir='ltr'>κριτὴς</span> <span class='ocrx_word' id='word_1_194' title='bbox 1787 622 1835 649; x_wconf 85' lang='grc' dir='ltr'><strong>τῶν</strong></span> 
     </span>
    </p>
   </div>
   <div class='ocr_carea' id='block_1_30' title="bbox 1056 664 1835 702">
    <p class='ocr_par' dir='ltr' id='par_1_30' title="bbox 1056 664 1835 702">
     <span class='ocr_line' id='line_1_30' title="bbox 1056 664 1835 702; baseline 0.001 -11"><span class='ocrx_word' id='word_1_195' title='bbox 1056 664 1171 700; x_wconf 61' lang='grc' dir='ltr'>βροντῶν,</span> <span class='ocrx_word' id='word_1_196' title='bbox 1187 665 1255 692; x_wconf 81' lang='grc' dir='ltr'>ἀλλά</span> <span class='ocrx_word' id='word_1_197' title='bbox 1268 673 1311 691; x_wconf 92' lang='grc' dir='ltr'><strong>σοι</strong></span> <span class='ocrx_word' id='word_1_198' title='bbox 1323 665 1408 692; x_wconf 83' lang='grc' dir='ltr'>τύπον</span> <span class='ocrx_word' id='word_1_199' title='bbox 1421 665 1469 691; x_wconf 77' lang='grc' dir='ltr'>καὶ</span> <span class='ocrx_word' id='word_1_200' title='bbox 1480 665 1574 691; x_wconf 82' lang='grc' dir='ltr'>είκόνα</span> <span class='ocrx_word' id='word_1_201' title='bbox 1588 665 1689 699; x_wconf 73' lang='grc' dir='ltr'>διδοὺς,</span> <span class='ocrx_word' id='word_1_202' title='bbox 1700 666 1747 692; x_wconf 80' lang='grc' dir='ltr'>καὶ</span> <span class='ocrx_word' id='word_1_203' title='bbox 1764 666 1835 702; x_wconf 76' lang='grc' dir='ltr'>ὄρους</span> 
     </span>
    </p>
   </div>
   <div class='ocr_carea' id='block_1_31' title="bbox 1055 709 1835 747">
    <p class='ocr_par' dir='ltr' id='par_1_31' title="bbox 1055 709 1835 747">
     <span class='ocr_line' id='line_1_31' title="bbox 1055 709 1835 747; baseline 0.001 -10"><span class='ocrx_word' id='word_1_204' title='bbox 1055 710 1158 741; x_wconf 81' lang='grc' dir='ltr'><strong>δειλίας</strong></span> <span class='ocrx_word' id='word_1_205' title='bbox 1175 710 1222 737; x_wconf 81' lang='grc' dir='ltr'>καὶ</span> <span class='ocrx_word' id='word_1_206' title='bbox 1237 709 1375 745; x_wconf 77' lang='grc' dir='ltr'>ἀνδρείας,</span> <span class='ocrx_word' id='word_1_207' title='bbox 1389 709 1455 737; x_wconf 84' lang='grc' dir='ltr'>πότε</span> <span class='ocrx_word' id='word_1_208' title='bbox 1467 711 1516 738; x_wconf 78' lang='grc' dir='ltr'>καὶ</span> <span class='ocrx_word' id='word_1_209' title='bbox 1529 710 1582 738; x_wconf 80' lang='grc' dir='ltr'>ποῦ</span> <span class='ocrx_word' id='word_1_210' title='bbox 1596 711 1643 738; x_wconf 78' lang='grc' dir='ltr'>καὶ</span> <span class='ocrx_word' id='word_1_211' title='bbox 1662 711 1758 747; x_wconf 81' lang='grc' dir='ltr'>καιρὸν</span> <span class='ocrx_word' id='word_1_212' title='bbox 1775 712 1835 738; x_wconf 80' lang='grc' dir='ltr'>εἰδέ-</span> 
     </span>
    </p>
   </div>
   <div class='ocr_carea' id='block_1_32' title="bbox 1055 754 1836 791">
    <p class='ocr_par' dir='ltr' id='par_1_32' title="bbox 1055 754 1836 791">
     <span class='ocr_line' id='line_1_32' title="bbox 1055 754 1836 791; baseline 0 -9"><span class='ocrx_word' id='word_1_213' title='bbox 1055 764 1100 782; x_wconf 85' lang='grc' dir='ltr'>ναι</span> <span class='ocrx_word' id='word_1_214' title='bbox 1113 756 1170 787; x_wconf 86' lang='grc' dir='ltr'>τοῖς</span> <span class='ocrx_word' id='word_1_215' title='bbox 1184 755 1268 782; x_wconf 72' lang='grc' dir='ltr'>πᾶσιν</span> <span class='ocrx_word' id='word_1_216' title='bbox 1282 763 1290 770; x_wconf 90' lang='grc'><strong>·</strong></span> <span class='ocrx_word' id='word_1_217' title='bbox 1306 756 1337 781; x_wconf 75' lang='grc' dir='ltr'>οὐ</span> <span class='ocrx_word' id='word_1_218' title='bbox 1353 754 1436 790; x_wconf 84' lang='grc' dir='ltr'>μέχρι</span> <span class='ocrx_word' id='word_1_219' title='bbox 1448 755 1478 782; x_wconf 76' lang='grc' dir='ltr'>δὲ</span> <span class='ocrx_word' id='word_1_220' title='bbox 1498 755 1639 789; x_wconf 77' lang='grc' dir='ltr'>Αἰγύπτου</span> <span class='ocrx_word' id='word_1_221' title='bbox 1653 757 1671 791; x_wconf 81' lang='grc' dir='ltr'><strong>ἡ</strong></span> <span class='ocrx_word' id='word_1_222' title='bbox 1690 756 1744 782; x_wconf 87' lang='grc' dir='ltr'><strong>τῶν</strong></span> <span class='ocrx_word' id='word_1_223' title='bbox 1761 756 1836 790; x_wconf 86' lang='grc' dir='ltr'>άγγέ-</span> 
     </span>
    </p>
   </div>
   <div class='ocr_carea' id='block_1_33' title="bbox 1056 799 1836 836">
    <p class='ocr_par' dir='ltr' id='par_1_33' title="bbox 1056 799 1836 836">
     <span class='ocr_line' id='line_1_33' title="bbox 1056 799 1836 836; baseline 0.001 -10"><span class='ocrx_word' id='word_1_224' title='bbox 1056 799 1110 826; x_wconf 85' lang='grc' dir='ltr'><strong>λων</strong></span> <span class='ocrx_word' id='word_1_225' title='bbox 1121 799 1188 835; x_wconf 82' lang='grc' dir='ltr'>πρὸς</span> <span class='ocrx_word' id='word_1_226' title='bbox 1198 799 1245 827; x_wconf 84' lang='grc' dir='ltr'><strong>τδν</strong></span> <span class='ocrx_word' id='word_1_227' title='bbox 1258 799 1363 827; x_wconf 75' lang='grc' dir='ltr'>ἑαυτῶν</span> <span class='ocrx_word' id='word_1_228' title='bbox 1377 801 1517 836; x_wconf 84' lang='grc' dir='ltr'>Δεσπότην</span> <span class='ocrx_word' id='word_1_229' title='bbox 1529 800 1698 836; x_wconf 70' lang='grc' dir='ltr'>λειτουργία,</span> <span class='ocrx_word' id='word_1_230' title='bbox 1715 800 1780 828; x_wconf 78' lang='grc' dir='ltr'>ἀλλὰ</span> <span class='ocrx_word' id='word_1_231' title='bbox 1794 801 1836 828; x_wconf 74' lang='grc' dir='ltr'>καὶ</span> 
     </span>
    </p>
   </div>
   <div class='ocr_carea' id='block_1_34' title="bbox 247 834 1006 885">
    <p class='ocr_par' dir='ltr' id='par_1_34' title="bbox 247 834 1005 885">
     <span class='ocr_line' id='line_1_34' title="bbox 247 834 1005 885; baseline 0 -7"><span class='ocrx_word' id='word_1_232' title='bbox 309 850 411 878; x_wconf 87' lang='lat' dir='ltr'><strong>Deinde</strong></span> <span class='ocrx_word' id='word_1_233' title='bbox 423 857 488 877; x_wconf 85' lang='lat' dir='ltr'><strong>vero</strong></span> <span class='ocrx_word' id='word_1_234' title='bbox 505 834 571 884; x_wconf 76' lang='lat' dir='ltr'><strong>quid</strong></span> <span class='ocrx_word' id='word_1_235' title='bbox 586 849 598 876; x_wconf 72' lang='grc' dir='ltr'><strong>ἰ</strong></span> <span class='ocrx_word' id='word_1_236' title='bbox 615 834 675 876; x_wconf 72' lang='lat' dir='ltr'><strong>Alia</strong></span> <span class='ocrx_word' id='word_1_237' title='bbox 698 857 809 885; x_wconf 89' lang='lat' dir='ltr'><strong>quoque</strong></span> <span class='ocrx_word' id='word_1_238' title='bbox 839 850 874 877; x_wconf 89' lang='lat' dir='ltr'><strong>ab</strong></span> <span class='ocrx_word' id='word_1_239' title='bbox 902 849 1005 885; x_wconf 75' lang='lat' dir='ltr'><strong>angelis</strong></span> 
     </span>
    </p>
   </div>
   <div class='ocr_carea' id='block_1_35' title="bbox 1058 834 1834 885">
    <p class='ocr_par' dir='ltr' id='par_1_35' title="bbox 1058 834 1834 882">
     <span class='ocr_line' id='line_1_35' title="bbox 1058 834 1834 882; baseline 0.001 -10"><span class='ocrx_word' id='word_1_240' title='bbox 1058 846 1104 873; x_wconf 71' lang='grc' dir='ltr'><strong>ἀπ’</strong></span> <span class='ocrx_word' id='word_1_241' title='bbox 1119 834 1259 880; x_wconf 78' lang='grc' dir='ltr'>Αἰγύπτου</span> <span class='ocrx_word' id='word_1_242' title='bbox 1270 845 1387 880; x_wconf 75' lang='grc' dir='ltr'>ἄγγελος</span> <span class='ocrx_word' id='word_1_243' title='bbox 1400 845 1441 882; x_wconf 77' lang='grc' dir='ltr'><strong>τῷ</strong></span> <span class='ocrx_word' id='word_1_244' title='bbox 1460 834 1560 882; x_wconf 82' lang='grc' dir='ltr'>Ἰωσὴφ</span> <span class='ocrx_word' id='word_1_245' title='bbox 1573 834 1673 881; x_wconf 82' lang='grc' dir='ltr'>μηνύει</span> <span class='ocrx_word' id='word_1_246' title='bbox 1685 845 1735 881; x_wconf 80' lang='grc' dir='ltr'>τὴν</span> <span class='ocrx_word' id='word_1_247' title='bbox 1746 846 1834 878; x_wconf 72' lang='grc' dir='ltr'>ἔξοδον.</span> 
     </span>
    </p>
   </div>
   <div class='ocr_carea' id='block_1_36' title="bbox 211 894 1006 930">
    <p class='ocr_par' dir='ltr' id='par_1_36' title="bbox 211 894 1006 930">
     <span class='ocr_line' id='line_1_36' title="bbox 211 894 1006 930; baseline -0.003 -6"><span class='ocrx_word' id='word_1_248' title='bbox 211 896 331 924; x_wconf 77' lang='lat' dir='ltr'><strong>factitata</strong></span> <span class='ocrx_word' id='word_1_249' title='bbox 351 895 480 930; x_wconf 81' lang='lat' dir='ltr'><strong>reperies.</strong></span> <span class='ocrx_word' id='word_1_250' title='bbox 498 895 593 930; x_wconf 84' lang='lat' dir='ltr'><strong>Angeli</strong></span> <span class='ocrx_word' id='word_1_251' title='bbox 611 894 746 929; x_wconf 84' lang='lat' dir='ltr'><strong>siquidem</strong></span> <span class='ocrx_word' id='word_1_252' title='bbox 762 895 795 922; x_wconf 89' lang='lat' dir='ltr'><strong>ad</strong></span> <span class='ocrx_word' id='word_1_253' title='bbox 812 894 905 924; x_wconf 82' lang='lat' dir='ltr'><strong>Jesum</strong></span> <span class='ocrx_word' id='word_1_254' title='bbox 916 895 1006 930; x_wconf 88' lang='lat' dir='ltr'><strong>bapti-</strong></span> 
     </span>
    </p>
   </div>
   <div class='ocr_carea' id='block_1_37' title="bbox 210 939 1003 974">
    <p class='ocr_par' dir='ltr' id='par_1_37' title="bbox 210 939 1003 974">
     <span class='ocr_line' id='line_1_37' title="bbox 210 939 1003 974; baseline 0 -6"><span class='ocrx_word' id='word_1_255' title='bbox 210 946 303 969; x_wconf 79' lang='lat' dir='ltr'><strong>zatum</strong></span> <span class='ocrx_word' id='word_1_256' title='bbox 333 939 508 967; x_wconf 85' lang='lat' dir='ltr'><strong>ministrandi</strong></span> <span class='ocrx_word' id='word_1_257' title='bbox 526 939 613 974; x_wconf 79' lang='lat' dir='ltr'><strong>gratia</strong></span> <span class='ocrx_word' id='word_1_258' title='bbox 631 939 660 966; x_wconf 94' lang='lat' dir='ltr'><strong>in</strong></span> <span class='ocrx_word' id='word_1_259' title='bbox 676 940 785 967; x_wconf 89' lang='lat' dir='ltr'><strong>deserto</strong></span> <span class='ocrx_word' id='word_1_260' title='bbox 809 945 1003 968; x_wconf 85' lang='lat' dir='ltr'><strong>accesserunt:</strong></span> 
     </span>
    </p>
   </div>
   <div class='ocr_carea' id='block_1_38' title="bbox 209 984 1007 1021">
    <p class='ocr_par' dir='ltr' id='par_1_38' title="bbox 209 984 1007 1021">
     <span class='ocr_line' id='line_1_38' title="bbox 209 984 1007 1021; baseline -0.003 -7"><span class='ocrx_word' id='word_1_261' title='bbox 209 994 265 1014; x_wconf 90' lang='lat' dir='ltr'><strong>non</strong></span> <span class='ocrx_word' id='word_1_262' title='bbox 285 985 358 1021; x_wconf 92' lang='lat' dir='ltr'><strong>quod</strong></span> <span class='ocrx_word' id='word_1_263' title='bbox 375 992 494 1019; x_wconf 87' lang='lat' dir='ltr'><strong>unquam</strong></span> <span class='ocrx_word' id='word_1_264' title='bbox 509 992 524 1011; x_wconf 93' lang='lat' dir='ltr'><strong>a</strong></span> <span class='ocrx_word' id='word_1_265' title='bbox 537 984 653 1012; x_wconf 86' lang='lat' dir='ltr'><strong>Domino</strong></span> <span class='ocrx_word' id='word_1_266' title='bbox 671 992 722 1012; x_wconf 93' lang='lat' dir='ltr'><strong>suo</strong></span> <span class='ocrx_word' id='word_1_267' title='bbox 736 984 900 1017; x_wconf 80' lang='lat' dir='ltr'><strong>abluissent,</strong></span> <span class='ocrx_word' id='word_1_268' title='bbox 914 985 962 1013; x_wconf 85' lang='lat' dir='ltr'><strong>sed</strong></span> <span class='ocrx_word' id='word_1_269' title='bbox 975 989 1007 1012; x_wconf 93' lang='lat' dir='ltr'><strong>ut</strong></span> 
     </span>
    </p>
   </div>
   <div class='ocr_carea' id='block_1_39' title="bbox 211 1030 1004 1066">
    <p class='ocr_par' dir='ltr' id='par_1_39' title="bbox 211 1030 1004 1066">
     <span class='ocr_line' id='line_1_39' title="bbox 211 1030 1004 1066; baseline -0.001 -6"><span class='ocrx_word' id='word_1_270' title='bbox 211 1039 283 1065; x_wconf 85' lang='lat' dir='ltr'><strong>tu.o</strong></span> <span class='ocrx_word' id='word_1_271' title='bbox 305 1031 404 1064; x_wconf 84' lang='lat' dir='ltr'><strong>ﬁdelis,</strong></span> <span class='ocrx_word' id='word_1_272' title='bbox 429 1030 567 1062; x_wconf 90' lang='lat' dir='ltr'><strong>crederes,</strong></span> <span class='ocrx_word' id='word_1_273' title='bbox 602 1031 746 1059; x_wconf 87' lang='lat' dir='ltr'><strong>hominem</strong></span> <span class='ocrx_word' id='word_1_274' title='bbox 777 1031 944 1066; x_wconf 81' lang='lat' dir='ltr'><strong>baptizatum</strong></span> <span class='ocrx_word' id='word_1_275' title='bbox 978 1035 1004 1059; x_wconf 87' lang='lat' dir='ltr'><strong>et</strong></span> 
     </span>
    </p>
   </div>
   <div class='ocr_carea' id='block_1_40' title="bbox 210 1077 1006 1112">
    <p class='ocr_par' dir='ltr' id='par_1_40' title="bbox 210 1077 1006 1112">
     <span class='ocr_line' id='line_1_40' title="bbox 210 1077 1006 1112; baseline -0.003 -7"><span class='ocrx_word' id='word_1_276' title='bbox 210 1078 372 1106; x_wconf 88' lang='lat' dir='ltr'><strong>munditiem</strong></span> <span class='ocrx_word' id='word_1_277' title='bbox 389 1082 610 1110; x_wconf 81' lang='lat' dir='ltr'><strong>conservantem,</strong></span> <span class='ocrx_word' id='word_1_278' title='bbox 631 1077 742 1112; x_wconf 78' lang='lat' dir='ltr'><strong>angelos</strong></span> <span class='ocrx_word' id='word_1_279' title='bbox 763 1077 937 1104; x_wconf 82' lang='lat' dir='ltr'><strong>invisibiliter</strong></span> <span class='ocrx_word' id='word_1_280' title='bbox 952 1077 1006 1103; x_wconf 81' lang='lat' dir='ltr'><strong>mi-</strong></span> 
     </span>
    </p>
   </div>
   <div class='ocr_carea' id='block_1_41' title="bbox 160 1121 1004 1158">
    <p class='ocr_par' dir='ltr' id='par_1_41' title="bbox 160 1121 1004 1158">
     <span class='ocr_line' id='line_1_41' title="bbox 160 1121 1004 1158; baseline -0.004 -7"><span class='ocrx_word' id='word_1_281' title='bbox 160 1136 168 1143; x_wconf 68' lang='grc' dir='ltr'>α</span> <span class='ocrx_word' id='word_1_282' title='bbox 210 1125 313 1152; x_wconf 84' lang='lat' dir='ltr'><strong>nistros</strong></span> <span class='ocrx_word' id='word_1_283' title='bbox 326 1123 511 1158; x_wconf 83' lang='lat' dir='ltr'><strong>custodesque</strong></span> <span class='ocrx_word' id='word_1_284' title='bbox 535 1123 646 1150; x_wconf 88' lang='lat' dir='ltr'><strong>habere.</strong></span> <span class='ocrx_word' id='word_1_285' title='bbox 669 1123 746 1150; x_wconf 90' lang='lat' dir='ltr'><strong>Unde</strong></span> <span class='ocrx_word' id='word_1_286' title='bbox 761 1125 788 1150; x_wconf 88' lang='lat' dir='ltr'><strong>et</strong></span> <span class='ocrx_word' id='word_1_287' title='bbox 814 1123 841 1150; x_wconf 92' lang='lat' dir='ltr'><strong>in</strong></span> <span class='ocrx_word' id='word_1_288' title='bbox 859 1121 1004 1150; x_wconf 81' lang='lat' dir='ltr'><strong>Probatica</strong></span> 
     </span>
    </p>
   </div>
   <div class='ocr_carea' id='block_1_42' title="bbox 211 1167 1006 1204">
    <p class='ocr_par' dir='ltr' id='par_1_42' title="bbox 211 1167 1006 1204">
     <span class='ocr_line' id='line_1_42' title="bbox 211 1167 1006 1204; baseline -0.005 -7"><span class='ocrx_word' id='word_1_289' title='bbox 211 1170 328 1204; x_wconf 83' lang='lat' dir='ltr'><strong>piscina,</strong></span> <span class='ocrx_word' id='word_1_290' title='bbox 344 1168 378 1195; x_wconf 89' lang='lat' dir='ltr'><strong>ad</strong></span> <span class='ocrx_word' id='word_1_291' title='bbox 408 1168 534 1203; x_wconf 86' lang='lat' dir='ltr'><strong>baptismi</strong></span> <span class='ocrx_word' id='word_1_292' title='bbox 562 1168 688 1202; x_wconf 74' lang='lat' dir='ltr'><strong>ﬁguram.</strong></span> <span class='ocrx_word' id='word_1_293' title='bbox 706 1167 821 1203; x_wconf 84' lang='lat' dir='ltr'><strong>angelus</strong></span> <span class='ocrx_word' id='word_1_294' title='bbox 849 1167 1006 1194; x_wconf 86' lang='lat' dir='ltr'><strong>sanationes</strong></span> 
     </span>
    </p>
   </div>
   <div class='ocr_carea' id='block_1_43' title="bbox 211 1213 1006 1249">
    <p class='ocr_par' dir='ltr' id='par_1_43' title="bbox 211 1213 1006 1249">
     <span class='ocr_line' id='line_1_43' title="bbox 211 1213 1006 1249; baseline -0.003 -7"><span class='ocrx_word' id='word_1_295' title='bbox 211 1215 418 1249; x_wconf 81' lang='lat' dir='ltr'><strong>faciebat:qua</strong></span> <span class='ocrx_word' id='word_1_296' title='bbox 448 1214 475 1241; x_wconf 89' lang='lat' dir='ltr'><strong>in</strong></span> <span class='ocrx_word' id='word_1_297' title='bbox 502 1214 607 1248; x_wconf 86' lang='lat' dir='ltr'><strong>piscina</strong></span> <span class='ocrx_word' id='word_1_298' title='bbox 633 1214 724 1248; x_wconf 78' lang='lat' dir='ltr'><strong>magni</strong></span> <span class='ocrx_word' id='word_1_299' title='bbox 754 1213 863 1240; x_wconf 87' lang='lat' dir='ltr'><strong>consilii</strong></span> <span class='ocrx_word' id='word_1_300' title='bbox 890 1213 1006 1248; x_wconf 82' lang='lat' dir='ltr'><strong>angelus</strong></span> 
     </span>
    </p>
   </div>
   <div class='ocr_carea' id='block_1_44' title="bbox 212 1259 1006 1295">
    <p class='ocr_par' dir='ltr' id='par_1_44' title="bbox 212 1259 1006 1295">
     <span class='ocr_line' id='line_1_44' title="bbox 212 1259 1006 1295; baseline -0.003 -7"><span class='ocrx_word' id='word_1_301' title='bbox 212 1261 339 1289; x_wconf 84' lang='lat' dir='ltr'><strong>Christus</strong></span> <span class='ocrx_word' id='word_1_302' title='bbox 355 1260 458 1287; x_wconf 82' lang='lat' dir='ltr'><strong>homini</strong></span> <span class='ocrx_word' id='word_1_303' title='bbox 484 1259 542 1293; x_wconf 83' lang='lat' dir='ltr'><strong>jam</strong></span> <span class='ocrx_word' id='word_1_304' title='bbox 561 1260 672 1295; x_wconf 86' lang='lat' dir='ltr'><strong>triginta</strong></span> <span class='ocrx_word' id='word_1_305' title='bbox 697 1265 724 1287; x_wconf 87' lang='lat' dir='ltr'><strong>et</strong></span> <span class='ocrx_word' id='word_1_306' title='bbox 739 1264 801 1287; x_wconf 90' lang='lat' dir='ltr'><strong>octo</strong></span> <span class='ocrx_word' id='word_1_307' title='bbox 825 1266 913 1286; x_wconf 89' lang='lat' dir='ltr'><strong>annos</strong></span> <span class='ocrx_word' id='word_1_308' title='bbox 926 1265 1006 1293; x_wconf 87' lang='lat' dir='ltr'><strong>para-</strong></span> 
     </span>
    </p>
   </div>
   <div class='ocr_carea' id='block_1_45' title="bbox 212 1304 1007 1343">
    <p class='ocr_par' dir='ltr' id='par_1_45' title="bbox 212 1304 1007 1343">
     <span class='ocr_line' id='line_1_45' title="bbox 212 1304 1007 1343; baseline -0.005 -9"><span class='ocrx_word' id='word_1_309' title='bbox 212 1307 295 1343; x_wconf 84' lang='lat' dir='ltr'><strong>lylico</strong></span> <span class='ocrx_word' id='word_1_310' title='bbox 319 1307 436 1335; x_wconf 85' lang='lat' dir='ltr'><strong>salutem</strong></span> <span class='ocrx_word' id='word_1_311' title='bbox 463 1305 598 1333; x_wconf 77' lang='lat' dir='ltr'><strong>contulit:</strong></span> <span class='ocrx_word' id='word_1_312' title='bbox 615 1305 674 1340; x_wconf 82' lang='lat' dir='ltr'><strong>ipse</strong></span> <span class='ocrx_word' id='word_1_313' title='bbox 698 1304 840 1333; x_wconf 87' lang='lat' dir='ltr'><strong>tricesimo</strong></span> <span class='ocrx_word' id='word_1_314' title='bbox 862 1304 924 1331; x_wconf 76' lang='lat' dir='ltr'><strong>vitae</strong></span> <span class='ocrx_word' id='word_1_315' title='bbox 949 1310 1007 1331; x_wconf 64' lang='lat' dir='ltr'><strong>sua;</strong></span> 
     </span>
    </p>
   </div>
   <div class='ocr_carea' id='block_1_46' title="bbox 212 1348 1007 1388">
    <p class='ocr_par' dir='ltr' id='par_1_46' title="bbox 212 1348 1007 1388">
     <span class='ocr_line' id='line_1_46' title="bbox 212 1348 1007 1388; baseline -0.004 -8"><span class='ocrx_word' id='word_1_316' title='bbox 212 1361 287 1380; x_wconf 91' lang='lat' dir='ltr'><strong>anno</strong></span> <span class='ocrx_word' id='word_1_317' title='bbox 300 1353 465 1388; x_wconf 79' lang='lat' dir='ltr'><strong>baptizatus,</strong></span> <span class='ocrx_word' id='word_1_318' title='bbox 479 1356 506 1379; x_wconf 91' lang='lat' dir='ltr'><strong>et</strong></span> <span class='ocrx_word' id='word_1_319' title='bbox 522 1351 594 1378; x_wconf 81' lang='lat' dir='ltr'><strong>illius</strong></span> <span class='ocrx_word' id='word_1_320' title='bbox 618 1351 741 1386; x_wconf 89' lang='lat' dir='ltr'><strong>quinque</strong></span> <span class='ocrx_word' id='word_1_321' title='bbox 760 1358 858 1378; x_wconf 87' lang='lat' dir='ltr'><strong>sensus</strong></span> <span class='ocrx_word' id='word_1_322' title='bbox 871 1349 924 1378; x_wconf 82' lang='lat' dir='ltr'><strong>[ide</strong></span> <span class='ocrx_word' id='word_1_323' title='bbox 943 1348 1007 1377; x_wconf 86' lang='lat' dir='ltr'><strong>Tri-</strong></span> 
     </span>
    </p>
   </div>
   <div class='ocr_carea' id='block_1_47' title="bbox 213 1395 1006 1434">
    <p class='ocr_par' dir='ltr' id='par_1_47' title="bbox 213 1395 1006 1434">
     <span class='ocr_line' id='line_1_47' title="bbox 213 1395 1006 1434; baseline -0.004 -8"><span class='ocrx_word' id='word_1_324' title='bbox 213 1399 307 1426; x_wconf 88' lang='lat' dir='ltr'><strong>nitatis</strong></span> <span class='ocrx_word' id='word_1_325' title='bbox 324 1398 491 1434; x_wconf 85' lang='lat' dir='ltr'><strong>prodigiose,</strong></span> <span class='ocrx_word' id='word_1_326' title='bbox 503 1405 617 1425; x_wconf 84' lang='lat' dir='ltr'><strong>sanans.</strong></span> <span class='ocrx_word' id='word_1_327' title='bbox 632 1396 685 1424; x_wconf 87' lang='lat' dir='ltr'><strong>Sed</strong></span> <span class='ocrx_word' id='word_1_328' title='bbox 702 1404 798 1431; x_wconf 88' lang='lat' dir='ltr'><strong>parum</strong></span> <span class='ocrx_word' id='word_1_329' title='bbox 822 1395 918 1426; x_wconf 84' lang='lat' dir='ltr'><strong>abfuit.</strong></span> <span class='ocrx_word' id='word_1_330' title='bbox 940 1395 1006 1431; x_wconf 91' lang='lat' dir='ltr'><strong>quin</strong></span> 
     </span>
    </p>
   </div>
   <div class='ocr_carea' id='block_1_48' title="bbox 212 1443 1007 1481">
    <p class='ocr_par' dir='ltr' id='par_1_48' title="bbox 212 1443 1007 1481">
     <span class='ocr_line' id='line_1_48' title="bbox 212 1443 1007 1481; baseline -0.004 -8"><span class='ocrx_word' id='word_1_331' title='bbox 212 1446 285 1481; x_wconf 88' lang='lat' dir='ltr'><strong>quod</strong></span> <span class='ocrx_word' id='word_1_332' title='bbox 300 1451 342 1473; x_wconf 88' lang='lat' dir='ltr'><strong>est</strong></span> <span class='ocrx_word' id='word_1_333' title='bbox 368 1452 423 1479; x_wconf 75' lang='lat' dir='ltr'><strong>prze</strong></span> <span class='ocrx_word' id='word_1_334' title='bbox 446 1444 552 1472; x_wconf 66' lang='lat' dir='ltr'><strong>caeteris</strong></span> <span class='ocrx_word' id='word_1_335' title='bbox 574 1451 713 1472; x_wconf 85' lang='lat' dir='ltr'><strong>summum</strong></span> <span class='ocrx_word' id='word_1_336' title='bbox 732 1449 760 1471; x_wconf 86' lang='lat' dir='ltr'><strong>et</strong></span> <span class='ocrx_word' id='word_1_337' title='bbox 784 1443 949 1475; x_wconf 89' lang='lat' dir='ltr'><strong>mirabilius,</strong></span> <span class='ocrx_word' id='word_1_338' title='bbox 978 1443 1007 1470; x_wconf 87' lang='lat' dir='ltr'><strong>in</strong></span> 
     </span>
    </p>
   </div>
   <div class='ocr_carea' id='block_1_49' title="bbox 213 1488 1044 1532">
    <p class='ocr_par' dir='ltr' id='par_1_49' title="bbox 213 1488 1044 1532">
     <span class='ocr_line' id='line_1_49' title="bbox 213 1488 1044 1532; baseline -0.002 -15"><span class='ocrx_word' id='word_1_339' title='bbox 213 1490 300 1518; x_wconf 71' lang='lat' dir='ltr'><strong>sai-ris</strong></span> <span class='ocrx_word' id='word_1_340' title='bbox 315 1489 440 1518; x_wconf 84' lang='lat' dir='ltr'><strong>historiis</strong></span> <span class='ocrx_word' id='word_1_341' title='bbox 459 1490 494 1517; x_wconf 88' lang='lat' dir='ltr'><strong>de</strong></span> <span class='ocrx_word' id='word_1_342' title='bbox 517 1489 624 1524; x_wconf 81' lang='lat' dir='ltr'><strong>angelis</strong></span> <span class='ocrx_word' id='word_1_343' title='bbox 640 1490 770 1521; x_wconf 85' lang='lat' dir='ltr'><strong>relatum,</strong></span> <span class='ocrx_word' id='word_1_344' title='bbox 787 1488 919 1516; x_wconf 91' lang='lat' dir='ltr'><strong>indictum</strong></span> <span class='ocrx_word' id='word_1_345' title='bbox 936 1495 1007 1524; x_wconf 71' lang='lat' dir='ltr'><strong>prte-</strong></span> <span class='ocrx_word' id='word_1_346' title='bbox 1020 1499 1044 1532; x_wconf 67' lang='grc' dir='ltr'>ο</span> 
     </span>
    </p>
   </div>
   <div class='ocr_carea' id='block_1_50' title="bbox 213 1532 1008 1568">
    <p class='ocr_par' dir='ltr' id='par_1_50' title="bbox 213 1532 1008 1568">
     <span class='ocr_line' id='line_1_50' title="bbox 213 1532 1008 1568; baseline -0.003 -6"><span class='ocrx_word' id='word_1_347' title='bbox 213 1536 337 1563; x_wconf 87' lang='lat' dir='ltr'><strong>terirem.</strong></span> <span class='ocrx_word' id='word_1_348' title='bbox 362 1534 449 1568; x_wconf 83' lang='lat' dir='ltr'><strong>Quale</strong></span> <span class='ocrx_word' id='word_1_349' title='bbox 475 1541 541 1562; x_wconf 78' lang='lat' dir='ltr'><strong>vero</strong></span> <span class='ocrx_word' id='word_1_350' title='bbox 569 1539 611 1562; x_wconf 86' lang='lat' dir='ltr'><strong>est</strong></span> <span class='ocrx_word' id='word_1_351' title='bbox 643 1534 718 1562; x_wconf 79' lang='lat' dir='ltr'><strong>hoc?</strong></span> <span class='ocrx_word' id='word_1_352' title='bbox 733 1534 774 1561; x_wconf 90' lang='lat' dir='ltr'><strong>Illi</strong></span> <span class='ocrx_word' id='word_1_353' title='bbox 800 1533 906 1561; x_wconf 85' lang='lat' dir='ltr'><strong>scilicet</strong></span> <span class='ocrx_word' id='word_1_354' title='bbox 932 1532 1008 1560; x_wconf 87' lang='lat' dir='ltr'><strong>circa</strong></span> 
     </span>
    </p>
   </div>
   <div class='ocr_carea' id='block_1_51' title="bbox 212 1578 1009 1615">
    <p class='ocr_par' dir='ltr' id='par_1_51' title="bbox 212 1578 1009 1615">
     <span class='ocr_line' id='line_1_51' title="bbox 212 1578 1009 1615; baseline -0.003 -7"><span class='ocrx_word' id='word_1_355' title='bbox 212 1580 315 1608; x_wconf 86' lang='lat' dir='ltr'><strong>Christi</strong></span> <span class='ocrx_word' id='word_1_356' title='bbox 335 1581 473 1608; x_wconf 85' lang='lat' dir='ltr'><strong>vivillcum</strong></span> <span class='ocrx_word' id='word_1_357' title='bbox 501 1580 658 1615; x_wconf 88' lang='lat' dir='ltr'><strong>sepulcrum</strong></span> <span class='ocrx_word' id='word_1_358' title='bbox 673 1579 854 1614; x_wconf 84' lang='lat' dir='ltr'><strong>inexspectati</strong></span> <span class='ocrx_word' id='word_1_359' title='bbox 868 1584 896 1607; x_wconf 89' lang='lat' dir='ltr'><strong>et</strong></span> <span class='ocrx_word' id='word_1_360' title='bbox 912 1578 1009 1606; x_wconf 87' lang='lat' dir='ltr'><strong>multi-</strong></span> 
     </span>
    </p>
   </div>
   <div class='ocr_carea' id='block_1_52' title="bbox 213 1627 1008 1664">
    <p class='ocr_par' dir='ltr' id='par_1_52' title="bbox 213 1627 1008 1664">
     <span class='ocr_line' id='line_1_52' title="bbox 213 1627 1008 1664; baseline 0 -9"><span class='ocrx_word' id='word_1_361' title='bbox 213 1627 316 1656; x_wconf 76' lang='lat' dir='ltr'><strong>formcs</strong></span> <span class='ocrx_word' id='word_1_362' title='bbox 331 1629 428 1664; x_wconf 83' lang='lat' dir='ltr'><strong>angeli,</strong></span> <span class='ocrx_word' id='word_1_363' title='bbox 444 1636 562 1663; x_wconf 91' lang='lat' dir='ltr'><strong>quorum</strong></span> <span class='ocrx_word' id='word_1_364' title='bbox 578 1635 642 1656; x_wconf 87' lang='lat' dir='ltr'><strong>vere</strong></span> <span class='ocrx_word' id='word_1_365' title='bbox 659 1628 795 1664; x_wconf 84' lang='lat' dir='ltr'><strong>peregrini</strong></span> <span class='ocrx_word' id='word_1_366' title='bbox 809 1632 837 1656; x_wconf 88' lang='lat' dir='ltr'><strong>et</strong></span> <span class='ocrx_word' id='word_1_367' title='bbox 845 1628 931 1656; x_wconf 90' lang='lat' dir='ltr'><strong>relatu</strong></span> <span class='ocrx_word' id='word_1_368' title='bbox 948 1635 1008 1655; x_wconf 89' lang='lat' dir='ltr'><strong>ma-</strong></span> 
     </span>
    </p>
   </div>
   <div class='ocr_carea' id='block_1_53' title="bbox 212 1674 1007 1711">
    <p class='ocr_par' dir='ltr' id='par_1_53' title="bbox 212 1674 1007 1711">
     <span class='ocr_line' id='line_1_53' title="bbox 212 1674 1007 1711; baseline -0.001 -9"><span class='ocrx_word' id='word_1_369' title='bbox 212 1675 287 1711; x_wconf 85' lang='lat' dir='ltr'><strong>jores</strong></span> <span class='ocrx_word' id='word_1_370' title='bbox 304 1675 415 1702; x_wconf 81' lang='lat' dir='ltr'><strong>fuerunt</strong></span> <span class='ocrx_word' id='word_1_371' title='bbox 426 1683 458 1702; x_wconf 90' lang='lat' dir='ltr'><strong>eo</strong></span> <span class='ocrx_word' id='word_1_372' title='bbox 483 1675 511 1702; x_wconf 88' lang='lat' dir='ltr'><strong>in</strong></span> <span class='ocrx_word' id='word_1_373' title='bbox 531 1675 592 1702; x_wconf 85' lang='lat' dir='ltr'><strong>loco</strong></span> <span class='ocrx_word' id='word_1_374' title='bbox 608 1682 750 1702; x_wconf 86' lang='lat' dir='ltr'><strong>sermones</strong></span> <span class='ocrx_word' id='word_1_375' title='bbox 765 1679 848 1709; x_wconf 89' lang='lat' dir='ltr'><strong>atque</strong></span> <span class='ocrx_word' id='word_1_376' title='bbox 873 1674 1007 1709; x_wconf 85' lang='lat' dir='ltr'><strong>prodigia.</strong></span> 
     </span>
    </p>
   </div>
   <div class='ocr_carea' id='block_1_54' title="bbox 213 1718 1008 1754">
    <p class='ocr_par' dir='ltr' id='par_1_54' title="bbox 213 1718 1008 1754">
     <span class='ocr_line' id='line_1_54' title="bbox 213 1718 1008 1754; baseline -0.003 -6"><span class='ocrx_word' id='word_1_377' title='bbox 213 1720 272 1754; x_wconf 82' lang='lat' dir='ltr'><strong>Qua</strong></span> <span class='ocrx_word' id='word_1_378' title='bbox 290 1721 315 1747; x_wconf 91' lang='lat' dir='ltr'><strong>in</strong></span> <span class='ocrx_word' id='word_1_379' title='bbox 342 1728 372 1747; x_wconf 90' lang='lat' dir='ltr'><strong>re</strong></span> <span class='ocrx_word' id='word_1_380' title='bbox 389 1719 453 1747; x_wconf 88' lang='lat' dir='ltr'><strong>illud</strong></span> <span class='ocrx_word' id='word_1_381' title='bbox 485 1719 512 1746; x_wconf 92' lang='lat' dir='ltr'><strong>in</strong></span> <span class='ocrx_word' id='word_1_382' title='bbox 540 1719 637 1754; x_wconf 88' lang='lat' dir='ltr'><strong>primis</strong></span> <span class='ocrx_word' id='word_1_383' title='bbox 669 1718 766 1746; x_wconf 89' lang='lat' dir='ltr'><strong>sedulo</strong></span> <span class='ocrx_word' id='word_1_384' title='bbox 797 1719 1008 1751; x_wconf 83' lang='lat' dir='ltr'><strong>animadvertes,</strong></span> 
     </span>
    </p>
   </div>
   <div class='ocr_carea' id='block_1_55' title="bbox 213 1763 1010 1801">
    <p class='ocr_par' dir='ltr' id='par_1_55' title="bbox 213 1763 1010 1801">
     <span class='ocr_line' id='line_1_55' title="bbox 213 1763 1010 1801; baseline -0.003 -9"><span class='ocrx_word' id='word_1_385' title='bbox 213 1765 353 1801; x_wconf 90' lang='lat' dir='ltr'><strong>quomodo</strong></span> <span class='ocrx_word' id='word_1_386' title='bbox 366 1764 458 1791; x_wconf 85' lang='lat' dir='ltr'><strong>cuncti</strong></span> <span class='ocrx_word' id='word_1_387' title='bbox 483 1763 594 1791; x_wconf 84' lang='lat' dir='ltr'><strong>Christo</strong></span> <span class='ocrx_word' id='word_1_388' title='bbox 608 1763 701 1790; x_wconf 90' lang='lat' dir='ltr'><strong>dilecti</strong></span> <span class='ocrx_word' id='word_1_389' title='bbox 727 1763 872 1798; x_wconf 70' lang='lat' dir='ltr'><strong>terrigenae</strong></span> <span class='ocrx_word' id='word_1_390' title='bbox 897 1770 1010 1791; x_wconf 78' lang='lat' dir='ltr'><strong>canere</strong></span> 
     </span>
    </p>
   </div>
   <div class='ocr_carea' id='block_1_56' title="bbox 214 1809 1009 1844">
    <p class='ocr_par' dir='ltr' id='par_1_56' title="bbox 214 1809 1009 1844">
     <span class='ocr_line' id='line_1_56' title="bbox 214 1809 1009 1844; baseline -0.003 -6"><span class='ocrx_word' id='word_1_391' title='bbox 214 1811 279 1838; x_wconf 89' lang='lat' dir='ltr'><strong>illuc</strong></span> <span class='ocrx_word' id='word_1_392' title='bbox 292 1810 429 1840; x_wconf 86' lang='lat' dir='ltr'><strong>dicantur,</strong></span> <span class='ocrx_word' id='word_1_393' title='bbox 445 1809 493 1836; x_wconf 87' lang='lat' dir='ltr'><strong>sed</strong></span> <span class='ocrx_word' id='word_1_394' title='bbox 514 1816 640 1843; x_wconf 69' lang='lat' dir='ltr'><strong>supernae</strong></span> <span class='ocrx_word' id='word_1_395' title='bbox 663 1813 768 1836; x_wconf 63' lang='lat' dir='ltr'><strong>natura:</strong></span> <span class='ocrx_word' id='word_1_396' title='bbox 797 1809 902 1844; x_wconf 82' lang='lat' dir='ltr'><strong>absque</strong></span> <span class='ocrx_word' id='word_1_397' title='bbox 926 1816 1009 1836; x_wconf 81' lang='lat' dir='ltr'><strong>cursu</strong></span> 
     </span>
    </p>
   </div>
   <div class='ocr_carea' id='block_1_57' title="bbox 213 1854 1010 1889">
    <p class='ocr_par' dir='ltr' id='par_1_57' title="bbox 213 1854 1010 1889">
     <span class='ocr_line' id='line_1_57' title="bbox 213 1854 1010 1889; baseline -0.003 -5"><span class='ocrx_word' id='word_1_398' title='bbox 213 1857 270 1884; x_wconf 90' lang='lat' dir='ltr'><strong>illic</strong></span> <span class='ocrx_word' id='word_1_399' title='bbox 293 1856 424 1884; x_wconf 79' lang='lat' dir='ltr'><strong>sedentes</strong></span> <span class='ocrx_word' id='word_1_400' title='bbox 439 1860 597 1889; x_wconf 82' lang='lat' dir='ltr'><strong>appareant.</strong></span> <span class='ocrx_word' id='word_1_401' title='bbox 617 1854 716 1883; x_wconf 89' lang='lat' dir='ltr'><strong>Petrus</strong></span> <span class='ocrx_word' id='word_1_402' title='bbox 743 1854 836 1889; x_wconf 86' lang='lat' dir='ltr'><strong>itaque</strong></span> <span class='ocrx_word' id='word_1_403' title='bbox 857 1862 1010 1889; x_wconf 79' lang='lat' dir='ltr'><strong>exsurgens</strong></span> 
     </span>
    </p>
   </div>
   <div class='ocr_carea' id='block_1_58' title="bbox 214 1899 1010 1934">
    <p class='ocr_par' dir='ltr' id='par_1_58' title="bbox 214 1899 1010 1934">
     <span class='ocr_line' id='line_1_58' title="bbox 214 1899 1010 1934; baseline -0.004 -5"><span class='ocrx_word' id='word_1_404' title='bbox 214 1903 247 1929; x_wconf 87' lang='lat' dir='ltr'><strong>ad</strong></span> <span class='ocrx_word' id='word_1_405' title='bbox 275 1905 482 1930; x_wconf 88' lang='lat' dir='ltr'><strong>monumentum</strong></span> <span class='ocrx_word' id='word_1_406' title='bbox 511 1900 664 1934; x_wconf 85' lang='lat' dir='ltr'><strong>currebat;</strong></span> <span class='ocrx_word' id='word_1_407' title='bbox 690 1900 738 1927; x_wconf 84' lang='lat' dir='ltr'><strong>sed</strong></span> <span class='ocrx_word' id='word_1_408' title='bbox 763 1899 836 1928; x_wconf 88' lang='lat' dir='ltr'><strong>alius</strong></span> <span class='ocrx_word' id='word_1_409' title='bbox 856 1900 1010 1934; x_wconf 74' lang='lat' dir='ltr'><strong>discipulus</strong></span> 
     </span>
    </p>
   </div>
   <div class='ocr_carea' id='block_1_59' title="bbox 215 1945 1010 1982">
    <p class='ocr_par' dir='ltr' id='par_1_59' title="bbox 215 1945 1010 1982">
     <span class='ocr_line' id='line_1_59' title="bbox 215 1945 1010 1982; baseline -0.001 -7"><span class='ocrx_word' id='word_1_410' title='bbox 215 1948 297 1976; x_wconf 80' lang='lat' dir='ltr'><strong>Petro</strong></span> <span class='ocrx_word' id='word_1_411' title='bbox 323 1948 405 1975; x_wconf 82' lang='lat' dir='ltr'><strong>citius</strong></span> <span class='ocrx_word' id='word_1_412' title='bbox 445 1946 636 1982; x_wconf 61' lang='lat' dir='ltr'><strong>praecucurrit.</strong></span> <span class='ocrx_word' id='word_1_413' title='bbox 657 1945 690 1974; x_wconf 84' lang='lat' dir='ltr'><strong>Et</strong></span> <span class='ocrx_word' id='word_1_414' title='bbox 714 1945 812 1978; x_wconf 74' lang='lat' dir='ltr'><strong>Maria</strong></span> <span class='ocrx_word' id='word_1_415' title='bbox 853 1945 1010 1981; x_wconf 82' lang='lat' dir='ltr'><strong>Magdalene</strong></span> 
     </span>
    </p>
   </div>
   <div class='ocr_carea' id='block_1_60' title="bbox 213 1990 1011 2029">
    <p class='ocr_par' dir='ltr' id='par_1_60' title="bbox 213 1990 1011 2029">
     <span class='ocr_line' id='line_1_60' title="bbox 213 1990 1011 2029; baseline -0.004 -8"><span class='ocrx_word' id='word_1_416' title='bbox 213 1995 312 2027; x_wconf 88' lang='lat' dir='ltr'><strong>currit,</strong></span> <span class='ocrx_word' id='word_1_417' title='bbox 329 1993 456 2029; x_wconf 83' lang='lat' dir='ltr'><strong>venitque</strong></span> <span class='ocrx_word' id='word_1_418' title='bbox 473 1992 507 2020; x_wconf 89' lang='lat' dir='ltr'><strong>ad</strong></span> <span class='ocrx_word' id='word_1_419' title='bbox 535 1991 675 2020; x_wconf 88' lang='lat' dir='ltr'><strong>Simonem</strong></span> <span class='ocrx_word' id='word_1_420' title='bbox 692 1991 812 2020; x_wconf 84' lang='lat' dir='ltr'><strong>Petrum.</strong></span> <span class='ocrx_word' id='word_1_421' title='bbox 831 1991 864 2019; x_wconf 86' lang='lat' dir='ltr'><strong>Et</strong></span> <span class='ocrx_word' id='word_1_422' title='bbox 887 1992 947 2019; x_wconf 65' lang='lat' dir='ltr'><strong>alia:</strong></span> <span class='ocrx_word' id='word_1_423' title='bbox 956 1990 1011 2019; x_wconf 75' lang='lat' dir='ltr'><strong>Ila-</strong></span> 
     </span>
    </p>
   </div>
   <div class='ocr_carea' id='block_1_61' title="bbox 214 2037 1008 2073">
    <p class='ocr_par' dir='ltr' id='par_1_61' title="bbox 214 2037 1008 2073">
     <span class='ocr_line' id='line_1_61' title="bbox 214 2037 1008 2073; baseline -0.004 -6"><span class='ocrx_word' id='word_1_424' title='bbox 214 2041 262 2067; x_wconf 68' lang='lat' dir='ltr'><strong>riae</strong></span> <span class='ocrx_word' id='word_1_425' title='bbox 281 2040 430 2067; x_wconf 89' lang='lat' dir='ltr'><strong>currebant</strong></span> <span class='ocrx_word' id='word_1_426' title='bbox 456 2038 583 2066; x_wconf 91' lang='lat' dir='ltr'><strong>nuntium</strong></span> <span class='ocrx_word' id='word_1_427' title='bbox 602 2038 720 2066; x_wconf 79' lang='lat' dir='ltr'><strong>ferentes</strong></span> <span class='ocrx_word' id='word_1_428' title='bbox 743 2037 896 2073; x_wconf 87' lang='lat' dir='ltr'><strong>discipulis.</strong></span> <span class='ocrx_word' id='word_1_429' title='bbox 914 2037 967 2065; x_wconf 88' lang='lat' dir='ltr'><strong>Sed</strong></span> <span class='ocrx_word' id='word_1_430' title='bbox 983 2037 1008 2065; x_wconf 89' lang='lat' dir='ltr'><strong>ei</strong></span> 
     </span>
    </p>
   </div>
   <div class='ocr_carea' id='block_1_62' title="bbox 216 2084 1009 2120">
    <p class='ocr_par' dir='ltr' id='par_1_62' title="bbox 216 2084 1009 2120">
     <span class='ocr_line' id='line_1_62' title="bbox 216 2084 1009 2120; baseline -0.004 -7"><span class='ocrx_word' id='word_1_431' title='bbox 216 2087 268 2114; x_wconf 77' lang='lat' dir='ltr'><strong>illa:</strong></span> <span class='ocrx_word' id='word_1_432' title='bbox 287 2086 358 2120; x_wconf 84' lang='lat' dir='ltr'><strong>apud</strong></span> <span class='ocrx_word' id='word_1_433' title='bbox 372 2085 494 2112; x_wconf 80' lang='lat' dir='ltr'><strong>Marcum</strong></span> <span class='ocrx_word' id='word_1_434' title='bbox 510 2085 639 2112; x_wconf 88' lang='lat' dir='ltr'><strong>mulieres</strong></span> <span class='ocrx_word' id='word_1_435' title='bbox 667 2084 771 2112; x_wconf 88' lang='lat' dir='ltr'><strong>cursim</strong></span> <span class='ocrx_word' id='word_1_436' title='bbox 787 2092 803 2111; x_wconf 90' lang='lat' dir='ltr'><strong>a</strong></span> <span class='ocrx_word' id='word_1_437' title='bbox 830 2087 1009 2112; x_wconf 91' lang='lat' dir='ltr'><strong>monumento</strong></span> 
     </span>
    </p>
   </div>
   <div class='ocr_carea' id='block_1_63' title="bbox 215 2129 1010 2167">
    <p class='ocr_par' dir='ltr' id='par_1_63' title="bbox 215 2129 1010 2167">
     <span class='ocr_line' id='line_1_63' title="bbox 215 2129 1010 2167; baseline -0.004 -8"><span class='ocrx_word' id='word_1_438' title='bbox 215 2132 351 2167; x_wconf 82' lang='lat' dir='ltr'><strong>fugerunt.</strong></span> <span class='ocrx_word' id='word_1_439' title='bbox 372 2132 407 2158; x_wconf 84' lang='lat' dir='ltr'><strong>At</strong></span> <span class='ocrx_word' id='word_1_440' title='bbox 421 2139 475 2159; x_wconf 93' lang='lat' dir='ltr'><strong>non</strong></span> <span class='ocrx_word' id='word_1_441' title='bbox 490 2131 527 2158; x_wconf 88' lang='lat' dir='ltr'><strong>ita</strong></span> <span class='ocrx_word' id='word_1_442' title='bbox 544 2131 632 2166; x_wconf 86' lang='lat' dir='ltr'><strong>angeli</strong></span> <span class='ocrx_word' id='word_1_443' title='bbox 648 2138 731 2158; x_wconf 90' lang='lat' dir='ltr'><strong>cursu</strong></span> <span class='ocrx_word' id='word_1_444' title='bbox 750 2135 875 2163; x_wconf 85' lang='lat' dir='ltr'><strong>utuntur,</strong></span> <span class='ocrx_word' id='word_1_445' title='bbox 893 2129 941 2158; x_wconf 89' lang='lat' dir='ltr'><strong>sed</strong></span> <span class='ocrx_word' id='word_1_446' title='bbox 953 2129 1010 2157; x_wconf 90' lang='lat' dir='ltr'><strong>illic</strong></span> 
     </span>
    </p>
   </div>
   <div class='ocr_carea' id='block_1_64' title="bbox 216 2170 1048 2212">
    <p class='ocr_par' dir='ltr' id='par_1_64' title="bbox 216 2170 1048 2212">
     <span class='ocr_line' id='line_1_64' title="bbox 216 2170 1048 2212; baseline -0.004 -6"><span class='ocrx_word' id='word_1_447' title='bbox 216 2179 322 2211; x_wconf 88' lang='lat' dir='ltr'><strong>sedent,</strong></span> <span class='ocrx_word' id='word_1_448' title='bbox 340 2178 410 2205; x_wconf 84' lang='lat' dir='ltr'><strong>alius</strong></span> <span class='ocrx_word' id='word_1_449' title='bbox 427 2178 460 2204; x_wconf 90' lang='lat' dir='ltr'><strong>ad</strong></span> <span class='ocrx_word' id='word_1_450' title='bbox 473 2182 566 2212; x_wconf 87' lang='lat' dir='ltr'><strong>caput,</strong></span> <span class='ocrx_word' id='word_1_451' title='bbox 581 2178 651 2205; x_wconf 89' lang='lat' dir='ltr'><strong>alius</strong></span> <span class='ocrx_word' id='word_1_452' title='bbox 667 2178 700 2204; x_wconf 85' lang='lat' dir='ltr'><strong>ad</strong></span> <span class='ocrx_word' id='word_1_453' title='bbox 710 2177 769 2204; x_wconf 88' lang='lat' dir='ltr'><strong>saxi</strong></span> <span class='ocrx_word' id='word_1_454' title='bbox 785 2176 879 2211; x_wconf 87' lang='lat' dir='ltr'><strong>pedes,</strong></span> <span class='ocrx_word' id='word_1_455' title='bbox 895 2176 941 2204; x_wconf 89' lang='lat' dir='ltr'><strong>ubi</strong></span> <span class='ocrx_word' id='word_1_456' title='bbox 950 2184 1009 2203; x_wconf 90' lang='lat' dir='ltr'><strong>cor-</strong></span> <span class='ocrx_word' id='word_1_457' title='bbox 1022 2170 1048 2200; x_wconf 84' lang='grc' dir='ltr'><strong>Ῐ)</strong></span> 
     </span>
    </p>
   </div>
   <div class='ocr_carea' id='block_1_65' title="bbox 216 2221 1007 2260">
    <p class='ocr_par' dir='ltr' id='par_1_65' title="bbox 216 2221 1007 2260">
     <span class='ocr_line' id='line_1_65' title="bbox 216 2221 1007 2260; baseline -0.004 -8"><span class='ocrx_word' id='word_1_458' title='bbox 216 2232 268 2260; x_wconf 90' lang='lat' dir='ltr'><strong>pus</strong></span> <span class='ocrx_word' id='word_1_459' title='bbox 283 2223 347 2252; x_wconf 84' lang='lat' dir='ltr'><strong>Jesu</strong></span> <span class='ocrx_word' id='word_1_460' title='bbox 366 2223 501 2259; x_wconf 74' lang='lat' dir='ltr'><strong>iacuerat,</strong></span> <span class='ocrx_word' id='word_1_461' title='bbox 519 2227 547 2250; x_wconf 89' lang='lat' dir='ltr'><strong>et</strong></span> <span class='ocrx_word' id='word_1_462' title='bbox 565 2223 611 2250; x_wconf 89' lang='lat' dir='ltr'><strong>alii</strong></span> <span class='ocrx_word' id='word_1_463' title='bbox 624 2223 736 2258; x_wconf 83' lang='lat' dir='ltr'><strong>quidem</strong></span> <span class='ocrx_word' id='word_1_464' title='bbox 759 2223 841 2256; x_wconf 90' lang='lat' dir='ltr'><strong>intra,</strong></span> <span class='ocrx_word' id='word_1_465' title='bbox 864 2222 948 2257; x_wconf 87' lang='lat' dir='ltr'><strong>lapidi</strong></span> <span class='ocrx_word' id='word_1_466' title='bbox 963 2221 1007 2249; x_wconf 93' lang='lat' dir='ltr'><strong>in-</strong></span> 
     </span>
    </p>
   </div>
   <div class='ocr_carea' id='block_1_66' title="bbox 215 2271 314 2298">
    <p class='ocr_par' dir='ltr' id='par_1_66' title="bbox 215 2271 314 2298">
     <span class='ocr_line' id='line_1_66' title="bbox 215 2271 314 2298; baseline -0.01 0"><span class='ocrx_word' id='word_1_467' title='bbox 215 2271 314 2298; x_wconf 83' lang='lat' dir='ltr'><strong>sident.</strong></span> 
     </span>
    </p>
   </div>
   <div class='ocr_carea' id='block_1_67' title="bbox 251 2354 1007 2392">
    <p class='ocr_par' dir='ltr' id='par_1_67' title="bbox 251 2354 1007 2392">
     <span class='ocr_line' id='line_1_67' title="bbox 251 2354 1007 2392; baseline 0 -8"><span class='ocrx_word' id='word_1_468' title='bbox 251 2357 296 2385; x_wconf 74' lang='grc'><strong>12.</strong></span> <span class='ocrx_word' id='word_1_469' title='bbox 319 2356 389 2390; x_wconf 82' lang='lat' dir='ltr'><strong>Quid</strong></span> <span class='ocrx_word' id='word_1_470' title='bbox 411 2364 476 2392; x_wconf 85' lang='lat' dir='ltr'><strong>ergo</strong></span> <span class='ocrx_word' id='word_1_471' title='bbox 499 2355 565 2383; x_wconf 91' lang='lat' dir='ltr'><strong>hinc</strong></span> <span class='ocrx_word' id='word_1_472' title='bbox 586 2355 741 2384; x_wconf 80' lang='lat' dir='ltr'><strong>discimus?</strong></span> <span class='ocrx_word' id='word_1_473' title='bbox 763 2354 867 2390; x_wconf 84' lang='lat' dir='ltr'><strong>Nempe</strong></span> <span class='ocrx_word' id='word_1_474' title='bbox 887 2363 936 2384; x_wconf 87' lang='lat' dir='ltr'><strong>eos</strong></span> <span class='ocrx_word' id='word_1_475' title='bbox 959 2356 1007 2391; x_wconf 89' lang='lat' dir='ltr'><strong>qui</strong></span> 
     </span>
    </p>
   </div>
   <div class='ocr_carea' id='block_1_68' title="bbox 217 2402 1009 2438">
    <p class='ocr_par' dir='ltr' id='par_1_68' title="bbox 217 2402 1009 2438">
     <span class='ocr_line' id='line_1_68' title="bbox 217 2402 1009 2438; baseline -0.001 -6"><span class='ocrx_word' id='word_1_476' title='bbox 217 2405 337 2432; x_wconf 75' lang='lat' dir='ltr'><strong>nomium</strong></span> <span class='ocrx_word' id='word_1_477' title='bbox 352 2404 444 2430; x_wconf 81' lang='lat' dir='ltr'><strong>divina</strong></span> <span class='ocrx_word' id='word_1_478' title='bbox 460 2402 591 2438; x_wconf 83' lang='lat' dir='ltr'><strong>mysteria</strong></span> <span class='ocrx_word' id='word_1_479' title='bbox 611 2407 806 2437; x_wconf 82' lang='lat' dir='ltr'><strong>susceperunt,</strong></span> <span class='ocrx_word' id='word_1_480' title='bbox 822 2410 871 2429; x_wconf 87' lang='lat' dir='ltr'><strong>ceu</strong></span> <span class='ocrx_word' id='word_1_481' title='bbox 895 2403 1009 2438; x_wconf 83' lang='lat' dir='ltr'><strong>terrige-</strong></span> 
     </span>
    </p>
   </div>
   <div class='ocr_carea' id='block_1_69' title="bbox 218 2446 1009 2481">
    <p class='ocr_par' dir='ltr' id='par_1_69' title="bbox 218 2446 1009 2481">
     <span class='ocr_line' id='line_1_69' title="bbox 218 2446 1009 2481; baseline -0.001 -5"><span class='ocrx_word' id='word_1_482' title='bbox 218 2456 268 2476; x_wconf 83' lang='lat' dir='ltr'><strong>nas</strong></span> <span class='ocrx_word' id='word_1_483' title='bbox 279 2468 287 2481; x_wconf 84' lang='grc'><strong>,</strong></span> <span class='ocrx_word' id='word_1_484' title='bbox 305 2448 403 2476; x_wconf 89' lang='lat' dir='ltr'><strong>merito</strong></span> <span class='ocrx_word' id='word_1_485' title='bbox 419 2455 532 2475; x_wconf 87' lang='lat' dir='ltr'><strong>currere</strong></span> <span class='ocrx_word' id='word_1_486' title='bbox 542 2467 550 2480; x_wconf 89' lang='lat'><strong>,</strong></span> <span class='ocrx_word' id='word_1_487' title='bbox 566 2447 638 2475; x_wconf 86' lang='lat' dir='ltr'><strong>sicut</strong></span> <span class='ocrx_word' id='word_1_488' title='bbox 653 2448 736 2474; x_wconf 88' lang='lat' dir='ltr'><strong>etiam</strong></span> <span class='ocrx_word' id='word_1_489' title='bbox 754 2446 856 2474; x_wconf 90' lang='lat' dir='ltr'><strong>Paulus</strong></span> <span class='ocrx_word' id='word_1_490' title='bbox 870 2447 910 2474; x_wconf 89' lang='lat' dir='ltr'><strong>ait</strong></span> <span class='ocrx_word' id='word_1_491' title='bbox 922 2446 945 2463; x_wconf 81' lang='grc'>⁸⁷</span> <span class='ocrx_word' id='word_1_492' title='bbox 956 2468 965 2480; x_wconf 86' lang='grc'><strong>,</strong></span> <span class='ocrx_word' id='word_1_493' title='bbox 978 2451 1009 2475; x_wconf 87' lang='lat' dir='ltr'><strong>ut</strong></span> 
     </span>
    </p>
   </div>
   <div class='ocr_carea' id='block_1_70' title="bbox 218 2492 1007 2528">
    <p class='ocr_par' dir='ltr' id='par_1_70' title="bbox 218 2492 1007 2528">
     <span class='ocr_line' id='line_1_70' title="bbox 218 2492 1007 2528; baseline 0 -7"><span class='ocrx_word' id='word_1_494' title='bbox 218 2493 459 2528; x_wconf 86' lang='lat' dir='ltr'><strong>comprehendant.</strong></span> <span class='ocrx_word' id='word_1_495' title='bbox 473 2492 541 2520; x_wconf 83' lang='lat' dir='ltr'><strong>Nam</strong></span> <span class='ocrx_word' id='word_1_496' title='bbox 556 2492 590 2519; x_wconf 88' lang='lat' dir='ltr'><strong>ad</strong></span> <span class='ocrx_word' id='word_1_497' title='bbox 608 2492 737 2520; x_wconf 87' lang='lat' dir='ltr'><strong>dilectum</strong></span> <span class='ocrx_word' id='word_1_498' title='bbox 749 2493 795 2527; x_wconf 90' lang='lat' dir='ltr'><strong>qui</strong></span> <span class='ocrx_word' id='word_1_499' title='bbox 811 2493 907 2526; x_wconf 88' lang='lat' dir='ltr'><strong>currit,</strong></span> <span class='ocrx_word' id='word_1_500' title='bbox 923 2500 1007 2521; x_wconf 85' lang='lat' dir='ltr'><strong>cursu</strong></span> 
     </span>
    </p>
   </div>
   <div class='ocr_carea' id='block_1_71' title="bbox 219 2540 1008 2576">
    <p class='ocr_par' dir='ltr' id='par_1_71' title="bbox 219 2540 1008 2576">
     <span class='ocr_line' id='line_1_71' title="bbox 219 2540 1008 2576; baseline 0.001 -9"><span class='ocrx_word' id='word_1_501' title='bbox 219 2541 317 2568; x_wconf 88' lang='lat' dir='ltr'><strong>utitur.</strong></span> <span class='ocrx_word' id='word_1_502' title='bbox 332 2540 394 2568; x_wconf 89' lang='lat' dir='ltr'><strong>Ideo</strong></span> <span class='ocrx_word' id='word_1_503' title='bbox 410 2540 514 2568; x_wconf 87' lang='lat' dir='ltr'><strong>sedisse</strong></span> <span class='ocrx_word' id='word_1_504' title='bbox 531 2540 661 2568; x_wconf 91' lang='lat' dir='ltr'><strong>dicuntur</strong></span> <span class='ocrx_word' id='word_1_505' title='bbox 672 2541 744 2576; x_wconf 92' lang='lat' dir='ltr'><strong>apud</strong></span> <span class='ocrx_word' id='word_1_506' title='bbox 766 2540 921 2575; x_wconf 84' lang='lat' dir='ltr'><strong>sepulcrum</strong></span> <span class='ocrx_word' id='word_1_507' title='bbox 944 2548 1008 2568; x_wconf 84' lang='lat' dir='ltr'><strong>san-</strong></span> 
     </span>
    </p>
   </div>
   <div class='ocr_carea' id='block_1_72' title="bbox 219 2585 1009 2622">
    <p class='ocr_par' dir='ltr' id='par_1_72' title="bbox 219 2585 1009 2622">
     <span class='ocr_line' id='line_1_72' title="bbox 219 2585 1009 2622; baseline 0.001 -9"><span class='ocrx_word' id='word_1_508' title='bbox 219 2586 336 2614; x_wconf 87' lang='lat' dir='ltr'><strong>ctissimi</strong></span> <span class='ocrx_word' id='word_1_509' title='bbox 349 2586 444 2621; x_wconf 61' lang='lat' dir='ltr'><strong>langeli</strong></span> <span class='ocrx_word' id='word_1_510' title='bbox 456 2606 464 2617; x_wconf 86' lang='lat'><strong>,</strong></span> <span class='ocrx_word' id='word_1_511' title='bbox 482 2593 531 2613; x_wconf 90' lang='lat' dir='ltr'><strong>ceu</strong></span> <span class='ocrx_word' id='word_1_512' title='bbox 546 2585 601 2621; x_wconf 78' lang='lat' dir='ltr'><strong>iam</strong></span> <span class='ocrx_word' id='word_1_513' title='bbox 618 2585 695 2622; x_wconf 83' lang='lat' dir='ltr'><strong>gnari</strong></span> <span class='ocrx_word' id='word_1_514' title='bbox 713 2586 869 2613; x_wconf 81' lang='lat' dir='ltr'><strong>divinomm</strong></span> <span class='ocrx_word' id='word_1_515' title='bbox 885 2593 1009 2614; x_wconf 75' lang='lat' dir='ltr'><strong>resurre—‘</strong></span> 
     </span>
    </p>
   </div>
   <div class='ocr_carea' id='block_1_73' title="bbox 218 2631 1010 2668">
    <p class='ocr_par' dir='ltr' id='par_1_73' title="bbox 218 2631 1010 2668">
     <span class='ocr_line' id='line_1_73' title="bbox 218 2631 1010 2668; baseline -0.001 -8"><span class='ocrx_word' id='word_1_516' title='bbox 218 2632 318 2660; x_wconf 87' lang='lat' dir='ltr'><strong>ctiouis</strong></span> <span class='ocrx_word' id='word_1_517' title='bbox 341 2632 558 2668; x_wconf 83' lang='lat' dir='ltr'><strong>mysteriorum:</strong></span> <span class='ocrx_word' id='word_1_518' title='bbox 582 2633 629 2660; x_wconf 79' lang='lat' dir='ltr'><strong>sed</strong></span> <span class='ocrx_word' id='word_1_519' title='bbox 653 2631 723 2659; x_wconf 88' lang='lat' dir='ltr'><strong>alius</strong></span> <span class='ocrx_word' id='word_1_520' title='bbox 744 2632 854 2667; x_wconf 84' lang='lat' dir='ltr'><strong>quidem</strong></span> <span class='ocrx_word' id='word_1_521' title='bbox 873 2632 907 2659; x_wconf 84' lang='lat' dir='ltr'><strong>ad</strong></span> <span class='ocrx_word' id='word_1_522' title='bbox 927 2636 1010 2667; x_wconf 88' lang='lat' dir='ltr'><strong>caput</strong></span> 
     </span>
    </p>
   </div>
   <div class='ocr_carea' id='block_1_74' title="bbox 219 2678 1010 2714">
    <p class='ocr_par' dir='ltr' id='par_1_74' title="bbox 219 2678 1010 2714">
     <span class='ocr_line' id='line_1_74' title="bbox 219 2678 1010 2714; baseline 0 -8"><span class='ocrx_word' id='word_1_523' title='bbox 219 2679 315 2711; x_wconf 77' lang='lat' dir='ltr'><strong>sedet,</strong></span> <span class='ocrx_word' id='word_1_524' title='bbox 332 2680 395 2714; x_wconf 89' lang='lat' dir='ltr'><strong>quia</strong></span> <span class='ocrx_word' id='word_1_525' title='bbox 414 2678 531 2707; x_wconf 80' lang='lat' dir='ltr'><strong>fortasse</strong></span> <span class='ocrx_word' id='word_1_526' title='bbox 548 2678 745 2706; x_wconf 86' lang='lat' dir='ltr'><strong>excelsioribus</strong></span> <span class='ocrx_word' id='word_1_527' title='bbox 760 2679 899 2714; x_wconf 84' lang='lat' dir='ltr'><strong>mysteriis</strong></span> <span class='ocrx_word' id='word_1_528' title='bbox 918 2678 1010 2706; x_wconf 90' lang='lat' dir='ltr'><strong>initia-</strong></span> 
     </span>
    </p>
   </div>
   <div class='ocr_carea' id='block_1_75' title="bbox 219 2724 1007 2760">
    <p class='ocr_par' dir='ltr' id='par_1_75' title="bbox 219 2724 1007 2760">
     <span class='ocr_line' id='line_1_75' title="bbox 219 2724 1007 2760; baseline 0 -8"><span class='ocrx_word' id='word_1_529' title='bbox 219 2729 263 2753; x_wconf 89' lang='lat' dir='ltr'><strong>tus</strong></span> <span class='ocrx_word' id='word_1_530' title='bbox 281 2733 287 2752; x_wconf 92' lang='lat'><strong>:</strong></span> <span class='ocrx_word' id='word_1_531' title='bbox 309 2725 431 2753; x_wconf 32' lang='lat' dir='ltr'><strong>aliusrad</strong></span> <span class='ocrx_word' id='word_1_532' title='bbox 446 2725 546 2760; x_wconf 83' lang='lat' dir='ltr'><strong>pedes,</strong></span> <span class='ocrx_word' id='word_1_533' title='bbox 566 2725 630 2760; x_wconf 84' lang='lat' dir='ltr'><strong>quia</strong></span> <span class='ocrx_word' id='word_1_534' title='bbox 651 2725 766 2752; x_wconf 78' lang='lat' dir='ltr'><strong>fortasse</strong></span> <span class='ocrx_word' id='word_1_535' title='bbox 781 2724 943 2752; x_wconf 80' lang='lat' dir='ltr'><strong>inferiOrutn</strong></span> <span class='ocrx_word' id='word_1_536' title='bbox 959 2725 1007 2752; x_wconf 85' lang='lat' dir='ltr'><strong>ali-</strong></span> 
     </span>
    </p>
   </div>
   <div class='ocr_carea' id='block_1_76' title="bbox 255 2827 1028 2865">
    <p class='ocr_par' dir='ltr' id='par_1_76' title="bbox 255 2827 1028 2865">
     <span class='ocr_line' id='line_1_76' title="bbox 255 2827 1028 2865; baseline 0.001 -9"><span class='ocrx_word' id='word_1_537' title='bbox 255 2828 279 2845; x_wconf 83' lang='lat'><strong>&quot;</strong></span> <span class='ocrx_word' id='word_1_538' title='bbox 294 2827 362 2857; x_wconf 89' lang='lat' dir='ltr'><strong>Luc.</strong></span> <span class='ocrx_word' id='word_1_539' title='bbox 374 2837 404 2862; x_wconf 82' lang='grc' dir='ltr'><strong>ιι,</strong></span> <span class='ocrx_word' id='word_1_540' title='bbox 421 2829 463 2857; x_wconf 69' lang='lat' dir='ltr'><strong>ll.</strong></span> <span class='ocrx_word' id='word_1_541' title='bbox 502 2829 613 2858; x_wconf 79' lang='lat' dir='ltr'><strong>&quot;Joan.</strong></span> <span class='ocrx_word' id='word_1_542' title='bbox 631 2837 685 2864; x_wconf 74' lang='lat' dir='ltr'><strong>xiv,</strong></span> <span class='ocrx_word' id='word_1_543' title='bbox 701 2830 729 2865; x_wconf 73' lang='lat'><strong>6,</strong></span> <span class='ocrx_word' id='word_1_544' title='bbox 776 2830 799 2847; x_wconf 85' lang='lat'>&quot;</span> <span class='ocrx_word' id='word_1_545' title='bbox 820 2829 829 2857; x_wconf 96' lang='lat'><em>|</em></span> <span class='ocrx_word' id='word_1_546' title='bbox 844 2830 910 2858; x_wconf 85' lang='lat' dir='ltr'><strong>Cor.</strong></span> <span class='ocrx_word' id='word_1_547' title='bbox 927 2837 965 2861; x_wconf 82' lang='lat' dir='ltr'><strong>ix,</strong></span> <span class='ocrx_word' id='word_1_548' title='bbox 981 2828 1028 2857; x_wconf 69' lang='grc' dir='ltr'><strong>Ἡ.</strong></span> 
     </span>
    </p>
   </div>
   <div class='ocr_carea' id='block_1_77' title="bbox 1094 890 1834 928">
    <p class='ocr_par' dir='ltr' id='par_1_77' title="bbox 1094 890 1834 928">
     <span class='ocr_line' id='line_1_77' title="bbox 1094 890 1834 928; baseline 0 -10"><span class='ocrx_word' id='word_1_549' title='bbox 1094 891 1138 919; x_wconf 88' lang='grc' dir='ltr'>ια’.</span> <span class='ocrx_word' id='word_1_550' title='bbox 1153 890 1220 919; x_wconf 84' lang='grc' dir='ltr'>Εἶτα</span> <span class='ocrx_word' id='word_1_551' title='bbox 1235 891 1262 919; x_wconf 86' lang='grc' dir='ltr'><strong>τί</strong></span> <span class='ocrx_word' id='word_1_552' title='bbox 1274 900 1281 925; x_wconf 87' lang='grc'>;</span> <span class='ocrx_word' id='word_1_553' title='bbox 1302 891 1352 918; x_wconf 77' lang='grc' dir='ltr'>καὶ</span> <span class='ocrx_word' id='word_1_554' title='bbox 1372 891 1407 919; x_wconf 83' lang='grc' dir='ltr'><strong>τὰ</strong></span> <span class='ocrx_word' id='word_1_555' title='bbox 1425 891 1494 919; x_wconf 77' lang='grc' dir='ltr'>ἄλλα</span> <span class='ocrx_word' id='word_1_556' title='bbox 1507 893 1573 928; x_wconf 81' lang='grc' dir='ltr'>περὶ</span> <span class='ocrx_word' id='word_1_557' title='bbox 1592 892 1718 927; x_wconf 83' lang='grc' dir='ltr'>ἀγγέλων</span> <span class='ocrx_word' id='word_1_558' title='bbox 1733 892 1815 927; x_wconf 78' lang='grc' dir='ltr'>εὕροις</span> <span class='ocrx_word' id='word_1_559' title='bbox 1827 899 1834 907; x_wconf 80' lang='lat'>&#39;</span> 
     </span>
    </p>
   </div>
   <div class='ocr_carea' id='block_1_78' title="bbox 1056 937 1836 975">
    <p class='ocr_par' dir='ltr' id='par_1_78' title="bbox 1056 937 1836 975">
     <span class='ocr_line' id='line_1_78' title="bbox 1056 937 1836 975; baseline 0 -10"><span class='ocrx_word' id='word_1_560' title='bbox 1056 937 1168 973; x_wconf 76' lang='grc' dir='ltr'>ἄγγελοι</span> <span class='ocrx_word' id='word_1_561' title='bbox 1187 938 1236 974; x_wconf 73' lang='grc' dir='ltr'>μὲν</span> <span class='ocrx_word' id='word_1_562' title='bbox 1247 937 1288 974; x_wconf 81' lang='grc' dir='ltr'>τῷ</span> <span class='ocrx_word' id='word_1_563' title='bbox 1309 937 1399 974; x_wconf 80' lang='grc' dir='ltr'>Ἰησοῦ</span> <span class='ocrx_word' id='word_1_564' title='bbox 1415 937 1593 973; x_wconf 84' lang='grc' dir='ltr'>βαπτισθέντι</span> <span class='ocrx_word' id='word_1_565' title='bbox 1610 939 1640 965; x_wconf 82' lang='grc' dir='ltr'><strong>έν</strong></span> <span class='ocrx_word' id='word_1_566' title='bbox 1653 939 1688 975; x_wconf 74' lang='grc' dir='ltr'>τῇ</span> <span class='ocrx_word' id='word_1_567' title='bbox 1700 938 1792 974; x_wconf 75' lang='grc' dir='ltr'>έρήμῳ</span> <span class='ocrx_word' id='word_1_568' title='bbox 1802 938 1836 970; x_wconf 82' lang='grc' dir='ltr'><strong>εἰς</strong></span> 
     </span>
    </p>
   </div>
   <div class='ocr_carea' id='block_1_79' title="bbox 1055 983 1835 1020">
    <p class='ocr_par' dir='ltr' id='par_1_79' title="bbox 1055 983 1835 1020">
     <span class='ocr_line' id='line_1_79' title="bbox 1055 983 1835 1020; baseline 0 -10"><span class='ocrx_word' id='word_1_569' title='bbox 1055 984 1196 1011; x_wconf 82' lang='grc' dir='ltr'>διακονίαν</span> <span class='ocrx_word' id='word_1_570' title='bbox 1207 983 1407 1020; x_wconf 88' lang='grc' dir='ltr'>προσέρχονται</span> <span class='ocrx_word' id='word_1_571' title='bbox 1421 992 1429 1000; x_wconf 84' lang='grc'><em>’</em></span> <span class='ocrx_word' id='word_1_572' title='bbox 1440 983 1489 1019; x_wconf 83' lang='grc' dir='ltr'>οὐχ</span> <span class='ocrx_word' id='word_1_573' title='bbox 1503 984 1546 1011; x_wconf 78' lang='grc' dir='ltr'><strong>δτι</strong></span> <span class='ocrx_word' id='word_1_574' title='bbox 1557 983 1669 1011; x_wconf 71' lang='lat' dir='ltr'><strong>mium:</strong></span> <span class='ocrx_word' id='word_1_575' title='bbox 1683 983 1730 1011; x_wconf 85' lang='grc' dir='ltr'>τοῦ</span> <span class='ocrx_word' id='word_1_576' title='bbox 1743 983 1835 1011; x_wconf 78' lang='grc' dir='ltr'>έαυτῶν</span> 
     </span>
    </p>
   </div>
   <div class='ocr_carea' id='block_1_80' title="bbox 1056 1029 1823 1066">
    <p class='ocr_par' dir='ltr' id='par_1_80' title="bbox 1056 1029 1823 1066">
     <span class='ocr_line' id='line_1_80' title="bbox 1056 1029 1823 1066; baseline 0 -10"><span class='ocrx_word' id='word_1_577' title='bbox 1056 1030 1193 1056; x_wconf 85' lang='grc' dir='ltr'>Δεσπότου</span> <span class='ocrx_word' id='word_1_578' title='bbox 1210 1029 1381 1065; x_wconf 79' lang='grc' dir='ltr'>ἀπέστησαν,</span> <span class='ocrx_word' id='word_1_579' title='bbox 1399 1029 1458 1057; x_wconf 83' lang='grc' dir='ltr'>ἀλλ’</span> <span class='ocrx_word' id='word_1_580' title='bbox 1469 1030 1545 1062; x_wconf 78' lang='grc' dir='ltr'>ὅπως</span> <span class='ocrx_word' id='word_1_581' title='bbox 1564 1031 1598 1058; x_wconf 79' lang='grc' dir='ltr'>σὺ</span> <span class='ocrx_word' id='word_1_582' title='bbox 1610 1029 1751 1066; x_wconf 76' lang='grc' dir='ltr'>πιστωθῇς</span> <span class='ocrx_word' id='word_1_583' title='bbox 1769 1030 1783 1056; x_wconf 90' lang='lat'><strong>6</strong></span> <span class='ocrx_word' id='word_1_584' title='bbox 1797 1037 1823 1056; x_wconf 79' lang='grc' dir='ltr'><strong>πι</strong></span> 
     </span>
    </p>
   </div>
   <div class='ocr_carea' id='block_1_81' title="bbox 1057 1074 1834 1110">
    <p class='ocr_par' dir='ltr' id='par_1_81' title="bbox 1057 1074 1834 1110">
     <span class='ocr_line' id='line_1_81' title="bbox 1057 1074 1834 1110; baseline -0.003 -9"><span class='ocrx_word' id='word_1_585' title='bbox 1057 1074 1130 1106; x_wconf 80' lang='grc' dir='ltr'>στὺς,</span> <span class='ocrx_word' id='word_1_586' title='bbox 1145 1075 1188 1102; x_wconf 79' lang='grc' dir='ltr'>ὅτι</span> <span class='ocrx_word' id='word_1_587' title='bbox 1214 1074 1378 1110; x_wconf 80' lang='grc' dir='ltr'>βαπτισθεὶς</span> <span class='ocrx_word' id='word_1_588' title='bbox 1400 1075 1449 1101; x_wconf 79' lang='grc' dir='ltr'>καὶ</span> <span class='ocrx_word' id='word_1_589' title='bbox 1466 1074 1610 1109; x_wconf 76' lang='grc' dir='ltr'>φυλάττων</span> <span class='ocrx_word' id='word_1_590' title='bbox 1623 1075 1676 1110; x_wconf 81' lang='grc' dir='ltr'><strong>τήν</strong></span> <span class='ocrx_word' id='word_1_591' title='bbox 1704 1074 1834 1110; x_wconf 76' lang='grc' dir='ltr'>κάθαρσιν,</span> 
     </span>
    </p>
   </div>
   <div class='ocr_carea' id='block_1_82' title="bbox 1056 1119 1835 1157">
    <p class='ocr_par' dir='ltr' id='par_1_82' title="bbox 1056 1119 1835 1157">
     <span class='ocr_line' id='line_1_82' title="bbox 1056 1119 1835 1157; baseline 0 -10"><span class='ocrx_word' id='word_1_592' title='bbox 1056 1120 1190 1154; x_wconf 75' lang='grc' dir='ltr'>ἀγγέλους</span> <span class='ocrx_word' id='word_1_593' title='bbox 1204 1119 1330 1156; x_wconf 79' lang='grc' dir='ltr'>ἀοράτως</span> <span class='ocrx_word' id='word_1_594' title='bbox 1344 1120 1413 1155; x_wconf 79' lang='grc' dir='ltr'>πρὸς</span> <span class='ocrx_word' id='word_1_595' title='bbox 1428 1120 1567 1148; x_wconf 80' lang='grc' dir='ltr'>διακονίαν</span> <span class='ocrx_word' id='word_1_596' title='bbox 1580 1121 1628 1148; x_wconf 80' lang='grc' dir='ltr'>καὶ</span> <span class='ocrx_word' id='word_1_597' title='bbox 1638 1121 1753 1157; x_wconf 77' lang='grc' dir='ltr'>τήρησιν</span> <span class='ocrx_word' id='word_1_598' title='bbox 1766 1121 1835 1156; x_wconf 82' lang='grc' dir='ltr'>κομί-</span> 
     </span>
    </p>
   </div>
   <div class='ocr_carea' id='block_1_83' title="bbox 1057 1165 1836 1202">
    <p class='ocr_par' dir='ltr' id='par_1_83' title="bbox 1057 1165 1836 1202">
     <span class='ocr_line' id='line_1_83' title="bbox 1057 1165 1836 1202; baseline 0.001 -11"><span class='ocrx_word' id='word_1_599' title='bbox 1057 1165 1153 1198; x_wconf 81' lang='grc' dir='ltr'>ζεται·</span> <span class='ocrx_word' id='word_1_600' title='bbox 1167 1165 1229 1192; x_wconf 78' lang='grc' dir='ltr'>ὅθεν</span> <span class='ocrx_word' id='word_1_601' title='bbox 1252 1166 1300 1192; x_wconf 82' lang='grc' dir='ltr'>καὶ</span> <span class='ocrx_word' id='word_1_602' title='bbox 1326 1166 1356 1193; x_wconf 75' lang='grc' dir='ltr'><strong>έν</strong></span> <span class='ocrx_word' id='word_1_603' title='bbox 1382 1167 1417 1202; x_wconf 81' lang='grc' dir='ltr'><strong>τῇ</strong></span> <span class='ocrx_word' id='word_1_604' title='bbox 1434 1165 1593 1202; x_wconf 79' lang='grc' dir='ltr'>Προδατικῇ</span> <span class='ocrx_word' id='word_1_605' title='bbox 1614 1166 1790 1202; x_wconf 74' lang='grc' dir='ltr'>κολυμϐήθρᾳ</span> <span class='ocrx_word' id='word_1_606' title='bbox 1802 1166 1836 1198; x_wconf 83' lang='grc' dir='ltr'><strong>εἰς</strong></span> 
     </span>
    </p>
   </div>
   <div class='ocr_carea' id='block_1_84' title="bbox 1055 1210 1836 1247">
    <p class='ocr_par' dir='ltr' id='par_1_84' title="bbox 1055 1210 1836 1247">
     <span class='ocr_line' id='line_1_84' title="bbox 1055 1210 1836 1247; baseline 0.001 -10"><span class='ocrx_word' id='word_1_607' title='bbox 1055 1210 1196 1238; x_wconf 87' lang='grc' dir='ltr'>τύποντοῦ</span> <span class='ocrx_word' id='word_1_608' title='bbox 1207 1210 1398 1247; x_wconf 81' lang='grc' dir='ltr'>βαπτίσματος</span> <span class='ocrx_word' id='word_1_609' title='bbox 1411 1212 1527 1247; x_wconf 75' lang='grc' dir='ltr'>ἄγγελος</span> <span class='ocrx_word' id='word_1_610' title='bbox 1540 1212 1590 1244; x_wconf 81' lang='grc' dir='ltr'>τὰς</span> <span class='ocrx_word' id='word_1_611' title='bbox 1604 1213 1691 1245; x_wconf 83' lang='grc' dir='ltr'>ἰάσεις</span> <span class='ocrx_word' id='word_1_612' title='bbox 1700 1213 1836 1240; x_wconf 74' lang='grc' dir='ltr'>ινεδείκνυ-</span> 
     </span>
    </p>
   </div>
   <div class='ocr_carea' id='block_1_85' title="bbox 1054 1254 1834 1295">
    <p class='ocr_par' dir='ltr' id='par_1_85' title="bbox 1054 1254 1834 1295">
     <span class='ocr_line' id='line_1_85' title="bbox 1054 1254 1834 1295; baseline 0.005 -12"><span class='ocrx_word' id='word_1_613' title='bbox 1054 1264 1087 1283; x_wconf 87' lang='grc' dir='ltr'><strong>το</strong></span> <span class='ocrx_word' id='word_1_614' title='bbox 1098 1277 1106 1290; x_wconf 85' lang='grc'><strong>,</strong></span> <span class='ocrx_word' id='word_1_615' title='bbox 1118 1257 1149 1283; x_wconf 78' lang='grc' dir='ltr'>ὲν</span> <span class='ocrx_word' id='word_1_616' title='bbox 1197 1258 1212 1284; x_wconf 98' lang='lat'><strong>6</strong></span> <span class='ocrx_word' id='word_1_617' title='bbox 1224 1257 1276 1292; x_wconf 84' lang='grc' dir='ltr'>τῆς</span> <span class='ocrx_word' id='word_1_618' title='bbox 1293 1258 1417 1294; x_wconf 78' lang='grc' dir='ltr'>μεγάλης</span> <span class='ocrx_word' id='word_1_619' title='bbox 1431 1258 1531 1294; x_wconf 78' lang='grc' dir='ltr'>βουλῆς</span> <span class='ocrx_word' id='word_1_620' title='bbox 1545 1259 1681 1293; x_wconf 77' lang='grc' dir='ltr'>Ἀγγελος</span> <span class='ocrx_word' id='word_1_621' title='bbox 1692 1261 1707 1287; x_wconf 90' lang='lat'><strong>6</strong></span> <span class='ocrx_word' id='word_1_622' title='bbox 1720 1258 1834 1295; x_wconf 71' lang='grc' dir='ltr'>Χριστὸς.</span> 
     </span>
    </p>
   </div>
   <div class='ocr_carea' id='block_1_86' title="bbox 1056 1302 1837 1341">
    <p class='ocr_par' dir='ltr' id='par_1_86' title="bbox 1056 1302 1837 1341">
     <span class='ocr_line' id='line_1_86' title="bbox 1056 1302 1837 1341; baseline 0.001 -12"><span class='ocrx_word' id='word_1_623' title='bbox 1056 1302 1100 1329; x_wconf 84' lang='grc' dir='ltr'><strong>διὰ</strong></span> <span class='ocrx_word' id='word_1_624' title='bbox 1111 1304 1260 1338; x_wconf 82' lang='grc' dir='ltr'>τριάκοντα</span> <span class='ocrx_word' id='word_1_625' title='bbox 1271 1304 1319 1330; x_wconf 84' lang='grc' dir='ltr'>καὶ</span> <span class='ocrx_word' id='word_1_626' title='bbox 1330 1303 1403 1331; x_wconf 83' lang='grc' dir='ltr'>ὀκτὼ</span> <span class='ocrx_word' id='word_1_627' title='bbox 1413 1304 1484 1331; x_wconf 75' lang='grc' dir='ltr'>ἑτῶν</span> <span class='ocrx_word' id='word_1_628' title='bbox 1493 1304 1532 1340; x_wconf 87' lang='grc' dir='ltr'>τῷ</span> <span class='ocrx_word' id='word_1_629' title='bbox 1542 1305 1695 1341; x_wconf 83' lang='grc' dir='ltr'>παραλύτῳ</span> <span class='ocrx_word' id='word_1_630' title='bbox 1704 1305 1837 1341; x_wconf 68' lang='grc' dir='ltr'>ἐχαρίσατο</span> 
     </span>
    </p>
   </div>
   <div class='ocr_carea' id='block_1_87' title="bbox 1058 1348 1836 1386">
    <p class='ocr_par' dir='ltr' id='par_1_87' title="bbox 1058 1348 1836 1386">
     <span class='ocr_line' id='line_1_87' title="bbox 1058 1348 1836 1386; baseline 0.003 -11"><span class='ocrx_word' id='word_1_631' title='bbox 1058 1348 1148 1375; x_wconf 73' lang='grc' dir='ltr'>ἴασιν·</span> <span class='ocrx_word' id='word_1_632' title='bbox 1164 1350 1380 1384; x_wconf 86' lang='grc' dir='ltr'>τριακονταέτης</span> <span class='ocrx_word' id='word_1_633' title='bbox 1405 1350 1617 1386; x_wconf 79' lang='grc' dir='ltr'>βαπτιζόμενος,</span> <span class='ocrx_word' id='word_1_634' title='bbox 1630 1351 1681 1379; x_wconf 79' lang='grc' dir='ltr'>καὶ</span> <span class='ocrx_word' id='word_1_635' title='bbox 1695 1352 1745 1384; x_wconf 76' lang='grc' dir='ltr'>τὰς</span> <span class='ocrx_word' id='word_1_636' title='bbox 1766 1351 1836 1378; x_wconf 73' lang='grc' dir='ltr'>πέντε</span> 
     </span>
    </p>
   </div>
   <div class='ocr_carea' id='block_1_88' title="bbox 1057 1394 1836 1434">
    <p class='ocr_par' dir='ltr' id='par_1_88' title="bbox 1057 1394 1836 1434">
     <span class='ocr_line' id='line_1_88' title="bbox 1057 1394 1836 1434; baseline 0.006 -13"><span class='ocrx_word' id='word_1_637' title='bbox 1057 1394 1154 1422; x_wconf 88' lang='grc' dir='ltr'>τούτου</span> <span class='ocrx_word' id='word_1_638' title='bbox 1167 1395 1309 1432; x_wconf 84' lang='grc' dir='ltr'>αἰσθήσεις</span> <span class='ocrx_word' id='word_1_639' title='bbox 1329 1398 1364 1432; x_wconf 74' lang='grc' dir='ltr'>τῇ</span> <span class='ocrx_word' id='word_1_640' title='bbox 1387 1397 1479 1424; x_wconf 76' lang='grc' dir='ltr'>πίστει</span> <span class='ocrx_word' id='word_1_641' title='bbox 1493 1397 1544 1433; x_wconf 79' lang='grc' dir='ltr'>τῆς</span> <span class='ocrx_word' id='word_1_642' title='bbox 1557 1398 1675 1433; x_wconf 89' lang='grc' dir='ltr'>Τριάδος</span> <span class='ocrx_word' id='word_1_643' title='bbox 1690 1397 1836 1434; x_wconf 69' lang='grc' dir='ltr'>παραδόξως</span> 
     </span>
    </p>
   </div>
   <div class='ocr_carea' id='block_1_89' title="bbox 1059 1441 1836 1481">
    <p class='ocr_par' dir='ltr' id='par_1_89' title="bbox 1059 1441 1836 1481">
     <span class='ocr_line' id='line_1_89' title="bbox 1059 1441 1836 1481; baseline 0.004 -13"><span class='ocrx_word' id='word_1_644' title='bbox 1059 1441 1186 1477; x_wconf 73' lang='grc' dir='ltr'>ἰώμενος.</span> <span class='ocrx_word' id='word_1_645' title='bbox 1202 1442 1304 1478; x_wconf 86' lang='grc' dir='ltr'>Μικρῳ</span> <span class='ocrx_word' id='word_1_646' title='bbox 1317 1443 1366 1469; x_wconf 81' lang='grc' dir='ltr'>καὶ</span> <span class='ocrx_word' id='word_1_647' title='bbox 1384 1443 1451 1470; x_wconf 77' lang='grc' dir='ltr'>αὐτὸ</span> <span class='ocrx_word' id='word_1_648' title='bbox 1461 1443 1492 1470; x_wconf 81' lang='grc' dir='ltr'><strong>τὺ</strong></span> <span class='ocrx_word' id='word_1_649' title='bbox 1509 1443 1621 1471; x_wconf 86' lang='grc' dir='ltr'>πάντων</span> <span class='ocrx_word' id='word_1_650' title='bbox 1631 1444 1836 1481; x_wconf 81' lang='grc' dir='ltr'>κορυφαιότατον</span> 
     </span>
    </p>
   </div>
   <div class='ocr_carea' id='block_1_90' title="bbox 1058 1487 1837 1526">
    <p class='ocr_par' dir='ltr' id='par_1_90' title="bbox 1058 1487 1837 1526">
     <span class='ocr_line' id='line_1_90' title="bbox 1058 1487 1837 1526; baseline 0 -12"><span class='ocrx_word' id='word_1_651' title='bbox 1058 1487 1108 1514; x_wconf 79' lang='grc' dir='ltr'>καὶ</span> <span class='ocrx_word' id='word_1_652' title='bbox 1122 1487 1350 1524; x_wconf 86' lang='grc' dir='ltr'>θαυμασιώτερον</span> <span class='ocrx_word' id='word_1_653' title='bbox 1365 1489 1394 1515; x_wconf 76' lang='grc' dir='ltr'><strong>εν</strong></span> <span class='ocrx_word' id='word_1_654' title='bbox 1409 1488 1576 1524; x_wconf 78' lang='grc' dir='ltr'>πράγμασιν</span> <span class='ocrx_word' id='word_1_655' title='bbox 1587 1489 1675 1525; x_wconf 80' lang='grc' dir='ltr'>ἰεροῐς</span> <span class='ocrx_word' id='word_1_656' title='bbox 1684 1490 1748 1526; x_wconf 75' lang='grc' dir='ltr'><strong>περί</strong></span> <span class='ocrx_word' id='word_1_657' title='bbox 1762 1488 1837 1524; x_wconf 80' lang='grc' dir='ltr'>ἀγγέ-</span> 
     </span>
    </p>
   </div>
   <div class='ocr_carea' id='block_1_91' title="bbox 1058 1531 1836 1570">
    <p class='ocr_par' dir='ltr' id='par_1_91' title="bbox 1058 1531 1836 1570">
     <span class='ocr_line' id='line_1_91' title="bbox 1058 1531 1836 1570; baseline 0.001 -11"><span class='ocrx_word' id='word_1_658' title='bbox 1058 1531 1113 1559; x_wconf 91' lang='grc' dir='ltr'><strong>λων</strong></span> <span class='ocrx_word' id='word_1_659' title='bbox 1139 1532 1301 1568; x_wconf 81' lang='grc' dir='ltr'>φερόμενον,</span> <span class='ocrx_word' id='word_1_660' title='bbox 1313 1532 1354 1568; x_wconf 84' lang='grc' dir='ltr'>τῷ</span> <span class='ocrx_word' id='word_1_661' title='bbox 1381 1533 1455 1569; x_wconf 89' lang='grc' dir='ltr'>λόγῳ</span> <span class='ocrx_word' id='word_1_662' title='bbox 1487 1534 1668 1570; x_wconf 76' lang='grc' dir='ltr'>παρέδραμον</span> <span class='ocrx_word' id='word_1_663' title='bbox 1681 1543 1689 1551; x_wconf 76' lang='grc'><strong><em>⁸</em></strong></span> <span class='ocrx_word' id='word_1_664' title='bbox 1723 1535 1796 1561; x_wconf 80' lang='grc' dir='ltr'>ποῖον</span> <span class='ocrx_word' id='word_1_665' title='bbox 1812 1533 1836 1560; x_wconf 63' lang='grc' dir='ltr'><strong>δέ</strong></span> 
     </span>
    </p>
   </div>
   <div class='ocr_carea' id='block_1_92' title="bbox 1057 1578 1837 1616">
    <p class='ocr_par' dir='ltr' id='par_1_92' title="bbox 1057 1578 1837 1616">
     <span class='ocr_line' id='line_1_92' title="bbox 1057 1578 1837 1616; baseline 0 -11"><span class='ocrx_word' id='word_1_666' title='bbox 1057 1578 1157 1612; x_wconf 88' lang='grc' dir='ltr'>τοῦτο;</span> <span class='ocrx_word' id='word_1_667' title='bbox 1172 1579 1234 1611; x_wconf 82' lang='grc' dir='ltr'>τοὺς</span> <span class='ocrx_word' id='word_1_668' title='bbox 1257 1578 1330 1606; x_wconf 80' lang='grc' dir='ltr'>κατὰ</span> <span class='ocrx_word' id='word_1_669' title='bbox 1351 1578 1397 1606; x_wconf 78' lang='grc' dir='ltr'>τὸν</span> <span class='ocrx_word' id='word_1_670' title='bbox 1415 1579 1466 1615; x_wconf 86' lang='grc' dir='ltr'>τῆς</span> <span class='ocrx_word' id='word_1_671' title='bbox 1481 1579 1556 1616; x_wconf 80' lang='grc' dir='ltr'>ζωῆς</span> <span class='ocrx_word' id='word_1_672' title='bbox 1572 1579 1693 1616; x_wconf 80' lang='grc' dir='ltr'>Χριστοῦ</span> <span class='ocrx_word' id='word_1_673' title='bbox 1708 1579 1837 1615; x_wconf 71' lang='grc' dir='ltr'>ζωηφόρον</span> 
     </span>
    </p>
   </div>
   <div class='ocr_carea' id='block_1_93' title="bbox 1058 1621 1837 1662">
    <p class='ocr_par' dir='ltr' id='par_1_93' title="bbox 1058 1621 1837 1662">
     <span class='ocr_line' id='line_1_93' title="bbox 1058 1621 1837 1662; baseline -0.001 -10"><span class='ocrx_word' id='word_1_674' title='bbox 1058 1625 1146 1659; x_wconf 86' lang='grc' dir='ltr'>τάφον</span> <span class='ocrx_word' id='word_1_675' title='bbox 1159 1624 1329 1662; x_wconf 78' lang='grc' dir='ltr'>παραδόξους</span> <span class='ocrx_word' id='word_1_676' title='bbox 1341 1633 1374 1652; x_wconf 87' lang='grc' dir='ltr'><strong>τε</strong></span> <span class='ocrx_word' id='word_1_677' title='bbox 1388 1625 1435 1652; x_wconf 75' lang='grc' dir='ltr'>καὶ</span> <span class='ocrx_word' id='word_1_678' title='bbox 1447 1625 1638 1662; x_wconf 80' lang='grc' dir='ltr'>πολυτρόπους</span> <span class='ocrx_word' id='word_1_679' title='bbox 1650 1626 1792 1661; x_wconf 81' lang='grc' dir='ltr'>ἀγγέλους,</span> <span class='ocrx_word' id='word_1_680' title='bbox 1805 1621 1837 1652; x_wconf 84' lang='grc' dir='ltr'>ὦν</span> 
     </span>
    </p>
   </div>
   <div class='ocr_carea' id='block_1_94' title="bbox 1059 1671 1837 1708">
    <p class='ocr_par' dir='ltr' id='par_1_94' title="bbox 1059 1671 1837 1708">
     <span class='ocr_line' id='line_1_94' title="bbox 1059 1671 1837 1708; baseline 0.001 -10"><span class='ocrx_word' id='word_1_681' title='bbox 1059 1671 1097 1704; x_wconf 79' lang='grc' dir='ltr'>ὡς</span> <span class='ocrx_word' id='word_1_682' title='bbox 1112 1671 1219 1707; x_wconf 81' lang='grc' dir='ltr'>άληθῶς</span> <span class='ocrx_word' id='word_1_683' title='bbox 1233 1671 1296 1704; x_wconf 79' lang='grc' dir='ltr'>ξένα</span> <span class='ocrx_word' id='word_1_684' title='bbox 1309 1672 1358 1698; x_wconf 77' lang='grc' dir='ltr'>καὶ</span> <span class='ocrx_word' id='word_1_685' title='bbox 1369 1671 1439 1708; x_wconf 75' lang='grc' dir='ltr'>ὑπὲρ</span> <span class='ocrx_word' id='word_1_686' title='bbox 1459 1671 1541 1706; x_wconf 83' lang='grc' dir='ltr'>λόγον</span> <span class='ocrx_word' id='word_1_687' title='bbox 1554 1671 1590 1699; x_wconf 79' lang='grc' dir='ltr'>τὰ</span> <span class='ocrx_word' id='word_1_688' title='bbox 1610 1672 1683 1699; x_wconf 82' lang='grc' dir='ltr'>κατὰ</span> <span class='ocrx_word' id='word_1_689' title='bbox 1694 1672 1773 1699; x_wconf 86' lang='grc' dir='ltr'>τόπον</span> <span class='ocrx_word' id='word_1_690' title='bbox 1793 1680 1837 1706; x_wconf 74' lang='grc' dir='ltr'>κη-</span> 
     </span>
    </p>
   </div>
   <div class='ocr_carea' id='block_1_95' title="bbox 1060 1715 1837 1754">
    <p class='ocr_par' dir='ltr' id='par_1_95' title="bbox 1060 1715 1837 1754">
     <span class='ocr_line' id='line_1_95' title="bbox 1060 1715 1837 1754; baseline 0 -10"><span class='ocrx_word' id='word_1_691' title='bbox 1060 1717 1190 1753; x_wconf 87' lang='grc' dir='ltr'>ρύγματα</span> <span class='ocrx_word' id='word_1_692' title='bbox 1204 1718 1252 1744; x_wconf 78' lang='grc' dir='ltr'>καὶ</span> <span class='ocrx_word' id='word_1_693' title='bbox 1266 1717 1408 1752; x_wconf 81' lang='grc' dir='ltr'>θαυμάσια</span> <span class='ocrx_word' id='word_1_694' title='bbox 1421 1725 1428 1733; x_wconf 90' lang='grc'><strong>·</strong></span> <span class='ocrx_word' id='word_1_695' title='bbox 1446 1718 1477 1744; x_wconf 75' lang='grc' dir='ltr'><strong>έν</strong></span> <span class='ocrx_word' id='word_1_696' title='bbox 1490 1715 1532 1749; x_wconf 77' lang='grc' dir='ltr'>οἷς</span> <span class='ocrx_word' id='word_1_697' title='bbox 1543 1719 1696 1754; x_wconf 79' lang='grc' dir='ltr'>σκοπήσεις</span> <span class='ocrx_word' id='word_1_698' title='bbox 1711 1718 1837 1754; x_wconf 74' lang='grc' dir='ltr'>έπιμελῶς</span> 
     </span>
    </p>
   </div>
   <div class='ocr_carea' id='block_1_96' title="bbox 1059 1763 1838 1801">
    <p class='ocr_par' dir='ltr' id='par_1_96' title="bbox 1059 1763 1838 1801">
     <span class='ocr_line' id='line_1_96' title="bbox 1059 1763 1838 1801; baseline 0 -11"><span class='ocrx_word' id='word_1_699' title='bbox 1059 1765 1114 1800; x_wconf 77' lang='grc' dir='ltr'><strong>πρὸ</strong></span> <span class='ocrx_word' id='word_1_700' title='bbox 1130 1763 1188 1791; x_wconf 86' lang='grc' dir='ltr'><strong>τῶν</strong></span> <span class='ocrx_word' id='word_1_701' title='bbox 1209 1764 1298 1791; x_wconf 79' lang='grc' dir='ltr'>ἄλλων</span> <span class='ocrx_word' id='word_1_702' title='bbox 1313 1765 1412 1798; x_wconf 74' lang='grc' dir='ltr'>έκεῖνο,</span> <span class='ocrx_word' id='word_1_703' title='bbox 1426 1764 1487 1796; x_wconf 87' lang='grc' dir='ltr'><strong>πῶς</strong></span> <span class='ocrx_word' id='word_1_704' title='bbox 1501 1765 1551 1800; x_wconf 73' lang='grc' dir='ltr'>μὲν</span> <span class='ocrx_word' id='word_1_705' title='bbox 1570 1765 1692 1798; x_wconf 71' lang='grc' dir='ltr'>ἅπαντες</span> <span class='ocrx_word' id='word_1_706' title='bbox 1703 1767 1729 1792; x_wconf 81' lang='grc' dir='ltr'><strong>οἰ</strong></span> <span class='ocrx_word' id='word_1_707' title='bbox 1740 1763 1838 1801; x_wconf 83' lang='grc' dir='ltr'>Χριστῷ</span> 
     </span>
    </p>
   </div>
   <div class='ocr_carea' id='block_1_97' title="bbox 1059 1810 1838 1846">
    <p class='ocr_par' dir='ltr' id='par_1_97' title="bbox 1059 1810 1838 1846">
     <span class='ocr_line' id='line_1_97' title="bbox 1059 1810 1838 1846; baseline 0 -10"><span class='ocrx_word' id='word_1_708' title='bbox 1059 1810 1222 1845; x_wconf 80' lang='grc' dir='ltr'>προσφιλεῖς</span> <span class='ocrx_word' id='word_1_709' title='bbox 1237 1812 1368 1846; x_wconf 84' lang='grc' dir='ltr'>γηγενεῖς</span> <span class='ocrx_word' id='word_1_710' title='bbox 1378 1811 1488 1846; x_wconf 75' lang='grc' dir='ltr'>τρέχειν</span> <span class='ocrx_word' id='word_1_711' title='bbox 1500 1811 1560 1838; x_wconf 75' lang='grc' dir='ltr'>ἐκεῖ</span> <span class='ocrx_word' id='word_1_712' title='bbox 1570 1811 1708 1846; x_wconf 77' lang='grc' dir='ltr'>λέγονται,</span> <span class='ocrx_word' id='word_1_713' title='bbox 1720 1812 1746 1839; x_wconf 86' lang='grc' dir='ltr'><strong>αἰ</strong></span> <span class='ocrx_word' id='word_1_714' title='bbox 1759 1811 1785 1838; x_wconf 68' lang='grc' dir='ltr'>δὲ</span> <span class='ocrx_word' id='word_1_715' title='bbox 1795 1810 1838 1845; x_wconf 69' lang='grc' dir='ltr'><strong>φύς</strong></span> 
     </span>
    </p>
   </div>
   <div class='ocr_carea' id='block_1_98' title="bbox 1060 1855 1838 1893">
    <p class='ocr_par' dir='ltr' id='par_1_98' title="bbox 1060 1855 1838 1893">
     <span class='ocr_line' id='line_1_98' title="bbox 1060 1855 1838 1893; baseline -0.003 -10"><span class='ocrx_word' id='word_1_716' title='bbox 1060 1865 1117 1888; x_wconf 83' lang='grc' dir='ltr'>σεις</span> <span class='ocrx_word' id='word_1_717' title='bbox 1141 1857 1169 1883; x_wconf 83' lang='grc' dir='ltr'><strong>αἰ</strong></span> <span class='ocrx_word' id='word_1_718' title='bbox 1187 1856 1322 1892; x_wconf 84' lang='grc' dir='ltr'>άνώτεραι</span> <span class='ocrx_word' id='word_1_719' title='bbox 1344 1857 1444 1892; x_wconf 79' lang='grc' dir='ltr'>ἁδρομὶ</span> <span class='ocrx_word' id='word_1_720' title='bbox 1468 1857 1634 1890; x_wconf 80' lang='grc' dir='ltr'>καθέζεσθαι</span> <span class='ocrx_word' id='word_1_721' title='bbox 1658 1855 1838 1893; x_wconf 78' lang='grc' dir='ltr'>φαίνονται-ό</span> 
     </span>
    </p>
   </div>
   <div class='ocr_carea' id='block_1_99' title="bbox 1062 1903 1836 1939">
    <p class='ocr_par' dir='ltr' id='par_1_99' title="bbox 1062 1903 1836 1939">
     <span class='ocr_line' id='line_1_99' title="bbox 1062 1903 1836 1939; baseline -0.003 -9"><span class='ocrx_word' id='word_1_722' title='bbox 1062 1903 1113 1939; x_wconf 76' lang='grc' dir='ltr'>μὲν</span> <span class='ocrx_word' id='word_1_723' title='bbox 1127 1903 1175 1930; x_wconf 78' lang='grc' dir='ltr'>οὖν</span> <span class='ocrx_word' id='word_1_724' title='bbox 1191 1903 1295 1938; x_wconf 82' lang='grc' dir='ltr'>Πέτρος</span> <span class='ocrx_word' id='word_1_725' title='bbox 1307 1903 1429 1935; x_wconf 78' lang='grc' dir='ltr'>ἀναστὰς</span> <span class='ocrx_word' id='word_1_726' title='bbox 1452 1903 1571 1939; x_wconf 77' lang='grc' dir='ltr'>ἔδραμεν</span> <span class='ocrx_word' id='word_1_727' title='bbox 1585 1903 1633 1931; x_wconf 75' lang='grc' dir='ltr'><strong>ἐπὶ</strong></span> <span class='ocrx_word' id='word_1_728' title='bbox 1650 1904 1683 1931; x_wconf 79' lang='grc' dir='ltr'>τὸ</span> <span class='ocrx_word' id='word_1_729' title='bbox 1700 1903 1836 1939; x_wconf 73' lang='grc' dir='ltr'>μνημεῖον·</span> 
     </span>
    </p>
   </div>
   <div class='ocr_carea' id='block_1_100' title="bbox 1059 1948 1837 1985">
    <p class='ocr_par' dir='ltr' id='par_1_100' title="bbox 1059 1948 1837 1985">
     <span class='ocr_line' id='line_1_100' title="bbox 1059 1948 1837 1985; baseline -0.001 -9"><span class='ocrx_word' id='word_1_730' title='bbox 1059 1949 1074 1976; x_wconf 90' lang='lat'><strong>6</strong></span> <span class='ocrx_word' id='word_1_731' title='bbox 1086 1949 1115 1976; x_wconf 80' lang='grc' dir='ltr'>δὲ</span> <span class='ocrx_word' id='word_1_732' title='bbox 1128 1948 1209 1980; x_wconf 80' lang='grc' dir='ltr'>ἄλλος</span> <span class='ocrx_word' id='word_1_733' title='bbox 1221 1948 1347 1985; x_wconf 85' lang='grc' dir='ltr'>μαθητὴς</span> <span class='ocrx_word' id='word_1_734' title='bbox 1365 1948 1522 1985; x_wconf 82' lang='grc' dir='ltr'>προέδραμε</span> <span class='ocrx_word' id='word_1_735' title='bbox 1541 1949 1636 1984; x_wconf 87' lang='grc' dir='ltr'>τάχιον</span> <span class='ocrx_word' id='word_1_736' title='bbox 1656 1949 1706 1976; x_wconf 77' lang='grc' dir='ltr'>τοῦ</span> <span class='ocrx_word' id='word_1_737' title='bbox 1724 1949 1818 1984; x_wconf 71' lang='grc' dir='ltr'>Πέτρου</span> <span class='ocrx_word' id='word_1_738' title='bbox 1831 1955 1837 1962; x_wconf 90' lang='lat'><strong>&#39;</strong></span> 
     </span>
    </p>
   </div>
   <div class='ocr_carea' id='block_1_101' title="bbox 1059 1993 1847 2031">
    <p class='ocr_par' dir='ltr' id='par_1_101' title="bbox 1059 1993 1847 2031">
     <span class='ocr_line' id='line_1_101' title="bbox 1059 1993 1847 2031; baseline -0.001 -10"><span class='ocrx_word' id='word_1_739' title='bbox 1059 1995 1108 2022; x_wconf 70' lang='grc' dir='ltr'><strong>κα)⁵</strong></span> <span class='ocrx_word' id='word_1_740' title='bbox 1135 1995 1229 2030; x_wconf 87' lang='grc' dir='ltr'>Μαρία</span> <span class='ocrx_word' id='word_1_741' title='bbox 1248 1995 1266 2030; x_wconf 80' lang='grc' dir='ltr'><strong>ἡ</strong></span> <span class='ocrx_word' id='word_1_742' title='bbox 1281 1994 1449 2031; x_wconf 79' lang='grc' dir='ltr'>Μαγδαληνὴ</span> <span class='ocrx_word' id='word_1_743' title='bbox 1465 1995 1557 2030; x_wconf 78' lang='grc' dir='ltr'>τρέχει</span> <span class='ocrx_word' id='word_1_744' title='bbox 1583 1996 1631 2022; x_wconf 73' lang='grc' dir='ltr'>καὶ</span> <span class='ocrx_word' id='word_1_745' title='bbox 1647 1995 1756 2031; x_wconf 72' lang='grc' dir='ltr'>ἔρχεται</span> <span class='ocrx_word' id='word_1_746' title='bbox 1780 1993 1847 2029; x_wconf 78' lang='grc' dir='ltr'>πρὸς·</span> 
     </span>
    </p>
   </div>
   <div class='ocr_carea' id='block_1_102' title="bbox 1060 2040 1838 2077">
    <p class='ocr_par' dir='ltr' id='par_1_102' title="bbox 1060 2040 1838 2077">
     <span class='ocr_line' id='line_1_102' title="bbox 1060 2040 1838 2077; baseline -0.001 -10"><span class='ocrx_word' id='word_1_747' title='bbox 1060 2041 1170 2076; x_wconf 84' lang='grc' dir='ltr'>Σίμωνα</span> <span class='ocrx_word' id='word_1_748' title='bbox 1188 2040 1293 2076; x_wconf 78' lang='grc' dir='ltr'>Πέτρον</span> <span class='ocrx_word' id='word_1_749' title='bbox 1307 2048 1314 2055; x_wconf 91' lang='grc'>·</span> <span class='ocrx_word' id='word_1_750' title='bbox 1332 2041 1380 2068; x_wconf 71' lang='grc' dir='ltr'>καὶ</span> <span class='ocrx_word' id='word_1_751' title='bbox 1397 2041 1426 2068; x_wconf 81' lang='grc' dir='ltr'>αι</span> <span class='ocrx_word' id='word_1_752' title='bbox 1441 2041 1521 2068; x_wconf 73' lang='grc' dir='ltr'>ἄλλαι</span> <span class='ocrx_word' id='word_1_753' title='bbox 1535 2041 1641 2076; x_wconf 86' lang='grc' dir='ltr'>Μαρίαι</span> <span class='ocrx_word' id='word_1_754' title='bbox 1658 2042 1776 2077; x_wconf 75' lang='grc' dir='ltr'>ἔδραμον</span> <span class='ocrx_word' id='word_1_755' title='bbox 1790 2040 1838 2066; x_wconf 83' lang='grc' dir='ltr'>άπ-</span> 
     </span>
    </p>
   </div>
   <div class='ocr_carea' id='block_1_103' title="bbox 1059 2085 1839 2122">
    <p class='ocr_par' dir='ltr' id='par_1_103' title="bbox 1059 2085 1839 2122">
     <span class='ocr_line' id='line_1_103' title="bbox 1059 2085 1839 2122; baseline -0.001 -9"><span class='ocrx_word' id='word_1_756' title='bbox 1059 2085 1241 2120; x_wconf 83' lang='grc' dir='ltr'>αγγέλλουσαι</span> <span class='ocrx_word' id='word_1_757' title='bbox 1253 2086 1311 2118; x_wconf 84' lang='grc' dir='ltr'>τοῖς</span> <span class='ocrx_word' id='word_1_758' title='bbox 1323 2087 1458 2122; x_wconf 80' lang='grc' dir='ltr'>μαθηταῐς</span> <span class='ocrx_word' id='word_1_759' title='bbox 1471 2094 1480 2103; x_wconf 88' lang='grc'>·</span> <span class='ocrx_word' id='word_1_760' title='bbox 1495 2086 1541 2114; x_wconf 71' lang='grc' dir='ltr'>καὶ</span> <span class='ocrx_word' id='word_1_761' title='bbox 1554 2087 1583 2113; x_wconf 88' lang='grc' dir='ltr'>αἱ</span> <span class='ocrx_word' id='word_1_762' title='bbox 1594 2086 1669 2114; x_wconf 77' lang='grc' dir='ltr'>κατὰ</span> <span class='ocrx_word' id='word_1_763' title='bbox 1683 2087 1728 2114; x_wconf 73' lang='grc' dir='ltr'><strong>τὸν</strong></span> <span class='ocrx_word' id='word_1_764' title='bbox 1739 2086 1839 2121; x_wconf 79' lang='grc' dir='ltr'>Μάρκον</span> 
     </span>
    </p>
   </div>
   <div class='ocr_carea' id='block_1_104' title="bbox 1059 2129 1838 2168">
    <p class='ocr_par' dir='ltr' id='par_1_104' title="bbox 1059 2129 1838 2168">
     <span class='ocr_line' id='line_1_104' title="bbox 1059 2129 1838 2168; baseline 0 -9"><span class='ocrx_word' id='word_1_765' title='bbox 1059 2132 1160 2167; x_wconf 82' lang='grc' dir='ltr'>ὁμοίως</span> <span class='ocrx_word' id='word_1_766' title='bbox 1186 2132 1216 2159; x_wconf 74' lang='grc' dir='ltr'><strong>έν</strong></span> <span class='ocrx_word' id='word_1_767' title='bbox 1234 2131 1328 2168; x_wconf 87' lang='grc' dir='ltr'>δρόμῳ</span> <span class='ocrx_word' id='word_1_768' title='bbox 1352 2132 1454 2166; x_wconf 80' lang='grc' dir='ltr'>ἔφυγον</span> <span class='ocrx_word' id='word_1_769' title='bbox 1476 2132 1530 2159; x_wconf 81' lang='grc' dir='ltr'>άπὸ</span> <span class='ocrx_word' id='word_1_770' title='bbox 1553 2131 1601 2159; x_wconf 86' lang='grc' dir='ltr'><strong>τοῦ</strong></span> <span class='ocrx_word' id='word_1_771' title='bbox 1618 2133 1751 2168; x_wconf 71' lang='grc' dir='ltr'>μνημείου</span> <span class='ocrx_word' id='word_1_772' title='bbox 1765 2139 1772 2147; x_wconf 90' lang='grc'><strong>·</strong></span> <span class='ocrx_word' id='word_1_773' title='bbox 1788 2129 1838 2158; x_wconf 71' lang='grc' dir='ltr'><strong>ἁλν</strong></span> 
     </span>
    </p>
   </div>
   <div class='ocr_carea' id='block_1_105' title="bbox 1059 2177 1839 2214">
    <p class='ocr_par' dir='ltr' id='par_1_105' title="bbox 1059 2177 1839 2214">
     <span class='ocr_line' id='line_1_105' title="bbox 1059 2177 1839 2214; baseline -0.003 -9"><span class='ocrx_word' id='word_1_774' title='bbox 1059 2179 1110 2214; x_wconf 82' lang='grc' dir='ltr'>οὐχ</span> <span class='ocrx_word' id='word_1_775' title='bbox 1133 2177 1221 2210; x_wconf 77' lang='grc' dir='ltr'>οὕτως</span> <span class='ocrx_word' id='word_1_776' title='bbox 1236 2177 1332 2206; x_wconf 78' lang='grc' dir='ltr'>ἐνθάδε</span> <span class='ocrx_word' id='word_1_777' title='bbox 1347 2178 1442 2214; x_wconf 86' lang='grc' dir='ltr'>δρόμῳ</span> <span class='ocrx_word' id='word_1_778' title='bbox 1464 2178 1643 2213; x_wconf 82' lang='grc' dir='ltr'>ὲμφαίνονται</span> <span class='ocrx_word' id='word_1_779' title='bbox 1661 2179 1815 2214; x_wconf 69' lang='grc' dir='ltr'>καθήμενοι,</span> <span class='ocrx_word' id='word_1_780' title='bbox 1826 2178 1839 2201; x_wconf 77' lang='grc' dir='ltr'>ὁ</span> 
     </span>
    </p>
   </div>
   <div class='ocr_carea' id='block_1_106' title="bbox 1060 2221 1838 2258">
    <p class='ocr_par' dir='ltr' id='par_1_106' title="bbox 1060 2221 1838 2258">
     <span class='ocr_line' id='line_1_106' title="bbox 1060 2221 1838 2258; baseline 0.006 -10"><span class='ocrx_word' id='word_1_781' title='bbox 1060 2222 1089 2248; x_wconf 78' lang='grc' dir='ltr'>δὲ</span> <span class='ocrx_word' id='word_1_782' title='bbox 1116 2221 1186 2257; x_wconf 75' lang='grc' dir='ltr'>πρὸς</span> <span class='ocrx_word' id='word_1_783' title='bbox 1210 2223 1244 2257; x_wconf 81' lang='grc' dir='ltr'><strong>τῇ</strong></span> <span class='ocrx_word' id='word_1_784' title='bbox 1270 2221 1386 2258; x_wconf 79' lang='grc' dir='ltr'>κεφαλῇ,</span> <span class='ocrx_word' id='word_1_785' title='bbox 1402 2222 1450 2249; x_wconf 69' lang='grc' dir='ltr'><strong>καὶ¹</strong></span> <span class='ocrx_word' id='word_1_786' title='bbox 1478 2223 1558 2254; x_wconf 76' lang='grc' dir='ltr'>ἄλλος</span> <span class='ocrx_word' id='word_1_787' title='bbox 1583 2222 1653 2258; x_wconf 71' lang='grc' dir='ltr'>πρός</span> <span class='ocrx_word' id='word_1_788' title='bbox 1681 2225 1737 2255; x_wconf 80' lang='grc' dir='ltr'>τοῖς</span> <span class='ocrx_word' id='word_1_789' title='bbox 1760 2221 1838 2252; x_wconf 62' lang='grc' dir='ltr'>ποσὶν,</span> 
     </span>
    </p>
   </div>
   <div class='ocr_carea' id='block_1_107' title="bbox 1061 2266 1838 2304">
    <p class='ocr_par' dir='ltr' id='par_1_107' title="bbox 1061 2266 1838 2304">
     <span class='ocr_line' id='line_1_107' title="bbox 1061 2266 1838 2304; baseline 0.006 -12"><span class='ocrx_word' id='word_1_790' title='bbox 1061 2267 1128 2293; x_wconf 67' lang='grc' dir='ltr'>ὅπου</span> <span class='ocrx_word' id='word_1_791' title='bbox 1155 2266 1246 2294; x_wconf 72' lang='grc' dir='ltr'>ἔκειτο</span> <span class='ocrx_word' id='word_1_792' title='bbox 1270 2266 1302 2294; x_wconf 76' lang='grc' dir='ltr'>τὸ</span> <span class='ocrx_word' id='word_1_793' title='bbox 1317 2268 1397 2301; x_wconf 85' lang='grc' dir='ltr'>σῶμα</span> <span class='ocrx_word' id='word_1_794' title='bbox 1410 2267 1458 2294; x_wconf 80' lang='grc' dir='ltr'>τοῦ</span> <span class='ocrx_word' id='word_1_795' title='bbox 1477 2267 1566 2300; x_wconf 87' lang='grc' dir='ltr'><strong>Ἰησοῦ</strong></span> <span class='ocrx_word' id='word_1_796' title='bbox 1576 2276 1583 2283; x_wconf 87' lang='grc'><strong>·</strong></span> <span class='ocrx_word' id='word_1_797' title='bbox 1596 2268 1643 2294; x_wconf 78' lang='grc' dir='ltr'>καὶ</span> <span class='ocrx_word' id='word_1_798' title='bbox 1658 2268 1685 2295; x_wconf 85' lang='grc' dir='ltr'><strong>οἰ</strong></span> <span class='ocrx_word' id='word_1_799' title='bbox 1701 2268 1750 2304; x_wconf 80' lang='grc' dir='ltr'>μὲν</span> <span class='ocrx_word' id='word_1_800' title='bbox 1761 2266 1838 2297; x_wconf 69' lang='grc' dir='ltr'><strong>ἐντὸς»</strong></span> 
     </span>
    </p>
   </div>
   <div class='ocr_carea' id='block_1_108' title="bbox 1059 2311 1659 2348">
    <p class='ocr_par' dir='ltr' id='par_1_108' title="bbox 1059 2311 1659 2348">
     <span class='ocr_line' id='line_1_108' title="bbox 1059 2311 1659 2348; baseline 0.002 -10"><span class='ocrx_word' id='word_1_801' title='bbox 1059 2312 1085 2338; x_wconf 88' lang='grc' dir='ltr'><strong>οἰ</strong></span> <span class='ocrx_word' id='word_1_802' title='bbox 1099 2311 1127 2338; x_wconf 75' lang='grc' dir='ltr'>δὲ</span> <span class='ocrx_word' id='word_1_803' title='bbox 1143 2311 1222 2344; x_wconf 78' lang='grc' dir='ltr'>ἐκτὸς</span> <span class='ocrx_word' id='word_1_804' title='bbox 1234 2312 1328 2339; x_wconf 79' lang='grc' dir='ltr'>ὲπάνω</span> <span class='ocrx_word' id='word_1_805' title='bbox 1346 2311 1394 2338; x_wconf 81' lang='grc' dir='ltr'>τοῦ</span> <span class='ocrx_word' id='word_1_806' title='bbox 1405 2312 1481 2339; x_wconf 82' lang='grc' dir='ltr'>λίθου</span> <span class='ocrx_word' id='word_1_807' title='bbox 1497 2313 1659 2348; x_wconf 81' lang='grc' dir='ltr'>καθήμενοι.</span> 
     </span>
    </p>
   </div>
   <div class='ocr_carea' id='block_1_109' title="bbox 1099 2355 1839 2394">
    <p class='ocr_par' dir='ltr' id='par_1_109' title="bbox 1099 2355 1839 2394">
     <span class='ocr_line' id='line_1_109' title="bbox 1099 2355 1839 2394; baseline -0.003 -10"><span class='ocrx_word' id='word_1_808' title='bbox 1099 2357 1142 2393; x_wconf 84' lang='grc' dir='ltr'><strong>ιβ’.</strong></span> <span class='ocrx_word' id='word_1_809' title='bbox 1158 2357 1191 2384; x_wconf 87' lang='grc' dir='ltr'>Τί</span> <span class='ocrx_word' id='word_1_810' title='bbox 1200 2355 1247 2385; x_wconf 83' lang='grc' dir='ltr'>οὖν</span> <span class='ocrx_word' id='word_1_811' title='bbox 1260 2357 1306 2385; x_wconf 82' lang='grc' dir='ltr'><strong>διὰ</strong></span> <span class='ocrx_word' id='word_1_812' title='bbox 1324 2357 1427 2384; x_wconf 80' lang='grc' dir='ltr'>τούτων</span> <span class='ocrx_word' id='word_1_813' title='bbox 1453 2358 1626 2394; x_wconf 82' lang='grc' dir='ltr'>μανθάνομεν</span> <span class='ocrx_word' id='word_1_814' title='bbox 1637 2368 1645 2392; x_wconf 88' lang='grc'>;</span> <span class='ocrx_word' id='word_1_815' title='bbox 1657 2359 1700 2386; x_wconf 83' lang='grc' dir='ltr'><strong>δτι</strong></span> <span class='ocrx_word' id='word_1_816' title='bbox 1722 2358 1745 2385; x_wconf 86' lang='grc' dir='ltr'><strong>οἰ</strong></span> <span class='ocrx_word' id='word_1_817' title='bbox 1765 2357 1839 2393; x_wconf 83' lang='grc' dir='ltr'>μήπω</span> 
     </span>
    </p>
   </div>
   <div class='ocr_carea' id='block_1_110' title="bbox 1059 2401 1839 2439">
    <p class='ocr_par' dir='ltr' id='par_1_110' title="bbox 1059 2401 1839 2439">
     <span class='ocr_line' id='line_1_110' title="bbox 1059 2401 1839 2439; baseline 0 -9"><span class='ocrx_word' id='word_1_818' title='bbox 1059 2403 1095 2430; x_wconf 79' lang='grc' dir='ltr'><strong>τὰ</strong></span> <span class='ocrx_word' id='word_1_819' title='bbox 1102 2403 1164 2430; x_wconf 82' lang='grc' dir='ltr'>θεῖα</span> <span class='ocrx_word' id='word_1_820' title='bbox 1173 2403 1373 2435; x_wconf 74' lang='grc' dir='ltr'>καταλαϐόντες</span> <span class='ocrx_word' id='word_1_821' title='bbox 1386 2403 1535 2439; x_wconf 82' lang='grc' dir='ltr'>μυστήρια,</span> <span class='ocrx_word' id='word_1_822' title='bbox 1545 2404 1584 2436; x_wconf 80' lang='grc' dir='ltr'>ὡς</span> <span class='ocrx_word' id='word_1_823' title='bbox 1594 2405 1729 2439; x_wconf 79' lang='grc' dir='ltr'>γηγενεῖς,</span> <span class='ocrx_word' id='word_1_824' title='bbox 1739 2401 1839 2430; x_wconf 72' lang='grc' dir='ltr'>δικαίως</span> 
     </span>
    </p>
   </div>
   <div class='ocr_carea' id='block_1_111' title="bbox 1059 2448 1837 2485">
    <p class='ocr_par' dir='ltr' id='par_1_111' title="bbox 1059 2448 1837 2485">
     <span class='ocr_line' id='line_1_111' title="bbox 1059 2448 1837 2485; baseline -0.004 -9"><span class='ocrx_word' id='word_1_825' title='bbox 1059 2449 1214 2485; x_wconf 76' lang='grc' dir='ltr'>τρέχουσιν,</span> <span class='ocrx_word' id='word_1_826' title='bbox 1230 2448 1268 2480; x_wconf 84' lang='grc' dir='ltr'><strong>ὡς</strong></span> <span class='ocrx_word' id='word_1_827' title='bbox 1287 2448 1334 2475; x_wconf 76' lang='grc' dir='ltr'>καὶ</span> <span class='ocrx_word' id='word_1_828' title='bbox 1350 2448 1456 2481; x_wconf 86' lang='grc' dir='ltr'>Παῦλός</span> <span class='ocrx_word' id='word_1_829' title='bbox 1479 2457 1575 2484; x_wconf 84' lang='grc' dir='ltr'>φησιν,</span> <span class='ocrx_word' id='word_1_830' title='bbox 1591 2449 1634 2476; x_wconf 77' lang='grc' dir='ltr'><strong>ἵνα</strong></span> <span class='ocrx_word' id='word_1_831' title='bbox 1645 2448 1820 2476; x_wconf 80' lang='grc' dir='ltr'>-καταλάόωσι</span> <span class='ocrx_word' id='word_1_832' title='bbox 1830 2453 1837 2461; x_wconf 94' lang='grc'><strong>·</strong></span> 
     </span>
    </p>
   </div>
   <div class='ocr_carea' id='block_1_112' title="bbox 1060 2492 1838 2532">
    <p class='ocr_par' dir='ltr' id='par_1_112' title="bbox 1060 2492 1838 2532">
     <span class='ocr_line' id='line_1_112' title="bbox 1060 2492 1838 2532; baseline -0.004 -11"><span class='ocrx_word' id='word_1_833' title='bbox 1060 2494 1130 2530; x_wconf 76' lang='grc' dir='ltr'>πρὸς</span> <span class='ocrx_word' id='word_1_834' title='bbox 1141 2494 1195 2530; x_wconf 87' lang='grc' dir='ltr'><strong>γὰρ</strong></span> <span class='ocrx_word' id='word_1_835' title='bbox 1209 2494 1239 2521; x_wconf 81' lang='grc' dir='ltr'>τὸ</span> <span class='ocrx_word' id='word_1_836' title='bbox 1255 2494 1424 2529; x_wconf 84' lang='grc' dir='ltr'>ποθούμενον</span> <span class='ocrx_word' id='word_1_837' title='bbox 1438 2496 1453 2522; x_wconf 94' lang='lat'><strong>6</strong></span> <span class='ocrx_word' id='word_1_838' title='bbox 1469 2496 1575 2532; x_wconf 87' lang='grc' dir='ltr'>τρέχων</span> <span class='ocrx_word' id='word_1_839' title='bbox 1595 2496 1704 2532; x_wconf 74' lang='grc' dir='ltr'>τρέχει·</span> <span class='ocrx_word' id='word_1_840' title='bbox 1721 2495 1760 2522; x_wconf 71' lang='grc' dir='ltr'>διὸ</span> <span class='ocrx_word' id='word_1_841' title='bbox 1780 2492 1838 2520; x_wconf 82' lang='grc' dir='ltr'>καθ-</span> 
     </span>
    </p>
   </div>
   <div class='ocr_carea' id='block_1_113' title="bbox 1060 2537 1838 2576">
    <p class='ocr_par' dir='ltr' id='par_1_113' title="bbox 1060 2537 1838 2576">
     <span class='ocr_line' id='line_1_113' title="bbox 1060 2537 1838 2576; baseline -0.005 -9"><span class='ocrx_word' id='word_1_842' title='bbox 1060 2540 1144 2575; x_wconf 83' lang='grc' dir='ltr'>ῆσθαι</span> <span class='ocrx_word' id='word_1_843' title='bbox 1157 2540 1282 2575; x_wconf 86' lang='grc' dir='ltr'>λέγονται</span> <span class='ocrx_word' id='word_1_844' title='bbox 1301 2540 1330 2566; x_wconf 80' lang='grc' dir='ltr'>ὲν</span> <span class='ocrx_word' id='word_1_845' title='bbox 1345 2540 1384 2575; x_wconf 87' lang='grc' dir='ltr'>τῷ</span> <span class='ocrx_word' id='word_1_846' title='bbox 1400 2541 1480 2576; x_wconf 81' lang='grc' dir='ltr'>τάφῳ</span> <span class='ocrx_word' id='word_1_847' title='bbox 1491 2541 1516 2567; x_wconf 90' lang='grc' dir='ltr'><strong>οἰ</strong></span> <span class='ocrx_word' id='word_1_848' title='bbox 1537 2542 1663 2575; x_wconf 79' lang='grc' dir='ltr'>πανάγιοι</span> <span class='ocrx_word' id='word_1_849' title='bbox 1679 2540 1793 2575; x_wconf 75' lang='grc' dir='ltr'>ἄγγελοι,</span> <span class='ocrx_word' id='word_1_850' title='bbox 1805 2537 1838 2568; x_wconf 73' lang='grc' dir='ltr'><strong>ὡς</strong></span> 
     </span>
    </p>
   </div>
   <div class='ocr_carea' id='block_1_114' title="bbox 1060 2585 1836 2621">
    <p class='ocr_par' dir='ltr' id='par_1_114' title="bbox 1060 2585 1836 2621">
     <span class='ocr_line' id='line_1_114' title="bbox 1060 2585 1836 2621; baseline 0 -9"><span class='ocrx_word' id='word_1_851' title='bbox 1060 2586 1112 2621; x_wconf 74' lang='grc' dir='ltr'>ήδη</span> <span class='ocrx_word' id='word_1_852' title='bbox 1125 2586 1307 2620; x_wconf 81' lang='grc' dir='ltr'>γινώσκοντες</span> <span class='ocrx_word' id='word_1_853' title='bbox 1318 2585 1352 2612; x_wconf 82' lang='grc' dir='ltr'><strong>τὰ</strong></span> <span class='ocrx_word' id='word_1_854' title='bbox 1364 2586 1425 2612; x_wconf 85' lang='grc' dir='ltr'>θεῖα</span> <span class='ocrx_word' id='word_1_855' title='bbox 1441 2586 1492 2621; x_wconf 87' lang='grc' dir='ltr'>τῆς</span> <span class='ocrx_word' id='word_1_856' title='bbox 1504 2586 1681 2618; x_wconf 80' lang='grc' dir='ltr'>ἀναστάσεως</span> <span class='ocrx_word' id='word_1_857' title='bbox 1695 2586 1821 2621; x_wconf 78' lang='grc' dir='ltr'>μυστήρια</span> <span class='ocrx_word' id='word_1_858' title='bbox 1830 2591 1836 2597; x_wconf 86' lang='grc'><strong><em>“</em></strong></span> 
     </span>
    </p>
   </div>
   <div class='ocr_carea' id='block_1_115' title="bbox 1060 2629 1838 2668">
    <p class='ocr_par' dir='ltr' id='par_1_115' title="bbox 1060 2629 1838 2668">
     <span class='ocr_line' id='line_1_115' title="bbox 1060 2629 1838 2668; baseline 0 -10"><span class='ocrx_word' id='word_1_859' title='bbox 1060 2631 1119 2659; x_wconf 82' lang='grc' dir='ltr'>ἀλλ’</span> <span class='ocrx_word' id='word_1_860' title='bbox 1134 2633 1148 2658; x_wconf 95' lang='lat'><strong>6</strong></span> <span class='ocrx_word' id='word_1_861' title='bbox 1163 2632 1213 2668; x_wconf 79' lang='grc' dir='ltr'>μὲν</span> <span class='ocrx_word' id='word_1_862' title='bbox 1226 2632 1296 2667; x_wconf 78' lang='grc' dir='ltr'>πρὸς</span> <span class='ocrx_word' id='word_1_863' title='bbox 1309 2633 1344 2668; x_wconf 80' lang='grc' dir='ltr'><strong>τῇ</strong></span> <span class='ocrx_word' id='word_1_864' title='bbox 1357 2632 1464 2668; x_wconf 80' lang='grc' dir='ltr'>κεφαλῇ</span> <span class='ocrx_word' id='word_1_865' title='bbox 1476 2632 1605 2668; x_wconf 79' lang='grc' dir='ltr'>κάθηται,</span> <span class='ocrx_word' id='word_1_866' title='bbox 1618 2633 1683 2665; x_wconf 81' lang='grc' dir='ltr'>ῐσως</span> <span class='ocrx_word' id='word_1_867' title='bbox 1690 2633 1727 2664; x_wconf 72' lang='grc' dir='ltr'>ὡς</span> <span class='ocrx_word' id='word_1_868' title='bbox 1738 2632 1770 2658; x_wconf 82' lang='grc' dir='ltr'>τὰ</span> <span class='ocrx_word' id='word_1_869' title='bbox 1780 2629 1838 2664; x_wconf 68' lang='grc' dir='ltr'><strong>ὑψη-</strong></span> 
     </span>
    </p>
   </div>
   <div class='ocr_carea' id='block_1_116' title="bbox 1061 2676 1836 2714">
    <p class='ocr_par' dir='ltr' id='par_1_116' title="bbox 1061 2676 1836 2714">
     <span class='ocr_line' id='line_1_116' title="bbox 1061 2676 1836 2714; baseline 0.003 -10"><span class='ocrx_word' id='word_1_870' title='bbox 1061 2677 1160 2713; x_wconf 87' lang='grc' dir='ltr'>λότερα</span> <span class='ocrx_word' id='word_1_871' title='bbox 1178 2678 1354 2714; x_wconf 82' lang='grc' dir='ltr'>μεμυημένος</span> <span class='ocrx_word' id='word_1_872' title='bbox 1368 2679 1506 2714; x_wconf 77' lang='grc' dir='ltr'>μυστήρια</span> <span class='ocrx_word' id='word_1_873' title='bbox 1518 2687 1525 2694; x_wconf 93' lang='grc'><strong>·</strong></span> <span class='ocrx_word' id='word_1_874' title='bbox 1543 2680 1558 2705; x_wconf 85' lang='grc' dir='ltr'><strong>ὁ</strong></span> <span class='ocrx_word' id='word_1_875' title='bbox 1573 2679 1601 2705; x_wconf 82' lang='grc' dir='ltr'>δὲ</span> <span class='ocrx_word' id='word_1_876' title='bbox 1624 2679 1691 2714; x_wconf 73' lang='grc' dir='ltr'>πρ¹ις</span> <span class='ocrx_word' id='word_1_877' title='bbox 1705 2679 1759 2708; x_wconf 73' lang='grc' dir='ltr'>τοῖς</span> <span class='ocrx_word' id='word_1_878' title='bbox 1773 2676 1836 2706; x_wconf 62' lang='grc' dir='ltr'>ποσὶ.</span> 
     </span>
    </p>
   </div>
   <div class='ocr_carea' id='block_1_117' title="bbox 1061 2719 1838 2761">
    <p class='ocr_par' dir='ltr' id='par_1_117' title="bbox 1061 2719 1838 2761">
     <span class='ocr_line' id='line_1_117' title="bbox 1061 2719 1838 2761; baseline -0.005 -11"><span class='ocrx_word' id='word_1_879' title='bbox 1061 2724 1131 2759; x_wconf 88' lang='grc' dir='ltr'>τάχα</span> <span class='ocrx_word' id='word_1_880' title='bbox 1143 2723 1197 2752; x_wconf 82' lang='grc' dir='ltr'><strong>τῶν</strong></span> <span class='ocrx_word' id='word_1_881' title='bbox 1209 2724 1373 2761; x_wconf 84' lang='grc' dir='ltr'>κατωτέρων</span> <span class='ocrx_word' id='word_1_882' title='bbox 1388 2724 1470 2752; x_wconf 84' lang='grc' dir='ltr'>τινῶν</span> <span class='ocrx_word' id='word_1_883' title='bbox 1483 2725 1642 2761; x_wconf 81' lang='grc' dir='ltr'>μυστηρίων</span> <span class='ocrx_word' id='word_1_884' title='bbox 1653 2724 1699 2752; x_wconf 78' lang='grc' dir='ltr'>καὶ</span> <span class='ocrx_word' id='word_1_885' title='bbox 1707 2719 1838 2751; x_wconf 73' lang='grc' dir='ltr'>διακονιῶν</span> 
     </span>
    </p>
   </div>
  </div>
