1921 3073
91 160 147 194 ’145

568 157 708 190 ORATIO
725 158 812 189 VL—
827 152 868 188 ΙΝ
888 157 1052 189 SANCTOS
1073 159 1253 190 ANGELOS.

1671 164 1724 197 7w

92 214 250 251 λειτουργὸς
263 213 405 249 γινόμενος
415 222 422 230 ο
436 214 484 242 καὶ
495 215 519 240 οἱ
533 214 582 249 μὲν
590 213 708 249 ὁρῶντες
722 214 760 245 ὡς
768 213 802 240 τὰ
813 222 881 248 κρυ-

942 218 1001 248 ]υοι
1024 215 1216 249 mysteriorum
1235 219 1317 249 atque
1338 214 1487 244 oliiciorum
1505 218 1629 246 minister
1641 225 1701 248 erat
1714 230 1723 246 ι

93 261 213 297 πτότερα
231 260 443 291 διασκοποῦντες
459 259 600 295 θαυμάσια
625 260 675 294 τῆς
698 260 824 294 θεότητος
835 267 842 274 ·
858 260 883 285 οἱ

92 307 122 334 δὲ
135 308 225 338 ἐκτὸς,
243 306 308 338 ἴσως
320 306 358 338 ὡς
368 306 400 333 τὸ
410 306 460 340 τῆς
479 305 644 340 σαρκώσεως
658 305 776 341 Χριστοῦ
793 305 885 339 Θαῦμα

92 353 276 389 κηρύττοντες
287 359 294 367 ’
312 353 359 379 καὶ
369 351 449 383 ἄλλος
461 352 491 378 ὲν
504 353 562 383 τοῖς
580 351 677 384 δεξιοῖς
690 351 817 386 κάθηται,
831 351 883 385 ψυ-

93 398 151 432 χῶν
165 397 280 424 δικαίων
291 397 340 423 καὶ
365 396 462 430 δεξιῶν
486 395 554 422 Θεοῦ
579 396 759 431 μυσταγωγὸς
775 395 885 430 γινόμε-

93 450 161 474 νος·
180 442 249 469 ἀλλὰ
274 442 323 468 καὶ
353 441 502 468 νεανίσκων
533 442 689 476 προσώποις
718 440 885 476 ὼραῐσμένοι

93 489 223 524 ὁρῶνται,
244 488 299 513 τῶν
325 487 475 513 νεανίσκων
496 487 543 513 καὶ
566 486 728 521 άθραύστων
749 487 797 513 καὶ
816 486 885 520 ἀγη-

97 535 187 570 ράτων
201 534 248 560 καὶ
268 532 427 568 ἀφθάρτων,
442 532 490 559 καὶ
510 532 540 558 τὸ
563 531 693 563 εὐσταλὲς
707 531 754 558 καὶ
772 531 885 566 φιλάρε-

93 588 141 605 τον
152 579 203 613 τῆς
218 578 322 605 ἑαυτῶν
336 577 444 612 φύσεως
459 577 528 612 πρὸς
544 577 610 603 Θεὸν
622 577 665 604 διὰ
679 578 728 612 τῆς
743 584 885 604 νεανισκο-

95 624 198 659 φανοῦς
212 623 393 658 αἰνιττόμενοι
421 622 515 658 ὥρας⁸
537 622 600 649 ὅθεν
626 623 672 649 καὶ
694 623 724 648 ὲν
740 622 886 656 ἐσθήσεσιν

96 669 335 705 ἀστραπτούσαις,
350 668 419 704 ὁμοῦ
434 677 464 694 τε
478 668 522 695 ἴνα
536 668 644 700 δείξωσι
658 667 689 694 τὺ
699 667 825 703 λαμπρὸν
839 666 887 693 καὶ

95 714 212 741 ἄσπιλον
227 714 276 739 καὶ
288 712 420 748 ἐρωτικὸν
436 713 486 747 τῆς
499 712 619 746 Χριστοῦ
633 711 819 742 ἀναστάσεως,
837 711 886 738 καὶ

94 759 125 785 τὸ
139 758 263 794 άρρυπον
279 758 326 784 καὶ
349 757 452 788 ἀπαθὲς
475 758 523 783 καὶ
541 757 710 791 ἀκηλίδωτον
731 756 822 791 χάριτι
837 756 886 790 τῆς

95 804 202 831 ἑαυτῶν
227 803 353 838 φύσεως·
370 803 430 829 ἐπεὶ
460 802 515 838 γὰρ
541 802 668 838 δεύτερον
694 802 753 837 φῶς
773 801 843 836 μετὰ
856 801 887 827 τὸ

95 849 216 885 πρῶτον,
233 849 246 875 ὃ
262 849 321 874 ἐστι
331 848 360 874 τὸ
371 847 429 882 φῶς
440 847 494 874 τῶν
510 847 617 882 φώτων,
629 847 738 881 λέγεται
750 847 865 881 ἄγγελος
879 855 885 861 ’

938 263 965 286 et
978 259 1024 286 alii
1041 259 1151 293 quidem
1169 263 1324 294 spectantes
1337 279 1344 292 .
1361 261 1440 296 quasi
1456 264 1603 292 secretiora
1620 265 1724 294 riman-

937 308 978 331 tes
990 305 1113 340 prodigia
1125 305 1277 332 divinitatis
1291 313 1298 332 :
1323 305 1369 332 alii
1384 310 1459 334 extra
1471 326 1478 339 ,
1498 307 1615 337 fortasse
1629 316 1724 346 utpote

936 350 1135 377 incarnationis
1161 350 1262 378 Christi
1285 351 1439 386 prodigium
1465 353 1643 387 praedicantes
1663 364 1671 383 :
1695 361 1723 385 et

936 396 1006 424 alius
1021 396 1048 423 in
1062 396 1173 424 dextera
1187 399 1264 430 parte
1287 396 1380 430 sedet,
1405 398 1468 432 quia
1488 400 1624 433 iustarum
1645 406 1673 429 et
1693 403 1722 430 in

936 441 1047 470 dextera
1074 441 1123 469 Dei
1149 441 1374 469 collocandarum
1399 443 1554 472 animarum
1580 447 1721 482 magister.

937 487 990 515 Sed
1003 493 1030 515 et
1042 488 1255 515 adolescentium
1269 489 1446 523 pulchrorum
1461 489 1557 518 formis
1570 491 1663 520 decori
1675 499 1723 528 ap-

936 537 1050 568 parent,
1065 533 1278 561 adolescentium
1292 553 1300 565 ,
1318 535 1429 569 inquam
1442 555 1449 566 ,
1465 529 1702 571 integerrimorum
1712 557 1721 571 ο

936 577 1005 605 senii
1021 581 1048 604 et
1062 578 1226 612 corruptelae
1238 580 1406 614 expertium,
1421 581 1468 615 qui
1485 587 1655 611 constantem
1671 590 1722 612 na-

936 625 1004 649 tura:
1019 629 1077 650 sua:
1090 631 1154 657 erga
1169 623 1254 651 Deum
1270 625 1409 658 virtutem,
1423 626 1536 660 juvenili
1552 628 1722 659 formositate

936 666 1092 702 designant.
1106 667 1194 700 Quare
1213 672 1239 695 et
1254 668 1374 696 vestibus
1389 675 1521 704 apparent
1536 671 1702 707 fulgentibus
1713 692 1720 706 .

937 714 967 737 ut
997 711 1079 738 simul
1108 711 1296 740 demonstrent
1319 713 1498 748 splendidam,
1517 716 1721 747 immaculatam

936 756 1137 791 amabilemque
1147 757 1248 785 Christi
1260 755 1468 787 resurrectionis
1478 762 1595 796 speciem
1605 772 1611 795 ;
1627 769 1654 791 et
1665 765 1722 792 col-

937 799 1019 826 latam
1041 800 1162 834 ipsorum
1185 807 1290 829 natura).
1308 810 1323 830 a
1343 803 1433 831 divina
1443 806 1531 839 gratia
1544 807 1721 842 munditiem.

938 844 1198 879 impassibiiitatem,
1215 851 1297 881 atque
1309 847 1527 882 impeccantiam.
1546 851 1652 880 Etenim
1678 862 1722 882 se-

94 895 192 922 τούτου
209 895 290 930 χάριν
307 894 354 921 καὶ
370 894 513 929 ἐσθήσεσιν
529 893 762 929 ἀστραπτούσαις.
782 893 830 920 καὶ
849 892 887 924 ὡς

942 890 1058 917 cundum
1074 891 1166 918 lumen
1187 897 1248 926 post
1270 894 1388 928 primum
1401 915 1409 926 ,
1435 895 1508 929 quod
1528 901 1571 924 est
1587 898 1721 926 luminum

93 942 233 977 ἀστραπὴ,
252 941 300 966 καὶ
313 941 351 971 ὡς
372 940 439 975 χιὼν
455 941 480 966 oi
500 940 626 976 πανίεροι
643 937 716 966 οὗτοι
741 940 886 975 φωστῆρες

93 988 152 1018 τοῖς
167 986 255 1018 ἀξίοις
268 985 447 1019 ὲμφαὶνονται
460 992 468 999 ·
484 985 513 1012 ἐν
531 982 572 1016 οἷς
587 985 617 1010 οὐ
634 985 765 1019 πάρεστιν
773 985 803 1010 ού
815 984 886 1018 χρῶ-

96 1042 146 1068 μα,
167 1032 197 1059 οὐ
213 1031 301 1066 σῶμα,
317 1031 348 1057 οὺ
368 1030 513 1065 πτέρυγες,
528 1031 578 1056 οὐκ
591 1031 719 1065 ὲνπηχεϊς
732 1029 885 1065 βραχίονες,

94 1078 126 1104 οὐ
147 1076 307 1111 θριξοφόρος
330 1075 448 1110 κορυφὴ,
473 1075 523 1101 οὐκ
547 1074 640 1109 ὄρθιον
659 1074 815 1108 ἀνάστημα,
833 1073 887 1100 οὐδ’

94 1123 165 1153 ὅλως
178 1131 205 1148 τι
232 1122 287 1148 τῶν
303 1121 374 1147 κατὰ
395 1121 445 1155 τὴν
461 1120 552 1146 ἒνυλον
567 1119 713 1154 ὁρωμένων
727 1120 745 1155 ἢ
759 1120 886 1154 κινουμέ-

95 1177 149 1195 νων
166 1167 257 1201 φύσιν.
274 1165 306 1192 Εἰ
324 1165 453 1196 πολλάκις
466 1165 495 1191 ἐν
512 1165 598 1196 θείαις
623 1164 768 1196 ὀπτασίαις
780 1164 887 1199 ἀνθρω-

96 1213 246 1248 πομόρφως
268 1210 457 1246 ἐπιφαίνεσθαι
481 1209 616 1244 λέγονται,
652 1209 709 1236 ἀλλ’
732 1209 786 1236 οὐδ’
802 1210 888 1241 αὑτὰς

95 1259 198 1290 ταύτας
213 1259 245 1289 a;
259 1258 447 1293 περικείμενοι
459 1256 657 1292 προσηγορίας,
670 1257 719 1291 τῆς
727 1256 830 1283 τούτων
841 1256 887 1282 οὺ-

97 1304 159 1335 σὶας
183 1303 356 1337 σημαντικὰς
382 1302 584 1337 ὑπειλήφαμεν,
608 1301 676 1328 ἀλλὰ
698 1301 766 1336 πρὸς
788 1301 837 1333 τὰς
849 1302 888 1327 ol-

96 1350 175 1381 κείας
195 1349 298 1384 μᾶλλον
311 1348 452 1383 ἐνεργείας
477 1349 509 1374 ὲκ
528 1347 607 1381 Θεοῦ,
622 1348 668 1374 καὶ
685 1347 740 1374 τῶν
755 1347 888 1381 θεολόγων

96 1394 203 1430 ἀνδρῶν
221 1394 386 1429 ἐκομίσαντο
398 1402 404 1408 ·
422 1386 469 1420 καί
485 1402 516 1427 γε
525 1393 628 1427 ὤφελον
639 1401 645 1408 ·
662 1393 708 1420 καὶ
717 1393 841 1428 γὰρὲμοί
857 1401 889 1427 γε.

97 1442 250 1468 antemnam
260 1439 357 1471 οὓτως.
365 1439 504 1473 Ἄγγελοι,
511 1438 783 1473 ὼςάγγέλλοντεςὰνθ
789 1437 889 1474 ρώποις

95 1487 131 1513 τὰ
142 1486 203 1513 θεῖα
212 1485 382 1521 βουλεύματα
394 1485 441 1512 καὶ
450 1484 561 1511 ἄλλοθεν
569 1484 888 1519 άγοντες.Ἀρχάγγελοι,

97 1533 142 1559 ῑνα
158 1533 190 1559 σὺ
201 1532 289 1566 μάθῃς
297 1531 344 1557 καὶ
352 1531 380 1557 ὲν
393 1529 549 1566 ἀνθρώποις
559 1530 636 1562 τάξιν
650 1531 697 1556 καὶ
710 1530 887 1562 κατάστασιν,

96 1576 132 1613 ἧς
155 1577 242 1608 τύπος
275 1576 324 1603 καὶ
351 1576 368 1611 ή
399 1575 554 1610 Ἐκκλησία
582 1575 763 1610 καθέστηκεν.
794 1575 890 1610 Ἀρχαὶ

97 1623 126 1651 δὲ
148 1623 230 1650 πάλιν
255 1621 390 1655 λέγονται.
407 1620 444 1652 ὡς
455 1620 619 1655 ὲξάρχουσαι
634 1621 702 1655 πρὸς
716 1621 891 1648 διδασκαλίαν

99 1668 147 1695 aut
162 1666 304 1702 φωτισμὸν
325 1666 379 1692 τῶν
393 1665 540 1701 κατωτέρω
552 1666 781 1700 προσταγμάτων.
794 1665 886 1697 Ἐξού-

101 1714 170 1744 σίαι,
182 1711 221 1743 ὡς
229 1711 357 1746 βασιλικὰ
368 1710 416 1737 καὶ
435 1710 584 1737 δεσποτικὰ
601 1711 790 1745 περικείμεναι
808 1711 891 1743 esid)-

101 1765 186 1793 ματα.
205 1756 353 1790 Δυνάμεις,
363 1755 401 1786 ὠς
415 1756 508 1790 χάριτι
520 1755 610 1788 πάσης
623 1754 765 1786 ἀσθενείας
779 1756 827 1781 καὶ
837 1756 891 1782 πά-

101 1804 165 1835 θους
181 1804 229 1830 καὶ
247 1801 364 1828 θανάτου
374 1801 521 1835 ἁνώτεραι.
537 1799 644 1834 Θρόνοι,
664 1800 701 1832 ὡς
721 1802 892 1828 ὲπαναπαυο-

102 1849 184 1884 μένου
196 1847 244 1874 τοῦ
261 1846 329 1873 Θεοῦ
348 1847 382 1881 τῇ
403 1845 506 1872 τούτων
521 1845 644 1879 πολιτείᾳ
661 1845 708 1871 καὶ
722 1845 890 1880 λειτουργίᾳ.

101 1894 280 1930 κυριότητες,
301 1892 339 1924 ὡς
357 1891 610 1927 ὲμπεπιστευμέναι
630 1891 682 1917 ὑπὸ
706 1891 754 1918 τοῦ
770 1891 838 1917 Θεοῦ
851 1892 892 1922 εἰς

101 1940 233 1975 πρόνοιαν
248 1941 296 1965 καὶ
308 1936 445 1972 σωτηρίαν
463 1936 511 1963 καὶ
529 1936 714 1971 χειραγωγίαν
732 1936 772 1971 τῷ
787 1936 893 1971 ἀνθρω-

101 1987 173 2021 πίνῳ
191 1985 275 2019 γένει,
291 1984 339 2010 καὶ
353 1983 390 2014 ὡς
407 1982 553 2009 ἀδούλωτοι
573 1982 664 2017 χάριτι
688 1981 779 2016 πάσης
800 1982 892 2008 λοιπὸν

101 2030 245 2068 ὲμπαθοῦς
259 2030 394 2064 κινήσεως
418 2028 465 2054 καὶ
483 2027 658 2058 ἐκπτώσεως.
673 2027 811 2062 Σεραφὶμ,
823 2028 893 2062 ὅπερ

101 2080 135 2114 τῇ
153 2076 290 2111 Ἐβραίων
303 2075 380 2109 φωνῇ
392 2074 516 2109 πύρωσις
535 2072 726 2108 ἑρμηνεύεται,
742 2072 780 2105 ὡς
792 2073 893 2108 ἐτέρων

102 2121 272 2158 καθαρτικαὶ
293 2120 341 2148 καὶ
362 2119 526 2154 φωτιστικαὶ
550 2119 640 2145 οὐσίαι
662 2119 846 2154 τυγχάνουσι·
859 2120 893 2146 τὰ

102 2169 130 2196 δὲ
144 2168 274 2196 ἀνώτατα
293 2167 404 2193 πάντων
421 2165 468 2192 καὶ
484 2165 634 2199 πλησιόθεα
650 2165 792 2200 Χερουϐὶμ
802 2185 809 2197 ,
825 2166 893 2201 ὅπερ

102 2214 185 2242 πάλιν
197 2212 299 2248 πλῆθος
309 2211 493 2247 ἑρμηνεύεται
505 2210 643 2245 γνώσεως.

140 2345 185 2382 ιγ’.
201 2345 311 2380 Ταύτην
322 2345 387 2380 ἡμῖν
400 2346 414 2372 ὁ
422 2345 640 2381 ἀρχιστράτηγος
652 2345 707 2373 τῶν
716 2344 840 2380 ἀγγέλων
849 2347 895 2382 σή-

106 2401 190 2428 μερον
199 2391 265 2426 περὶ
275 2391 398 2425 ἀγγέλων
406 2391 492 2417 εἰπεῖν
512 2391 671 2426 ὑφηγήσατο
683 2399 690 2407 ·
706 2389 786 2418 αὗταί
796 2401 826 2418 τε
839 2392 896 2419 τῶν

105 2437 261 2473 ἀσωμάτων
268 2436 454 2468 ὲννέατάξεις,
465 2436 510 2463 καὶ
520 2436 620 2472 δεκάτη
628 2437 642 2462 ὁ
655 2436 798 2472 ἄνθρωπος
810 2445 816 2452 ·
826 2437 895 2464 εἰσιν

106 2484 152 2511 οὖν
161 2483 229 2510 δέκα
239 2482 355 2516 τάξειςῆ
370 2481 502 2517 δραχμαὶ,
514 2482 578 2517 περὶ
594 2479 631 2508 ὧν
649 2491 730 2517 φησιν
742 2484 755 2510 ὁ
767 2484 893 2518 Χριστός.

110 2539 120 2555 ι
131 2529 213 2559 Εττις
225 2528 293 2562 γυνὴ
303 2527 401 2562 ἔχουσα
408 2526 533 2562 δραχμὰς
547 2527 624 2560 δέκα,
635 2528 682 2554 ἐὰν
703 2528 822 2563 ἀπολέσῃ
832 2529 896 2562 μίαν

108 2575 136 2608 ἐξ
146 2574 250 2606 αὐτῶν,
257 2572 321 2599 οὐδὲ
330 2572 422 2606 ἅψασα
431 2572 526 2607 λύχνον
537 2572 704 2607 ἀναζητήσει
715 2573 817 2608 ταύτην
829 2582 836 2605 ;
850 2573 898 2599 καὶ

108 2620 155 2646 ἐὰν
163 2618 244 2654 εὕρῃ,
259 2618 435 2651 συγκαλεῖται
446 2618 495 2648 τὰς
504 2617 583 2652 φίλας
591 2619 635 2644 καὶ
645 2618 695 2650 τὰς
706 2619 839 2652 γείτονας,
855 2619 897 2645 λέ-

108 2673 205 2699 γουσα,
230 2663 390 2699 Συγχάρητέ
419 2672 463 2697 μοι
478 2664 518 2690 ὅτι
546 2661 628 2699 ηὗρον
651 2664 700 2699 τὴν
723 2664 849 2700 δραχμὴν
866 2664 899 2700 ἢν

109 2710 239 2738 ἀπώλεσα
254 2717 261 2724 ·
281 2718 290 2734 ι
309 2710 326 2744 ἦ
337 2718 378 2740 τις
390 2706 424 2744 ἧν
433 2710 480 2735 καὶ
493 2710 522 2735 τὸ
536 2710 671 2745 πρόϐατον
681 2711 711 2736 τὸ
721 2710 859 2742 ἀπολωλὸς
868 2711 900 2736 ὲκ

109 2757 163 2785 τῶν
194 2755 452 2791 ἐννενηκονταεννέα
476 2755 531 2781 τῶν
555 2756 592 2790 μὴ
614 2756 809 2783 ἀπολωλότων·
829 2758 898 2791 ὅπερ

110 2803 125 2830 ὸ
136 2802 237 2837 ποιμὴν
254 2801 268 2826 ὁ
281 2801 364 2833 καλὸς
391 2801 438 2827 καὶ
459 2801 559 2835 ἀγαθὸς
580 2803 626 2828 καὶ
645 2801 834 2837 φιλάνθρωπος
849 2802 899 2837 οὐχ

113 2848 263 2882 ὑπερεῖδεν,
284 2846 343 2874 ἀλλ’
359 2845 521 2882 ἀνεζήτησε,
549 2849 597 2873 καὶ
622 2847 709 2883 εὑρὼν
732 2849 777 2875 ἐπὶ
796 2848 829 2875 τὰ
847 2848 897 2883 ὅρη

278 2894 413 2923 ΡΑτιιοῐι.
430 2894 489 2922 Gn.
505 2893 603 2923 XCIX.

937 935 1041 968 lumen,
1058 936 1159 964 dicitur
1176 945 1236 965 esse
1249 939 1372 973 angelus.
1392 939 1538 975 Propterea
1553 947 1580 970 et
1595 943 1621 970 in
1640 945 1722 972 vesti-

937 980 988 1008 bus
1002 981 1169 1015 splendidis,
1185 988 1212 1010 et
1230 984 1313 1010 veluti
1328 983 1433 1019 fulgur,
1454 990 1501 1013 aut
1516 987 1579 1020 nix,
1603 989 1661 1017 haec
1676 998 1723 1018 sa-

937 1026 1092 1053 cratissima
1107 1027 1253 1054 luminaria
1266 1028 1355 1063 dignis
1368 1033 1501 1064 apparent
1515 1039 1521 1057 :
1539 1032 1640 1066 quibus
1655 1034 1724 1061 alios

937 1072 984 1106 qui
999 1079 1087 1107 neque
1103 1073 1179 1100 color
1191 1079 1249 1105 est,
1266 1082 1355 1108 neque
1370 1083 1479 1110 corpus,
1496 1084 1584 1112 neque
1599 1078 1658 1111 alat,
1674 1087 1724 1107 ne-

937 1124 990 1152 que
1004 1117 1118 1145 brachia
1134 1119 1176 1146 vel
1191 1119 1275 1146 cubiti
1288 1140 1295 1152 ,
1313 1127 1402 1155 neque
1416 1122 1516 1148 eomati
1530 1123 1656 1157 vertices,
1673 1132 1722 1152 ne-

937 1171 991 1198 que
1010 1169 1100 1191 erecta
1120 1169 1241 1197 statura,
1257 1173 1345 1200 neque
1361 1166 1435 1194 aliud
1456 1167 1606 1202 quidquam
1627 1178 1661 1197 ex
1681 1171 1724 1199 hil

938 1217 997 1243 quae
1017 1209 1043 1236 in
1061 1210 1195 1237 materiali
1217 1216 1314 1238 natura
1330 1216 1481 1239 cernuntur
1496 1218 1544 1240 aut
1566 1219 1722 1243 moventur.

939 1254 972 1281 Et
995 1263 1154 1290 quanquam
1177 1264 1248 1291 saepe
1268 1257 1296 1284 in
1315 1257 1416 1285 divinis
1434 1259 1587 1287 visionibus
1604 1260 1723 1288 humana

939 1300 1030 1335 specie
1041 1308 1172 1335 apparere
1187 1301 1326 1334 dicuntur,
1339 1310 1394 1329 non
1405 1306 1494 1330 tamen
1511 1303 1559 1331 has
1570 1304 1644 1339 ipsas
1655 1313 1726 1340 quas

939 1348 1036 1378 gerunt
1053 1345 1260 1379 appellationes,
1272 1350 1366 1372 eorum
1386 1347 1546 1374 substantiae
1565 1348 1725 1382 signiﬁcati-

939 1396 987 1416 vas
1005 1394 1132 1423 putamus
1145 1410 1151 1422 ,
1173 1390 1220 1417 sed
1239 1397 1286 1417 eas
1307 1391 1399 1426 potius
1418 1399 1432 1418 a
1452 1393 1571 1427 propriis
1589 1394 1635 1421 Dei
1656 1399 1724 1423 nutu

940 1436 1144 1470 operationibus
1154 1456 1161 1467 ,
1174 1440 1256 1471 atque
1280 1444 1295 1463 a
1313 1437 1448 1473 theologis
1465 1439 1621 1468 hominibus
1636 1440 1726 1470 sdrtiti

941 1486 1013 1508 sunt.
1031 1481 1064 1508 Et
1082 1482 1191 1516 quidem
1215 1482 1252 1508 ita
1273 1482 1332 1509 ﬁeri
1355 1483 1487 1518 oportuit.
1513 1483 1581 1512 Nam
1599 1494 1703 1514 meeum
1717 1507 1725 1518 .

941 1535 1034 1562 quasso
1044 1547 1051 1559 ,
1067 1527 1220 1554 considera.
1246 1527 1341 1563 Angeii
1357 1528 1487 1563 (nuntii)
1501 1530 1629 1558 dicuntur
1639 1549 1647 1563 ,
1662 1533 1727 1567 quia

942 1573 1070 1599 nuntiant
1097 1572 1253 1600 hominibus
1276 1573 1367 1600 divina
1392 1575 1504 1602 consilia
1521 1594 1529 1608 ,
1561 1580 1588 1603 et
1616 1576 1728 1605 aliunde

941 1617 1066 1644 all'erunt.
1083 1617 1246 1652 Archnugeii
1259 1639 1266 1650 ,
1283 1622 1312 1645 ut
1324 1618 1415 1647 discas
1435 1620 1461 1646 in
1480 1620 1639 1649 hominibus
1659 1629 1728 1657 qum

941 1671 994 1698 que
1017 1663 1196 1691 constitutum
1216 1663 1338 1690 ordinem
1368 1671 1429 1692 esse
1454 1664 1568 1697 debere,
1590 1667 1669 1700 cujus
1688 1667 1727 1694 rei

942 1713 1021 1743 typus
1034 1708 1154 1735 Ecclesia
1169 1712 1220 1735 est.
1234 1707 1405 1743 Priueipatus
1416 1710 1479 1737 item
1496 1710 1633 1744 dicuntur,
1648 1713 1729 1747 quasi

941 1754 1078 1789 principes
1095 1754 1129 1781 ad
1143 1753 1327 1788 magisterium
1349 1758 1376 1781 et
1403 1755 1632 1784 iiiuminatiouem
1653 1757 1730 1785 ordi«

942 1808 1007 1828 num
1021 1799 1192 1828 inferiorum.
1209 1799 1369 1831 Potestates,
1386 1803 1415 1826 ut
1432 1801 1515 1835 regali
1535 1800 1730 1837 dominieaque

942 1846 1073 1881 dignitate
1088 1844 1204 1879 praediti.
1221 1844 1360 1876 Virtutes,
1373 1849 1403 1871 ut
1418 1846 1513 1880 gratiae
1528 1846 1662 1875 beneﬂcio
1678 1855 1728 1875 cu-

940 1891 1052 1926 juslibet
1071 1890 1253 1922 inﬁrmitatis,
1275 1889 1411 1924 passionis
1423 1897 1455 1918 ac
1471 1891 1567 1919 mortis
1579 1892 1728 1920 immunes.

942 1937 1044 1964 Throni
1056 1955 1065 1971 ,
1083 1944 1132 1963 ceu
1149 1935 1205 1963 Deo
1221 1936 1248 1962 in
1266 1936 1364 1962 horum
1383 1938 1591 1965 conversatione
1606 1942 1633 1965 et
1647 1938 1730 1965 mini-

943 1984 1028 2012 sterio
1045 1982 1213 2010 considente.
1230 1981 1438 2009 Dominationes
1451 2002 1459 2014 ,
1476 1990 1526 2010 ceu
1542 1983 1643 2018 quibus
1660 1985 1731 2013 Deus

943 2029 1082 2056 commisit
1100 2035 1205 2060 curam,
1224 2028 1350 2060 salutem,
1367 2028 1601 2064 directionemque
1618 2030 1730 2057 humani

944 2076 1063 2111 generis,
1079 2080 1106 2102 et
1118 2074 1183 2110 quia
1198 2074 1292 2109 gratim,
1308 2073 1440 2100 beneﬁcio
1458 2081 1598 2108 nunquam
1612 2075 1732 2103 servient

944 2121 992 2148 uili
1012 2120 1171 2155 passionum
1190 2119 1274 2146 motui
1298 2122 1326 2145 et
1352 2118 1453 2153 lapsui.
1470 2118 1614 2154 Seraphim
1628 2138 1636 2151 .
1658 2120 1731 2155 quod

946 2175 1045 2195 nomen
1059 2166 1086 2193 in
1103 2166 1280 2193 Hebraeorum
1300 2164 1393 2199 lingua
1415 2164 1522 2200 igneam
1542 2166 1733 2193 accensionem

908 2229 934 2258 ι)
947 2213 1159 2247 interpretamur
1169 2231 1177 2243 ,
1192 2216 1323 2245 tanquam
1340 2209 1456 2236 aliorum
1470 2211 1620 2245 purgativaz
1632 2215 1658 2238 et
1670 2211 1734 2238 iliu-

949 2258 1103 2286 minatoriae
1127 2256 1296 2284 substantiae.
1316 2254 1463 2283 Cherubim
1479 2273 1486 2286 ,
1510 2255 1583 2289 quod
1607 2255 1672 2282 item
1687 2264 1735 2283 vo-

948 2304 1074 2332 cabulum
1091 2303 1303 2336 interpretamur
1322 2300 1518 2335 plenitudinem
1532 2300 1662 2328 scientiae.
1690 2302 1696 2306 '

984 2349 1028 2376 15.
1046 2348 1121 2375 Hauc
1135 2347 1214 2374 nobis
1230 2346 1310 2373 hodie
1321 2345 1464 2372 materiam
1481 2352 1605 2372 summus
1616 2344 1670 2372 dux
1686 2352 1737 2373 an-

949 2395 1071 2430 gelorum
1090 2401 1122 2420 ex
1137 2393 1193 2419 aito
1208 2391 1307 2419 obtulit
1323 2390 1429 2418 dicendi
1444 2390 1479 2418 de
1489 2390 1604 2426 angelis.
1620 2389 1653 2417 Hi
1671 2395 1736 2419 sunt

950 2447 1047 2468 novem
1072 2439 1298 2473 iueorporeorum
1327 2436 1464 2464 ordines:
1493 2436 1616 2464 decimus
1644 2442 1735 2465 autem

949 2486 1017 2514 ordo
1043 2485 1137 2512 homo.
1165 2483 1235 2510 Sunt
1258 2482 1351 2517 itaque
1372 2481 1465 2509 decem
1490 2482 1600 2509 ordines
1622 2482 1735 2510 totidem

949 2531 1096 2562 drachmae,
1112 2530 1145 2557 de
1160 2529 1260 2564 quibus
1277 2528 1403 2555 Christus
1416 2526 1454 2554 ait
1469 2534 1476 2553 :
1496 2535 1505 2552 ι
1519 2527 1616 2554 Mulier
1631 2528 1736 2556 habens

949 2577 1042 2604 decem
1061 2574 1218 2604 drachmas.
1230 2573 1253 2600 si
1267 2579 1350 2599 unam
1366 2580 1398 2599 ex
1415 2571 1457 2599 his
1469 2571 1629 2606 perdiderit,
1646 2580 1737 2600 nonne

950 2629 1065 2650 accensa
1081 2621 1192 2647 lucerna
1204 2622 1308 2654 qureret
1321 2619 1405 2645 eam?
1421 2618 1454 2644 Et
1471 2618 1494 2645 si
1506 2617 1650 2648 invenerit.
1667 2619 1736 2645 amiv

950 2675 997 2695 eas
1012 2670 1159 2702 congregat
1174 2665 1333 2699 vicinasque
1343 2684 1350 2696 ,
1373 2664 1466 2690 dicens
1481 2672 1487 2689 :
1504 2663 1737 2697 Congratulamini

955 2713 1040 2743 mihi,
1062 2712 1125 2746 quia
1142 2710 1233 2738 inveni
1250 2709 1408 2737 drachmam
1419 2716 1500 2744 quam
1526 2709 1708 2744 perdideram.
1724 2719 1733 2735 ι

954 2759 1026 2786 idem
1046 2757 1170 2784 decimus
1184 2756 1261 2786 ordo.
1275 2763 1323 2782 seu
1337 2754 1429 2787 homo,
1442 2758 1485 2781 est
1498 2753 1557 2781 ovis
1571 2747 1631 2788 quae
1649 2755 1738 2789 perie-

953 2807 995 2829 rat
1011 2802 1081 2829 iuter
1096 2801 1242 2835 nonaginta
1258 2806 1355 2827 novem
1376 2798 1525 2825 incolumes
1539 2805 1546 2830 ;
1565 2805 1647 2832 quam
1660 2806 1737 2833 egre—

953 2848 1013 2882 gius
1035 2852 1127 2882 pastor
1139 2866 1146 2879 ,
1165 2847 1253 2874 bonus
1272 2849 1353 2880 atque
1372 2843 1515 2878 benignus,
1529 2850 1584 2870 non
1601 2843 1736 2878 neglexit.
