1921 3073
210 123 261 154 747

812 124 841 151 S.
861 121 910 151 ΤΗ
916 122 1057 152 EODORI
1076 122 1250 154 STUDlT/li

1793 127 1846 160 T48

211 182 258 210 sed
284 180 466 215 conquisivit,
492 179 685 214 inventamque
714 180 740 206 in
764 180 903 207 montibus
923 180 995 207 colli-

1053 182 1098 208 καὶ
1111 187 1174 214 τοὺς
1190 182 1301 217 βουνοὺς
1319 182 1382 215 τοὺς
1399 182 1571 218 Ἑλληνικοὺς
1592 185 1685 217 κακῶς
1701 186 1847 222 πλανώμε-

213 228 319 262 hosque
332 226 450 253 ethnicis
466 225 536 252 male
552 229 688 252 errantem
710 230 736 252 et
756 225 836 252 idolis
854 225 1001 252 immolan-

213 277 267 300 tem
295 272 455 304 revocavit,
477 277 504 299 et
523 271 680 306 impositam
701 271 824 298 humeris
845 271 953 298 reduxit
969 272 1003 299 ad

213 326 268 346 n0n
282 325 428 345 erroneum
444 325 551 352 gregem
567 325 625 344 eam
640 325 701 352 quae
712 317 789 344 devia
806 317 909 350 fuerat,
922 322 1004 352 atque

212 364 284 391 inter
302 363 407 390 caelites
427 362 554 389 reducem
570 363 788 395 connumeravit,
809 366 835 389 et
852 367 954 389 a-tcrno
966 370 1005 389 re-

213 417 266 445 ιςοο
281 409 409 443 dignatus
426 412 487 440 est;
508 415 563 442 quo
575 409 656 435 nobis
668 408 794 435 omnibus
805 408 885 442 potiri
897 409 1005 434 contin-

213 458 268 490 gat,
285 454 370 488 gratia
382 457 408 479 et
421 452 585 486 benignitate
598 453 705 479 Domini
719 453 806 480 nostri
816 452 880 479 Jesu
891 452 1005 486 Christi,

213 506 275 526 eum
292 505 346 533 quo
362 498 448 532 gloria
469 497 504 525 sit
520 497 592 524 Patri
609 502 635 525 ct
653 503 749 525 sancto
764 498 871 524 viviﬁeo
889 497 1006 524 consub-

213 544 333 571 stantiaii
350 542 474 578 Spiritui,
493 551 566 570 nune
581 548 608 570 et
623 551 730 578 semper
752 548 779 570 et
796 543 822 570 in
841 543 940 571 saecula
955 550 1005 571 sae-

211 589 348 616 culorum.
364 588 462 614 Amen.
583 622 628 650 Ἧι

292 659 324 686 1η
337 657 502 686 nativitatem
511 659 734 721 διᾜειίρνορὴεια·
749 657 928 685 Ρνανειινεονὶδ

559 699 672 721 anltslw.

559 699 672 728 apltslw.

1057 237 1101 255 νον
1132 228 1179 256 καὶ
1205 227 1333 261 Θυσιάζον
1366 229 1546 263 ἐπέστρεψεν,
1575 230 1622 256 καὶ
1651 231 1793 265 βαστάσας
1811 235 1845 270 τῇ

1057 274 1158 309 ποίμνῃ
1174 274 1207 309 τῇ
1222 273 1336 300 ἁπλανεῖ
1355 273 1386 300 τὸ
1412 274 1634 311 πεπλανημένον,
1650 277 1691 307 εἰς
1715 278 1849 313 οὐρανοὺς

1057 318 1205 353 ἀναγαγὼν
1227 319 1424 354 συνηρίθμησε,
1441 319 1490 346 καὶ
1516 319 1566 354 τῆς
1589 320 1728 354 βασιλείας
1742 323 1794 357 τῆς
1809 325 1850 350 αζ.

1057 364 1139 390 ωνίου
1155 363 1324 398 κατηξίωσεν
1337 371 1344 378 ·
1357 361 1391 399 ἦς
1413 364 1518 397 γένοιτο
1544 364 1649 396 πάντας
1661 366 1735 400 ἡμᾶς
1750 368 1848 394 ὲπιτυ-

1058 411 1126 444 χεϊν,
1143 409 1236 444 χάριτι
1250 408 1298 435 καὶ
1315 408 1506 444 φιλανθρωπίᾳ
1516 409 1564 435 τοῦ
1578 410 1680 444 Κυρίου
1695 411 1775 446 ἡμῶν
1794 413 1848 447 Ἰη-

1059 454 1106 480 σοῦ
1138 454 1266 489 Χριστοῦ,
1299 454 1360 490 μεθ’
1375 452 1406 481 οὗ
1429 453 1468 489 τῷ
1499 454 1586 490 Πατρὶ
1609 456 1715 490 ἠδόξει,
1732 457 1791 492 ἅμα
1807 458 1848 492 τῷ

1057 498 1127 533 ἁγίῳ
1144 499 1187 524 καὶ
1204 497 1329 533 ζωοποιῷ
1344 499 1481 533 ὁμοουσίῳ
1497 499 1648 534 Πνεύματι,
1663 501 1711 528 νῦν
1731 503 1780 528 καὶ
1789 502 1847 537 ἀεὶ,

1057 544 1104 570 καὶ
1117 544 1158 574 εἰς
1173 544 1236 574 τοὺς
1249 542 1353 573 αἰῶνας
1363 543 1418 569 τῶν
1428 543 1545 571 αἰώνων.
1569 545 1597 571 Ἀ
1604 546 1668 581 μὴν.

1054 656 1105 688 Εἰς
1124 656 1157 682 τὸ
1175 655 1313 690 γενέσιον
1325 656 1378 695 Ξοῦ
1394 623 1491 695 ἀγξῇ).
1501 657 1656 695 αρρφήτου
1672 658 1848 695 Προδρόμου

1321 692 1492 718 Burmann?
1513 692 1578 727 (l5).

826 739 904 773 (Anc.
924 738 987 769 MAI.
1004 737 1055 764 loc.
1071 737 1118 763 cit.
1131 744 1157 770 p.
1174 736 1231 771 55.)

251 786 275 812 Ι.
296 785 324 812 Si
342 786 428 812 vocali
445 785 525 812 alicui
543 784 665 811 luscinia:
692 791 776 810 verno
797 789 921 819 tempore
937 792 1001 811 sua-
1018 787 1039 814 Β

211 831 280 859 viter
309 831 449 858 resonanti
471 835 564 857 nostra
577 829 676 856 similis
691 834 765 856 esset
775 830 873 862 oratio,
888 829 1000 856 laudare

211 876 381 910 aliquantum
405 883 532 910 magnam
563 874 634 901 illam
664 874 787 901 veritatis
809 882 922 906 vocem,
939 882 1000 909 qua:

211 922 292 949 hodie
311 922 434 949 nascitur
446 941 454 953 ,
484 920 596 948 forsitan
611 924 705 954 posset
720 927 727 946 :
745 920 791 947 sed
806 927 868 947 cum
888 921 999 955 gracilis

212 973 296 1003 atque
320 968 423 995 absona
440 966 476 994 sit
490 966 577 993 oratio
590 971 684 992 nostra
697 984 705 998 ,
722 966 859 1000 quomodo
878 966 999 993 laudabit

210 1021 339 1046 magnum
356 1013 438 1039 decus
454 1011 648 1046 prophetarum
663 1011 674 1037 ?
697 1012 836 1045 quomodo
850 1011 999 1038 celebrabit

210 1059 337 1085 eximiam
352 1057 537 1092 apostolorum
554 1056 714 1091 dignitatem
727 1056 738 1081 ἰν
761 1057 900 1089 quomodo
915 1057 998 1091 glori-

178 1102 182 1110 ’
210 1104 302 1131 fit-abit
321 1104 490 1138 peregrinam
507 1107 655 1137 martyrum
681 1101 817 1136 gloriam?
841 1101 926 1129 Porro
946 1102 998 1129 hoc

209 1149 275 1176 mihi
303 1156 412 1183 quoque
436 1147 666 1175 considerandum
689 1151 751 1179 est,
777 1147 851 1181 quod
875 1147 902 1174 in
936 1147 997 1174 aliis

209 1195 317 1229 quidem
333 1193 436 1221 sanctis
451 1214 458 1226 ,
483 1193 553 1220 alius
574 1192 657 1219 alium
685 1192 822 1224 laudavit,
840 1193 929 1220 celsus
943 1193 997 1220 cel-

208 1249 281 1274 sum,
301 1240 390 1267 minor
403 1239 536 1266 minorem
549 1247 556 1266 :
570 1240 617 1266 sed
630 1240 690 1273 ejus
705 1239 751 1274 qtti
771 1247 844 1266 nunc
858 1239 994 1272 laudatur,

208 1292 273 1314 ante
293 1293 390 1313 omnes
406 1286 464 1320 ipse
478 1285 615 1316 Christus,
635 1285 706 1312 Deus
723 1293 754 1312 ac
772 1286 884 1317 veritas.
901 1285 996 1312 laudes

206 1332 402 1367 pronuntiavit.
414 1332 458 1358 Ait
471 1331 562 1358 enim:
578 1330 664 1364 Major
674 1330 778 1357 Joanne
788 1331 913 1365 Baptista
926 1332 996 1357 inter

207 1382 284 1404 natm
305 1377 444 1403 mulierum
465 1384 517 1402 non
542 1377 657 1402 surrexit
673 1376 705 1402 ⁸⁸.
729 1376 796 1407 Quia
820 1376 902 1410 igitur
921 1380 996 1403 tanta
1022 1386 1024 1388 ·

207 1424 326 1457 suppetit
360 1429 458 1456 magno
492 1421 657 1448 Prtecursori
684 1421 871 1456 sublimisque
891 1422 951 1449 laus
980 1429 995 1448 a

207 1475 342 1502 supremae
364 1467 537 1494 auctoritatis
558 1467 667 1500 Verbo;
698 1474 763 1493 num
793 1467 816 1494 is
843 1467 932 1493 adhuc
953 1467 995 1493 in-

208 1514 280 1548 diget
299 1513 397 1548 exiguo
416 1517 507 1539 nostro
523 1519 660 1544 sermone,
675 1519 692 1538 ο
709 1511 825 1538 studiosi
840 1512 997 1539 auditores?

207 1558 302 1591 Absit;
330 1558 378 1586 sed
395 1558 493 1586 servile
507 1557 690 1592 persolventes
701 1557 821 1584 debitum
835 1579 842 1590 ,
868 1561 895 1584 et
907 1556 996 1584 Patris

204 1605 311 1638 jussum
327 1609 506 1638 exsequentes
518 1623 526 1636 ,
550 1607 577 1631 et
591 1603 667 1638 quasi
690 1611 722 1630 ex
741 1604 797 1630 sola
815 1602 996 1630 Praeeursoris

207 1650 345 1676 mentione
366 1648 553 1675 sanctilicandi
576 1649 682 1680 simus,
710 1653 831 1675 nostram
852 1648 994 1674 audaciam

206 1695 390 1722 ostendemus.

245 1741 275 1767 2.
291 1741 413 1775 Agedum
438 1741 520 1774 igitur
535 1739 606 1766 diem
622 1739 720 1766 festum
734 1739 790 1773 jam
807 1739 974 1766 celebremus
987 1759 994 1772 ,

205 1784 238 1812 ad
275 1785 392 1812 natalem
421 1784 609 1811 honorandum
648 1775 782 1817 frequenti
821 1783 996 1810 multitudine

205 1831 401 1857 convcniamus
415 1849 422 1861 ,
450 1837 538 1862 neque
555 1830 654 1856 accolae
669 1830 857 1856 tantummodo
870 1849 878 1862 ,
901 1837 994 1856 verum

204 1877 286 1904 etiam
311 1877 437 1902 universa
462 1875 655 1905 intellectualis
679 1874 808 1902 Jordanis
834 1876 920 1909 regio.
948 1875 995 1902 lii--

204 1923 317 1949 deatuus
342 1920 514 1955 peregrinum
545 1920 726 1955 mysterium;
757 1925 911 1954 spectemus
947 1929 996 1948 ne—

204 1968 307 2003 gotium
333 1966 414 1993 hodie
444 1971 542 2000 praeter
575 1973 684 1992 omnem
726 1973 800 2000 spem
838 1969 993 2000 patratum,

204 2013 409 2040 consideremus
425 2011 563 2038 Zacharitc
579 2020 623 2038 res
634 2031 640 2043 ,
655 2011 833 2046 vicissimque
849 2020 996 2040 narremus

203 2066 265 2093 qua:
284 2057 428 2084 Elisabetzt:
453 2062 527 2084 sunt.
560 2056 620 2083 Non
644 2065 677 2084 ex
698 2057 828 2085 obscuris
855 2066 920 2093 ergo
945 2066 995 2093 pa-

1090 786 1125 808 α’.
1148 782 1251 816 ’Ληδὸνι
1266 782 1319 808 τινὶ
1347 782 1499 817 πολυφώνῳ
1513 781 1600 817 εὖηχα
1616 783 1766 820 κελᾳδούσῃ
1781 787 1846 821 περὶ

1051 829 1101 860 τὰς
1125 829 1237 864 ὲαρινὰς
1255 829 1330 863 ὥρας
1351 828 1447 860 ἐοικὼς
1472 830 1538 864 ἡμῖν
1567 831 1581 855 ὁ
1603 830 1691 864 λόγος,
1718 828 1798 866 εὗρεν
1812 833 1847 859 ἂν

1051 874 1122 908 τάχα
1141 875 1173 900 ἐκ
1193 873 1291 909 μικροῦ
1302 874 1456 909 ἀνυμνῆσαι
1471 874 1521 909 τὴν
1543 875 1667 910 μεγάλην
1687 877 1781 912 φωνὴν
1795 879 1847 913 τῆς

1051 920 1181 955 ἀληθείας
1194 921 1315 954 σήμερον
1328 921 1547 956 ἀποκυουμένην·
1557 922 1619 948 ἐπεὶ
1630 922 1657 948 δέ
1673 923 1747 949 ὲστιν
1761 924 1847 957 ἰσχνο-

1050 966 1119 1000 επὴς
1135 966 1181 992 καὶ
1198 966 1338 1000 δύσφωνος
1356 966 1436 999 ἄγαν,
1456 966 1513 998 πῶς
1530 967 1646 1002 ὑμνήσει
1658 968 1688 993 τὸ
1705 968 1778 1002 μέγα
1790 970 1846 995 τῶν

1051 1009 1198 1045 προφητῶν
1213 1009 1304 1042 κλέοςς
1325 1010 1382 1041 πῶς
1398 1010 1499 1036 αἰνέσει
1514 1010 1543 1037 τὸ
1556 1011 1693 1045 ἐξαίρετον
1709 1012 1764 1039 τῶν
1777 1014 1846 1040 ἀπο-

1052 1055 1152 1082 στόλων
1169 1056 1269 1090 γέρας;
1285 1056 1342 1087 πῶς
1359 1056 1466 1088 δοξάσει
1485 1057 1516 1083 τὸ
1533 1057 1609 1090 ξένον
1625 1058 1679 1085 τῶν
1697 1059 1846 1095 μαρτύρων

1051 1101 1154 1133 σέῧας;
1182 1101 1236 1127 Καί
1253 1110 1298 1136 μοι
1320 1101 1472 1136 σκοπητέον
1489 1102 1579 1136 τοῦτο,
1594 1103 1635 1130 ὃτι
1650 1104 1697 1131 ἐπὶ
1717 1105 1769 1139 μὲν
1790 1106 1846 1132 τῶν

1049 1146 1137 1173 ἄλλων
1157 1146 1256 1180 ἁγίων,
1281 1146 1360 1178 ἄλλος
1386 1147 1468 1173 ἄλλον
1498 1147 1621 1183 διείληφε
1641 1149 1675 1175 τὰ
1702 1150 1844 1185 ἐγκώμια.

1049 1191 1150 1226 ὑψηλὸς
1164 1192 1279 1227 ὑψηλοῦ,
1290 1192 1337 1219 καὶ
1354 1193 1466 1227 μετρίου
1480 1193 1674 1228 μετριώτερος·
1691 1195 1737 1221 τοῦ
1750 1195 1778 1221 δὲ
1795 1195 1846 1222 νῦν

1049 1237 1257 1272 εὐφημουμένου
1270 1238 1323 1273 πρὸ
1332 1238 1387 1264 τῶν
1402 1238 1500 1271 ἄλλων,
1518 1239 1598 1270 αὐτὸς
1613 1240 1730 1274 Χριστὸς
1744 1242 1759 1266 ὁ
1776 1241 1845 1273 Θεὸς

1048 1283 1065 1318 ἡ
1077 1282 1199 1318 ἀλήθεια·
1217 1284 1283 1318 φησὶ
1300 1283 1364 1318 γάρ·
1381 1284 1494 1314 Μείζων
1508 1285 1650 1312 Ἰωάννου
1663 1286 1715 1312 τοῦ
1731 1287 1845 1314 Βαιτι-

1048 1327 1124 1355 στοῦ
1149 1327 1184 1354 ἐν
1212 1328 1368 1363 γεννητοῖς
1401 1331 1553 1362 γυναικῶν
1583 1331 1638 1356 οὐκ
1672 1330 1842 1365 ἐγήγερται.

1055 1373 1131 1399 Ἐπεὶ
1150 1373 1198 1399 οὖν
1215 1373 1343 1404 τοσοῦτος
1360 1374 1502 1409 περίεστιν
1517 1375 1530 1401 ὁ
1551 1375 1662 1406 ἔπαινος
1675 1375 1714 1410 τῷ
1729 1377 1844 1413 μεγάλῳ

1048 1418 1198 1453 Προδρόμῳ
1215 1419 1419 1454 ἀνυπέρῦλητος
1446 1421 1478 1446 ἐκ
1504 1419 1551 1446 τοῦ
1582 1420 1713 1447 ἀνωτάτω
1738 1421 1842 1455 Λόγου.

1049 1464 1087 1498 μή
1111 1472 1138 1490 τι
1157 1464 1211 1499 ἄρα
1228 1464 1318 1499 ἐνδεής
1344 1467 1402 1491 ὲστι
1423 1465 1472 1500 τῆς
1489 1467 1625 1501 ἡμετέρας
1644 1466 1842 1503 βραχυλογίας,

1047 1506 1069 1535 ὦ
1086 1509 1301 1545 φιλακροάμονες
1315 1520 1322 1544 ;
1343 1511 1450 1545 ’Λπαγε
1461 1519 1467 1526 ·
1484 1511 1552 1538 ἀλλὰ
1581 1511 1703 1539 δουλικὸν
1725 1513 1844 1540 ἀποτιν-

1047 1556 1141 1587 νύντες
1165 1557 1262 1591 χρέος,
1292 1557 1339 1583 καὶ
1365 1557 1501 1592 Πατρικὸν
1526 1557 1581 1592 (14)
1613 1558 1844 1593 ἀποπληροῦντες

1047 1601 1253 1636 ἐπίταγμα,καὶ
1268 1601 1305 1633 ὡς
1320 1602 1549 1638 ἁγιασθησόμενοι
1565 1604 1596 1629 ὲκ
1614 1604 1697 1637 μόνης
1713 1604 1763 1638 τῆς
1778 1606 1847 1640 περὶ

1046 1649 1091 1675 τὸν
1106 1649 1266 1684 Πρόδρομον
1280 1650 1472 1684 ὑπομνήσεως,
1491 1650 1522 1676 τὸ
1533 1650 1668 1685 τολμηρὸν
1684 1651 1766 1685 ἡμῶν
1783 1653 1847 1678 ἐπι-

1002 1712 1006 1715 -
1045 1694 1219 1729 δεικνύμεθα.

1083 1741 1115 1774 β’.
1136 1740 1221 1776 Δεῦρο
1235 1740 1267 1775 δὴ
1282 1737 1330 1767 οὖν
1347 1739 1442 1767 λοιπὸν
1460 1740 1509 1775 τὴν
1531 1740 1636 1775 ἡμέραν
1652 1741 1842 1776 ὲορτάοωμεν,

1045 1786 1080 1812 τὰ
1104 1786 1150 1812 τοῦ
1177 1786 1299 1820 γενεσίου
1322 1785 1566 1820 πανηγυρίσωμεν,
1585 1786 1635 1820 οὐχ
1658 1786 1683 1811 οἱ
1701 1787 1843 1821 περίοικοι

1048 1833 1138 1867 μόνον,
1155 1832 1222 1858 ἀλλὰ
1243 1831 1289 1858 καὶ
1315 1832 1390 1858 πᾶσα
1411 1832 1428 1865 ἡ
1443 1830 1490 1857 τοῦ
1514 1831 1609 1866 νοητοῦ
1624 1831 1760 1866 Ἰορδάνου
1785 1833 1844 1867 (l5)

1046 1879 1209 1912 περίχωρος”
1223 1877 1321 1912 ἴδωμεν
1334 1877 1364 1903 τὸ
1379 1877 1543 1912 ξενοπρεπὲς
1562 1878 1725 1912 μυστήριον,
1740 1878 1843 1913 ἴδωμεν

1046 1925 1075 1951 τὸ
1100 1925 1259 1959 παραδόξως
1287 1924 1450 1958 τελούμενον
1476 1925 1607 1959 σήμερον,
1624 1926 1844 1960 κατανοήσωμεν

1046 1970 1080 1996 τὰ
1099 1969 1146 1996 τοῦ
1173 1969 1317 2005 Ζαχαρίου,
1335 1969 1619 2004 ἁνθομολογησώμεοα
1636 1969 1669 1996 τὰ
1692 1970 1742 2004 τῆς
1769 1970 1843 1997 Ἐλι-

1047 2015 1142 2042 σάὄετ.
1160 2015 1217 2041 Οὐκ
1231 2015 1259 2047 ἐξ
1273 2014 1394 2048 ἀγεννῶν
1409 2014 1499 2041 τοίνυν
1512 2014 1676 2047 γονέων,ἵνα
1689 2015 1841 2041 κάντεῦθεν

1045 2061 1137 2096 δειχθῇ
1154 2061 1282 2095 μέγιστος
1297 2062 1310 2086 ὸ
1324 2061 1491 2096 Πρόδρομος,
1509 2060 1577 2086 ἀλλὰ
1601 2060 1647 2086 καὶ
1663 2060 1725 2085 λίαν
1738 2061 1839 2095 ἐπισή-

204 2103 346 2135 reutibus,
369 2107 399 2129 ut
423 2103 486 2129 hinc
508 2102 590 2129 etiam
620 2103 756 2130 maximus
772 2107 903 2137 appareat
924 2102 993 2130 Prte-

1053 2115 1105 2141 μων
1122 2105 1169 2132 καὶ
1182 2105 1339 2140 περιδὸξων·
1361 2106 1374 2131 ὁ
1403 2105 1450 2140 μὲν
1466 2104 1521 2140 γὰρ
1538 2104 1643 2140 Ἀαρών
1658 2113 1699 2136 τις
1715 2104 1764 2131 καὶ
1789 2105 1841 2140 τὴν

203 2157 312 2182 cursor,
329 2150 377 2177 sed
389 2157 422 2176 ex
438 2149 590 2176 illustribus
603 2149 766 2184 inclytisque
779 2151 909 2177 nascitur.
922 2149 990 2176 Nam

203 2196 272 2222 alter
285 2195 392 2230 quidem
416 2199 476 2222 erat
502 2195 584 2221 veluti
605 2195 696 2222 Aaron
725 2200 834 2230 propter
856 2203 939 2223 canos
966 2200 992 2222 et

202 2241 364 2274 dignitatem
378 2259 385 2272 ,
412 2239 573 2267 sacerdotali
597 2244 672 2267 veste
685 2240 798 2268 indutus
815 2249 822 2267 :
837 2240 968 2276 pectorali
983 2260 991 2273 ,

202 2285 314 2321 inquam
331 2307 338 2318 ,
367 2289 394 2312 et
422 2285 665 2320 superhttmerali,
701 2286 822 2320 poderc,
855 2286 991 2314 iimbriata

201 2333 308 2362 tunica.
339 2331 446 2364 cidari,
468 2337 549 2366 atque
577 2339 657 2365 zona,
692 2340 752 2366 qua:
780 2332 871 2359 omnia
903 2340 990 2366 auro,

202 2377 500 2413 gemmis,hyacintho,
516 2378 652 2413 byssoque
664 2383 742 2405 erant
766 2379 869 2406 variata
887 2388 893 2405 :
909 2383 991 2414 atque

201 2424 237 2452 ita
263 2424 289 2450 in
309 2424 408 2451 Sancta
424 2429 581 2451 sanctorum
598 2423 802 2459 ingrediebatur
820 2431 866 2459 per
884 2428 990 2459 tempus

235 2482 258 2498 “
275 2482 369 2510 Matth.
389 2489 425 2515 xl,
443 2481 487 2509 Η.

235 2542 290 2576 (l3)
311 2540 466 2576 Orationem
489 2539 559 2576 hanc
571 2537 738 2576 eahibu‘erat
752 2535 848 2576 Latine
864 2539 983 2576 tantum-

199 2571 287 2603 modo,
308 2575 487 2603 Combelisius
517 2575 543 2599 in
568 2571 732 2598 Bibliotheca
760 2571 981 2603 concionataria,

199 2616 220 2638 t.
238 2611 294 2643 VII,
314 2619 340 2645 p.
359 2609 420 2636 129.
440 2608 495 2635 Nos
518 2615 592 2645 nunc
612 2606 704 2645 graece
719 2606 838 2645 primum
859 2613 891 2632 ex
910 2604 985 2645 Vati-

198 2654 267 2673 cano
283 2639 374 2672 codice
390 2645 524 2670 eruimus.
542 2641 600 2668 .lam
613 2639 769 2668 Combeﬁsii
783 2639 985 2674 interpretatio-

199 2689 261 2707 nem
282 2687 352 2714 saepe
366 2679 483 2705 libenter
498 2676 584 2714 secuti
601 2683 706 2705 sumus,
722 2682 793 2709 stcpc
807 2676 888 2714 etiam
904 2677 938 2714 ab
953 2682 984 2702 ea

198 2709 386 2746 discessimus,
404 2718 460 2740 tum
477 2713 513 2739 ob
535 2712 602 2738 alias
617 2717 726 2741 causas,
748 2715 804 2746 tum
821 2711 884 2744 quia
904 2709 986 2737 Com-

198 2750 311 2777 beﬁslus
327 2745 436 2776 Graecas
455 2747 589 2774 dictiones
604 2752 656 2772 non
677 2752 734 2780 una
751 2745 809 2772 vice
826 2753 907 2780 prave
926 2753 985 2772 oln-

200 2785 264 2811 nino
287 2784 485 2818 explit-avcrat;
511 2781 536 2808 id
554 2781 626 2816 quod
645 2779 804 2813 philellenes
825 2788 887 2807 vere
904 2788 918 2806 a
942 2787 985 2807 me

198 2820 251 2846 «tici
270 2819 447 2853 compericnl.

1046 2152 1142 2178 πολιὰν
1170 2151 1218 2178 καὶ
1240 2151 1289 2186 τὴν
1304 2149 1393 2182 ἀξίαν,
1412 2150 1462 2185 τὴν
1478 2150 1619 2185 ἱερατικὴν
1639 2150 1737 2186 στολὴν
1750 2151 1842 2185 ἡμφι-

1046 2197 1171 2232 εσμὲνος,
1185 2196 1215 2223 τὸ
1230 2195 1407 2231 περιστήθιόν
1421 2203 1502 2230 φημι,
1515 2195 1564 2230 τὴν
1576 2195 1711 2229 ἐπωμίδα,
1726 2195 1773 2221 τὸν
1787 2203 1842 2221 πο-

1044 2243 1125 2278 δήρη,
1146 2242 1192 2268 τόν
1211 2250 1240 2268 τε
1255 2240 1466 2275 κοσσύμϐρωτον
1479 2240 1592 2275 χιτῶνα,
1612 2239 1662 2274 τὴν
1678 2239 1788 2274 κίδαριν
1809 2247 1842 2266 τε

1045 2289 1093 2315 καὶ
1112 2287 1213 2322 ζώνην,
1227 2286 1262 2313 τὰ
1279 2287 1310 2312 ὲκ
1326 2285 1429 2321 χρυσοῦ
1441 2294 1470 2311 τε
1486 2285 1534 2312 καὶ
1552 2285 1633 2311 λίθων
1644 2285 1691 2311 καὶ
1707 2284 1842 2311 ὑακίνθου

1046 2333 1092 2360 κει)⁸
1117 2332 1217 2368 βύσσου
1244 2330 1451 2365 πεποικιλμένα·
1471 2330 1518 2356 καὶ
1542 2330 1627 2361 οὕτως
1642 2330 1681 2361 είς
1696 2329 1732 2356 τὰ
1753 2331 1843 2364 ’Δγιι

1045 2378 1100 2406 τῶν
1115 2378 1201 2413 ἁγίων
1222 2376 1327 2408 εἰσιὼν,
1342 2376 1413 2402 κατὰ
1434 2375 1482 2411 τὴν
1498 2376 1651 2410 ὲφημερίαν
1665 2375 1715 2410 τῆς
1729 2376 1842 2411 ἱερουρ-

1045 2426 1107 2459 γίας
1124 2433 1130 2440 ·
1154 2425 1171 2459 ὴ
1194 2423 1222 2450 δὲ
1247 2423 1296 2457 τῆς
1313 2422 1422 2457 Σάρρας
1450 2421 1585 2456 ίσοχλεὴς,
1612 2421 1659 2447 καὶ
1689 2420 1792 2455 μᾶλλον
1810 2421 1840 2447 δὲ

1075 2537 1135 2578 (ιι).
1152 2536 1225 2564 Satis
1239 2540 1367 2578 copstare
1384 2536 1492 2575 videtur
1503 2534 1840 2578 Sturtlitamiaetat‘ejuve-

1039 2569 1087 2599 nili
1110 2569 1253 2606 plerasque
1277 2571 1326 2598 has
1348 2571 1529 2606 panegyricas
1541 2569 1695 2606 orationes
1709 2569 1836 2606 dixisse;

1039 2615 1094 2641 quo
1110 2603 1239 2641 tempore
1269 2603 1377 2633 nonnisi
1399 2603 1479 2641 jussu
1498 2605 1547 2641 qvel
1575 2603 1695 2641 episcopi
1723 2604 1768 2630 sui
1793 2604 1836 2631 vel

1039 2639 1144 2669 abbatis
1163 2639 1321 2668 rimnasterii
1347 2639 1503 2667 concionari
1520 2643 1636 2673 poterat.
1663 2639 1751 2671 Quem
1774 2645 1834 2666 mo-

1038 2684 1096 2704 rem
1120 2677 1146 2703 in
1166 2675 1297 2711 Gregorio
1309 2682 1418 2710 quoque
1441 2674 1612 2701 Antiocheno
1634 2673 1736 2700 videsis
1761 2673 1834 2708 apud

1039 2719 1089 2736 nos
1105 2716 1125 2736 t.
1141 2710 1173 2736 ll.
1185 2718 1211 2736 n.
1229 2711 1291 2736 557.
1595 2728 1598 2729 ν

1038 2719 1089 2738 nos
1105 2716 1125 2737 t.
1141 2711 1173 2745 llr,
1185 2718 1211 2745 p.
1229 2711 1291 2737 557.

1076 2746 1131 2780 (15)
1157 2742 1289 2773 Jo'rdanes
1313 2744 1440 2780 baptismi
1472 2743 1626 2778 symbolum
1648 2743 1685 2780 in
1715 2742 1833 2780 musiris

1076 2753 1131 2780 μυ)
1157 2753 1289 2773 Jordanes
1314 2753 1344 2771 Da
1367 2753 1440 2771 tlsmt
1472 2753 1626 2778 sytnuuttuu
1660 2753 1685 2769 Ill
1715 2753 1833 2769 lnusn‘ts

1044 2780 1184 2821 Romanis.
1208 2780 1254 2808 llic
1271 2780 1336 2807 dicit
1348 2753 1505 2814 gaptizatos
1520 2785 1626 2806 ontncs.
1648 2778 1673 2804 id
1692 2782 1734 2805 est
1754 2777 1833 2804 Chri-

1044 2821 1158 2843 suanos.
