1921 3073
92 159 147 192 749

435 160 576 191 ORATIO
594 161 660 192 VII.
680 174 714 178 -
732 159 772 191 ΙΝ
791 161 820 191 S.
832 159 992 191 JOANNIS
1009 158 1114 190 BAPT.
1128 158 1386 191 NATIVITATEM

1667 164 1719 194 750

93 216 258 251 ὑπερκλεὴς,
286 215 324 247 ὠς
347 216 394 242 καὶ
418 217 452 252 τῇ
482 217 634 252 Θεομήτορι
662 217 881 252 ἅγχιστεὺουσα·

937 216 1081 244 ministerii
1096 216 1150 244 sui.
1174 215 1223 244 llla
1245 224 1311 244 vero
1329 216 1403 245 Sarre
1426 217 1512 252 gloria
1526 218 1654 253 aequalis.
1675 221 1719 248 vel

93 262 175 296 γεννᾷ
188 261 242 296 γὰρ
255 261 287 287 ὲκ
299 261 469 296 στειρώσεως
480 262 540 288 κατ’
548 261 715 296 ἐπαγγελίαν
726 263 775 288 οὐκ
791 262 882 288 Ἰσαὰκ

92 306 186 333 δοῦλον
201 306 269 332 Θεοῦ
283 306 428 340 κληθέντα,
446 306 504 333 ἀλλ’
519 307 647 341 Ἰωάννην
660 307 707 333 τὸν
725 307 801 341 φίλον
815 308 882 342 γνή-

93 361 150 380 σιον
165 353 268 387 Κυρίου
288 352 508 388 χρηματίσαντα.
522 353 554 378 ’Ὠ
567 351 666 385 άγόνου
682 352 777 386 νηδύος
794 352 883 378 τοιοῦ-

91 407 139 425 τον
165 398 374 433 κυοφορησάσης
389 398 490 424 mrsu
506 397 528 423 ὦ
553 398 680 433 ἀκάρπου
700 398 819 432 ἀρούρας
835 405 883 433 τη-

92 443 226 478 λικαύτην
260 443 452 478 βλαστησάσης
480 443 619 478 ἄσταχυν·
651 443 695 469 διὰ
726 443 803 470 τοῦτο
832 443 882 469 οὐκ

91 490 263 524 ἀποκνητέον
281 489 316 516 τὰ
337 489 385 516 τοῦ
413 488 672 524 μεγαλοφωνοτάτου
692 489 805 515 Ἡσαΐου
822 497 882 515 και-

92 534 203 569 ιώτερόν
228 542 287 565 πως
311 535 358 560 καὶ
383 534 451 569 πρὸς
467 534 553 569 αὐτὴν
569 535 808 570 ἀποφθέγξασθαιο
823 536 883 562 Εὐ,

91 579 250 614 φράνθητι,
265 579 368 613 στεῖρα
381 579 400 614 ή
416 580 453 606 οὺ
467 579 625 609 τίκτουσαῖ
632 580 732 614 ῥῆξον
745 580 796 607 καὶ
807 581 882 614 ,βόη-

91 633 161 658 σον,
170 626 190 659 ἡ
205 626 260 652 οὐκ
273 625 434 658 ὠδίνουσα,
449 626 488 652 ὅτι
506 626 656 662 ἐξήνθησας
669 628 701 653 ὲκ
714 627 763 661 τῆς
777 627 881 661 ἐρήμου

93 671 203 706 μήτρας
216 671 247 697 τὸ
268 671 360 705 κρίνον
374 671 423 705 τῆς
440 671 563 704 ἁγνείας,
582 671 612 697 τὸ
638 671 713 705 ῥόδον
731 671 782 706 τῆς
799 679 881 698 πνευ-

92 717 214 752 ματικῆς
241 716 380 751 εὐοδμίας,
411 716 456 742 τὸν
488 716 609 751 λειμῶνα
632 717 682 751 τῆς
709 716 881 751 ὰγαθοφόρου

91 762 268 797 ἐγκρατείας,
281 762 326 788 τὸν
336 763 498 797 ήμεροφανῆ
520 763 670 798 λαμπτῆρα
695 763 745 797 τῆς
762 762 880 798 Χριστοῦ

92 807 267 840 ἐπιφανείας,
283 807 410 842 Ἰωάννην
432 808 477 835 τὸν
494 808 691 844 θεοπρόὸλητον
710 809 880 844 στρατιώτην

91 853 140 879 τοῦ
163 853 291 888 οὐρανίου
317 853 458 888 βασιλέως,
491 854 537 880 τὸν
555 854 665 889 ἄριστον
687 854 738 889 τῆς
762 855 880 890 Χριστοῦ

91 901 278 933 νυμφαγωγὸν
292 899 469 933 Ἐκκλησίας,
483 899 528 926 τὸν
541 900 673 934 ἁσίγητον
689 900 816 936 μάρτυρα
832 901 881 935 τῆς

90 943 178 974 ὅντως
202 943 483 980 ἀληθεία;,,’1ωάννην
510 945 555 971 τὸν
585 945 746 980 διαπρύσιον
772 947 882 980 κήρυκα

90 990 143 1024 τῆς
159 990 317 1025 μετανοίας,
331 991 378 1017 τὸν
392 991 421 1017 ἐν
438 991 544 1026 σώματι
558 991 673 1026 ἄγγελον
691 991 737 1018 τοῦ
765 992 880 1026 Κυρίου⁹

90 1036 140 1062 τὸν
158 1036 314 1070 ὲκιράντορα
323 1035 371 1062 τοῦ
381 1036 408 1062 Ἀ
413 1036 479 1070 μνοῦ
489 1036 536 1062 τοῦ
552 1037 675 1071 αἴροντος
686 1036 734 1072 τὴν
744 1037 882 1071 ἁμαρτίαν

89 1080 141 1107 τοῦ
170 1082 284 1115 κόσμου·
309 1081 358 1107 καὶ
380 1081 434 1107 οὐδ’
454 1081 487 1108 ἂν
514 1081 597 1108 αὑτοῦ
626 1081 802 1117 περιλάϐοιμι
833 1082 883 1113 τὰς

89 1126 182 1158 ἀξίας,
207 1127 259 1152 κᾶν
285 1126 370 1153 πλείω
387 1127 537 1162 προσθείην
560 1127 610 1162 τῆς
623 1127 747 1162 κλήσεως
770 1126 805 1153 τὰ
823 1126 883 1153 ὀνό-

91 1180 178 1207 ματα·
197 1170 372 1206 πολυώνυμος
396 1172 450 1207 γάρ
463 1172 504 1203 τίς
526 1173 594 1206 ἐστι,
615 1172 664 1199 καὶ
685 1171 838 1205 πολυάξιος,
852 1171 883 1198 τὸ

90 1217 188 1253 μεῖζον
211 1217 286 1253 παρὰ
303 1217 406 1249 πάντας
425 1218 489 1250 τοὺς
517 1219 646 1253 χριστοὺς
664 1218 767 1252 Κυρίου
783 1218 881 1253 κεκλη-

91 1264 228 1299 ρωμένος.

127 1323 163 1354 γ’.
184 1321 239 1347 Καὶ
254 1321 320 1354 γοῦν
337 1321 450 1356 τιμᾶται
465 1321 513 1347 καὶ
526 1321 618 1347 Ἰσαὰκ
634 1319 682 1346 τοῦ
709 1320 882 1354 προπάτορος

89 1368 121 1394 τὺ
134 1367 268 1401 γενέσιον,
287 1368 372 1403 ὅνπερ
394 1368 488 1402 Σ.άρρα
505 1366 676 1393 συλλαϐοῦσα
695 1367 741 1393 καὶ
765 1365 882 1392 τεκοῦσα

89 1413 151 1440 υἱὸν
182 1414 223 1444 είς
243 1412 341 1448 γῆρας,
359 1410 419 1439 εἶτα
452 1413 500 1438 καὶ
520 1412 645 1443 εἰποῦσα,
660 1411 711 1443 Τίς
723 1411 886 1445 ἀναγαγελεῖ

95 1458 228 1492 Ἀϐραὰμ
245 1458 290 1484 ὅτι
307 1457 425 1491 θηλάζει
440 1456 539 1490 Σάρῤα
569 1456 705 1489 adid/0r;
731 1457 773 1490 ἐφ’
787 1453 810 1489 ᾦ
836 1455 883 1482 καὶ¹

91 1504 218 1538 μεγάλην
238 1503 319 1538 δοχὴν
332 1502 417 1530 ποιῶν
433 1503 557 1536 φαίνεται
571 1503 600 1527 ὲν
616 1502 708 1537 ἡμέρᾳ
727 1502 776 1536 τῆς
799 1501 882 1528 αὐτοῦ

934 262 1025 296 potius
1047 263 1191 296 superior,
1212 267 1306 298 utpote
1322 262 1369 290 Dei
1387 262 1500 290 Matrem
1517 265 1718 300 propinquitate

934 307 1107 341 contingens.
1134 306 1209 334 Parit
1242 308 1315 334 enim
1345 316 1377 335 ex
1407 309 1549 336 sterilitate
1569 312 1718 339 secundum

933 351 1167 386 promissionem,
1196 351 1269 380 haud
1299 351 1422 380 Isaacutn
1453 353 1501 381 Dei
1527 362 1637 382 servum
1669 364 1719 383 vo-

933 401 1024 423 catum
1045 397 1067 412 '°
1078 416 1086 427 .
1113 397 1160 425 sed
1175 397 1307 425 Joannem
1332 399 1378 432 qui
1395 407 1476 427 verus
1493 399 1599 427 Domini
1617 401 1721 428 exstitit

934 442 1047 470 amicus.
1075 441 1097 470 0
1124 443 1244 470 sterilem
1268 448 1397 478 uterum,
1423 445 1470 480 qui
1497 446 1578 472 talem
1603 447 1721 481 gestavit

932 486 1020 514 ﬁlium
1034 488 1040 514 !
1053 487 1075 515 Ο
1091 487 1295 516 infructuosum
1310 498 1416 524 agrum,
1431 492 1478 526 qui
1495 492 1547 518 tale
1559 497 1719 527 tantumque

933 531 1038 566 spicum
1073 533 1253 567 germinavit!
1288 533 1471 566 Quamobrem
1497 543 1550 563 non
1582 541 1623 564 est
1651 545 1719 564 cun-

933 577 1062 604 ctandum
1077 578 1160 604 verba
1175 578 1219 605 illa
1242 579 1408 607 vocalissimi
1426 580 1501 608 [salte
1516 589 1584 609 novo
1599 583 1718 618 quodam

933 625 1015 650 modo
1025 624 1058 651 de
1068 625 1125 659 ipsa
1140 625 1247 653 dicere:
1261 626 1376 660 Latiare,
1386 628 1485 656 sterilis
1499 637 1557 663 quae
1569 638 1620 656 non
1629 632 1720 665 'paris;

933 677 1039 704 erumpe
1053 674 1078 697 et
1099 671 1264 706 clamajquw
1277 681 1327 699 non
1343 675 1462 707 periuris
1478 675 1519 707 ⁷ο,
1539 676 1668 710 quoniam
1688 684 1722 704 ex

933 715 1039 742 deserta
1055 716 1169 744 matrice
1185 722 1230 744 tua
1245 718 1333 745 lilium
1349 719 1468 747 efﬂoruit
1479 721 1645 754 sanctitatis,
1660 729 1720 749 rosa

934 760 1065 794 spiritalis
1085 762 1238 794 suavitatis,
1253 768 1361 797 pratum
1378 764 1452 792 utilis
1465 766 1639 793 continentiae
1650 786 1657 798 ,
1674 766 1720 794 fax

933 805 1052 832 interdiu
1068 814 1178 841 quoque
1200 809 1349 843 conspicua
1365 809 1466 837 Christi
1477 810 1624 845 adventus,
1643 811 1712 839 Joan

933 858 982 878 nes
1008 859 1023 878 a
1056 850 1110 879 Deo
1136 853 1238 881 electus
1267 855 1346 882 miles
1364 855 1482 883 caelestis
1497 857 1584 891 regis,
1599 858 1718 892 optimus

899 887 1062 924 BEcclesiaa
1100 897 1201 926 Christi
1235 901 1455 936 paranymphus,
1481 887 1557 929 testis
1576 887 1721 938 ritu-nquam

934 939 1034 967 tacitus
1047 939 1107 974 ejus
1118 960 1126 972 ,
1149 949 1210 976 qua
1227 950 1291 970 vere
1307 947 1357 976 est,
1385 945 1516 977 veritatis,
1531 945 1651 974 Joannes
1664 954 1720 982 ρω-

933 986 1054 1012 nitentiae
1083 994 1202 1015 canorus
1232 997 1337 1022 praeco,
1364 997 1426 1017 cum
1455 998 1569 1025 corpore
1610 993 1723 1027 angelus

935 1029 1060 1064 Domini,
1083 1032 1164 1060 index
1183 1033 1251 1070 Agnj
1275 1035 1323 1069 qui
1355 1036 1424 1063 tollit
1450 1041 1598 1071 peceatum"
1616 1039 1720 1066 mundi.

933 1073 1029 1109 Neque
1056 1076 1160 1110 possim
1179 1077 1239 1112 ejus
1264 1079 1408 1114 complecti
1432 1080 1609 1116 dignitatem,
1636 1089 1723 1117 quan-

936 1121 1035 1147 tumvis
1059 1122 1171 1149 nomina
1192 1123 1406 1158 appellationum
1433 1127 1610 1161 multiplicem
1629 1137 1636 1161 ;
1658 1135 1721 1162 per-

934 1166 1034 1194 multos
1050 1168 1124 1194 enim
1143 1168 1235 1196 titulos
1248 1169 1449 1206 dignitatesque
1460 1172 1552 1206 habet,
1566 1174 1653 1208 majus
1665 1181 1721 1209 pra:

933 1211 1061 1240 omnibus
1076 1212 1186 1241 Domini
1203 1215 1293 1243 unctis
1309 1215 1431 1244 ollicium
1447 1218 1569 1246 sortitus.

969 1313 996 1340 5.
1016 1312 1087 1341 Sane
1113 1315 1139 1341 in
1158 1315 1263 1343 honore
1277 1316 1394 1344 habetur
1420 1318 1507 1346 lsaaci
1527 1327 1637 1354 quoque
1658 1327 1722 1354 pro-

934 1358 1065 1392 genitoris
1094 1360 1233 1393 nativitas,
1268 1370 1349 1396 quem
1377 1371 1439 1390 cum
1463 1365 1632 1400 concepisset
1646 1366 1722 1405 4Sara

934 1403 1020 1430 tilium
1036 1408 1063 1431 et
1078 1404 1105 1432 in
1122 1411 1262 1434 senectute
1271 1409 1433 1443 peperisset,
1444 1411 1512 1437 dixit
1529 1420 1536 1438 :
1555 1420 1563 1436 ι
1577 1403 1722 1443 Quisnam-

934 1447 1012 1475 tialn't
1026 1449 1177 1478 Abrahamo
1188 1453 1256 1486 quod
1268 1454 1339 1481 Sara
1350 1455 1463 1489 filiolum
1477 1457 1554 1484 Iactet
1564 1457 1586 1473 “
1598 1458 1609 1483 Ἰ
1626 1467 1635 1482 ι
1653 1457 1724 1490 Quo-
1755 1471 1759 1475 -

934 1494 1008 1521 circa
1025 1503 1153 1530 magnum
1167 1505 1276 1533 quoque
1291 1505 1401 1528 constat
1416 1507 1519 1535 patrem
1543 1502 1640 1530 fecisse
1654 1510 1723 1530 eon-

89 1548 348 1583 ἀπογαλακτίσεως.
374 1548 429 1574 Καὶ
456 1548 571 1581 τιμᾶται
592 1547 674 1574 πάλιν
703 1546 822 1581 Σαμψὼν
842 1546 883 1582 [τὸ

937 1539 1035 1566 vivium
1052 1541 1096 1568 die
1106 1542 1296 1571 ablactationis
1308 1545 1378 1579 ejus.
1398 1545 1552 1574 llonoratur
1567 1548 1631 1575 item
1646 1553 1724 1576 nata-

90 1593 227 1630 γενέσιον]
240 1593 288 1620 τοῦ
304 1593 446 1627 τεχθέντος
460 1592 560 1619 Μανωὲ
584 1593 644 1619 κατ’
659 1592 836 1626 ἐπαγγελίαν,
853 1594 885 1619 ὲκ

91 1640 205 1675 στείρας
220 1639 268 1665 καὶ
281 1638 364 1669 αὐτὸς
379 1637 597 1673 προερχόμενος·
619 1637 659 1670 ὃς,
675 1638 768 1671 φησιν,
781 1638 811 1664 οὺ
827 1637 885 1663 πίε-

91 1695 137 1712 ται
153 1682 226 1711 οἶνον
253 1684 300 1710 καὶ
324 1683 431 1717 σίκερα,
447 1682 493 1708 καὶ
507 1683 537 1708 οὐ
552 1681 588 1716 μὴ
608 1682 682 1717 φάγῃ
697 1682 751 1708 πᾶν
763 1681 886 1716 ἀκάθαρ-

90 1739 150 1757 τον·
170 1730 219 1756 καὶ
226 1729 310 1760 αὐτὸς
326 1728 436 1763 ἄρξεται
454 1727 551 1760 σώζειν
566 1727 611 1754 τὸν
624 1727 733 1762 Ἰσραὴλ
749 1728 780 1753 ὲκ
795 1727 886 1762 χειρὸς

91 1776 264 1811 ἀλλοφύλων.
279 1775 339 1801 Ἔτι
353 1774 382 1802 δὲ
399 1774 468 1808 πρὸς
487 1773 602 1805 τούτοις,
620 1773 663 1798 ἵνα
675 1773 710 1799 τὰ
729 1772 782 1799 τῶν
798 1772 887 1799 ἄλλων

92 1821 238 1856 παραϐἐω,
266 1820 314 1847 καὶ
336 1819 464 1853 Σαμουὴλ
482 1819 529 1845 τοῦ
547 1819 581 1845 τὰ
602 1818 758 1853 ἔμπροσθεν
775 1818 886 1853 βλέπον-

94 1875 151 1899 τος,
162 1866 193 1892 ὃν
206 1866 299 1892 ἑτεκεν
315 1867 332 1900 ὴ
347 1865 538 1898 πολυΰμνητος
557 1864 640 1889 Ἄννα
653 1863 692 1897 τῷ
711 1863 787 1898 ἀνδρὶ
800 1863 887 1897 αὐτῆς

99 1913 231 1947 Ἐλκανᾷ,
246 1911 400 1945 ἀναθεμένη
417 1911 449 1936 ὲκ
465 1909 582 1945 βρέφους
607 1908 646 1944 τῷ
668 1908 737 1944 Θεῷ.
754 1909 826 1935 ’Δλλ“
841 1908 886 1935 oli-

92 1968 155 1991 πως
166 1959 217 1993 τῆς
225 1957 349 1984 Ἰωάννου
360 1957 527 1991 τετυχήκασι
542 1955 762 1990 μεγαλειότητος,
779 1955 888 1988 ἀγαπη-

92 2005 146 2032 τοί·
167 2004 236 2030 διότι
250 2004 276 2029 οι
294 2003 343 2038 μὲν
363 2001 416 2037 πρὸ
431 2001 514 2036 νόμου
526 2000 574 2027 τοῦ
586 1999 721 2035 γραπτοῦ,
735 2000 759 2025 οί
773 1999 801 2025 δὲ
819 1999 888 2034 μετὰ

92 2051 178 2086 νόμῦσν
191 2059 197 2063 ·
214 2050 342 2083 Ἰωάννης
354 2048 382 2074 δὲ
396 2049 410 2074 ὁ
432 2047 490 2078 υίδς
507 2047 642 2081 Ζαχαρίου
659 2046 706 2072 τοῦ
730 2046 826 2080 ἱερέως
841 2047 887 2072 καὶ

99 2096 242 2124 Ἑλισὰῗὸετ
267 2095 315 2130 τῆς
344 2093 517 2128 θαυμασίας,
543 2092 712 2127 προεισύδιον
735 2091 815 2122 ἄνθος
840 2092 888 2126 τῆς

93 2141 217 2178 Χριστοῦ
230 2139 392 2175 παρουσίας,
407 2138 536 2165 ἁνέθαλλε
557 2139 640 2174 μέσον
651 2138 733 2172 νόμου
748 2136 797 2163 καὶ¹
810 2137 889 2172 χάρι-

93 2198 141 2220 τος
158 2186 307 2222 ἀναφανείς
318 2193 326 2201 ·
342 2184 502 2221 προηύγασε
521 2184 575 2220 γὰρ
589 2185 603 2210 ὁ
617 2183 713 2218 νοητὸς
737 2182 886 2217 ἑωσφόρος,

95 2234 240 2270 σημαίνων
252 2233 301 2267 τὴν
317 2230 451 2265 ἀνατολὴν
467 2230 514 2257 τοῦ
535 2229 627 2256 Ἡλίου
641 2229 690 2263 τῆς
701 2228 884 2262 δικαιοσύνης·

92 2279 268 2315 προέδραμεν
282 2279 296 2304 ὁ
316 2275 486 2309 στρατιώτης
501 2274 589 2310 δηλῶν
602 2274 652 2309 τὴν
671 2273 718 2300 τοῦ
744 2273 885 2308 παμϐασι-

93 2326 164 2357 λέως
180 2324 330 2359 ἐπιδημίαν
340 2329 347 2337 ·
374 2320 456 2356 ἦλθεν
478 2322 493 2347 ὁ
516 2320 699 2356 νυμφαγωγὸς
713 2319 823 2354 μηνύων
836 2320 885 2354 τὴν

93 2370 258 2397 ἐπιστασίαν
275 2368 321 2395 τοῦ
335 2368 465 2402 νυμφίου·
480 2366 527 2393 καὶ
543 2366 568 2392 οἱ
583 2365 632 2400 μὲν
653 2365 722 2399 μετά
737 2372 814 2395 τινας
826 2372 887 2390 και-

94 2418 161 2452 ροὺς
185 2415 238 2450 τῆς
262 2415 451 2448 ἀποκυήσεως,
466 2413 483 2447 ἢ
511 2410 760 2447 προεφήτευσαν,ἥ
789 2410 885 2443 ἑτερα-

92 2462 262 2496 τοὺργησαν·
283 2461 297 2486 ό
319 2460 347 2486 δὲ
371 2460 412 2485 ἔτι
441 2456 703 2492 ὲγκυοφορούμενος,
727 2454 884 2489 Πνεύματος

94 2508 177 2542 ἁγίου
204 2505 408 2541 ἐμπέπλησται,
438 2504 485 2530 καὶ
511 2501 718 2537 θαυματουργὺς
746 2499 884 2527 ἁναδέδει-

94 2563 171 2581 κται.

129 2656 164 2684 ε.
182 2654 332 2690 Τοιγαροῦν
349 2653 422 2680 ἐοικέ
446 2661 490 2688 μοι
506 2649 626 2678 τοιοῦτόν
647 2657 685 2681 τι,
702 2647 734 2674 ἵν’
750 2647 788 2679 ὡς
802 2647 830 2673 ὲν
848 2647 887 2672 el-

94 2703 156 2729 κόνι
171 2701 343 2736 παραστήσω
359 2699 389 2726 τδ
420 2696 629 2733 μεγαλοπρεπὲς
650 2694 696 2722 τοῦ
719 2692 887 2728 Προδρόμου·

93 2748 192 2783 ὥσπερ
199 2756 242 2778 τις
252 2745 298 2774 οὖν
315 2745 441 2782 βασιλεὺς
452 2745 484 2771 ἐκ
499 2743 554 2770 τῶν
568 2741 726 2775 ἀνακτόρων
740 2737 887 2773 βασιλικῶς

133 2848 156 2864 ⁶⁹
171 2846 241 2875 Gen.
271 2853 347 2878 xxrv,
375 2844 407 2872 Η
420 2853 428 2878 ;
443 2844 509 2872 Dan.
522 2850 564 2875 ιιι,
582 2841 618 2870 55
665 2840 688 2857 ⁷ο
706 2838 757 2866 lsa.
777 2845 830 2872 LIV,
849 2838 873 2865 l.

936 1585 970 1612 iis
990 1586 1144 1620 Samsonis,
1165 1597 1246 1624 quem
1263 1591 1361 1619 Manue
1383 1592 1467 1620 ﬁlium
1483 1594 1603 1629 suscepit
1625 1602 1723 1622 secun'

936 1631 1002 1659 dum
1026 1633 1248 1668 promissionem,
1267 1636 1301 1663 de
1318 1642 1405 1664 matre
1420 1638 1506 1665 sterili
1531 1639 1657 1666 similiter
1678 1647 1724 1667 or-

937 1681 994 1704 tum
1011 1686 1019 1711 ;
1033 1680 1091 1713 qui,
1108 1685 1138 1707 ut
1153 1679 1191 1707 ait
1214 1680 1357 1716 Scriptura
1367 1684 1400 1715 τί,
1426 1684 1561 1712 bibiturus
1583 1693 1637 1713 non
1665 1690 1725 1713 erat

937 1724 1031 1751 viuum
1057 1732 1146 1760 neque
1172 1727 1298 1759 siceram,
1319 1735 1369 1756 nec
1384 1728 1556 1756 immundum
1575 1729 1725 1764 quidquam

937 1769 1152 1798 manducaturus
1167 1780 1174 1804 ;
1191 1772 1318 1807 idemque
1332 1773 1440 1801 initium
1460 1774 1583 1802 facturus
1600 1775 1724 1802 salvandi

938 1815 1046 1843 lsraelis
1069 1815 1103 1843 de
1129 1817 1345 1852 alienigenarum
1364 1827 1458 1847 manu.
1482 1821 1581 1848 Praeter
1609 1821 1669 1852 hos,
1696 1825 1727 1848 ut

938 1860 1006 1888 alios
1030 1861 1164 1895 omittam,
1186 1861 1333 1896 Samuelis,
1360 1865 1406 1899 qui
1434 1872 1478 1892 res
1503 1865 1529 1892 in
1553 1870 1725 1894 antecessum

938 1906 1056 1939 videbat,
1071 1908 1223 1935 honoratur
1238 1909 1338 1937 natalis
1351 1919 1358 1942 ;
1369 1918 1449 1944 quem
1465 1912 1569 1945 peperit
1582 1912 1727 1939 celeberri-

939 1959 983 1978 ma
996 1951 1074 1979 Anna
1092 1953 1151 1980 viro
1174 1961 1224 1981 suo
1246 1953 1382 1987 llelcauze,
1397 1961 1423 1983 et
1436 1957 1471 1983 ab
1487 1956 1602 1984 infantia
1618 1957 1673 1984 Deo
1687 1957 1727 1984 di-

939 1998 1020 2026 cavit.
1038 1998 1090 2026 Sed
1107 1999 1150 2027 isti
1167 2007 1221 2027 non
1235 2003 1354 2028 assecuti
1372 2006 1436 2029 sunt
1456 2001 1571 2030 Joannis
1589 2003 1726 2030 excellen-

939 2042 1017 2075 tiam,
1034 2050 1050 2069 0
1063 2043 1156 2070 dilecti
1172 2052 1179 2076 ;
1203 2052 1267 2072 nam
1287 2046 1387 2079 partim
1412 2052 1475 2073 ante
1494 2047 1580 2082 legero
1596 2048 1725 2082 scriptam

940 2088 1060 2121 fuerunt,
1075 2090 1173 2123 partim
1186 2096 1248 2124 post
1262 2091 1359 2127 legem.
1379 2091 1498 2120 Joannes
1513 2098 1604 2121 autem
1620 2094 1726 2122 Zacha-

940 2134 987 2161 riae
1003 2134 1153 2163 sacerdotis
1166 2141 1193 2163 et
1208 2136 1330 2164 miriﬁca:
1351 2137 1495 2166 Elisabetae
1509 2139 1592 2174 illius;
1608 2140 1727 2174 pullula-

940 2181 978 2206 vit
993 2179 1043 2207 llos
1060 2182 1218 2215 praecedens
1235 2182 1336 2211 Christi
1360 2184 1519 2217 adventum,
1534 2186 1641 2214 medius
1656 2187 1728 2214 inter

940 2224 1026 2260 legem
1039 2231 1066 2253 et
1080 2227 1194 2261 gratiam
1222 2235 1366 2263 apparens.
1397 2229 1526 2256 Prmluxit
1539 2231 1612 2258 enim
1624 2231 1729 2259 intelle-

939 2271 1036 2298 ctualis
1064 2271 1170 2306 lucifer,
1196 2277 1286 2300 ortum
1312 2274 1384 2302 Solis
1407 2274 1520 2310 justitia:
1546 2276 1726 2310 signiﬁcans:
1753 2291 1758 2300 -

939 2316 1079 2350 praecessit
1095 2317 1174 2345 miles
1189 2318 1261 2352 regis
1286 2319 1448 2347 universalis
1463 2320 1610 2348 adventum
1621 2321 1728 2348 denun-

940 2361 1012 2388 tians
1033 2370 1039 2389 :
1070 2363 1144 2390 venit
1170 2365 1374 2399 paranymphus
1403 2373 1535 2400 sponsum
1555 2366 1652 2394 adesse
1663 2375 1728 2402 por-

940 2408 1054 2435 tendens
1071 2428 1077 2436 .
1106 2408 1139 2436 Et
1161 2410 1206 2437 alii
1231 2411 1340 2445 quidem
1373 2412 1513 2446 aliquanto
1543 2414 1616 2447 post'
1631 2413 1730 2440 nativi-

940 2456 1023 2479 tatem
1040 2458 1171 2488 tempore,
1197 2455 1240 2482 vel
1264 2456 1506 2491 prophetaverunt,
1531 2458 1572 2484 vel
1597 2457 1727 2485 miracula

939 2498 1106 2532 ediderunt;
1137 2500 1182 2528 hic
1211 2505 1302 2529 autem
1331 2503 1420 2530 adhuc
1447 2509 1568 2538 gestatus
1596 2504 1624 2530 in
1637 2509 1727 2536 utero,

940 2543 1042 2578 Spiritu
1057 2550 1151 2573 sancto
1166 2547 1285 2581 repletus
1301 2552 1413 2591 eratuet
1427 2544 1615 2584 prodigiorum
1630 2553 1728 2576 auctor

940 2591 1076 2625 apparuit.

975 2647 1003 2674 4.
1017 2647 1200 2680 Quamobrem
1212 2649 1286 2677 venit
1297 2650 1364 2677 mihi
1381 2651 1408 2678 in
1420 2655 1550 2685 mentem,
1566 2656 1595 2679 ut
1608 2651 1727 2687 imagine

941 2693 1057 2727 quadam
1075 2694 1303 2728 magniﬁcentiam
1322 2695 1504 2724 Praecursoris
1520 2701 1724 2732 repraesentem.

943 2738 1021 2766 Sicut
1035 2739 1108 2767 enim
1125 2748 1172 2768 rex
1188 2748 1221 2768 ex
1237 2741 1339 2775 palatio
1355 2742 1484 2778 regaliter
1502 2744 1661 2779 procedens,
1679 2744 1728 2770 ha-

913 2839 934 2854 “
948 2838 1015 2867 Gen.
1027 2846 1084 2873 xxv,
1095 2839 1120 2873 7,
1159 2839 1277 2869 “Judic.
1291 2849 1350 2876 xm,
1368 2842 1411 2870 M.
