1921 3073
200 152 249 188 751

797 148 826 176 S.
844 146 1041 176 THEODORI
1060 147 1234 177 STUDlTrE

1776 148 1829 180 ’152

199 214 244 240 bet
271 212 360 246 primo
392 210 576 245 praecedentes
612 208 723 235 lictores
748 210 776 233 et
795 204 981 247 sceptriferos,

1041 205 1252 240 προερχόμενος,
1268 206 1324 242 ἔχει
1339 207 1388 242 μὲν
1403 206 1499 242 πρῶτα
1523 207 1692 242 ἡγουμένους
1717 206 1829 243 ῥαϐδού-

199 258 298 286 deinde
319 257 459 289 consules,
479 255 622 291 praefectos
649 257 676 280 et
696 252 823 280 ordinum
846 251 985 283 ductores,

199 307 340 338 postremo
353 302 471 336 aliquem
486 300 589 335 majore
602 299 734 335 dignitate
748 297 910 333 praeditum;
927 301 989 330 post

199 356 280 384 quem
298 348 392 375 statim
417 354 475 380 rex,
492 347 602 373 nemine
616 344 760 379 interjecto
779 346 903 378 apparet,
919 349 988 369 auro

199 399 226 422 et
251 393 333 422 claris
356 392 494 428 lapidibus
515 391 643 426 fulgens;
666 391 703 417 ita
713 396 823 417 mecum
847 388 938 424 cogita
955 388 988 414 de

199 447 265 467 vero
283 439 422 473 nnicoque
438 437 560 465 omnium
586 444 650 472 rege
670 436 779 464 Christo
802 434 858 462 Deo
877 438 984 461 nostro.

198 484 270 513 lluic
296 485 368 512 enim
396 491 444 518 per
471 489 582 511 carnem
603 482 632 508 in
658 481 790 508 mundum
815 480 984 513 ingressum,

200 535 399 567 praecesserunt
433 529 606 564 patriarchae,
641 527 815 554 Ahrahamus
847 525 985 557 videlicet,

199 576 319 608 lsaacus,
345 575 486 602 Jacohus:
510 574 608 601 deinde
630 572 737 607 Moyses
768 571 817 599 Dei
839 571 986 606 interpres,

199 623 288 650 Aaron
300 626 382 656 atque
398 620 519 651 Samuel,
532 624 560 647 et
571 619 699 646 universa
716 617 911 652 prophetarum
928 621 988 643 tur-

199 670 245 696 ba.
271 668 432 696 Postremus
451 666 576 701 apparuit
600 664 734 696 Joannes,
753 670 872 698 moxque
895 663 987 691 statim

198 715 323 742 Christus
340 713 471 740 Dominus
486 721 494 745 ;
513 712 547 740 de
566 719 621 747 quo
634 711 679 738 ille
693 711 762 738 dixit
778 719 784 737 :
803 709 854 742 Qui
868 714 925 744 post
948 716 988 735 me

198 765 322 787 uenturus
335 763 385 791 est,
396 764 457 785 ante
468 766 508 784 me
515 758 602 792 factus
616 761 664 789 est,
678 757 741 792 quia
752 756 825 790 prior
835 764 875 782 me
888 759 944 782 erat
953 754 986 781 ".

199 807 233 833 Et
247 807 295 841 qui
309 805 424 833 ultimus
440 804 537 831 ordine
547 807 598 835 est,
612 803 746 837 dignitate
758 801 846 836 major
860 809 909 836 pro
924 808 988 836 pro—

199 853 326 887 portione
339 850 454 878 exstitit.
464 850 509 877 Sic
523 857 587 884 ergo
597 853 623 876 et
636 848 829 885 prophetarum
837 853 864 874 et
876 850 985 881 aposto-

199 899 288 925 lorum
312 900 340 924 et
354 896 470 924 aliorum
500 895 623 922 omnium
646 894 801 929 praecipuus
824 893 885 924 fuit,
908 892 986 927 juxta

199 950 281 971 verax
294 942 413 970 Verbum
429 948 546 976 magnus
562 940 717 968 Prmcursor
731 947 738 972 ;
756 939 864 965 illorum
876 938 985 972 quidem

199 994 229 1016 ut
250 989 432 1023 subsequens,
459 987 556 1014 horum
581 990 611 1012 ut
632 992 790 1020 praecessor.
821 984 874 1011 Sed
897 983 986 1018 agesis

198 1034 380 1066 evangelicam
403 1032 555 1067 aperientes
575 1031 729 1062 historiam,
752 1029 896 1056 audiamus
915 1036 986 1063 quze-

198 1087 260 1106 nam
277 1078 416 1106 Zacharim
429 1078 556 1105 nuntiata
569 1076 635 1104 sint.

233 1210 260 1238 5.
285 1209 415 1245 Apparuit
437 1211 471 1243 ei,
493 1209 593 1245 inquit.
613 1208 722 1243 angelus
745 1207 863 1239 Domini,
879 1212 952 1235 stans
969 1215 986 1234 a

195 1256 299 1283 dextris
318 1256 413 1282 altaris
435 1255 546 1282 incensi.
574 1253 609 1280 Et
632 1254 803 1280 conturbatus
819 1257 858 1280 est
879 1252 985 1280 Zacha-

1039 250 1184 284 χουςτινάς
1193 251 1239 277 καὶ
1253 253 1491 287 σκηπτροφόρους,
1499 251 1596 279 ἔπειτα
1605 252 1734 285 ὑπάτους,
1745 253 1830 289 ὑπάρ-

1038 303 1103 329 χους
1127 303 1157 321 τε
1175 296 1222 323 καὶ
1250 296 1414 332 ταξιάρχους
1429 319 1436 330 ,
1458 298 1573 334 ἔσχατον
1585 298 1615 324 δέ
1630 307 1690 325 τινα
1706 298 1830 333 ἀξιωμα-

1037 339 1196 373 τικώτερον,
1215 340 1274 375 μεθ’
1285 341 1316 367 ὃν
1331 342 1411 374 εὐθὺς
1424 342 1438 368 6
1450 342 1579 377 βασιλεὺς
1593 342 1705 378 ἀμέσως
1721 343 1830 378 ἐπιφαίς

1039 392 1113 411 νεται
1130 385 1290 420 χρυσῷ·καὶ
1313 386 1398 418 λίθοις
1422 387 1548 422 διαυγέσι
1572 388 1829 424 καταλαμπόμενος,

1038 429 1112 456 οὕτω
1129 440 1174 466 μοι
1189 432 1244 458 νόει
1259 433 1307 459 καὶ
1327 434 1373 460 ἐπὶ
1391 433 1439 460 τοῦ
1455 433 1584 469 ἀληθινοῦ
1610 434 1658 461 καὶ
1678 435 1760 470 μόνου
1777 434 1830 461 τῶν

1038 475 1107 502 ὅλων
1133 476 1267 511 βασιλέως
1288 478 1408 512 Χριστοῦ
1428 480 1476 506 τοῦ
1496 479 1563 506 Θεοῦ
1579 479 1671 514 ἡμῶν·
1687 480 1830 514 μέλλοντος

1038 520 1093 556 γὰρ
1110 521 1192 548 αὑτοῦ
1217 523 1260 549 διὰ
1289 525 1391 559 σαρκὸς
1416 525 1530 552 εἰσιέναι
1554 526 1584 551 ὲν
1607 527 1640 561 τῇ
1671 526 1831 562 οἰκουμένῃ,

1039 569 1232 603 προηγήσαντο
1244 569 1293 604 μὲν
1311 571 1491 605 πατριάρχαι,
1505 567 1561 597 οἷον
1573 571 1709 605 Ἁϐραάμ,
1723 571 1831 604 Ἰσαὰκ,

1045 612 1151 640 Ἰακώὸ-
1168 614 1263 640 ἔπειτα
1278 615 1398 651 Μωῦσῆς
1408 617 1422 642 ὁ
1438 616 1607 651 θεοφάντωρ,
1619 616 1725 652 ⁹Διιρών
1739 625 1770 643 τι
1783 617 1832 643 καὶ

1038 659 1176 694 Σαμουὴλ,
1195 660 1243 687 καὶ
1261 662 1316 692 πᾶς
1335 662 1349 688 ὁ
1365 662 1420 688 τῶν
1435 662 1582 697 προφητῶν
1594 662 1699 696 ὅμιλος·
1715 661 1832 695 ὕστατος

1038 705 1066 731 δέ
1079 714 1139 736 πως
1156 707 1350 741 πεφανέρωται
1363 707 1502 742 Ἰωάννης*
1518 707 1565 734 καὶ
1579 707 1832 744 εὐθὺςὸΔεσπότης

1038 751 1155 786 Χριστὸς
1173 753 1238 788 περὶ
1257 750 1288 780 οὗ
1304 761 1397 787 φησιν’
1420 753 1451 780 ’0
1468 754 1564 780 ὀπίσω
1578 762 1638 787 μου
1654 753 1831 788 ἐρχόμενος,

1037 796 1209 831 ἔμπροσθέν
1221 807 1282 833 μου
1298 799 1432 833 γέγονεν,
1449 799 1495 826 ὅτι
1511 799 1627 833 πρῶτός
1642 808 1702 834 μου
1718 799 1769 833 ἦν·
1783 800 1831 826 καὶ

1038 843 1052 868 ὁ
1070 843 1183 878 ἔσχατος
1197 845 1230 880 τῇ
1254 844 1331 877 τάξει
1347 845 1447 880 μείζων
1464 847 1496 880 τῇ
1516 845 1592 880 ἀξίᾳ,
1605 845 1675 872 κατὰ
1690 845 1721 872 τδ
1733 845 1832 872 ἀνάλοσ

1037 897 1086 923 γον
1100 890 1305 918 ἀποδέδεικται·
1334 890 1406 917 οὕτω
1420 891 1511 917 τοίνυν
1532 891 1579 917 καὶ
1604 891 1756 926 προφητῶν
1784 891 1831 917 καὶ

1037 933 1195 961 ἀποστόλων
1208 935 1255 962 καὶ
1270 935 1324 962 τῶν
1335 935 1424 962 ἄλλων
1449 936 1578 963 ἁπάντων
1593 935 1745 971 πρώτιστος
1760 936 1831 963 κατά

1037 979 1082 1005 τὸν
1108 979 1195 1015 ἀληθῆ
1222 980 1308 1014 Λόγον
1324 981 1338 1007 ὁ
1358 982 1445 1016 μέγας
1471 982 1640 1017 Πρόδρομος,
1654 981 1708 1008 τῶν
1724 981 1774 1016 μὲν
1792 981 1831 1012 ὡς

1037 1024 1215 1059 ἐφεπόμενος,
1229 1026 1283 1052 τῶν
1297 1026 1327 1052 δὲ
1340 1026 1378 1058 ὡς
1395 1026 1611 1061 προηγούμενος
1627 1026 1695 1053 ἀλλὰ
1710 1026 1766 1061 γὰρ
1780 1025 1831 1061 τὴν

1037 1070 1220 1106 εὐαγγελικὴν
1245 1071 1364 1107 ιστορίαν
1389 1072 1615 1105 ἀναπτύξαντες,
1645 1071 1831 1106 ἀκουσώμεθα

1036 1115 1096 1141 τίνα
1113 1115 1147 1142 τὰ
1162 1116 1210 1142 τοῦ
1225 1116 1345 1153 Γαϐριὴλ
1369 1117 1439 1153 πρὸς
1462 1117 1508 1145 τδν
1533 1118 1674 1154 Ζαχαρίαν
1689 1117 1832 1152 ἀπαγγελ-

1037 1158 1147 1194 λόμενα.

1073 1206 1103 1233 ε’.
1127 1207 1221 1242 Ὠφθη
1241 1206 1332 1242 αὐτῷ,
1351 1209 1443 1243 φησιν,
1457 1209 1586 1243 ἄγγελος
1598 1209 1719 1243 Κυρίου,
1732 1209 1832 1243 ἑστὼς

1036 1251 1071 1278 ἐκ
1086 1252 1194 1284 δεξιῶν
1203 1253 1256 1280 τοῦ
1265 1253 1456 1288 θυμιάματος
1466 1255 1515 1281 καὶ
1522 1255 1669 1289 ἐταράχθη
1676 1257 1830 1290 Ζαχαρίας

198 1302 254 1329 ria:
276 1301 375 1333 videns,
399 1305 425 1327 et
453 1301 533 1327 timor
548 1300 626 1327 irruit
643 1307 721 1334 super
738 1299 864 1334 ipsum".
883 1298 981 1333 Nempe

1037 1297 1118 1331 ἰδὼν,
1136 1298 1185 1326 καὶ
1206 1301 1299 1334 φόϐος
1313 1300 1464 1327 ἐπέπεσεν
1477 1300 1523 1328 ἐπ’
1534 1301 1628 1327 αὐτόν
1638 1309 1645 1317 ·
1662 1302 1701 1333 ὡς
1722 1302 1831 1337 φοϐερά

197 1348 263 1382 quia
282 1347 412 1374 terribilis
427 1351 469 1374 est
482 1346 605 1380 angelica
618 1345 697 1378 visio,
713 1350 740 1372 et
754 1345 868 1372 terribili
880 1345 907 1372 in
923 1345 981 1372 loeo

1036 1353 1076 1376 τις
1094 1345 1141 1371 καὶ
1166 1346 1182 1380 ἠ
1199 1345 1332 1381 ἀγγελικὴ
1349 1345 1478 1378 ὀπτασία,
1503 1347 1551 1373 καὶ
1578 1347 1608 1373 ὲν
1625 1347 1734 1382 φοὸερῷ
1752 1349 1831 1383 τόπῳ

197 1399 318 1421 ostensa.
333 1392 421 1425 Quam
440 1391 566 1419 terribilis
583 1396 632 1423 est,
647 1391 745 1426 inquit,
761 1391 835 1418 locus
849 1391 916 1418 iste!
932 1399 981 1418 non

1035 1392 1233 1424 καταφανεῖσα·
1246 1390 1291 1424 Ὠς
1307 1384 1432 1426 φοέερύς
1448 1392 1513 1426 γὰρ,
1525 1394 1617 1427 φησὶν,
1635 1394 1653 1419 ὁ
1665 1393 1758 1426 τόπος
1775 1392 1831 1422 οὗ·

196 1444 235 1466 ιιι
250 1439 291 1466 hic
314 1438 388 1465 aliud
410 1438 464 1466 nisi
484 1439 577 1465 domus
593 1438 682 1465 Dei".
699 1436 792 1472 Neque
814 1441 856 1465 est
880 1438 981 1465 miran-

1034 1437 1107 1470 τοςί
1122 1438 1178 1465 οὐκ
1200 1437 1267 1464 ἐστι
1290 1437 1390 1470 τοῦτο,
1405 1439 1473 1465 ἀλλ’
1488 1438 1507 1472 ἢ
1529 1439 1610 1471 οἶκος
1625 1439 1710 1466 Θεοῦ.
1724 1439 1781 1466 Καὶ
1795 1441 1829 1466 οὐ

196 1484 273 1516 dum,
302 1484 326 1511 si
352 1491 415 1511 eum
435 1483 527 1518 justus
551 1483 679 1511 sacerdos
698 1487 781 1516 esset,
802 1484 927 1510 turbatus
943 1487 981 1511 est

1035 1482 1191 1518 θαυμαστὸν
1219 1483 1244 1509 εἰ
1267 1483 1369 1516 δίκαιος
1389 1483 1426 1510 ὣν
1454 1485 1468 1511 ὁ
1491 1485 1581 1519 ἱερεὺς
1605 1484 1756 1520 ἐταράχθη,
1781 1486 1831 1512 καὶ

197 1530 332 1564 timorque
348 1529 375 1555 in
390 1536 452 1556 eum
469 1529 563 1562 irruit;
579 1528 712 1562 siquidem
728 1532 755 1555 et
771 1527 864 1554 Daniel
874 1528 981 1555 deside-

1035 1528 1118 1562 φόϐος
1139 1528 1274 1555 ἐπέπεσεν
1297 1530 1340 1556 ἐπ’
1353 1529 1444 1560 αὑτὸν,
1465 1530 1532 1556 ὅπου
1553 1530 1600 1558 καὶ
1622 1529 1722 1565 Δανιὴλ
1735 1531 1750 1557 ὁ
1771 1531 1831 1557 τῶν

196 1574 299 1601 riorum
317 1574 368 1606 vir,
391 1573 486 1601 videns
509 1574 659 1608 obstupuit,
671 1577 698 1600 et
714 1573 740 1600 in
759 1573 856 1600 faciem
882 1573 984 1602 cadens

195 1627 242 1647 ore
265 1619 356 1647 hiante
372 1619 433 1651 fuit,
448 1624 558 1654 propter
572 1619 703 1653 angelicae
721 1618 876 1646 emftlentiaz
889 1619 982 1654 splen-

195 1665 288 1693 dorem
312 1665 552 1700 incomparabilem
562 1666 595 1692 ⁷³.
609 1665 742 1700 Apparuit
758 1667 792 1698 ei,
816 1665 914 1700 inquit,
932 1674 982 1693 an-

194 1711 267 1746 gelus
290 1710 408 1738 Domini.
424 1710 495 1743 Quid
511 1711 544 1738 ad
561 1711 617 1738 haec
644 1711 722 1738 nobis
742 1711 838 1738 dicunt
860 1712 887 1738 hi
901 1712 983 1739 semi-

194 1756 350 1787 christiani,
362 1756 408 1790 qui
422 1756 581 1790 angelorum
600 1756 732 1790 imagines
750 1756 808 1784 ﬁeri
820 1757 938 1784 nolunt?
953 1758 981 1784 Si

193 1802 306 1837 angelus
321 1801 355 1828 ab
371 1801 480 1827 homine
494 1800 570 1827 visus
590 1800 648 1831 iuit.
660 1808 725 1835 ergo
739 1801 854 1828 omnino
865 1801 980 1836 ﬁguram

194 1846 331 1878 induerat,
339 1844 412 1872 haud
422 1845 500 1872 aliter
508 1852 590 1879 quam
602 1845 776 1873 cernebatur.
788 1846 870 1874 Visus
878 1851 921 1874 est
929 1854 980 1873 au-

193 1897 247 1919 tem
258 1892 304 1919 tali
314 1891 410 1926 ﬁgura,
418 1891 492 1926 quali
504 1895 585 1918 antea
595 1891 680 1926 Moysi
689 1892 716 1918 in
728 1897 820 1919 monte
831 1892 896 1920 Sina
906 1893 980 1921 circa

192 1936 426 1971 propitiatorium,
450 1935 599 1964 Cherubini
611 1937 638 1964 in
655 1941 718 1972 typo
738 1938 840 1966 ostensi
857 1938 979 1966 fuerunt.

191 1981 268 2014 Quod
285 1981 308 2008 si
322 1981 510 2015 incorporeum
522 1985 549 2008 et
559 1989 612 2009 non
626 1982 783 2017 ﬁguratum,
796 1982 874 2017 juxta
889 1987 980 2010 osten-

191 2034 252 2054 sum
261 2025 614 2061 typumdelineatur,quidni
621 2034 781 2061 corporeum
789 2029 977 2062 etliguratum,

190 2072 288 2104 colori,
306 2072 400 2105 tactui,
420 2072 562 2107 tribusque
579 2072 798 2101 dimensionibus
814 2073 976 2107 obnoxium,

189 2118 279 2153 qualis
299 2117 351 2144 fuit
365 2117 518 2145 Servatoris
532 2118 647 2152 species,
663 2126 718 2146 non
735 2120 924 2154 ﬁgurabimus,
943 2121 977 2148 ad

189 2164 341 2191 evidentem
363 2171 417 2191 non
437 2164 615 2198 phantastica:
634 2165 831 2193 incarnationis
856 2167 915 2201 ejus
930 2167 978 2194 de-

188 2210 436 2237 monstrationem?
459 2208 552 2244 Neque
575 2210 615 2237 sie
646 2218 662 2238 a
687 2211 764 2238 nobis
787 2212 976 2240 circumscribi

187 2258 285 2290 ruent
296 2254 322 2281 hi
337 2254 413 2281 stulti
429 2254 568 2286 deitatem,
581 2262 641 2289 qua:
653 2262 740 2290 neque
756 2256 845 2283 verbis
860 2256 975 2291 exprimi

187 2304 288 2336 potest,
296 2307 385 2334 neque
397 2299 603 2334 comprehendi,
615 2301 694 2335 cujus
704 2301 777 2328 nulla
788 2306 829 2329 est
841 2302 974 2336 positura,

187 2345 262 2372 nulla
289 2344 387 2379 ﬁgura,
403 2344 494 2372 nullus
522 2345 608 2378 locus,
633 2346 706 2373 nulla
734 2347 884 2381 quantitas,
901 2348 976 2375 nulla

185 2389 316 2425 qualitas,
341 2397 391 2416 nec
408 2389 509 2423 aliquid
525 2390 600 2417 aliud
622 2398 654 2418 ex
677 2391 722 2423 iis,
738 2399 799 2425 qua:
817 2394 881 2419 sunt
903 2392 975 2420 intra

185 2435 254 2463 lines
269 2435 544 2470 circumscriptionis,
560 2441 701 2471 propterea
717 2437 791 2471 qttud
810 2438 846 2465 sit
868 2438 974 2465 inlinita

184 2485 212 2509 et
226 2481 519 2515 incomprehensihilis.
536 2481 603 2509 Nam
617 2490 691 2509 nunc
704 2483 786 2510 etiam
804 2483 826 2510 si
842 2484 975 2518 simplicis

184 2528 304 2556 hominis
320 2528 465 2562 imaginem
480 2528 648 2564 efﬁngimus,
662 2529 733 2557 haud
760 2534 834 2557 certe
852 2529 972 2558 animam

184 2575 391 2601 immaterialem
405 2579 432 2601 et
445 2574 537 2609 ﬁgura:
551 2575 708 2610 incapacem
726 2575 886 2610 ﬁguramus,
898 2578 972 2611 quod

182 2621 242 2647 ﬁeri
263 2627 377 2655 prorsus
397 2620 505 2654 nequit;
522 2620 569 2648 sed
584 2621 693 2655 utrique
708 2622 901 2649 convenienter
911 2631 972 2658 quae

183 2670 248 2692 sunt
275 2665 385 2700 propria
412 2665 580 2698 tribuimus;
608 2673 704 2700 nempe
734 2667 972 2703 incircumscripto

182 2711 505 2745 incircumscriptioncm,
519 2711 726 2746 circumscripto
736 2713 972 2748 circumscriptio-

1034 1572 1187 1608 ἐπιθυμιῶν
1201 1573 1283 1608 ἀνὴρ,
1305 1573 1367 1600 ἰδὼν
1383 1574 1536 1609 ἐθαμϐήθη,
1559 1575 1606 1601 ἐπὶ
1625 1575 1774 1610 πρόσωπόν
1797 1584 1830 1602 τε

1034 1618 1186 1650 πεπτωκὼς
1199 1619 1248 1645 καὶ
1262 1619 1366 1655 ἀχανὴς
1393 1620 1524 1653 γεγονὼς,
1539 1620 1572 1655 τῇ
1595 1621 1645 1656 τῆς
1674 1621 1830 1656 ἁγγελικῆς

1033 1664 1170 1699 ὑπεροχῆς
1182 1665 1342 1700 ἀσυγκρίτῳ
1359 1665 1542 1701 λαμπρότητι.
1561 1667 1655 1701 Ὠφθη
1668 1667 1763 1700 αὐτῷ,
1776 1677 1831 1703 φη-

1033 1708 1085 1739 σὶν,
1103 1708 1232 1742 ἅγγελος
1245 1709 1409 1742 Κυρίου.Τὶ
1423 1710 1504 1743 φάσιν
1520 1711 1588 1745 ἡμῖν
1602 1710 1670 1745 πρὸς
1683 1711 1786 1744 ταῦτα,
1803 1713 1830 1738 οἱ

1034 1753 1072 1787 μὴ
1092 1752 1268 1785 εἰκονίζοντες
1296 1755 1454 1790 ήμίχριστοι
1469 1755 1524 1790 (16)
1536 1764 1543 1788 ;
1557 1756 1580 1782 εί
1593 1753 1684 1784 ὦπται
1710 1757 1830 1792 ἄγγελος

1032 1798 1184 1833 ἀνθρώπῳ,
1201 1799 1309 1830 πάντως
1329 1801 1376 1826 καὶ
1398 1801 1546 1827 εἰκόνισται
1558 1801 1684 1837 οὐδαμῶς
1695 1802 1787 1836 ἄλλως
1810 1805 1828 1840 ἢ

1032 1843 1070 1874 ὡς
1093 1841 1198 1870 ὦπται·
1215 1841 1305 1871 ὦπται
1329 1845 1358 1872 δὲ
1381 1845 1411 1872 ὲν
1432 1847 1521 1882 τοιᾷδε
1549 1849 1651 1883 μορφῇ,
1669 1848 1731 1874 καθ’
1746 1848 1766 1875 ἃ
1780 1849 1830 1875 καὶ

1031 1890 1135 1924 Μωῡσῇ
1155 1890 1287 1925 πρότερον
1302 1892 1331 1917 ἐν
1348 1891 1387 1927 τῷ
1405 1892 1462 1927 δρει
1480 1893 1545 1928 Σινᾷ
1561 1893 1595 1919 τὰ
1625 1894 1690 1928 περὶ
1706 1894 1738 1920 τὺ
1767 1894 1827 1921 ἱλα-

1032 1936 1142 1970 στήριον
1170 1937 1311 1972 Χερουϐὶμ
1333 1938 1363 1965 ὲν
1385 1938 1462 1972 τύπῳ
1484 1939 1666 1974 δεικνύμενα·
1689 1939 1738 1966 καὶ
1753 1941 1828 1967 εἰτὸ

1031 1981 1177 2017 ἀσώματον
1205 1982 1252 2008 καὶ
1271 1983 1475 2018 ἀσχημάτιστον
1491 1985 1562 2011 κατά
1581 1985 1627 2010 τὸν
1650 1983 1827 2019 δεδειγμένου

1030 2027 1115 2053 τύπον
1126 2028 1335 2063 περιγράφεται,
1351 2029 1408 2061 πῶς
1421 2029 1452 2056 τὸ
1467 2030 1625 2065 ὲνσώματον
1639 2031 1686 2057 καὶ
1713 2039 1827 2067 σχημα-

1030 2072 1171 2106 τιζόμενον
1186 2072 1337 2100 ὐποπίπτον
1350 2075 1429 2110 χροιᾷ
1442 2083 1471 2101 τε
1485 2075 1531 2102 καὶ
1545 2075 1611 2110 ἁφῇ,
1622 2076 1669 2103 καὶ
1677 2077 1738 2108 ταῖς
1748 2078 1825 2112 τρισὶ

1030 2117 1214 2151 διαστάσεσιν,
1230 2116 1286 2146 οἷον
1299 2122 1328 2147 τὸ
1345 2120 1392 2146 τοῦ
1408 2121 1537 2157 Σωτῆρος
1560 2121 1641 2156 εἶδος,
1656 2122 1707 2149 οὐκ
1723 2124 1825 2150 εἰκονί-

1031 2171 1113 2198 σομεν
1132 2165 1201 2200 πρὸς
1215 2166 1319 2201 ἐναργῆ
1344 2167 1394 2201 τῆς
1416 2168 1637 2202 ἀφαντασιάστου
1652 2169 1736 2196 αὐτοῦ
1753 2178 1824 2204 σαρ-

994 2203 1016 2229 Ῐ)
1031 2209 1141 2242 κώσεως
1159 2211 1296 2244 ἀπόδειξιν
1307 2221 1315 2245 ;
1325 2213 1380 2240 Καὶ
1394 2214 1431 2248 μὴ
1448 2215 1687 2250 συμπεριγράφειν
1700 2216 1778 2251 ἡμᾶς
1792 2203 1824 2243 ἓν

1028 2256 1116 2291 τούτῳ
1133 2257 1289 2292 ἡγήσωνται
1311 2260 1336 2285 οἱ
1359 2259 1476 2294 ἄφρονες
1499 2260 1548 2295 τὴν
1572 2260 1700 2296 θεότητα,
1715 2259 1750 2297 ἦς
1771 2263 1822 2288 οὐχ

1028 2302 1173 2337 ἕκφρασις,
1185 2303 1215 2330 οὐ
1231 2304 1392 2340 κατάληψις,
1409 2306 1440 2332 οὐ
1459 2305 1543 2338 θέσις,
1557 2307 1587 2332 οὺ
1605 2307 1710 2342 σχῆμα,
1729 2308 1763 2334 οὐ
1776 2308 1821 2335 τό-

1028 2356 1090 2381 πος,
1104 2348 1136 2374 οὐ
1158 2349 1285 2384 ποσότης,
1304 2351 1335 2377 οὐ
1362 2351 1524 2387 πηλικότης,
1549 2353 1599 2379 οὐκ
1623 2353 1688 2380 ἀλλο
1713 2362 1741 2381 τι
1764 2354 1821 2381 τῶν

1028 2394 1202 2429 περιγραφῆς
1219 2395 1293 2423 ἔνδον
1315 2396 1359 2423 διὰ
1377 2397 1408 2423 τὸ
1422 2397 1537 2432 ἄπειρον
1557 2399 1603 2425 καὶ
1618 2399 1820 2434 ἀπερίληπτον

1028 2440 1089 2466 ἐπεὶ
1106 2440 1155 2466 καὶ
1169 2441 1285 2468 ἐνταῦθα
1297 2441 1343 2469 τὸν
1357 2443 1449 2474 ἁπλῶς
1465 2443 1608 2478 ἄνθρωπον
1626 2445 1820 2478 εἰκονίζοντις,

1028 2487 1059 2512 οὐ
1082 2486 1113 2513 τὸ
1125 2487 1177 2522 τῆς
1188 2487 1279 2522 ψυχῆς
1293 2488 1375 2514 ἀῦλον
1390 2490 1437 2515 καὶ
1458 2490 1578 2516 ἀνείδεον
1598 2491 1822 2526 συνεικονίζομεν

1028 2533 1147 2565 πάντως,
1162 2533 1192 2559 οὐ
1206 2533 1260 2568 γὰρ
1277 2533 1423 2569 ἐνδέχεται,
1444 2535 1511 2561 ἀλλά
1534 2536 1709 2571 καταλλὴλως
1731 2537 1767 2563 τὰ
1781 2538 1822 2564 οἰ-

1028 2579 1089 2604 κεῖα
1117 2579 1256 2614 ἑκατέρως
1279 2580 1472 2615 ἀπονέμομεν·
1514 2581 1554 2615 τῷ
1581 2582 1768 2617 ἀπεριτράφῳ
1790 2583 1820 2609 τὸ

1028 2622 1229 2658 ἁπερίγραφον,
1244 2623 1291 2650 καὶ
1306 2624 1344 2658 τῷ
1359 2625 1541 2661 περιγραπτῷ
1553 2627 1582 2653 τὸ
1597 2627 1818 2662 ἀπερίγραπτον,

1027 2668 1064 2699 ὡς
1079 2668 1092 2693 ὁ
1103 2669 1152 2702 τῆς
1169 2669 1298 2704 ἀληθείας
1317 2670 1395 2704 λόγος
1417 2672 1594 2708 παρίστησιν.
1613 2673 1777 2700 Ἐπανιτέον
1791 2673 1818 2699 δὲ

1027 2713 1105 2745 αὖθις
1119 2715 1158 2744 εις
1172 2714 1202 2740 τὸ
1219 2715 1409 2750 προκείμενον.

181 2764 255 2790 nem,
275 2762 354 2791 prout
378 2757 499 2784 veritatis
527 2757 595 2784 ratio
612 2758 691 2785 nobis
719 2759 826 2787 suadet.
844 2760 897 2788 Sed
923 2762 956 2789 ad
972 2763 1141 2798 prepositum
1155 2762 1245 2789 denuo
1260 2765 1449 2791 revertendum
1465 2770 1516 2793 est.

216 2814 239 2830 ⁷³
249 2813 328 2840 Joan.
345 2822 362 2844 I,
381 2813 424 2840 l5.
463 2812 485 2827 7‘
501 2812 566 2840 Luc.
588 2821 606 2845 l,
625 2813 668 2846 il,
685 2813 727 2842 l2.
767 2815 788 2831 "
803 2815 873 2844 Gen.
897 2825 991 2851 xxvm,
1019 2817 1062 2845 l7.
1101 2819 1123 2834 "
1145 2818 1212 2845 Dan.
1233 2827 1261 2852 χ,
1277 2819 1303 2847 8.

214 2861 271 2897 (lli)
286 2861 422 2889 lnvehitur
438 2862 465 2889 in
479 2863 686 2896 lconomachos,
708 2868 803 2891 contra
828 2872 896 2904 quos
926 2871 1014 2894 exstat
1031 2866 1113 2895 etiam
1129 2867 1266 2902 peculiare
1287 2867 1400 2897 Studitae
1414 2870 1499 2898 nostri
1514 2879 1594 2906 opus.
