1921 3073
96 112 149 144 ⁸⁷53

417 111 557 142 ORATIO
568 111 635 142 VII.
655 123 690 128 —
709 110 749 141 IN
767 110 799 140 S.
815 109 976 140 JOANNIS
1000 111 1104 141 BAPT.
1126 111 1392 143 NATIVITATEM.

1666 109 1720 141 754

131 171 169 200 ς’.
188 165 262 195 Ebro
278 167 313 193 δὲ
332 167 407 201 πρὸς
418 166 512 193 αὐτὸν
523 167 540 192 ὁ
553 165 680 201 ἅγγελος
691 174 698 180 ·
710 164 758 199 Μὴ
779 164 884 199 φοϐοῦ,

972 165 998 192 6.
1017 167 1091 193 Dixit
1113 171 1201 194 autent
1215 167 1239 194 ei
1257 166 1363 202 angelus
1376 174 1385 193 :
1401 165 1442 194 Ne
1455 167 1559 199 timeat,
1573 165 1717 198 Zacharia,

97 213 239 248 Ζαχαρία,
253 212 329 239 διότι
346 212 531 246 εἰσηκούσθη
545 211 563 245 ἠ
588 211 695 244 δέησίς
707 218 776 237 σου.
795 209 883 241 Εὐθὺς

97 258 254 284 meinati:
278 258 324 284 τὸν
348 257 431 292 φόϐον
454 258 488 292 τῇ
505 257 612 289 πεύσει,
639 253 684 283 οἷα
707 256 724 290 ἡ
749 255 883 289 ἀγγελικὴ

97 303 216 330 όπτασία
235 303 305 337 μιτά
321 303 352 330 τὸ
377 302 504 337 φοϐῆσαι,
529 303 559 329 τὸ
574 302 660 328 δειλὸν
683 301 881 336 ἀφαιρουμένη·

98 349 144 375 καὶ
160 348 292 380 ἐναντίως
317 350 382 384 περὶ
396 348 445 384 τὴν
458 348 616 383 δαιμονικὴν
631 347 734 381 ἔφοδον.
769 347 816 381 Μὴ
832 355 884 380 φο-

98 394 162 428 ϐοῦ,
182 395 259 430 φησὶ,
278 394 419 429 Ζαχαρία,
439 393 514 421 διότι
536 393 720 427 εἰσηκούσθη
734 393 752 426 ἠ
778 392 884 425 δέησίς

98 449 174 469 σοιν
191 441 241 468 καὶ
266 441 286 474 ὴ
311 440 388 475 γυνή
411 448 470 468 σου
497 440 653 467 Ἐλισάσετ
672 439 813 474 γεννήσει
833 445 883 465 σοι

97 487 174 514 υίόν.
188 487 222 513 Ὦ
233 486 283 521 τῆς
299 486 521 521 ἐπιθυμουμένης
536 485 704 521 θεοπαρόχου
720 485 881 517 ὲπιτάξεωςί

97 532 120 558 ὦ
153 532 204 567 τῆς
236 531 403 558 πολυεύκτου
432 530 662 565 ἀγγελοκομίστου
690 530 881 564 ὑποσχέσεωςί

98 577 229 612 ἐπέτυχεν
240 575 271 604 οὗ
288 577 433 603 ιπεπόθειῐ
451 576 550 611 ήνυσιν
570 576 585 602 ὃ
598 575 734 610 ἠντιϐόλει
748 583 756 590 ·
774 572 852 607 εὗρεν
869 575 883 600 ὃ

97 621 237 657 ἐπεζήτει·
254 621 300 648 τδν
311 621 362 656 τῆς
375 622 486 655 ἀγονίας
503 620 656 655 καινισμὺν,
668 620 713 646 τὸν
728 620 776 655 τῆς
789 621 883 646 εὐπαι-

97 668 156 699 δίας
173 667 246 703 [cor].
261 666 400 703 ἀπαιδίας]
414 666 560 702 πορισμὸν,
582 667 633 693 οὐκ
660 665 806 701 ἀκολουθίᾳ
833 666 884 700 φύ-

98 721 178 745 σεως,
193 713 251 740 ἀλλ’
267 713 395 749 ὲπιτυχίᾳ
420 712 567 744 ἐντεύξεως
578 720 585 727 ·
600 711 660 738 οὐδὲ
685 712 739 746 γὰρ
759 711 882 746 κατάρας

96 757 130 793 ἦν
144 759 287 795 ἐπιτίμιον
301 759 318 794 ἡ
344 759 499 793 στείρωσις,
519 758 620 792 ἄπαγε,
639 757 707 784 ἀλλὰ
731 757 881 792 μυστηρίου

99 804 218 838 μεγάλου
243 803 478 840 παρασημείωσις·
497 803 542 830 τοῦ
557 803 610 838 γὰρ
623 803 758 838 Ζαχαρίου
774 803 880 830 ἐπικει-

98 850 180 885 μένου
193 852 254 881 ταῖς
265 851 380 882 πυκναῖς
398 849 466 885 πρὸς
480 849 546 876 Θεὸν
561 849 713 884 ἱκετηρίαις
725 848 882 883 διαλυθῆναι

96 896 145 931 τὴν
159 896 315 930 στιίρωσιν,
332 896 402 931 τάχα
417 895 604 930 ἑπακηκοέναι
615 894 696 921 αὑτὸν
710 893 790 921 δοκῶ·
807 893 884 920 οὔπω

97 941 305 968 συντετέλεσται
328 942 343 968 ό
369 940 484 977 καιρός·
514 939 590 966 οὔπω
618 939 828 975 συνετμήθησαν
856 940 883 966 al

96 986 200 1021 ἡμέραι
210 987 261 1021 τῆς
275 985 445 1020 ἐπιφανείας·
461 985 524 1011 τότε
542 982 588 1011 οὖν
601 984 710 1011 ἐλπισον
723 984 773 1019 τὴν
788 992 882 1010 τεκνο-

96 1031 201 1066 γονίαν,
232 1031 365 1067 Ζαχαρία,
391 1031 509 1066 ὁπηνίκα
531 1030 595 1066 ἔλθῃ
616 1031 633 1066 ἡ
653 1029 801 1065 προσδοκία
829 1029 884 1057 τῶν

97 1078 182 1105 ἐθνῶν
193 1086 201 1094 ·
214 1077 275 1105 τότε
290 1077 402 1113 ἑκδέχου
417 1077 466 1113 τὴν
481 1077 689 1112 ἀποστείρωσιν,
702 1077 803 1104 ὁπόταν
824 1077 884 1112 ἣξει

98 1125 115 1158 ἠ
131 1123 210 1154 ἐλπὶς
225 1123 336 1150 πάντων
361 1123 416 1149 τῶν
439 1122 566 1157 περάτων
581 1121 633 1157 τῆς
647 1123 698 1158 γῆς
708 1130 715 1138 ·
736 1122 830 1158 ἐπειδὴ
855 1123 884 1150 δὲ

98 1164 165 1202 ἧκεν
184 1168 199 1195 ό
210 1167 316 1203 καιρὸς,
331 1167 397 1194 λάϐε
412 1168 442 1194 τὸ
458 1167 628 1203 καταθύμιον
642 1167 685 1195 διὰ
701 1169 752 1202 τῆς
768 1169 816 1194 τοῦ
831 1169 851 1194 Γ
852 1177 883 1195 α-

99 1213 179 1249 ϐριὴλ
195 1214 376 1249 προρρήσεως
386 1221 394 1228 ·
410 1213 616 1248 ἀνακαινίσθητι
628 1214 665 1245 ὼς
685 1214 763 1245 ἀετὸς
777 1215 810 1249 τῇ
827 1214 885 1241 νεό-

98 1267 169 1293 τητι·
184 1258 328 1294 γνώρισον,
351 1259 428 1294 φησὶ,
450 1259 501 1294 τὴν
527 1258 672 1293 όμόζυγονν
690 1259 883 1293 Είσηιιούσθη

99 1304 153 1339 τὰρ
175 1304 195 1337 ἠ
220 1304 326 1338 δέησίς
345 1312 416 1332 σου·
437 1305 487 1332 καὶ
510 1305 529 1337 ἠ
555 1304 631 1339 γυνή
652 1311 710 1332 σου
731 1305 884 1332 Ἐλισάϐετ

99 1350 239 1385 γεννήσει
253 1358 304 1377 σοι
315 1351 392 1383 utor,
407 1351 456 1378 καὶ
476 1352 616 1384 καλέσεις
629 1351 662 1378 τὸ
677 1351 772 1386 ὄνομα
789 1351 884 1379 αὐτοῦ

104 1395 259 1429 Ἰωάννην.
271 1395 420 1431 Ἐγνώρισε
436 1396 482 1422 καὶ
494 1395 613 1431 τοῦνομα
623 1396 638 1423 ὃ
652 1396 818 1431 κληθήσεται
833 1396 885 1429 κάξ

99 1439 182 1474 αὐτῆς
195 1440 246 1474 τῆς
257 1439 435 1475 ἐτυμολογίας
454 1440 493 1467 ίδν
503 1440 617 1468 ἀνωθεν.

933 213 1058 248 quoniam
1069 213 1198 240 exaudita
1221 217 1259 239 eu
1272 213 1357 239 oratio
1373 213 1460 239 tua".
1481 211 1578 239 Statim
1593 212 1718 239 timorem

933 266 966 286 eo
981 258 1076 285 nuntio
1093 258 1264 293 compressit,
1282 258 1346 293 quia
1364 258 1432 285 visio
1448 257 1571 292 angelica
1591 261 1654 292 post
1671 265 1719 292 pa-

935 311 1028 331 vorem
1042 311 1157 331 causam
1172 304 1285 331 timendi
1300 303 1369 331 solet
1389 303 1508 338 eripere;
1524 303 1596 338 quod
1620 303 1647 330 in
1662 303 1719 331 dre-

934 349 1067 376 moniacis
1078 349 1239 378 occursibus
1254 354 1348 376 contra
1358 349 1397 377 ﬁt.
1408 348 1449 376 Ne
1460 349 1564 382 timeas,
1574 348 1718 380 Zacharia.

933 395 1057 429 quoniam
1070 395 1197 422 exaudita
1212 399 1250 422 est
1268 395 1355 423 oratio
1369 399 1426 426 tua,
1439 399 1463 422 et
1477 402 1545 422 uxor
1568 399 1614 422 tua
1630 395 1720 422 Elisu-

933 440 992 468 beth
1004 441 1090 474 [ilium
1105 441 1153 467 tibi
1165 441 1262 475 pariet.
1289 441 1311 467 0
1333 441 1517 468 desideratum
1535 440 1608 475 quod
1627 447 1643 466 a
1665 440 1720 468 Deo

934 486 964 513 fit
982 487 1157 514 mandatum!
1176 494 1193 513 ο
1217 486 1295 513 valde
1318 486 1465 520 optabilem
1479 493 1542 520 quae
1568 485 1602 513 ab
1622 486 1720 521 angelo

933 532 1045 560 aﬂ‘ertur
1059 533 1284 567 promissionem!
1301 532 1450 560 Assecutus
1467 537 1509 559 est
1521 532 1593 567 quod
1610 536 1722 567 optave-

934 584 977 606 rat
991 588 998 607 :
1011 579 1142 612 obtinuit,
1163 579 1236 614 quod
1254 579 1367 614 rogabat
1383 587 1389 605 :
1404 579 1509 606 invenit
1526 579 1600 614 quod
1612 586 1721 614 quaere-

934 625 996 658 bat;
1021 624 1170 652 sterilitatis
1189 624 1379 656 mutationem,
1402 623 1578 651 fecunditatis
1600 624 1719 657 donum;

934 677 988 696 non
1019 674 1124 696 naturae
1155 669 1275 704 sequela,
1305 669 1353 696 sed
1384 676 1496 704 precum
1518 669 1720 703 impctratioue.

934 713 993 741 Non
1010 714 1082 741 enim
1098 713 1296 742 maledictionis
1306 721 1386 748 pcena
1399 718 1459 741 erat
1480 714 1621 745 sterilitas,
1636 713 1719 746 absit,

934 759 981 786 sed
1003 759 1092 794 magni
1109 759 1230 794 mysterii
1246 759 1419 794 significatio.
1436 757 1541 785 Etenim
1558 757 1720 785 Zachariam

936 805 1125 839 frequentibus
1139 805 1173 832 ad
1192 804 1277 831 Deum
1301 804 1428 839 precibus
1444 803 1604 836 instantem,
1620 807 1650 830 ut
1667 803 1721 830 sol-

936 856 1045 878 veretur
1057 850 1197 883 sterilitas,
1214 849 1272 877 hazc
1287 848 1406 876 fortasse
1428 848 1567 876 inaudisse
1581 848 1633 876 sibi
1648 848 1722 875 dicta

936 902 1002 932 puto
1027 897 1170 924 :nondum
1195 896 1360 930 cOmpletum
1383 899 1425 923 est
1448 900 1580 929 tempus:
1600 895 1721 922 nondum

935 943 1005 970 finiti
1024 947 1088 970 sunt
1103 942 1160 970 dies
1173 942 1306 970 adventus
1322 950 1329 968 :
1343 946 1407 969 tune
1420 940 1530 968 demum
1545 941 1630 975 prolis
1645 940 1721 976 geni—

935 991 1024 1014 turam
1039 995 1127 1022 spera,
1140 995 1157 1015 o
1171 986 1313 1020 Zacharia,
1332 987 1442 1022 quando
1463 987 1566 1015 venerit
1580 991 1723 1022 exspecta-

935 1032 974 1059 tio
985 1031 1105 1066 gentium
1119 1041 1126 1059 :
1144 1036 1209 1059 tunc
1220 1036 1349 1066 exspecta
1362 1031 1514 1059 sterilitatis
1528 1031 1722 1064 cessationem,

935 1085 997 1105 cum
1007 1077 1147 1105 advenerit
1155 1085 1218 1113 spes
1231 1078 1354 1105 omnium
1364 1077 1459 1105 finium
1475 1083 1562 1105 teme.
1572 1078 1648 1105 Nunc
1660 1078 1722 1112 quia

935 1128 1043 1158 tempus
1052 1124 1139 1157 adest,
1155 1131 1232 1151 sume
1245 1131 1302 1151 rem
1316 1128 1435 1159 optatam
1451 1131 1497 1158 per
1510 1124 1642 1152 Gabrielis
1653 1131 1722 1158 pra:-

935 1169 1080 1197 dictionem
1095 1178 1102 1196 :
1118 1174 1264 1197 renovetur
1277 1173 1306 1196 ut
1326 1170 1423 1204 aquila!
1437 1170 1568 1204 juventus
1592 1174 1637 1197 tua
1654 1179 1659 1196 :
1677 1178 1724 1197 co-

935 1222 1051 1249 gnosce,
1079 1215 1185 1250 inquit,
1212 1223 1328 1243 uxorem
1352 1220 1437 1243 tuam.
1468 1215 1573 1242 Etenim
1597 1215 1723 1242 exaudita

934 1268 973 1288 est
995 1261 1080 1288 oratio
1095 1266 1152 1293 tua,
1172 1265 1197 1287 et
1216 1269 1283 1288 uxor
1297 1266 1343 1288 tua
1354 1260 1486 1288 Elisabeth
1506 1261 1554 1288 tibi
1572 1260 1657 1295 ﬁlium
1673 1269 1724 1294 pa-

935 1307 995 1339 riet,
1016 1306 1170 1340 vocabisque
1192 1314 1285 1333 nomen
1314 1305 1372 1340 ejus
1395 1305 1534 1332 Joannem.
1558 1304 1725 1340 Significavit

934 1353 1016 1380 etiam
1030 1359 1139 1385 nomen,
1157 1359 1212 1386 quo
1232 1351 1385 1384 vocabitur,
1403 1358 1436 1378 ex
1455 1351 1480 1378 vi
1496 1350 1581 1385 ipsius
1591 1350 1724 1385 etymolo-

935 1396 985 1431 gia:
995 1396 1141 1431 procedere
1153 1395 1188 1422 ab
1200 1395 1265 1423 alto.

133 1483 167 1517 ζ’.
183 1483 258 1512 Εἶχε
275 1484 310 1512 δὲ
323 1486 473 1520 Ζαχαρίας
498 1485 572 1519 πρὸς
598 1486 653 1513 τὸν
666 1486 806 1521 ἄγγελον.
821 1487 885 1514 Δοι-

973 1487 998 1514 7.
1015 1486 1092 1514 Dixit
1115 1491 1203 1514 autem
1228 1486 1372 1514 Zacharias
1387 1486 1491 1522 angelo.
1513 1486 1581 1514 Exin
1597 1493 1660 1513 cum
1675 1493 1724 1513 an-

99 1531 148 1558 πὺν
172 1531 227 1566 γὰρ
252 1530 326 1566 αὺτῷ
344 1531 382 1563 ὡς
402 1531 541 1567 ὁμοδούλῳ
558 1533 700 1568 παρρησίᾳ
719 1532 885 1567 διαλέγεται’

99 1577 179 1604 Κατὰ
192 1577 222 1604 τί
234 1575 387 1612 γνώσομαι
404 1578 505 1610 emito;
519 1578 596 1612 Ἐγὼ
609 1578 665 1613 γάρ
681 1579 740 1613 ειμι
753 1579 886 1613 πρεσϐύ-

98 1631 161 1656 της,
184 1622 235 1650 καὶ
249 1623 269 1657 ἠ
287 1622 364 1657 γυνή
380 1631 440 1658 μου
467 1623 666 1658 προϐεϐηκυῖα
684 1624 719 1650 ἐν
733 1623 799 1657 ταῖς
815 1624 886 1659 ἠμέ-

94 1677 163 1703 ραις
175 1668 282 1702 αὐτῆς.
304 1668 335 1695 Ἦ
353 1669 403 1704 μὲν
417 1669 562 1704 πρόχειρος
578 1670 625 1696 καὶ
641 1670 762 1706 πατρική
777 1671 887 1698 ἀπόδει-

99 1713 149 1745 ξις,
169 1713 300 1746 ἀπιστίας
326 1713 454 1749 ἔγκλημα
475 1715 648 1751 καταγράφει
664 1715 705 1750 τῷ
730 1716 814 1750 ἱερεῖ·
830 1718 844 1743 ό
859 1717 888 1744 δὲ

97 1758 195 1794 παρὼν
214 1759 294 1793 λόγος
318 1760 370 1795 οὐχ
397 1760 576 1793 ὑποπίπτων,
609 1761 667 1788 ἀλλ’
689 1762 717 1787 ὲν
739 1761 888 1798 δοκιμασίᾳ

98 1804 312 1839 προερχόμενος,
335 1805 432 1832 ταυτὸν
460 1806 625 1833 πεπονθέναι
639 1806 707 1841 φησι
724 1807 763 1842 τῷ
779 1808 889 1843 μεγάλῳ

98 1850 184 1886 Θωμᾷ
201 1851 305 1878 καὶτὸν
317 1851 465 1886 Ζαχαρίαν·
478 1851 509 1878 οὐ
521 1851 603 1878 τοῦτο
613 1851 666 1887 γὰρ
675 1849 709 1887 ἦν
724 1852 805 1879 αὑτὸν
815 1853 889 1885 είκδς

99 1897 266 1931 ἠγνοηκέναι
292 1898 436 1933 προφήτην
453 1905 483 1924 τε
505 1897 570 1925 ὄντα
589 1898 637 1924 καὶ
651 1899 684 1924 τὰ
707 1898 767 1925 θεῖα
786 1907 888 1926 πεπαι-

97 1942 240 1977 δευμένον,
250 1943 346 1978 ὅτιπερ
360 1943 464 1970 δύναιτ’
476 1943 509 1970 ἂν
522 1943 589 1975 Θεὸς
600 1943 646 1970 καὶ
663 1943 745 1979 φύσιν
762 1953 888 1979 καινουρ-

98 1988 195 2023 γῆσαι,
220 1989 269 2015 καὶ
283 1989 371 2023 γῆρας
386 1989 555 2023 νεοποιῆσαι,
567 1988 616 2016 καὶ
631 1989 714 2024 πόρον
737 1989 767 2015 ὲν
778 1988 888 2023 ἀμηχά-

99 2042 155 2065 νοις
166 2034 322 2069 διεκφᾶναι,
334 2034 372 2066 ὡς
385 2034 432 2060 ἐπὶ
443 2033 571 2070 ’Δὸραὰμ
587 2034 634 2062 καὶ
646 2035 766 2070 Σάρῥας,
790 2033 829 2066 ὡς
843 2034 890 2061 ἐπὶ

98 2079 151 2114 τῆς
163 2079 370 2115 Σουναμίτιδος,
381 2081 429 2107 καὶ
441 2080 496 2107 τῶν
513 2080 601 2107 ἀλλων
613 2079 745 2107 ποικίλων
760 2079 807 2106 καὶ
820 2088 889 2106 παν-

97 2124 225 2154 τοδαπῶν
235 2123 318 2151 αὐτοῦ
333 2124 494 2159 τεραστίων.
507 2123 576 2150 Ἀλλ’
593 2123 687 2159 ἐπειδὴ
699 2125 726 2150 αἱ
740 2123 793 2150 τῶν
802 2123 888 2159 μεγά-

98 2169 154 2197 λων
169 2169 219 2196 καὶ
234 2157 395 2204 παραδόξων
410 2169 580 2204 προσδοκιῶν
594 2157 755 2203 ἐπαγγελίαι
775 2157 890 2202 ἐξάπινα
905 2157 927 2185 D

97 2216 267 2251 ἀκουόμεναι
288 2216 432 2249 ταράττειν
460 2224 518 2247 πως
542 2215 653 2243 εἰώθασι
671 2216 720 2250 τὴν
741 2215 842 2251 ψυχὴν,
859 2216 888 2243 οὺ

99 2262 169 2297 πρὸς
189 2261 319 2288 ἀπιστίαν
332 2261 562 2296 ἀναϐαλλόμενος,
579 2258 669 2297 οῐμαι,
683 2261 751 2288 ἀλλά
764 2262 832 2296 πρὸς
845 2270 890 2289 τε-

98 2307 210 2334 λείωσιν
223 2308 464 2343 ὲπισπιυδόμενος,
477 2307 559 2338 εὐθὺς
576 2305 620 2334 οἵα
638 2307 684 2342 ὑφ’
699 2308 795 2344 ἡδονῆς
810 2309 891 2342 ἁλοὺς

97 2353 238 2387 ἁναφωνεῖ
252 2354 300 2380 καὶ
310 2352 420 2388 φράζει,
432 2352 512 2381 Κατὰ
526 2353 555 2379 τί
561 2352 712 2388 γνώσομαι
726 2354 816 2381 τοῦτο
827 2355 890 2390 ;Μὴ

97 2399 130 2433 δὴ
155 2398 340 2435 παραλογίσῃ,
367 2398 500 2434 μηδαμῶς
523 2398 669 2435 διαψεύσῃ,
696 2399 767 2426 δίδου
797 2409 841 2435 μοι
859 2401 889 2427 τὸ

96 2443 248 2478 ιπίσημον,
266 2443 370 2479 πάρεχε
384 2452 430 2479 μοι
439 2444 470 2470 τὸ
482 2444 622 2479 ἐνέχυρον·
636 2444 674 2478 ὡς
695 2445 778 2472 πάλαι
793 2446 807 2471 ὀ
823 2446 889 2478 Θεὸς

97 2489 138 2523 τῷ
148 2488 279 2524 Ἀϐραὰμ
292 2490 360 2524 πρὸς
375 2490 406 2516 τὸ
421 2490 547 2523 γενέσθαι
566 2490 646 2516 αὐτὸν
659 2490 765 2525 πατέρα
784 2491 889 2517 πολλῶν

97 2534 197 2567 ἐθνῶν,
209 2535 258 2562 καὶ
277 2537 311 2562 ὲκ
321 2535 371 2570 τῆς
382 2536 482 2570 ὀσφύος
497 2535 581 2564 αὐτοῦ
599 2536 787 2569 ἐξελεύσεσθαι
813 2538 889 2572 βασι-

97 2579 166 2612 λεῖς,
177 2581 210 2606 τὸ
223 2580 274 2615 τῆς
286 2581 437 2616 περιτομῆς
451 2583 564 2617 σημεῖον
579 2590 585 2596 ·
605 2582 651 2610 καὶ
665 2583 718 2619 πρὸ
730 2583 837 2616 τούτου,
851 2584 888 2616 ὡς

96 2626 138 2662 τῷ
158 2627 221 2653 Νῶε
247 2627 315 2662 πρὸς
329 2628 360 2654 τὸ
377 2627 415 2663 μὴ
435 2628 535 2662 ἐπάξαι
553 2629 746 2665 κατακλυσμὸν
767 2631 815 2658 ἐπὶ
841 2632 889 2667 τῆς

96 2673 163 2709 γῆς,
174 2673 206 2700 τὸ
216 2674 247 2701 ὲν
264 2674 299 2709 τῇ
315 2675 414 2711 νεφέλῃ
427 2674 512 2708 τόξον·
527 2675 594 2711 πρὸς
606 2666 709 2709 τούτοις
724 2677 769 2704 καὶ
785 2677 888 2713 Μωῡσῇ

145 2799 169 2814 ’⁷
187 2799 256 2828 Luc.
273 2806 293 2831 ι,
311 2799 354 2826 l3.
408 2800 429 2815 ⁷⁸
446 2799 512 2831 ibid,
532 2800 584 2827 18.-

937 1532 997 1567 gelo
1020 1536 1148 1567 tanquam
1174 1540 1306 1560 conservo
1329 1532 1450 1567 loquitur
1474 1540 1482 1559 :
1509 1531 1647 1564 Quomodo
1677 1532 1725 1559 hoc

938 1578 1111 1613 cognoscam?
1120 1586 1166 1613 ego
1177 1579 1247 1605 enim
1261 1586 1339 1605 aenea;
1349 1586 1418 1610 sum,
1430 1583 1455 1605 et
1468 1585 1536 1605 uxor
1548 1586 1606 1604 mea
1621 1585 1726 1612 proces-

937 1623 972 1650 sit
993 1624 1021 1650 in
1043 1624 1134 1651 diebus
1151 1624 1249 1652 suis".
1265 1623 1425 1652 Communis
1442 1623 1554 1658 quidem
1569 1629 1596 1651 et
1611 1623 1724 1650 Patrum

938 1669 1113 1705 explanatio,
1136 1669 1336 1697 incredulitatis
1360 1676 1436 1697 reum
1462 1669 1528 1697 dicit
1545 1669 1724 1696 sacerdotem.

938 1716 973 1743 At
987 1720 1082 1743 noster
1105 1723 1196 1743 sermo
1210 1715 1252 1743 his
1271 1723 1325 1743 non
1345 1715 1533 1750 acquiescens,
1547 1714 1594 1742 sed
1616 1714 1725 1749 experi-

939 1763 1022 1790 menti
1046 1770 1129 1790 causa
1161 1762 1279 1796 ulterius
1306 1761 1493 1796 progrediens,
1522 1760 1592 1788 idem
1615 1767 1725 1794 passum

939 1805 1098 1834 Zachariam
1111 1806 1160 1839 ait,
1170 1808 1242 1841 quod
1259 1813 1386 1841 magnum
1404 1805 1550 1832 Thomam.
1562 1804 1639 1832 [laud
1653 1804 1726 1832 enim

939 1853 1086 1880 verisimile
1100 1857 1150 1885 est,
1163 1852 1320 1887 prophetam
1338 1851 1377 1879 rei
1393 1851 1492 1878 divina
1516 1858 1632 1886 gnarum
1649 1850 1725 1885 igno-

939 1906 1026 1931 rasse,
1043 1905 1124 1933 posse
1145 1898 1229 1925 Deum
1248 1902 1276 1924 et
1295 1902 1421 1925 naturam
1441 1897 1585 1929 innovare,
1606 1900 1633 1923 et
1647 1903 1728 1924 sene-

939 1945 1007 1972 ctuti
1023 1945 1094 1972 vires
1106 1946 1270 1976 instaurare,
1285 1947 1312 1971 et
1327 1944 1429 1971 bonum
1450 1943 1552 1970 exitum
1575 1941 1728 1976 desperatis

939 1988 1023 2015 rebus
1035 1988 1188 2022 ostendere,
1207 1993 1237 2015 ut
1258 1988 1284 2015 in
1299 1987 1455 2015 Abrahamo
1469 1987 1592 2022 Saraque
1611 1986 1686 2019 fecit,
1700 1991 1729 2013 et

939 2034 967 2062 in
999 2033 1180 2067 Sunamitide,
1196 2038 1223 2061 et
1237 2034 1263 2060 in
1276 2033 1336 2061 aliis
1355 2033 1502 2066 cujuslibet
1514 2033 1624 2068 generis
1634 2025 1727 2068 prodi-

940 2080 1047 2114 giorum
1073 2080 1193 2108 casibus.
1207 2079 1262 2107 Sed
1283 2079 1347 2114 quia
1369 2082 1577 2114 magnarum,et
1591 2085 1652 2113 quae
1665 2082 1730 2105 sunt

942 2132 1040 2162 pratter
1055 2127 1224 2162 opinionem,
1235 2125 1470 2160 exspectationum
1485 2124 1692 2159 promissiones,
1705 2123 1729 2151 si

943 2176 1054 2207 repente
1071 2172 1217 2199 audiantur
1229 2170 1393 2198 conturbare
1414 2168 1471 2197 fere
1485 2169 1610 2197 animum
1625 2169 1727 2201 solent;

942 2217 1090 2245 Zacharias
1103 2225 1156 2244 non
1172 2216 1364 2244 incredulitate
1380 2215 1522 2248 hasitans,
1538 2219 1569 2243 ut
1591 2222 1663 2247 reor,
1681 2215 1728 2242 sed

942 2265 975 2293 ad
987 2265 1027 2292 rei
1040 2263 1233 2300 perfectionem
1247 2263 1390 2296 festinans,
1403 2262 1475 2290 illico
1486 2267 1615 2297 tanquam
1629 2260 1729 2295 gaudio

942 2314 1084 2345 correptus
1096 2309 1231 2338 exclamat
1249 2309 1341 2343 aitque
1357 2317 1364 2335 :
1382 2307 1525 2341 Quomodo
1551 2307 1605 2334 hoc
1629 2313 1729 2341 cogno-

942 2356 1039 2383 scam?
1056 2354 1095 2382 Ne
1113 2362 1157 2382 me
1173 2354 1304 2389 decipies,
1319 2360 1354 2381 ne
1367 2361 1411 2381 me
1424 2352 1514 2385 fallas,
1527 2352 1562 2380 da
1578 2351 1645 2379 mihi
1660 2351 1729 2379 indi-

943 2402 1027 2434 cium,
1045 2400 1134 2435 praebe
1158 2400 1226 2428 mihi
1256 2399 1383 2432 arrham;
1410 2403 1440 2426 ut
1464 2398 1530 2426 olim
1547 2397 1618 2426 Deus
1641 2397 1728 2425 Abra<

944 2449 1036 2481 hamo,
1047 2452 1078 2475 ut
1089 2446 1265 2482 persuaderet
1281 2446 1339 2473 fore
1353 2445 1429 2472 illum
1445 2444 1592 2472 multarum
1606 2444 1728 2479 gentium

943 2498 1060 2529 patrem,
1073 2498 1101 2521 et
1116 2500 1150 2521 ex
1164 2493 1225 2528 ejus
1251 2492 1352 2520 lumbis
1369 2499 1445 2527 reges
1468 2491 1600 2521 orituros.
1619 2489 1730 2517 tradidit

943 2539 1161 2568 circumcisionis
1188 2539 1295 2573 signum
1313 2547 1319 2565 :
1334 2542 1361 2564 et
1389 2541 1451 2564 ante
1477 2537 1551 2563 hunc
1574 2534 1683 2563 Noacho
1700 2541 1729 2562 ut

944 2585 1024 2614 fidem
1039 2585 1148 2617 faceret,
1166 2591 1306 2618 nunquam
1323 2586 1415 2618 postea
1433 2582 1579 2609 adductum
1596 2580 1629 2607 iri
1646 2587 1729 2614 super

944 2636 1045 2660 terram
1065 2630 1209 2663 diluvium,
1219 2637 1312 2657 arcum
1325 2628 1444 2656 ostendit
1456 2627 1482 2654 in
1499 2627 1570 2654 nube
1588 2635 1595 2654 :
1611 2625 1729 2659 denique

943 2677 1028 2713 Moysi
1043 2677 1146 2713 virgam
1161 2677 1188 2704 in
1201 2683 1315 2711 anguem
1329 2678 1474 2708 mutatam,
1488 2677 1514 2701 ct
1526 2681 1590 2701 mox
1603 2679 1653 2700 suo
1670 2675 1727 2700 sta-
