1921 3073
184 114 236 147 ’155

782 117 812 146 S.
832 113 1027 146 THEODORI
1042 113 1215 145 STUDIT/E

1756 117 1810 150 756

185 173 223 199 tui
238 170 404 204 restitutam,
421 175 452 199 ut
466 171 586 208 Egyptii
608 173 759 208 crederem,
771 174 795 202 ci
812 173 972 210 apparuisse

1026 173 1072 209 τὴν
1094 174 1258 208 όφιωθεῖσαν
1292 173 1337 201 καὶ
1351 173 1449 201 θᾶττον
1470 173 1743 202 ἀποκατασταθεῖσαν
1759 176 1810 211 ράσ

185 216 261 244 illum
276 216 322 252 qui
336 215 394 243 Est.

220 304 247 332 8.
262 304 295 331 Et
307 304 465 339 respondens
474 304 582 339 angelus
597 305 666 332 dixit
680 306 703 332 ei
718 313 726 332 :
742 306 810 333 Ecce
819 306 870 333 erit
883 311 971 334 tacens

186 349 267 385 neque
288 350 360 384 loqui
382 349 481 381 valens,
498 354 636 384 propterea
653 350 722 384 quod
744 350 828 377 verbis
841 351 904 377 meis
919 358 971 377 non

186 396 324 423 credidisti
350 395 515 429 (addendum
550 400 612 427 est,
644 396 716 430 quod
749 395 970 431 subintelligitur,

186 449 295 477 nempe.
315 441 478 476 simpliciter
493 446 517 468 et
537 442 595 469 sine
616 442 885 477 inquisitione),qute
906 447 972 470 tem-

185 495 249 523 pore
272 495 321 514 tuo
337 487 577 518 complebantur".
594 487 706 522 Recepit
729 496 795 523 ergo
824 489 971 517 Zacharias

185 534 293 569 signum
312 534 335 560 ci
353 535 392 560 rei
407 539 635 566 consentaneum,
652 542 751 569 nempe
770 535 846 562 vocis
862 535 972 563 caducae

185 579 334 611 silentium,
349 587 397 613 pro
414 587 479 606 voce
489 579 550 606 viva
563 587 595 606 ac
610 580 783 607 subslantiali
797 588 857 615 quae
872 588 934 608 mox
946 581 972 608 ei

185 625 314 660 parienda
342 629 411 652 erat.
443 625 552 652 Interim
584 626 754 660 complicatis
775 616 973 659 labiisIIaudm

185 671 299 698 vocibus
316 671 420 698 auditui
439 671 580 706 imperviis
595 672 679 706 prolis
695 666 817 699 datorem
828 681 834 699 :
847 672 973 707 Egressus

186 717 268 748 enim,
283 716 381 752 inquit.
391 717 463 751 loqui
479 725 529 743 non
541 722 663 752 poterat:
676 723 700 744 et
716 723 892 753 cognoverunt
905 719 974 753 quod

185 763 310 790 visionem
338 763 445 789 vidisset
460 763 486 789 in
503 764 598 798 templo
615 771 625 789 :
638 770 663 790 et
694 764 748 798 ipse
768 769 823 791 erat
849 765 971 797 innitens,

186 808 335 843 mansitque
362 813 450 835 mulus
459 809 492 836 °°.
510 809 612 836 Partim
638 809 746 844 quidem
767 818 801 837 ne
822 810 974 844 interroga-

187 859 272 887 retur,
288 855 352 890 quia
367 854 509 882 I‘erendum
534 862 589 882 non
604 860 705 882 eratut
719 855 788 882 visio
803 856 905 890 passim
923 864 972 883 au-
988 844 1010 872 Β

186 900 291 927 diretur
308 908 314 926 :
329 901 426 934 partim
454 907 530 932 vero,
548 905 578 927 ut
593 900 638 935 qui
661 900 863 935 quodammodo
876 908 972 929 exces-

186 948 261 971 serat
287 951 319 971 ex
347 944 485 976 sensibus,
507 949 635 979 totusque
661 945 688 972 in
709 952 738 972 se
763 945 821 979 ipso
837 945 971 973 visionem

186 989 396 1020 ruminabalur,
424 994 516 1017 mutus
547 995 620 1017 esset
641 989 674 1017 ad
697 991 871 1018 verberantes
882 998 972 1018 aerem

186 1042 338 1062 sermones.
366 1034 422 1062 Nec
446 1035 622 1062 inverisimile
640 1041 682 1063 est
705 1035 842 1070 propheta:
857 1042 972 1071 patrem,

185 1079 335 1114 prophetiae
353 1085 543 1115 argumentum
570 1081 614 1108 hic
629 1082 794 1116 signiﬁcare.
814 1083 840 1110 id
858 1087 900 1110 est
917 1083 973 1110 for-

186 1129 258 1152 tasse
275 1125 370 1160 legalis
393 1126 483 1153 cultus
507 1127 699 1158 cessationem,
718 1135 774 1162 pra:
789 1128 974 1161 divulgatione

186 1170 275 1197 cultus
287 1171 439 1198 secundum
455 1172 570 1206 gratiam
585 1172 611 1199 iu
630 1171 743 1199 Joannis
757 1173 908 1200 nativitate.
920 1173 973 1200 Sed

184 1215 252 1249 jam,
267 1216 439 1243 intermediis
453 1217 575 1250 omissis,
591 1225 651 1252 qua:
665 1219 698 1245 ad
713 1223 875 1253 prmsentem
898 1219 969 1247 diem

187 1268 242 1288 non
272 1262 418 1296 pertinent,
433 1270 548 1297 qumque
573 1263 645 1290 vires
667 1268 766 1291 nostra:
781 1265 908 1300 persequi
925 1273 972 1294 ne-

188 1311 302 1342 queunt,
316 1315 413 1335 rursus
428 1308 460 1334 ad
476 1308 500 1335 id
519 1309 592 1343 quod
607 1309 691 1337 instat
706 1310 856 1339 veniamus.

223 1399 249 1426 9.
271 1398 304 1425 Et
322 1399 422 1433 factum
445 1405 494 1433 est,
511 1400 611 1435 inquit,
625 1409 684 1428 cum
699 1403 815 1429 audisset
837 1402 973 1429 Elisabcth

187 1442 378 1470 salutationem
386 1444 489 1475 Μαι-ίαν,
497 1445 637 1471 exsultavit
649 1445 738 1479 infans
747 1446 844 1481 gaudio
859 1447 885 1472 in
899 1451 972 1473 utero

187 1489 281 1522 rjus‘“.
300 1488 322 1516 Ο
337 1488 467 1521 Joamu-s,
487 1490 549 1517 felix
562 1490 664 1523 infans,
679 1491 742 1526 vigil
757 1493 887 1528 embryon
899 1494 905 1520 ι
919 1493 972 1526 Qui

187 1540 216 1560 es
244 1534 270 1560 in
292 1538 379 1566 utero,
396 1536 534 1569 quomodo
557 1536 584 1563 in
609 1537 732 1564 mundo?
744 1538 791 1572 qui
806 1538 926 1566 nondum
943 1545 973 1566 es

187 1579 335 1615 perfectus,
353 1582 492 1616 quomodo
507 1590 535 1610 es
551 1583 796 1613 absolutissimus?
812 1586 859 1620 qui
884 1593 973 1614 seme-

186 1624 261 1656 stris,
284 1626 421 1660 quomodo
451 1627 607 1662 longaevus?
632 1629 678 1663 qui
703 1630 822 1656 nondum
853 1631 974 1665 cogitare

188 1673 274 1703 potes,
290 1671 428 1704 quomodo
446 1679 476 1699 cs
491 1672 744 1706 prudentissimus?
758 1673 806 1708 qui
821 1673 896 1708 loqui
918 1682 972 1701 non

186 1721 276 1750 potes,
296 1717 434 1750 quomodo
448 1717 574 1752 expedite
593 1718 725 1745 disseris?
745 1719 790 1745 dic
813 1719 904 1751 nobis,
917 1719 972 1752 dic,

185 1769 250 1796 age;
263 1763 407 1790 tenebroso
421 1764 538 1790 materni
554 1764 623 1791 uteri
639 1764 699 1791 loco
715 1764 804 1791 adhuc
815 1764 973 1796 couclusus,

185 1808 318 1835 visualem
342 1809 396 1835 vim
426 1809 546 1836 nondum
575 1816 717 1841 exercens,
741 1817 807 1837 aure
829 1811 972 1845 strepitum

186 1853 290 1880 nullum
303 1854 442 1886 hauriens,
452 1854 573 1881 vocalem
583 1861 682 1882 sonum
700 1855 820 1882 nondum
832 1855 971 1887 emittens,

186 1898 362 1926 ambulatorii
385 1904 477 1926 motus
495 1900 616 1926 nondum
640 1900 789 1935 particeps,
808 1901 894 1929 risum
923 1902 972 1929 ho-

185 1944 268 1971 minis
294 1944 434 1978 proprium
463 1944 553 1971 adhuc
576 1953 632 1972 non
659 1953 803 1979 exsereus;
834 1947 973 1981 quomodo

186 1990 437 2024 audistiquomodo
461 1997 505 2017 res
531 1990 638 2019 divinas
667 1992 822 2026 eloqueris?
835 1993 973 2028 quomodo

184 2034 299 2062 exsilis?
313 2034 451 2068 quomodo
473 2036 614 2063 exsultas?
630 2037 775 2072 responde,
794 2045 810 2065 ο
826 2038 974 2067 mirabilis-

186 2081 265 2108 sime.
281 2080 408 2116 Magnum
438 2085 489 2114 est,
514 2082 569 2115 ait,
586 2083 758 2118 mysterium,
777 2088 804 2112 et
833 2089 911 2113 actus
939 2085 973 2113 ab

186 2125 306 2153 humana
331 2132 453 2154 remotus
468 2128 723 2162 comprehensione.
749 2129 845 2158 Merito
871 2131 973 2159 iunovo

186 2176 323 2205 naturam,
337 2178 447 2208 propter
458 2182 520 2201 eum
532 2175 578 2209 qui
593 2179 634 2203 est
645 2176 825 2204 innovaturus
836 2185 879 2205 res
888 2186 971 2212 supra

186 2223 322 2246 naturam.
339 2219 461 2255 Embryo
483 2228 545 2247 cum
563 2221 626 2254 sim,
643 2226 762 2250 attamen
791 2230 885 2255 cerno,
908 2224 972 2258 quia

183 2263 295 2298 iustitiae
317 2264 401 2291 solem
427 2264 454 2291 in
475 2270 552 2292 utero
581 2270 714 2300 gestatum
739 2266 828 2294 video.
855 2267 971 2294 Aurium

185 2317 266 2337 sensu
276 2310 375 2345 polleo,
389 2311 520 2345 quoniam
534 2311 616 2339 audio
627 2319 671 2339 me
681 2319 775 2340 vocem
787 2313 879 2348 magni
892 2311 973 2340 Verbi

185 2355 272 2384 nasci.
296 2356 390 2383 Clamo
404 2357 468 2391 quia
492 2357 662 2392 unigenitum
682 2357 779 2384 Filium
802 2357 892 2385 Patris
907 2365 974 2386 con-

186 2402 275 2429 sidero
306 2402 488 2430 incarnatum.
516 2402 634 2436 Exsilio,
652 2404 718 2438 quia
736 2411 827 2430 rerum
847 2404 972 2431 omnium

185 2447 341 2475 Creatorem
374 2449 462 2476 sentio
494 2449 613 2476 hominis
655 2448 770 2476 formam
809 2449 971 2484 sumpsisse.

185 2494 310 2527 Exsulta,
329 2494 392 2529 quia
420 2494 631 2530 Redctnptorem
660 2495 755 2522 mundi
771 2495 892 2530 intelligo
912 2503 974 2522 cor-

186 2545 323 2575 poratum.
341 2541 510 2576 Principium
525 2542 614 2573 vobis,
630 2541 730 2576 inquit,
745 2541 869 2576 signiﬁco
884 2540 931 2567 Dei
945 2540 973 2567 in

187 2588 317 2615 mundum
338 2588 487 2623 ingressus,
514 2593 543 2616 et
558 2589 708 2623 corporalis
727 2595 871 2623 processus
886 2597 893 2614 :
907 2595 975 2622 prae-

185 2641 268 2662 curro
293 2635 431 2664 adventui.
447 2640 475 2662 et
488 2634 689 2669 quodammodo
704 2635 781 2661 vobis
797 2642 885 2669 praeco
906 2641 974 2661 con-

187 2680 346 2708 fessionem.
356 2680 462 2708 Sumite
472 2681 619 2716 psalmum,
636 2685 666 2707 ut.
677 2688 739 2708 cum
752 2680 855 2708 Davide
867 2681 973 2715 loquar,

184 2729 214 2753 et
235 2730 520 2761 tympanum,utcum
543 2728 686 2762 propheta,
702 2726 860 2762 psalterium
873 2726 973 2762 jucun-

221 2821 244 2835 "
262 2822 326 2849 Luc.
347 2823 390 2850 ἑο.
430 2823 452 2838 ’θ
465 2822 532 2850 Ibid.
545 2822 589 2855 22,
628 2822 660 2848 ".
678 2822 745 2855 Ibid,
762 2823 807 2851 41.

1022 220 1083 246 ὁδον
1097 220 1137 251 εἰς
1146 219 1176 245 τὸ
1191 219 1336 246 πιστεῦσαι
1347 221 1403 251 τοῖς
1415 219 1575 254 Αἰγυπτίοις
1586 217 1722 247 ὂτιῶτπαι
1733 221 1810 256 αὺτῷ

1021 266 1035 291 ό
1050 265 1114 292 Ὠν.
1814 272 1817 274 ·

1056 314 1092 346 η’.
1111 310 1164 338 Kal
1178 310 1360 345 ἀποκριθεὶς,
1372 310 1463 344 φησὶν,
1477 311 1493 337 δ
1504 309 1632 344 ἄγγελος
1651 308 1737 337 εἶπεν
1756 311 1811 337 αὐ.

1021 355 1070 389 τῷ·
1084 355 1163 383 Ἰδοὺ
1191 356 1250 390 ἔσῃ
1275 355 1397 382 σιωπῶν
1416 355 1466 382 καί
1487 355 1532 390 μὴ
1561 355 1731 390 δυνάμενος
1753 357 1810 382 λα-

1021 401 1132 436 λῆσαι,
1162 402 1228 430 ἀνθ’
1244 399 1289 428 ὦν
1319 401 1509 434 ὴπίστευσας
1538 401 1600 434 τοῖς
1631 403 1735 436 λόγοις
1750 409 1811 436 μου

1024 447 1197 484 (προσθετέον
1226 446 1296 473 κατὰ
1321 447 1352 472 τὸ
1380 446 1557 482 σιωπώμενον
1586 447 1682 478 ἁπλῶς
1704 455 1735 472 τε
1762 447 1810 473 καὶ

1022 492 1229 525 ἀνεξετάστως),
1261 492 1371 525 οἵτινες
1401 492 1653 526 πληρωθήσονται
1682 493 1727 524 εις
1757 492 1812 518 τὸν

1022 537 1126 571 καιρὸν
1139 536 1249 563 αὐτῶν.
1264 536 1364 563 Ἐλαΰε
1378 537 1468 563 τοίνυν
1483 537 1514 563 τὸ
1529 537 1812 572 σημεῖονόΖαχαρίας

1023 582 1191 618 κατάλληλον
1212 582 1252 617 τῷ
1280 583 1434 617 πράγματι,
1454 582 1560 616 σιωπὴν
1575 582 1695 617 φθογγῆς
1709 582 1812 617 λυομέ-

1023 637 1082 664 νης,
1098 628 1165 663 πρὸς
1185 627 1307 663 φθογγὴν
1324 627 1414 659 ζῶσαν
1425 628 1472 654 καὶ
1485 628 1665 654 ἐνυπόστατον
1680 626 1813 662 τεχθησο-

1025 673 1108 708 μένην
1123 672 1208 707 αὐτῷ’
1226 673 1274 699 καὶ
1289 672 1451 708 συμπτύξας
1460 673 1494 698 τὰ
1513 672 1588 707 χείλη
1613 671 1694 706 ὑμνεῖ
1707 671 1813 706 φωναῖς

1023 718 1201 750 ἁνακούστοις
1215 718 1260 744 τὸν
1281 718 1328 744 τοῦ
1348 717 1427 743 τόκου
1442 717 1542 752 δοτῆρα
1555 725 1562 732 ·
1580 716 1728 748 Ἐξελθὼν
1745 716 1811 749 γὰρ,

1024 764 1116 800 φησιν,
1134 765 1189 790 οὐκ
1202 763 1334 797 ἠδύνατο
1348 762 1496 797 λαλῆσαι·
1508 762 1556 789 καί
1575 762 1754 797 ἐπέγνωσαν
1767 762 1813 788 ὅτι

1025 810 1174 836 ὀπτασίαν
1184 808 1315 843 ἑώρακεν
1326 809 1360 835 ὲν
1374 808 1414 841 τῷ
1430 807 1504 840 ναῷ·
1520 808 1570 835 καί
1583 808 1674 840 αὐτὸς
1689 805 1729 842 ἦν
1745 807 1812 833 δια-

1024 857 1130 888 νεύων,
1151 856 1199 882 tta!
1218 855 1306 889 ἔμενε
1320 855 1429 889 κωφός.
1445 855 1482 880 Τὸ
1496 854 1546 888 μὲν
1559 854 1627 889 πρὸς
1639 854 1670 880 τὸ
1691 854 1728 888 μὴ
1744 854 1815 889 ἐρω-

1023 901 1132 934 τᾶσθαι,
1144 901 1182 932 ὡς
1197 901 1226 927 οὑ
1241 900 1373 927 καθεκτὸν
1392 900 1426 926 τὰ
1450 900 1500 934 τῆς
1514 899 1646 930 ὀπτασίας
1668 898 1813 930 ἀκοντίζε-

1025 948 1097 975 σθαι·
1113 947 1148 974 τὰ
1163 947 1190 974 δὲ
1207 947 1244 978 ὡς
1258 944 1314 973 οἷον
1337 945 1495 981 ἑκϐεϐηκὼς
1514 945 1568 971 τῶν
1589 945 1753 980 αἰσθήσεων,
1765 944 1813 970 καὶ

1023 993 1062 1023 είς
1080 991 1176 1018 ἑαυτὸν
1196 991 1256 1022 ὂλος
1278 991 1308 1017 τὺ
1320 990 1418 1026 ὁραθὲν
1431 990 1660 1025 συοτρεφόμενος,
1677 989 1814 1023 κωφεύειν

1023 1037 1079 1068 τοῖς
1098 1036 1277 1072 ἀεροκτύποις
1292 1036 1448 1070 λαλήμασιν
1461 1043 1468 1050 ⁸
1487 1036 1564 1063 οὐδὲν
1575 1035 1603 1062 δὲ
1619 1033 1675 1062 οἷον
1690 1035 1728 1066 ὡς
1743 1043 1812 1069 προ-

1024 1081 1202 1118 φητοπάτορα
1216 1081 1261 1108 καὶ
1274 1080 1443 1116 προφητείας
1465 1080 1545 1116 ἔργον
1561 1079 1700 1106 κάνταῦθα
1715 1081 1813 1114 ἐπιση-

1026 1128 1143 1163 μαίνεινθ
1156 1127 1203 1153 καὶ
1217 1126 1295 1152 τοῦτό
1308 1127 1381 1152 ἐστιν
1392 1126 1458 1157 ἴσως
1472 1127 1488 1160 ή
1501 1125 1550 1160 τῆς
1562 1125 1677 1159 νομικῆς
1684 1124 1813 1160 λατρείας

1026 1173 1126 1204 παῦλα,
1136 1172 1204 1208 πρὸς
1219 1172 1268 1207 τὴν
1283 1172 1312 1197 ὲν
1326 1172 1360 1206 τῇ
1375 1172 1465 1206 χάριτι
1476 1170 1520 1197 διὰ
1535 1170 1585 1204 τῆς
1597 1170 1752 1204 γεννήσεως
1764 1168 1811 1195 τοῧ

1031 1218 1154 1244 Ἰωάννου
1176 1217 1336 1251 ἀνάρρησιν.
1354 1216 1451 1242 Τοίνυν
1467 1215 1692 1250 παραδραμόντες
1708 1213 1742 1239 τὰ
1762 1213 1813 1257 ’διὰ

1027 1263 1121 1298 μέσου,
1140 1263 1178 1294 ὡς
1194 1261 1256 1288 οὔτε
1281 1263 1314 1297 τῇ
1333 1261 1425 1296 ἡμέρᾳ
1447 1261 1593 1294 ἀνήκοντα,
1607 1260 1661 1286 οὐδ’
1676 1260 1745 1294 αὐτῇ
1764 1259 1813 1285 δυ-

1024 1308 1106 1343 νάμει
1122 1307 1202 1343 ἡμῶν
1216 1307 1326 1341 ἐφικτὰ,
1346 1305 1422 1338 αὖθις
1438 1307 1484 1332 ἐπὶ
1502 1306 1532 1332 τὸ
1549 1306 1711 1339 κατεπεῖγον
1735 1305 1813 1331 ἐλευ-

1025 1353 1147 1389 σώμεθα.

1059 1401 1092 1428 θ’.
1113 1400 1167 1427 Καὶ
1179 1399 1305 1434 ἐγένετο,
1317 1399 1409 1433 φησὶν,
1423 1398 1463 1431 ὠς
1474 1398 1608 1432 ἤκουσεν
1624 1398 1640 1432 ἦ
1655 1396 1812 1425 Ἐλισὰσετ

1024 1446 1077 1474 τὸν
1095 1446 1260 1480 ἀσπασμὸν
1271 1445 1327 1479 τῆς
1342 1445 1464 1479 Μαρίας,
1479 1445 1641 1478 ὲσκΙρτησε
1656 1444 1687 1470 τὸ
1697 1443 1814 1477 βρέφος

1024 1492 1058 1519 ἐν
1071 1490 1247 1526 ἀγαλλιάσει
1261 1490 1295 1516 ἐν
1314 1490 1350 1524 τῇ
1371 1491 1470 1522 κοιλίᾳ
1485 1488 1590 1523 αὐτῆς.
1606 1486 1642 1514 Ὠ
1655 1489 1766 1523 Ἰωάννη
1783 1487 1815 1514 τδ

1026 1537 1162 1573 μακάριον
1183 1536 1291 1571 βρέφος,
1316 1536 1346 1562 τὸ
1362 1535 1512 1570 ἀκοίμητον
1525 1535 1660 1570 ἓμὸρυονί
1688 1534 1716 1560 ’0
1730 1533 1816 1568 ἐγγά-

1025 1590 1126 1617 στριος,
1149 1581 1208 1613 πῶς
1232 1582 1394 1616 ὲγκόσμιοςς
1418 1581 1432 1607 ὁ
1459 1580 1611 1612 ἀτέλεστος,
1631 1580 1690 1612 πῶς
1711 1580 1817 1615 πληρέ-

1025 1635 1137 1659 στατοςς
1149 1628 1163 1653 ό
1176 1627 1362 1662 ἐξαιιηνιαῖος,
1376 1626 1433 1657 πῶς
1456 1625 1630 1660 πολυχρόνιος
1640 1633 1647 1657 ;
1657 1625 1671 1651 ὁ
1686 1623 1816 1659 ἀδιανόη-

1023 1682 1079 1706 τος,
1091 1673 1148 1704 πῶς
1159 1672 1395 1708 ὲμφρονέστατος;
1410 1671 1424 1697 ὁ
1440 1671 1608 1703 ἀδιάλεκτος,
1618 1670 1676 1702 πῶς
1691 1669 1818 1703 εὒλαλοςς

1024 1720 1128 1755 φράσον
1145 1719 1221 1754 ἡμῖν,
1237 1718 1387 1754 φράσον,ἐν
1395 1716 1503 1752 ζοφερῷ
1516 1717 1609 1752 χωρίῳ
1618 1716 1666 1751 τῆς
1685 1715 1818 1750 μητρῴας

1024 1765 1120 1801 νηδύος
1135 1765 1323 1800 συνεχόμενος,
1339 1763 1389 1799 τὴν
1411 1763 1543 1799 ὁρατικὴν
1566 1763 1623 1796 ἕξιν
1639 1762 1717 1788 οὔπω
1739 1763 1803 1796 ὲνερ

1023 1812 1090 1846 γῶν,
1120 1811 1165 1837 τὸν
1180 1809 1343 1837 ἀκουστικὸν
1359 1809 1445 1844 ψόφον
1465 1809 1541 1836 οὔπω
1555 1808 1755 1844 εἰσδεχόμενος,
1770 1807 1820 1833 τὸν

1024 1856 1176 1892 φωνητικὸν
1193 1855 1311 1891 φθόγγον
1328 1854 1404 1881 οῠπω
1429 1855 1544 1888 ἐκϐοῶν,
1559 1854 1608 1889 τὴν
1633 1861 1820 1888 περιπατητι-

1024 1901 1075 1936 κὴν
1089 1901 1196 1936 κίνησιν
1211 1899 1288 1926 οὔπω
1304 1899 1485 1935 μετειληφὼς,
1500 1900 1531 1926 τὸ
1541 1898 1703 1933 γελαστικὸν
1716 1898 1819 1932 ἰδίωμα

1024 1947 1100 1973 οὓπω
1125 1945 1343 1981 ἐπιτετηδευκὼς
1359 1953 1365 1961 ·
1382 1945 1440 1976 πῶς
1454 1945 1573 1980 ⁴,διορᾷκ
1599 1944 1658 1975 πῶς
1689 1944 1816 1976 ὲπαῖεις;

1025 1993 1083 2024 πῶς
1096 1992 1249 2025 οεολογεῖς;
1266 1991 1325 2023 πῶς
1338 1991 1538 2026 περισκιρτᾷς;
1554 1990 1683 2021 ππαπῶς
1696 1989 1817 2024 ἀγάλλῃς

1023 2038 1171 2073 ἀπόκριναι
1181 2038 1258 2072 ἡμῖν,
1276 2036 1432 2072 ἀπόκριναι,
1442 2033 1464 2062 ὦ
1477 2037 1644 2070 πανάγαστε·
1660 2035 1752 2069 Μέγα,
1763 2044 1818 2070 φη-

1025 2084 1079 2116 σιν,
1094 2083 1124 2110 τὸ
1138 2083 1300 2118 τελούμενον
1316 2083 1475 2118 μυστήριον,
1495 2082 1542 2108 καὶ
1571 2081 1623 2114 ἔξω
1639 2081 1818 2117 ἀνθρωπίνης

1025 2129 1204 2164 καταλήψεως
1214 2129 1244 2154 τὺ
1258 2128 1359 2163 δρᾶμα·
1377 2127 1533 2162 καινοτομῶ
1547 2127 1660 2158 εἰκότως
1672 2126 1722 2162 τὴν
1734 2126 1819 2160 φύσιν

988 2168 1009 2196 Ῐ)
1024 2175 1067 2202 διὰ
1087 2175 1133 2201 τὸν
1160 2174 1329 2208 καινοτομεῖν
1353 2173 1487 2208 μέλλοντα
1501 2173 1571 2208 ὑπὲρ
1588 2171 1679 2207 φύσιν·
1695 2172 1820 2207 ἕμδρυος

1026 2225 1111 2258 [retro
1126 2219 1257 2256 ἔμϐρυον]
1270 2219 1309 2246 ὢν
1329 2219 1395 2255 ὁρῶ,
1414 2219 1564 2254 ἐπειδήπερ
1587 2219 1632 2245 τὸν
1648 2218 1699 2253 τῆς
1711 2219 1819 2244 δικαιο-

1026 2267 1109 2303 σύνης
1136 2267 1211 2301 ἥλιον
1240 2266 1331 2300 βλέπω
1358 2265 1579 2301 κυοφορούμενον
1595 2272 1603 2280 ·
1638 2263 1819 2299 ἒνωτίζομαι,

1025 2313 1175 2348 ἐπειδήπερ
1188 2312 1287 2343 ὲπαῖω,
1297 2312 1333 2342 ὡς
1345 2311 1422 2346 φωνὴ
1436 2310 1484 2337 τοῦ
1495 2311 1613 2347 μεγάλου
1626 2309 1713 2344 Λόγου
1726 2310 1822 2336 τικτό-

1029 2366 1119 2394 μενος·
1137 2356 1256 2388 ἀναϐοῶ,
1271 2357 1420 2392 ἐπειδήπερ
1446 2356 1492 2383 τὸν
1518 2355 1650 2391 μονογενῆ
1676 2355 1740 2381 Υίὸν
1768 2355 1820 2382 τοῦ

1026 2405 1133 2441 Πατρδς
1159 2403 1284 2430 κατανοῶ
1299 2402 1486 2438 σαρκούμενον
1498 2409 1506 2418 ο
1535 2401 1650 2435 σκιρτῶ,
1666 2401 1821 2436 ἐπειδήπερ

1025 2451 1072 2478 τὸν
1091 2449 1138 2476 τοῦ
1155 2449 1256 2480 παντὸς
1273 2449 1392 2484 Ποιητὴν
1418 2448 1584 2483 αἰσθάνομαι
1614 2447 1819 2483 ἀνθρωπομορ-

1028 2497 1180 2531 φοὺμενον·
1198 2495 1362 2530 άγάλλομαι,
1379 2494 1528 2529 ἐπειδήπερ
1544 2494 1588 2520 τὸν
1605 2493 1753 2528 Λυτρωτὴν
1768 2492 1819 2519 τοῦ

1029 2542 1132 2577 κόσμου
1150 2541 1307 2576 διανοοῦμαι
1321 2539 1542 2575 σωματούμενον·
1559 2539 1646 2574 ἀρχὴν
1661 2539 1736 2574 ὑμῖν,
1762 2547 1819 2573 φη-

1030 2588 1082 2621 σὶν,
1099 2587 1267 2622 σημαίνομαι
1281 2586 1330 2620 τῆς
1346 2585 1393 2612 τοῦ
1406 2585 1473 2612 Θεοῦ
1489 2586 1518 2612 ὲν
1542 2585 1636 2620 κόσμῳ
1658 2585 1820 2623 εἰσαγωγῆς

1027 2633 1074 2660 καὶ
1089 2632 1250 2668 σωματικῆς
1268 2631 1484 2667 προσελεύσεως·
1501 2630 1644 2666 προτρέχω
1658 2631 1706 2663 τῆς
1721 2630 1819 2665 ἐπιδη-

1029 2679 1103 2714 μίας,
1120 2678 1167 2706 καὶ
1179 2675 1234 2704 οἷον
1248 2677 1355 2713 ἐξάρχω
1371 2677 1434 2712 ὑμῖν
1451 2677 1499 2712 τῆς
1512 2676 1734 2712 ὲξομολογήσεως
1745 2683 1751 2689 ο
1769 2675 1818 2702 λά-

1027 2726 1090 2754 ϐετε
1106 2724 1222 2761 ψαλμὸν,
1237 2724 1386 2757 Δαυῖτικῶς
1398 2725 1496 2756 εἰπεῖν,
1508 2723 1557 2750 καὶ
1573 2722 1725 2758 τύμπανον,
1746 2729 1819 2756 προσ
