1921 3073
77 125 134 158 757

354 125 494 156 ORATIO
512 126 593 156 VIII.
609 140 644 146 -—-
664 129 705 158 IN
730 124 1045 160 DECOLLATIONEM
1060 124 1092 154 S.
1110 123 1270 154 JOANNIS
1294 123 1398 154 BAP’I‘.

1641 123 1696 156 758

79 182 215 218 φητικῶς,
231 181 380 218 ψαλτήριον
396 184 510 218 τερπνὸν
534 183 604 218 μετὰ
625 184 740 220 κιθάρας
752 193 759 199 ·
785 186 866 220 ᾅσατε

921 181 985 209 dum
1009 187 1073 207 cum
1088 179 1204 211 cithara,
1219 183 1326 206 cantate
1341 182 1367 206 et
1387 179 1494 213 psallite
1524 178 1573 212 illi,
1593 185 1703 207 narrate

79 227 157 262 αὐτῷ
176 229 224 254 καὶ
239 227 343 262 ψάλατε
360 227 445 263 αὐτῷ·
463 228 629 265 διηγήσασθε
653 229 742 256 πάντα
754 230 789 256 τὰ
801 230 867 257 θαυ-

81 273 167 307 μάσια
177 273 271 300 αὐτοῦ.

116 322 142 346 ι’.
155 317 219 350 'Ap‘
236 316 294 350 οὖν,
313 317 436 352 Ἰωάννη,
464 318 652 354 ὑπερανέστης
679 319 714 346 τὰ
740 320 866 354 ὲπίγεια;

78 363 240 399 προέκυψας
256 364 297 395 είς
307 364 343 390 τὰ
357 363 472 398 οὐράνια
488 371 495 396 ;
513 364 756 398 ὑπερανασέὃηκας
781 366 867 399 ἀγγε-

78 408 160 438 λικὰς
177 409 226 435 καὶ
243 408 454 444 πρωτουργικὰς
471 409 688 444 διακοσμήσας
704 410 762 441 πῶς
777 408 823 436 οὖν
835 418 868 444 γε

79 450 174 488 ὧνπερ
196 453 247 489 τὴν
272 454 354 488 φύσιν
369 453 420 480 οὐχ
443 454 588 486 ὲπελάὸου,
606 454 710 480 τούτων
726 455 774 490 τὴν
790 455 868 487 τάξιν

79 499 128 526 καὶ
142 498 221 531 ἀξίαν
234 498 424 534 ἁπεκληρώσω
437 507 445 531 ;
461 499 490 525 τὸ
503 499 596 530 αὐτοῖς
611 499 640 531 ἐξ
655 499 751 530 αίῶνος
771 500 868 535 ἄδηλον

79 545 127 571 καὶ
147 544 302 578 ἀδίδακτον,
318 544 399 576 εὐθὺς
428 544 465 577 ὡς
489 544 558 580 μετὰ
580 544 646 571 Θεὸν
684 545 868 581 διαπορθμεύο

80 598 130 621 σας
178 590 226 616 καὶ
269 590 424 624 διαγγείλας
465 590 532 625 ἡμῖν
562 589 651 616 ταῦτα
678 589 718 616 ἔτι
756 590 868 624 μαιευό-

81 643 182 669 μενος;
206 635 263 661 οὐκ
278 635 462 670 ἀεροπόνησα,
480 635 573 670 φησὶν,
590 636 641 661 οὐκ
655 635 869 670 ὲνεφελοδρόμη-

79 689 123 712 σα,
138 680 189 715 οὐχ
207 680 410 715 ὑπερουράνισα
420 702 427 713 ,
444 681 494 716 οὐχ
505 681 716 716 ὑπερανέστηκα
734 681 789 708 τῶν
803 681 867 716 φλο-

77 725 169 761 γερῶν
179 725 227 753 καὶ
244 727 400 761 ἀσωμάτων
412 727 554 760 δυνάμεων
568 735 575 742 ·
595 727 633 762 μὴ
652 727 732 753 τοῦτο
746 727 868 754 ὑπονοεί-

79 771 148 805 σθω,
165 771 224 798 ἀλλ’
237 773 252 798 ὁ
265 771 360 799 ἐπάνω
376 772 485 799 πάντων
507 771 556 802 ὣν,
575 771 623 798 καὶ
653 772 741 806 μένων
767 772 795 799 ὲν
812 774 868 804 τοῖς

79 816 218 851 πατρῴοις
235 816 344 847 κόλποις
359 817 407 843 σὺν
427 816 497 851 ἁγίῳ
521 816 672 851 Πνεύματι,
689 816 778 842 λαϐὼν
793 817 868 853 ἀδια-

80 861 188 892 στὰτως
203 861 327 892 ἅπαντας
342 862 406 893 τοὺς
423 861 555 896 πυρίνους
573 861 748 896 λειτουργοὺς
772 862 867 893 αὐτοῦ.
885 851 906 878 Β

77 906 117 938 ὡς
133 906 178 932 ἐπ’
197 906 277 934 ἄλλον
288 907 403 942 οὐρανὸν
414 906 597 942 εἰσεληλυθώς
613 906 642 932 ὲν
655 909 688 942 τῇ
705 907 804 942 γαστρὶ
821 907 870 942 τῆς

78 953 260 988 ἀειπαρθένου
268 953 387 988 Μαρίας,
397 952 560 986 ἑνεφάνησεν
569 952 663 978 ἑαυτὸν
674 952 721 978 καὶ
729 961 762 986 με
766 961 801 987 μυ
806 960 869 978 στα-

78 997 191 1032 γὼγηκὲ
205 1006 250 1032 μοι
268 998 301 1024 τὰ
313 997 475 1032 τηλικαῦτα·
485 995 657 1032 μηνυτὴςοῦν
675 997 733 1031 εἰμὶ
746 996 791 1022 τοῦ
805 996 869 1031 βρέ-

78 1050 157 1075 φους,
171 1042 223 1074 ἂτι,
242 1041 366 1068 Παιδίον
383 1040 523 1075 γεννᾶται
541 1041 623 1075 ἡμῖν,
637 1041 703 1074 υίὸς
727 1042 775 1069 καὶ
799 1041 870 1075 ὑμῖν

77 1088 169 1122 ἐδόθη
181 1088 252 1115 κατὰ
266 1088 312 1114 τὸν
326 1089 412 1122 μέγαν
432 1088 556 1120 Ἡσαΐαν,
573 1089 587 1114 ὁ
601 1087 655 1122 πρὸ
668 1088 774 1115 αἰώνων
787 1088 866 1120 Θεός·

81 1133 248 1169 στειροφυὴς
265 1134 344 1168 γόνος
362 1133 500 1168 τυγχάνω,
517 1133 557 1159 ὁτι
576 1133 741 1168 παρθενικδς
759 1135 774 1160 ό
789 1133 869 1165 τόκος

78 1177 287 1213 προελεύσεται.
304 1179 336 1204 Ὢ
363 1180 413 1214 τῆς
429 1178 587 1213 ὑπερφυοῦς
609 1178 812 1214 μεγαλουργίας
825 1187 831 1194 ·
846 1179 869 1205 ὣ

77 1224 128 1258 τῆς
142 1223 298 1259 παραδόξου
316 1224 516 1260 τερατουργίας
534 1233 540 1239 ·
554 1221 598 1251 οἷα
623 1224 689 1259 ἡμῖν
704 1225 734 1250 τὸ
759 1225 869 1251 ἅτικτον

79 1267 181 1303 βρέφος
209 1269 418 1303 εὐαγγελίζεται
446 1270 589 1304 σήμερον;
622 1269 725 1304 πηλίκα
755 1271 822 1305 ἡμῖν
854 1271 868 1297 ό

84 1314 227 1341 Ἐλισάδετ
240 1314 321 1346 τόκος
339 1314 473 1348 θεολογῶν
489 1315 706 1350 προμεμήνυκε;
728 1315 868 1350 σκιρτάτω

80 1360 194 1394 ὑφήλιος
205 1359 300 1386 ἅπασα
311 1378 319 1392 ,
334 1359 474 1394 χορευέτω
494 1361 510 1394 ἡ
533 1360 681 1394 Ἐκκλησία
698 1361 846 1396 προεόρτια
858 1381 865 1394 ,

79 1404 239 1439 προεισόδια
252 1405 286 1431 τὰ
300 1404 409 1438 γενέσια
425 1404 480 1430 τῶν
495 1404 613 1440 Χριστοῦ
629 1404 776 1438 γενεθλίων
798 1413 867 1432 παν-

79 1449 261 1486 ηγυρίζουσα,
270 1450 318 1476 καὶ
332 1450 419 1485 χαρᾶς
435 1449 601 1485 πληρούσθω
615 1450 649 1477 τὰ
662 1450 808 1485 σύμπαντα
821 1450 866 1476 τὸν

78 1495 204 1532 μηνυτὴν
225 1494 359 1530 δεξάμενα
383 1496 433 1531 τῆς
456 1495 504 1522 τοῦ
531 1495 726 1531 παμϐασιλέως
754 1496 866 1523 ὲτιελεὺ-
881 1509 902 1538 C

79 1550 157 1572 σιως.

116 1589 161 1614 ια’.
193 1586 276 1620 ³Δλλ“,
293 1583 317 1614 ὧ
335 1587 453 1622 μακάριε
477 1586 598 1622 Ἰωάννη,
616 1587 630 1613 ό
651 1587 706 1614 τῶν
729 1587 867 1622 μεγίστων

81 1633 194 1668 μέγιστε
223 1625 379 1668 προὶρήτης,
394 1634 408 1659 ὁ
434 1632 589 1668 πρώτιστος
615 1634 644 1660 ὲν
657 1633 817 1666 ἀποστόλοις
831 1642 837 1648 ·
853 1635 867 1660 ό

78 1679 132 1706 τῶν
160 1679 310 1715 μαρτύρων
333 1679 500 1714 ἐξοχώτατος
529 1679 741 1714 μεγαλόμαρτυς
755 1700 762 1712 ,
780 1680 794 1706 ὸ
816 1680 867 1714 τῆς

79 1725 183 1759 ἐρήμου
218 1725 402 1759 Θεοκόσμητος
425 1724 578 1759 πολιοῦχος,
596 1726 610 1751 ὁ
624 1725 671 1751 τοῦ
696 1725 866 1758 ὼραιοτάτου

79 1768 198 1804 νυμφίου
213 1769 291 1803 φίλος
308 1769 499 1803 ὴγαπημένος,
513 1769 528 1794 ὁ
550 1768 599 1795 τοῦ
615 1769 756 1803 ἀφράστου
778 1770 867 1804 φωτὸς

79 1815 175 1850 λύχνος
203 1815 413 1850 ἡτοιμασμένος,
430 1815 445 1840 ό
457 1814 504 1841 τοῦ
520 1815 636 1849 ἀμώμου
663 1815 763 1850 Ἀμνοῦ
779 1815 867 1850 κήρυξ

80 1861 308 1895 πεπιστευμένος,
325 1861 339 1886 ὁ
352 1860 402 1894 τῆς
419 1860 554 1895 πατρικῆς
567 1860 659 1894 φωνῆς
686 1860 796 1895 ἄριστος
815 1862 866 1887 ἐπ-

79 1907 241 1942 ακροὰμων,
262 1907 277 1932 ό
302 1905 454 1941 βαπτιστὴς
475 1905 595 1940 Χριστοῦ
618 1906 836 1940 κεκηρυγμένος,
852 1907 866 1932 ὀ

86 1951 210 1988 Ἦρώδου
237 1951 380 1985 ἀσελγείας
405 1951 514 1986 ἐλεγχος
541 1951 833 1985 πεπαῤῥησιοισμὲνος,
852 1952 866 1977 ὁ

79 1999 134 2028 τοῖς
148 1999 178 2024 ὲν
200 1997 265 2033 ᾅδου
280 1997 330 2032 τὴν
345 1997 418 2032 ζωὴν
430 1997 612 2032 προμηνύσας
622 2016 629 2029 ,
648 1997 664 2032 ἡ
681 1997 866 2031 θεοσήμαντος

79 2043 199 2077 σάλπιγξ
211 2043 261 2077 τῆς
277 2043 449 2077 οἰκουμένης,
465 2043 566 2077 ἧχησον
579 2042 627 2069 καὶ
642 2041 690 2068 νῦν
705 2043 770 2078 ἡμῖν
785 2043 864 2077 οὐρα·

77 2088 166 2122 νόθεν,
180 2089 241 2119 mi;
254 2089 413 2123 ἱερωτάταις
425 2088 585 2123 πρεσὸείαις
595 2108 602 2118 ,
620 2088 667 2114 καὶ
678 2088 795 2123 εὐμενὴς
821 2088 867 2115 ἔσο

78 2134 116 2169 τῷ
143 2134 271 2170 ὲπᾴδοντί
296 2143 338 2160 σοι
361 2133 420 2169 λαῷ
437 2135 471 2169 τῇ
488 2142 518 2160 τε
533 2133 665 2168 ἐλαχίστῃ
680 2142 728 2160 σου
750 2133 863 2169 ποίμνῃ,

79 2181 128 2206 σὺν
142 2179 182 2215 τῷ
197 2179 352 2214 διαφέροντι
372 2187 416 2214 μοι
436 2179 524 2214 Πατρί
543 2178 599 2214 (17)
618 2178 820 2213 συγγνωμονῶν
836 2187 865 2205 τε
880 2171 904 2199 Ι)

78 2224 112 2252 αὖ
122 2225 263 2260 τῆςτολμη
267 2225 316 2260 ρᾶς
329 2233 380 2260 μου
390 2224 438 2250 τοῦ
449 2224 556 2259 πτωχοῦ
565 2225 761 2259 ἐγχειρήσεως,
770 2224 818 2258 οὺχ
828 2224 866 2256 ὡς

78 2271 260 2306 δωροφορίαν,
279 2270 337 2296 ἀλλ’
349 2270 386 2302 ὼς
403 2269 479 2305 παρὰ
495 2269 590 2296 δούλου
615 2269 728 2304 ἀχρείου
747 2269 866 2305 ὼφειλήν

78 2325 119 2344 σοι
134 2318 185 2344 σὺν
199 2316 276 2351 φόρῳ
294 2324 325 2342 τε
344 2316 391 2342 καὶ
401 2315 476 2350 πόθῳ
489 2315 699 2352 προσαγομένην
712 2323 719 2330 ·
733 2311 755 2349 ᾧ
769 2316 785 2351 ὴ
801 2316 865 2348 δόξα

77 2363 124 2389 καὶ
136 2362 206 2397 τιμὴ
220 2362 268 2388 καὶ
291 2362 308 2397 ἡ
322 2361 523 2396 προσκύνησις,
536 2361 585 2387 σὺν
609 2360 648 2394 τῷ
662 2361 866 2396 παντοκράτορι

78 2408 167 2443 Ila-cpi.
186 2407 234 2434 καὶ
255 2407 382 2442 παναγίῳ
399 2399 550 2441 Πνεῦματι,
567 2406 614 2433 νῦν
629 2406 676 2433 καὶ
691 2406 747 2437 ἀεὶ,
765 2407 812 2433 καὶ
827 2409 865 2438 εἰς

77 2453 140 2484 τοὺς
155 2453 258 2482 αίῶνας
275 2452 329 2479 τῶν
347 2451 463 2478 αἰώνων.
485 2451 582 2486 ’Δμή-ι.

453 2497 493 2523 H'.

86 2543 247 2584 Ἐγκώμιρζ
263 2543 376 2584 εις-τὴν
390 2541 547 2584 ἀποςομὴν
561 2541 615 2581 τῆς
632 2541 713 2584 Ιερᾷς
729 2542 866 2584 κξφᾳλῆς

79 2577 130 2606 τοῦ
143 2577 280 2613 μεγάλου
294 2577 464 2604 Βαπτιστοῦ
481 2577 609 2611 Χριστοῦ
620 2577 670 2603 καὶ
680 2577 860 2611 ΙΙροδρόμου.

920 225 1014 252 omnia
1027 224 1163 252 mirabilia
1179 225 1249 259 ejus.
1707 233 1714 251 ι

953 321 997 348 10.
1015 320 1084 348 Num
1101 328 1178 355 ergo,
1197 327 1214 347 0
1230 320 1363 352 Joannes,
1379 327 1461 354 supra
1481 324 1588 347 terrena
1609 328 1704 348 exces-

918 367 999 394 sisti?
1015 366 1139 394 celestia
1156 365 1320 400 inspexisti?
1335 365 1405 392 ultra
1420 364 1559 399 angelicas
1570 370 1596 392 et
1609 366 1704 400 primi-

918 413 1011 446 genias
1034 415 1175 439 creaturas
1197 411 1362 438 ascendisti?
1379 409 1520 443 Quomodo
1537 410 1620 445 igitur
1633 419 1702 446 quo-

919 465 978 484 rum
999 462 1128 484 naturam
1146 463 1201 483 non
1217 463 1247 483 es
1264 455 1390 488 sortitus,
1413 456 1510 482 horum
1531 456 1655 482 ordinem
1672 463 1705 484 ac

918 501 1078 537 dignitatem
1090 501 1240 536 recepisti?
1260 501 1295 528 ita
1311 505 1341 527 ut
1353 500 1424 534 quod
1440 508 1456 527 a
1472 500 1572 527 saeculo
1584 501 1704 536 ignotum

918 551 977 574 erat
997 552 1025 574 et
1042 554 1096 573 non
1117 547 1259 578 traditum,
1274 545 1367 574 statim
1385 545 1464 580 quasi
1482 551 1580 580 praeter
1597 545 1643 573 Dei
1661 546 1704 574 in-

919 592 1045 620 stitutum
1066 592 1121 619 huc
1135 591 1270 622 attuleris,
1286 591 1422 625 nobisque
1436 592 1617 624 uuntiaveris,
1641 600 1703 620 cum

920 641 947 664 tu
969 637 1058 665 adhuc
1076 637 1236 664 obstetricio
1259 644 1341 671 opere
1370 636 1504 671 indigeas.
1535 637 1594 664 Non
1612 644 1704 665 aerem

919 684 1007 716 inquit
1022 685 1154 718 verbero,
1176 691 1230 711 non
1251 684 1376 711 discurro
1403 683 1509 716 nubes,
1541 692 1594 711 uon
1620 684 1704 711 cmlos

920 728 1088 760 transcendi,
1107 735 1161 754 non
1177 727 1281 754 excessi
1300 735 1381 761 supra
1399 727 1494 760 igneas
1517 727 1704 760 incorporeas—

919 780 973 806 que
989 772 1115 799 virtutes.
1140 771 1224 798 Nemo
1239 771 1265 797 id
1281 770 1436 805 suspicetur
1453 779 1459 797 :
1477 776 1537 796 nam
1553 769 1598 804 qui
1622 776 1705 803 supra

921 824 963 844 res
986 824 1083 844 omnes
1108 821 1160 849 est,
1186 821 1330 849 manetque
1360 816 1387 842 in
1414 819 1528 850 paterno
1556 815 1618 841 sinu
1643 821 1703 841 cum

921 867 1017 889 sancto
1033 862 1147 896 Spiritu,
1167 861 1235 888 clam
1254 868 1369 895 prorsus
1390 860 1517 887 ouinihus
1542 859 1628 894 igneis
1652 859 1704 886 mi-

921 906 1016 934 nistris
1029 907 1097 940 suis,
1110 907 1189 940 quasi
1202 907 1228 933 in
1244 905 1318 932 aliud
1332 906 1431 932 coelum
1444 910 1552 932 uterum
1567 905 1706 939 ingressus

921 959 1028 986 semper
1040 951 1164 985 Virginis
1177 952 1279 984 Maria:,
1294 951 1478 978 mauifcstavit
1493 958 1523 978 se
1538 950 1616 981 mihi,
1626 954 1706 984 atque

922 998 978 1024 hznc
997 997 1060 1024 talia
1089 1001 1218 1032 tantaque
1245 997 1364 1024 edocuit.
1395 996 1465 1032 Ergo
1484 996 1599 1023 infantis
1624 996 1705 1023 index

921 1050 994 1074 sum,
1021 1050 1119 1076 nempe
1139 1043 1210 1076 quod
1237 1043 1308 1069 Puer
1326 1043 1444 1069 nascitur
1467 1042 1558 1073 nobis,
1585 1045 1609 1068 et
1633 1041 1706 1075 ﬁlius

919 1087 999 1113 datus
1022 1091 1059 1113 est
1078 1086 1162 1118 nobis,
1181 1093 1261 1121 prout
1281 1095 1396 1122 magnus
1420 1087 1506 1114 lsaias
1523 1087 1560 1113 ait
1573 1087 1606 1118 3’,
1633 1085 1706 1113 Deus

920 1135 983 1158 ante
998 1132 1110 1159 saecula.
1129 1132 1217 1159 Natus
1233 1132 1265 1159 de
1286 1132 1371 1159 sterili
1390 1139 1462 1170 sum,
1480 1132 1543 1166 quia
1564 1139 1628 1158 mox
1649 1131 1705 1158 vir-

919 1177 1014 1211 gineus
1030 1185 1139 1212 quoque
1155 1181 1250 1212 partus
1265 1177 1395 1212 prodibit.
1410 1177 1432 1203 0
1447 1185 1515 1211 opus
1531 1177 1705 1211 magnificum

918 1226 946 1248 et
973 1223 1198 1256 supernaturalel
1229 1230 1246 1250 ο
1273 1223 1489 1256 inexspectatum
1521 1221 1704 1249 miraculum!

918 1267 1015 1300 Qualia
1032 1268 1111 1296 nobis
1138 1268 1230 1296 infans
1256 1268 1376 1295 nondum
1400 1272 1481 1295 natus
1500 1268 1580 1295 hodie
1598 1275 1706 1294 annun-

919 1313 987 1341 tiat!
1004 1319 1123 1348 quantas
1141 1314 1220 1342 nobis
1236 1318 1330 1348 partus
1349 1313 1514 1341 Elisabetha:
1539 1321 1582 1340 res
1598 1313 1705 1340 divinas

919 1360 1059 1394 praediciti
1082 1360 1209 1387 Exsultet
1230 1364 1300 1387 terra
1321 1360 1468 1391 universa,
1491 1359 1634 1394 pervigilio
1654 1359 1706 1386 hoc

919 1405 1042 1432 Ecclesia
1057 1406 1136 1440 quasi
1151 1405 1258 1432 choreis
1272 1405 1394 1440 plaudat,
1414 1405 1588 1432 festivitatem
1602 1404 1706 1432 scilicet

918 1449 1020 1477 Christi
1040 1451 1180 1478 natalibus
1196 1451 1326 1485 przeviam
1348 1450 1463 1478 solemni
1482 1451 1616 1478 concione
1635 1450 1707 1477 cele-

920 1495 1003 1523 brans
1021 1505 1026 1522 :
1046 1497 1138 1524 omnia
1160 1504 1273 1531 prorsus
1288 1497 1386 1531 gaudio
1402 1496 1538 1528 ditlluant,
1552 1496 1616 1523 dum
1634 1495 1707 1524 iudi-

919 1549 977 1568 cem
1000 1541 1142 1576 excipiunt
1164 1541 1300 1569 adventus
1320 1542 1392 1577 regis
1410 1541 1585 1569 universalis.

954 1588 996 1615 ll.
1017 1587 1197 1621 Sed,obeate
1211 1588 1341 1620 Joannes,
1356 1588 1403 1623 qui
1416 1588 1600 1615 maximorum
1617 1587 1707 1615 maxi-

919 1641 981 1661 mus
996 1635 1130 1668 propheta
1151 1641 1198 1667 es,
1220 1634 1324 1668 primus
1341 1634 1412 1660 inter
1432 1633 1579 1668 apostolos,
1603 1637 1707 1668 marty-

919 1685 979 1705 rum
995 1686 1120 1705 summus
1138 1686 1310 1713 magnusque
1324 1683 1438 1714 martyr,
1458 1678 1558 1705 deserti
1575 1678 1707 1705 divinitus

917 1728 1067 1751 exornatus
1089 1728 1233 1758 patronus,
1258 1724 1452 1752 formosissimi
1477 1723 1569 1758 sponsi
1590 1723 1707 1750 dilectus

918 1768 1033 1800 amicus,
1043 1768 1188 1796 iueﬂ'abilis
1203 1769 1272 1796 lucis
1289 1769 1424 1797 instructa
1434 1769 1555 1801 lucerna,
1571 1768 1706 1795 immacu-

918 1814 965 1841 lati
980 1814 1048 1849 Agni
1063 1822 1152 1850 praeco
1166 1815 1264 1847 fidelis,
1282 1819 1401 1849 paternae
1419 1815 1496 1842 vocis
1518 1815 1643 1849 egregius
1658 1822 1706 1842 au-

917 1860 1063 1892 scultator,
1095 1860 1197 1888 Christi
1224 1861 1376 1896 baptizator
1404 1861 1516 1893 electus,
1546 1859 1707 1888 Ilerodiaua:

919 1905 1038 1932 libidinis
1059 1913 1121 1933 cum
1137 1905 1235 1933 ﬁducia
1254 1908 1445 1941 reprehensor,
1459 1907 1519 1932 vita:
1534 1906 1647 1933 nuntius
1664 1905 1707 1932 his

917 1950 962 1984 qui
980 1949 1007 1977 in
1024 1950 1118 1978 inferis
1129 1955 1217 1984 erant,
1232 1952 1309 1979 turba
1322 1952 1423 1979 mundo
1437 1951 1522 1978 Deum
1537 1950 1705 1986 signiﬁcans.

917 2003 991 2022 nunc
1007 2003 1116 2031 quoque
1135 1997 1214 2024 nobis
1231 1997 1340 2024 cmlitus
1362 2005 1474 2025 rcsoues
1491 2005 1538 2032 per
1554 1996 1707 2024 sacratissir

918 2049 976 2069 mas
997 2042 1224 2075 intercchiones;
1245 2043 1382 2077 propitius
1399 2048 1457 2071 esto
1471 2043 1592 2070 laudauti
1613 2048 1639 2070 te
1658 2050 1706 2078 po-

917 2086 991 2120 pulo,
1018 2091 1045 2113 et
1070 2088 1170 2122 pusillo
1193 2089 1266 2123 gregi
1297 2093 1358 2120 tuo,
1383 2097 1445 2116 cum
1464 2089 1612 2116 excellente
1626 2088 1706 2116 Patre

919 2138 979 2158 meo
998 2140 1004 2157 :
1021 2131 1074 2158 mci
1092 2139 1200 2166 quoque
1222 2132 1378 2167 pauperculi
1399 2132 1497 2159 audaci
1520 2133 1598 2159 ausui
1613 2132 1705 2159 indul—

919 2184 984 2211 gens
998 2186 1005 2204 :
1018 2184 1068 2204 nec
1083 2177 1164 2204 vcluti
1176 2178 1297 2205 oblatum
1312 2186 1422 2211 munus,
1434 2178 1480 2206 sed
1493 2178 1571 2213 quasi
1584 2177 1705 2205 debitqu

915 2222 985 2249 servi
1013 2222 1117 2250 inutilis
1137 2223 1269 2250 tributum
1304 2224 1352 2251 tibi
1380 2228 1504 2251 amanter
1525 2224 1704 2259 persolutum,

914 2269 1020 2303 excipe.
1043 2269 1092 2296 Cui
1118 2269 1203 2304 gloria
1227 2274 1253 2296 et
1277 2269 1365 2296 honor
1386 2273 1469 2304 atque
1493 2270 1627 2302 adoratio,
1642 2277 1704 2296 cum

914 2314 1102 2349 omnipotente
1119 2314 1200 2342 Patre
1220 2319 1248 2342 et
1270 2314 1442 2342 sanctissimo
1459 2313 1572 2349 Spiritu,
1588 2322 1659 2342 nunc
1678 2319 1705 2341 et

915 2366 1024 2394 semper
1039 2364 1067 2387 et
1082 2367 1129 2394 per
1143 2359 1243 2387 saecula
1260 2359 1433 2387 saeculorum.
1449 2358 1544 2386 Amen.

1281 2500 1345 2527 \‘lll.

921 2543 1050 2571 Laudatiu
1067 2546 1091 2571 in
1104 2546 1467 2581 abscissiouemsatricapitis
1484 2545 1706 2581 magut'Baptislw

1142 2586 1166 2606 et
1178 2581 1353 2608 I'rrrcursoris
1369 2580 1477 2608 Christi.

675 2649 751 2682 (Asc.
776 2649 852 2681 MAL,
869 2650 918 2676 loc.
938 2651 983 2677 cit.
1004 2659 1030 2685 p.
1047 2651 1104 2685 45.)

112 2701 147 2722 α’.
163 2695 265 2730 Φαεινὴ
292 2695 340 2722 καὶ
364 2695 529 2731 οεοχαρὴςὴ
566 2695 764 2730 συναγείροντα
793 2697 866 2730 ἡμᾶς

113 2756 135 2769 ¹¹
155 2754 207 2781 Isa.
226 2761 265 2786 ιι,
284 2753 310 2780 6.

961 2697 982 2722 I.
1007 2697 1150 2732 Splendida
1169 2703 1195 2726 ct
1222 2700 1265 2726 [lci
1295 2700 1391 2733 gaudio
1410 2699 1486 2733 plena
1502 2698 1557 2724 lucc
1576 2702 1617 2724 est
1633 2697 1702 2724 θοίνη

117 2814 171 2848 (ιτ)
191 2813 228 2840 Dc
261 2813 313 2841 hoc
347 2814 505 2842 monasterii
532 2814 621 2848 Patre,
655 2815 697 2842 vel
726 2816 851 2850 episeopo
887 2816 967 2844 etiam
987 2816 1062 2843 initio
1082 2816 1222 2843 orationis.
