1921 3073
203 110 256 142 759

784 112 816 140 S.
844 109 1041 140 THEODORI
1070 107 1243 138 STUDITAE

1773 101 1829 133 760

203 163 299 197 britas,
316 171 377 198 quas
392 170 443 192 nos
456 163 489 191 ad
504 164 559 192 hoc
574 164 697 199 spiritale
719 164 816 192 festum
832 165 912 192 hodie
925 172 990 191 con-

1053 162 1112 198 τρὺς
1127 162 1280 197 ἐορτασμὺν
1295 160 1480 195 πνευματικὸν
1494 160 1647 195 πανήγυρις
1659 158 1791 193 σήμερον,
1805 152 1830 183 ὦ

203 211 307 243 gregat,
320 215 337 235 o
356 208 703 244 philochristi.Splendida,
722 209 844 244 inquam,
854 209 888 235 ob
902 208 989 242 ipsum

204 253 347 282 memorati
361 261 468 286 nomen,
480 254 527 288 qui
541 255 652 281 lucerna
671 255 763 281 lucens
783 258 810 281 et
823 259 866 280 est
883 259 909 280 et
924 253 990 280 dici-

205 304 261 331 tur,
275 299 374 334 etjure
392 300 543 334 meritoque
555 300 594 327 sic
605 299 811 332 donominatur;
829 306 883 325 non
899 303 989 325 autem

204 345 268 379 quia
286 344 473 372 materialibus
494 344 590 373 faculis
612 352 758 380 corporeos
770 345 866 372 oculos
882 348 992 371 nostros

206 388 335 419 illustrat.
354 389 420 416 Nam
443 389 547 416 illarum
573 391 682 425 quidem
709 398 763 418 non
782 395 825 418 est
847 395 992 425 perpetuus

206 434 345 468 splendor,
363 435 425 470 quia
443 436 580 463 contraria
594 444 701 471 semper
714 436 883 470 abrumpitur
895 436 994 463 abacu-

206 479 303 513 ritate;
322 479 369 506 sed
396 480 452 507 huic
480 480 662 516 (solemnitas)
685 481 783 508 divinae
803 481 896 516 gratia:
909 480 994 507 radiis

207 529 433 559 congregatarum
460 526 541 554 corda
570 534 679 561 semper
696 526 846 558 illuminat,
862 530 942 560 atque
960 525 994 552 ad

206 568 319 605 justitia:
344 571 502 597 exercitium
528 577 633 599 mentes
650 576 761 599 nostras
786 570 995 598 tneditabundas

208 614 334 648 impellit,
348 620 378 642 ut
390 615 494 642 beatam
512 615 585 644 illam
598 617 753 651 passionem
776 616 995 643 intellectualiler

209 659 411 694 quodammodo
426 666 591 695 spectantes,
606 669 717 689 causam
728 662 792 689 hinc
807 662 904 689 laetitiae
917 662 996 689 nobis

210 704 420 731 constituamus.
447 704 572 733 Profecto
598 706 710 734 alterius
734 706 880 741 cujuslibet
908 706 997 741 gladio

209 747 316 776 effusus
334 749 359 778 iu
375 753 473 776 terram
494 751 624 785 sanguis,
642 751 743 779 nullius
773 751 890 779 hominis
909 751 996 778 visum

210 793 391 828 exltilararet;
408 802 495 829 neque
508 794 541 822 ad
558 803 652 823 aurem
674 796 780 824 delatus
794 800 911 827 mentem
930 796 997 823 solet

211 837 349 867 liftiiicare
368 847 458 867 sermo
476 841 629 869 morientis.
653 840 774 876 Namque
796 842 839 869 ubi
859 841 998 876 sanguinis

211 883 310 913 effusio
335 885 546 921 vitaejacturam
574 886 635 919 fert,
663 887 801 921 quomodo
828 887 997 922 id,inquam,

211 929 351 962 hominem
368 939 416 966 per
429 939 458 959 se
473 933 535 959 vita:
553 937 690 960 amantem
714 932 879 966 delectabit;
900 937 927 960 et
944 940 998 960 non

211 976 304 1012 potius
318 984 379 1004 cum
403 977 496 1007 vultus
514 977 623 1006 tristitia
638 978 672 1005 ad
688 978 791 1005 luctum
815 977 903 1004 lrahct
918 982 999 1012 atque

211 1019 245 1048 ad
267 1019 326 1054 ejus
341 1020 478 1056 passionis
497 1022 723 1049 miserationem?
740 1022 793 1049 nisi
813 1022 882 1049 forte
901 1021 1000 1056 aliquis

212 1065 326 1096 exsistat
340 1067 381 1093 vel
394 1071 485 1096 mente
502 1067 637 1095 alienatus
652 1068 694 1095 vel
718 1068 807 1096 ferino
820 1076 895 1095 more
909 1068 999 1096 imbu-

213 1115 268 1142 tus.
284 1115 314 1139 ut
327 1112 470 1141 brutorum
495 1113 600 1149 aliquot
624 1118 721 1141 natura
740 1119 789 1147 est,
807 1122 868 1149 quae
894 1118 1001 1149 specta-

211 1158 282 1188 culis
301 1157 352 1186 sibi
367 1159 482 1194 objectis
499 1159 639 1188 insaniunt
654 1169 660 1191 ι
676 1161 760 1188 veluti
776 1161 850 1196 galli,
867 1161 913 1196 qui
936 1161 1001 1187 dum

212 1204 258 1234 sui
287 1205 391 1234 similes
419 1206 633 1238 interﬁciuntur,
654 1208 782 1242 gaudent,
796 1212 916 1239 cantant,
929 1207 1002 1235 exsi-

214 1250 285 1281 liunt
297 1259 330 1279 eo
344 1252 504 1286 simpliciter
514 1254 573 1281 visu
587 1254 720 1286 fruentes,
732 1262 821 1289 neque
832 1260 1001 1289 reputantes,

213 1303 279 1324 mox
291 1297 413 1326 eamdem
427 1298 526 1326 caedem
538 1300 572 1327 ad
586 1300 659 1334 ipsos
676 1305 877 1335 perventuram.
888 1300 923 1327 At
939 1308 1002 1327 vero

212 1342 279 1378 justi
295 1343 346 1371 viri
368 1344 481 1378 sanguis
495 1348 523 1371 et
537 1345 606 1372 visui
634 1345 813 1378 delectabilis,
838 1351 865 1373 et
890 1347 1003 1373 auribus

214 1389 285 1424 grati
300 1388 387 1417 instar
407 1390 494 1419 nuntii
510 1394 563 1422 est,
576 1394 603 1418 et
625 1391 705 1418 labiis
722 1391 910 1419 honorabilis:
925 1399 1003 1419 nam-

215 1441 270 1469 que
302 1434 384 1469 hujus
405 1434 539 1469 amissio,
560 1435 724 1465 immortalis
742 1437 918 1471 meliorisque
943 1437 1003 1464 vita:

216 1476 321 1507 confert
336 1478 557 1512 acquisitionem.
567 1478 657 1514 Neque
665 1484 752 1515 gutta,
764 1480 886 1517 inquam,
898 1485 1002 1507 tantum

216 1521 373 1557 sanguinis,
391 1530 484 1550 verum
510 1523 593 1551 etiam
620 1532 651 1552 os
676 1529 813 1556 sanctum,
837 1531 864 1552 et
890 1525 1003 1552 membri

216 1566 334 1602 alicujus
353 1567 497 1602 particula,
510 1572 537 1595 et
552 1568 713 1603 capillorum
737 1569 870 1603 reliquim,
883 1573 909 1596 et
924 1570 1005 1598 vcsti-

216 1617 370 1642 mentorum
382 1619 443 1646 quae
464 1613 509 1640 ille
520 1614 634 1648 gestavit
655 1618 702 1642 aut
719 1615 931 1649 attigitl‘rustum
948 1622 1006 1649 per-

217 1662 322 1695 gratum
332 1662 374 1684 est
383 1662 410 1686 et
418 1658 563 1693 expetibile
569 1659 656 1689 cuivis
665 1660 771 1694 pictatis
780 1660 913 1687 studioso.
921 1659 1006 1694 Prop—

218 1707 292 1732 terea
315 1703 384 1731 alius
396 1704 489 1736 aliam,
504 1705 624 1736 thesauri
637 1706 734 1738 instar,
748 1711 852 1740 partem
865 1707 907 1734 νει
918 1715 1005 1735 mem-

217 1750 296 1779 brum
309 1750 350 1777 vel
361 1757 460 1784 corpus
473 1755 557 1778 totum
570 1752 597 1779 in
610 1751 736 1779 domibus
745 1752 787 1781 vel
796 1753 928 1784 ecclesiis,
941 1761 1005 1780 san-

217 1793 361 1823 ctillcantis
367 1794 474 1821 virtutis
482 1799 585 1827 ergo,ct
593 1794 825 1828 salutaristutelaa,
834 1795 1005 1830 haberegau-

217 1835 272 1868 det,
284 1840 312 1863 et
325 1844 388 1866 cum
400 1837 550 1864 reverentia
558 1838 591 1864 ad
602 1838 724 1864 cinerum
736 1838 878 1866 thesauros
890 1839 1004 1872 accedit,

217 1885 245 1911 et
257 1881 388 1916 impervia
399 1882 480 1909 tactui
496 1882 609 1911 donaria
624 1884 831 1911 venerabundus
847 1884 989 1919 contingit.

252 1926 281 1955 2.
295 1926 369 1955 Talis
382 1927 462 1954 nobis
478 1933 519 1955 est
532 1927 598 1963 justi
607 1929 700 1956 Abelis
712 1930 836 1964 sanguis,
847 1937 1005 1965 quanquam

217 1973 264 2002 hic
289 1978 434 2009 parentum
458 1978 520 2001 tunc
542 1974 650 2009 not-iter
675 1975 762 2005 oculis
789 1975 896 2003 oblatus
922 1983 1004 2007 causa

218 2019 311 2050 luctus
322 2019 375 2048 fuit
386 2029 392 2046 :
403 2027 464 2046 cum
477 2020 550 2047 enim
566 2020 708 2048 morientis
721 2021 838 2055 alicujus
851 2021 1003 2056 passionem

219 2064 340 2096 nondum
359 2066 540 2100 aspexissent,
565 2066 661 2102 quidni
681 2066 727 2094 lilii
743 2071 877 2101 patratum
904 2068 1004 2095 caedent

218 2110 455 2144 exhorrescerent,
472 2112 698 2150 lacrymarentur,
728 2113 921 2141 lamentatione
940 2121 1004 2148 pro-

1014 833 1034 861 ll

1017 1500 1039 1530 C

1042 208 1213 243 φιλόχριστοι
1229 215 1235 222 ·
1249 207 1347 240 φαεινὴ
1359 206 1388 233 δὲ
1404 206 1452 233 καὶ
1466 204 1496 237 ἐξ
1509 205 1593 240 αὐτῆς
1609 203 1769 238 ἐπωνυμίας
1779 200 1829 228 τοῦ

1043 252 1293 288 μνημονευομένου,
1309 252 1350 277 ὅτι
1362 251 1456 286 λύχνος
1472 251 1561 284 φωσός
1577 250 1635 277 ὲστί
1649 257 1681 282 γε
1693 249 1739 275 καὶ
1749 248 1830 281 λέγε-

1041 305 1097 328 ται,
1114 296 1226 326 εἰκότως
1242 294 1510 330 προσαγορευομένη·
1524 294 1554 320 οὐ
1569 293 1601 328 δή
1618 301 1668 319 που
1681 291 1713 318 τὸ
1723 291 1832 322 ὑλικαῖς

1044 342 1244 377 μαρμαρυγαῖς
1269 339 1468 376 περιαυγάζειν
1491 338 1541 370 τὰς
1568 337 1727 374 σωματικὰς
1749 335 1832 371 ἡμῶν

1042 387 1118 421 ὄψεις
1131 395 1138 401 ·
1155 386 1197 421 είη
1212 386 1266 421 γὰρ
1280 386 1383 412 τούτων
1402 385 1453 411 οὐκ
1471 383 1605 419 ἀειφανὴς
1622 383 1639 418 ὴ
1658 382 1762 417 λάμψις
1772 402 1780 414 ,
1791 380 1833 415 τῷ

1043 433 1254 467 ἀντιφράσσοντι
1280 426 1428 465 σκιάσματι
1452 430 1582 457 ἑκάστοτε
1602 427 1806 462 διακοπτομένη
1823 434 1831 443 ν

1044 478 1112 506 ἀλλὰ
1124 478 1153 504 τὸ
1167 479 1228 509 ταῖς
1242 477 1333 506 ἀκτῖσι
1350 478 1400 512 τῆς
1415 476 1490 508 θείας
1507 476 1619 511 χάριτος
1631 472 1833 509 ὲναστράπτειν

1044 525 1094 556 τὰς
1114 523 1227 558 καρδίας
1245 522 1299 548 τῶν
1319 521 1540 557 συνεληλυθότων
1559 521 1614 553 ἀεὶ,
1629 519 1678 547 καὶ
1699 518 1769 554 πρὸς
1783 518 1834 553 τὴν

1045 570 1092 596 τοῦ
1116 569 1221 596 δικαίου
1247 568 1361 604 ἄθλησιν
1387 568 1562 602 ἀναπέμπειν
1587 566 1638 597 τὰς
1658 563 1836 599 διανοητικάς

1046 615 1124 651 ἡμῶν
1154 614 1290 649 θεωρίας,
1322 613 1356 640 ἵν’
1389 614 1481 639 έκεῖνο
1514 612 1545 639 τδ
1577 611 1712 646 μακάριον
1749 609 1837 640 πάθος

1047 660 1148 696 νοερῶς
1162 660 1221 691 πῶς
1236 659 1376 694 ὀψόμενοι,
1390 659 1519 685 ὑπόθεσιν
1534 657 1704 692 εὐφροσύνης
1728 654 1838 685 ἑαυτοῖς

1048 705 1274 740 ὑποστησόμεθα·
1296 704 1376 732 ἄλλου
1396 705 1445 739 μὲν
1470 703 1525 738 γάρ
1543 700 1612 737 αἷμα
1634 702 1697 737 ῥυὲν
1718 700 1772 727 ὑπὸ
1784 699 1838 734 γῆν

1049 750 1131 784 ξίφει,
1145 751 1194 776 οὐκ
1209 749 1241 776 ἂν
1255 749 1382 784 τέρψειεν
1396 748 1542 783 ἀνθρώπου
1553 748 1628 779 θέαν,
1640 746 1742 777 οὑδέἱς
1750 744 1839 779 ἀκοὴν

1049 795 1133 822 ἐλθὼν
1156 796 1312 821 σεπτοποιεί
1329 795 1379 829 τὴν
1395 795 1506 829 μνήμην
1519 793 1567 820 τοῦ
1586 792 1748 827 τεθνηκότος
1765 791 1780 817 ὸ
1794 789 1840 815 λό-

1049 850 1096 876 γος
1109 849 1115 856 ·
1129 838 1159 867 οῦ
1174 841 1227 875 γὰρ
1243 843 1258 876 ή
1274 842 1322 876 ῥοὴ
1338 841 1411 875 ζωῆς
1426 841 1554 876 στέρησιν
1566 839 1655 875 φέρει,
1672 838 1730 869 πῶς
1745 837 1780 864 ἃν
1791 836 1840 862 τὸν

1051 889 1130 924 φύσει
1153 889 1284 922 φιλόξωον
1305 887 1408 919 ἓλξειεν
1427 885 1507 912 τοῦτο
1522 894 1530 918 ;
1545 883 1701 912 τουναντίον
1722 882 1752 909 δὲ
1769 883 1839 916 μᾶλ-

1050 938 1096 964 λον
1120 937 1148 963 ὲν
1179 933 1340 968 στυγνότητι
1354 930 1502 967 προσώπου
1524 931 1564 961 είς
1575 927 1666 956 οἶκτον
1679 928 1779 961 ἀγάγοι
1792 927 1841 954 καὶ

1050 980 1244 1013 ὲλεεινολογιαν
1257 977 1304 1005 τοῦ
1326 977 1439 1009 πάθους,
1453 977 1478 1002 εί
1497 975 1536 1010 μή
1552 984 1579 1001 τι
1597 983 1628 1008 γε
1641 974 1696 1009 ἄρα
1707 973 1760 1005 ἕξω
1774 980 1842 1007 ppe-

1050 1025 1133 1060 νῶνῆ
1150 1023 1272 1059 θηριώδη
1295 1022 1340 1048 τὸν
1354 1020 1454 1056 τρόπον
1471 1019 1548 1054 εὕροι
1562 1019 1608 1045 τὸν
1628 1018 1749 1044 τοιοῦτον
1767 1016 1841 1043 κατὰ

1051 1071 1100 1106 τὴν
1114 1069 1168 1097 τῶν
1179 1068 1286 1102 κτηνῶν
1301 1067 1380 1101 φύσιν
1396 1064 1619 1099 ἀλογισταίνοντα
1630 1065 1687 1094 τοῖς
1699 1062 1822 1098 όραθείσι
1832 1070 1838 1077 ·

1053 1116 1179 1150 καθάπερ
1194 1114 1240 1141 ἐπὶ
1252 1113 1306 1139 τῶν
1323 1111 1511 1147 ἀλεκτρυόνων
1524 1112 1549 1137 οί
1567 1109 1623 1136 τῶν
1648 1108 1779 1144 ὁμοειδῶν
1791 1108 1841 1134 αὺ-

1052 1163 1108 1192 τοῖς
1132 1158 1326 1195 σφαττομένων
1341 1157 1495 1192 χαίρουσιν,
1509 1155 1620 1190 ᾄδουσιν
1630 1174 1637 1187 ,
1651 1153 1840 1188 ἀποπηδῶσιν,

1053 1205 1178 1240 αἰσθήσει
1193 1203 1272 1239 μόνον
1286 1201 1435 1237 χρώμενοι,
1449 1200 1496 1227 καὶ
1508 1200 1538 1226 οὑ
1555 1199 1787 1233 συλλογιζόμενοι,
1800 1198 1842 1225 ὅτι

1053 1251 1100 1277 καὶ
1127 1250 1169 1276 ἐπ’
1183 1249 1281 1280 αὐτοὺς
1297 1248 1357 1282 ἥξει
1381 1248 1410 1274 τὺ
1431 1246 1516 1277 πάθος
1527 1253 1534 1262 ⁸
1553 1243 1623 1280 αἷμα
1646 1245 1674 1271 δὲ
1688 1244 1786 1279 ἀνδρὸς
1800 1243 1842 1270 δι-

1054 1295 1131 1322 καίου
1147 1295 1195 1325 καὶ
1210 1293 1270 1328 ὕψει
1285 1292 1410 1326 ὲραστὺν,
1427 1292 1474 1319 καὶ
1490 1291 1558 1318 ὠσὶν
1571 1290 1778 1325 εὐαγγελιστδν,
1793 1290 1841 1316 καὶ

1054 1341 1157 1377 χείλεσι
1175 1339 1366 1375 προσκυνητόν
1381 1346 1388 1353 ·
1405 1339 1423 1374 ἡ
1435 1338 1491 1373 γὰρ
1507 1336 1604 1363 τούτου
1619 1335 1777 1370 ἀφαίρεσις,
1791 1335 1841 1368 τῆς

1054 1387 1152 1421 ἀγήρω
1163 1386 1209 1412 καὶ
1223 1385 1327 1420 ἀμείνω
1341 1383 1414 1418 ζωῆς
1427 1383 1477 1419 τὴν
1489 1382 1597 1418 μέθεξιν
1609 1380 1842 1416 ἀποκληροῦνταιο

1054 1433 1101 1459 καὶ
1127 1432 1158 1458 οὐ
1186 1431 1265 1465 μόνον
1294 1430 1326 1465 δή
1353 1438 1425 1464 φημι
1450 1429 1529 1464 ῥανὶς
1555 1428 1684 1462 αἵματος,
1704 1425 1773 1452 ἀλλά
1794 1425 1843 1451 καὶ

1055 1477 1144 1504 ὁτιοῦν
1166 1477 1243 1510 ἁγίου
1257 1476 1303 1502 καὶ
1318 1475 1440 1509 λάκισμα
1457 1474 1566 1510 μέλους,
1581 1473 1629 1500 καὶ
1640 1472 1734 1508 τριχὸς
1748 1471 1843 1505 λείψα-

1056 1533 1110 1556 νον,
1140 1523 1188 1549 καὶ
1218 1522 1304 1548 ὁτιοῦν
1318 1521 1359 1555 ἐφ’
1376 1518 1418 1551 οἷς
1437 1519 1621 1546 ἐνεδιδύσκετο
1642 1519 1659 1553 ἢ
1682 1518 1822 1552 ὲφὰπτετο
1835 1537 1842 1549 ,

1056 1566 1294 1604 περισπούδαστόν
1314 1567 1374 1592 ἐστι
1389 1565 1437 1592 καὶ
1452 1564 1654 1599 ὲκζητούμενον
1668 1563 1708 1597 τῷ
1720 1562 1845 1588 εὐσεϐεῖν

1056 1612 1246 1648 προελομένῳ·
1261 1611 1306 1637 διὰ
1329 1610 1409 1638 τοῦτο
1431 1610 1511 1641 ἄλλος
1536 1609 1601 1636 ἄλλο
1626 1618 1652 1635 τι
1667 1608 1764 1641 ὥσπερ
1781 1608 1845 1634 τινὰ

1056 1658 1193 1694 θησαυρὸν
1215 1656 1325 1692 μέροςῆ
1344 1655 1437 1690 μόριον
1452 1655 1468 1690 ἢ
1481 1655 1511 1681 τὺ
1526 1655 1586 1681 ὅλον
1598 1654 1658 1681 κατ’
1676 1655 1767 1685 οἴκους
1781 1653 1798 1688 ἦ
1816 1654 1846 1680 ὲν

1055 1705 1115 1735 ταῖς
1140 1702 1310 1737 ἐκκλησίαις,
1340 1701 1408 1736 πρὸς
1433 1700 1596 1735 ἀγιαστικὴν
1624 1699 1765 1735 ἐνέργειαν
1793 1699 1844 1725 καὶ

1057 1749 1192 1784 σωστικὴν
1232 1747 1382 1783 ἀσφάλειαν
1424 1746 1546 1781 κατέχων
1591 1745 1844 1780 ὲγκαλλωπίζεται,

1056 1794 1276 1830 προσερχόμενος
1298 1793 1358 1828 μετ’
1376 1792 1466 1824 αἰδοῦς
1482 1793 1515 1827 τῇ
1543 1791 1744 1827 τεθαυρισμένη
1759 1791 1844 1823 κόνει,

1056 1839 1105 1866 καὶ
1136 1839 1325 1873 ἐφαπτόμενος
1354 1838 1429 1873 φόὸῳ
1453 1837 1507 1864 τῶν
1527 1837 1675 1870 ἀψαύστων
1702 1836 1847 1871 ἀναθημά-

1055 1894 1109 1912 των
1127 1885 1197 1920 (18).

1093 1931 1125 1966 β’.
1139 1930 1265 1957 Τοιοῦτον
1281 1931 1346 1965 ἡμῖν
1362 1929 1392 1955 τὸ
1407 1928 1454 1955 τοῦ
1474 1927 1580 1954 δικαίου
1598 1926 1682 1954 ’Λὸελ
1694 1924 1777 1961 αἷμα,
1795 1926 1848 1954 κᾶν

1057 1977 1167 2012 γονεῦσι
1193 1975 1343 2011 τηνικαῦτα
1359 1974 1503 2008 ξενοφανὲς
1522 1973 1664 2000 ὼπτάνετο
1684 1971 1846 2007 θρηνολόγη-

1058 2030 1096 2057 μα
1106 2030 1114 2038 τ
1129 2022 1211 2056 μήπω
1224 2020 1278 2054 γὰρ
1293 2018 1450 2055 ἑωρακότες
1460 2017 1608 2048 τεθνεῶτος
1624 2015 1720 2048 πάθος,
1736 2015 1797 2047 πῶς
1814 2016 1846 2042 ἂν

1056 2067 1104 2094 ἐπὶ
1116 2067 1149 2102 τῇ
1168 2065 1215 2092 τοῦ
1234 2065 1292 2092 υἱοῦ
1308 2065 1398 2099 σφαγῇ
1419 2063 1468 2090 οὐκ
1483 2063 1644 2097 ἐξέστησαν,
1655 2061 1705 2088 οὐκ
1728 2060 1847 2096 ἐδάκρυ-

1058 2120 1118 2145 σαν,
1129 2112 1160 2139 oft
1176 2110 1261 2146 γοερά
1271 2111 1388 2145 ἔφασαν,
1404 2109 1519 2142 ἐξάπινα
1534 2109 1605 2143 τάχα
1626 2106 1847 2143 προσϐλέψαντες

218 2162 407 2191 sequerentur,
423 2157 487 2186 dum
502 2158 649 2192 improviso
664 2158 782 2191 fortasse
801 2163 917 2191 stratum
931 2159 1000 2186 humi

1058 2158 1128 2186 κατὰ
1155 2158 1206 2192 γῆς
1237 2156 1393 2192 ὲρῤιμένον,
1408 2155 1506 2189 αἵματί
1523 2163 1554 2188 γε
1577 2153 1795 2188 πεφοινιγμένον
1818 2152 1848 2184 ἐξ

217 2201 303 2233 tilium
317 2202 458 2236 vidissent,
469 2203 596 2231 fraternis
610 2209 785 2232 cruentatum
796 2205 906 2236 ictibus,
918 2209 944 2232 ct
957 2212 1004 2232 ea-

216 2252 328 2283 propter
342 2248 404 2277 vita!
421 2256 473 2276 usu
486 2249 622 2283 privatum
634 2250 641 2276 ι
653 2248 727 2278 Talis
744 2250 808 2277 item
824 2254 852 2278 ct
865 2250 1005 2285 propheta:

216 2293 311 2323 Διηοεί
326 2298 438 2325 sanctus
456 2294 577 2328 sanguis,
591 2302 671 2329 queui
689 2295 736 2322 diu
749 2295 867 2323 fustibus
880 2295 1004 2322 verbera~

216 2342 275 2366 tum
300 2337 374 2366 ferro
394 2339 525 2369 exstinxit
549 2347 597 2367 rex
612 2339 737 2368 Amasias
753 2341 825 2375 (l9);
842 2341 888 2375 qui
908 2340 1004 2368 vatici-

216 2383 324 2411 niorum
344 2383 405 2413 telis
425 2391 440 2413 a
456 2384 588 2420 propheta
601 2386 748 2420 appetitus,
760 2385 865 2420 justum
880 2385 955 2413 clava
974 2385 1001 2412 in

216 2428 384 2462 temporibus
397 2436 559 2463 percussum
575 2430 647 2458 letho
667 2430 790 2460 tradidit.
803 2430 879 2458 Talis
899 2431 1003 2465 pariter

215 2474 354 2508 prophetae
367 2474 487 2502 Michatae
498 2480 611 2503 sanctus
627 2476 749 2510 sanguis,
759 2483 840 2511 quem
853 2475 1004 2510 prmcipitio

215 2518 354 2549 interemit
367 2517 495 2547 duramus
506 2520 626 2549 Achaahi
637 2521 719 2553 ﬁlius,
729 2521 820 2548 divina
834 2521 1003 2548 conﬁdenter

215 2564 387 2594 nuntiantem
403 2573 411 2592 :
425 2565 526 2593 etenim
553 2566 587 2594 ab
614 2567 677 2600 hoc,
693 2570 723 2594 ut
744 2567 783 2594 ait
807 2566 1003 2600 Scriptura,de

214 2615 358 2648 parentum
374 2611 523 2640 sceleribus
535 2613 710 2647 arguebatur.
722 2612 796 2641 Talis
813 2620 922 2647 quoque
937 2620 1000 2647 pro—

249 2679 307 2714 (l8)
328 2677 407 2706 Vides
429 2678 480 2706 SS.
507 2679 686 2714 reliquiarum
711 2680 815 2707 laudari
830 2689 845 2707 a
860 2679 1003 2707 Theodoro

214 2717 244 2743 ut
258 2719 417 2740 consuetam
431 2719 458 2741 et
473 2714 581 2748 spiritui
599 2716 692 2742 utilem
712 2715 929 2742 venerationem.

251 2748 308 2782 (ιο)
321 2748 378 2775 Ιιιιο
394 2749 594 2776 vcroAmasias
610 2749 738 2777 sacerdos
755 2748 874 2777 Bethclis
886 2757 1000 2777 accusa-

214 2782 252 2814 vit
266 2783 397 2810 Amosum
413 2783 484 2819 apud
497 2783 690 2812 Jcroboamum
706 2791 806 2820 regem.
824 2784 878 2812 Sed
890 2784 923 2812 dc
944 2785 999 2812 vita

1058 2204 1206 2239 ἀδελφικῆς
1224 2202 1392 2238 μιαιφονίας,
1407 2200 1554 2228 κάντεῦθεν
1571 2199 1621 2235 τῆς
1637 2198 1757 2233 ζωτικῆς
1772 2198 1848 2232 ἐνερ-

1058 2250 1134 2285 γείας
1168 2249 1380 2284 ὲστερημένον;
1407 2245 1528 2273 τοιοῦτον
1561 2246 1592 2272 τὸ
1621 2244 1669 2270 τοῦ
1704 2244 1848 2279 προφήτου

1063 2294 1154 2330 Ἀμὼς
1177 2295 1254 2328 ἅγιον
1282 2291 1363 2328 αἷμα,
1378 2292 1408 2318 ὃν
1425 2291 1529 2326 συχνῶς
1550 2290 1728 2325 τυμπανίσας
1756 2289 1848 2316 ἀνεῖλε

1058 2340 1129 2374 ξίφει
1149 2338 1280 2374 Ἀμασίας
1295 2338 1351 2372 (l9)
1371 2337 1386 2363 ὁ
1412 2335 1557 2371 βασιλεύς·
1578 2335 1672 2368 ἐπειδὴ
1707 2334 1764 2368 γὰρ
1798 2333 1848 2367 τῆς

1058 2385 1226 2421 προφητείας
1256 2385 1316 2415 ταῖς
1345 2382 1447 2417 βολίσιν
1471 2381 1637 2415 ἐπλήττετο,
1668 2378 1773 2414 πλήξας
1801 2379 1848 2404 τὸν

1056 2432 1160 2458 δίκαιον
1172 2431 1200 2456 ὲν
1212 2429 1321 2465 ῥοπάλῳ
1337 2428 1408 2455 κατά
1418 2426 1466 2453 τοῦ
1483 2427 1623 2462 κροτάφου
1636 2425 1745 2460 θανάτῳ
1758 2432 1848 2459 παρα-

1056 2477 1163 2503 δίδωσιν
1176 2484 1183 2492 ”
1202 2475 1320 2501 τοιοῦτον
1336 2474 1367 2500 τὺ
1391 2473 1438 2500 τοῦ
1455 2473 1596 2508 προφήτου
1613 2471 1734 2507 Μιχαίου
1766 2470 1846 2503 ἅγιον

1057 2518 1127 2555 αἷμα
1139 2540 1146 2552 ,
1160 2520 1189 2546 ὃν
1206 2519 1294 2546 ἀνεῖλε
1317 2519 1472 2554 κρημνίσας
1493 2518 1596 2552 Ἰωρὰμ
1613 2517 1670 2548 υἱὸς
1691 2515 1796 2550 ’Δχαάὃ
1810 2514 1846 2542 τὰ

1057 2566 1114 2592 θεῖα
1139 2564 1405 2600 παρρησιαζόμενον.
1418 2563 1536 2597 Ἦλεγχε
1557 2563 1611 2598 γὰρ
1626 2561 1707 2589 αὐτὸν
1724 2561 1771 2586 ἐπὶ
1785 2560 1846 2590 ταῖς

1055 2610 1193 2642 ἀσεϐείαις
1209 2610 1263 2638 τῶν
1292 2609 1418 2644 πατέρων
1439 2608 1534 2641 αὐτοῦ,
1553 2607 1642 2635 καθ’ἃ.
1661 2607 1818 2641 γέγραπται
1834 2625 1841 2637 ,

1057 2684 1083 2707 ct
1098 2679 1174 2706 obitu
1203 2677 1397 2712 prophetarum
1413 2676 1495 2704 variae
1506 2681 1533 2704 et
1555 2675 1690 2712 interdum
1708 2674 1847 2702 contradi-

1056 2711 1285 2749 ccntesrvct’eru’ut
1315 2716 1458 2749 auctorum
1474 2713 1617 2739 sentcntiae
1634 2711 1845 2749 Δ[ιιςενιηιιηᾳιξειε

1056 2756 1090 2775 ne
1106 2748 1210 2782 prolixe
1235 2746 1362 2778 referam,
1379 2746 1492 2782 lectores
1509 2755 1586 2775 meos
1609 2746 1641 2773 ad
1658 2745 1773 2772 Calmcti
1786 2743 1845 2771 ’Bi-

1056 2781 1155 2811 hlic’um
1175 2781 1370 2810 Dictiouarium
1384 2781 1490 2816 abit-go.
