1921 3073
52 108 102 141 761

361 114 503 146 ORATIO
518 117 600 147 VIII.
617 130 651 136 —
662 117 703 148 IN
719 119 1042 154 DECOLLATIONEM
1076 125 1106 156 S.
1123 127 1257 161 JOANN.
1277 130 1381 163 BAPT.

1631 135 1683 168 762

51 163 174 192 τοιοῦτον
202 165 250 193 τοῦ
275 168 416 204 προφήτου
443 170 552 197 Ἡσαΐου
572 171 651 206 ἅγιον
679 171 748 207 αἷμα
780 173 833 209 διχὶ

897 176 982 209 pheta:
1001 179 1076 208 Isaiae
1090 186 1204 210 sanctus
1216 185 1328 219 sanguis
1343 186 1470 215 bifariam
1482 195 1557 217 serra
1572 191 1682 220 dissecti

51 210 244 246 διαιρουμένου
266 212 320 240 ὖπὺ
343 216 495 250 πριστῆρος
527 217 604 252 παρὰ
629 218 764 254 Μανασσῆ
794 219 841 246 τοῦ

51 257 252 293 ἑκκεκληκότος
275 261 345 295 πρὸς
374 261 599 298 εἰδωλολατρικδν
617 264 700 296 σέϐας
732 266 778 292 τὸν
794 266 842 293 εὑ-

49 303 259 339 παροίστρωτον
278 306 326 333 καὶ
353 307 592 343 εὐπαρακόμιστον
612 310 730 346 Ἰσραὴλ,
743 311 774 338 οὐ
794 311 842 346 φέ-

53 357 147 383 ροντος
170 350 279 378 ἀκούειν
301 352 350 384 τὰς
379 353 430 388 τῆς
478 355 648 390 προφητείας
683 357 842 391 ὲκφάνσεις.

52 394 179 422 Τοιοῦτον
195 396 225 423 τὸ
237 396 286 423 τοῦ
299 398 424 432 γενναίου
443 395 577 436 Ἐλεάζαρ
593 401 641 428 σὺν
655 401 727 429 ἑπτὰ
747 403 842 429 παισὶν

52 441 99 466 καὶ
117 442 205 477 μητρὶ
220 442 346 478 θεόφρονι
357 445 436 478 ἇγιον
452 443 533 480 αἷμα,
548 446 563 473 ὃ
574 447 682 482 ἐξέχεεν
706 448 842 483 Ἀντίοχος

53 486 80 511 ἐν
97 487 234 519 ποικίλοις
250 487 391 523 βασάνοις,
407 490 446 526 μὴ
463 491 555 526 φέρων
575 493 625 527 τὴν
640 493 712 528 ὑπὲρ
731 494 841 528 ἐντολῆς

50 531 118 558 Θεοῦ
136 532 262 560 ἔνστασιν
289 535 343 562 τῶν
371 536 526 571 ἀηττήτων,
544 536 591 570 οὓς
613 538 704 565 πίστει
724 539 840 566 θανάτου

51 577 172 612 σφραγὶς
193 578 336 606 ἐτελείωσε
349 588 358 597 ·
376 581 498 608 τοιοῦτον
519 584 550 609 τδ
566 583 614 609 τοῦ
631 585 772 620 προφήτου
789 587 841 612 Ζα-

50 622 146 656 χαρίου
164 623 244 658 ἅγιον
260 623 329 660 αἷμα
341 626 355 652 ὃ
371 627 424 662 πρὸ
439 628 487 655 τοῦ
499 628 695 665 θυσιαστηρίου
709 632 724 665 ή
744 631 839 666 πάροι-

50 676 94 699 νος
120 668 176 694 τῶν
201 669 335 698 Ἰουδαίων
358 671 469 708 ὠμότης
503 675 625 709 μαχαίρᾳ
649 675 758 710 ίξέχεε,
788 677 839 704 οὐκ

49 713 200 748 ἐνεγκοῦσα
217 715 266 748 τὰς
282 716 333 752 τῆς
350 720 521 754 προφητείας
538 721 673 755 ἐμφάσεις
695 722 838 754 ἀκουτίςε-

49 759 110 786 σθαι
127 768 134 775 ·
154 761 203 787 καὶ
221 761 248 786 τί
259 761 300 788 δεῖ
323 771 368 798 μοι
389 764 503 791 πλεῖστα
517 765 670 800 ἀναλέγειν,
690 767 755 802 παρ’
770 765 792 801 ᾧ
808 768 839 794 τὸ

47 805 99 832 τῶν
115 806 274 834 ἀποστόλων
288 809 437 844 προφητῶν
453 819 482 836 τε
504 811 552 837 καὶ
574 812 720 847 μαρτύρων
739 813 837 848 συλλή-

47 851 113 887 6δην
123 853 212 880 εἰπεῖν
223 853 301 888 ἅγιον
311 852 392 890 αἷμα,
401 855 416 881 ὃ
427 856 519 883 πολλοὶ
527 858 693 893 παλαμναῖοι
705 859 838 895 πολυτρό-

46 906 105 930 πως
117 899 240 935 ἐξέχεαν,
258 901 296 933 ὡς
313 901 386 938 ὕδωρ
399 903 468 929 πολὺ
485 903 603 931 κυκλοῦν
626 904 676 940 τὴν
692 905 738 931 ὑπ’
755 905 837 940 οὐρα-

46 945 100 977 νὸν,
116 946 166 973 καὶ
176 947 228 982 τῆς
241 947 371 980 ἀσεϐείας
385 949 507 984 ὑπάρχον
526 949 703 985 σϐεστήριονς

79 995 116 1025 γ’.
137 992 268 1020 Τοιοῦτον
285 993 371 1020 τὸτοῦ
390 993 546 1021 Βαπτιστοῦ
560 996 680 1030 Χριστοῦ
701 997 748 1023 καὶ
765 997 836 1031 [lpo-

43 1034 147 1070 δρόμου
163 1036 242 1070 ἅγιον
259 1034 340 1071 αἷμα,
354 1038 420 1073 περὶ
432 1035 464 1065 οὗ
479 1039 546 1073 ἡμῖν
564 1039 578 1065 ό
595 1040 776 1074 προκείμενος
792 1040 835 1067 λό-

43 1089 91 1115 γος
102 1089 110 1096 ·
125 1081 140 1108 ὃ
153 1081 308 1109 κεκένωκεν
322 1082 362 1114 ὡς
378 1083 464 1118 μύρον
475 1083 621 1116 πολυτελὲς
633 1084 662 1116 ἐξ
681 1085 754 1120 ἱεροῦ
768 1094 833 1120 τρα-

44 1127 128 1162 χήλου
144 1127 292 1160 εὐωδιάζον
303 1129 354 1163 τὴν
368 1129 534 1165 οἰκουμένην
546 1138 552 1146 ·
567 1129 648 1165 αἷμα.
662 1131 677 1157 ὃ
693 1132 835 1166 συνήθροι-

45 1181 92 1199 σεν
104 1173 136 1199 οὐ
145 1173 265 1208 γαστρὸς
272 1173 364 1209 ἡδονὴ,
377 1175 428 1201 οὐκ
444 1174 515 1201 οῐνου
529 1176 690 1211 μετάληψις,
698 1177 729 1203 οὺ
747 1177 834 1212 κρεῶν

42 1217 145 1253 ἐδωδὴ,
159 1218 211 1245 οὐκ
231 1219 312 1246 ἄλλου
335 1220 408 1252 τινος
432 1221 487 1247 τῶν
509 1221 644 1248 λιπαίνειν
665 1222 711 1248 καὶ
726 1223 834 1257 ἡδύνειν

41 1263 178 1290 εἰωθότων
196 1263 246 1296 τὰς
268 1265 383 1299 ὀρέξεις,
401 1265 458 1292 ἀλλ’
473 1266 504 1298 ἐξ
524 1267 614 1294 αὐτῶν
636 1267 690 1294 τῶν
708 1269 833 1303 σπαργά-

41 1317 95 1335 νων
108 1309 190 1344 μέχρι
205 1309 300 1341 τέλους
313 1311 330 1345 ἠ
343 1311 394 1345 τῆς
410 1312 576 1346 ἐγκρατείας
595 1313 767 1348 ἐμπεποίηκε
782 1314 833 1348 χά-

42 1361 86 1388 ρις
97 1361 105 1369 ο
117 1351 210 1382 Ἦλθε
230 1355 295 1389 γὰρ,
312 1356 406 1390 φησὶν,
426 1357 443 1382 ό
463 1356 605 1391 Ἰωάννης
623 1358 700 1392 μήτε
711 1358 831 1390 ἐσθίων,

40 1397 117 1431 μήτε
131 1398 246 1424 πίνων·
264 1395 335 1433 αἷμα
347 1399 379 1425 τὸ
400 1401 572 1435 προκενωθὲν
594 1401 642 1428 τοῦ
667 1402 832 1429 Δεσποτικοῦ

41 1442 90 1468 καὶ
106 1441 244 1468 ἀθανάτου
267 1443 399 1478 ποτηρίου
413 1452 420 1459 ⁸
441 1445 526 1479 ἐχρῆν
546 1445 600 1480 γὰρ
620 1446 666 1473 τὸν
683 1446 730 1473 τοῦ
744 1447 834 1480 φωτὸς

41 1487 196 1522 πρόδρομον
212 1487 256 1514 διὰ
269 1488 318 1523 τῆς
326 1489 358 1515 ὲκ
371 1489 481 1524 στείρας
492 1491 662 1526 αὑγαστικῆς
671 1492 753 1518 αὐτοῦ
763 1500 830 1527 προι
849 1511 871 1542 c

40 1532 102 1558 όδου
126 1533 183 1564 τοῖς
203 1533 274 1568 ὑπὲρ
293 1535 345 1568 γῆς
370 1534 498 1569 ὀφθέντα,
514 1536 561 1563 καὶ
579 1537 635 1568 τοῖς
658 1537 714 1563 ὑπὸ
724 1538 775 1572 γῆν
790 1537 834 1564 διὰ

41 1577 159 1604 θανάτου
185 1578 295 1613 κήρυκα
315 1580 448 1616 φωτοειδῆ
470 1581 640 1616 χρηματίσαι
663 1582 737 1618 (20)·
751 1579 832 1618 αἷμα,

41 1625 118 1662 δτῆς
131 1624 179 1650 τοῦ
191 1624 276 1651 ’Δὸελ
290 1626 398 1660 σφαγῆς
410 1626 602 1658 πολυπλασίως
614 1627 653 1656 είς
667 1627 702 1654 τὰ
710 1625 767 1654 ὦτα
777 1629 829 1655 Κυ-

45 1670 102 1705 ρίου
121 1670 239 1697 Σαϐαὼθ
251 1670 430 1706 διαῦεὸόηται
443 1679 450 1687 '
467 1672 515 1698 τοῦ
525 1673 580 1707 γὰρ
590 1673 671 1708 ἔργου
686 1674 702 1708 ἠ
714 1674 832 1708 ποίησις,

44 1716 136 1750 φωνῆς
153 1717 290 1751 μυστικῆς
304 1717 379 1743 ἐστιν
398 1717 604 1753 ἁναὸόμὸησις,
622 1719 653 1746 οὺ
672 1719 716 1746 διὰ
742 1729 833 1755 φωνη-

43 1761 127 1787 τικῶν
138 1761 265 1796 ὀργάνων
279 1762 424 1797 προϊοῦσα,
438 1763 508 1790 ἀλλὰ
524 1765 557 1798 τῇ
570 1765 620 1798 τῆς
636 1765 774 1799 ἐνεργείας
789 1765 834 1791 δυ-

42 1807 121 1842 νάμει
136 1807 338 1842 ἀκουτιζομένη
351 1815 359 1823 ⁸
374 1805 455 1842 αἷμα,
478 1809 507 1835 τὸ
524 1810 702 1845 πατριαρχῶν
722 1811 772 1845 μὲν
791 1812 834 1838 αι-

41 1852 238 1887 δεσιμάηερον,
257 1852 407 1887 προφητῶν
421 1853 449 1880 δὲ
468 1854 702 1890 τιμαλφέστερον,
723 1856 772 1882 καὶ
793 1856 834 1883 δι-

41 1897 129 1924 καίων
143 1896 292 1932 ὁσιώτερον
304 1904 312 1912 ·
327 1897 390 1923 ἐπεὶ
405 1897 452 1924 καὶ
472 1899 631 1925 ἀποστόλων
647 1901 833 1934 προφερέστε-

42 1951 100 1978 ρον,
119 1943 169 1970 καὶ
190 1943 341 1978 μαρτύρων
360 1943 565 1980 εὐκλεέστερον,
576 1945 614 1977 ὡς
629 1945 643 1971 ὁ
660 1945 736 1980 λόγος
758 1947 833 1982 παρὰ

40 1988 89 2016 τοῦ
113 1988 234 2023 μεγάλου
255 1989 344 2022 Λόγου
362 1989 410 2024 τὴν
426 1990 581 2025 μαρτυρίαν
594 1990 671 2026 φέρει
682 2000 688 2006 ·
705 1989 784 2026 αἷμα.
802 1993 832 2019 τὺ

41 2035 135 2069 πάσης
156 2033 343 2069 ἀνθοὸαφικῆς
363 2035 490 2070 εὐχροίας
511 2036 689 2072 χαριέστερον
714 2037 831 2073 ὡραΐζον

39 2081 90 2116 τὴν
110 2079 159 2107 τοῦ
182 2080 302 2115 Χριστοῦ
323 2080 499 2115 Ἐκκλησίαν,
519 2082 589 2116 ὑπὲρ
617 2083 723 2109 δικαίου
745 2092 831 2110 κενω-

41 2126 85 2152 θὲν
101 2126 152 2153 ἐπὶ
172 2126 246 2152 τέλει
259 2125 306 2152 τοῦ
327 2126 443 2152 παλαιοῦ
469 2127 564 2161 νόμου,
581 2128 628 2154 καὶ
641 2128 692 2162 τῆς
706 2128 828 2162 Χριστοῦ

39 2172 194 2208 παρουσίας
206 2172 375 2207 προεισόδιον
395 2172 475 2203 ἄνθος
493 2173 637 2208 τυγχάνον.

72 2218 105 2245 ἃ.
125 2217 196 2246 Ἀλλ’
219 2217 294 2248 ὅπως
314 2217 404 2249 τοῦτο,
433 2218 480 2244 καὶ
505 2217 538 2244 δι’
559 2215 589 2244 οὗ
619 2226 701 2249 τινος,
719 2219 766 2245 καὶ
785 2219 827 2252 ἐφ’

39 2261 110 2302 ᾗπερ
131 2263 262 2289 ὑποθέσει
281 2263 442 2293 κεκένωται,
468 2263 673 2297 μεθαρμοστέος
694 2265 759 2298 ἡμῖν
774 2265 828 2290 ἀπὸ

40 2311 91 2336 τῶν
120 2309 204 2343 ἱερῶν
224 2308 402 2341 εὐαγγελίων
421 2307 524 2342 ὀλόγος
537 2316 544 2323 ·
569 2308 600 2334 '0
612 2308 668 2342 γὰρ
690 2308 827 2342 Ἡρώδης,

40 2355 117 2389 φησι,
133 2353 289 2387 κρατήσας
303 2355 356 2379 τὸν
377 2352 524 2387 Ἰωάννην
534 2353 647 2387 ἔδησεν
667 2355 762 2381 αὐτόν
778 2355 828 2382 καί

40 2399 121 2427 ἔθετο
133 2399 170 2426 ἐν
179 2398 304 2433 φυλακῇ
314 2398 362 2426 διὰ
385 2398 548 2432 Ἡρωδιάδα
562 2399 620 2434 τὴν
632 2400 759 2433 γυναῖκα
780 2401 828 2427 Φι-

40 2445 154 2473 λίππου
166 2445 221 2472 τοῦ
241 2444 374 2479 ἀδελφοῦ
390 2445 497 2472 αὑτοῦ.
513 2446 617 2480 Ἔλεγε
639 2446 694 2480 γὰρ
714 2446 794 2478 αὐτῷ
814 2447 831 2473 ό

46 2489 202 2524 Ἰωάννης,
224 2492 285 2518 οὐκ
300 2490 404 2523 ἔξεστί
421 2498 471 2518 σοι
485 2491 567 2525 ἐχειν
587 2492 758 2525 αὐτήνκαὶ
783 2495 830 2520 θέ-

42 2538 99 2563 λων
114 2537 212 2563 αὐτὸν
235 2536 421 2568 ἀποκτεῖναι,
444 2537 576 2571 ἐφοϐήθη
598 2539 653 2564 τὸν
669 2538 772 2572 ὄχλον,
786 2539 831 2566 ὅτι

41 2582 139 2616 ὥσπερ
150 2581 311 2616 προφήτην
327 2582 422 2609 αὐτὸν
445 2581 538 2616 εἶχον,
564 2583 675 2618 Πρῶτον
696 2583 829 2619 ξητείσοω

71 2639 94 2655 ⁸³
110 2638 212 2665 Matth.
229 2647 268 2671 χι,
285 2638 328 2666 18.
366 2639 491 2667 “Matth.
506 2647 560 2671 τιν,
577 2639 592 2666 5
611 2640 638 2666 5.

72 2696 130 2735 (Ξρ)
146 2696 226 2735 Quod
253 2697 373 2735 Baptista
399 2700 552 2735 exstinctus
576 2700 762 2735 praadiraverit
783 2701 826 2728 de.

41 2733 121 2759 tentis
151 2731 222 2766 apud
253 2731 355 2759 inl‘cros
379 2734 532 2764 animabus.
555 2731 689 2763 sententia
714 2736 824 2764 Patrum

41 2767 144 2805 aliquot
153 2767 217 2805 fuit,
229 2775 326 2805 nempe
341 2767 498 2805 jlippolxti,
515 2768 652 2805 Origenis,
670 2776 696 2797 ct
717 2771 825 2798 Eusebii

41 2801 228 2834 Alexandrini,
249 2803 318 2831 utin
336 2801 433 2838 Spicil.
450 2801 528 2832 Rom.
547 2801 628 2838 ιῘιΧ,
681 2805 745 2840 685,
758 2807 827 2834 dixi~

894 231 909 250 a
924 222 1060 258 Manasse,
1074 227 1120 261 qui
1133 227 1166 255 ad
1177 228 1375 259 idololatricum
1388 233 1491 261 cultum
1500 237 1683 266 concitaverat

894 268 1074 298 insanientem
1092 272 1172 301 facile
1193 275 1396 312 volubilemque
1423 279 1560 314 lsraelem,
1580 284 1683 318 quique

893 315 1066 349 propheticas
1079 318 1242 347 rvelationes
1253 321 1348 349 audire
1362 329 1416 350 non
1431 315 1595 354 sustinebat;
1606 315 1682 355 Talis

892 360 974 388 etiam
993 361 1073 390 fortis
1089 362 1211 392 Eleazari
1225 373 1286 393 cum
1299 371 1404 402 septem
1421 369 1640 400 adolescentibus
1654 378 1682 401 et

892 406 976 433 divini
1001 409 1084 435 animi
1105 414 1208 444 matre,
1235 417 1345 441 sanctus
1371 422 1451 448 quem
1469 415 1622 446 Antiochus
1638 419 1682 446 di-

893 453 979 480 versis
1004 454 1171 483 cruciatibus
1197 456 1292 485 eﬂ'udit
1315 461 1447 495 sanguis,
1466 461 1531 489 dum
1553 469 1682 492 constan-

893 498 956 526 tiam
984 500 1145 528 invictorum
1173 502 1313 531 hominum
1341 513 1389 540 pro
1415 506 1460 534 Dei
1486 508 1544 543 lege
1570 510 1682 538 moleste

893 542 955 575 fert,
974 551 1042 578 quos
1065 545 1091 572 in
1122 546 1174 573 Iide
1197 548 1311 581 perfecit
1337 551 1434 577 mortis
1460 542 1591 586 sigillum.
1608 555 1681 582 Talis

891 589 1007 623 denique
1023 591 1160 625 prophetae
1172 591 1311 621 Zachariae
1324 600 1437 623 sanctus
1458 599 1580 632 sanguis,
1597 607 1679 634 quem

891 639 953 662 ante
961 636 1046 664 altare
1055 644 1155 664 vesano
1163 637 1318 667 Judatorum
1331 642 1478 670 crudelitas
1499 645 1587 679 gladio
1611 646 1680 674 ell'u-

890 682 939 713 dit,
958 682 1020 709 dutu
1050 684 1240 712 vaticiniorum
1268 687 1391 715 notitiam
1408 691 1503 718 audire
1527 698 1678 721 recusaret.

892 727 944 756 Sed
960 736 1009 756 cur
1024 736 1067 756 me
1081 730 1158 764 plura
1186 739 1327 759 recensere
1348 739 1464 768 oportet,
1483 743 1580 770 praeter
1596 747 1678 773 quam

890 773 1052 807 compendio
1074 774 1166 801 dicere
1178 775 1211 802 de
1224 776 1420 811 apostolorum,
1436 780 1630 814 prophetarum
1647 789 1679 808 ac

855 825 1039 868 Bmartyrum
1065 824 1161 848 sancto
1191 823 1334 857 sanguine,
1361 831 1441 858 quem
1470 826 1575 853 scelesti
1601 828 1678 854 multi

891 864 1035 891 homicidae
1057 865 1222 899 eﬂ‘uderunt,
1237 869 1316 902 quasi
1344 877 1421 904 aqute
1437 872 1542 906 copiam
1558 873 1584 899 in
1601 878 1679 900 terra:

889 910 1016 943 circuitu,
1025 911 1280 947 quiqueimpietatis
1292 916 1496 951 exstinguenda:
1504 918 1558 945 vim
1567 919 1678 947 habuit?

925 988 951 1015 3.
972 987 1044 1016 Talis
1060 994 1101 1017 est
1118 989 1297 1025 Baptizatoris
1316 992 1417 1020 Christi
1443 994 1678 1031 Praecursorisquo

889 1038 1000 1061 sanctus
1032 1035 1155 1069 sanguis,
1179 1036 1212 1062 dc
1238 1045 1293 1072 quo
1317 1039 1395 1066 nobis
1415 1039 1459 1067 hic
1474 1040 1615 1068 institutus
1636 1046 1678 1075 est

888 1087 978 1107 sermo
994 1088 1001 1110 ;
1019 1081 1065 1115 qui
1090 1081 1240 1110 exhaustus
1259 1083 1309 1110 I'uit
1338 1085 1525 1118 utpretiosum
1556 1094 1678 1121 unguen-

889 1130 946 1152 tum
962 1134 994 1152 ex
1015 1133 1092 1154 sacra
1109 1128 1226 1158 cervice.
1246 1133 1274 1156 et
1288 1133 1421 1156 terrarum
1434 1131 1528 1158 orbem
1545 1133 1678 1160 suavitate

888 1169 1007 1204 perfudit
1024 1179 1030 1197 ι
1047 1172 1169 1206 sanguis,
1184 1180 1264 1206 quem
1280 1181 1334 1200 non
1349 1175 1453 1202 ventris
1471 1176 1594 1210 voluptas
1610 1178 1676 1204 silu-

888 1217 972 1248 navit,
990 1224 1044 1242 non
1073 1217 1128 1244 vini
1158 1219 1287 1252 sumptio,
1306 1227 1359 1246 ιιοη
1392 1221 1515 1248 carnium
1530 1229 1604 1253 esus.
1621 1230 1675 1249 non

888 1261 960 1287 aliud
990 1262 1138 1296 quidquam
1160 1263 1351 1297 pinguefaccre
1374 1265 1486 1293 solitum
1509 1271 1535 1294 et
1553 1275 1676 1294 commo-

889 1307 1010 1334 tionibus
1039 1308 1141 1335 nostris
1159 1309 1299 1342 blandiri;
1317 1310 1364 1337 sed
1393 1319 1473 1345 quem
1505 1312 1539 1339 ab
1561 1312 1676 1340 incuna-

887 1352 958 1380 bulis
975 1361 1060 1387 usque
1075 1353 1109 1381 ad
1125 1354 1186 1381 vitae
1214 1355 1294 1382 Iinem
1310 1356 1482 1385 abstinentia:
1503 1359 1589 1393 gratia
1609 1367 1676 1386 con-

887 1397 972 1426 fecit:
990 1397 1065 1425 Venit
1090 1399 1169 1431 enim,
1194 1399 1332 1434 Scriptura
1350 1402 1447 1436 inquit.
1462 1403 1578 1431 Joannes
1596 1412 1676 1439 neque

887 1443 1051 1470 mandamus
1069 1450 1149 1479 neque
1176 1444 1265 1471 bibens
1276 1445 1299 1461 ⁸³
1314 1455 1320 1473 :
1335 1447 1458 1481 sanguis,
1478 1449 1524 1483 qui
1542 1448 1675 1477 Dominici

889 1489 1050 1516 immortalis
1066 1490 1157 1524 poculi
1170 1490 1296 1518 edusioui
1312 1493 1427 1526 prmivit.
1443 1493 1590 1528 Oportebat
1601 1495 1673 1522 enim

888 1535 956 1562 lucis
982 1533 1190 1569 praecursorem,
1221 1540 1366 1571 postquam
1391 1529 1531 1572 splendida
1562 1547 1612 1566 sua
1641 1540 1674 1566 de

885 1580 970 1608 sterili
988 1585 1074 1607 matre
1099 1581 1239 1609 nativitate
1255 1587 1333 1610 terra:
1348 1589 1520 1617 apparuerat,
1535 1585 1675 1611 subterra~

885 1627 943 1652 neis
956 1633 1066 1660 quoque
1090 1626 1159 1654 locis
1185 1634 1233 1661 per
1246 1632 1360 1655 mortem
1377 1635 1454 1655 suam
1471 1629 1674 1663 praedicatorem

884 1670 1019 1698 illustrem
1050 1671 1118 1698 ﬁeri.
1150 1671 1279 1708 Sanguis,
1297 1673 1344 1707 qui
1369 1674 1455 1700 multo
1486 1674 1574 1708 magis
1589 1682 1673 1709 quam

883 1717 976 1743 Abelis
1006 1717 1106 1748 cmdes,
1123 1717 1158 1744 ad
1179 1725 1260 1744 aures
1279 1717 1385 1745 Domini
1413 1719 1532 1746 Sabaoth
1549 1719 1674 1748 clamat:

883 1769 946 1789 nam
965 1763 1086 1796 peractio
1104 1762 1206 1797 operis,
1223 1763 1346 1798 mystica:
1375 1764 1520 1798 cujusdam
1539 1765 1614 1792 vocis
1630 1770 1674 1792 est

884 1808 1051 1839 resonantia,
1072 1815 1126 1835 nou
1147 1815 1195 1842 per
1207 1808 1312 1835 vocalia
1337 1816 1439 1844 organa
1465 1810 1603 1844 prodiens,
1625 1810 1673 1837 sed

883 1853 918 1881 ob
937 1860 994 1881 sua:
1016 1853 1142 1881 elﬁcacia:
1165 1854 1293 1881 virtutem
1309 1855 1413 1884 audiIa.
1429 1854 1546 1890 Sanguis
1559 1858 1676 1890 patriar-

883 1899 942 1926 cbis
958 1898 1157 1930 venerabilior,
1188 1900 1328 1933 prophetis
1357 1900 1562 1933 houorabilior,
1591 1900 1674 1935 justis

883 1944 1002 1971 sanctior
1016 1953 1022 1971 :
1040 1952 1101 1971 nam
1120 1948 1147 1971 et
1162 1945 1291 1978 apostolis
1320 1947 1492 1979 praestantior
1503 1951 1554 1979 est,
1564 1951 1591 1974 et
1603 1954 1675 1973 mar-

883 1991 988 2026 tyribus
1014 1991 1142 2023 nobilior,
1159 1996 1187 2018 ut
1203 1991 1293 2024 magni
1309 1990 1391 2018 Verbi
1408 1992 1520 2019 verbum
1540 1995 1668 2020 testatur.

882 2038 999 2071 Sanguis
1017 2038 1139 2072 qualibet
1157 2038 1260 2064 coloria
1290 2038 1407 2065 tinctura
1436 2038 1546 2073 gratior,
1562 2037 1666 2064 Christi

883 2082 1035 2109 Ecclesiam
1064 2087 1224 2113 venustatis,
1247 2089 1296 2116 pro
1320 2082 1427 2116 justitia
1452 2082 1602 2110 exhaustus
1617 2082 1670 2109 sub

883 2126 983 2154 veteris
1014 2126 1080 2161 legis
1097 2126 1189 2157 ﬁnem,
1203 2131 1230 2153 et
1255 2126 1355 2154 Christi
1372 2127 1540 2154 advenientis
1564 2128 1672 2162 ingres-

846 2179 867 2205 0
882 2181 942 2200 sum
958 2172 1033 2199 ﬂoris
1056 2173 1142 2199 instar
1152 2179 1304 2199 exornans.

917 2219 944 2246 4.
963 2218 1015 2245 Sed
1031 2218 1087 2252 jam
1102 2218 1240 2252 quomodo
1253 2217 1297 2244 hic
1310 2217 1434 2252 sanguis,
1447 2222 1473 2244 et
1483 2218 1562 2252 cujus
1576 2225 1670 2252 opera,

879 2270 905 2292 ct
918 2272 1001 2299 quam
1031 2264 1066 2291 ob
1081 2271 1194 2291 causam
1223 2264 1371 2291 exhaustus
1396 2263 1488 2296 fuerit,
1510 2264 1668 2298 explanabit

881 2315 973 2336 nostra
983 2309 1016 2335 de
1024 2308 1111 2336 sacris
1119 2307 1274 2342 Evangeliis
1286 2308 1400 2334 deducta
1414 2308 1512 2335 oratio.
1528 2318 1537 2334 ι
1553 2307 1670 2335 Ηενυάεο

879 2356 963 2387 enim,
983 2354 1072 2389 inquit
1084 2354 1234 2388 Scriptura,
1255 2355 1336 2381 tenuit
1358 2354 1498 2385 Joannem,
1510 2358 1534 2380 el
1549 2353 1670 2388 alligauit

880 2408 939 2426 eum
958 2419 965 2432 ,
981 2404 1005 2426 et
1021 2399 1107 2433 posuit
1119 2399 1147 2426 in
1161 2407 1265 2425 carcere
1290 2404 1396 2433 propter
1410 2398 1589 2425 Hcrodiadem
1605 2406 1669 2426 uxo-

883 2454 937 2472 rem
950 2445 1067 2479 Philippi
1085 2445 1177 2479 fratris
1202 2445 1254 2471 sui.
1276 2444 1382 2472 Dicebat
1394 2446 1464 2471 enim
1478 2445 1520 2471 illi
1534 2444 1669 2473 lautum:

882 2491 942 2518 Non
957 2491 1016 2517 licet
1043 2490 1089 2517 tibi
1100 2498 1158 2517 eam
1173 2490 1288 2517 habere:
1303 2495 1327 2516 et
1344 2490 1429 2517 volens
1444 2490 1520 2517 illum
1542 2490 1668 2522 occidere,

882 2538 968 2565 timuit
979 2537 1114 2572 populum,
1125 2538 1186 2572 quia
1192 2537 1260 2563 sicut
1270 2537 1422 2570 prop/telum
1433 2544 1491 2562 eum
1498 2535 1625 2562 habebant
1633 2534 1667 2564 ".

881 2582 1024 2616 Qumratur
1037 2582 1154 2617 primum
1164 2582 1226 2616 quis
1239 2581 1290 2608 iste
1303 2581 1433 2613 Herodes,
1450 2580 1553 2608 etenim
1570 2580 1666 2606 homo-

879 2709 941 2728 mus
958 2709 966 2734 ;
987 2700 1088 2735 quibus
1100 2699 1240 2738 addcndus
1253 2703 1405 2738 estauctor
1431 2702 1560 2738 tractatus
1577 2697 1614 2738 _De
1631 2705 1668 2738 re.

879 2731 1063 2775 numerat-iane
1089 2735 1180 2775 statim
1201 2739 1262 2769 post
1277 2734 1385 2775 obitum
1408 2733 1552 2775 animabus
1562 2731 1666 2775 danda,

880 2771 944 2798 item
962 2771 1032 2805 apud
1052 2778 1101 2797 nos
1116 2767 1214 2804 Script’.
1240 2776 1289 2797 νει.
1305 2775 1323 2796 ι.
1343 2767 1398 2801 VII,
1420 2775 1447 2804 p.
1463 2768 1527 2801 266,
1543 2772 1571 2795 ct
1594 2775 1667 2796 nunc

883 2805 1001 2843 denique
1022 2805 1192 2833 Theodorus.
