1921 3073
237 128 291 159 763

828 125 857 155 S.
875 126 1071 156 THEODOBI
1095 126 1267 156 STUDlT/E

1807 117 1862 149 764‘

238 183 329 218 nymia
345 183 549 218 ambiguitatem
574 182 678 209 inducit
706 181 854 216 quominus
879 188 941 208 vera
965 188 1025 215 per-

1086 181 1118 212 είς
1137 178 1214 212 οὗτος
1230 181 1245 206 ὁ
1268 179 1398 215 Ἡρώδης,
1422 178 1471 213 τῆς
1488 177 1650 213 ὁμωνυμίας
1665 175 1801 209 ἀσάφειαν
1812 175 1860 209 Ep.-

238 236 305 256 soua
319 228 505 263 dignoscatur.
523 227 655 254 Nimirum
672 231 713 255 est
725 226 769 253 hic
782 226 928 253 tetrarcha.
943 225 1024 252 Nam-

238 281 290 308 que
314 274 395 306 hujus
411 278 487 307 pater
505 274 549 307 qui
568 272 684 300 infantes
707 271 854 302 interemit,
865 270 949 298 multo
963 275 1025 298 ante

239 319 352 346 obierat.
369 319 424 345 Cur
442 319 487 345 bic
498 323 588 345 autem
603 326 616 344 a
633 317 737 344 Joanne
761 315 1027 351 reprehendebatur?

238 364 312 399 quia,
330 363 447 398 legitima
462 363 548 398 ejecta
559 362 685 396 conjuge,
698 362 787 388 Aretre
802 360 873 395 regis
883 360 944 391 ﬁlia,
963 359 1027 386 Phi-

239 409 303 443 lippi
334 407 425 435 fratris
458 415 569 435 uxorem
588 407 765 434 Herodiadem
780 406 832 433 sibi
860 409 955 432 contra
986 405 1027 432 fas

239 454 459 487 desponsaverat.
494 452 629 480 Licuisset
654 452 679 479 ei
699 452 793 486 utique
816 450 963 477 liberorum
980 457 1027 477 ex-

239 504 342 534 pertem
360 499 458 526 ducere
476 499 503 526 in
525 498 682 533 conjugium
712 497 748 524 ob
767 495 955 524 suscitandum
972 495 1027 523 fra-

241 544 275 571 tri
293 551 397 575 semen,
409 544 487 578 juxta
512 543 657 570 Mosaicam
685 543 772 577 legem
793 550 801 574 ;
818 541 864 568 sed
880 540 1026 568 liberorum

239 589 294 624 jam
325 595 437 616 matrem
457 597 510 616 non
539 589 637 616 licebat
654 597 660 615 :
677 594 759 622 porro
774 591 833 614 erat
861 586 923 613 huic
946 586 1027 613 ﬁliola

241 634 407 669 homonyma
445 633 589 664 Herodias,
617 632 719 668 aspidis
749 632 837 663 fetus,
863 631 1026 658 diabolicum

242 679 400 714 perditionis
428 686 484 706 sua:
515 679 736 705 instrumentum.
767 676 841 704 Justa
869 676 949 710 igitur
980 676 1028 703 abs

243 724 346 752 Joanne
356 723 528 759 reprehensio
543 723 641 754 ﬁebat;
656 727 682 749 et
695 721 802 757 quidem
817 721 961 748 monitoria
975 728 1027 748 non

245 769 451 801 contumeliosa,
468 768 636 795 medicinalis
652 774 704 794 non
718 765 856 792 vulniﬁca.
871 765 940 797 Quid
956 766 1027 791 enim

245 815 351 842 aiebat?
368 813 427 841 Non
446 814 505 840 licet
520 813 565 839 tibi
578 820 635 839 eam
652 811 744 838 habere
761 820 771 843 ;
786 815 866 844 atque
893 810 927 837 ad
942 810 1027 845 legem

1076 225 1206 261 ποιούσης
1216 225 1262 251 τοῦ
1273 224 1447 258 ὀφειλομένου
1460 221 1606 258 προσώπου
1618 220 1764 256 δηλοῦσθαι
1773 227 1780 235 ·
1793 220 1860 245 61:5-

1075 271 1198 306 τράρχης
1210 269 1332 305 δηλονότι
1342 277 1350 285 ”
1365 270 1378 295 ὁ
1397 268 1452 303 γὰρ
1466 267 1560 294 τούτου
1584 267 1686 300 πατὴρ,
1707 266 1721 291 ὁ
1735 265 1789 291 τῶν
1813 273 1859 299 νη-

1077 317 1145 342 πίων
1172 316 1318 350 ἀναιρέτης
1341 313 1543 348 τετελευτηκὼς
1567 310 1601 348 ἦν
1621 312 1720 338 πάλαι·
1737 310 1809 340 τίνος
1833 310 1861 335 δὲ

1077 361 1156 395 χάριν
1170 360 1301 394 ἠλέγχετο
1323 358 1400 393 παρὰ
1424 357 1471 384 τοῦ
1496 356 1694 388 Ἰωάννουςότι
1715 354 1764 387 τὴν
1783 353 1861 387 νομί-

1078 413 1135 439 μως
1153 403 1333 437 συναφθεῖσαν
1345 401 1418 437 αὐτῷ
1433 402 1559 439 -γυναῖκα
1582 398 1759 430 ἔχδεδιωκὼς,
1777 397 1861 431 ἡγουν

1076 435 1124 482 τὴν
1148 435 1288 482 θυγατέρα
1309 435 1410 482 Ἁρέτα
1428 435 1474 472 ἑοῦ
1501 443 1711 481 βααλέως,τὴν
1724 441 1774 468 τοῦ
1787 441 1861 468 ἀδελ-

1080 492 1133 526 φοῦ
1143 491 1280 518 Φιλίππου
1301 491 1454 526 Ἡρωδιάδα
1467 484 1633 526 παρανόμως
1643 488 1766 523 ἐγήματο
1778 495 1784 502 ·
1799 485 1867 521 ἐξῆν

1077 536 1132 571 γὰρ
1145 537 1227 563 αὐτὸν
1241 536 1343 563 ἄπαιδα
1361 533 1445 563 οὖσαν
1460 534 1611 570 ἀγαγέσθαι
1631 534 1670 565 εἰς
1685 533 1780 568 βίωσιν
1794 532 1861 566 πρὸς

1077 581 1226 608 ἀνάστασιν
1245 581 1389 616 ἀδελφικοῦ
1401 581 1570 615 σπέρματος,
1582 579 1652 605 κατά
1663 578 1708 604 τὸν
1722 576 1861 612 μωσαῑκὺν

1077 627 1176 661 νόμονο
1192 626 1329 653 ὑπόπαιδα
1353 626 1382 652 δὲ
1405 626 1612 661 τυγχάνουσαν,
1634 622 1760 657 οὐδαμῶς
1787 622 1859 656 (21)·

1077 670 1111 708 ἦν
1129 673 1158 699 δὲ
1177 672 1245 708 αὐτῇ
1267 672 1430 707 θυγάτριον,
1443 672 1460 706 ὴ
1485 670 1629 705 ὁμώνυμος
1664 668 1811 704 Ἡρωδιὰς,
1834 667 1862 693 τὺ

1079 719 1188 752 ἔγγονον
1203 718 1252 752 τῆς
1269 718 1392 748 ἀσπίδος,
1411 717 1441 743 τὺ
1455 715 1609 743 διαϐολικὸν
1626 715 1742 750 ὄργανον
1757 714 1809 748 τῆς
1823 713 1862 738 οἰ-

1079 763 1154 793 κείας
1168 762 1307 793 ἀπωλείας
1316 769 1323 777 ⁸
1340 761 1438 788 οὐκοῦν
1452 761 1565 791 εἰκότως
1578 761 1592 786 ό
1605 759 1715 793 ἐλεγχος
1731 758 1808 792 παρά
1817 755 1861 783 τοῦ

1085 808 1208 834 Ἰωάννου
1219 816 1226 823 ·
1241 808 1288 834 xui.
1300 806 1376 839 οὗτος
1395 805 1632 842 ὐπομνηματικδς,
1648 804 1705 831 ἀλλ’
1720 805 1770 838 οὐχ
1785 803 1861 837 ὑδρι-

244 859 419 894 pr0vocabat,
441 859 480 886 sic
496 857 551 884 fere
563 858 656 884 dicens
675 865 682 883 :
701 856 800 883 videsis
824 859 850 882 et
864 862 945 881 nosce
961 855 1025 889 quid

1086 853 1179 885 ῖτικὺς,
1198 852 1380 887 ἱατρευτικὺς,
1398 852 1455 878 ἀλλ’
1475 852 1505 878 οὺ
1519 849 1752 886 τραυματοποιός.
1764 849 1797 874 Τί
1811 848 1862 882 γάρ

245 904 292 931 tibi
310 905 353 931 lex
368 904 490 938 imperet.
513 902 542 929 Si
566 903 661 936 fratres
683 900 763 927 ximul
778 900 905 932 habitent,
920 904 944 926 et
960 907 1026 926 unus

244 958 276 977 ex
295 949 335 976 his
358 949 497 980 moriatur,
520 955 564 974 nec
583 955 669 973 semen
689 947 712 973 ei
735 946 901 981 fuerit;non
922 945 1028 971 dabitur

243 996 367 1022 exstincti
386 1002 454 1021 uxor
472 995 526 1020 viro
550 993 619 1019 haud
637 993 780 1027 propinquo
793 991 858 1023 μαι
879 985 933 1018 ὐίνί
955 990 1028 1017 illius

244 1041 327 1074 frater
354 1039 515 1074 ingredietur
531 1039 564 1064 ad
576 1046 644 1069 eam,
657 1041 790 1071 sumetque
805 1036 855 1063 sibi
872 1043 990 1066 uxorem,
1004 1040 1028 1061 et

243 1093 302 1112 eum
320 1084 367 1110 illa
387 1084 513 1110 habitabit
527 1092 536 1110 :
549 1087 573 1110 et
588 1083 610 1109 si
631 1082 717 1116 ﬁlium
743 1083 840 1116 pariet,
857 1082 1029 1108 constituetur

243 1138 277 1158 ea:
291 1130 409 1164 defuncti
433 1130 548 1161 nomine,
564 1133 587 1155 et
607 1136 659 1154 non
673 1127 801 1154 delabitur
817 1135 910 1154 nomen
927 1127 984 1161 ejus
997 1134 1029 1154 ex

246 1176 333 1203 Israel
349 1176 383 1202 ⁸³.
406 1175 468 1202 Haec
496 1175 542 1202 tibi
566 1175 608 1202 lex
629 1174 802 1208 imperat;tu
826 1180 891 1200 vero
917 1179 1028 1199 umrem

246 1221 363 1253 duxisti,
381 1229 440 1255 qum
456 1221 538 1247 ﬁliam
555 1228 588 1246 ex
607 1219 690 1246 fratre
708 1223 755 1246 tuo
770 1223 922 1252 susceptam
938 1218 1028 1245 habet.

245 1266 284 1293 Ne
299 1267 389 1301 itaque
409 1265 570 1300 legislatoris
582 1265 768 1299 praescriptum
786 1263 1029 1298 prmtergrediaris;

246 1320 335 1346 neque
351 1319 497 1347 purpuram
519 1311 640 1338 macules
657 1310 790 1344 sanguine
805 1309 899 1336 illicito
912 1317 918 1341 ;
931 1314 957 1335 et
968 1316 1029 1335 cum

247 1358 352 1386 caeteris
366 1357 489 1392 exemplo
499 1364 560 1384 esse
568 1357 677 1388 debeas,
693 1363 758 1383 cave
772 1363 805 1382 ne
820 1354 938 1382 subditis
947 1361 1029 1380 causa

247 1403 376 1437 peccandi
395 1402 519 1430 elﬁciaris
536 1410 543 1428 :
558 1402 671 1436 ideoque
700 1401 801 1435 justam
828 1398 1029 1426 damnationem

247 1448 370 1483 patiaris,
387 1448 511 1482 quoniam
527 1447 675 1474 districtum
694 1446 826 1481 judicium
848 1453 890 1472 eos
905 1445 950 1479 qui
965 1445 1029 1471 emi-

249 1496 323 1518 nente
336 1491 464 1526 dignitate
481 1497 540 1518 sunt
555 1496 641 1518 manet
652 1491 684 1518 ⁸⁸.

1081 907 1179 934 (gnati);
1194 899 1254 925 Οὐκ
1266 897 1368 928 ἔξεστι
1380 905 1430 924 σοι
1443 898 1525 931 ἔχειν
1539 896 1636 929 αὑτήν
1649 904 1656 910 ·
1673 895 1721 921 ἐπὶ
1728 894 1780 929 τὴν
1791 893 1861 919 θείαν

1080 944 1160 970 αὑτὸν
1179 944 1337 978 νομοθεσίαν
1354 944 1457 975 ἄνεισι,
1471 941 1586 969 τοιαῦτά
1604 950 1661 972 πως
1680 940 1772 974 λέγων
1783 947 1791 954 ⁸
1811 937 1862 964 Ἴδε

1080 989 1128 1016 καὶ
1140 988 1272 1022 ἐπίγνωθι
1287 988 1313 1014 τί
1329 997 1369 1014 σοι
1390 989 1404 1015 ὁ
1429 989 1511 1022 νόμος
1531 985 1772 1021 παρακελεύεται·
1797 984 1863 1010 Ἐὰν

1081 1035 1114 1061 δὲ
1135 1034 1330 1062 κατοικοῦσιν
1357 1034 1482 1068 ἀδελφοὶ
1502 1033 1551 1059 ἐπὶ
1567 1033 1600 1058 τὸ
1619 1032 1703 1063 αὐτὸ,
1721 1030 1773 1057 καὶ
1793 1030 1862 1055 ἁπο-

1082 1081 1157 1114 θάνῃ
1172 1078 1215 1113 εἷς
1233 1080 1268 1112 ἐξ
1284 1079 1395 1111 αὐτῶν,
1411 1079 1530 1112 σπέρμα
1547 1077 1580 1104 δὲ
1592 1076 1634 1110 μὴ
1653 1076 1699 1109 εἴη
1710 1075 1802 1107 αὐτῷ,
1812 1075 1864 1100 οὐκ

1082 1126 1167 1152 ἐστιν
1177 1126 1196 1159 ἡ
1214 1125 1291 1161 γυνὴ
1313 1124 1365 1152 τοῦ
1381 1125 1559 1157 τεθνηκότος
1581 1123 1640 1153 ἔξω
1656 1121 1743 1154 ἀνδρὶ
1764 1119 1804 1158 μὴ
1819 1119 1863 1153 ἐγ-

1082 1170 1189 1206 γίζοντι
1201 1179 1208 1187 ι
1226 1172 1242 1197 ὁ
1255 1171 1388 1205 ἀδελφὸς
1402 1169 1455 1196 τοῦ
1465 1169 1575 1203 ἀνδρὸς
1588 1166 1683 1200 αὐτῆς
1693 1166 1868 1193 εισελεύσε-

1083 1226 1128 1243 ται
1139 1216 1214 1250 πρὸς
1235 1216 1350 1250 αὐτὴν,
1364 1216 1413 1243 καὶ
1437 1215 1566 1249 λήψεται
1592 1214 1688 1247 αὐτὴν
1701 1211 1799 1244 ἐαυτῷ
1819 1220 1867 1245 τυ·

1082 1261 1180 1293 ναῖκα,
1188 1262 1235 1288 καὶ
1243 1261 1419 1294 συνοικήσει
1429 1260 1518 1294 αὐτῇ
1528 1259 1576 1286 καὶ
1585 1259 1671 1285 ἔσται
1682 1258 1726 1290 τὸ,
1740 1257 1866 1287 παιδίον,

1084 1307 1099 1334 ὃ
1129 1307 1168 1334 ἂν
1185 1307 1293 1342 τεχθῇ,
1312 1307 1570 1339 κατασταθήσεται
1588 1306 1622 1332 ἐκ
1645 1304 1699 1330 τοῦ
1726 1304 1869 1337 ὀνόματος

1084 1353 1137 1379 τοῦ
1156 1353 1413 1386 τετελευτηκότος,
1427 1352 1477 1379 καὶ
1495 1353 1551 1378 οὐκ
1570 1349 1822 1384 ἐξαλειφθήσεται
1839 1347 1869 1374 τὸ

1085 1397 1178 1432 ὄνομα
1201 1398 1295 1424 αὑτοῦ
1312 1398 1352 1432 ίὲξ
1373 1397 1510 1431 Ἰσραήλ.
1528 1396 1622 1423 Ταῦτά
1644 1404 1684 1422 σοι
1695 1396 1709 1421 ὁ
1721 1395 1805 1429 νόμος
1823 1401 1870 1418 πα-

1087 1442 1261 1477 ρακελεύεται
1273 1451 1281 1458 ·
1298 1444 1329 1469 σὺ
1342 1442 1370 1468 δὲ
1389 1442 1538 1476 εἰσοικήσω
1559 1440 1608 1476 τὴν
1633 1439 1749 1474 ἔχουσαν
1770 1437 1870 1464 παιδίον

1085 1488 1118 1513 ὲκ
1131 1487 1178 1514 τοῦ
1190 1487 1304 1522 ἀδελφοῦ
1323 1495 1383 1514 σου.
1406 1486 1452 1521 Μὴ
1469 1486 1497 1512 δὲ
1518 1485 1644 1521 παραὸῇς
1666 1484 1712 1511 τοῦ
1729 1482 1870 1516 νομοθέτου

247 1539 294 1564 τὸν
304 1539 365 1574 ὅρον
375 1545 382 1552 ·
398 1537 460 1573 μηδ1
476 1537 559 1571 αὐτὴν
568 1536 712 1571 ἁλουργίδα
727 1535 843 1571 μολύνῃς
856 1535 952 1570 αἵματι
965 1534 1064 1569 ἀνοσίῳ
1077 1541 1084 1549 ·
1112 1534 1181 1569 μήτε
1193 1533 1245 1569 μὴν
1255 1534 1268 1559 ό
1280 1533 1370 1565 ἄλλοις
1400 1532 1485 1563 τύπος
1505 1530 1636 1566 εὐνομίας
1666 1529 1785 1564 ὀφείλων
1810 1527 1871 1554 καθ-

248 1584 433 1617 εστάναι,τοῑ;
447 1583 499 1609 ὑπὸ
511 1584 588 1618 χεῖρα
601 1582 686 1613 αἴτιος
705 1582 817 1616 ὁφθιίης
832 1580 1021 1617 παρανομίας⁴
1041 1579 1094 1606 κάν
1125 1580 1212 1615 τούτῳ
1246 1579 1368 1611 ὑποίσοις
1388 1578 1419 1605 τὺ
1447 1578 1535 1613 κρῖμα
1556 1576 1669 1608 ἔνδικον,
1686 1575 1750 1601 Ὀτι
1781 1574 1873 1608 κρίσις

254 1630 403 1663 ἀπότομος
414 1629 449 1654 ἐν
459 1628 522 1661 τοῖς
534 1627 716 1662 ὑπερέχουσι
736 1627 857 1661 γίνεται.

285 1678 312 1704 5.
332 1676 378 1703 ille
406 1680 496 1703 autem
522 1674 640 1709 potentia
661 1674 764 1706 elatus,
795 1672 879 1700 Deum
905 1674 1039 1701 exsistere

249 1723 359 1753 oblitus,
377 1721 493 1751 furebat,
512 1720 551 1747 ira
570 1719 712 1750 :estuabat,
729 1718 967 1753 reprehensionem
992 1726 1037 1746 re-

249 1768 374 1803 pellebat.
389 1766 448 1793 Nou
463 1770 504 1793 est
519 1765 641 1792 imitatus
657 1764 798 1797 Davidem,
814 1765 859 1798 qui
875 1772 890 1791 a
905 1765 1036 1798 propheta

249 1813 372 1840 Nathaue
384 1812 418 1838 de
442 1810 567 1837 adulterii
590 1809 707 1836 crimine
729 1813 885 1843 coargutus,
901 1809 926 1835 in
943 1816 1037 1836 vocem

250 1859 323 1886 illam
339 1857 427 1891 erupit
442 1865 448 1883 :
466 1855 575 1882 Peccavi
592 1855 702 1881 Domino
716 1854 755 1881 ’τε
766 1854 845 1888 cujus
865 1854 900 1881 ob
928 1853 1040 1880 humili-

251 1907 333 1930 tatem
346 1902 477 1929 Dominus
493 1905 632 1935 peccatum
644 1899 794 1927 transtulit.
813 1899 865 1926 Sed
881 1898 935 1931 hic,
952 1899 1040 1934 inquit

252 1947 403 1983 Scriptura,
430 1945 641 1980 comprehensum
673 1944 805 1972 Joannem
831 1945 942 1971 vinculis
978 1952 1039 1970 con-

252 1993 360 2020 strinxit
372 1998 395 2019 et
407 1992 507 2019 carceri
530 1991 686 2018 tradidit".
702 1990 844 2018 Hominem
869 1989 1040 2024 philosophia

253 2039 383 2066 invictum
403 2036 610 2072 comprehendit
629 2036 652 2063 is
667 2036 714 2071 qui
729 2036 846 2063 luxuria:
860 2035 987 2070 passione
1005 2040 1042 2063 te-

253 2084 366 2112 nebatur
382 2092 389 2110 :
411 2082 549 2109 hominem
563 2081 691 2113 liberum,
706 2084 800 2114 utpote
822 2080 897 2107 omni
916 2080 1042 2114 passione

257 2130 394 2161 solutum,
411 2128 534 2162 alligavit
563 2127 587 2154 is
606 2127 652 2162 qui
680 2126 897 2160 intemperantiae
927 2125 1042 2152 vinculis

254 2174 418 2202 constrictus
426 2178 485 2200 erat
501 2182 508 2199 :
519 2172 660 2200 custodem
673 2171 934 2206 praedicatoremque
947 2170 1036 2198 Eccle-

255 2220 302 2248 siae
332 2219 441 2247 tradidit
455 2218 596 2250 custodiae,
611 2217 634 2244 is
659 2217 707 2251 qui
735 2217 903 2251 impurorum
931 2220 1041 2244 actuum

254 2266 420 2300 mancipium
447 2269 515 2292 erat.
546 2263 658 2297 Propter
685 2262 829 2289 Heradiam
855 2261 971 2296 Philippi
988 2262 1043 2301 [ra-

256 2311 303 2338 tria
311 2311 353 2337 sui
360 2311 382 2326 "
394 2307 598 2343 ;Herodiadem,
609 2307 731 2342 inquam,
741 2306 833 2334 Dalilae
843 2307 965 2334 moribus
974 2307 1048 2337 simi_
1064 2321 1085 2348 Β

254 2357 321 2389 lem,
335 2359 362 2382 et
375 2354 475 2382 diaboli
489 2353 648 2388 complicem
662 2361 669 2379 :
681 2353 739 2387 ipsa
748 2352 820 2380 enim
831 2352 883 2379 tori
891 2352 994 2379 socium
1006 2352 1048 2380 vel

257 2401 347 2435 potius
357 2399 503 2427 ascititium
510 2399 543 2426 ad
551 2397 665 2425 Joannis
673 2397 766 2425 odium
779 2397 896 2431 impulit.
907 2396 967 2423 Non
976 2395 1045 2429 fero,

257 2445 356 2480 inquit,
368 2443 515 2478 vituperari
532 2450 593 2478 qua!
607 2449 667 2470 sum
680 2442 775 2477 regina
790 2449 805 2469 a
820 2440 960 2469 Zachariae
976 2440 1042 2468 ﬁlio.

257 2489 344 2517 Trade
370 2488 473 2516 carceri
490 2488 610 2523 linguam
631 2495 693 2522 qua:
717 2494 761 2513 me
780 2485 902 2513 diﬁamat
917 2493 924 2512 :
940 2484 1042 2520 perime

257 2535 349 2562 statim
370 2533 475 2569 spiculo
496 2533 573 2560 illum
589 2533 636 2568 qui
659 2532 716 2560 suis
734 2531 853 2559 animam
880 2538 970 2558 meam
985 2537 1041 2557 ser-

258 2582 384 2609 monibus
398 2589 447 2609 ceu
463 2581 521 2609 telis
532 2581 668 2608 vulnerat.
687 2579 804 2614 Cumque
825 2586 884 2605 eum
907 2577 980 2605 vellet
1002 2584 1044 2603 oc-

257 2631 353 2663 cidere,
367 2630 454 2657 timuit
473 2629 609 2664 populum,
621 2629 684 2663 quia
698 2627 830 2661 prophetce
841 2625 897 2652 loco
913 2632 973 2651 eum
996 2623 1043 2650 ha-

258 2677 350 2704 bebant
363 2676 396 2703 ".
410 2675 469 2703 Non
483 2675 556 2703 enim
570 2675 592 2702 si
605 2674 714 2709 quando
729 2673 822 2700 volunt
841 2678 916 2707 reges
929 2677 1041 2705 pravum

1123 1675 1153 1699 ε’.
1173 1669 1202 1697 ‘0
1217 1669 1246 1696 δὲ
1264 1668 1321 1703 ἅμα
1340 1666 1380 1701 τῷ
1402 1666 1508 1700 κράτει,
1522 1664 1569 1690 κα)⁸
1581 1663 1612 1689 τὸ
1633 1660 1703 1703 εἶναι
1725 1662 1795 1688 Θεὸν
1816 1662 1872 1687 ἑπι-

1087 1715 1265 1752 λελησμένος,
1288 1712 1395 1748 ἐμάνη,
1411 1711 1516 1745 ἐξήφθη
1535 1709 1574 1744 τῷ
1599 1707 1689 1742 θυμῷ,
1712 1706 1874 1752 ἀπεσείσατο

1087 1763 1132 1790 τὸν
1147 1750 1261 1795 ἔλεγχον
1273 1767 1279 1773 ·
1294 1758 1345 1784 οὐκ
1374 1756 1531 1791 ἐμιμήσατο
1549 1754 1596 1780 τὸν
1617 1752 1711 1784 Δαϐὶδ,
1734 1752 1765 1783 ὃς
1785 1750 1872 1784 ἐπειδὴ

1089 1807 1212 1844 ¹Ιιιλέγχθη
1239 1804 1316 1840 παρά
1344 1803 1438 1829 Νάθαν
1462 1800 1509 1827 τοῦ
1538 1799 1676 1834 προφήτου
1693 1798 1742 1824 ἐπὶ
1758 1795 1877 1832 μοιχείας

1089 1842 1256 1887 ἐγκλήματι,
1277 1849 1386 1883 εκείνην
1400 1845 1568 1882 προεϐάλετο
1583 1845 1632 1878 τὴν
1646 1843 1752 1878 φωνὴν,
1775 1842 1874 1887 Ἡμάρ-

1089 1886 1220 1929 enataret?)
1235 1893 1333 1927 Κυρίῳ
1346 1899 1352 1906 ·
1371 1888 1402 1917 οὗ
1421 1890 1465 1917 διὰ
1479 1889 1528 1924 τὴν
1542 1888 1707 1915 ταπείνωσιν
1722 1888 1771 1914 καὶ
1779 1886 1875 1921 Κύριος

1090 1939 1277 1976 παρεκὸίὸασε
1287 1938 1318 1964 τὸ
1329 1936 1480 1971 ἁμάρτημα
1493 1942 1500 1949 ·
1517 1934 1588 1961 ἀλλὰ
1620 1934 1793 1967 Κρατήσας,
1803 1931 1873 1966 φησὶ,

1090 1986 1144 2013 τὸν
1164 1984 1321 2017 Ἰωάννην,
1338 1983 1452 2015 ἔδησεν
1471 1981 1565 2007 αὐτὸν
1584 1980 1633 2006 καὶ
1651 1978 1765 2012 έθηκεν·
1780 1978 1814 2003 ἐν
1826 1985 1864 2010 φυ

1091 2031 1182 2065 λακῇ.
1215 2029 1368 2064 Ἐκράτησε
1394 2027 1439 2053 τὸν
1461 2024 1607 2060 φιλοσοφίᾳ
1637 2023 1876 2059 ἀκράτητον,όχε-

1091 2075 1262 2112 κρατημένος
1274 2074 1314 2109 τῷ
1332 2072 1412 2099 πάθει
1427 2072 1475 2106 τῆς
1491 2069 1636 2103 ἀσελγείας
1650 2078 1656 2084 ·
1666 2068 1748 2102 ἔδησε
1760 2067 1805 2094 τὸν
1815 2067 1876 2093 ἀπο-

1091 2123 1238 2157 λελυμένον
1260 2121 1293 2155 τῇ
1319 2117 1522 2154 ἁπροσπαθεία,
1537 2117 1551 2142 ὁ
1564 2114 1707 2149 δεδεμένος
1726 2115 1761 2149 τῇ
1777 2119 1876 2148 μαγγα-

1091 2169 1137 2204 νίᾳ
1149 2168 1198 2203 τῆς
1207 2165 1355 2196 ἀκολασίας
1368 2172 1375 2178 ·
1393 2163 1470 2190 ἔθετο
1486 2163 1515 2189 ἐν
1530 2161 1639 2196 φυλακῇ
1651 2160 1697 2187 τὸν
1712 2159 1823 2194 φύλακα
1834 2157 1877 2184 καὶ

1092 2215 1202 2249 κήρυκα.
1216 2211 1267 2246 τῆς
1279 2209 1457 2244 Ἐκκλησίας,
1472 2210 1486 2235 ὁ
1507 2206 1708 2242 καθειργμένος
1731 2207 1766 2240 τῇ
1787 2203 1875 2249 πράξει

1170 2257 1360 2292 ἀκαθαρσίας·
1383 2255 1436 2282 Διά
1461 2252 1624 2287 Ἡρωδιάδα
1655 2251 1808 2278 Φιλίππου
1829 2247 1876 2275 τοῦ

1097 2293 1231 2339 ἀδελφοῦ
1244 2302 1354 2330 αὐτοῦ·
1379 2299 1530 2335 Ἡρωδιάδα
1554 2298 1604 2333 τὴν
1613 2297 1662 2332 τῆς
1690 2296 1791 2323 causa
1819 2293 1877 2328 ὁμό-

1099 2358 1210 2386 τροπον,
1229 2349 1277 2375 καὶ
1291 2347 1337 2374 τοῦ
1358 2346 1483 2373 διαᾶόλου
1508 2343 1725 2379 συμπράκτορα·
1741 2342 1810 2376 αὕτη
1827 2340 1876 2386 γᾴρ

1097 2396 1144 2422 τὸν
1160 2394 1314 2429 σύγκοιτον,
1333 2392 1434 2428 μᾶλλον
1446 2391 1476 2417 δὲ
1490 2390 1617 2417 σύνθετον
1632 2388 1739 2424 ὤτρυνε
1754 2387 1821 2422 πρὸς
1831 2385 1875 2420 τὴν

1095 2440 1143 2468 τοῦ
1155 2440 1279 2466 Ἰωάννου
1302 2438 1399 2473 μανίαν
1409 2445 1417 2452 ’
1431 2436 1469 2463 Οὐ
1482 2435 1567 2470 φέρω,
1585 2434 1662 2469 φησὶ,
1677 2429 1871 2467 κωμῳδεῖσθαι,

1096 2485 1239 2521 βασίλισσα
1264 2483 1446 2518 τυγχάνουσα,
1464 2481 1516 2507 ὑπὸ
1538 2478 1705 2509 τοῦ-παιδος
1726 2474 1871 2521 Ζαχαρίου·

1097 2520 1180 2562 στάθες
1193 2530 1243 2565 τὴν
1259 2529 1386 2564 γλῶσσαν
1402 2528 1431 2554 ἐν
1446 2526 1554 2562 φυλακῇ
1569 2525 1620 2561 τὴν
1641 2523 1692 2558 ἐμὲ
1709 2520 1873 2565 στηλιςεύου·

1097 2584 1161 2603 σαν·
1178 2564 1284 2602 κτεῖνον
1296 2575 1324 2600 ὲν
1334 2573 1412 2607 τάχει
1439 2573 1524 2607 αἰχμῇ
1547 2571 1593 2597 τὸν
1621 2568 1689 2605 ἐμοῦ
1717 2568 1768 2602 τὴν
1793 2564 1873 2601 ψυχὴν
1902 2603 1904 2606 ι

1095 2623 1151 2653 τοῖς
1177 2621 1266 2655 λόγοις
1293 2620 1330 2651 ὼς
1351 2619 1439 2654 βέλεσι
1460 2616 1692 2653 τραυματίζοντα.
1714 2614 1769 2641 Kal
1785 2611 1873 2639 θέλων

1095 2667 1188 2696 αὑτὸν
1202 2665 1385 2698 ἀποκτεῖναι,
1396 2663 1527 2699 ἐφοϐήθη
1544 2662 1597 2689 τὸν
1607 2661 1712 2695 ὄχλον,
1725 2659 1770 2686 ὅτι
1782 2657 1873 2687 ὥσπερ

291 2733 314 2750 ⁸⁸
330 2732 407 2760 Deut.
425 2740 486 2765 xxv,
504 2733 530 2759 5.
562 2732 584 2747 ⁸⁵
595 2731 658 2766 Sap.
673 2738 710 2762 vt,
726 2730 751 2757 6.
788 2730 809 2746 ⁸⁷
824 2729 888 2764 Reg.
904 2736 952 2762 xtl,
968 2728 1011 2756 l3.

1086 2726 1172 2754 ilalth.
1213 2732 1266 2757 xtv,
1279 2725 1306 2751 ὅ.
1342 2722 1364 2739 ⁸³
1380 2721 1444 2749 ibid.
1461 2721 1489 2749 9.
1524 2721 1547 2736 9°
1559 2719 1623 2747 ibid.
1639 2719 1665 2746 5.

294 2778 350 2811 (2|)
365 2777 500 2813 Joscphus
516 2777 596 2805 llebr.
615 2777 674 2804 loco
690 2775 885 2813 murcilaudo.

295 2809 351 2847 (2‘2)
369 2809 447 2840 Errat
462 2811 633 2844 Theodorus,
649 2819 711 2839 nam
741 2811 840 2838 diserte
867 2810 936 2837 hanc
954 2809 1040 2837 llcro—

1096 2772 1184 2799 (liadis
1196 2771 1278 2798 ﬁliam
1304 2768 1420 2803 appellat
1449 2766 1588 2797 Salomen,
1606 2771 1659 2803 non
1691 2759 1870 2790 llcrodiadcm.

1094 2807 1192 2842 Josrph
1209 2805 1298 2839 .lntiq.
1316 2800 1363 2831 lib.
1375 2810 1453 2836 xvm,
1482 2809 1542 2835 cap.
1558 2809 1593 2833 γι,
1610 2800 1636 2827 ὦ.
