1921 3073
49 131 94 163 765

343 135 485 168 ORATIO
506 139 587 169 VIII.
609 140 697 170 -ΙΝ
713 140 1030 172 DECOLLATIONEM
1045 143 1076 173 5.
1093 142 1227 176 JOANN.
1240 144 1346 175 BAP’l‘.

1611 141 1666 174 766

49 186 203 222 προφήτην
213 188 306 215 αὐτὸν
315 187 413 224 εἶχον·
431 193 461 218 οὐ
478 193 533 228 γὰρ
554 194 636 229 ἡνίκα
661 194 828 230 βουληθῶσιν

882 195 980 230 aliquid
1000 204 1091 231 agere,
1106 197 1197 224 statim
1220 188 1351 232 impetum
1377 205 1456 226 suum
1469 198 1496 225 in
1517 205 1587 232 opus
1600 204 1666 225 con-

47 234 68 258 o!
83 233 248 268 κρατοῦντες
262 235 365 270 πρᾶξαί
375 246 401 263 τι
414 237 469 264 τῶν
483 239 617 271 ἐκτόπων,
629 240 710 271 εὐθὺς
725 240 774 275 τὴν
784 241 829 275 όρ-

49 279 96 312 μὴν
111 280 151 310 εἰς
166 279 247 314 ἔργον
260 280 382 314 ἄγουσιν,
398 283 468 310 αἰδοῖ
488 285 536 311 καὶ
559 285 635 320 φόϐῳ
645 286 692 312 τοῦ
706 287 829 321 ὑπηκόου

48 323 257 360 ἀναΰαλλόμενοι
275 326 322 353 καὶ
336 327 485 360 κλωθέντες
498 331 538 362 εἰς
555 331 669 363 ἑαυτοὺς
683 332 729 358 τὸν
745 332 829 368 ἐφαρ-

48 369 161 403 μόζοντα
178 371 273 406 καιρὸν
288 372 336 407 τῆς
357 373 519 409 μοχθηρίας.

80 418 116 447 ς’.
131 417 285 443 Γενεσίων
305 417 340 444 δὲ
366 419 521 453 ἀγομένων
540 421 593 448 τοῦ
617 421 757 456 Ἡρώδου,
773 423 828 458 ὠρ-

48 459 159 493 χήσατο
173 461 193 494 ἡ
206 461 338 496 θυγάτηρ
360 463 416 496 τῆς
437 463 612 499 Ἡρωδιάδος
632 468 668 493 ἐν
682 468 722 500 τῷ
734 469 827 503 μέσῳ,

48 505 91 531 καὶ
102 505 197 539 ἤρεσε
221 506 262 539 τῷ
280 507 402 542 Ἡρώδῃ,
414 509 485 536 ὅθεν
494 512 558 545 μεθ’
578 511 670 546 ὅρκου
677 514 828 549 ὡμολόγη-

47 558 98 577 σεν
113 551 192 585 αὐτῇ
206 552 311 580 δοῦναι
327 554 342 580 ὃ
355 554 409 581 ἐὰν
419 556 586 591 αἰτήσηται.
601 558 665 584 Ὅτε
683 559 767 594 ἐχρῆν
781 561 830 587 αὒ-

47 595 87 621 τὺν
100 596 193 624 δοῦναι
205 597 284 630 δόξαν
293 600 332 633 τῷ
344 600 403 635 Θεῷ
411 603 451 633 εἰς
460 602 519 629 τόδε
535 605 705 639 προαχθέντα
718 606 748 632 τὸ
759 606 827 639 φῶς,

46 641 101 668 τότε
121 643 169 669 τοῦ
187 644 301 676 σκότους
310 646 344 671 τὰ
358 646 426 681 ἔργα
442 648 596 680 ἀσπάζεται
609 659 616 666 ·
632 646 765 685 θυμηδίας
774 652 829 686 γὰρ

46 686 58 712 ὸ
69 688 163 722 καιρὸς
177 689 228 715 οὐκ
239 690 378 726 ὀρχήσεως
390 693 437 719 καὶ
453 693 570 728 μάλιστα
583 696 768 729 γυναικώδους
783 697 829 723 ἐπὶ

46 735 191 770 ἀρῤενικῆς
219 736 299 769 θέας·
312 737 341 770 ἐξ
364 735 398 773 ἦς
423 740 450 766 τί
470 739 500 766 τὸ
526 741 705 776 τικτόμενον;
726 743 807 778 ὅρκος
820 751 826 757 “

46 780 73 805 ἐκ
83 779 111 805 δὲ
121 780 190 813 τοῦ;
206 781 287 814 φόνος
301 790 307 796 ·
324 782 402 809 ἄνελε
420 783 470 815 τὰς
486 784 566 819 ῥίζας
590 786 639 821 τῆς
655 787 764 819 κακίας,
783 789 829 815 καὶ

45 825 70 850 οὒ
85 824 235 860 βλαστήσει
258 828 366 862 καρπὸς
381 828 432 862 τῆς
451 829 566 864 ἀνομίας
577 839 584 846 ⁸
603 831 658 858 τῶν
670 833 786 867 πρώτων
800 834 828 861 δὲ

882 240 982 272 ferunt,
995 242 1145 269 reverentia
1163 249 1291 277 metuque
1310 243 1484 270 subditorum
1510 243 1666 270 differentes

880 289 962 320 atque
978 287 1047 314 intra
1067 295 1096 314 se
1113 288 1188 322 ipsos
1202 289 1346 316 molientes
1360 289 1490 316 idoneum
1505 289 1597 316 futuro
1609 295 1666 314 ma-

879 331 968 358 leﬁcio
985 336 1101 367 tempus.

915 421 941 448 6.
957 421 1024 447 Dum
1036 426 1122 448 autem
1134 426 1274 457 agerentur
1298 422 1411 450 Herodis
1425 423 1538 454 natalia,
1558 424 1666 450 saltavit

879 466 937 500 ﬁlia
962 466 1122 493 Ilerodiadis
1135 468 1162 494 in
1176 468 1262 494 medio
1293 469 1420 500 conuiuio,
1446 468 1595 503 placuitque
1613 468 1668 495 He-

880 509 948 540 rodi,
976 509 1041 536 adeo
1055 515 1083 536 ut
1104 519 1163 537 cum
1177 511 1330 544 juramento
1352 513 1502 546 promiserit
1515 520 1542 539 se
1553 515 1577 539 ei
1591 513 1668 539 datu-

880 563 938 581 rum
959 555 1086 590 quidquid
1112 556 1217 589 petisset
1233 556 1266 583 ἰ.
1289 557 1399 585 Scilicet
1417 565 1479 585 cum
1502 558 1667 592 oportuisset

879 607 940 626 eum
958 601 1023 626 dare
1043 600 1156 635 gloriam
1178 600 1231 628 Deo
1245 601 1287 629 die
1300 602 1362 634 hoc,
1379 610 1434 637 quo
1456 603 1482 630 in
1508 603 1595 630 lucem
1607 604 1666 630 edi-

879 649 924 672 tus
938 645 1037 678 fuerat,
1057 646 1229 674 tenebrarum
1248 648 1344 675 maluit
1363 656 1445 683 opera
1458 649 1582 684 exsequi.
1602 649 1667 676 Erat

878 691 989 725 insuper
1004 692 1103 719 laetitiae
1123 693 1232 726 quidem
1250 698 1356 728 tempus
1370 695 1432 726 hoc,
1446 703 1499 722 non
1514 699 1603 722 tamen
1617 696 1667 722 sal-

878 737 985 764 tationis
1010 738 1159 772 praesertim
1184 737 1292 766 femina:
1309 740 1335 765 in
1351 740 1474 766 virorum
1504 745 1664 774 conspectu.

878 782 962 817 Cujus
991 784 1028 810 rei
1052 792 1176 818 quaenam
1194 785 1304 819 sequela
1319 785 1388 812 fuit?
1402 793 1500 820 nempe
1526 787 1668 821 jusjuran-

877 830 953 856 dum.
977 830 1045 863 Quid
1059 830 1121 858 inde
1142 831 1224 857 vero?
1239 831 1426 858 homicidium.
1455 832 1540 859 Aufer
1558 833 1666 860 malitia:

46 872 174 904 φυέντων,
195 873 393 909 ἀναδοθήσεται
407 875 529 910 δηλονότι
545 878 574 903 τὸ
586 878 670 913 πέρας
688 879 742 905 τῶν
757 889 828 914 πρα-

882 875 995 907 radices,
1019 880 1046 902 et
1065 883 1118 902 non
1141 877 1285 910 pullulabit
1310 877 1415 904 fructus
1431 877 1584 911 iniquitatis
1607 882 1666 906 :et-

44 918 165 952 γμάτων.
191 919 356 953 Ὠρχήσατο
369 921 387 955 ἡ
404 922 534 956 θυγάτηρ
542 923 597 957 τῆς
614 925 785 959 Ἡρωδιάδος
794 926 830 953 ἐν·

45 963 80 994 τῷ
103 963 201 996 μέσῳ,
233 964 281 990 καί
307 965 400 999 ἤρεσε
436 967 477 999 τῷ
500 967 692 1003 Ἡρώδῃ-καὶ
720 971 746 996 τί
774 971 828 1006 γὰρ

44 1008 137 1042 ἔμελλε
151 1010 349 1038 πεπαιδεῦσθαι
365 1012 442 1047 παρά
464 1015 514 1049 τῆς
534 1015 667 1050 τεκούσης
680 1017 696 1051 ἠ
711 1024 829 1051 μαστρο-

44 1054 151 1088 πόρινος
179 1054 311 1090 θυγάτηρ,
338 1057 354 1091 ἦ
380 1057 411 1083 τὸ
437 1058 607 1093 ἐξορχεῖσθαι
622 1068 629 1092 ;
646 1060 693 1086 καὶ
718 1061 828 1087 τοσοῦτο

43 1097 258 1132 ὲξησκημμένως
276 1101 347 1134 ἐχειν
363 1102 427 1135 περὶ
446 1102 496 1137 τὴν
518 1102 685 1138 ὀρχήστραν,
699 1104 768 1131 ὥστε
781 1106 828 1132 καὶ

43 1143 138 1177 ἀρέσαι
162 1143 201 1178 τῷ
221 1145 346 1180 Ἡρώδῃ;
366 1146 428 1172 ὅθεν
459 1147 519 1180 μεθ’
546 1148 627 1183 ὅρκου
653 1149 827 1185 ὡμολόγησεν

43 1188 106 1223 αὐτῇ
119 1188 212 1215 δοῦναι
227 1189 241 1214 ὃ
255 1189 303 1215 ἐὰν
314 1191 424 1226 αίτήσῃ.
441 1192 558 1228 Τοιαύτη
580 1194 634 1228 γάρ
646 1195 662 1229 ὴ
678 1196 828 1230 προπέτεια

42 1232 91 1258 τῶν
110 1233 357 1268 ὲκῦακχευομένων
380 1237 437 1266 τοῖς
465 1237 563 1264 πάθεσι
581 1238 630 1271 τῆς
651 1240 780 1274 ἀτιμίας,
796 1241 827 1267 ἀ-

43 1278 234 1312 περισκέπτως
247 1280 473 1316 ἀποφαινομένων
483 1283 554 1310 κατὰ
563 1285 662 1315 παντὸς
673 1282 776 1317 οὗτινος
784 1286 828 1312 δό-

43 1323 125 1355 ξειεν·
145 1325 162 1357 ἡ
184 1325 213 1350 δὲ
235 1325 452 1359 προϐιϐασθεῖσα
475 1328 527 1354 ὑπὸ
550 1329 598 1363 τῆς
622 1331 726 1364 μητρὸς
741 1332 827 1366 αὐτῆς

44 1369 153 1403 ἥρπαζε
166 1369 213 1396 τὸν
230 1370 279 1404 τῆς
297 1372 453 1405 μιαιφονίας
472 1373 585 1400 θάνατον
599 1375 628 1400 ὃν
639 1374 719 1402 ὥδινε
744 1368 828 1403 πάλαι

42 1414 187 1441 ἀποτεκεῖν
203 1416 219 1450 ἡ
234 1416 403 1449 ὲχιδνοτόκος
421 1418 556 1453 Ἡρωδιὰς
567 1429 574 1436 ν
586 1421 632 1447 καὶ
646 1421 713 1456 πρὸς
725 1421 754 1448 τὸ
763 1423 827 1449 ἐαυ-

41 1461 85 1493 ri};
103 1460 254 1495 θυγάτριον
262 1461 499 1497 διαθερμανοείσα,
512 1465 584 1492 ἔοικε
595 1467 706 1493 τοιαῦτα
720 1467 808 1502 λέγειν
819 1477 825 1484 ·

43 1506 91 1531 Ἴδε
105 1507 120 1533 ὁ
136 1507 246 1541 καιρὸς,
259 1507 365 1540 τέκνον,
379 1510 393 1535 ό
405 1509 621 1546 ὲπιζητοὺμενος
634 1513 698 1547 ἡμῖν
707 1522 713 1528 '
726 1514 827 1548 ῆνυσας

881 920 952 947 enim
974 919 1046 947 facto
1066 920 1154 953 initio,
1170 922 1208 948 rei
1230 929 1339 956 quoque
1359 923 1491 949 terminus
1518 930 1667 957 conseque-

881 970 934 992 tur.
961 965 1076 992 Saltavit
1097 965 1258 994 Heradiadis
1278 968 1336 1001 ﬁlia
1353 968 1380 994 in
1399 969 1483 995 ntedio
1504 969 1629 1000 convivio,
1641 973 1666 995 et

880 1010 981 1038 Herodi
994 1012 1103 1045 placuit.
1125 1011 1194 1044 Quid
1216 1013 1287 1039 enim
1316 1013 1388 1040 aliud
1413 1014 1508 1040 edocta
1536 1013 1633 1041 fuisset
1650 1022 1665 1040 a

879 1061 964 1084 matre
983 1056 1036 1084 lilia
1061 1057 1179 1090 lenonia,
1192 1065 1273 1092 quam
1289 1058 1407 1085 saltare?
1420 1059 1475 1085 imo
1486 1063 1512 1085 et
1527 1063 1667 1093 tantopere

879 1102 906 1129 in
930 1109 963 1129 eo
982 1102 1046 1129 ludo
1064 1103 1194 1135 exerceri,
1217 1108 1246 1130 ut
1272 1103 1322 1137 ipsi
1346 1104 1445 1130 Herodi
1465 1104 1599 1138 placeret?
1619 1103 1666 1138 qui

879 1148 979 1174 idcirco
1004 1148 1029 1174 ei
1048 1149 1148 1182 recepit
1172 1149 1303 1183 quidquid
1331 1149 1498 1182 postulasset
1524 1156 1668 1176 concessu-

878 1201 950 1221 rum.
976 1192 1038 1220 Haec
1064 1193 1164 1228 quippe
1186 1197 1227 1221 est
1253 1194 1445 1221 bacchantium
1462 1195 1490 1221 in
1511 1194 1666 1229 ignominiae

877 1240 1051 1273 passionibus
1069 1240 1217 1270 temeritas.
1242 1244 1273 1266 ut
1295 1240 1496 1268 inconsiderate
1519 1241 1666 1268 decernant

878 1283 911 1310 de
933 1292 961 1311 re
982 1284 1116 1318 qualibet,
1131 1288 1212 1318 prout
1228 1284 1316 1311 visum
1345 1284 1438 1313 fuerit.
1465 1285 1556 1312 Puella
1575 1292 1665 1311 veroa

878 1333 965 1355 matre
976 1337 1024 1356 sua
1050 1329 1188 1360 instincta,
1203 1329 1373 1356 occasionem
1392 1329 1507 1362 arripuit
1522 1333 1665 1355 cruentam

878 1383 971 1402 necem
1009 1375 1177 1409 postulandi,
1198 1382 1279 1409 quam
1302 1374 1405 1408 jamdiu
1429 1374 1551 1409 viperina
1579 1378 1667 1400 mater

878 1420 1010 1446 Herodias
1027 1420 1163 1454 parturire
1186 1419 1309 1454 parabat.
1322 1419 1420 1449 Cerne,
1434 1424 1482 1450 ait,
1500 1427 1515 1445 0
1532 1419 1585 1445 lilia
1603 1422 1669 1445 tem-

879 1472 928 1498 pus
946 1464 1024 1490 nobis
1038 1464 1196 1497 expolitum.
1222 1463 1288 1489 llcm
1303 1463 1370 1489 mihi
1395 1467 1514 1497 optatam
1531 1462 1597 1496 pede
1619 1462 1669 1488 sal-

878 1512 953 1535 tante
983 1507 1124 1534 confccisti
1145 1516 1152 1539 ;
1173 1507 1294 1534 dolorem
1324 1514 1413 1533 meum
1439 1506 1590 1532 artificioso
1622 1510 1669 1531 tuo

41 1551 78 1586 τῷ
90 1552 156 1578 ποδὶ
177 1552 208 1578 τὸ
228 1553 290 1587 ἐμοὶ
305 1554 476 1590 φιλούμενον,
489 1556 635 1589 πέπαυκάς
658 1567 709 1592 μου
732 1547 762 1586 τὸ
779 1560 828 1586 ἀλ-

883 1557 963 1580 cantn
979 1553 1091 1580 scdasli.
1107 1553 1198 1579 Terra:
1215 1552 1382 1579 infodiamus
1397 1551 1535 1579 hominem
1557 1551 1603 1585 qui
1619 1557 1668 1577 nos

42 1599 129 1631 γεινὸν
157 1599 196 1634 τῷ
215 1600 332 1635 τεχνικῷ
356 1609 402 1627 σου
426 1601 584 1638 λυρίσματι.
609 1604 763 1639 Κρύψωμεν
789 1607 829 1636 εἰς

43 1644 91 1678 γῆν
114 1644 163 1670 τὸν
180 1645 256 1679 ἡμᾶς
277 1646 471 1679 στηλιτεύοντα
483 1655 490 1662 ·
508 1647 546 1674 ἴθι
572 1649 666 1683 τάχιον
688 1650 773 1677 ταῦτα
787 1651 830 1677 λέ-

43 1696 125 1722 Tenea
139 1699 146 1704 -
159 1691 216 1722 Δός
221 1699 273 1724 μοι
281 1688 339 1723 duis
347 1692 396 1718 ἐπὶ
408 1692 512 1720 πίνακι
521 1693 578 1727 τὴν
586 1695 725 1728 κεφαλὴν
733 1696 830 1723 Ἰωάν-

44 1742 96 1761 νου
107 1736 164 1762 τού
181 1737 367 1764 Βαπτιστοῦ.
382 1738 413 1764 Ὢ
429 1738 528 1772 μανίας
541 1739 693 1775 ὑπερὸολῆς
709 1741 828 1776 αἴτημαί

46 1781 188 1815 μονονουχὶ
197 1781 239 1808 ὅτι
255 1782 294 1817 μὴ
308 1783 443 1818 ἐντρυφᾷν
456 1782 515 1819 εἷχε
528 1785 566 1820 τῷ
586 1786 687 1821 φονικῷ
697 1787 829 1822 Θεάματι·

43 1825 224 1861 ἐδυσχέρηνεν
243 1827 260 1862 ἡ
283 1828 381 1862 μαινὰς
410 1830 457 1855 καὶ
489 1830 652 1867 φονεύτρια·
669 1833 718 1867 οὐχ
740 1833 831 1861 lata.va

42 1872 93 1906 γὰρ
114 1873 158 1898 ὅτι
174 1872 252 1906 ξίφος
275 1873 399 1901 διελάσαι
415 1875 449 1901 τὰ
462 1875 511 1902 τοῦ
529 1877 601 1910 ἱεροῦ
615 1878 752 1913 τραχήλου
765 1880 830 1914 ᾑρε-

41 1917 126 1943 τίσω·
141 1917 212 1944 ἀλλά
229 1919 281 1952 γὰρ
306 1921 353 1945 καὶ
378 1920 425 1946 ἐπὶ
455 1922 551 1949 πίνακι
582 1923 693 1958 δοθῆναί
723 1933 764 1952 σοι
783 1926 833 1961 τὴν

42 1964 120 1997 ἁγίαν
157 1965 280 2000 κεφαλὴν
303 1968 535 2002 ὲπραγματεύσω.
558 1971 590 1996 Ὦ
612 1971 760 2005 ἀτάσθαλε,
786 1974 832 2000 καὶ

40 2009 86 2044 τῆς
103 2010 229 2042 Ἰεζάϐελ
244 2011 430 2047 ἀπηνέστερον
454 2014 484 2040 τὸ
497 2012 564 2049 ἦθος
580 2015 678 2050 ἔχουσα
693 2018 699 2043 1

73 2055 108 2086 ζ’.
123 2056 182 2082 Kal
210 2056 360 2090 ἐλυπήθη,
395 2060 479 2094 φησὶν
490 2080 497 2092 ,
518 2062 535 2088 ὀ
547 2061 716 2096 ,βασιλεύς-
732 2063 781 2091 ὃιὰ
799 2065 833 2092 δὲ

40 2101 109 2134 τοὺς
123 2101 241 2134 ὅρκους
253 2103 303 2129 καὶ
317 2104 389 2137 τοὺς
402 2107 681 2141 συνανακειμένους
690 2109 834 2137 ἐκέλευσε

41 2144 172 2180 δοθῆναι
183 2154 191 2162 ·
207 2147 257 2173 καὶ
270 2147 393 2182 πέμψας
405 2150 610 2185 ἀπεκεφάλισε
625 2154 679 2180 τὸν
695 2154 834 2190 Ἰωάννην

880 1597 1011 1631 diffamat.
1030 1596 1112 1631 Pergo
1127 1596 1217 1623 statim
1233 1597 1269 1623 ita
1282 1596 1388 1623 dictura
1404 1604 1411 1622 :
1427 1595 1466 1621 Da
1482 1595 1546 1621 milii
1564 1595 1591 1620 iu
1618 1595 1667 1620 hoc

880 1642 951 1668 disco
964 1630 1081 1668 .Joauuis
1099 1641 1227 1675 Baptista:
1248 1646 1326 1675 caput
1342 1641 1381 1667 θ’.
1404 1639 1426 1666 0
1439 1639 1538 1666 summi
1566 1638 1666 1665 furoris

881 1687 1039 1722 postulatio!
1056 1686 1113 1713 Nisi
1129 1693 1162 1714 ex
1178 1691 1291 1714 cruento
1307 1684 1463 1720 spectaculo
1473 1684 1591 1711 fructum
1604 1691 1681 1724 ocu-.

881 1734 914 1761 Iis
937 1739 1161 1768 consequeretur,
1190 1732 1260 1759 haud
1287 1732 1384 1759 satiata
1412 1731 1482 1759 foret
1514 1730 1668 1758 truculenta

882 1786 992 1806 lumnas.
1010 1778 1068 1805 Non
1084 1778 1152 1805 satis
1174 1778 1222 1804 tibi
1239 1777 1302 1810 fuit,
1317 1776 1390 1812 quod
1413 1776 1546 1804 cervicem
1564 1782 1669 1803 sacram

881 1823 971 1858 gladio
995 1830 1088 1850 secare
1110 1822 1231 1849 incitasti
1253 1831 1260 1854 ;
1281 1822 1327 1850 sed
1345 1826 1374 1850 et
1391 1822 1418 1849 in
1443 1822 1518 1849 disco
1545 1825 1670 1848 sanctum

881 1874 963 1904 caput
975 1869 1022 1896 tibi
1036 1869 1094 1896 dari
1112 1868 1226 1895 curasti.
1242 1867 1264 1894 0
1279 1868 1404 1900 scelesta,
1418 1872 1444 1894 et
1462 1867 1519 1902 ipsa
1545 1865 1671 1893 Jezabele

882 1915 1061 1943 crudeliorem
1074 1914 1192 1941 indolem
1207 1913 1321 1948 gerens!

917 2058 945 2084 7.
963 2057 996 2084 EI
1008 2057 1179 2084 contristatus
1193 2060 1241 2088 est,
1261 2056 1349 2090 inquit
1366 2055 1521 2090 Scriptura,
1545 2063 1592 2082 rea:
1604 2063 1614 2082 :
1625 2055 1671 2083 sed

882 2107 990 2138 propter
1002 2101 1203 2137 jusjurandum,
1217 2106 1241 2128 et
1250 2106 1356 2136 propter
1372 2101 1453 2128 simul
1469 2101 1670 2134 discumbentes,

883 2149 1030 2182 darijussit
1043 2157 1051 2175 :
1068 2148 1196 2182 missoque
1204 2147 1364 2181 spieulatore
1377 2147 1514 2174 decollavit
1542 2147 1672 2174 Joannem

41 2192 74 2218 ἐν
96 2192 138 2226 τῇ
165 2192 305 2228 φυλακῇι
333 2195 383 2221 καὶ
406 2195 519 2230 ἠνέχθη
543 2197 562 2230 ἡ
592 2200 710 2233 κεφαλὴ
735 2202 829 2229 αὐτοῦ

883 2197 910 2224 in
923 2203 1045 2223 carcere:
1071 2200 1095 2221 et
1119 2195 1279 2221 allutumest
1302 2201 1379 2229 caput
1393 2194 1449 2228 eius
1470 2194 1498 2220 in
1512 2194 1596 2225 disco,
1620 2195 1672 2221 da-

39 2237 86 2264 ὲπῑ
103 2239 226 2271 πίνακι,
240 2239 290 2266 καί
310 2239 399 2275 ἐδόθη
423 2241 463 2273 τῷ
484 2244 634 2277 κορασίῳ·
653 2245 702 2271 καὶ
724 2245 832 2282 ἤνεγκε

39 2283 74 2318 τῇ
80 2284 179 2318 μητρὶ
191 2284 297 2318 αὐτῆς.
315 2286 346 2312 ’Ὤ
365 2286 522 2322 διαϐολικῆς
541 2292 720 2325 παρασκευῆς
737 2293 835 2320 ἀποτέ-

40 2330 139 2364 λεσμα,
157 2331 201 2362 τίς
215 2331 230 2357 ὁ
244 2332 403 2366 ὶπενεγκὼν
417 2333 488 2361 κατά
499 2334 547 2369 τῆς
569 2335 643 2367 θείας
667 2339 788 2373 κεφαλῆς
803 2340 834 2366 τὸ

40 2376 220 2412 ἀναιρετικὸν
244 2376 338 2411 ξίφοςς
353 2379 367 2404 ὁ
383 2378 508 2414 δεύτερος
528 2379 618 2415 Δωὴκ,
635 2381 650 2407 ὁ
669 2382 768 2418 ἄνομος
781 2384 834 2410 ὑπ-

39 2420 157 2456 ηρέτης,
178 2420 226 2446 καὶ
243 2421 274 2447 οὐ
291 2422 412 2458 μιμητὴς
423 2423 478 2450 τῶν
489 2424 680 2459 ἐφεστηκότων
691 2427 836 2462 ἐμφρόνως

40 2465 126 2492 Σαοὺλ
149 2464 192 2500 τῷ
207 2465 323 2500 βασιλεῖ,
342 2466 422 2501 ἡνίκα
448 2468 615 2501 προσέττατε
628 2469 691 2500 τοὺς
706 2470 753 2496 τοῦ
766 2470 834 2496 Θεοῦ

40 2511 191 2545 προφήτας
208 2510 429 2538 ἆποκτεξνεσθαι.
455 2512 509 2538 Kal
534 2512 647 2547 ἠνέχθη
670 2514 690 2548 ἡ
719 2515 835 2549 κεφαλὴ

40 2555 134 2582 αὑτοῦ
157 2555 208 2583 ἐπὶ
225 2556 338 2583 πίνακι.
361 2556 518 2590 Συμπόσιον
536 2558 642 2593 εἴποιμι
663 2559 679 2593 ἢ
703 2561 836 2595 φονευτή-

42 2610 96 2635 pta-1
115 2601 150 2628 τὺ
175 2601 300 2628 τοιοῦτον
323 2602 451 2638 ἀριστον;
469 2605 635 2640 δαιτυμόνας
657 2606 836 2642 καλέσαιμιῆ

41 2647 238 2682 παλαμναίους
267 2648 331 2678 τοὺς
367 2651 617 2684 συνανακειμένους
656 2652 837 2686 οίνὸφλυγας;

42 2693 72 2719 Ὢ
87 2693 188 2720 καινὸν
202 2693 295 2728 θέαμα
306 2703 312 2709 ·
329 2694 352 2721 ὦ
372 2696 491 2731 πονηρὸν
510 2697 602 2732 ὅραμα
615 2705 623 2714 ο
636 2697 742 2724 ἐκεῖθεν
763 2698 837 2734 ὅρνις

41 2739 222 2772 παρετίθετο,
234 2739 360 2767 ἐντεῦθεν
372 2741 530 2776 προφητικὴ
542 2742 649 2777 κεφαλὴ
657 2742 755 2777 ἤγετο·
767 2743 837 2770 ἐκεῖ-

72 2827 94 2842 ⁵¹
110 2827 210 2855 .‘lattlt.
229 2835 285 2859 ειν,
300 2827 326 2854 6.

362 2829 383 2843 "
397 2828 462 2855 ibid.
482 2828 508 2856 8.
547 2829 567 2844 η’
586 2828 650 2856 ibid.
676 2828 717 2855 11.

889 2248 996 2277 (uritque
1006 2241 1111 2280 puclla},
1126 2249 1185 2276 quw
1197 2241 1230 2267 ad
1247 2245 1359 2267 matrem
1377 2240 1471 2267 detulit
1485 2240 1518 2266 ⁸³.
1533 2239 1554 2267 0
1573 2241 1673 2275 iniqua:

883 2282 1033 2316 molitionis
1052 2287 1141 2314 exitus
1156 2288 1162 2313 l
1180 2287 1247 2319 Quis
1267 2287 1348 2314 divali
1360 2287 1440 2321 capiti
1456 2286 1555 2313 lethale
1570 2286 1671 2313 ferrum

884 2333 975 2360 iutulit
985 2332 997 2356 ‘I
1014 2331 1107 2358 Novus
1122 2331 1204 2366 Doeg,
1220 2331 1353 2359 scelestus
1366 2331 1504 2364 minister,
1516 2330 1587 2358 haud
1599 2335 1673 2358 certe

884 2379 1004 2406 imitator
1021 2378 1129 2405 illorum
1141 2377 1189 2412 qui
1216 2377 1309 2405 sobrie
1326 2377 1487 2404 restiterunt
1509 2377 1566 2412 regi
1582 2376 1669 2408 Sauli,

887 2424 931 2452 Dei
942 2424 1087 2458 prophetas
1102 2423 1189 2451 occidi
1205 2423 1322 2458 iubenti.
1345 2423 1379 2449 Et
1401 2423 1514 2449 allatum
1537 2426 1576 2448 est
1594 2426 1674 2456 caput

885 2469 941 2504 ejus
958 2469 985 2496 in
1014 2470 1097 2495 disco.
1124 2469 1215 2495 Dicam
1251 2476 1285 2495 ne
1322 2468 1488 2501 convivium,
1515 2475 1550 2495 an
1579 2467 1673 2503 potius

886 2515 1010 2550 supplicii
1026 2515 1116 2541 locum
1133 2514 1277 2549 prandium
1293 2514 1369 2542 hoc?
1390 2514 1518 2542 convivas
1533 2521 1567 2541 ne
1579 2513 1673 2548 appel—

886 2560 950 2593 lem,
967 2567 1001 2586 an
1016 2560 1158 2587 carnilices
1185 2559 1232 2594 qui
1253 2559 1353 2586 inﬂatis
1379 2559 1443 2586 vino
1460 2559 1537 2586 venis
1562 2566 1672 2585 accum-

888 2606 973 2633 bunt!
999 2605 1021 2632 Ο
1048 2605 1235 2640 spectaculum
1264 2605 1386 2632 n0vum!
1411 2613 1428 2632 ο
1457 2604 1534 2632 triste
1561 2604 1672 2631 visum!

888 2650 963 2677 lllinc
987 2651 1044 2678 avis
1060 2650 1257 2685 apponebatur,
1283 2649 1347 2677 hinc
1376 2649 1565 2684 propheticum
1591 2652 1674 2683 caput

889 2696 1078 2724 exhibebatur.
1102 2695 1179 2723 Illinc
1203 2695 1296 2722 vinum
1329 2701 1470 2722 meracum
1496 2693 1672 2726 fundebatur,

891 2741 955 2769 hinc
970 2741 1060 2775 justus
1087 2741 1198 2776 sanguis
1226 2741 1305 2776 quasi
1330 2739 1391 2768 fons
1418 2739 1520 2768 saliens
1533 2738 1672 2767 manabat.
