1924 3077
256 113 307 146 76⁵1

257 170 344 203 Quam
359 169 497 198 terrificus
513 169 642 196 nuntius!
664 175 745 203 quam
759 168 901 196 horribilis
928 169 966 195 rei
981 176 1042 194 nar-
1058 171 1080 197 Α

258 216 340 244 ratio!
359 216 507 249 Datumque
521 219 559 242 est
572 214 676 248 pucltw,
689 221 712 242 ct
723 214 772 242 illa
783 215 878 242 detulit
888 215 922 241 ad
934 220 1044 242 matrem

257 269 342 288 suam.
362 261 428 288 Hem
460 269 595 288 summam
630 260 841 289 absurditatem!
872 261 967 288 Datum
1004 267 1046 289 est

257 306 448 334 inaestimabile
475 311 557 341 caput
571 314 620 341 pro
640 307 687 334 vili
699 310 782 339 actu;
808 306 921 341 impune
948 307 1044 342 profa-

257 360 353 386 nzeqne
372 351 489 383 feminae.
507 359 551 379 res
565 357 659 380 sancta
680 355 708 379 ct
730 352 844 383 intacta,
861 352 926 386 ipsis
940 353 1044 387 angelis

259 397 437 424 honorabilia.
460 398 559 424 Attulit
588 397 622 425 ad
646 402 761 425 matrem
791 405 890 429 suam;
918 398 1046 425 videlicet

257 441 357 468 obtulit
380 441 459 475 quasi
486 441 607 469 edulium
633 441 761 477 ingluvici
788 442 886 470 matris
907 450 968 477 quae
983 450 1046 478 pro-

257 488 345 523 phetae
367 495 460 515 necem
484 487 665 523 discupiverat
682 497 688 515 :
707 488 836 521 Comede,
865 489 1002 523 inquiens,
1028 497 1046 517 ο

258 538 356 567 mater,
373 541 470 562 carnes
482 534 534 561 viri
557 534 604 569 qui
620 534 680 562 sine
690 542 774 562 carne
790 535 859 561 vixit
876 543 883 568 ;
904 536 965 562 bibe
979 543 1045 563 san-

257 580 366 614 guinem
390 580 461 616 ejus,
478 581 525 616 qui
543 580 689 615 exsanguis
713 581 741 607 in
773 580 829 608 vita
848 581 908 608 fuit.
924 582 1044 609 Tandem

257 626 407 662 aliquando
424 627 548 654 silentem
571 627 703 654 habemus
717 628 837 663 linguam
859 628 979 656 hominis
996 628 1044 663 qui

257 679 307 700 nos
321 672 428 707 publica
449 673 559 700 infamia
571 673 740 707 aspcrgebat.

292 717 319 744 8.
338 717 371 744 Et
384 718 543 749 accedentes,
559 718 646 752 inquit
656 718 808 753 Scriptura,
821 719 946 753 discipuli
960 720 1044 754 illius,

257 763 391 790 sublatum
414 771 508 798 corpus
533 763 674 798 sepultura:
707 765 914 793 tradiderunt".
948 766 1045 801 Specta

260 816 376 841 mecum,
395 809 517 838 studiose
534 810 653 842 auditor,
675 810 775 844 pictam
794 811 820 837 in
847 811 965 844 imagine
978 813 1044 846 justi

259 854 309 882 viri
334 855 514 889 sepulturam,
542 855 679 890 simulque
719 856 916 884 lconomaclios
942 858 1043 894 castiga

258 907 308 928 ceu
333 901 455 928 veritatis
481 901 585 929 hostes.
614 901 738 936 Cumque
769 903 864 930 sedulo
902 904 1045 932 historiam

258 946 359 980 pictam
389 946 552 980 inspexeris,
581 947 644 974 hinc
670 947 717 974 tibi
748 947 867 976 fructum
898 957 1044 984 compara:

257 990 393 1025 quomodo
403 998 437 1018 ex
454 999 566 1018 carcere
582 993 742 1026 producitur
759 999 871 1021 sanctus
884 995 925 1021 vir
943 996 1047 1023 catenis

257 1037 383 1064 vinctus:
398 1037 535 1071 quomodo
558 1037 680 1065 carnifex
698 1038 817 1073 gladium
836 1040 981 1068 crudeliter
998 1041 1042 1068 in-

257 1082 343 1110 tendit
358 1082 386 1109 in
404 1090 513 1110 sacrum
527 1083 657 1110 verticem
670 1093 679 1110 :
693 1084 834 1119 quomodo
848 1085 1002 1113 abscissum
1020 1091 1047 1114 et

255 1128 370 1156 odorato
381 1135 478 1156 cruore
496 1136 612 1156 manans
624 1134 706 1164 caput
721 1129 821 1157 furenti
834 1130 978 1159 Herodiadi
992 1137 1047 1159 tra-

255 1173 349 1200 ditur:
365 1173 504 1208 quomodo
524 1181 633 1201 sacrum
654 1181 757 1209 corpus
777 1175 904 1203 manibus
923 1175 1046 1211 discipu-

255 1219 345 1247 lorum
363 1220 502 1254 sepelitur,
529 1223 704 1250 maestorth
725 1221 970 1257 illacrymantium,
988 1224 1047 1258 glo-

255 1264 340 1292 batim
364 1265 616 1298 astantium;dutn
643 1266 713 1294 alius
740 1267 821 1301 pedes
849 1268 945 1302 tangit,
976 1269 1047 1296 alius

255 1315 338 1345 caput
352 1311 457 1345 reliquo
465 1311 570 1345 corpori
582 1319 678 1339 rursus
687 1314 885 1345 accommodat,
901 1314 971 1341 alius
982 1315 1046 1342 tltu-

257 1355 355 1388 ritleat,
371 1361 398 1383 et
411 1355 536 1384 funebria
554 1357 655 1391 psallit.
678 1358 733 1384 Illic
758 1366 830 1391 sum,
850 1367 868 1386 ο
896 1360 1044 1394 auditores,

257 1402 356 1430 utentis
368 1410 436 1429 mea:
451 1403 567 1436 visione,
584 1410 724 1437 cernoque
743 1405 913 1439 sepulturam
935 1406 1001 1441 justi
1018 1407 1045 1434 in

257 1455 325 1483 pace
347 1453 515 1482 versantem,
537 1454 567 1476 ut
593 1450 633 1476 ait
650 1449 792 1486 Scriptura
807 1451 841 1478 ".
857 1451 946 1479 Cerno
962 1461 1046 1488 ange-

257 1494 338 1521 licam
356 1493 429 1520 illam
447 1494 555 1526 faciem,
575 1496 655 1529 cujus
667 1496 738 1522 ocnli
754 1504 803 1523 cett
830 1497 884 1524 dno
900 1498 1044 1526 luminaria
1060 1508 1080 1536 ε

257 1540 455 1571 occubuerunt,
469 1545 497 1568 et
509 1541 588 1575 cujus
614 1545 669 1568 tota
682 1542 772 1570 vultus
788 1544 892 1578 species
918 1545 1045 1573 bonitatis

258 1589 338 1620 typus
352 1585 467 1612 videtur.
484 1586 570 1613 Video
595 1587 760 1620 exanimem,
783 1589 854 1622 quod
882 1590 979 1616 attinet
1012 1590 1045 1617 ad

257 1631 414 1664 temporalis
435 1631 495 1658 vitae
520 1632 666 1664 actionem,
694 1633 815 1668 apprime
831 1638 922 1661 tamen
941 1635 1047 1662 anima-

256 1680 313 1703 tum
333 1677 405 1711 quod
420 1678 515 1705 attinet
535 1679 567 1704 ad
584 1679 685 1706 divina:
699 1680 793 1714 gratiae
807 1680 959 1714 pretiosum
979 1682 1047 1708 odo—

256 1730 324 1750 rem.
342 1723 441 1751 Sacras
453 1724 514 1751 illas
530 1725 675 1752 deosuulor
690 1734 798 1757 manus,
818 1734 934 1761 quarunt
957 1732 1047 1756 tactus

256 1772 368 1801 pet-cato
394 1768 444 1794 fuit
468 1769 599 1801 intactus,
620 1774 646 1796 et
668 1777 785 1804 quarum
813 1770 898 1805 digito
927 1771 972 1798 ille
1000 1771 1047 1806 qui

257 1814 326 1840 tollit
354 1818 494 1848 peccatum
526 1815 619 1841 mundi
659 1815 817 1843 hominibus
843 1817 1048 1845 demonstratns

257 1858 318 1886 fuit.
338 1859 428 1886 Adero
452 1859 578 1893 pulchros
596 1860 677 1894 pedes
696 1860 767 1892 illos,
780 1868 899 1896 quorum
916 1861 968 1889 fuit
989 1863 1048 1890 olli-

257 1905 329 1933 cium
344 1905 414 1932 bona
427 1905 570 1932 nuntiandi
583 1906 680 1933 incolis
695 1911 783 1939 terrae,
800 1911 828 1934 et
841 1915 856 1934 a
876 1907 981 1942 quibus
998 1917 1048 1943 pa-

256 1955 315 1978 rata
332 1950 380 1977 fuit
393 1950 435 1977 via
456 1949 561 1977 Domini
584 1951 723 1980 adventui.
739 1950 855 1986 Jamque
870 1953 994 1981 omittam
1008 1955 1050 1981 di-

258 2003 321 2022 cere
336 1995 369 2022 de
384 1996 531 2023 venerabili
548 2001 655 2029 catena,
672 2005 723 2032 qua
749 1998 888 2025 revinctus
915 1999 966 2026 fuit
981 2008 1050 2034 prae-

257 2042 447 2069 stantissimus
463 2042 533 2070 inter
559 2043 683 2071 homines
708 2044 841 2079 angelus:
859 2045 955 2072 omitto
984 2045 1048 2073 item

258 2087 447 2114 honorabilem
464 2088 580 2122 discum;
595 2089 622 2115 in
640 2097 695 2124 quo
712 2089 762 2116 fuit
789 2091 940 2125 repositum
961 2099 1049 2127 augu-

259 2135 331 2159 stum
343 2132 409 2160 illud
424 2138 450 2160 et
465 2141 532 2160 auro
551 2135 698 2168 pretiosius
711 2140 802 2169 caput.
816 2136 888 2169 Quin
906 2137 974 2165 adeo
988 2146 1049 2165 car-

1062 844 1083 870 Β

844 114 873 143 8.
904 111 1101 143 TlIEODORI
1129 113 1303 144 STUDITXE

1828 117 1887 150 ’168

1095 167 1140 193 Θεν
1166 166 1237 201 οἶνος
1264 169 1357 204 ἐχέετο
1382 169 1512 206 ἄκρατος,
1533 171 1660 199 ἐντεῦθεν
1686 169 1757 208 αἷμα
1781 173 1890 203 δίκαιον

1099 213 1247 248 κρουνηδὸν
1261 214 1386 249 ἐφέρετο.
1406 214 1451 246 Ὦς
1468 215 1574 251 φοϐερὰ
1585 217 1602 251 ὴ
1618 217 1745 252 ἀγγελία,
1762 219 1811 245 καὶ
1826 228 1891 254 φρι-

1099 258 1151 294 κτὴ
1168 260 1184 294 ἠ
1201 260 1340 294 ἐξηγορὶα.
1350 259 1403 287 Kal
1417 260 1506 293 ἐδόθη
1523 261 1563 294 τῷ
1576 263 1718 296 κορασίῳ,
1731 264 1780 291 καὶ
1795 264 1891 300 ἤνετ-

1099 313 1134 332 ue
1164 305 1203 338 τῇ
1214 305 1304 340 μητρὶ
1316 306 1422 340 αὐτῆς.
1433 306 1486 333 Φεῦ
1499 307 1549 342 τῆς
1557 308 1672 340 ἀτοπίας
1683 318 1690 324 ·
1703 309 1781 344 ἐδόθη
1797 311 1817 346 ἡ
1831 312 1893 338 ἀτί-

1100 359 1184 386 μητος
1200 352 1272 386 κάρα
1287 352 1357 387 ὑπὲρ
1372 352 1471 388 ἀτίμου
1482 353 1622 389 πράξεως,
1635 356 1668 390 τῇ
1683 356 1776 389 ἐναγεῖ
1786 357 1835 383 καὶ
1848 358 1894 392 βε-

1099 396 1173 432 σήλῳ
1185 398 1202 432 ἡ
1217 397 1287 432 ἁγνὴ
1310 398 1357 424 καὶ
1376 398 1516 432 ἄψαυστος
1535 400 1582 426 καὶ
1597 401 1654 432 τοῖς
1672 401 1800 435 ἀγγέλοις
1815 403 1894 430 αἰδέ-

1099 451 1179 478 σιμος
1192 451 1198 457 ·
1214 443 1262 470 καὶ
1275 443 1375 478 ἧνεγκε
1396 444 1429 479 τῇ
1444 444 1531 479 μητρὶ
1554 444 1650 479 αὐτῆς,
1665 445 1748 472 οἱονεὶ
1763 447 1895 482 παρέθη-

1098 498 1146 516 κεν
1165 489 1203 520 ὡς
1225 489 1356 524 ἐδέσματι
1376 490 1569 525 ἐμφορηθῆναι
1591 492 1624 526 τῇ
1647 492 1756 527 ὸργώσῃ
1778 493 1826 520 τὸν
1843 494 1895 520 τοῦ

1098 536 1239 570 προφήτου
1249 535 1364 562 θάνατον
1376 537 1469 571 σφαγίς,
1484 536 1610 570 λέγουσα,
1635 547 1658 564 ω
1670 538 1772 574 μῆτερ,
1784 539 1896 575 σάρκας

1097 581 1146 608 τοῦ
1161 582 1291 617 ἀσάρκως
1316 582 1467 617 βιώσαντος
1479 591 1486 599 ”
1505 584 1551 609 πίε
1568 581 1639 619 αἷμα
1661 584 1708 610 τοῦ
1723 584 1878 619 ἀναίμονος
1888 594 1894 601 ·

1098 627 1197 663 έχομεν
1216 628 1262 655 διὰ
1288 628 1391 660 παντὸς
1415 629 1601 665 σεσιγημένην
1625 629 1676 665 τὴν
1694 630 1820 664 γλῶτταν
1843 632 1896 658 τοῦ

1099 674 1173 708 ἡμᾶς
1189 673 1425 708 στηλιτεύσαντος.

1133 720 1169 751 η’.
1179 717 1233 744 Καὶ
1248 719 1484 751 προσελθόντες,
1495 719 1589 753 φησὶν,
1603 721 1630 746 οι
1641 720 1771 754 μαθηταὶ
1780 720 1896 752 αὑτοῦ.

1101 761 1177 796 ᾕραν
1187 763 1220 789 τὸ
1231 763 1326 798 σῶμα,
1343 763 1393 790 καὶ
1407 763 1525 798 ἔθαψαν
1545 765 1628 792 αὐτό.
1645 765 1716 800 Ὀρα
1732 774 1789 801 μοι,
1807 763 1830 792 ὧ
1848 775 1896 800 φρ

1098 807 1226 843 λοῗστωρ,
1243 810 1529 845 εἰκονογραφουμένην
1537 811 1587 846 τὴν
1601 811 1691 845 ταφὴν
1705 811 1752 838 τοῦ
1768 812 1897 844 δικαίου,

1096 854 1144 880 καὶ
1162 855 1225 886 τοὺς
1240 854 1290 889 μὲν
1300 849 1498 890 εἶκονομάχους
1515 857 1686 892 ἐπιρράπιζε
1707 857 1744 888 ὡς
1757 857 1896 892 ἀληθείας

1097 898 1211 934 ἐχθρούς
1222 909 1228 916 ι
1246 900 1371 935 ἐναργῶς
1391 901 1419 927 δὲ
1436 900 1482 927 ὕπ’
1494 901 1556 936 ὄψιν
1578 902 1725 937 λαμϐάνων
1748 903 1799 937 τὴν
1816 904 1896 930 ἱστο-

1099 945 1170 979 ρίαν,
1186 945 1300 980 πορίζου
1321 947 1351 973 τὸ
1368 945 1507 981 ὠφέλιμον
1520 954 1526 962 ·
1544 946 1603 979 πῶς
1618 948 1650 973 ἐκ
1671 947 1798 982 φυλακῆς
1818 948 1897 983 αἶρε-

1097 999 1141 1017 ται
1160 991 1174 1017 6
1189 990 1266 1024 ἅγιος
1292 991 1515 1026 σῶηροδέσμιος·
1529 991 1589 1023 πῶς
1613 992 1627 1018 6
1651 992 1824 1026 παλαμναῖος
1852 994 1899 1019 ὲν-

1097 1037 1197 1063 ατείνει
1207 1037 1238 1063 τὺ
1256 1037 1330 1071 ξίφος
1344 1037 1513 1072 ἀπηνοειδῶς
1534 1039 1606 1064 κατὰ
1619 1038 1670 1073 τῆς
1682 1038 1760 1073 ἱερᾶς
1768 1040 1899 1073 κορωνίο

1097 1082 1157 1114 δος·
1175 1082 1234 1114 πῶς
1261 1082 1454 1117 ἀποτμηθεῖσα
1465 1084 1482 1118 ἡ
1499 1083 1656 1118 μυροφόρος
1670 1083 1743 1119 κάρα
1766 1084 1901 1111 ἐπιδεδη-

1097 1136 1142 1154 ται
1156 1129 1190 1163 τῇ
1205 1128 1415 1164 κορυὸαντιώσῃ
1438 1129 1601 1164 Ἡρωδιάδι·
1623 1130 1697 1161 ὅπως
1711 1129 1739 1156 δὲ
1753 1129 1901 1157 θάπτεται

1097 1173 1128 1199 τὺ
1143 1173 1215 1207 ἱερὸν
1240 1173 1322 1208 σῶμα
1336 1174 1414 1209 χερσὶ
1440 1174 1495 1201 τῶν
1518 1175 1627 1201 οἰκείων
1651 1174 1794 1209 μαθητῶν,
1809 1176 1902 1203 οἱονεὶ

1097 1218 1282 1254 δακρυόντων,
1307 1219 1533 1254 ψυχαλγούντων,
1548 1219 1689 1254 στοιχηδὸν
1707 1222 1903 1255 περιΐσταμέ-

1098 1271 1164 1289 νωνσ
1178 1264 1226 1290 καὶ
1244 1262 1292 1290 τοῦ
1318 1264 1368 1298 μὲν
1390 1264 1583 1299 ἐφαπτομένου
1604 1265 1711 1297 ποδῶν,
1727 1264 1776 1291 τοῦ
1793 1264 1826 1291 δὲ
1850 1265 1903 1301 τὴν

1098 1308 1221 1343 κεφαλὴν
1234 1309 1439 1344 ἐφαρμόζοντος
1455 1308 1494 1344 τῷ
1507 1309 1595 1344 λοιπῷ
1618 1311 1724 1345 σκήνει,
1739 1310 1841 1345 ἐτέρου
1858 1311 1905 1338 θυ-

1099 1353 1215 1388 μιῶν-τος
1229 1354 1321 1381 καὶτὰ
1336 1355 1479 1389 ἐπικήδεια
1501 1355 1704 1390 ἐπιψάλλοντος.
1726 1356 1805 1382 Ἐκεῖ
1820 1357 1904 1392 εἰμὶ,

1097 1398 1119 1426 ὧ
1135 1402 1282 1437 ἀκροαταὶ,
1303 1403 1337 1437 τῇ
1356 1402 1517 1438 διανοητικῇ
1536 1402 1648 1438 θεωρίᾳ,
1665 1403 1713 1429 καὶ
1735 1403 1836 1438 βλέπω
1851 1405 1906 1440 τὴν

1097 1446 1187 1482 ταφὴν
1202 1447 1249 1473 τοῦ
1262 1447 1369 1474 δικαίου
1386 1447 1416 1474 ἐν
1429 1447 1525 1484 εἰρήνῃ
1543 1445 1628 1474 οὖσαν
1637 1447 1709 1474 κατὰ
1721 1447 1752 1474 τδ
1763 1456 1906 1484 γεγραμ-

1099 1494 1180 1527 μένον
1193 1500 1200 1508 ·
1216 1492 1271 1528 ὁρῶ
1295 1492 1326 1519 τὸ
1349 1493 1497 1527 ἀγγελικδν
1520 1494 1609 1520 ἐκεῖνο
1627 1493 1790 1529 πρόσωπον.
1807 1491 1845 1521 οὗ
1876 1497 1902 1522 οι

1097 1537 1234 1572 ὀφθαλμοὶ
1245 1537 1283 1568 ὡς
1297 1537 1345 1564 δύο
1356 1538 1502 1573 φωστῆρες
1515 1538 1656 1571 δύσαντες,
1675 1539 1723 1565 καὶ
1736 1535 1769 1565 οὗ
1788 1539 1822 1566 τὸ
1838 1541 1905 1568 ὅλον

1097 1581 1167 1614 εἶδος
1177 1583 1227 1617 τῆς
1237 1583 1325 1617 ὅψεως
1337 1584 1534 1618 χρηστοφανῶς
1546 1585 1757 1612 ἁποτετύπωται
1768 1593 1776 1599 ·
1790 1585 1908 1613 ἄπνουν

1099 1629 1150 1664 μὲν
1170 1629 1220 1664 τῆς
1242 1630 1377 1665 ἐπικήρου
1406 1629 1526 1665 ζωτικῆς
1547 1631 1691 1666 ἐνεργείας
1704 1650 1712 1661 ,
1727 1630 1857 1658 εΰπνουυ
1878 1633 1908 1659 δὲ

1098 1675 1139 1701 ὅτι
1156 1674 1276 1708 μάλιστα
1287 1676 1320 1710 τῇ
1331 1676 1382 1710 τῆς
1404 1675 1482 1707 θείας
1500 1675 1615 1711 χάριτος
1637 1676 1763 1711 μυρωδῐᾳ
1778 1684 1787 1691 ⁸
1807 1677 1909 1705 ἀσπά-

1098 1719 1182 1754 ζομαι
1205 1719 1255 1751 τὰς
1277 1720 1354 1755 ἱερὰς
1378 1722 1473 1755 χεῖρας
1494 1721 1612 1754 ἐκείνας,
1627 1718 1666 1749 ὧν
1683 1722 1699 1756 ή
1715 1721 1775 1757 ἁφὴ
1792 1723 1909 1751 ἀνέπα-

1099 1774 1149 1799 (po;
1161 1767 1195 1801 τῇ
1217 1766 1351 1802 ἁμαρτίᾳ,
1368 1766 1415 1793 καὶ
1436 1763 1474 1794 ὧν
1497 1766 1537 1802 τῷ
1559 1766 1684 1802 δακτύλῳ
1697 1767 1712 1793 ὁ
1729 1768 1824 1802 αἴρων
1855 1770 1910 1805 τὴν

1098 1811 1236 1847 ἁμαρτίαν
1249 1811 1296 1838 τοῦ
1308 1812 1410 1847 κόσμου
1423 1813 1479 1843 τοῖς
1487 1811 1642 1847 ἀνθρώποις
1658 1812 1880 1849 καθυπεδείχθη
1894 1824 1903 1831 ·

1100 1857 1247 1893 προσκυνῶ
1271 1858 1335 1889 τοὺς
1353 1858 1472 1894 ὡραίους
1492 1858 1577 1890 πόδας
1595 1858 1729 1890 ἐκείνους,
1746 1855 1787 1886 ὧν
1804 1860 1840 1886 τὸ
1858 1862 1910 1887 εὑ-

1099 1903 1293 1937 αγγελίςεσθαι
1307 1904 1340 1930 τὰ
1349 1903 1442 1937 ἀγαθὰ
1454 1905 1509 1935 τοῖς
1524 1903 1572 1930 ἐπὶ
1591 1903 1655 1938 γῆς,
1667 1904 1715 1930 καὶ
1728 1903 1764 1930 δι’
1777 1901 1819 1931 ὧν
1837 1914 1911 1940 προ-

1101 1949 1268 1985 κατηρτίσθη
1283 1950 1298 1984 ἡ
1312 1949 1372 1981 ὁδὸς
1388 1951 1437 1985 τῆς
1455 1949 1504 1976 τοῦ
1520 1949 1623 1982 Κυρίου
1639 1949 1817 1984 παρουσίας·
1834 1961 1914 1987 παρ-

1100 1995 1165 2021 είτω
1182 2003 1228 2030 μοι
1251 1995 1319 2030 πρὸς
1340 1996 1528 2030 προσκύνησιν
1544 1995 1589 2021 καὶ
1605 1995 1621 2030 ἠ
1639 1995 1721 2030 τιμία
1737 1995 1846 2029 ἅλυσις
1865 1999 1911 2032 ἐφ’

1100 2038 1117 2078 ᾖ
1135 2041 1272 2077 ἐῶσμήθη
1289 2043 1303 2068 6
1319 2042 1509 2076 πολυτίμητος
1525 2042 1555 2067 ἐν
1579 2041 1738 2076 ἀνθρώποις
1758 2041 1891 2076 ἄγγελος
1904 2053 1913 2059 ·

1100 2087 1224 2123 παρείτω
1249 2096 1294 2123 μοι
1315 2088 1364 2115 καὶ
1388 2089 1405 2123 ὴ
1421 2087 1561 2122 σεδασμία
1577 2087 1668 2119 πίναξ,
1685 2087 1729 2122 ἐφ’
1745 2084 1764 2124 ᾖ
1778 2088 1916 2125 ἐπετέθη

1100 2134 1118 2168 ἡ
1131 2133 1245 2169 χρυσίου
1270 2133 1476 2169 τιμαλφεστέρα
1499 2132 1690 2164 πανσέόαστος
1717 2133 1798 2168 κάρα
1813 2142 1823 2148 ·
1842 2136 1914 2162 οὑδὲ

260 2177 348 2205 nilicis
360 2185 468 2212 quoque
481 2187 585 2210 ensem.
598 2180 644 2214 qui
665 2188 714 2215 per
730 2189 837 2209 sacrum
853 2182 954 2210 collnm
973 2187 1046 2212 actus

1105 2188 1134 2214 γε
1150 2179 1200 2215 τὴν
1223 2179 1363 2215 μάχαιραν
1384 2178 1431 2205 τοῦ
1454 2178 1631 2213 παλαμναίου
1653 2177 1703 2212 τὴν
1727 2177 1916 2207 διελάσασαυ

260 2221 321 2254 fuit,
336 2222 421 2249 sicubi
433 2223 572 2255 invenero,
587 2224 658 2251 haud
672 2225 866 2254 inhonoratum
882 2228 1047 2263 relinquant.

261 2266 313 2294 Sed
327 2272 353 2295 et
365 2268 451 2302 ipsam
472 2269 594 2303 hutnum,
622 2271 648 2298 in
677 2280 730 2307 qua
760 2273 905 2302 thesaurus
931 2275 976 2302 hic
999 2274 1051 2303 fuit.

259 2319 450 2345 conservatus,
475 2315 498 2342 si
520 2317 630 2350 quando
655 2317 804 2351 incurram,
832 2320 992 2355 amplectar,
1020 2327 1050 2349 ut

260 2360 347 2394 gratia
360 2359 485 2388 fertilem.
502 2361 524 2388 0
539 2361 645 2389 beatum
663 2364 831 2398 sepulcrum,
848 2370 876 2392 et
890 2373 944 2393 non
968 2367 1047 2395 triste

260 2411 368 2437 Saxum,
396 2405 468 2440 quod
499 2407 687 2434 beatissimum
702 2408 769 2436 illud
799 2417 899 2444 corpus
925 2411 1050 2439 contines

260 2450 466 2485 smaragdorum
500 2454 767 2488 margaritarumqne
796 2457 906 2483 cumulo
936 2457 1052 2484 rutilan-

262 2495 336 2524 tiusl
354 2497 410 2524 lllic
423 2498 515 2533 itaque
529 2498 672 2526 visibiliter
686 2500 795 2534 quidem
811 2501 905 2528 aderat
928 2502 1050 2537 discipu-

261 2543 349 2570 lorum
366 2544 452 2576 turba,
469 2544 642 2572 invisibiliter
656 2550 746 2572 autem
769 2547 927 2582 angelorum
952 2549 1046 2576 multi-

265 2590 344 2622 tudo,
360 2589 407 2625 qui
423 2591 618 2626 homonymum
643 2591 695 2618 sibi
726 2592 752 2618 in
776 2600 890 2627 corpore
908 2594 1044 2629 angelum,

298 2635 322 2652 ³⁸
336 2635 432 2664 Matth.
447 2642 503 2669 xw,
524 2636 566 2663 13.
605 2637 628 2652 "
641 2636 694 2664 lsa.
711 2645 774 2669 Lvn,
791 2637 817 2665 2.

299 2713 356 2750 (25)
377 2713 455 2742 Patet
485 2714 637 2750 expositam
664 2713 748 2742 fuisse
775 2714 801 2741 in
825 2715 928 2750 templo
952 2715 1050 2750 pictam

265 2749 412 2783 imaginem
440 2749 560 2784 martyrii
590 2750 799 2784 sepulturaeque
826 2749 963 2784 Baptistae,
982 2750 1052 2776 unde

265 2787 356 2815 captat
381 2783 553 2811 occasionem
580 2783 757 2812 concinnator
780 2783 941 2813 Theodorus
966 2785 1051 2813 incre-

269 2818 350 2856 pandi
368 2825 443 2847 more
457 2826 508 2846 suo
527 2819 731 2848 iconomachos.

1102 2225 1171 2252 κατὰ
1186 2225 1233 2252 τοῦ
1250 2225 1325 2261 ἱεροῦ
1345 2224 1484 2261 τραχήλου
1501 2225 1524 2250 εἰ
1543 2223 1663 2259 εὕροιμι,
1684 2224 1918 2260 ἀπροσκύνητον

1101 2271 1214 2306 ἐάσαιμι
1226 2271 1294 2306 (24),
1311 2271 1371 2297 οὐδέ
1381 2279 1414 2305 γε
1437 2269 1571 2303 τοῦδαφος
1589 2270 1634 2303 ὑφ’
1650 2265 1682 2295 οὖ
1705 2269 1883 2306 ἐφρουρήθη
1904 2274 1921 2299 ὸ

1101 2317 1240 2352 θησαυρὸς
1263 2318 1287 2343 εἰ
1311 2316 1454 2352 ἐπέτυχον,
1475 2316 1513 2351 μὴ
1527 2315 1589 2350 οὐχ).
1607 2315 1860 2352 προσεπτυξάμην
1874 2318 1921 2350 ὡς

1103 2364 1279 2398 μεταδοτικὺν
1292 2361 1462 2398 χάριτος.Ὠ
1479 2361 1601 2397 μακάριε
1616 2361 1688 2396 τάφε
1702 2360 1751 2387 καὶ
1768 2362 1802 2388 οὐ
1819 2365 1924 2398 «mp;

1101 2409 1170 2441 λίθε,
1184 2410 1214 2441 ὃς
1230 2410 1304 2445 ἔχεις
1317 2409 1348 2436 τὸ
1360 2409 1563 2445 τρισμακάριον
1578 2408 1668 2434 ἐκεῖνο
1687 2407 1804 2442 σκῆνος,
1834 2409 1924 2445 ὑπὲρ

1103 2457 1268 2493 σμαράγδων
1283 2457 1330 2484 καὶ
1351 2455 1503 2492 μαργάρων
1514 2454 1633 2490 σωρείας
1650 2453 1727 2480 ἔνδον
1740 2461 1808 2480 συνε
1815 2455 1915 2491 ιλημ-

1104 2504 1185 2538 μένον
1197 2512 1204 2518 ·
1221 2505 1280 2530 ἐκεῖ
1291 2503 1441 2540 τοιγαροῦν
1452 2502 1545 2538 παρῆν
1554 2501 1660 2537 ὁρατῶς
1674 2500 1725 2536 μὲν
1737 2500 1752 2527 6
1770 2501 1834 2528 τῶν
1852 2512 1924 2537 μη-ι-

1103 2549 1192 2584 θητῶν
1206 2550 1310 2586 ὂμιλος,
1324 2550 1448 2586 ἀοράτως
1458 2549 1486 2577 δέ
1501 2548 1625 2584 ἀγγέλων
1637 2547 1755 2582 πληθὺς,
1766 2548 1817 2574 τὸν
1830 2549 1924 2584 ὁμώ-

1103 2604 1188 2631 νυμον
1203 2596 1284 2624 αὑτὸν
1298 2596 1414 2631 ἄγγελον
1427 2596 1458 2622 ὲν
1471 2594 1590 2630 σώματι,
1606 2593 1651 2620 τὸν
1666 2591 1714 2620 τοῦ
1729 2592 1847 2628 Κυρίου
1865 2597 1924 2629 φί-

1141 2714 1198 2749 (ει)
1213 2715 1295 2756 Yides
1314 2714 1430 2756 Studitat
1449 2720 1543 2756 nostro
1553 2715 1834 2756 cognitaslanquam
1861 2726 1924 2745 sa-

1106 2758 1168 2778 cras
1182 2750 1311 2785 reliquias
1330 2755 1452 2777 catenam
1466 2751 1627 2785 discumque
1638 2750 1671 2777 ad
1682 2749 1817 2785 Baptistae
1835 2760 1924 2779 mar.

1107 2786 1205 2822 tyrinm
1222 2784 1408 2822 pgl'lltlt‘tllcs‘;
1423 2784 1457 2812 de
1471 2786 1571 2822 quibus
1583 2784 1704 2822 aliisque
1718 2784 1924 2822 Paciaudius,

1107 2820 1144 2848 Dc
1158 2820 1229 2847 t'ttllu
1242 2819 1269 2847 5.
1285 2819 1364 2847 .Iomt.
1384 2819 1459 2853 Bapt.
1480 2821 1588 2848 dissert.
1607 2819 1634 2846 6.
