1924 3077
31 159 81 190 769

296 141 298 143 Ι
348 159 489 190 ORATIO
502 157 674 190 VIII.--IN
686 155 1003 188 DECOLLATIONEM
1023 156 1199 189 S.JOANN.
1221 159 1325 190 BAPT.

1606 160 1660 194 770

31 220 73 246 λον
87 219 212 253 γνήσιον,
230 217 277 244 τὸν
292 226 322 244 νυ
327 217 478 253 μφαγωγδν
498 217 546 244 τοῦ
560 216 691 252 νυμφίου,
705 215 751 242 τὸν
764 214 822 241 ἀεί-

874 221 1034 249 germanum
1045 215 1153 244 Domini
1165 216 1296 250 amicum,
1308 216 1405 252 Sponei
1421 219 1636 254 paranymphum
1649 228 1657 253 ;

31 273 118 299 φωτον
135 263 233 299 λύχνον
256 263 304 290 τοῦ
320 264 461 299 ἁφράστου
477 263 577 298 φωτὺς,
593 262 642 297 τὴν
658 262 748 294 ζῶσαν
761 270 819 296 φω-

31 312 76 346 νὴν
88 311 136 337 τοῦ
151 310 271 345 μεγάλου
289 310 380 343 λόγου,
391 310 437 336 τὸν
452 310 595 345 προφήτου
611 309 818 345 περισσότερον,

30 356 75 382 τὸν
87 355 202 390 μείζονα
226 356 256 381 ὲν
279 355 423 390 γεννητοῖς
444 354 584 389 γυναικῶν
610 353 820 388 εὐφημούντων,

32 401 226 436 γεραιρόντων,
239 400 398 434 ἀναγόντων
414 400 483 435 πρὸς
496 399 623 435 οὐρανὸν,
637 399 687 426 καὶ
711 400 754 430 είς
769 399 820 434 τὴν

31 448 127 482 ἀγήρω
143 447 233 482 χαρὰν
253 446 480 482 άποκομιζόντων
492 454 500 462 ·
516 445 630 480 τοιαύτη
651 445 701 480 μὲν
721 443 769 472 οὖν
784 445 821 476 ὡς

33 492 141 526 εἴρηται
152 491 280 527 εἰρηναία
297 492 314 526 ἡ
327 491 401 526 ταφὴ
421 491 469 518 τοῦ
485 491 606 523 δικαίου,
622 489 821 525 ἀγαλλιάσιμός

31 546 59 564 τε
75 539 125 565 καὶ
135 538 175 573 τῷ
188 538 285 573 κόσμῳ
297 537 443 572 σωτήριος.
820 547 827 553 ~

65 584 98 611 θ’.
121 584 302 619 Ἦρώδηςδὲδ
313 583 468 618 παράφρων
479 581 534 617 ἆρά
550 591 583 617 γε
603 582 752 609 κάντεῦθεν
772 582 822 617 τῆς

32 629 108 663 δίκης
116 629 146 655 τὸ
163 629 306 663 ἀπόκριμα
317 628 445 662 διέφυγεν
456 636 464 661 ;
477 628 508 654 οὺ
520 628 568 662 μὲν
582 625 629 654 οὖν
639 635 645 641 ·
659 627 717 653 ἀλλ’
731 627 770 658 ὡς
781 627 822 653 εἶ-

33 684 112 710 ρηται
122 675 178 709 (‘25)
186 675 231 700 διὰ
238 675 325 703 ταῦτα
339 674 391 700 ὑπὸ
399 673 498 704 παντὸς
511 672 557 699 τοῦ
580 673 702 708 ὑπηκόου
719 673 822 706 ἀνταρ-

34 721 92 746 σίαν
108 720 231 751 ἀποστὰς
241 719 462 754 κατασφάττεται
472 726 479 734 ·
496 717 542 745 τοῦ
563 717 631 744 Θεοῦ
643 718 683 750 είς
697 717 822 744 παιδείαν

32 767 86 798 τοῖς
103 767 144 797 είς
178 765 291 800 ὕστερον
318 765 509 799 βασιλεύσουσι
535 764 569 791 τὰ
595 764 654 790 κατ’
674 764 754 791 αὑτὸν
775 764 823 790 ὲκ-

35 811 285 847 δειματοῦντος,ὠς
300 811 333 837 ἃν
349 811 387 846 μὴ
397 812 454 842 τοῖς
469 810 572 845 ὁμοίοις
589 810 688 836 πάθεσι
707 809 823 844 περιπέ-

33 864 115 882 σειεν.
132 855 204 882 Ἀλλ’
215 855 339 882 ἐντεῦθεν
351 853 697 889 ὲπανε).θὼν,ἁρμ6ζουσαν
707 856 739 889 τῇ
753 863 823 888 παρ-

32 901 98 936 ούσῃ
108 901 200 935 ἡμέρᾳ
210 901 302 935 φωνὴν
311 899 390 934 δεῦρο
398 899 566 934 ὲκὸοήσομαι
578 908 586 915 ·
598 899 722 934 Σήμερον
733 900 823 926 Ίωάν-
838 889 860 918 Β

32 955 79 980 γης
92 947 107 972 6
121 946 277 981 Πρόδρομος
289 945 360 981 ὑπὲρ
367 945 498 979 ἀληθείας
507 945 556 980 τὴν
571 945 694 980 κεφαλὴν
704 945 823 980 ἀποτεμ-

32 993 144 1026 νόμενος
155 992 349 1027 μακαρίζεται,
360 991 409 1017 καὶ
424 989 547 1026 Ἡρώδης
557 991 571 1016 6
580 991 736 1025 παράνομος
745 999 824 1025 κωμ-

33 1037 184 1072 ῳδούμενος
202 1038 363 1072 διασύρεται
376 1045 382 1052 ·
397 1037 517 1071 σήμερον
536 1036 666 1072 Ἰωάννης
677 1037 691 1063 6
705 1037 823 1071 Προδρο-

35 1092 84 1116 po;
97 1083 127 1108 ἐν
135 1084 196 1114 ταῖς
207 1083 336 1109 ἁπάντων
343 1082 481 1115 γλώσσαις
500 1081 538 1118 τῷ
546 1081 593 1108 τοῦ
602 1081 720 1116 ὲλεγμοῦ
727 1082 823 1117 διηγή-

36 1137 101 1163 ματι
115 1128 271 1163 τετίμηται,
283 1129 331 1154 καὶ
346 1127 469 1162 Ἡρώδης
483 1127 497 1154 6
508 1127 676 1163 πανέκφρων
696 1127 742 1162 ὑφ’
757 1128 823 1154 ἐκά-

6 1167 9 1173 ’
35 1183 97 1200 στου
116 1174 172 1200 τῶν
190 1173 367 1209 φοϐουμένων
376 1173 424 1200 τὸν
437 1173 540 1209 Κύριον
553 1175 587 1208 τῇ
607 1174 716 1209 μοιχείᾳ
729 1174 822 1209 στηλι-

33 1220 180 1254 τευόμενος
203 1220 351 1255 ἠτίμωται.
376 1220 500 1256 Σήμερον
526 1221 543 1255 ἡ
571 1220 676 1255 κεφαλὴ
699 1220 820 1246 Ἰωάννου

32 1265 79 1291 τοῦ
98 1265 259 1301 Πρώρὸμου
276 1266 324 1292 ἐπὶ
350 1265 447 1292 πίνακι
474 1265 640 1301 προφέρεται
665 1265 736 1300 ἱερὸν
750 1266 820 1300 σφά-

34 1319 103 1344 γιον,
117 1311 165 1337 καὶ
186 1311 319 1346 Ἡρωδιὰς
342 1311 360 1346 ή
377 1311 539 1346 μοιχεύτρια
562 1311 749 1345 στηλιτεύεται
774 1311 822 1338 καὶ

35 1357 71 1391 μὴ
87 1355 235 1391 βουλομένη
260 1356 370 1383 αἰώνια.
395 1357 518 1392 Σήμερον
538 1357 661 1382 Ἰωάννου
685 1356 732 1382 τοῦ
757 1358 824 1391 Προ-

33 1401 135 1436 δρόμου
149 1401 179 1427 :6
194 1398 265 1435 αἷμα
289 1402 360 1437 ὑπὲρ
383 1401 508 1436 φυλακῆς
524 1401 596 1428 θείου
618 1402 699 1437 νόμου
720 1402 822 1436 χέεται,

34 1447 82 1473 καὶ
96 1447 112 1472 ὀ
123 1447 171 1473 τοῦ
190 1446 347 1483 Προδρόμου
366 1447 506 1478 ἀντίθετος
519 1447 563 1473 διὰ
577 1447 626 1482 τῆς
640 1448 823 1482 άντιπραγίας

34 1491 145 1523 ἐνδίκως
159 1491 358 1527 θριαμϐεύεται
370 1499 378 1508 ’
395 1493 516 1528 σήμερον
535 1493 662 1528 Ἰωάννης
674 1494 688 1519 ὁ
703 1493 822 1528 Πρόδρο-

36 1547 84 1573 μος
97 1539 142 1565 διὰ
155 1538 205 1573 τὴν
218 1539 287 1573 πρὸς
305 1539 428 1574 Ἡρώδην
440 1539 511 1574 ὑπὲρ
534 1539 641 1566 δικαίου
665 1541 822 1574 παρρησίαν
836 1553 858 1583 c

34 1584 237 1615 ἀποκτείνεται,
256 1584 302 1610 καὶ
319 1584 440 1618 βασιλεῖς
462 1584 513 1619 τῆς
532 1583 585 1619 γῆς
602 1584 655 1610 τῶν
672 1585 745 1611 ίδίων
758 1593 823 1611 συν-

35 1628 138 1661 θρόνων
156 1629 194 1664 μὴ
204 1629 415 1664 διαζεύγνυσθαι
445 1630 636 1664 παιδευόμενοι
657 1630 703 1656 τὸν
716 1630 824 1662 διαζευ-

36 1673 133 1708 χθέντα
145 1674 318 1702 ἀποπτύουσι
328 1684 334 1691 ·
354 1676 475 1710 σήμερον
493 1676 622 1711 Ἰωάννης
634 1677 648 1702 6
668 1676 824 1711 Πρόδρομος

37 1721 107 1756 αῐρει
125 1722 242 1755 σημεῖον
264 1721 312 1748 ἐπὶ
333 1722 382 1756 τῆς
395 1721 459 1755 γῆς,
477 1722 524 1748 καὶ
539 1722 758 1756 παραγγέλλεται
770 1723 822 1753 πᾶς

36 1766 178 1801 ἄνθρωπος
195 1767 339 1802 ἀρκεῖσθαι
356 1769 389 1802 τῇ
409 1768 463 1804 ἰδία
475 1768 586 1802 γυναικὶ
594 1768 643 1795 καὶ
666 1768 824 1803 περαιτέρω

37 1812 73 1848 μή
86 1814 187 1848 χωρεῖν
200 1821 206 1828 ·
224 1814 346 1848 σήμερον
368 1813 493 1848 Ἰωάννης
504 1815 518 1840 6
533 1813 692 1849 Πρόδρομος
704 1815 745 1845 είς
759 1813 823 1849 ᾂδου

35 1858 152 1890 κάτεισι,
172 1859 219 1885 καὶ
235 1860 259 1885 οἱ
275 1860 367 1895 νεκροὶ
378 1861 464 1895 χαρὰν
481 1861 531 1895 τῆς
543 1859 662 1895 Χριστοῦ
672 1860 824 1896 παρουσίας

34 1904 218 1939 ἀνεκλάλητον
256 1905 461 1937 ἁκουτίζονται’
485 1905 606 1940 σήμερον
628 1905 754 1940 Ἰωάννην
777 1905 823 1931 τὸν

34 1950 192 1985 Πρόδρομον
206 1950 436 1986 καρατομηθέντα
458 1951 502 1977 διὰ
520 1949 696 1984 δικαιοσύνην
709 1950 776 1976 Θεοῦ
798 1950 823 1976 οί

32 1997 144 2032 οὐρανοὶ
158 1996 399 2031 έπευφράνθησαν,
415 1996 553 2031 ἄνθρωποι
567 1996 595 2022 δὲ
610 1996 656 2022 ἐπὶ
674 1997 726 2031 γῆς
742 1997 824 2031 ὕμνο-

33 2043 160 2076 λογοῦσιν
173 2043 267 2077 έόρτια
280 2050 288 2057 ·
303 2043 350 2069 καί
376 2051 422 2078 μοι
440 2043 515 2069 δοκεῖ
525 2043 539 2069 6
555 2043 642 2077 μέγας
661 2043 709 2069 τοῦ
721 2043 823 2079 Κυρίου

35 2089 192 2124 Πρδδρομος
217 2088 247 2121 ἐξ
274 2088 396 2124 οὐρανῶν
427 2089 501 2123 ἡμᾶς
528 2089 699 2121 ἐποπτεύειν,
717 2089 764 2116 καὶ
786 2089 824 2119 ὠς

34 2134 178 2169 ὑμνῳδοὺς
202 2133 286 2160 αὑτοῦ
308 2134 392 2165 θείοις
416 2134 584 2169 χαρίσμασιν
598 2133 777 2169 ἀμείϐεσθαι·
794 2134 824 2160 ἐν

33 2183 192 2218 προφήταις
210 2181 248 2213 ὡς
263 2182 350 2217 ἀστὴρ
369 2182 482 2213 ἑωθινὸς
503 2181 619 2217 διᾴττων
634 2190 664 2208 τε
679 2181 726 2208 καὶ
737 2182 823 2217 ὑπερ-

871 261 1064 289 candelabrum
1079 270 1186 297 semper
1201 263 1321 291 lucidum
1342 262 1488 291 inell'abilis
1511 264 1593 295 lucis.
1613 272 1661 292 vo-

872 315 930 334 rem
945 308 1032 335 vivam
1053 309 1144 343 magni
1160 307 1252 340 Verbi,
1269 309 1345 336 illum
1362 309 1423 344 plus
1438 317 1519 343 quam
1540 310 1660 344 prophe-

872 358 938 386 tam,
953 354 1084 389 majorem
1100 355 1176 382 illum
1201 355 1228 382 in
1248 355 1320 383 natis
1341 355 1498 386 mulierum,
1520 354 1660 382 collauda-

871 398 946 430 hant,
965 399 1148 431 celebrabant,
1164 401 1192 427 in
1201 400 1299 427 cmlum
1316 400 1456 432 tollebant,
1467 404 1494 426 et
1503 399 1536 426 ad
1550 399 1661 426 immor-

873 445 926 471 tale
942 444 1071 479 gaudium
1084 446 1294 473 transferebant.
1315 445 1390 473 Talis
1406 446 1500 480 itaque
1526 445 1577 472 fuit
1589 445 1658 480 jnin

871 489 923 516 viri
937 490 1048 523 pacifica
1064 491 1212 526 sepultura,
1230 491 1332 518 mundo
1352 491 1459 518 laetiﬁca
1471 495 1499 518 et
1521 490 1660 518 salutaris.

907 577 934 605 9.
948 575 1019 604 Num
1038 584 1121 612 porro
1135 577 1250 606 insanus
1279 577 1411 611 Herodes,
1439 578 1467 606 in
1497 579 1548 606 hac
1578 579 1661 606 etiam

876 627 984 651 terrena
1012 624 1131 652 statione
1163 625 1275 652 ultionis
1303 632 1412 660 ptenam
1437 625 1529 660 fugit?
1552 624 1664 653 Minime

873 670 997 705 gentium
1014 677 1022 702 ;
1041 670 1100 702 sed,
1122 675 1150 696 ut
1161 670 1273 701 dicitur,
1290 675 1400 704 propter
1412 670 1463 697 hoc
1475 669 1581 698 facinus
1595 670 1662 697 sub—

873 715 993 742 diturum
1028 715 1150 743 omnium
1179 715 1341 742 seditionem
1374 719 1514 750 expertus,
1551 716 1662 743 occisus

873 759 926 787 fuit
942 768 949 786 :
965 759 1021 788 Deo
1038 760 1073 787 ob
1099 759 1254 787 futurorum
1281 757 1375 794 regum
1407 760 1590 787 eruditionem
1617 769 1663 789 res

874 805 957 840 hujus
979 805 1012 832 ad
1027 810 1158 833 terrorem
1189 809 1368 840 proponente,
1388 813 1423 832 ne
1445 806 1471 832 in
1488 807 1564 841 paria
1595 806 1663 834 faci-

873 859 941 878 nora
961 851 1114 879 incurrant.
1136 851 1188 879 Sed
1212 852 1274 879 inde
1301 851 1457 887 digrediens
1482 853 1663 882 conveniente

874 898 999 932 praesenti
1011 898 1064 925 diei
1077 905 1144 926 voce
1157 906 1205 934 age
1213 898 1270 933 jam
1282 899 1441 927 exclamabo
1457 899 1560 935 :lﬂodie
1575 899 1661 928 Joan-

873 949 923 969 nes
951 942 1130 975 Pratcursor,
1153 944 1242 978 capite
1264 945 1388 972 veritatis
1414 952 1497 972 causa
1527 945 1662 978 minutus,

873 987 970 1015 beatus
985 988 1104 1016 dicitur:
1123 988 1245 1017 Herodes
1259 998 1323 1017 vero
1336 990 1435 1025 impius
1450 990 1582 1018 conviciis
1595 991 1663 1018 lace-

874 1038 971 1067 ratur;
993 1034 1074 1062 hodie
1095 1034 1215 1062 Joannes
1232 1035 1388 1063 Prazcursor
1415 1036 1538 1063 omnium
1563 1036 1662 1071 linguis

873 1084 984 1114 propter
1000 1080 1072 1115 regis
1090 1080 1247 1115 reprehensi
1263 1081 1553 1109 commemorationem
1575 1082 1662 1109 hono-

873 1128 969 1152 ratur:
988 1125 1107 1153 Herodes
1121 1130 1210 1153 autent
1225 1134 1344 1154 vesanus
1365 1126 1400 1153 ab
1423 1127 1552 1154 omnibus
1570 1127 1662 1154 Domi-

873 1178 940 1197 num
956 1171 1126 1203 timentibus,
1155 1171 1283 1199 adulterii
1316 1172 1515 1206 vituperatione
1540 1173 1662 1201 dehone-

873 1221 979 1249 statur;
996 1217 1076 1244 hodie
1086 1216 1199 1245 Joannis
1214 1218 1395 1246 Prmcursoris
1409 1217 1436 1245 in
1449 1218 1525 1246 disco
1541 1219 1662 1246 circum—

874 1262 961 1290 fertur
986 1264 1227 1304 sqcradaniena:
1250 1263 1383 1291 llerodias
1417 1269 1508 1292 autem
1538 1265 1660 1292 adultera

873 1314 975 1336 aterno
990 1310 1137 1344 opprobrio
1165 1310 1207 1337 vel
1240 1310 1337 1338 nolens
1366 1311 1545 1344 cumulatur;
1580 1311 1662 1339 hodie

873 1353 987 1382 Joannis
1001 1355 1184 1383 Pnecursoris
1214 1356 1328 1391 sanguis
1342 1361 1452 1392 propter
1473 1356 1573 1384 divina:
1595 1357 1661 1392 legis

874 1401 1075 1428 observantiam
1097 1401 1232 1433 funditur,
1253 1401 1438 1430 Praecursoris
1451 1407 1542 1430 autem
1562 1403 1661 1431 adver-

874 1445 964 1472 sarius
978 1451 1091 1480 propter
1105 1446 1241 1473 conlraria
1265 1447 1335 1473 facta
1364 1447 1547 1482 ignominiose
1566 1446 1661 1474 tradu-

874 1490 965 1523 citur;
981 1491 1062 1517 hodie
1079 1490 1200 1519 Joannes
1220 1491 1380 1519 Praecursor
1396 1496 1507 1527 propter
1524 1500 1602 1520 suam
1615 1494 1662 1520 de-

875 1534 1134 1569 fendendaejustitia:
1146 1543 1238 1563 coram
1250 1536 1354 1564 llcrode
1368 1536 1495 1564 ﬁduciam
1507 1536 1660 1570 occiditur;

875 1588 951 1616 reges
965 1585 1055 1608 autem
1073 1587 1160 1614 terrm,
1175 1582 1322 1616 quominus
1337 1589 1352 1607 a
1374 1581 1504 1617 regnandi
1525 1582 1662 1609 consorti-

874 1626 925 1653 bus
952 1626 1136 1654 dissocientur
1166 1627 1277 1659 eruditi,
1294 1634 1356 1654 eum
1380 1627 1426 1662 qui
1449 1634 1479 1655 se
1503 1627 1663 1654 dissociavit

873 1676 1074 1699 contemnunt:
1095 1672 1184 1703 hodie.
1201 1672 1321 1699 Joannes
1346 1671 1505 1699 Prmcursor
1531 1671 1661 1698 vexillum

874 1717 900 1744 in
917 1722 988 1745 terra
1004 1718 1113 1750 attollit,
1129 1723 1210 1752 atque
1234 1717 1324 1744 otnuis
1347 1718 1428 1744 homo
1454 1717 1618 1744 admonetur
1632 1720 1662 1744 ut

873 1763 983 1798 propria
1004 1771 1090 1790 uxore
1112 1768 1267 1795 contentus,
1293 1763 1407 1791 ulterius
1436 1771 1490 1790 non
1510 1763 1659 1798 procedat;

874 1809 955 1836 hodie
969 1808 1088 1836 Joannes
1104 1807 1261 1835 Przecursor
1280 1808 1312 1835 ad
1339 1808 1443 1835 inferOs
1470 1807 1619 1840 descendit,
1635 1811 1663 1835 et

874 1855 974 1882 mortui
989 1856 1118 1890 gaudium
1138 1860 1249 1889 propter
1273 1854 1375 1882 Christi
1398 1854 1546 1880 adventum
1573 1853 1663 1888 perci-

874 1901 953 1936 piunt
970 1901 1122 1929 inell‘abile:
1141 1901 1221 1929 hodie
1235 1901 1270 1929 ob
1292 1900 1429 1928 Joannem
1442 1900 1531 1935 capite
1551 1904 1664 1935 propter

874 1947 1007 1982 justitiam
1034 1947 1171 1974 minutum
1191 1947 1254 1974 οωιί
1289 1947 1425 1978 laetantur,
1465 1945 1602 1981 simulque
1633 1947 1661 1972 in

875 1998 947 2020 terra
964 1993 1090 2021 homines
1102 1993 1211 2020 fcstalcs
1224 1993 1339 2027 hymnos
1349 1993 1452 2020 dicunt.
1472 1992 1506 2019 Et
1526 1991 1663 2027 mihiqui-

874 2039 936 2066 dem
954 2038 1060 2065 videtur
1083 2046 1198 2073 magnus
1216 2037 1325 2064 Domini
1350 2037 1511 2065 Prazcursor
1532 2037 1565 2064 de
1585 2037 1662 2065 ctelis

876 2090 925 2110 nos
944 2083 1076 2117 aspicere,
1091 2087 1173 2117 atque
1196 2087 1226 2110 ut
1239 2090 1303 2110 suos
1323 2087 1449 2110 cantores
1467 2082 1569 2110 divinis
1581 2082 1662 2110 donis

875 2128 1055 2155 remunerari.
1076 2127 1127 2154 Hic
1144 2127 1215 2154 inter
1229 2127 1386 2162 prophetas,
1414 2127 1491 2155 stella
1517 2131 1558 2154 cst
1572 2131 1663 2154 matu-

877 2174 932 2202 tina
947 2174 1105 2202 discurrens
1122 2178 1148 2201 et
1163 2174 1339 2201 illuminans:
1355 2175 1424 2201 inter
1446 2175 1598 2208 apostolos,
1621 2174 1663 2202 sol

35 2216 180 2263 αυγάξων·
195 2229 225 2254 ἐν
242 2216 403 2259 ἁποστδλοις
428 2227 466 2259 ὡς
488 2216 565 2262 ἥλιος
585 2227 614 2253 ὲν
640 2226 715 2262 μέσῳ
739 2216 822 2262 ήλίων

874 2223 917 2247 est
931 2220 959 2246 in
973 2220 1071 2246 mediis
1094 2219 1198 2247 solibus
1223 2217 1387 2252 praefulgens
1400 2223 1426 2245 et
1442 2225 1526 2253 supra
1549 2223 1663 2246 caeteros

34 2274 206 2309 προλάμπων
229 2274 276 2300 καὶ
297 2273 486 2309 ὑπερλάμπων
500 2281 507 2287 ”
524 2274 552 2299 ὲν
570 2273 704 2308 μάρτυσιν
726 2273 763 2305 ὡς
776 2273 822 2300 οὗ·

35 2320 116 2354 ρανδς
138 2319 350 2354 πεποικιλμένος
374 2320 432 2350 τοῖς
455 2319 565 2354 ἄστροις
584 2319 639 2345 τῶν
655 2318 821 2353 θαυμάτων·

34 2366 63 2391 ἑν
84 2366 203 2398 δικαίοις
226 2366 264 2396 ὡς
280 2365 388 2397 πολλοῖς
409 2366 459 2400 τῆς
478 2365 652 2401 δικαιοσύνης
666 2366 824 2401 αὐχήμασιν

36 2412 261 2447 ὑψικομώτερος,
289 2412 342 2439 τῶν
361 2412 464 2447 διέδρων
484 2411 532 2438 τοῦ
551 2411 669 2438 Λιϐάνου
688 2412 824 2447 ὑπερφαί-

35 2467 86 2484 νων
99 2466 106 2473 ·
122 2459 137 2484 6
154 2459 243 2493 χαρὰν
264 2457 444 2490 ἑξακουτίσας
468 2458 589 2493 σήμερον
607 2459 641 2493 τῇ
663 2458 820 2494 οίκουμένῃ.

36 2504 64 2530 El
80 2504 137 2538 γὰρ
158 2503 252 2530 πολλοὶ
269 2503 315 2530 ἐπὶ
338 2504 373 2539 τῇ
396 2504 523 2538 γεννήσει
553 2503 636 2530 αὐτοῦ
657 2504 822 2539 χαρήσονται

35 2551 104 2577 κατὰ
120 2550 154 2576 τὰ
171 2550 259 2583 λόγια,
272 2549 403 2583 ἀνάλογον
419 2549 451 2575 ἂν
463 2549 506 2584 εἴη
527 2550 574 2575 καὶ
584 2550 613 2575 ἐν
628 2551 661 2584 τῇ
679 2549 764 2576 αὐτοῦ
779 2558 824 2575 τε-

35 2593 141 2619 λειώσει
154 2594 203 2628 τὴν
217 2593 301 2628 αὐτὴν
320 2593 430 2619 ἔσεσθαι
452 2593 634 2628 εὐφροσύνην,
652 2594 685 2628 ἦν
700 2601 822 2628 πανηγυ-

36 2640 120 2673 ρίζειν
137 2638 288 2673 ἠξιώμεθα,
302 2639 360 2665 ὅσοι
380 2639 409 2664 ἐν
433 2637 564 2673 ἱερατικῷ
577 2646 605 2663 τε
623 2638 671 2664 καὶ
682 2637 818 2672 ἐρημικῷ,

34 2685 60 2709 ὲν
79 2684 219 2719 μοναδικῷ
231 2692 260 2709 τε
277 2684 324 2710 καὶ
336 2682 422 2718 λαῖκῷ
434 2682 555 2717 τάγματι
577 2683 659 2708 πᾶσιν
676 2681 823 2716 ἀνήκοντος

65 2744 89 2760 ’⁸
106 2743 174 2770 Luc.
195 2750 226 2774 ll,
246 2741 291 2768 10.

67 2791 126 2824 (25)
143 2790 241 2818 Merito
269 2790 340 2824 hanc
375 2791 467 2815 narrat
498 2792 628 2824 tanquam
659 2788 820 2824 popularem

34 2827 209 2852 traditionem
225 2825 259 2852 de
276 2823 392 2851 Herodis
407 2831 474 2850 nece
491 2823 653 2850 Theodorus
669 2823 733 2855 ;il|e
748 2824 821 2849 enim

36 2868 129 2896 reapse
143 2867 198 2888 non
217 2861 246 2887 in
262 2859 361 2888 civium
371 2858 517 2886 rebellione
529 2858 574 2886 sed
590 2858 618 2884 in
634 2857 763 2892 Hispania
773 2865 823 2885 ex-

875 2265 1003 2293 radians:
1022 2266 1094 2292 inter
1107 2269 1253 2299 martyres,
1269 2263 1350 2290 veluti
1362 2264 1460 2291 cmlum
1470 2267 1512 2291 est
1527 2263 1663 2291 sideribus

874 2311 1009 2339 variatum
1034 2311 1250 2338 miraculorum:
1268 2310 1339 2337 inter
1364 2310 1465 2344 justos,
1492 2317 1541 2336 ceu
1569 2309 1662 2337 multis

873 2357 987 2393 justitia:
1001 2358 1170 2384 ornamentis
1184 2357 1238 2384 alte
1248 2356 1439 2389 frondesccns,
1457 2356 1554 2383 Libani
1565 2356 1663 2383 cedros

874 2404 991 2432 excedit.
1012 2402 1063 2431 Hic
1079 2403 1160 2430 hodie
1175 2397 1285 2430 mundo
1297 2403 1425 2430 universo
1443 2403 1572 2437 gaudium
1598 2402 1663 2429 inti-

876 2451 944 2477 mat.
962 2447 1031 2476 Nam
1046 2448 1068 2476 si
1079 2448 1158 2475 multi
1177 2448 1204 2474 in
1219 2448 1361 2475 nativitatc
1369 2447 1428 2482 ejus
1437 2447 1556 2482 gavisnri
1572 2451 1661 2479 erant,

873 2496 953 2529 juxta
967 2496 1089 2523 divinum
1107 2495 1216 2522 effatum
1229 2494 1270 2528 ’°;
1287 2500 1500 2522 consentaneum
1510 2493 1546 2520 sit
1561 2493 1587 2520 in
1601 2493 1660 2527 ejus
1683 2511 1688 2515 .

876 2549 985 2576 quoquc
1017 2539 1252 2568 consummatione
1286 2539 1408 2566 eamdem
1436 2545 1497 2566 esse
1528 2538 1660 2569 laetitiam,

877 2595 957 2622 quam
975 2594 1023 2614 nos
1040 2585 1212 2613 solemnitate
1227 2585 1276 2611 hac
1293 2584 1430 2611 celebrare
1448 2583 1522 2618 digni
1545 2582 1658 2614 fuimus,

874 2637 1007 2668 quotquot
1019 2632 1205 2663 sacerdotalis,
1226 2635 1273 2658 aut
1293 2630 1436 2662 eremitici,
1449 2633 1496 2656 aut
1511 2629 1658 2656 monacha-

877 2679 921 2710 lis,
934 2683 982 2705 aut
996 2678 1079 2705 etiam
1093 2677 1156 2704 laici
1181 2676 1285 2704 ordinis
1301 2683 1406 2707 sumus,
1436 2674 1527 2702 cuncti
1556 2674 1659 2702 scilicet

874 2786 918 2848 fuit:
936 2784 1014 2815 obiit,
1032 2782 1175 2846 utgdiserte
1192 2779 1327 2816 Iosephus
1340 2785 1444 2812 narrat,
1460 2778 1498 2806 De
1514 2778 1580 2806 bella
1590 2777 1656 2806 Iud.

885 2829 892 2848 l
915 2840 922 2847 .
940 2828 971 2848 ιι.
984 2826 1044 2848 cap.
1076 2837 1083 2844 .

885 2826 922 2848 ib.
940 2828 971 2853 ιι,
984 2826 1044 2853 cap.
1057 2826 1083 2846 υ.
