1924 3077
236 155 287 186 ’ΠΙ

831 153 862 182 S.
875 152 1071 182 THEODORI
1096 151 1269 182 STUDIT/E

1824 144 1883 175 77!

238 217 316 237 sacra
342 209 393 237 hac
422 208 683 236 commemoratione
713 207 841 242 gaudium
870 207 1048 238 aﬂ'erenlezj

1107 206 1123 233 ὖ
1140 205 1314 241 μνημοσύνου
1327 204 1358 232 τδ
1373 203 1532 239 ἁγαλλίαμα
1545 210 1552 218 ·
1563 201 1747 237 διαφερόντως
1759 199 1794 226 δὲ
1809 200 1884 235 ἡμῖν

238 256 375 291 praecipue
383 262 449 282 vero
467 254 547 282 nobis
561 254 609 288 qui
620 261 705 281 sacrm
719 254 791 281 illius
802 254 867 281 aedis
879 254 1026 281 contuber-

1107 251 1185 283 ῐςτοῦ
1205 251 1279 286 ἱεροῦ
1308 249 1390 277 αὑτοῦ
1403 250 1478 276 οἴκου
1488 249 1543 284 (26)
1559 247 1726 279 θιασώταις”
1744 243 1777 273 οὗ
1791 254 1885 281 μετα-

240 303 316 331 nales
331 311 339 334 ;
360 301 438 336 cujus
449 304 595 335 propterea
627 300 873 327 intercessionibus
888 299 1027 326 validiori-

240 349 401 377 busutinam
417 347 557 374 fruamur!
568 347 594 372 in
605 345 715 374 Christo
725 345 789 373 .Iesu
799 345 916 373 Domino
923 349 1029 373 nostro.

244 394 296 422 Cui
326 392 412 428 gloria
426 397 453 419 et
471 396 602 426 potestas,
617 399 679 418 cum
700 390 781 418 Patre
806 395 835 418 et
856 391 1030 418 sanctissimo

241 438 349 466 viviﬁco
363 436 476 471 Spiritu,
496 443 568 463 nunc
579 440 607 463 et
618 443 727 470 semper
740 440 768 463 et
784 443 833 470 per
857 435 966 463 inﬁnita
978 442 1030 463 saa-

243 485 303 513 cula
320 484 493 512 saeculorum.
510 483 609 509 Amen.

614 527 661 554 IX.

244 576 378 604 Laudalio
389 575 418 602 in
434 574 464 602 S.
480 573 612 600 Joannem
626 573 774 608 apostolum
788 577 812 600 et
833 572 1032 607 evangelistam.

1080 296 1213 331 σχοίημεν
1226 295 1280 322 τῶν
1294 294 1447 329 πρεσϐειῶν
1465 294 1505 320 ἔτι
1528 293 1600 328 μάλα
1622 291 1836 326 ἐκτενέστερον,
1856 291 1885 316 ἐν

1081 342 1192 377 Χριστῷ
1213 341 1300 375 Ἰησοῦ
1323 340 1363 375 τῷ
1381 340 1475 375 Κυρίῳ
1498 339 1595 375 ἡμῶν*
1611 335 1634 372 ᾧ
1652 340 1668 373 ἡ
1689 337 1753 369 δόξα
1775 337 1831 363 καὶ
1853 336 1887 362 τὶ

1081 387 1194 422 κράτος,
1223 387 1273 412 σὺν
1295 385 1334 420 τῷ
1357 385 1446 420 Πατρὶ
1471 385 1519 412 καὶ
1537 383 1576 419 τῷ
1603 383 1729 418 παναγίῳ
1743 382 1796 409 καὶ
1813 380 1887 413 ζωο-

1083 432 1153 466 ποιῷ
1164 432 1316 466 Πνεὺματι,
1332 430 1379 458 νῦν
1398 431 1445 457 καὶ
1457 430 1511 462 ἀεὶ,
1527 430 1576 456 καὶ
1597 429 1637 461 εἰς
1651 429 1715 460 τοὺς
1728 426 1888 461 ἀτελευτή-

1085 486 1148 509 τους
1159 477 1262 508 αίῶνας
1278 477 1333 504 τῶν
1349 475 1467 503 αἰώνων.
1489 476 1585 510 Ἀμήν.

1463 519 1491 546 Θ¹

1083 569 1249 604 ’Ξῖ-κώμιον
1258 569 1303 601 εις
1313 567 1367 594 τὸν
1373 566 1470 604 μέγαν
1478 564 1626 604 Ἰωριςκην
1636 564 1690 603 tor
1699 563 1888 604 455601010?

1190 605 1239 630 καὶ
1254 598 1475 637 subj-reﬂatur
1490 599 1544 627 τοῦ
1559 598 1686 633 Χριστοῦ
1701 598 1766 633 (27).

838 662 841 666 ~
868 649 946 685 (Asc.
959 650 1024 677 ΜΑι.
1040 650 1090 678 loc.
1103 652 1148 678 cit.
1166 659 1192 685 p.
1206 650 1263 685 62.)

282 700 308 726 l.
328 699 397 725 Cum
418 698 518 724 cmlum
540 697 619 724 nobis
644 697 675 724 ad
700 696 867 724 laudationis
887 703 1034 731 argument-

248 750 304 772 tum
331 744 502 779 propositum
526 743 571 775 sit,
595 742 658 777 quis
681 749 773 769 sermo
797 742 961 774 invenietur,
987 741 1034 776 qui

248 791 435 818 encomiorum
452 789 621 816 altitudinem
640 795 750 823 aequare
765 788 871 822 possit?
882 787 958 820 Quod
971 794 1035 814 vero

251 836 390 872 ingenium
412 834 445 861 ad
459 834 675 869 magnitudinem
687 841 716 861 se
734 833 845 860 extollat
860 832 1037 859 nobilissimae

248 881 359 910 laudis?
376 880 443 907 Fors
463 881 520 914 ipsa
538 880 669 907 duntaxat
683 879 838 914 argumenti
862 878 1038 913 aggressione

251 929 421 959 fatiscemus,
437 931 566 961 tanquam
582 933 613 952 ea
631 929 767 953 tentantes
787 933 848 960 qua:
865 933 946 952 nemo
962 932 1038 952 asse-

251 973 298 1009 qui
314 973 411 1008 possit,
433 979 464 998 ac
481 973 527 1006 qui
554 972 581 998 in
606 971 768 999 immensam
788 971 977 998 celsitudinem
1001 970 1040 996 vi-

251 1020 365 1047 deamus
390 1017 528 1052 prosilire.
557 1015 618 1043 Non
644 1016 718 1043 hunc
739 1022 828 1043 autem
851 1015 943 1051 polum
967 1016 1040 1048 dico,

252 1072 334 1100 quem
350 1063 491 1091 stellarum
509 1063 587 1090 chori
606 1063 683 1090 vario
699 1063 798 1090 decore
815 1065 975 1096 perornant,
992 1068 1042 1088 nec

252 1118 334 1146 quem
355 1109 397 1137 sol
419 1108 549 1142 aurigans
574 1109 714 1142 reciproco
739 1114 822 1134 cursu
836 1106 959 1141 quotidie
981 1113 1043 1140 per-

252 1160 347 1190 agrat;
375 1160 403 1182 at
424 1161 514 1189 neque
534 1161 616 1188 quem
642 1153 707 1180 luna
731 1157 844 1180 cornuta
867 1159 1042 1187 percurrens,

254 1201 307 1228 diei
334 1199 440 1234 fulgore
466 1203 573 1226 noctem
603 1198 783 1226 collucentem
809 1202 937 1234 praestat;
965 1196 1044 1232 cujus

254 1246 382 1274 miraculi
409 1245 486 1273 visus
508 1244 639 1279 magister
664 1244 783 1276 exsistit,
800 1245 864 1271 dum
894 1245 921 1270 in
951 1250 1043 1270 rerum

255 1296 409 1319 creatarum
424 1289 657 1324 pulchritudinem
673 1293 809 1323 penetrat,
823 1282 1001 1322 animtimque
1013 1287 1044 1314 ad

256 1335 404 1365 creatiouis
424 1337 565 1361 auctorem
590 1333 755 1360 transmittit
769 1342 776 1360 :
792 1333 857 1367 quin
875 1333 965 1367 potius
980 1331 1046 1358 illud

257 1382 373 1410 dixerim
389 1380 501 1412 cmlum,
515 1379 594 1414 cujus
606 1379 691 1406 stella-
705 1383 836 1413 perpetuo
847 1378 968 1405 lucentes
982 1380 1048 1404 sunt

257 1428 405 1455 multarum
444 1427 574 1453 virtutum
616 1429 734 1457 turmae,
766 1424 898 1458 boumque
932 1422 1047 1451 actionis

259 1473 401 1508 splendore
414 1472 549 1507 fulgentes
564 1478 571 1497 :
588 1475 614 1497 et
629 1470 708 1504 cujus
720 1469 773 1502 sol,
784 1469 938 1504 evangelica
951 1475 1048 1503 nempe

258 1518 428 1554 praadicatlo,
457 1518 491 1544 ad
521 1516 596 1543 orhis
625 1521 761 1543 terrarum
787 1515 856 1541 ﬁnes
886 1514 1047 1549 pervadens,

259 1564 334 1592 mille
354 1563 482 1598 partibus
507 1561 627 1589 lucidius
655 1561 711 1587 sole
736 1560 870 1587 mundum
894 1559 1048 1589 collustrat,

260 1615 317 1637 tum
332 1610 403 1636 hunc
420 1608 508 1636 oculis
523 1607 691 1641 subjectum,
710 1610 767 1632 tum
787 1605 864 1632 illum
883 1604 941 1631 sola
959 1602 1051 1637 cogni-

262 1661 317 1684 tum
335 1661 436 1683 mente.
458 1654 517 1681 Non
531 1653 604 1681 enim
624 1652 713 1679 lunari
736 1652 840 1679 lumine
859 1658 928 1685 opus
944 1649 969 1677 ei
988 1653 1050 1676 est:

261 1702 362 1737 quippe
382 1708 443 1729 cum
469 1707 503 1727 ne
528 1706 583 1726 nox
605 1698 715 1732 quidem
738 1697 859 1731 excipiat
884 1695 968 1727 diem,
989 1693 1052 1727 quia

262 1747 453 1783 splendoribus
470 1747 627 1773 illustratur
642 1744 689 1778 qui
702 1750 843 1778 nunquam
859 1741 1000 1769 occidunt.

297 1793 326 1820 ‘2.
342 1793 377 1820 At
389 1793 459 1820 scire
485 1792 569 1819 vultis
583 1792 709 1826 quisnam
723 1790 767 1816 hic
780 1789 816 1816 sit
827 1786 972 1822 magniﬁce
987 1784 1054 1812 adeo

264 1839 427 1875 prtcdicatus
450 1839 461 1865 ’ί
486 1838 621 1865 Nimirum
654 1836 773 1864 Joannes
805 1838 857 1866 est,
887 1831 1054 1862 auditores;

265 1884 394 1916 Joannes,
421 1884 543 1919 inquam,
560 1889 691 1917 perquam
705 1880 870 1908 excellenter
892 1877 1033 1912 apostolus
1047 1885 1054 1909 ;

266 1930 494 1966 evangelistarum
511 1927 752 1962 praestantissimus
765 1935 773 1959 ;
784 1925 829 1952 Dei
844 1924 945 1959 aquila,
959 1930 1057 1958 magna

266 1977 313 2005 illa
332 1977 429 2012 pennis
456 1975 548 2002 aureis
564 1974 678 2009 praedita
697 1981 704 2006 ;
724 1967 844 2000 caelestis
869 1969 996 2005 profundi
1016 1969 1058 1995 in-

267 2023 427 2057 vestigator,
441 2028 523 2056 quem
541 2020 636 2048 nullus
653 2018 765 2054 assequi
777 2021 867 2053 potest
887 2026 893 2044 :
915 2015 997 2043 homo
1011 2014 1058 2048 qui

268 2068 441 2097 Cherubinos
460 2066 694 2101 contemplatione
720 2063 870 2099 superavit,
890 2062 938 2097 qui
963 2059 1059 2088 atterni

269 2114 352 2142 Verbi
368 2113 558 2142 exsistentiam
588 2111 693 2146 angelis
716 2110 784 2145 ipsis
798 2108 945 2138 nuntiavit,
977 2113 1061 2133 voca-

269 2161 393 2188 lissimus
408 2159 531 2186 veritatis
544 2164 633 2193 praeco
650 2165 658 2189 ;
674 2163 752 2183 mens
770 2153 895 2181 sublimia
913 2157 1059 2187 spectans;

271 2206 363 2240 lingua
381 2205 460 2240 ignea
479 2213 485 2237 ;
507 2211 538 2231 os
553 2203 647 2230 divino
665 2207 790 2229 sermone
804 2200 990 2231 instructum;
1007 2193 1077 2223 im-’

1122 701 1157 725 α’.
1172 696 1294 732 Οὐρανοῦ
1314 693 1497 731 προκειμένου
1512 693 1578 728 ἡμῖν
1591 691 1631 723 είς
1648 691 1778 718 ὑπόθεσιν
1790 691 1840 724 ἐγ)
1847 699 1889 717 ω·

1089 744 1163 779 μίου,
1179 743 1220 774 τίς
1236 743 1291 776 ἄρα
1311 739 1467 775 ἐξευρεθείη
1494 739 1572 772 λόγος
1587 738 1626 773 τῷ
1640 737 1702 772 ὕψει
1717 736 1772 762 τῶν
1784 737 1888 770 gym-

1090 788 1160 823 μίων
1187 786 1390 821 συνεπαρθῆναι
1421 784 1595 818 δυνάμενος;
1626 782 1690 808 ποία
1720 781 1747 808 δὲ
1773 781 1888 807 διάνοια

1090 832 1192 867 ὑφάψοι
1218 831 1248 857 τὸ
1261 830 1308 857 τοῦ
1329 829 1462 866 μεγέθους
1480 829 1529 863 τῆς
1550 825 1709 862 ὑπερφυοῦς
1729 826 1885 857 αἱνέσεω;;

1090 879 1161 913 τάχα
1189 877 1222 904 ἂν
1249 876 1439 911 ἀποκάμοιμεν
1465 874 1512 901 καὶ
1542 873 1621 908 μόνον
1647 872 1697 906 τῆς
1723 870 1887 899 ὑποθέσεως

1090 923 1287 959 κατάρξασοαι,
1304 922 1341 953 ὡς
1366 921 1420 947 τῶν
1447 919 1599 954 ἀνεφίκτων
1621 917 1819 952 ἐφαπτόμενοι,
1837 917 1887 943 καὶ

1091 971 1130 1002 είς
1143 967 1343 1003 ἁπειροπληθὲς
1356 965 1423 1001 ὕψος
1443 965 1530 1000 πηδᾷν
1541 964 1598 990 δοκι
1603 963 1743 998 μάζοντες”
1757 962 1808 989 καὶ
1830 963 1887 997 μὴν

1091 1016 1121 1043 οὺ
1133 1016 1207 1042 τόνδε
1221 1015 1294 1049 φημὶ
1309 1013 1354 1039 τὸν
1365 1011 1455 1044 πόλον,
1473 1011 1502 1037 ὃν
1519 1009 1638 1045 ἁστρῷοι
1653 1010 1758 1044 χορεῖαι
1778 1009 1887 1043 ἐκπρε-

1092 1061 1151 1093 πῶς
1181 1059 1436 1090 καταποκίλλουσιν,
1456 1056 1510 1083 οὐδ’
1524 1057 1607 1091 ὅνπερ
1632 1055 1707 1090 ἣλιος
1722 1054 1890 1089 ἁρματηλα-

1092 1108 1145 1135 τῶν
1160 1108 1205 1134 τὸν
1220 1107 1358 1142 ἐφήμερον
1375 1104 1477 1131 διανύει
1490 1103 1607 1135 δίαυλον,
1623 1102 1714 1128 οὐδὀὺ
1730 1101 1785 1136 μὴν
1800 1101 1889 1134 ’όνπερ

1095 1154 1192 1188 σελήνη
1223 1151 1365 1187 μηνοειδὴς
1387 1149 1532 1176 διαθέουσα
1554 1147 1715 1183 ήμεροφανῆ
1735 1146 1785 1181 τὴν
1799 1145 1889 1173 νύκτα

1095 1197 1291 1234 ἀπεργάζεται·
1306 1194 1337 1224 οὗ
1347 1195 1394 1222 τοῦ
1406 1195 1544 1230 θαύματος
1555 1195 1601 1221 κα).
1613 1194 1631 1228 ἡ
1642 1193 1703 1228 ἅψις
1712 1192 1887 1223 διδάσκαλος,

1095 1247 1151 1277 τοῖς
1166 1245 1215 1280 τῆς
1238 1243 1354 1274 κτίσεως
1371 1241 1564 1277 ὲμϐαθύνουσα
1591 1239 1713 1272 κάλλεσι,
1740 1238 1788 1266 καὶ
1818 1238 1888 1272 πρὶς

1095 1292 1140 1318 τὸν
1161 1291 1211 1325 τῆς
1232 1288 1416 1325 δημιουργίας
1430 1287 1517 1314 αἴτιον
1538 1286 1582 1312 τδν
1595 1285 1656 1311 νοῦν
1674 1284 1888 1319 ἀναπέμπουσα-

1097 1336 1154 1363 ὰλλ’
1170 1335 1283 1370 οὐρανὸν
1298 1335 1401 1360 ἐκεῖνον
1415 1333 1536 1367 λέγοιμι,
1558 1328 1589 1358 οἶ)
1611 1330 1724 1365 ἀστέρες
1748 1329 1892 1363 ἀειφανεῖς

1098 1381 1151 1408 τῶν
1166 1379 1271 1416 ἀρετῶν
1285 1378 1389 1405 σύνοδοι
1404 1376 1521 1408 πολλῶν,
1536 1375 1575 1411 τῷ
1595 1376 1658 1410 φάει
1674 1375 1723 1409 τῆς
1738 1373 1892 1408 εὐπραξίας

1098 1424 1334 1456 ἀποστιλϐοῦντες.
1364 1424 1410 1450 καὶ
1428 1420 1513 1457 οὗπερ
1540 1422 1627 1456 ἣλιος,
1655 1421 1686 1447 τὸ
1711 1419 1892 1454 εὐαγγελικὺν

1099 1474 1241 1508 κήρυγμα.
1257 1472 1297 1502 είς
1320 1471 1354 1497 τὰ
1377 1470 1426 1504 τῆς
1452 1468 1615 1503 οἰκουμένης
1639 1467 1754 1502 διᾴττων
1773 1466 1891 1500 πέρατα,

1102 1528 1136 1554 μυ
1142 1517 1306 1554 ριοπλασίως
1319 1516 1395 1551 ἡλίου
1411 1515 1606 1550 φωτεινότερον
1619 1513 1777 1548 φρυκτωρεῖ
1788 1511 1891 1544 κόσμον

1063 1577 1084 1606 c
1101 1563 1199 1599 ὁρατόν
1215 1571 1244 1588 τε
1261 1563 1308 1588 καὶ
1320 1562 1447 1597 ἀόρατον.
1465 1559 1626 1595 Σεληνιαίου
1639 1558 1694 1593 γὰρ
1710 1556 1798 1592 φωτὸς
1815 1555 1892 1606 οξπω

1101 1597 1235 1637 δέδεκται,
1250 1607 1291 1632 ὅτι
1307 1605 1375 1641 μηδὲ
1389 1605 1437 1636 νὺξ
1462 1604 1512 1639 τὴν
1526 1603 1591 1638 περὶ
1606 1602 1672 1629 αὐτὸ
1698 1601 1805 1637 ἡμέραν
1818 1597 1892 1627 οἶδεν

1102 1653 1293 1689 διαδέχεσθαι,
1322 1651 1490 1683 ἀνεπιδύτως
1522 1650 1569 1678 τοῦ
1603 1649 1690 1684 φάους
1725 1646 1892 1683 μαρμαρὺσ-

1105 1707 1208 1730 σοντος.

1142 1788 1175 1821 β’.
1193 1786 1247 1813 Καὶ
1263 1785 1289 1812 τί
1304 1782 1382 1816 οὗτος
1397 1785 1412 1811 6
1429 1783 1713 1820 μεγαληγορούμενος,
1729 1781 1824 1817 μαθεῖν
1835 1780 1893 1815 βού-

1105 1832 1202 1865 λεσθε;
1219 1831 1359 1867 Ἰωάννης,
1384 1829 1407 1857 ὧ
1434 1830 1540 1865 ἄνδρες,
1555 1831 1569 1855 ὁ
1583 1829 1716 1864 ὑπερλίαν
1735 1827 1893 1859 ἀπόστολος,

1106 1878 1160 1904 τῶν
1179 1876 1380 1911 εὐαγγελιστῶν
1399 1877 1413 1903 6
1429 1875 1661 1910 προφερέστατος,
1673 1874 1688 1900 6
1704 1872 1752 1899 τοῦ
1767 1872 1833 1898 Θεοῦ
1846 1873 1895 1898 ἀε-

1107 1923 1163 1954 τὸς,
1177 1924 1191 1950 6
1215 1923 1312 1957 μέγας,
1337 1923 1351 1948 6
1374 1920 1575 1957 χρυσοπτέρυξ,
1589 1921 1602 1946 ὁ
1615 1919 1661 1946 τοῦ
1675 1918 1800 1954 οὐρανίου
1814 1916 1893 1952 βυθοῦ

1109 1969 1256 2005 ἐρευνητὴς
1269 1969 1416 2002 ἀφθαστος,
1435 1968 1449 1994 6
1461 1967 1590 1993 ἐπέκεινα
1606 1965 1661 1992 τῶν
1674 1964 1815 2000 Χερουϐὶμ
1828 1964 1892 1991 ἁνα-

1109 2015 1191 2050 νήξας
1202 2016 1235 2049 τῇ
1250 2013 1351 2049 θεωρίᾳ
1365 2013 1520 2048 ἅνθρωπος,
1532 2013 1545 2038 ὁ
1555 2011 1604 2046 τῆς
1618 2010 1665 2037 τοῦ
1676 2010 1764 2043 Λόγου
1778 2009 1892 2043 ἀνάρχλ

1110 2059 1252 2095 ὑπάρξεως
1271 2059 1318 2085 καὶ
1332 2058 1459 2092 ἀγγέλοις
1474 2057 1598 2090 ἄγγελος·
1612 2057 1626 2082 6
1641 2053 1895 2091 μεγαλοφωνότατος

1110 2107 1160 2142 τῆς
1174 2105 1302 2140 ἀληθείας
1318 2103 1408 2138 κήρυξ
1422 2104 1436 2129 6
1457 2102 1518 2134 νοῦς
1540 2103 1553 2128 ὀ
1569 2100 1743 2136 ὑψίϐλεπτος,
1755 2100 1772 2135 ή
1789 2099 1895 2133 γλῶσσα

1112 2153 1129 2185 ἡ
1145 2151 1265 2186 πύρινος,
1281 2149 1311 2176 τὸ
1323 2149 1410 2184 στόμα
1423 2149 1454 2175 τὺ
1477 2148 1655 2183 Θεόφραστον,
1679 2146 1728 2182 τῆς
1757 2145 1848 2180 σοφίας
1865 2144 1896 2170 τὸ

1112 2197 1225 2233 ἄπειρον
1245 2196 1370 2229 πέλαγος,
1382 2194 1436 2221 τῶν
1448 2193 1591 2229 δογμάτων
1604 2194 1618 2220 6
1632 2192 1712 2228 βυθὸς
1723 2192 1737 2218 6
1753 2190 1893 2225 ἄφθαστος,

271 2236 407 2279 mensum.
419 2249 560 2284 sapientia:
575 2248 688 2283 pelagus
705 2255 713 2280 ;
728 2247 884 2281 dogmatum
901 2243 1048 2277 imperscru

1113 2243 1164 2278 τῆς
1176 2242 1304 2277 γνώσεως
1321 2240 1351 2267 τὸ
1367 2241 1468 2276 δοχεῖον
1483 2241 1513 2267 τὸ
1529 2239 1666 2275 μέγιστον,
1689 2238 1707 2272 ἡ
1724 2236 1895 2271 κοσμοφανὴς

271 2297 364 2324 tabilis
377 2303 476 2331 gurges
492 2304 499 2328 ;
514 2294 636 2322 scientiaa
649 2291 875 2327 conceptaculum
889 2288 1037 2316 niaximum
1051 2308 1059 2320 ,

272 2342 365 2377 fulgur
389 2340 506 2376 Spiritus
533 2340 635 2367 mundo
663 2339 813 2371 relucens;
837 2336 931 2371 gratim
960 2333 1061 2361 tonitru

274 2388 406 2415 mundum
418 2391 592 2422 perstrepens
603 2395 610 2420 ;
621 2385 746 2414 sublimis
758 2383 940 2411 Ecclesiarum
957 2380 1063 2408 colum-

274 2441 320 2466 na,
339 2433 385 2460 Dei
401 2432 586 2460 firmissimum
611 2430 817 2458 fundamentum
836 2436 844 2461 ;
872 2428 999 2454 humana:
1013 2431 1063 2451 na-

275 2484 342 2506 tura:
353 2478 496 2513 praedatrix
510 2485 608 2513 sagena
624 2484 632 2509 ;
647 2474 796 2510 piscatoria
817 2473 969 2500 animarum
982 2477 1065 2497 arun-

242 2516 247 2520 ”
275 2524 311 2551 do
337 2523 370 2550 ad
397 2530 484 2557 usque
505 2514 606 2549 coelum
643 2520 808 2554 attingens;
834 2523 909 2544 serra
935 2516 1065 2542 adversus

275 2577 370 2597 omnes
389 2569 518 2601 haereses,
546 2571 678 2602 perpetuo
711 2568 787 2592 motu
813 2562 913 2597 agitata
936 2569 944 2595 ;
967 2564 1065 2587 acutus

277 2615 394 2650 gladius,
426 2612 574 2648 impietatis
605 2610 712 2638 zizania
736 2609 878 2636 dissecans
906 2615 914 2640 ;
939 2605 1061 2634 caelestis

278 2661 362 2688 clavis
374 2659 521 2695 impietatis
542 2663 646 2685 turmas
659 2654 808 2683 occludens
828 2662 834 2680 :
859 2652 951 2680 divino
966 2651 1066 2678 robore

315 2717 372 2752 (26)
389 2717 500 2752 Scilicet
518 2715 609 2752 Studi_i
634 2711 843 2752 monasterium,
854 2713 980 2752 etnsacra
993 2708 1064 2752 aedes

281 2742 405 2780 lilii—Itth
413 2742 578 2779 gi‘doannis
592 2749 720 2784 Baptistae
733 2747 872 2784 gerebant.
888 2742 1064 2784 conifer_§tu-_

280 2777 570 2815 dllé'iiosi'ri’v'nam
586 2789 613 2812 et
625 2777 712 2819 Opera
729 2777 772 2809 ed.
790 2780 931 2819 Sirmond.
947 2786 973 2814 p.
989 2777 1032 2819 ig,
1043 2781 1070 2819 et

282 2812 343 2850 (iis:
360 2812 564 2856 lteerangium
577 2812 882 2856 (ἓιξηιιὶιιηζίηορτιιθργὶδιἶ
896 2812 990 2856 libfiv,
1003 2812 1035 2856 tit
1043 2813 1070 2856 Α,

282 2858 327 2885 ed.
347 2857 434 2885 Paris.
462 2849 576 2892 p."lO5.
603 2855 641 2882 Dc
656 2849 756 2881 eodem
774 2850 927 2885 S.Baptista
954 2849 1072 2883 hymnus

1114 2288 1244 2324 ἀστραπὴ
1260 2287 1307 2313 τοῦ
1325 2286 1494 2321 Πνεύματος,
1507 2287 1523 2321 ὴ
1538 2284 1714 2319 οίκουμενικὴ
1734 2282 1831 2318 βροντὴ
1848 2282 1895 2317 τῆς

1114 2334 1236 2370 χάριτος,
1262 2331 1317 2359 τῶν
1333 2330 1503 2366 Ἐκκλησιῶν
1525 2331 1539 2356 6
1565 2329 1660 2360 στύλος
1678 2329 1692 2355 6
1711 2327 1866 2362 ἀκρότατος,
1882 2327 1897 2352 6

1114 2380 1161 2407 τοῦ
1176 2378 1243 2406 Θεοῦ
1259 2377 1446 2413 στερεοπαγὴς
1457 2376 1591 2411 θεμέλιος,
1605 2375 1622 2410 ἡ
1633 2373 1784 2408 ἀγρευτικὴ
1798 2373 1896 2406 σαγήνῃ

1115 2426 1165 2460 τῆς
1182 2423 1357 2458 ἀνθρωπίνης
1373 2422 1492 2457 φύσεως,
1516 2422 1531 2449 6
1557 2419 1710 2450 ἁλιευτικὸς
1734 2419 1789 2444 τῶν
1808 2416 1896 2452 ψυχῶν

1117 2471 1308 2506 οὐρανομήκης
1335 2469 1478 2504 κάλαμος,
1503 2468 1517 2494 6
1544 2466 1614 2493 κατά
1649 2465 1745 2492 πασῶν
1771 2463 1894 2499 αἱρέσεων

1117 2517 1205 2553 πρίων
1219 2516 1384 2550 ἀεικίνητος,
1400 2515 1417 2549 ἡ
1430 2513 1465 2539 τὰ
1484 2513 1533 2547 τῆς
1550 2510 1677 2542 ἀσεϐείας
1693 2510 1800 2542 ζιζάνια
1812 2507 1894 2535 διατέ-

1118 2570 1220 2598 μνουσα
1232 2561 1306 2594 ὀξεῖα
1320 2561 1453 2594 μάχαιρα,
1467 2559 1485 2593 ὴ
1499 2558 1534 2584 τὰ
1543 2558 1592 2592 τῆς
1605 2557 1699 2587 ἀθεῖας
1712 2554 1895 2590 στρατεύματα

1115 2606 1317 2642 διατειχίζουσα
1342 2605 1417 2635 κλεῖς
1440 2603 1578 2638 οὐράνιος,
1606 2603 1623 2637 ἡ
1652 2600 1817 2636 σφενδονῶσα
1838 2599 1896 2629 τοὺς

1117 2652 1230 2686 νοητοὺς
1247 2651 1331 2685 θήρας
1353 2648 1496 2683 θεοσθενὴς
1511 2647 1626 2679 διάνοια,
1643 2647 1658 2672 6
1673 2644 1825 2678 πελαγίζων
1851 2651 1894 2669 πο·

1116 2713 1225 2741 quoque
1230 2705 1340 2741 exstitit
1351 2704 1437 2741 nostri
1450 2702 1595 2741 Theodori.
1610 2701 1662 2728 Vit.
1680 2709 1706 2735 p.
1721 2700 1767 2727 22.

1157 2733 1212 2776 (Ξῖ)
1224 2739 1334 2776 Gra'cus
1353 2739 1435 2776 hujus
1445 2738 1578 2776 orationis
1597 2733 1689 2776 textus
1702 2733 1892 2776 nuncﬂprimutn

1120 2769 1233 2811 proditi;
1250 2769 1439 2809 interpretatio
1457 2779 1547 2801 autem
1562 2769 1823 2811 Latin_a_Combetlsii
1846 2772 1889 2807 est.

1123 2803 1138 2837 a
1155 2803 1232 2871 noblis'
1253 2803 1342 2837 tame'n
1366 2817 1419 2836 non
1438 2816 1545 2843 parum,
1560 2812 1588 2835 ct
1601 2806 1712 2842 quidem
1743 2803 1892 2833 necessario.

1123 2852 1196 2871 vana
1211 2851 1237 2871 3ο

1123 2851 1237 2871 variata.
