1924 3077
28 137 33 141 ·
60 129 110 160 773

472 128 613 158 ORATIO
623 128 673 157 IX.
693 140 727 146 —
737 127 926 157 LAUDATI-O
944 127 975 157 S.
993 125 1122 156 JOANN.
1136 125 1271 156 EVANG.

1633 124 1684 157 774

59 162 146 218 ταμος
165 183 212 217 τῆς
228 181 274 208 τοῦ
290 182 357 208 Θεοῦ
384 182 482 217 σοφίας
495 184 529 209 τὰ
545 184 665 217 νάματα,
685 183 759 218 ὁτῆς
775 191 846 218 παρ-

902 182 1010 209 animus
1036 181 1172 216 spiritales
1193 180 1295 208 bestias
1315 181 1389 207 velut
1409 180 1492 208 funda
1524 180 1655 216 impetens
1675 189 1682 214 ;

59 228 150 259 θενίας
172 227 236 258 ναὸς
252 226 456 262 καθαρώτατος,
473 228 487 254 ὁ
512 228 550 262 τῷ
567 228 651 258 ὅντως
665 228 771 262 ὲραστῷ
788 228 847 253 λίαν

58 273 200 308 ἀγαπητὸς
218 273 265 300 καὶ
288 273 454 308 ὲπιστήθιος,
473 274 487 300 ό
503 274 591 309 μέγας
616 273 663 300 τοῦ
680 273 846 307 Εὑαγγελίου

60 318 244 353 ὠραιόδρομος
262 318 348 353 ἥλιος,
371 320 388 354 ὴ
409 318 506 354 εύηχος
518 319 587 354 λύρα
601 318 649 345 καὶ
666 318 782 352 σάλπιγξ
800 318 847 345 τοῦ

60 362 228 397 Πνεῦματος·
257 364 304 389 καὶ
327 363 353 389 τί
379 363 420 389 δεῖ
444 364 549 396 λέγεινς
573 363 626 390 οὐδ’
642 364 666 390 εί
704 363 848 398 μυριοστὸν

61 407 144 441 φαίην
170 408 319 441 κατάλογον
336 407 480 443 δυνηθείην
503 408 536 434 ἂν
555 408 710 442 ἐξιχνεῦσαι
733 408 787 434 τῶν
803 408 850 441 ἑγ-

60 453 174 486 κωμίων
193 453 242 486 τὴν
255 452 385 479 ἄϐυσσον·
402 452 468 487 φέρε
480 453 523 488 δὴ,
544 454 621 488 φέρε,
635 453 665 479 οὺ
681 453 711 479 τὸ
726 453 785 479 ὅλον
808 453 847 479 εί-

60 499 133 529 πεῖν,
152 497 231 524 τοῦτο
245 498 298 533 γὰρ
312 499 362 534 ἤδη
377 499 489 534 ἄπορον,
508 499 539 525 οὗ
567 500 600 534 τῇ
626 500 679 534 ἐμῇ
701 499 848 534 ἀγλωττίᾳ,

60 543 129 569 ἀλλὰ
142 543 197 578 γὰρ
210 543 256 569 καὶ
268 541 308 574 οἷς
324 544 471 578 ὑψηγορείν
484 544 610 578 δύναμις,
626 544 794 579 ἡττωμένοις
810 543 850 579 τῷ

61 589 174 624 μεγέθει
199 589 247 616 τοῦ
272 589 421 624 θαύματος,
437 590 478 616 ὅτι
496 590 562 625 μηδὲ
574 589 652 624 οὖψος
669 589 785 624 ούρανοῦ
802 598 850 625 με·

60 634 173 668 τρητόν·
189 634 241 661 κᾶν
253 634 310 668 δοίη
327 635 369 666 τίς
392 634 531 670 συναίρειν
546 635 592 662 τὸν
611 634 731 666 ἔπαινον,
746 634 850 669 βραχέα

60 680 89 705 δέ
103 687 165 706 τινα
184 680 219 706 ὲκ
239 679 294 706 τῶν
312 680 498 714 εὖαγγελικῶν
520 680 660 714 λειμώνων
675 679 850 714 μελισσειδῶς

60 724 131 758 ἄνθη
147 725 322 759 λογήσαντες,
335 725 478 751 καὶταῦτα
488 724 533 752 οἷά
547 734 607 751 τινα
618 725 719 760 σίμὸλα
733 725 850 758 λογικῶς

61 769 350 804 κηροπλαστήσαντες,
366 771 412 797 καὶ
436 771 474 801 ὡς
501 771 710 805 ἀπαρτήσαντες
725 771 757 804 τῇ
784 770 852 796 ἀπο-

58 815 173 850 στολικῇ
196 816 349 850 πανηγύρει
364 816 457 851 ὥσπερ
473 817 526 842 τινὶ
553 816 677 850 βασιλίδι,
698 817 845 850 ἐπίκουρον

899 227 998 253 ﬂuvius
1012 226 1059 254 Dei
1074 226 1216 261 sapientiae
1236 225 1315 252 latice
1329 225 1470 252 exundans
1488 234 1495 258 ;
1519 226 1684 260 virginitatis

899 272 1109 299 tnuudissimum
1135 271 1264 306 templum
1284 271 1343 303 ;ei,
1370 270 1417 306 qui
1440 279 1533 298 revera
1559 271 1684 298 amabili:

899 321 951 349 est,
966 316 1044 343 valde
1059 316 1169 347 chartis,
1185 324 1217 343 ac
1232 324 1314 350 supra
1328 316 1450 350 ejusdem
1465 320 1559 350 pectus
1575 324 1683 343 recum-

900 362 990 394 bens;
1013 369 1127 396 magnus
1142 361 1281 396 Evangelii
1305 361 1345 388 sol
1362 361 1483 396 speciose
1501 361 1657 388 discurrens
1675 370 1683 395 ;

900 414 999 435 sonora
1016 406 1135 441 Spiritus
1162 406 1221 441 lyra
1236 414 1268 433 ac
1283 406 1360 433 tuba.
1375 407 1410 433 At
1421 405 1486 440 quid
1507 414 1575 440 opus
1589 411 1630 433 est
1644 406 1685 433 di-

899 460 961 480 cere
975 452 988 478 ?
1001 450 1040 478 Ne
1055 451 1077 478 si
1090 451 1166 478 mille
1178 451 1287 485 quidem
1305 451 1390 478 titulis
1409 455 1519 478 auctum
1535 451 1684 486 catalogum

899 502 1051 529 contexam.
1063 497 1122 532 ejus
1130 497 1230 532 possim
1240 498 1419 532 pervestigare
1426 497 1535 524 laudum
1545 497 1684 532 abyssum.

900 545 955 578 Age
969 551 1044 576 vero,
1061 551 1120 578 age,
1136 550 1191 570 non
1204 547 1234 569 ut
1247 542 1373 570 universa
1388 543 1511 570 dicamus
1526 543 1535 579 (
1548 544 1598 571 hoc
1612 544 1684 571 enim

900 589 1101 620 inconcessum,
1115 588 1214 615 nedum
1235 587 1302 614 mihi
1326 587 1372 621 qui
1394 588 1529 615 sermonis
1547 596 1579 616 ac
1591 588 1686 616 lacun-

901 634 954 661 di.e
966 634 1079 668 penuria
1091 633 1196 665 laboro,
1211 633 1256 660 sed
1269 637 1295 659 et
1307 633 1341 659 iis
1350 634 1397 668 qui
1412 633 1543 668 altiloquii
1559 634 1685 661 facultate

900 677 1011 711 pollent,
1036 685 1105 711 quos
1123 681 1226 703 tantum
1241 676 1309 703 illud
1337 677 1499 704 miraculum
1517 677 1618 712 ingenti
1635 686 1684 705 sua

902 722 1089 757 magnitudine
1115 722 1223 754 vincit;
1244 722 1353 756 quando
1373 730 1460 756 neque
1486 724 1600 750 altitudo
1623 724 1685 751 caeli

901 768 1033 802 ejusmodi
1048 772 1098 800 est,
1110 772 1139 794 ut
1150 775 1210 794 eam
1222 768 1342 794 metiaris
1356 767 1379 803 ).
1393 768 1470 800 Quod
1482 769 1504 795 si
1523 769 1601 796 nobis
1618 776 1684 796 com

901 812 1022 843 cedatur,
1041 817 1146 847 partem
1165 812 1283 845 aliquam
1307 811 1418 838 laudum
1445 813 1577 845 conferre,
1599 821 1684 848 pauca

59 859 106 885 τὸν
121 849 186 892 περὶ
202 856 233 885 οὗ
244 860 257 885 ὁ
270 849 347 894 λόγος
362 849 558 896 λαμϐάνοντες,
583 862 777 895 προσενεγκεῖν
790 860 849 894 ἥδι-

902 858 1024 891 [ιυπκιοιιι
1039 866 1071 884 ex
1089 857 1296 892 Evangeliorum
1320 859 1405 891 pratis
1426 858 1452 884 in
1479 859 1586 886 modum
1603 868 1683 894 apum

60 910 114 928 στα
129 902 310 938 θαρσήσομεν.

900 904 1090 938 decerpentes,
1112 911 1144 931 ac
1162 904 1234 930 velut
1250 903 1276 929 in
1294 903 1457 936 quihusdam
1478 904 1589 932 alveolis
1608 913 1684 933 ceras

59 947 203 981 ingeniose
227 948 370 984 ﬁngentes,
387 954 468 984 atque
501 950 565 977 huic
598 949 763 978 solemnitati
793 948 959 983 apostolicae,
996 953 1124 980 tanquam
1164 948 1264 983 regiam
1292 947 1411 980 cuidam,
1439 948 1683 983 circumpouentes,

58 994 150 1028 ipsum
167 996 302 1023 sermonis
317 996 455 1030 auspicem
470 996 640 1029 adhibentes,
668 996 702 1023 de
728 1001 783 1029 quo
798 994 877 1021 nobis
895 998 936 1021 est
961 994 1146 1022 instituendus
1168 1001 1258 1022 sermo
1279 1001 1288 1026 ;
1311 993 1490 1022 libentissime
1509 995 1604 1022 olferre
1618 1003 1685 1030 prae-

57 1045 215 1066 sumemus.

94 1125 132 1155 γθ.
147 1121 268 1156 Πατρίδα
284 1121 334 1156 μὲν
351 1122 378 1148 εῐ
391 1131 433 1154 τις
449 1122 610 1157 ὲπιξητήσοι
633 1124 778 1159 ἐγκωμίων
806 1124 848 1150 νό-

58 1175 124 1201 μοις
151 1167 368 1202 ἐπερειδόμενος,
394 1165 485 1203 ἀφ¹ἦς
508 1169 522 1194 ό
547 1168 696 1200 ἀπόστολος
720 1170 759 1201 είς
791 1170 849 1203 φῶς

55 1211 201 1248 ἐλήλυθεν,
219 1213 250 1239 οὐ
277 1214 416 1248 περιφανῆ
437 1214 540 1247 ταύτην
564 1214 686 1249 εύρήσοι,
704 1214 772 1241 ἀλλὰ
794 1215 849 1250 γὰρ

55 1257 108 1283 καὶ
136 1257 196 1283 λίαν
218 1257 335 1292 ἄσημον,
356 1257 406 1292 τὴν
428 1258 585 1284 Γαλιλαίαν·
601 1258 763 1293 κοινοτέρως
784 1259 848 1294 γάρ’

56 1303 139 1338 ὅμως
155 1303 295 1329 κάνταῦθα
313 1303 494 1338 περίϐλεπτος
507 1304 521 1329 ὁ
536 1303 696 1336 ἀπόστολος·
713 1304 771 1336 πῶς
802 1304 850 1330 καὶ

52 1349 114 1374 τίνι
130 1349 240 1384 τρόπῳ;
261 1350 301 1375 ὅτι
317 1349 346 1381 ἐξ
362 1347 396 1384 ἦς
417 1349 511 1375 οὐδένα
527 1350 671 1384 προφήτην
686 1350 847 1386 ὲγηγέροαι,

53 1393 114 1420 οὐδ’
129 1394 159 1419 οὗ
179 1395 232 1429 μήν
255 1403 282 1420 τι
311 1395 413 1428 ἀγαθὸν
430 1392 500 1420 εἶναι
517 1394 655 1427 Ἰουδαίοις
685 1405 715 1422 τε
738 1397 785 1423 καὶ
811 1396 849 1431 τῷ

54 1439 170 1473 ἀληθῶς
182 1439 336 1475 Ἰσραηλίτῃ
359 1439 436 1474 ᾤετο,
453 1440 570 1467 ἐνταῦθα
587 1441 714 1475 Χριστὸς,
731 1442 746 1476 ἡ
774 1442 849 1477 πηγὴ

54 1485 154 1519 πάσης
182 1485 360 1520 ἀγαθότητος,
385 1487 413 1511 ὲν
438 1486 536 1520 γαστρὶ
553 1487 691 1520 Παρθένου
707 1487 755 1522 τῆς
771 1488 849 1522 ἀρχι-

55 1529 229 1564 προφήτιδος
242 1529 468 1564 συλλαμϐάνεται·
486 1527 537 1556 ὧδε
553 1531 710 1565 μορφωθεὶς
732 1531 771 1566 τῷ
786 1531 848 1558 καθ’

55 1576 136 1610 ἡμᾶς
150 1575 216 1602 εῖδει
233 1575 425 1610 ὲντέθραπται,
440 1577 495 1607 τοῖς
515 1576 640 1610 γονεῦσιν
660 1578 849 1612 ὑποτασσόμε-

54 1629 118 1653 νος,
133 1621 184 1654 τῆς
199 1621 304 1652 πόλεως
315 1621 362 1655 ἀφ’
377 1619 411 1657 ἦς
431 1621 479 1656 τὴν
491 1621 585 1656 κλῆσιν
609 1623 727 1658 εἴληφεν·
742 1623 849 1657 (Ναζω-

56 1667 135 1700 ραῖος
162 1666 226 1701 γὰρ)
247 1666 300 1692 ὑπὸ
315 1666 363 1701 τὴν
381 1667 537 1699 Γαλιλαίαν,
553 1668 591 1699 ὠς
602 1668 651 1702 τῆς
664 1668 760 1704 κώμης
778 1669 849 1704 Βηθ-

57 1711 144 1738 σαϊδὰ
171 1711 356 1746 ὑποτελούσης
385 1712 512 1746 μάλιστα.
545 1713 590 1744 Ὠς
620 1714 784 1747 ἀξιὰγαστον
819 1715 849 1741 τὸ

57 1758 178 1791 ἑδαεροςῐ
199 1757 236 1788 ὡς
265 1758 420 1793 μακαριστὴ
447 1760 463 1794 ὴ
487 1759 600 1794 πατρίςί
628 1746 887 1795 τῆςᾌδοιμιαίοις(Ξ

58 1803 195 1838 πατρίδος
206 1803 418 1838 αἱδεσιμώτερον
429 1803 631 1839 διαλάμπουσα,
650 1805 687 1837 ὡς
699 1806 745 1832 τὸν
757 1806 787 1839 ἐξ
803 1805 849 1832 οὐ·

55 1847 146 1883 ρανοῦ
168 1848 294 1883 δεύτερον
310 1849 397 1883 Ἀδὰμ
414 1849 462 1875 σὺν
487 1849 526 1884 τῷ
543 1850 654 1886 Ἰωάννῃ
670 1851 855 1886 προικοφορή-

57 1901 146 1919 σασα.
164 1892 245 1923 Γένος
267 1892 321 1918 οὐδ’
337 1893 404 1919 αὐτὸ
429 1893 668 1929 εὐκαταφρόνητον
684 1904 691 1911 ⁸
717 1895 795 1929 πῶς;
811 1897 852 1922 ὅτι

55 1938 115 1964 ἀπὸ
127 1938 275 1964 Ζεϐεδαίου
291 1938 338 1964 καὶ
349 1937 482 1973 Σαλώμης
492 1939 641 1974 ὁμαίμονας
652 1941 770 1975 Χριστοῦ
781 1941 851 1968 κατὰ

55 1984 155 2018 σάρκα
178 1983 193 2008 ὁ
219 1983 434 2018 εὐφημούμενος.
451 1984 483 2010 Ὠ
507 1985 563 2016 πῶς
585 1985 690 2020 εὐαγῶς
710 1987 852 2022 ἀμφότερα

54 2030 102 2059 είς
118 2027 218 2055 ταυτὸν
230 2028 408 2063 συνέδραμεν,
423 2029 468 2055 τὸν
485 2030 542 2056 υίδν
557 2032 605 2057 τοῦ
620 2031 765 2065 νυμφῶνος
780 2033 852 2058 ἀδελ-

54 2074 158 2109 φιδοῦν
182 2073 300 2109 Χριστοῦ
319 2074 494 2110 ἐξευρεθῆναι
516 2076 736 2112 ἁρμοδιώτατονί
759 2078 806 2105 καί
819 2087 851 2112 γε

53 2120 116 2147 τῶν
134 2120 182 2154 ἀφ’
199 2120 274 2155 ἡλίου
297 2120 433 2147 ἀνατολῶν
452 2120 577 2156 Ἰωάννης
592 2123 792 2158 εὐγενέστερος,
807 2124 852 2158 γέ-

55 2175 108 2198 νος
122 2165 193 2192 Θεοῦ
208 2165 407 2200 χρηματίζεται
432 2167 637 2203 ἀμφοτέρωθεν.
658 2169 754 2205 ὐρᾶτε
771 2170 852 2205 ἡλίκα

52 2212 186 2247 ἀνεφάνη
202 2212 236 2238 τὰ
260 2211 371 2244 δόξαντα
390 2209 460 2239 εἶναι
479 2213 632 2249 φαυλότερα
657 2216 689 2250 τῇ
717 2215 852 2252 φιλοπόνῳ

53 2257 182 2293 ἐργασίᾳ
197 2257 370 2293 πλεκόμενα;
395 2259 437 2291 τίς
458 2260 475 2294 ὴ
498 2260 657 2295 άνατροφή;
673 2261 852 2298 ἐπιτήδευμα,

54 2305 126 2339 ἥτις
140 2304 189 2330 καὶ
202 2300 259 2330 οἷον
273 2303 450 2338 ἐπιδεικτέον,
466 2305 491 2331 εί
505 2304 559 2340 ἄρα
569 2305 716 2334 κάντεῦθεν
727 2308 854 2344 καθέίρ-

54 2350 116 2385 μὸν
133 2349 223 2384 βαίνει
240 2350 254 2375 ὁ
265 2349 355 2383 λόγος.

100 2481 133 2509 δ’.
149 2481 237 2508 Οὐδὲν
257 2481 431 2516 ἀπορώτερον
451 2479 488 2509 ὦν
511 2483 590 2518 ἴσμεν
610 2484 639 2510 ὲν
661 2483 711 2519 βίῳ
735 2484 854 2519 μεθόδων

55 2528 224 2562 ἁλιευτικῆς
249 2527 355 2562 τέχνης,
372 2527 433 2554 οὔτε
455 2528 508 2563 μὴν
531 2529 582 2562 τῆς
599 2529 664 2564 περὶ
684 2529 769 2565 αὐτὴν
787 2530 855 2557 ἀνα-

55 2574 171 2610 τροφῆς
185 2573 395 2608 ἀγροικότερον·
415 2574 482 2601 διότι
504 2574 559 2601 τῶν
576 2575 626 2609 μὲν
645 2575 732 2602 ἄλλων
752 2577 853 2611 τεχνῶν

55 2622 92 2648 αἱ
105 2619 294 2655 προχειρίσεις
312 2619 382 2653 πρὸς
392 2619 431 2654 τῷ
445 2619 670 2654 ἐμπολιτεύεσθαι
685 2621 732 2647 καὶ
746 2622 855 2649 πλείονα

54 2664 204 2700 πορισμὸν
218 2663 258 2698 τῷ
274 2663 383 2699 τεχνίτῃ
399 2664 582 2698 εἰσφέρουσιν,
600 2665 632 2691 ἄν
646 2673 675 2691 τε
692 2665 809 2698 λογικῶς
823 2666 855 2692 ἄν

51 2720 91 2738 τε
109 2708 273 2745 πρακτικῶς
286 2708 389 2736 εἴποιεν
403 2717 444 2740 τις
454 2717 461 2724 ·
479 2710 527 2744 τῆς
542 2709 581 2742 δὲ,
597 2709 665 2745 πρὸς
678 2710 718 2745 τῷ
735 2711 853 2743 ίδιάζων,

51 2756 114 2783 καὶ
137 2756 156 2789 ἡ
170 2755 225 2781 τῶν
243 2754 381 2790 ἐδωδίμων
402 2755 490 2789 σπάνη
512 2756 671 2789 ἐφάμιλλος,
685 2756 723 2788 ὡς
738 2757 854 2792 πληροῦ-

54 2801 128 2829 σθαι
148 2801 178 2827 τὺ
195 2799 244 2827 τοῦ
259 2801 421 2836 γράμματος
435 2801 498 2833 πᾶς,
509 2802 628 2836 Μόχθος
641 2802 797 2836 ἀνθρώπου
812 2804 854 2835 εΙς

935 1121 962 1149 5.
984 1121 1105 1148 Patriam
1131 1121 1251 1156 quidem,
1273 1129 1306 1148 ex
1322 1128 1376 1156 qua
1397 1121 1536 1156 apostolus
1552 1121 1578 1149 in
1597 1122 1683 1150 lucem

901 1167 1010 1200 prodiit,
1026 1167 1047 1194 si
1062 1166 1124 1201 quis
1142 1166 1335 1193 encomiorum
1359 1167 1465 1201 legibus
1479 1167 1578 1200 nitens,
1594 1168 1685 1202 inqui-

899 1213 1011 1239 rendam
1029 1212 1137 1243 dixerit,
1155 1212 1225 1238 haud
1243 1212 1315 1238 illam
1332 1212 1479 1238 admodum
1493 1212 1624 1239 illustrem
1641 1213 1684 1239 itt-

899 1257 1004 1284 vcnerit
1019 1265 1026 1283 :
1047 1257 1112 1291 quin
1126 1256 1210 1283 etiam
1225 1257 1371 1284 obscuram
1387 1257 1465 1284 valde
1479 1261 1506 1284 et
1523 1257 1683 1292 ignobilem,

900 1309 996 1336 nempe
1010 1301 1149 1328 Galilazam
1162 1311 1168 1328 :
1183 1303 1354 1329 communior
1364 1303 1437 1329 enim
1456 1303 1514 1330 hac
1527 1307 1568 1330 est
1582 1301 1683 1337 opinid.

899 1349 934 1375 At
948 1349 1011 1376 hinc
1032 1353 1120 1375 tamen
1138 1349 1294 1383 spectabilis
1313 1350 1423 1376 exsistit
1436 1350 1590 1384 apostolus.
1611 1350 1685 1383 Quo-

900 1394 996 1426 modo,
1015 1399 1061 1420 aut
1093 1402 1146 1429 qua
1168 1395 1298 1422 ratione?
1325 1395 1393 1428 Quia
1420 1396 1491 1422 unde
1506 1396 1596 1423 nullus
1621 1404 1685 1423 sur-

900 1439 1002 1466 rexisse
1024 1439 1166 1473 propheta,
1177 1440 1219 1474 lac
1235 1447 1284 1467 nec
1299 1439 1363 1466 boni
1378 1441 1486 1474 quidem
1497 1441 1599 1475 aliquid
1614 1449 1684 1474 esse,

899 1484 1000 1511 Judmis
1008 1485 1110 1518 pariter
1119 1492 1151 1511 ac
1162 1492 1226 1512 vero
1237 1485 1376 1517 Israelitte,
1385 1486 1538 1519 videbatur,
1547 1487 1686 1514 illicChri—

900 1533 958 1556 stus
970 1529 1053 1556 tutius
1068 1529 1196 1556 bonitatis
1221 1529 1281 1557 fons
1299 1530 1326 1556 in
1340 1531 1460 1565 Virginis
1477 1532 1607 1565 principis
1622 1539 1685 1566 pro-

900 1574 1032 1608 phetissa:
1053 1579 1132 1601 utero
1146 1579 1308 1609 conceptus,
1334 1575 1444 1610 illisque
1461 1584 1521 1603 cuin
1539 1578 1684 1604 humanam

900 1619 1034 1647 induisset
1061 1620 1175 1648 fortnam
1196 1621 1359 1655 parentibus
1375 1622 1528 1656 subjectus,
1556 1623 1685 1650 educatus

900 1669 963 1698 est;
990 1673 1051 1692 cum
1076 1666 1171 1693 civitas
1196 1674 1229 1693 cx
1263 1674 1316 1700 qua
1343 1667 1387 1694 ille
1411 1675 1560 1702 cognomen
1582 1668 1686 1702 accepit

901 1710 1073 1746 (Nazarenus
1084 1713 1155 1738 enim
1169 1712 1319 1746 appellatus
1334 1712 1393 1747 est)
1409 1712 1526 1741 Galilaaze
1538 1714 1684 1748 provincia:

903 1761 974 1784 esset
992 1766 999 1784 :
1015 1758 1057 1784 cui
1071 1757 1181 1791 quidem
1198 1757 1351 1785 Bethsaidae
1364 1765 1450 1793 pagus
1463 1759 1684 1792 subjectus'erat.

902 1801 988 1834 Quam
1013 1802 1125 1836 dignum
1147 1802 1326 1829 admiratione
1351 1802 1439 1830 solum
1463 1803 1469 1830 ί
1492 1803 1577 1836 Quam
1606 1804 1686 1831 beata

902 1847 991 1880 patria
1015 1847 1022 1872 ί
1042 1846 1139 1873 Adami
1170 1847 1258 1881 patria
1289 1847 1473 1875 venerabilius
1491 1848 1632 1884 eli‘ulgens,
1658 1854 1687 1877 nt

902 1898 962 1926 quae
985 1892 1135 1919 secundum
1154 1900 1169 1919 e
1189 1893 1259 1919 coelo
1272 1892 1406 1920 Adamum
1425 1901 1487 1921 cum
1504 1893 1609 1922 Joanne
1624 1903 1687 1929 pro-

902 1938 1003 1969 tulerit.
1032 1938 1124 1966 Genus
1151 1947 1185 1966 ne
1210 1939 1300 1973 ipsutn
1336 1940 1445 1974 quidem
1472 1942 1686 1976 contemptibile.

902 1982 1044 2015 Quomodo
1055 1984 1066 2009 ?
1076 1983 1222 2015 Nimirum.
1239 1984 1310 2018 quod
1325 1984 1359 2017 is,
1376 1993 1456 2020 quem
1471 1986 1622 2019 laudamus,
1638 1995 1687 2015 na.

902 2034 946 2056 tus
963 2029 998 2056 sit
1015 2034 1092 2063 patre
1117 2029 1261 2061 Zebedaao,
1275 2037 1307 2056 ac
1328 2034 1415 2057 matre
1439 2030 1557 2063 Salomc,
1575 2032 1685 2066 Christi,

902 2076 924 2103 si
937 2083 1044 2103 carnem
1060 2080 1175 2109 spectes,
1189 2076 1404 2110 consanguinea.
1416 2076 1438 2103 0
1447 2085 1528 2111 quam
1549 2082 1642 2106 sancte
1655 2087 1687 2106 ac

901 2122 1031 2157 praclare
1042 2122 1122 2149 ambo
1134 2126 1341 2153 concurrerunt,
1355 2126 1384 2149 ut
1395 2123 1506 2149 thalami
1518 2123 1598 2155 (ilius,
1609 2124 1688 2152 Chri-

902 2167 936 2195 sti
951 2167 1132 2194 consobrinus
1155 2166 1323 2193 inveniretur
1340 2167 1346 2193 l
1365 2166 1434 2194 adeo
1448 2171 1477 2194 ut
1490 2166 1611 2196 Joannes
1625 2169 1686 2196 uni—

902 2214 989 2241 versis
1000 2213 1035 2240 ab
1049 2217 1109 2240 ortu
1131 2212 1198 2240 solis
1213 2212 1330 2239 nobilior
1353 2212 1478 2245 exsistat,
1490 2213 1536 2248 qui
1550 2214 1688 2248 utrimque

902 2257 949 2285 Dei
970 2265 1054 2292 genus
1076 2257 1121 2285 sit.
1137 2257 1240 2284 Videtis
1253 2262 1354 2291 quanta
1379 2257 1438 2284 haec
1452 2263 1611 2293 appareant,
1626 2266 1687 2293 qua:

902 2302 1065 2329 videbantur
1082 2301 1341 2336 contemptibiliora,
1370 2301 1494 2330 studioso
1519 2310 1600 2338 opere
1614 2310 1687 2330 nunc

902 2351 1029 2374 contexta
1042 2347 1054 2373 ?
1066 2346 1137 2379 Quid
1165 2347 1234 2374 ultra
1247 2346 1259 2373 ?
1273 2346 1341 2374 Vitae
1358 2347 1490 2380 studium,
1505 2348 1642 2383 quodnam
1655 2349 1688 2376 ilo

868 2392 951 2436 Dlud
976 2399 1009 2420 ac
1032 2391 1111 2426 quale
1135 2392 1218 2419 fuerit
1240 2392 1439 2420 ostendendum
1453 2397 1499 2422 .est
1521 2402 1529 2427 ;
1552 2393 1686 2429 siquidem

907 2437 971 2465 hinc
990 2444 1098 2471 quoque
1110 2437 1241 2464 orationis
1254 2438 1340 2464 series
1359 2438 1492 2472 procedit.

940 2483 968 2510 4.
980 2482 1052 2510 inter
1067 2482 1219 2509 studiorum
1231 2490 1262 2510 ac
1278 2482 1478 2517 professionum
1490 2488 1553 2511 nota
1566 2483 1644 2512 nobis
1659 2485 1686 2512 in

905 2528 1006 2555 saeculo
1030 2535 1139 2562 genera,
1155 2528 1302 2562 piscatoria
1315 2533 1373 2556 arte
1387 2536 1503 2564 egenum
1515 2529 1600 2563 magis
1612 2537 1620 2561 ;
1636 2536 1688 2556 nec

904 2573 1054 2608 quidquam
1067 2573 1120 2600 vita
1129 2574 1272 2608 piscationi
1285 2574 1391 2602 addicta
1408 2574 1537 2601 rusticius
1548 2573 1686 2602 invenias:

905 2618 1036 2649 nimirum
1069 2619 1184 2645 aliarum
1202 2619 1301 2646 artium
1329 2619 1429 2651 studia,
1451 2623 1548 2653 praeter
1574 2619 1636 2646 vitae
1655 2626 1688 2647 ae

905 2663 1123 2691 conversationis
1158 2663 1304 2696 rationem,
1339 2664 1427 2699 majus
1455 2671 1561 2699 quoque
1582 2664 1686 2692 lucrum

906 2709 1002 2737 artitici
1019 2709 1175 2742 conferunt,
1193 2709 1251 2737 sive
1265 2710 1326 2744 quis
1345 2710 1478 2737 rationem
1490 2710 1614 2742 zestimet,
1631 2709 1687 2737 sive

908 2756 1059 2783 actionem:
1078 2755 1224 2790 piscatoria
1239 2761 1328 2783 autem
1343 2763 1398 2790 ars,
1412 2763 1503 2790 parem
1515 2764 1576 2784 cum
1591 2755 1686 2784 solitu-

909 2802 970 2830 dine
994 2801 1190 2838 parcimoniam
1214 2801 1306 2834 habet,
1321 2806 1350 2829 ut
1366 2801 1508 2836 impleatur
1531 2802 1601 2837 quod
1621 2802 1688 2830 scri-
