1924 3077
246 120 300 153 715

846 126 875 154 S.
892 126 1090 157 THEODORI
1107 128 1279 159 STUDlTJE
1818 137 1859 170 ’176

246 180 321 210 ptum
337 179 395 203 est:
413 175 505 202 Omnis
522 175 596 202 labor
610 177 722 204 hominis
737 179 764 204 in
779 186 823 205 ore
836 179 893 214 ejus
906 181 938 207 θ’.
961 180 1031 209 Sunt

1086 184 1114 211 rd
1139 186 1237 219 στόμα
1256 185 1366 212 αὑτοῦ·
1383 186 1429 212 καὶ
1447 186 1500 222 γάρ
1518 188 1569 214 εἱσι
1592 188 1803 225 ρακοδοτοῦντις
1822 196 1859 221 καὶ

246 229 365 256 namque
378 222 476 256 pannis
483 222 576 255 obsiti,
592 224 751 251 acveslibus
761 225 878 259 detritis,
891 227 1036 261 squallenti

246 274 337 298 coma,
357 274 389 294 ac
402 266 498 294 adusta
517 266 598 300 faeie,
615 269 695 296 nudis
711 269 826 304 pedibus
838 271 1035 306 discurrentes,

245 311 391 343 liltoribus,
421 319 453 339 ac
481 313 568 347 magis
588 313 718 341 solitariis
744 315 812 343 locis
848 316 1035 352 immerentes,

245 358 327 384 modo
347 357 457 391 quidem
486 365 568 392 super
594 364 686 393 petras
706 360 842 393 sedentes,
860 363 940 389 modo
966 363 1036 391 imos

245 403 376 437 gurgites,
408 403 480 430 unde
508 404 626 438 praedam
643 411 812 440 exspectant.
848 408 1034 443 dispicientes.

246 447 383 481 Quorsum
399 448 457 476 haec
474 453 528 476 tam
540 449 686 484 diligenter
711 453 825 486 exposui
839 453 993 481 ?Nimirum
1008 459 1036 483 ut

245 494 388 521 ostendam
409 494 476 520 nihil
489 501 552 522 esse
572 495 684 529 dignum
702 497 911 532 vituperatione.
925 501 1036 528 tametsi

246 539 365 566 Joannes
382 539 451 566 lianc
461 540 613 567 exercuerit
630 545 726 568 artem.
743 541 840 569 Transi
860 548 887 570 tu
905 545 1036 578 spiritalis

245 590 344 610 sensus
356 583 533 617 investigator
546 583 578 609 ad
590 584 725 611 visibilem
736 586 903 620 metaphora:
914 587 1034 621 modum,

248 635 430 663 occurretque
451 629 563 656 scientia
578 629 670 664 generi
687 638 849 664 congruens.
866 632 949 660 David
973 640 1035 660 cum

246 674 323 708 prius
334 679 428 708 pastor
438 674 528 701 ovium
544 679 627 706 esset,
647 676 821 709 postmodum
835 684 850 703 a
863 676 918 704 Deo
933 677 1036 706 electus

247 723 300 751 est,
315 727 422 754 pascere
434 718 517 745 Iacob
532 727 635 746 seruum
646 728 734 752 suum,
751 725 776 747 et
793 721 880 748 Israel
895 722 1036 749 lia-redita-

248 769 299 791 tem
314 772 389 791 suam
401 765 434 792 9°.
448 764 513 791 Mihi
535 772 645 799 quoque
667 764 799 793 Joannem
820 768 975 801 considera,
1001 769 1035 796 ab

247 810 448 837 irrationalium
481 810 611 844 piscium,
635 811 667 837 ad
696 812 869 839 rationalium
893 820 1033 848 capturam

247 863 346 890 magno
362 854 451 882 Verbo
465 859 590 888 vocante,
615 859 696 889 prout
709 855 794 883 Deum
805 857 929 889 decebat.
945 861 1035 884 trans-
1050 852 1072 879 Β

248 902 344 928 latum.
361 899 421 927 Non
433 900 505 927 enim
530 901 633 928 electus
651 900 703 927 fuit
727 906 757 928 ut
771 902 844 930 hunc
854 902 964 930 illumve
978 910 1035 938 gre-

247 953 306 980 gem
332 949 466 979 pasceret.
495 949 542 972 aut
567 945 733 980 quibusdam
753 947 879 973 terminis
901 946 1034 974 discretas

248 991 348 1022 tribus,
363 990 409 1017 sed
431 994 460 1016 ut
472 990 566 1017 orbem
579 990 736 1018 universum
750 992 900 1026 piscatione
913 999 1033 1027 caperet.

255 1035 341 1063 Venite
352 1036 436 1069 enim,
447 1035 545 1070 inquit,
554 1040 612 1070 post
627 1043 678 1068 me,
690 1042 714 1062 et
729 1037 827 1071 faciam
837 1046 881 1065 vos
892 1039 1034 1073 piscatores

247 1082 382 1109 hominum
398 1082 417 1109 ι.
432 1081 551 1109 Tametsi
566 1087 656 1109 autem
669 1083 825 1110 communis
839 1083 890 1111 fuit
906 1085 1012 1111 vocatio
1026 1093 1033 1117 ;

248 1129 282 1156 ad
299 1136 362 1155 eum
376 1132 465 1155 tamen
488 1135 504 1155 a
524 1128 604 1155 nobis
624 1128 777 1156 reducenda
792 1135 845 1162 est,
857 1130 891 1157 de
908 1137 963 1164 quo
978 1131 1036 1158 haec

247 1180 290 1202 est
322 1175 445 1202 instituta
474 1174 589 1207 oratio;
615 1174 688 1209 quod
713 1175 795 1202 etiam
818 1175 846 1202 in
870 1176 1034 1210 quibusdam

248 1220 310 1247 aliis
329 1219 575 1246 uuiversalioribus
594 1219 735 1247 vocabulis
760 1220 804 1248 [iet
820 1229 828 1253 ;
858 1228 912 1247 non
936 1226 965 1248 ut
981 1228 1036 1256 pra

248 1263 380 1298 apostolis
395 1263 456 1290 aliis
469 1263 593 1297 theologo
608 1263 655 1298 jus
671 1263 852 1296 vindicemus,
872 1272 904 1291 ex
920 1265 964 1292 his
975 1272 1035 1299 quae

248 1309 416 1344 peculiarius
429 1309 463 1335 dc
479 1309 539 1342 ipso
557 1309 720 1343 exponimus
739 1318 746 1342 ;
765 1310 835 1337 absit
850 1319 857 1337 :
874 1318 937 1337 nam
948 1317 1036 1345 neque

249 1355 373 1383 accensis
387 1362 403 1382 e
415 1355 555 1382 communi
575 1355 668 1390 aliquo
681 1355 782 1383 lumine
802 1356 918 1388 facibus,
935 1356 1036 1384 idcirco

248 1402 339 1428 minor
349 1405 392 1428 est
404 1401 557 1435 splendoris
571 1408 604 1428 ex
620 1409 675 1429 uno
689 1402 768 1436 plena
779 1402 962 1437 partieipatio.

283 1446 310 1473 5.
335 1445 561 1480 Quandoquidem
584 1454 649 1473 vero
663 1454 779 1481 magnus
799 1447 844 1474 hic
867 1447 1005 1482 apostolus
1020 1454 1035 1474 a

248 1492 304 1520 Deo
326 1493 446 1527 piscator
467 1492 633 1519 constitutus
661 1497 713 1524 est,
735 1500 783 1527 age
810 1493 952 1520 videamus
971 1500 1034 1520 eum

247 1537 403 1573 allegorice,
414 1537 492 1571 quasi
509 1537 538 1564 in
553 1537 688 1570 navicula,
698 1538 724 1564 in
739 1538 901 1573 corpusculo
911 1546 959 1565 suo
971 1538 1035 1566 rell-

248 1583 376 1616 cientem,
388 1590 442 1610 non
452 1582 567 1610 discissa
577 1583 655 1614 retia,
667 1583 714 1610 sed
725 1583 880 1617 evangelica
890 1583 1035 1611 verricula.

247 1627 377 1662 Quaenam
392 1628 497 1655 arundo
516 1628 528 1654 Ῥ
545 1628 676 1655 doctrinae
701 1628 834 1656 calamus.
852 1628 983 1661 Quisnam
997 1628 1037 1663 pi-

248 1674 384 1702 scatorius
417 1673 556 1700 funiculus
581 1673 593 1699 ?
617 1674 759 1708 theologia:
779 1681 876 1701 nexus.
903 1674 1034 1706 Quisnam

248 1719 348 1746 hamus
362 1719 373 1745 ?
390 1719 525 1753 tripartita
547 1725 625 1745 crux.
641 1719 777 1752 [Quaenam
794 1726 857 1746 esca
873 1719 885 1744 ?
899 1726 963 1746 caro
978 1718 1036 1745 dei-

248 1764 317 1797 l'era,
335 1772 389 1799 qua
407 1764 546 1791 inescatus
559 1771 675 1798 magnus
694 1764 738 1791 ille
753 1769 829 1792 cetus
840 1764 928 1791 Bcliar
941 1769 1036 1798 captus

248 1815 299 1838 est.
322 1810 427 1843 Quaeris
452 1817 535 1844 super
559 1817 642 1843 quam
654 1809 748 1837 sedeat
766 1815 869 1844 petram
885 1811 897 1836 ‘2
911 1810 1034 1837 Firmam

248 1857 314 1884 mihi
328 1857 389 1884 ﬁdei
405 1855 549 1883 considera
561 1855 660 1883 sedem.
674 1855 761 1882 Orem
772 1856 922 1883 mirabilem
940 1857 947 1882 1
966 1855 1034 1883 Ver-

248 1903 364 1930 riculum
386 1901 463 1936 jaeit,
478 1909 532 1928 non
551 1901 578 1928 in
604 1901 677 1928 hunc
696 1901 806 1928 illumve
821 1902 921 1933 sinum,
944 1901 997 1935 sed‘
1009 1901 1035 1928 in

249 1949 341 1976 saeculi
361 1955 436 1975 mare
456 1947 624 1974 universum.
641 1947 769 1974 Extendit
791 1947 925 1974 calamum
941 1955 993 1974 non
1008 1947 1034 1974 in

249 1994 387 2021 modicum
408 1993 518 2028 aliquod
539 1993 671 2028 spatium,
692 1993 738 2020 sed
757 1993 783 2019 in
803 1993 870 2020 lines
894 1993 968 2020 orbis
982 1999 1035 2020 ler-

250 2046 342 2066 rarum
363 2047 370 2065 :
398 2038 520 2065 immittit
545 2037 697 2065 funiculum
709 2045 763 2064 non
779 2037 806 2064 iu
835 2039 968 2072 gurgitem
985 2037 1036 2064 im-

250 2092 388 2118 mensum,
404 2083 452 2112 sed
464 2084 491 2111 in
509 2084 595 2118 ipsam
607 2083 754 2118 impietatis
765 2084 905 2119 abyssum.
919 2083 959 2110 Tu
969 2083 1035 2110 mihi

249 2130 411 2166 locupletem
447 2135 588 2164 capturam
614 2129 756 2156 considera
792 2137 823 2156 ex
852 2129 1035 2164 singularibus

1087 231 1276 266 ὲρικνωμένοι,
1292 231 1430 267 αὐχμηροὶ
1453 232 1503 268 τὴν
1528 233 1616 269 κόμην
1638 235 1684 261 καὶ
1704 235 1859 271 όψίκαυοτοι,

1086 276 1318 310 γυμνοποδοῦντες
1339 276 1406 311 ὁμοῦ
1423 278 1471 304 καὶ
1484 278 1656 312 ἀναθέοντες,
1671 280 1770 313 ἀκταῖς
1783 291 1811 309 τε
1824 285 1861 311 καὶ

1085 320 1304 355 ὲρημικωτέροις
1328 321 1423 353 τόποις
1445 322 1672 357 ἐνδιατρίϐοντες·
1689 325 1727 359 πῆ
1750 326 1799 360 μὲν
1820 328 1858 354 πέ-

1085 374 1165 400 τραις
1191 366 1452 402 ὑπερκαθεζόμενοι,
1480 368 1519 403 πῆ
1543 368 1571 394 δὲ
1599 369 1697 403 βυθοὺς
1721 371 1859 406 διορῶντες,

1086 411 1232 437 κάντεῦθεν
1251 412 1300 447 τὴν
1321 412 1409 447 ἄγραν
1423 413 1575 448 ἀνέχοντες.
1595 415 1675 447 Τίνος
1699 414 1748 443 οὗν
1772 417 1861 444 εἵνεκεν

1086 457 1297 492 περιεργότερον
1310 459 1424 485 ὑπεῖπον
1439 458 1540 491 ταῦτα;
1556 461 1598 486 ὃτι
1612 462 1636 487 εί
1653 462 1699 488 καὶ
1709 462 1810 498 ταύτην
1822 464 1861 499 τὴν

1085 503 1183 538 τέχνην
1196 503 1316 538 μέτεισιν
1330 505 1344 530 δ
1363 504 1500 540 Ἰωάννης,
1514 506 1545 531 οὐ
1560 508 1719 542 νεμεσητόν.
1733 509 1861 543 Μετάϐηθι

1085 547 1132 574 ἐπὶ
1148 547 1194 574 τὸν
1206 548 1256 582 τῆς
1273 550 1430 584 μεταφορᾶς
1446 550 1546 585 τρόπον
1560 551 1707 587 θεωρητὸν,
1727 554 1776 580 καὶ
1790 554 1862 589 εὑρή-

1086 601 1144 624 σεις
1164 594 1366 629 συμϐαίνουσαν
1383 595 1421 629 τῷ
1442 595 1517 628 γένει
1538 595 1587 631 τὴν
1602 597 1768 632 ἐπιστήμην.
1792 599 1862 626 Δαίὶό

1085 639 1187 674 ποιμὴν
1210 639 1342 674 πρότερον
1369 641 1531 675 προϐάτων,
1553 640 1615 669 εἶτα
1640 643 1694 669 ὑπὸ
1723 644 1791 671 Θεοῦ
1812 653 1863 672 not-

1083 686 1199 719 μαίνων
1216 685 1271 712 τὸν
1282 685 1395 713 δοῦλον
1413 687 1507 714 αὑτοῦ
1522 688 1572 714 καὶ
1594 688 1713 723 Ἰσραὴλ
1728 690 1787 724 τὴν
1800 694 1863 725 κλη-

1082 731 1229 764 ρονομίαν
1241 730 1345 757 αὐτοῦ.
1362 730 1464 765 Σκέψαι
1485 740 1530 766 μοι
1544 732 1591 758 καὶ
1609 733 1734 768 Ἰωάννην
1749 735 1803 762 ἀπὸ
1821 735 1864 770 τῆς

1084 776 1183 809 ἀλόγου
1195 776 1235 808 εἰς
1248 775 1359 811 λογικὴν
1373 776 1425 803 ὑπὸ
1433 777 1480 803 τοῦ
1495 778 1613 811 μεγάλου
1624 779 1712 812 Λόγου
1728 788 1864 816 μετενηνε-

1085 821 1186 854 γμένον
1204 820 1369 855 θεοπρεπῶς
1391 820 1501 848 ἀλείανθ
1512 822 1542 848 οὐ
1555 823 1610 858 γὰρ
1621 823 1776 858 ⁶ποιμαίνειν
1794 825 1863 859 τήνδε

1085 866 1101 900 ἢ
1118 865 1197 900 τήνδε
1218 865 1265 891 καί
1284 874 1355 892 τισιν
1376 866 1460 901 ὁρίοις
1475 867 1669 902 διειλημμένας
1688 868 1785 902 φυλὰς,
1804 869 1863 896 ἀλλὰ

1084 911 1139 946 γὰρ
1161 913 1209 946 τὴν
1233 911 1396 946 οἰκουμένην
1422 912 1540 939 ἁλιεύειν
1563 913 1688 940 ἃπασαν
1707 914 1795 941 Δεῦτε
1807 916 1861 950 γὰρ,

1086 959 1179 993 φησιν,
1203 957 1300 984 ὀπίσω
1320 967 1389 992 μου,
1417 959 1466 986 καὶ
1481 961 1598 993 ποιήσω
1615 960 1694 995 ὑμᾶς
1715 961 1807 995 ἁλιεῖς
1823 962 1865 989 ἁν-

1085 1003 1228 1038 θρώπων·
1260 1003 1285 1028 εί
1315 1002 1343 1030 δὲ
1366 1004 1407 1030 ὅτι
1435 1005 1506 1031 κατά
1533 1006 1624 1032 κοινοῦ
1650 1008 1666 1042 ἠ
1687 1006 1793 1041 κλῆσις,
1813 1008 1864 1034 ἀλλ’

1084 1050 1151 1084 ἡμῖν
1177 1057 1206 1075 τε
1230 1050 1326 1077 ἀκτέον
1350 1049 1453 1084 ταύτην
1475 1050 1521 1076 ἐπὶ
1540 1051 1586 1077 τὸν
1609 1052 1672 1086 περὶ
1689 1049 1720 1079 οὗ
1741 1054 1755 1080 δ
1779 1053 1864 1086 λόγος·

1085 1096 1180 1131 ὥσπερ
1193 1096 1241 1122 καὶ
1253 1096 1299 1122 ἐπί
1312 1104 1382 1122 τισιν
1398 1095 1492 1126 ἄλλαις
1506 1097 1702 1132 γενικωτέραις
1715 1100 1825 1132 φωναῖς,
1839 1100 1865 1125 οὗ

1086 1141 1277 1168 πλεονεκτοῦσι
1293 1141 1367 1176 ’παρὰ
1378 1141 1440 1172 τοὺς
1455 1139 1564 1172 λοιποὺς
1577 1142 1743 1175 ἀποστόλους
1760 1144 1799 1179 τῷ
1813 1144 1866 1170 θεο-

1085 1186 1157 1221 λόγῳ
1173 1186 1221 1218 τάς
1241 1186 1269 1213 δὲ
1288 1185 1331 1212 διὰ
1347 1185 1398 1219 τῆς
1416 1187 1607 1221 μερικωτέρας
1628 1188 1800 1223 ἀναλήψεως,
1821 1189 1867 1216 ἄπ-

1086 1240 1136 1265 αγε
1146 1240 1153 1246 ·
1170 1231 1210 1258 ὅτι
1227 1231 1296 1267 μηδὲ
1311 1231 1451 1264 πλεονεξία
1465 1233 1522 1263 τοῖς
1537 1232 1590 1258 ἀπὸ
1601 1233 1691 1259 κοινοῦ
1705 1234 1796 1267 φωτὸς
1809 1234 1867 1260 ἀνα-

1086 1277 1177 1311 φθεϊσι
1194 1277 1381 1312 λαμπτῆρσιν,
1398 1278 1415 1311 ὴ
1431 1277 1475 1309 ὑφ’
1491 1277 1550 1309 ἑνὸς
1561 1277 1639 1312 ὑλικὴ
1651 1279 1700 1313 τῆς
1716 1279 1870 1314 λαμπρότη-

1084 1330 1130 1354 τος
1143 1322 1261 1357 μέθεξις.

1121 1447 1152 1472 ε’.
1173 1443 1248 1470 Ἐπεὶ
1260 1443 1289 1470 δὲ
1302 1443 1419 1479 κατέστη
1432 1444 1485 1470 ὑπὸ
1498 1444 1566 1471 Θεοῦ
1582 1444 1673 1476 ἁλιεὺς
1683 1446 1697 1472 6
1708 1445 1799 1481 μέγας
1811 1445 1872 1472 a156-

1087 1489 1190 1521 στολος,
1217 1489 1295 1524 δεῦρο
1322 1489 1422 1524 ἴδωμεν
1452 1489 1534 1516 αὑτὸν
1563 1490 1754 1525 ἀλληγορικῶς
1785 1491 1823 1523 ὡς
1845 1492 1871 1516 ὲν

1087 1534 1171 1569 πλοίῳ
1187 1535 1216 1559 ὲν
1235 1533 1302 1569 τῷδε
1317 1533 1355 1569 τῷ
1372 1534 1478 1569 σαρκίῳ
1491 1535 1691 1570 καταρτίζοντα
1710 1537 1744 1562 οὐ
1763 1536 1872 1571 διερρω-

1086 1582 1152 1615 γότα
1162 1581 1268 1613 δίκτυα,
1280 1581 1348 1607 ἀλλὰ
1364 1581 1399 1607 τὰ
1415 1582 1581 1616 εὐαγγελικά
1592 1582 1781 1617 ἀπαρτίζοντα
1793 1582 1873 1618 ἀμφί·

1086 1625 1205 1661 ϐληστρα
1215 1634 1222 1641 ·
1240 1625 1281 1657 τίς
1298 1627 1312 1652 ὁ
1326 1626 1467 1661 κάλαμος;
1482 1628 1496 1653 ὁ
1510 1627 1653 1661 δογμάτων
1673 1627 1755 1661 δόναξ
1768 1636 1775 1643 ·
1799 1628 1839 1658 τίς
1858 1628 1874 1661 ἠ

1085 1671 1188 1706 δρμιά;
1209 1672 1225 1706 ή
1249 1671 1335 1706 πλοκὴ
1351 1671 1401 1705 τῆς
1416 1671 1555 1706 θεολογίας
1568 1680 1575 1686 ⁸
1595 1672 1621 1698 τί
1636 1673 1666 1698 τδ
1680 1673 1848 1707 ἀγκιστρονς
1863 1673 1876 1699 ὁ

1085 1718 1215 1753 τρίμερος
1237 1718 1352 1752 σταυρός
1365 1726 1372 1733 ·
1393 1718 1419 1744 τί
1435 1718 1466 1744 τὺ
1480 1718 1593 1754 δέλεαρ;
1614 1720 1630 1754 ἠ
1652 1719 1785 1756 θεοφόρος
1799 1719 1875 1754 σὰρξ.

1085 1764 1114 1790 ἐν
1128 1761 1308 1800 ᾖδελεασθεὶς
1327 1763 1459 1800 ἐχειρώθη
1487 1765 1518 1790 τὸ
1547 1765 1618 1800 μέγα
1634 1765 1717 1800 κῆτος
1738 1767 1754 1793 ὁ
1768 1765 1875 1800 Βελίαρ.

1087 1810 1182 1845 Ζητεϊς
1203 1810 1232 1836 ὲν
1271 1809 1484 1844 ὑπερκαθίζεται
1498 1811 1604 1846 πέτρας
1621 1811 1675 1837 νόει
1691 1819 1740 1845 μοι
1757 1811 1809 1846 τὴν
1821 1819 1876 1837 στε-

1088 1855 1152 1890 ρεὰν
1165 1855 1244 1890 ἕδραν
1258 1855 1306 1890 τῆς
1320 1855 1447 1886 πίστεως.
1462 1856 1494 1881 Ὦ
1507 1855 1553 1881 τοῦ
1567 1855 1724 1891 θαύματοςε
1743 1857 1839 1892 ῥίπτει
1850 1856 1879 1882 τὸ

1085 1901 1290 1937 ἀμφίϐληστρον
1313 1903 1363 1929 οὐκ
1387 1903 1427 1934 εἰς
1446 1903 1519 1929 τόνδε
1542 1903 1588 1930 τὸν
1608 1904 1707 1931 κόλπον
1725 1905 1777 1932 καὶ
1794 1905 1879 1936 τόνδε,

1085 1947 1143 1974 ἀλλ’
1164 1948 1203 1978 εις
1217 1948 1262 1974 τοῦ
1281 1948 1338 1983 βίου
1356 1948 1406 1983 τὴν
1424 1948 1574 1975 θάλασσαν·
1592 1949 1707 1976 ἐκτείνει
1725 1951 1776 1977 τὸν
1799 1951 1880 1977 κάλα-

1088 2002 1137 2028 μον
1147 1993 1197 2020 οὐκ
1212 1994 1252 2025 είς
1269 1994 1367 2028 μικρόν
1380 2002 1431 2020 που
1443 1994 1598 2030 διάμετρον,
1614 1995 1672 2021 ἀλλ’
1684 1996 1725 2027 εἰς
1745 1996 1820 2023 αὐτὰ
1835 1996 1882 2030 τῆς

1085 2039 1246 2074 οἰκουμένης
1262 2039 1296 2066 τὰ
1307 2039 1431 2074 τέρματα
1442 2046 1450 2053 ·
1467 2039 1579 2066 ὲνῐεισιν
1589 2040 1639 2074 τὴν
1656 2040 1764 2075 ὁρμιὰν
1781 2041 1833 2067 οὐκ
1845 2041 1881 2071 εἰς

1087 2084 1168 2119 βάθος
1188 2084 1430 2120 ὲπιμετρούμενον,
1444 2084 1502 2111 ἀλλ’
1514 2085 1557 2111 ἐπ’
1574 2085 1659 2120 αὐτὴν
1682 2086 1733 2120 τῆς
1751 2086 1884 2116 ἀσεϐείας

1086 2129 1134 2164 τὴν
1145 2129 1269 2156 ἄϐυσσον.
1287 2129 1342 2156 Θέα
1357 2138 1401 2164 μοι
1413 2129 1463 2164 τὴν
1478 2130 1565 2165 ἄγραν
1579 2130 1708 2157 πλούσιον
1723 2131 1760 2157 ἔκ
1777 2131 1885 2166 μοναδι-

249 2175 351 2211 pariter
373 2181 405 2202 ac
427 2173 595 2209 promiscuis
616 2173 781 2205 collectam;
798 2180 906 2200 crassos
926 2172 987 2200 dico
1001 2172 1035 2199 de

1087 2175 1142 2201 κῶν
1156 2183 1187 2201 τε
1203 2175 1248 2201 καὶ
1266 2175 1417 2209 μιγαδικῶν
1433 2175 1680 2210 συνηθροισμένην,
1697 2176 1768 2208 τοὺς
1787 2176 1885 2211 ἁδρούς

250 2220 352 2257 populo
366 2227 397 2247 ac
414 2219 538 2254 gregales
553 2227 561 2251 ;
576 2218 699 2245 moribus
707 2218 810 2245 scilicet
823 2216 1036 2252 atqucaﬂ‘ectio-

250 2267 332 2294 uibus
348 2266 450 2298 varios,
472 2272 505 2292 ex
535 2263 689 2291 minoribus
715 2263 932 2297 majoribusque,
957 2266 1036 2289 aetate

251 2312 380 2339 nimirum
400 2318 432 2338 ac
446 2310 577 2345 dignitate
596 2319 604 2337 :
627 2309 696 2337 alios
715 2309 824 2344 quidem
849 2309 940 2343 pravis
957 2315 1037 2335 exas-

251 2361 359 2392 peratos
383 2356 525 2389 doctrinis,
550 2360 679 2390 tauquam
694 2362 710 2381 e
723 2354 808 2389 petris
835 2354 887 2381 sub
902 2354 983 2381 undis
995 2353 1037 2380 la-

252 2402 381 2434 tentibus,
397 2402 432 2429 ab
448 2401 586 2436 impietate
598 2402 670 2435 capit
685 2409 692 2434 ς
708 2400 777 2427 alios
793 2399 892 2426 mentis
905 2399 1037 2434 simplici-

252 2452 306 2476 tate
335 2448 499 2482 iuterceptos
527 2452 657 2482 tanquam
691 2453 738 2481 per
753 2453 828 2473 mare
864 2446 1037 2478 cursitantes,

251 2492 388 2520 verriculo
407 2492 520 2520 includit
535 2500 542 2519 :
558 2497 585 2519 et
614 2491 724 2526 quidem
740 2490 811 2517 haud
826 2490 886 2517 neci
916 2490 1037 2523 tradens,

252 2539 298 2567 sed
313 2538 529 2570 viviﬁcaus,non
549 2537 575 2564 in
583 2537 662 2564 salsis
687 2536 786 2570 peccati
798 2535 876 2570 aquis
886 2535 1038 2568 continens,

254 2585 300 2613 sed
314 2585 341 2611 in
363 2583 488 2611 dulcibus
509 2583 638 2617 baptismi
672 2582 785 2609 ﬂuentis.
802 2582 892 2608 vivere
916 2581 1037 2608 faciens:

254 2629 320 2664 quin
336 2636 423 2663 neque
433 2627 603 2662 corruptibili
618 2627 733 2662 pecunia
747 2627 901 2661 acquireus,
917 2626 963 2654 sed
977 2628 1039 2653 ado-

254 2674 355 2709 ptionis
379 2672 561 2708 chirographo
584 2680 598 2699 a
626 2672 725 2699 diaboli
754 2673 886 2700 servitute
905 2672 1040 2705 eximens,

254 2727 316 2747 cum
340 2724 419 2746 antea
446 2718 516 2752 capti
538 2722 697 2745 tenerentur
725 2717 758 2744 ad
784 2717 865 2752 hujus
883 2717 1039 2745 arbitrium.

255 2765 278 2793 0
296 2772 351 2792 rem
374 2763 540 2791 mirabilem!
557 2763 623 2795 Quis
642 2770 657 2790 a
685 2762 784 2790 saeculo
806 2766 947 2797 capturam
968 2762 1041 2797 ejus-

1088 2228 1160 2255 φημι
1174 2219 1221 2246 τοῦ
1234 2219 1300 2245 λαοῦ
1313 2219 1360 2246 καὶ
1371 2218 1526 2253 ἀγελαίους,
1543 2218 1669 2253 πολυειδῆ
1682 2227 1712 2245 τε
1731 2220 1783 2246 καὶ
1798 2218 1886 2245 ποικί-

1087 2265 1143 2296 λον,
1158 2265 1230 2292 ἔθεσι
1247 2264 1320 2299 λέγω
1337 2265 1384 2291 καὶ
1396 2264 1523 2296 πάθεσιν,
1541 2266 1574 2291 ὲκ
1590 2265 1698 2299 μικρῶν
1713 2274 1746 2291 τε
1764 2266 1816 2292 καὶ
1839 2273 1887 2300 με-

1087 2309 1189 2343 γάλων,
1203 2309 1323 2342 ἡλικίαις
1338 2309 1438 2344 δηλαδὴ
1455 2310 1503 2336 καὶ⁵
1518 2309 1642 2341 τάξεσιν
1656 2309 1702 2341 οὓς
1721 2310 1778 2344 μὲν
1792 2317 1888 2344 τετρα-

1088 2354 1251 2389 χυνομένους
1271 2354 1388 2388 δόγμασι
1414 2354 1580 2388 μοχθηριῶν,
1598 2354 1637 2385 ὡς
1652 2354 1683 2386 ἐξ
1703 2354 1825 2389 ὑφάλων
1841 2355 1890 2388 τῆς

1089 2400 1183 2432 ἁθεῖας
1200 2400 1306 2435 πετρῶν
1318 2399 1479 2434 λαμϐάνων·
1494 2399 1541 2430 οὓς
1565 2399 1593 2425 δὲ
1608 2399 1814 2434 λεληῖσμένους
1839 2401 1890 2433 ἀς-

1090 2445 1196 2480 ελότητι
1216 2445 1335 2476 διανοίας
1349 2443 1393 2471 οἵα
1409 2444 1679 2479 πελαγοδρομοῦντας
1702 2445 1890 2480 σαγηνεύων*

1090 2491 1138 2518 καὶ
1157 2491 1243 2518 ταῦτα
1258 2491 1288 2516 οὐ
1304 2490 1437 2522 θανατῶν,
1454 2490 1523 2516 ἀλλὰ
1546 2491 1593 2516 καὶ
1609 2490 1770 2524 ζωογονῶν,
1792 2491 1845 2517 οὐκ
1865 2491 1892 2516 ὲν

1092 2538 1224 2572 ἁλμυροῖς
1241 2536 1318 2563 ὕδασι
1332 2537 1381 2571 τῆς
1395 2537 1531 2570 ἁμαρτίας
1549 2536 1678 2570 συνέχων,
1698 2536 1765 2563 ἀλλ’
1783 2537 1815 2564 ὲν
1830 2537 1893 2570 γλυ-

1093 2583 1153 2609 κέσι
1167 2583 1268 2617 νάμασι
1283 2582 1329 2608 τοῦ
1347 2582 1533 2616 βαπτίσματος
1547 2581 1686 2608 ὲνδιαιτιῖ·ν
1695 2589 1703 2596 ⁸
1717 2583 1782 2609 οὐδ’
1793 2583 1826 2608 οὺ
1841 2582 1894 2617 μὴν

1093 2627 1235 2663 ἀργυρίοις
1249 2627 1376 2662 φθαρτοῖς
1391 2626 1565 2660 ἑπεμπολῶν,
1582 2626 1638 2652 ἀλλ’
1655 2626 1815 2662 ὑπογραφῇ
1838 2627 1894 2652 υἱο-

1093 2671 1186 2702 θεσίας
1197 2673 1229 2698 ὲκ
1239 2672 1288 2706 τῆς
1302 2671 1350 2697 τοῦ
1364 2671 1488 2698 διαϐόλου
1501 2671 1622 2702 δουλείας
1640 2671 1816 2706 ἐλευθερῶν,
1833 2681 1896 2706 προ-

1094 2717 1303 2752 εζωγρημένους
1317 2717 1363 2743 ὑπ’
1381 2716 1462 2743 αὐτοῦ
1478 2718 1517 2747 είς
1537 2716 1568 2742 τὸ
1582 2717 1688 2743 ἐκείνου
1715 2717 1846 2753 θέλημα.
1865 2718 1895 2743 Ὢ

1093 2763 1139 2789 τοῦ
1163 2763 1319 2797 δράματοςῖ
1348 2763 1388 2794 τίς
1413 2762 1561 2798 ὴκουτίσθη
1582 2763 1702 2790 τοιοῦτον
1727 2764 1850 2801 θήραμα
1869 2765 1896 2794 ἐξ

290 2822 312 2838 ⁹¹¹
330 2822 416 2849 Eecle.
435 2829 472 2854 vr,
489 2821 515 2848 7.
553 2821 576 2837 "
600 2820 672 2847 Psal.
689 2819 848 2852 txxvu,91.
890 2819 896 2835 '
915 2818 1010 2846 Matth.
1029 2826 1067 2851 tv,
1083 2818 1122 2845 19.
