1924 3077
83 146 131 178 ΠἸ

478 148 620 178 ORATIO
636 149 687 178 IX.
699 160 733 166 —
752 149 942 180 LAUDATIO
962 149 992 179 S.
1011 149 1171 180 JOANNIS
1185 151 1322 181 EVANG.

1663 151 1716 182 778

81 205 196 236 αἰῶνοςς
220 204 261 235 τίς
277 204 348 238 ἔγνω
368 204 528 240 τηλικοῦτον
551 205 761 241 μεγαλέμπορον
777 206 856 234 ἁλιέα

927 207 1002 234 modi
1019 207 1125 234 audiit?
1141 207 1209 240 Quis
1228 207 1322 238 talem.
1345 207 1511 242 copiosaque
1527 207 1596 235 adeo
1614 208 1717 235 instrn-

80 253 121 278 ὅτι
141 251 179 286 μὴ
201 251 383 282 ἑκατοντάδας
406 251 485 286 μόνον
511 252 558 278 καὶ
578 252 711 287 χιλιάδας,
734 252 802 279 ἀλλὰ
821 252 875 287 γὰρ

82 299 171 325 πάντα
185 297 220 324 τὰ
233 296 298 330 ἔθνη
313 296 331 323 ἃ
349 296 514 332 μαθητεύειν
530 297 678 333 ἐπιστεύθη
699 299 874 333 προσάγοντα

80 343 120 377 τῷ
148 342 300 377 πρωθαλιεῖ
324 342 446 377 Δεσπότῃ
469 342 596 377 Χριστῷ·
617 343 667 369 οὐκ
685 340 740 378 ἄρα
761 343 875 375 εἰκότως

81 389 231 424 προῦλεγον
249 389 286 424 μὴ
301 387 356 416 οἷόν
371 389 402 415 τέ
417 397 449 424 με
461 389 629 424 ἐφικνεῖσθαι
641 389 691 424 τῆς
707 389 874 421 ὑποθέσεως,

79 434 132 461 κᾶν
147 434 226 470 ἄκρῳ
239 435 320 461 οἱονεὶ
336 435 461 470 δακτύλῳ
475 446 483 469 ;

928 257 1002 280 ctum
1036 259 1126 280 merce
1153 253 1318 287 piscatorem
1340 253 1470 287 agnovit?
1489 252 1715 287 Quandoquidem

929 306 983 325 non
997 305 1139 330 centenos,
1160 299 1203 325 vel
1225 298 1353 326 millcnos
1369 303 1486 330 tantum,
1508 299 1555 324 sed
1574 298 1718 325 universas

928 349 1034 380 gentes,
1058 352 1174 379 quarum
1190 345 1376 372 docendarum
1393 344 1528 372 creditum
1549 352 1650 371 munus
1673 351 1719 370 ac-

928 391 1010 425 cepit,
1028 391 1061 418 ad
1079 391 1219 418 Christum
1242 391 1387 418 Dominum
1410 398 1442 418 ac
1459 391 1609 426 principem
1629 391 1719 424 pisca-

929 438 1019 461 torum
1037 434 1160 462 adducit.
1181 435 1277 463 Nonne
1300 436 1382 470 igitur
1399 435 1462 470 jure
1480 436 1634 471 meritoque
1657 440 1720 462 ante

79 484 218 518 dicebam,
241 485 330 520 majus
351 485 403 513 hoc
423 490 614 521 argumentum
635 493 696 514 esse
722 492 804 519 quam
823 491 871 518 pro
891 491 950 511 mea
967 483 1107 516 facultate.
1121 484 1161 511 vel
1176 485 1199 511 si
1215 489 1338 512 extremo
1351 485 1434 512 veluti
1466 485 1553 519 digito
1580 484 1717 520 attingere

79 532 180 559 Velim?

117 579 155 609 ς’.
176 576 280 611 Σκέψαι
298 584 343 611 μοι
355 577 404 603 καὶ
419 576 506 605 τᾶλλα
523 578 689 613 εἱρμολογίᾳ
706 578 805 613 ἀρίστῃ
826 577 875 603 ἀ).-

79 622 280 657 ληγορούμενα.
302 622 396 656 Ὑμεῖς
408 623 480 650 ἐστε
494 623 528 650 τὸ
544 624 609 658 φῶς
624 623 679 651 τοῦ
695 625 812 658 κόσμου
827 631 834 638 ·
845 622 876 649 τὸ

80 668 138 702 φῶς
155 668 296 695 ὲλαστικδν
311 671 434 701 σκότους,
459 670 611 704 ὀφθαλμῶν
641 670 713 704 ὄψις,
742 670 876 704 σωμάτων

79 714 273 746 ἁνακαίνωσις,
287 715 392 749 ἐφετὸν,
403 715 533 750 ἀγαστόν.
547 715 581 742 Τί
590 713 636 742 οὖν
652 715 830 747 ’Δπόστολος;
845 715 876 740 οὺ

81 760 155 794 μειοῖ
175 759 270 790 σκότος
299 760 506 796 ἅντικείμινον;
530 761 581 788 οὐκ
611 761 731 796 ὀμματοϊ
754 760 872 794 τυφλοὺς

79 806 276 841 ἀμφοτέρωθεν
288 815 295 838 ;
308 806 342 832 ὀὐ
359 806 444 842 ρῶσιν
462 807 577 842 παρέχει
601 806 746 842 σώμασιν;
779 807 810 833 οὐ
828 806 872 833 διὰ

961 574 988 601 6.
1009 573 1073 601 Mihi
1088 581 1198 608 quoque
1214 574 1266 601 alia
1285 575 1408 609 expende
1423 575 1561 609 egregiam
1583 583 1634 610 per
1651 575 1719 602 alle-

925 619 1030 654 goriam
1056 619 1180 646 seriatim
1200 620 1334 654 exposita.
1363 620 1411 647 l'os
1438 621 1502 647 esti:
1521 621 1568 648 lux
1593 622 1706 648 mundi‘

927 664 998 698 Lux,
1017 665 1191 693 tenebrarum
1213 666 1362 701 expultrix,
1377 667 1520 693 oculorum
1542 667 1717 699 illuminatio.

928 718 1075 746 corporum
1091 711 1255 739 refecillatio
1270 721 1276 739 :
1291 712 1481 739 desiderabilis
1502 714 1616 740 omnino
1631 721 1675 741 res
1691 719 1717 741 et

927 756 1115 784 admirabilis!
1131 756 1202 790 Quid
1217 765 1283 793 ergo
1298 758 1461 792 Apostolus?
1476 757 1572 785 Nonne
1590 759 1717 787 tenebras

926 802 1100 830 adversarias
1122 803 1240 830 minuit?
1258 803 1352 830 Nonne
1373 804 1512 838 utrimque
1529 805 1609 832 caecis
1626 805 1716 832 visum

79 851 169 878 ταῦτα
184 852 314 887 mpm;
330 853 378 878 καὶ
404 853 582 888 θαυμαστός;
611 852 692 880 τοῦτο
713 851 748 888 ἦν
776 853 831 886 ἄρα
858 853 865 878 ἓ

925 849 1063 876 restituit?
1079 848 1175 876 Nonne
1194 849 1277 876 robur
1292 849 1465 884 corporibus
1485 849 1600 877 tribuit?
1619 850 1716 878 Nonne

79 898 199 932 Χριστὸς
230 900 408 933 παρεγγυᾶτο
425 907 432 915 ο
451 898 668 931 Ἀσθενοῦντας
684 899 870 932 θεραπεύετε,

78 943 210 978 ,λεπροὺς
241 944 421 978 καθαρίζετε,
453 944 593 978 δαιμόνια
608 945 791 970 ἐκϐάλλετε·
815 944 871 971 δω-

74 990 152 1023 ρεὰν
164 989 296 1022 ἐλάϐετε,
315 990 429 1024 δωρεὰν
443 990 522 1017 δότε.
546 990 647 1016 Ἐννόει
665 998 710 1024 μοι
720 989 755 1016 τὰ
786 989 871 1024 μυρία

80 1035 147 1070 γένη
164 1035 217 1062 τῶν
231 1036 404 1070 νοσημάτων,
435 1038 482 1062 καὶ
515 1036 570 1071 ὄψῃ
590 1036 625 1062 τὰ
648 1036 749 1071 ἄπειρα
779 1035 870 1071 πλήθη

78 1081 134 1107 τῶν
151 1081 300 1115 θαυμάτων
314 1080 368 1107 τῶν
381 1081 411 1114 ἐξ
423 1080 576 1116 ἑκασταχοῦ
593 1081 722 1116 βοτρυδὸν
739 1080 871 1116 ἀγεληδὸν

80 1126 150 1162 πρὸς
163 1127 194 1153 τὸ
206 1127 320 1162 ἄμισθον
335 1135 365 1154 τε
383 1128 430 1154 καὶ
447 1127 550 1154 ἄλυπον
569 1128 688 1162 ἰατρεῖον
713 1127 764 1162 τῆς
781 1135 870 1163 σωτη-

80 1172 142 1206 ρίας
158 1172 338 1208 συρρεόντων,
352 1173 393 1200 ὅτι
409 1173 478 1208 μηδὲ
494 1174 593 1208 τομαῖς
607 1182 636 1200 τε
663 1174 710 1200 καὶ
739 1173 870 1200 καύσεσιν

77 1218 94 1252 ἦ
109 1226 167 1244 τισι
189 1219 430 1253 φαρμακοποσίαις
447 1220 463 1255 ὴ
478 1219 533 1245 τῶν
549 1219 683 1254 ἀλγεινῶν
712 1219 848 1254 φυγαδεία
861 1239 868 1252 ,

79 1263 172 1290 πίστει
188 1264 217 1290 δὲ
241 1264 310 1300 μόνῃ
330 1264 377 1292 καὶ
395 1265 475 1298 λόγου
496 1265 620 1300 μάστιγι.
649 1265 680 1292 Ὢ
703 1265 754 1300 τῆς
785 1273 870 1300 μεγα-

77 1310 214 1344 λοδωρεᾶς
228 1311 235 1337 l
251 1311 312 1344 ἄρτι
327 1310 436 1344 τυφλὸς,
451 1310 545 1346 βλέπει
560 1311 590 1337 τὺ
608 1310 676 1345 φῶς.
695 1310 826 1346 ἐξαπίνης
838 1311 869 1338 τὸ

77 1355 205 1389 ἁεινερὲς
218 1355 397 1390 ἀποθέμενος,
417 1357 463 1382 καὶ
477 1356 570 1391 χαίρει
584 1356 655 1391 ὀρῶν
668 1356 703 1382 τὰ
725 1357 771 1383 ὑπ’
787 1357 868 1392 οὐρα-

76 1400 123 1426 νὸν
137 1400 223 1435 κάλλη
243 1409 273 1426 τε
288 1401 336 1427 καὶ
353 1400 477 1436 θεάματα
489 1409 496 1416 ο
513 1401 575 1435 ἄρτι
585 1400 680 1435 χωλὸς,
697 1400 868 1435 παραχρῆμα

77 1447 265 1482 ςτερεοποδεῖ,
284 1448 332 1474 καὶ
347 1447 427 1483 γήθει
453 1447 599 1482 ἀλλόμενος
611 1446 649 1478 ὡς
665 1446 763 1481 ἔλαφος
777 1455 784 1463 ·
805 1446 868 1482 ἄρτι

78 1493 132 1528 μὲν
160 1492 318 1528 μογιλάλος,
351 1493 406 1519 τῶν
423 1492 530 1528 δεσμῶν
547 1493 596 1528 τῆς
621 1492 747 1527 γλώσσης
776 1491 867 1522 λυθεὶς

74 1538 235 1571 ὀρθολεκτεῖ
247 1538 448 1573 εὐχαριστήρια
461 1547 467 1553 ⁸
486 1538 548 1574 ἄρτι
566 1538 594 1565 δὲ
626 1537 764 1574 ξηρόχειρ,
786 1537 865 1571 ὑγια-
880 1528 901 1556 C

74 1583 152 1615 σθεὶς
164 1583 248 1618 ἄμφω
261 1584 300 1610 τὼ
313 1585 389 1619 χεῖρε
404 1585 472 1620 πρὸς
487 1584 532 1611 τὸν
551 1585 580 1611 ἐν
591 1584 714 1620 οὐρανοῖς
727 1583 867 1618 Δεσπότην

73 1629 136 1665 ᾅδει
152 1629 288 1664 εὸκτήρια
302 1637 309 1644 θ
327 1630 390 1665 ἄρτι
409 1630 458 1665 μὲν
478 1629 604 1665 ὐδεριῶν,
614 1629 741 1656 κενοῦται
753 1628 801 1655 τοῦ
814 1629 866 1655 πά-

74 1676 140 1707 θους
154 1675 193 1707 ὡς
208 1676 334 1711 τάχιστα,
357 1676 404 1702 καὶ
423 1677 464 1708 είς
476 1676 526 1712 τὴν
536 1676 653 1712 ἀρχαίαν
669 1676 776 1710 ὑγίειαν
790 1675 865 1702 ἄνει-

73 1731 117 1749 σιν
127 1730 135 1737 ·
152 1722 217 1758 ἄρτι
232 1723 260 1749 δὲ
280 1723 380 1758 λεπρὸς
393 1723 563 1758 ἁποσύρεται
581 1722 630 1756 τῆς
644 1721 796 1757 ).ώ6ης,καὶ
803 1721 864 1755 βλέ-

72 1777 134 1795 πων
148 1769 200 1803 τὴν
215 1768 315 1795 ἑαυτοῦ
338 1769 552 1805 νεουργηθεῖσαν
581 1770 671 1803 σάρκα
697 1767 864 1802 ἀγάλλεταιθ

71 1815 136 1850 ἄρτι
151 1816 201 1850 μὲν
219 1815 386 1850 παράλυτος,
401 1815 558 1850 ἁρτιασθεὶς
572 1815 729 1850 ὲπωμάδιον
744 1814 821 1850 φέρει
835 1813 865 1840 τὸ

70 1862 199 1888 κλινίδιον
212 1869 219 1876 ·
230 1862 325 1896 agnae
333 1862 376 1888 δαι
380 1862 476 1896 μονῶν,
488 1861 533 1888 τοῦ
543 1861 696 1896 πνεύματος
704 1861 862 1896 καθαρθεὶς,

70 1909 222 1943 σωφρόνως
230 1908 336 1940 δοξάζει
348 1909 393 1935 τὸν
405 1907 506 1942 Κύριον
520 1916 528 1924 ο
537 1907 599 1942 ἄρτι
609 1907 658 1942 μὲν
672 1907 807 1942 ἡμιθανὴς
815 1907 863 1933 ἁσ-

67 1955 206 1990 ομαίνων,
215 1954 303 1987 ὲξὸδια
311 1954 486 1990 ἀναθρώσκεν
493 1955 608 1990 τάχιστα
623 1963 631 1970 ο
641 1953 704 1988 ἄρτι
717 1953 746 1980 δὲ
755 1953 861 1988 νεκρὸς,

67 2002 102 2028 ἐκ
129 2001 236 2036 φθορᾶς
260 2001 373 2036 ἁνέθορε
392 2001 426 2028 τὰ
437 2001 466 2027 ἐν
480 2001 544 2036 ᾅδου
561 2000 712 2034 λο-ίοθετῶν
724 2000 780 2031 τοῖς
791 1999 862 2034 ὑπὲρ

66 2047 124 2082 γῆν
135 2048 184 2073 καὶ
197 2047 324 2082 ζωάρχην
344 2047 409 2074 Θεὸν
423 2046 692 2082 ἁνθομολογούμενος
710 2055 716 2062 ·
733 2045 796 2081 ἄρτι
813 2046 861 2080 μὲν

68 2093 111 2119 hs
117 2092 220 2128 ρόφθαλ
225 2101 284 2127 μος,
291 2092 477 2128 ὀρθοϐλεπτεῖ,
489 2093 534 2119 καὶ
545 2092 718 2128 μονόμματος
728 2091 784 2118 διδυ
789 2099 861 2125 μομ-

69 2140 163 2173 ματεῖ,
177 2139 225 2164 καὶ
238 2138 318 2173 ᾰθριξ
336 2140 490 2174 καρηκομεῖ
501 2147 507 2152 ·
525 2138 588 2173 ἄρτι
599 2137 628 2164 δὲ
644 2136 755 2172 κυρτὸς,
766 2136 861 2172 ὀρθοῦ-

69 2193 124 2217 ται,
138 2185 188 2211 καὶ
202 2184 292 2218 κωφὸς
305 2184 484 2216 ὼτακουστεῖ,
509 2185 555 2210 καὶ
579 2182 705 2218 πυρετῶν
728 2182 857 2218 ἔρρωται,

65 2232 115 2258 καὶ
145 2231 231 2267 ῥιγῶν
249 2232 398 2266 εὖκρατεζι
415 2232 477 2267 ἄρτι
499 2232 592 2265 στεῖρα
618 2230 780 2260 παιδοποιεῖ,
809 2228 856 2255 καὶ

65 2277 256 2314 αἱμορροοῦσα
273 2277 397 2310 εὐπαθεῖ,
421 2278 468 2304 καὶ
491 2276 657 2304 δυστοκοῦσα
681 2276 797 2307 εὐτοκεῖν
811 2275 859 2301 καὶ

64 2324 255 2361 καρκινὸσαρξ
270 2324 458 2361 εὐσωμ[ατ]ετ,
468 2324 515 2351 καὶ
526 2324 580 2350 πᾶν
590 2323 735 2358 κολόὸωμα
745 2321 859 2356 φυσικὸν

64 2371 238 2406 ἁρπάζεται,
246 2371 292 2397 καὶ
298 2371 372 2397 πᾶσα
382 2371 504 2404 μαλακία
516 2370 653 2405 ὑποχωρεῖ
664 2369 709 2396 καὶ
717 2370 771 2396 πᾶν
779 2369 859 2403 ψυχι-

63 2414 111 2441 κδν
121 2415 212 2446 πάθος
225 2415 381 2447 ἐξωστατεῖ.
397 2415 449 2442 Ἐῶ
460 2415 550 2449 λέγειν
558 2415 607 2446 τὰς
619 2414 648 2440 ὲν
659 2414 766 2448 ἀλόγοις
778 2413 858 2445 ζώοις

63 2461 301 2496 θαυματουργίας,
318 2461 367 2493 τάς
391 2470 420 2488 τε
441 2461 495 2487 τῶν
524 2459 665 2495 στοιχείων
690 2459 786 2495 ἄρσεις
808 2459 856 2485 καὶ

65 2507 237 2542 μεταθέσεις,
303 2517 375 2539 τινος
390 2506 436 2534 οὖν
460 2507 544 2542 ᾶλλης
570 2507 677 2542 φύσεως
706 2506 856 2542 παραδοξο-

69 2554 162 2579 ποιίαν
177 2561 185 2569 ·
201 2553 217 2588 ἦ
239 2554 294 2589 γὰρ
310 2554 360 2580 οὐκ
373 2553 471 2589 ἀληθὲς
486 2553 516 2580 τὸ
530 2553 582 2580 ὑπὸ
593 2554 641 2580 τοῦ
654 2553 757 2588 Κυρίου
779 2553 854 2588 εἰρη-

63 2599 156 2632 μένον,
168 2599 234 2625 Ὀτι
247 2599 281 2632 ὃς
295 2600 334 2626 ἂν
345 2600 414 2633 εἴπῃ
427 2599 466 2632 τῷ
477 2599 538 2634 ὄρει
552 2600 657 2633 τούτῳ,
675 2599 792 2633 Ἄρθητι
805 2597 853 2624 κα).

58 2645 194 2678 βλήθητι
212 2646 255 2678 εἰς
274 2645 332 2678 τὴν
350 2646 523 2678 θάλασσαν,
539 2645 589 2672 καὶ
602 2645 643 2679 μὴ
659 2643 795 2678 διακριθῇ
820 2642 855 2669 ἐν

60 2689 97 2724 τῇ
114 2691 224 2724 καρδίᾳ
239 2692 343 2723 αὑτοῦ,
361 2691 442 2719 ἀλλὰ
456 2692 613 2718 πιστεύσει
632 2691 677 2718 ὅτι
690 2689 709 2718 ἀ
723 2690 805 2724 λέγει
815 2689 856 2724 TI-

59 2745 153 2770 νεῖαι,
169 2738 348 2770 ἔστιλιαὺτῴ
365 2739 380 2764 ὃ
415 2738 454 2765 ἂν
478 2738 560 2773 εἴπῃ.
597 2738 669 2774 Ὅρα
687 2746 732 2772 μοι
760 2737 852 2763 λοιπὸν

61 2783 106 2810 καὶ
119 2783 184 2819 ὅρος
202 2785 242 2816 εἰς
255 2785 337 2820 ὺγρδν
351 2785 550 2820 μεταιρόμενον
561 2785 653 2820 τυχὸν,
672 2784 719 2811 καὶ
743 2781 776 2811 αὖ
797 2784 851 2810 πά-

94 2878 104 2893 ’
115 2875 213 2904 Matth.
229 2884 256 2910 v,
273 2876 318 2905 M.
355 2878 365 2892 ³
378 2877 473 2905 Matth.
488 2887 515 2911 χ,
533 2879 560 2905 8.

244 2922 379 2953 Pnaon.
406 2923 463 2954 Gn.
484 2923 594 2953 XCIX.

922 895 958 922 ob
970 895 1029 922 haec
1047 902 1142 922 amore
1158 895 1257 929 dignus
1277 900 1303 922 et
1320 895 1523 922 admiratione?
1543 895 1600 923 lloc
1622 896 1716 932 utique

922 940 1050 969 Christus
1064 941 1212 969 mandabat
1227 951 1233 968 :
1248 940 1374 976 Infirmos
1387 947 1487 974 curate,
1505 942 1621 977 leprosos
1637 951 1714 970 mun-

922 987 1002 1020 dule,
1030 988 1164 1014 drrmoncs
1192 988 1296 1022 ejirite;
1326 988 1410 1022 gratis
1445 988 1602 1022 accepistis,
1630 989 1716 1023 gratis

923 1033 985 1059 date
995 1032 1015 1058 ⁸.
1041 1032 1192 1067 Considera
1226 1033 1295 1060 mihi
1320 1033 1531 1060 innumerabilia
1555 1034 1713 1061 morborum

921 1087 1034 1114 genera,
1053 1084 1239 1115 occurretque
1254 1080 1360 1107 infinita
1377 1080 1574 1109 miraculorum
1593 1082 1672 1116 copia
1687 1081 1713 1108 in
1767 1087 1769 1089 ‘

921 1124 1079 1153 hominibus
1092 1129 1274 1160 patratorum,
1287 1125 1334 1160 qui
1350 1125 1474 1154 conferta
1489 1126 1666 1154 multitudine
1678 1127 1713 1154 ad

921 1170 1071 1204 gratuitum
1091 1170 1216 1206 nihilque
1232 1171 1364 1198 molestiae
1381 1171 1524 1199 facientem
1539 1173 1635 1200 salutis
1654 1181 1713 1200 mc-

920 1215 1011 1242 dicum
1028 1215 1188 1250 conﬂuunt;
1201 1216 1266 1251 quia
1282 1217 1413 1244 nimirum
1431 1226 1486 1246 non
1502 1218 1576 1246 ferro
1591 1226 1623 1246 ac
1640 1219 1711 1254 igne,

921 1266 968 1288 aut
987 1262 1148 1296 potionibus
1169 1263 1334 1298 quibusdam
1359 1263 1473 1291 medicis
1490 1265 1602 1293 morbos
1616 1265 1711 1300 abigit,

920 1307 969 1334 sed
989 1308 1047 1334 sola
1065 1308 1117 1335 ﬁde
1132 1315 1165 1335 ac
1186 1309 1322 1337 sermonis
1337 1309 1454 1345 ﬂagello.
1469 1309 1492 1338 Ο
1507 1312 1570 1338 doni
1587 1313 1712 1347 magnifi-

920 1353 1058 1381 centiam!
1092 1354 1171 1382 Nunc
1203 1362 1293 1383 caecus
1331 1355 1478 1391 derepente
1505 1357 1597 1386 lumen
1626 1359 1709 1391 videt,

918 1407 982 1426 cum
1010 1400 1108 1427 nubem
1133 1401 1290 1436 impositam
1316 1402 1404 1429 ocu‘lis
1429 1411 1536 1438 semper
1558 1404 1710 1436 habuisset.

920 1445 1075 1480 gaudetque
1098 1446 1256 1474 sublunaria
1286 1447 1345 1475 haec
1367 1448 1465 1476 decora
1498 1457 1530 1476 ac
1554 1451 1709 1485 spectacula

919 1490 1066 1525 aspiciens.
1083 1490 1176 1526 Nuper
1192 1491 1318 1525 claudus,
1333 1492 1458 1521 solidatis
1474 1494 1577 1529 plantis
1598 1495 1708 1522 [irinum

918 1537 1014 1571 recipit
1029 1545 1166 1571 gressum,
1188 1538 1324 1574 gestitque
1336 1539 1438 1567 saliens
1455 1545 1484 1567 ut
1500 1548 1608 1568 cervus.
1629 1541 1709 1569 Modo

918 1585 1028 1617 blaesus,
1047 1585 1146 1620 lingua:
1161 1586 1278 1614 vinculis
1301 1587 1409 1619 solutis,
1432 1589 1559 1622 expedito
1581 1597 1709 1617 sermone

917 1632 1069 1666 gratiarum
1097 1633 1214 1660 actionis
1236 1633 1330 1661 laudes
1355 1634 1457 1668 pangit.
1490 1633 1572 1662 Modo
1601 1635 1706 1662 aridam

918 1686 1030 1705 manum
1049 1679 1162 1710 habens.
1181 1687 1264 1707 sanus
1277 1676 1402 1711 effectus,
1425 1688 1524 1708 manus
1540 1681 1636 1709 ambas
1648 1686 1708 1709 ten-

916 1724 984 1752 dens
1010 1725 1043 1751 ad
1067 1724 1212 1752 Dominum
1244 1726 1270 1752 in
1296 1726 1374 1753 caelis
1401 1726 1589 1758 cxsistentem.
1613 1736 1707 1762 preces

915 1771 999 1798 canit.
1022 1770 1102 1799 Modo
1127 1771 1311 1807 hydropicus,
1338 1780 1421 1807 quam
1450 1773 1584 1801 citissime
1610 1775 1707 1802 morbo

915 1822 1058 1852 vacuatur,
1084 1822 1111 1845 et
1131 1818 1165 1845 ad
1187 1819 1332 1853 pristinam
1355 1819 1501 1846 sanitatem
1526 1820 1608 1847 redit.
1626 1820 1706 1848 Modo

915 1864 1049 1897 leprosus,
1074 1865 1152 1900 plaga
1175 1872 1225 1892 sua
1249 1865 1384 1900 eripitur,
1414 1866 1565 1901 vidensqu
1590 1875 1702 1894 carnem

914 1917 992 1936 suam
1004 1915 1177 1943 renovatum,
1194 1911 1325 1938 exsultat.
1341 1911 1421 1939 Modo
1436 1913 1616 1948 paralyticos,
1627 1918 1706 1940 artu-

914 1955 965 1982 bus
987 1955 1146 1982 instauratis
1164 1956 1294 1984 lectulnm
1313 1956 1340 1983 in
1363 1957 1493 1985 humeros
1521 1959 1600 1985 tollit.
1625 1958 1705 1986 Modo

913 2000 1108 2032 daemoniacus,
1126 2008 1141 2028 a
1161 2001 1257 2035 spiritu
1280 2002 1439 2033 mundatus,
1468 2003 1560 2030 sobria
1582 2010 1614 2030 ac
1638 2011 1704 2031 sana

912 2051 1003 2074 mente
1019 2046 1164 2074 Dominum
1185 2046 1286 2074 laudat.
1302 2047 1381 2076 Modo
1404 2048 1599 2076 semimortuus
1615 2055 1643 2077 et
1658 2058 1704 2077 su-

912 2100 1005 2126 prema
1019 2093 1099 2120 verba
1110 2093 1167 2128 jam
1181 2093 1286 2124 dicens,
1297 2094 1441 2121 confestim
1454 2096 1607 2123 rettulesrit.
1624 2096 1703 2124 Modo

913 2142 1056 2170 mortuusl
1077 2145 1092 2165 a
1123 2139 1301 2173 corruptione
1325 2139 1405 2166 velox
1438 2142 1573 2175 resurgit,
1605 2150 1701 2169 eorum

914 2184 1047 2211 rationem
1070 2191 1131 2218 qua:
1147 2189 1210 2212 sunt
1231 2185 1257 2211 in
1282 2185 1391 2212 inferno
1407 2187 1523 2214 reddens
1542 2188 1701 2216 [nominibus

912 2230 940 2257 in
960 2235 1033 2256 terra
1055 2229 1223 2263 constitutis,
1245 2240 1276 2258 ac
1294 2232 1354 2258 Viue
1379 2233 1484 2260 auctori
1500 2232 1556 2260 Deo
1579 2235 1700 2262 vicissim

911 2277 1054 2303 confitens.
1081 2276 1160 2302 Modo
1180 2276 1265 2304 altero
1285 2277 1367 2305 hesus
1389 2279 1480 2312 oculo,
1510 2285 1583 2308 recte
1608 2281 1700 2314 videt;

911 2330 1053 2356 unumque
1068 2322 1177 2350 oculqu
1194 2331 1208 2349 a
1231 2328 1327 2350 natura
1347 2325 1470 2354 sortitus.
1490 2325 1597 2354 duobus
1613 2328 1700 2355 o'culis

911 2368 1179 2403 intueturzglaher,
1209 2377 1315 2396 comam
1344 2371 1439 2398 nutrit.
1463 2370 1543 2400 Modo
1567 2373 1698 2402 incurvus

911 2414 1035 2448 erigitur.
1051 2415 1189 2449 surdoque
1205 2415 1367 2449 aperiuntur
1383 2423 1463 2444 aures
1477 2425 1484 2449 ;
1498 2417 1581 2446 febris
1599 2419 1698 2448 ardore

909 2465 1029 2488 aestuans
1060 2460 1130 2488 bene
1142 2461 1230 2495 valet;
1247 2463 1386 2490 contrario
1400 2463 1462 2490 item
1479 2463 1580 2499 frigore
1604 2466 1698 2500 algens

910 2508 1138 2542 teniperatiOnem
1167 2508 1313 2535 humorum
1344 2510 1450 2544 recipit.
1476 2509 1556 2537 Modo
1583 2512 1695 2545 sterilis,

909 2554 1011 2588 prolem
1036 2554 1151 2588 suscipit
1166 2563 1172 2581 :
1190 2554 1332 2588 ﬂuensque
1352 2555 1495 2589 sanguine,
1513 2556 1694 2584 valetudinem

907 2597 1024 2630 obtinet,
1047 2602 1128 2632 atque
1146 2599 1180 2625 ad
1196 2603 1304 2632 partum
1320 2599 1448 2631 difficilis,
1465 2600 1588 2634 expedita
1605 2602 1696 2629 reddi-

909 2648 972 2676 tur;
993 2643 1206 2672 hzemorrhoissa
1221 2650 1353 2678 sanatur;
1368 2651 1540 2673 cancromate
1554 2647 1694 2680 laborans,

908 2697 1012 2724 corpus
1028 2689 1166 2725 integrum
1192 2696 1353 2726 recuperat;
1376 2691 1515 2726 quodlibet
1528 2697 1631 2720 natura:
1647 2693 1694 2721 de-

908 2736 1064 2763 trimentum
1080 2737 1214 2770 sarcitur,
1228 2746 1259 2765 ac
1272 2745 1368 2766 omnes
1386 2738 1533 2773 languorcs
1545 2740 1691 2772 recedunt;

906 2783 1005 2810 animm
1023 2783 1088 2812 item
1110 2784 1199 2812 morbi
1222 2792 1318 2813 omnes
1331 2785 1481 2820 pelluntur.
1497 2784 1574 2813 Mitto
1591 2785 1692 2826 dicere.

1492 2923 1530 2950 Elii

1493 2942 1517 2950 ..-
