1924 3077
254 142 308 174 779
851 144 882 174 S.
895 144 1092 174 THEODORI
1111 143 1293 178 [STUDITxE
1834 147 1876 179 780

255 207 316 235 qua:
329 207 394 234 erga
412 199 507 227 brutos
523 199 677 227 animantes
691 199 822 227 miracula
841 206 946 235 patrata
959 206 1022 228 sum

1098 201 1140 229 λιν
1154 202 1234 237 βυθὸν
1249 202 1444 238 ξηραινόμενον
1456 203 1503 230 καὶ
1517 204 1558 235 εὶς
1575 203 1725 240 χλοηφόρον
1739 204 1828 232 πεδίον
1839 214 1876 240 με-

254 246 452 274 elementorum
480 245 544 273 item
570 246 603 274 de
623 253 675 274 suo
699 251 772 274 statu
794 249 994 275 commotiones
1017 256 1030 275 a

1099 248 1294 283 τατιοέμενον·
1312 249 1359 276 καὶ
1381 269 1388 275 .
1413 268 1420 275 .
1443 269 1449 276 .
1468 250 1543 284 ριγὲς
1566 249 1639 285 ὕδωρ
1661 250 1766 285 ἀθρόως
1781 250 1813 277 ὲκ
1833 259 1876 277 πυ-

256 291 461 326 Iranslationes,
484 296 510 319 et
530 291 642 320 alterius
663 293 786 327 cujusvis
806 297 911 320 natura:
931 295 1033 321 miracu

1100 295 1176 330 θμῶν
1191 295 1325 330 πηγάζον,
1347 295 1452 331 πέτραν
1464 304 1494 322 τε
1507 295 1670 331 σχιζομὲνην
1692 297 1741 323 καὶ
1757 296 1803 324 τὸν
1827 305 1877 332 χρι-

255 336 322 364 Ιιιιιι.
345 336 441 364 Nonne
467 339 540 364 enim
564 337 630 364 illud
655 338 769 365 veritate
796 339 908 371 nititur,
931 338 1005 373 quod
1033 358 1034 364 η

1103 341 1234 376 στοιρόρον
1253 341 1472 377 ἀποπέμπουσαν
1484 350 1491 358 ·
1508 341 1556 368 κοιλ⁸
1566 343 1624 369 εῖτι
1635 342 1698 369 ἄλλο
1713 342 1783 369 κατὰ
1796 343 1878 379 χρείαν

254 383 371 410 Domino
394 383 497 411 dictum
518 388 580 411 est:
599 384 724 418 Quisquis
746 384 843 411 dixerit
861 384 944 412 monti
959 384 1020 411 huic

1101 386 1156 413 τῶν
1170 388 1210 418 είς
1231 388 1324 414 πίστιν
1356 388 1491 415 ἑλκόντων
1515 388 1579 420 τοὺς
1595 387 1797 424 μαθητιῶντας,
1812 389 1878 416 οὐδὲν

256 429 367 462 Tollere,
392 436 416 457 et
442 430 547 457 mittere
574 430 601 456 in
616 437 700 458 mare.
718 436 742 457 et
765 439 816 457 non
838 431 1001 458 hwsituverit
1021 432 1034 457 i2

1097 432 1286 468 ἀδυνατούσης
1306 434 1357 468 τῆς
1371 433 1447 466 θείας
1463 434 1588 469 χάριτος.

254 478 333 504 corde
346 485 404 510 suo,
418 477 463 504 sed
480 477 631 510 crediderit,
649 478 712 513 quia
725 478 795 513 quod
828 478 926 506 dixerit
945 479 1004 513 ﬁat,
1019 479 1062 513 [iet
1082 480 1107 506 ei
1126 480 1298 515 quodruuque
1311 481 1409 507 dixerit
1439 481 1471 508 ³’.
1484 481 1544 508 Jam
1561 481 1627 508 mihi
1644 486 1671 508 ct
1685 486 1804 509 montem
1820 481 1879 508 forte

253 524 348 552 videas
364 524 389 550 in
404 531 491 558 aquas
506 523 684 557 translatum,
698 523 877 559 vicissimque
891 525 1044 552 exsiccatos
1065 525 1135 553 imos
1165 526 1298 561 gurgites,
1313 531 1396 561 atque
1413 527 1441 554 in
1474 535 1601 562 campum
1615 526 1781 554 herbiferum
1797 531 1879 554 muta-

252 576 295 598 tos
312 579 318 597 :
335 570 402 605 quin
417 575 444 597 et
462 577 561 604 aquam
578 575 691 605 repente
704 578 719 597 a
752 570 838 598 fundo
871 571 1078 605 scalurientem,
1099 572 1270 608 scissumque
1299 577 1415 608 petram,
1436 577 1464 601 et
1486 574 1624 601 hominem
1646 573 1757 602 Christo
1777 574 1878 609 plenum

251 623 434 646 assectantem
446 617 457 633 ⁵
471 626 477 644 :
494 625 526 644 ac
539 617 562 644 si
577 617 643 652 quid
665 618 739 645 aliud
757 618 899 653 discipulis
933 619 967 646 ad
983 619 1064 647 ﬁdem
1085 620 1226 648 trahendis
1258 621 1386 649 idoneum
1401 622 1476 656 jusla
1492 621 1619 657 exigebat
1633 621 1799 654 necessitas;
1825 629 1879 649 cum

252 664 319 691 nihil
335 664 382 695 sit,
398 663 471 698 quod
484 663 577 690 divina
593 663 680 698 gratia
694 668 823 698 praestare
838 672 892 691 non
910 665 1008 699 possit.

285 710 312 736 7.
333 710 367 736 At
390 715 424 736 ne
440 709 556 744 singulis
577 709 639 744 plus
660 717 738 744 aequo
754 709 916 742 immorans,
937 710 1031 737 audito

1131 709 1163 742 ζ’.
1186 709 1256 737 Ἀλλ’
1277 710 1322 737 ἵνα
1335 710 1372 746 μὴ
1385 711 1430 737 ἐπὶ
1443 711 1536 738 πλεῖον
1551 710 1727 746 ἐνδιατρίϐων
1740 712 1797 742 τοῖς
1815 710 1881 738 κατὰ

251 757 328 784 ribus
347 756 455 784 taedium
478 763 580 787 creem,
603 756 637 782 ad
662 755 735 783 aliud
747 757 829 783 etiam
852 762 972 784 transeo.
996 757 1032 785 Vo

1096 756 1178 792 μέρος
1192 756 1322 791 διακορὴς
1332 756 1437 791 γίνοιμι
1459 757 1517 788 τοῖς
1531 756 1687 789 ἀκούουσιν,
1702 757 1746 782 ὲπ*
1775 757 1839 783 ἄλλο
1851 756 1881 791 δὴ

251 805 314 832 estis
337 803 379 831 aut
404 803 510 830 terra”.
537 802 586 830 llic
612 810 722 841 quoque
749 803 909 838 metaphora
935 805 969 831 ab
993 805 1034 832 illi

1095 801 1142 828 καὶ
1152 801 1298 837 τρέψομαι.
1322 802 1422 837 Ὑμεῖς
1435 802 1508 829 ἐστε
1521 802 1555 829 τὸ
1570 801 1647 835 ἅλας
1661 801 1716 836 τῆς
1741 801 1809 836 τῆς.
1838 801 1881 829 Ἐκ

251 855 359 885 sumpta
382 855 435 882 est,
456 857 518 884 quae
540 849 573 876 ad
591 857 671 877 usum
695 849 882 877 necessarium
909 851 1024 878 veniunt

1094 847 1149 873 τῶν
1173 847 1333 881 ἀναγκαίων
1354 847 1483 883 εἴληπται
1511 847 1651 875 κάνταῦθα
1669 848 1686 882 ή
1718 847 1878 882 μεταφορά-

250 895 481 929 quemadmodum
505 895 587 922 etiam
613 895 668 922 alio
691 895 750 923 loco
769 904 775 923 :
796 895 897 923 flabete
918 897 945 923 in
967 897 1034 924 vobit

1090 893 1184 929 ὥσπερ
1198 894 1244 920 καὶ
1261 893 1392 928 ἀλλαχοῦ,
1409 894 1516 928 Ἔχετε
1524 893 1601 926 ἅλας
1617 894 1652 920 ἐν
1662 893 1792 926 ἑαυτοῖς·
1805 893 1881 920 τοῦτο

250 943 322 970 sal“.
347 941 407 969 Huc
423 945 516 969 autem
538 941 604 976 quid
624 941 698 968 aliud
714 949 797 976 quam
818 942 962 970 charitalis
984 943 1040 970 sit?

250 997 310 1024 quae
325 989 406 1016 etiam
429 992 471 1016 est
490 987 632 1022 plenitudo
650 987 729 1023 legis,
753 991 783 1015 ut
803 995 881 1016 sacer
899 988 1039 1023 apostolus

250 1035 350 1063 l'aulus
369 1034 478 1062 docet".
494 1033 572 1061 Sicut
592 1033 666 1060 enim
682 1033 786 1068 absque
809 1033 865 1061 sale
883 1035 961 1069 panis
984 1042 1038 1062 non

250 1080 470 1113 uianducabitur,
491 1083 521 1106 ut
544 1086 595 1106 nec
611 1078 667 1106 fere
689 1079 832 1114 quisquam
857 1079 928 1107 alius
949 1080 1038 1113 cibus,

249 1127 289 1154 sic
308 1126 394 1161 liquet
415 1125 518 1159 absque
533 1125 680 1152 dilectione
695 1124 764 1151 nihil
779 1125 929 1160 praestitum
947 1126 978 1153 iri
996 1131 1042 1153 eo-

248 1180 310 1200 rum
326 1179 388 1207 quaa
404 1171 459 1199 Deo
479 1175 591 1206 accepta
611 1175 686 1199 sunt.
705 1170 798 1199 Talem
822 1179 852 1200 se
871 1172 950 1200 nobis
963 1172 1040 1200 exitio

248 1219 310 1246 buit
324 1218 477 1253 apostolus,
501 1217 678 1245 adamantino
695 1218 788 1245 animo
802 1217 942 1253 praeditus,
957 1222 1039 1254 atque

249 1265 276 1291 in
293 1263 490 1292 certaminibus
510 1263 619 1298 pietatis
640 1270 722 1290 causa
738 1263 875 1298 susceptis
894 1263 1038 1298 insupera-

249 1309 323 1341 bilis,
341 1315 430 1343 ncque
452 1307 592 1342 prosperis
611 1311 733 1335 mutatus
753 1315 842 1343 neque
859 1308 994 1340 adversis,
1011 1308 1037 1335 id

248 1358 291 1381 est
317 1353 480 1380 infatuatus.
504 1351 610 1379 Videsis
627 1353 852 1386 :persecutiones
871 1353 1035 1388 patiebatur,

248 1407 300 1427 nec
319 1400 354 1426 ab
378 1407 472 1427 eorum
488 1400 535 1434 qui
554 1399 792 1435 persequebantur
809 1406 903 1426 amore
926 1399 1036 1427 recede-

249 1445 312 1478 bat;
333 1444 482 1472 ducebatur
495 1445 527 1472 ad
539 1453 616 1480 reges
630 1449 657 1472 et
668 1445 806 1480 praesides,
822 1452 872 1472 nec
886 1444 1035 1479 quidquam

248 1491 281 1518 de
298 1491 423 1519 animosa
441 1490 618 1518 confessione
640 1490 798 1518 remittebat
815 1500 821 1518 :
838 1491 924 1526 virgis
948 1491 1035 1518 caade-

248 1537 338 1570 hatur,
358 1544 390 1564 ac
410 1537 621 1564 verberantibus
643 1544 703 1564 sese
721 1536 856 1563 medicum
872 1536 1009 1571 praebebat
1026 1546 1033 1564 :
1049 1556 1069 1585 ο

247 1582 381 1610 conviciis
391 1582 579 1618 appetebatur,
593 1588 621 1610 et
633 1582 751 1610 ludibrio
764 1582 927 1614 habebatur,
940 1583 1035 1610 iliuso-

247 1629 499 1664 ribusquegloriam
512 1629 644 1663 curabat;
662 1628 965 1664 mugistrumimitatus,
987 1630 1033 1664 qui

245 1673 327 1700 etiam
340 1673 404 1701 dum
420 1677 568 1708 pateretur,
585 1674 795 1702 crucitixoribus
809 1674 914 1702 veniam
926 1682 941 1702 a
955 1674 1035 1702 Patre

246 1719 420 1753 precabatur.
443 1718 654 1746 Praztendebant
672 1719 710 1746 illi
734 1719 865 1754 gladium,
888 1720 947 1755 ipse
963 1720 1034 1755 obji-

245 1765 335 1793 ciebat
360 1765 512 1793 doctrinam
540 1775 546 1793 :
568 1765 607 1792 illi
634 1765 723 1801 ignem
752 1766 946 1797 minabantur.
976 1767 1034 1801 ipse

245 1810 405 1838 charitatem
427 1811 566 1845 augebat:
589 1811 628 1838 illi
648 1811 750 1845 minas,
774 1811 833 1846 ipse
852 1820 948 1847 preces
967 1821 974 1839 :
992 1812 1032 1840 illi

245 1855 438 1889 aﬂlietionem,
462 1857 514 1884 iste
537 1856 634 1885 salutis
664 1864 760 1885 eorum
782 1858 829 1893 qui
856 1858 1032 1893 amigebant,

245 1902 318 1930 sitim
341 1910 396 1937 pne
417 1909 446 1929 sc
462 1902 565 1930 ferebat
579 1913 587 1930 :
602 1903 735 1931 molestiis
756 1903 943 1932 delectabatur
959 1914 964 1932 :
982 1913 1033 1932 an-

245 1949 343 1984 gustiis
354 1948 529 1976 dilatahatur.
547 1949 618 1982 Quin
633 1949 711 1982 adeo,
728 1957 761 1977 ne
775 1958 790 1977 a
804 1951 1033 1986 prosperitatibus

245 1995 353 2029 quidem
370 1995 395 2022 ei
418 1995 533 2022 tentatio
555 1995 660 2023 defuit:
675 1996 842 2030 sequebatur
861 1997 934 2023 enim
955 1997 1033 2032 signa

1090 939 1161 974 δὲξτί
1176 939 1239 966 ἄλλο
1255 939 1271 975 ἦ
1286 939 1380 975 ἀγάπη
1395 938 1427 966 ἂν
1457 939 1511 974 εἴη,
1535 939 1598 974 ἥτις
1628 939 1676 966 καὶ
1695 939 1778 974 νόμου
1809 939 1878 973 πλή-

1091 994 1182 1021 ρωμα,
1198 985 1236 1016 ὥς
1250 993 1318 1020 φησι
1335 985 1441 1016 Παῦλος
1456 986 1470 1011 ὁ
1491 985 1564 1020 ίερὺς
1578 984 1726 1016 ἀπόστολος
1740 993 1748 1018 ;
1776 984 1822 1016 Ὠς
1836 982 1881 1012 οὖν

1090 1031 1151 1058 οὔτε
1166 1031 1247 1067 ἄρτος
1261 1031 1432 1067 βρωοήσεται
1448 1031 1512 1057 ἄνευ
1529 1031 1602 1063 ἁλὸς,
1615 1031 1656 1057 ὅτι
1689 1030 1760 1065 μηδέ
1782 1039 1809 1057 τι
1822 1038 1882 1065 σχε-

1090 1076 1134 1103 δδν
1150 1076 1205 1104 τῶν
1222 1077 1361 1112 ἐδωδίμων
1376 1085 1382 1092 ·
1401 1076 1473 1104 οὕτω
1486 1076 1565 1112 δῆλον
1577 1077 1618 1103 ὃτι
1631 1077 1679 1104 καὶ
1694 1076 1806 1111 ἀγάπης
1822 1076 1882 1111 δίχα

1089 1123 1167 1150 οὐδὲν
1182 1123 1236 1150 τῶν
1252 1122 1383 1158 θεοφιλῶν
1400 1122 1633 1158 ὲξεργασθήσεται
1647 1131 1655 1139 ο
1670 1123 1791 1150 τοιοῦτον
1817 1123 1883 1158 ἡμῖν

1089 1168 1188 1196 ἑαυτὸν
1203 1169 1368 1204 παρίστησιν
1384 1169 1398 1194 ό
1429 1168 1590 1200 Ἀπόστολος
1611 1169 1800 1204 ἀδαμαντίνην
1815 1168 1883 1204 ἔχων

1089 1215 1172 1241 οίονεὶ
1185 1214 1235 1250 τὴν
1251 1214 1341 1250 ψυχὴν
1360 1214 1409 1242 καὶ
1429 1214 1654 1248 ἀκαταγὼνιστον
1674 1215 1703 1241 ὲν
1722 1216 1780 1246 τοῖς
1811 1214 1884 1248 ὑπὲρ

1089 1259 1219 1295 ἀληθείας
1233 1259 1339 1294 ἀγῶσιο
1357 1259 1404 1286 καὶ
1423 1260 1602 1296 μηδοποτέρῳ
1619 1259 1663 1287 διὰ
1685 1259 1740 1288 τῶν
1756 1259 1884 1295 δεξιῶνῆ

1088 1305 1242 1341 ἀριστερῶν
1272 1305 1511 1341 μεταϐαλλόμενος
1540 1306 1625 1341 ἥγουν
1656 1306 1884 1341 μωραινόμενος·

1089 1351 1187 1378 σκόπει
1204 1359 1211 1367 ·
1226 1351 1379 1385 ὲδεδίωκτο,
1393 1354 1441 1378 καὶ
1455 1352 1510 1379 τῶν
1525 1353 1678 1379 διωκόντων
1708 1352 1755 1380 τοῦ
1794 1353 1885 1380 πόθου

1087 1398 1137 1424 οὐκ
1151 1397 1305 1432 ἀφίστατο·
1318 1398 1365 1424 ἐπὶ
1390 1398 1510 1433 βασιλεῖς
1535 1398 1582 1425 καὶ
1611 1399 1748 1433 ἡγεμόνας
1776 1399 1885 1434 ἦγετο,

1087 1443 1134 1470 καὶ
1149 1445 1198 1478 τῆς
1214 1444 1349 1480 εὐθάρσου
1361 1443 1507 1479 ὁμολογίας
1527 1445 1578 1471 οὐκ
1598 1444 1754 1471 ὲλλέλειπτο
1767 1454 1774 1460 ·
1813 1446 1888 1480 ὲμα-

1088 1488 1204 1521 στίξετο,
1224 1489 1339 1521 καὶτοῖς
1351 1489 1499 1521 κολασταῖς
1516 1489 1596 1526 ἰητὴρ
1612 1490 1790 1525 ἐγνωρίζετο.
1809 1491 1888 1517 ὠνει-

1086 1533 1184 1567 δίζετο,
1200 1535 1448 1570 προύπηλακίζετο,
1469 1535 1516 1562 καὶ
1544 1537 1600 1567 τοῖς
1628 1535 1773 1571 ὑϐρισταῖς
1804 1536 1889 1568 δόξαν

1086 1580 1299 1616 ὲπραγμάτευε·
1322 1580 1491 1616 μιμούμενος
1506 1581 1552 1607 τὸν
1579 1580 1741 1607 διδάσκαλον
1775 1581 1811 1613 ὃς
1839 1580 1892 1608 καὶ.

1086 1628 1129 1653 ἐπ’
1142 1627 1225 1654 αὐτοῦ
1240 1626 1287 1654 τοῦ
1309 1627 1412 1658 πάθους
1435 1628 1492 1659 τοῖς
1511 1628 1685 1662 σταυρωταῖς
1710 1627 1761 1662 τὴν
1784 1627 1893 1662 ἄφεσιν

1085 1673 1206 1708 ἐζητεῖτο
1219 1674 1294 1708 παρὰ
1305 1673 1352 1699 τοῦ
1365 1673 1471 1709 Πατρός
1484 1681 1491 1689 ⁸
1502 1674 1640 1708 ῥομφαίαν
1649 1673 1671 1700 δ’
1684 1674 1790 1701 ἐκεῖνοι
1807 1674 1894 1710 προῦ-

1084 1727 1172 1745 τεινον
1193 1738 1201 1751 ,
1240 1719 1323 1751 αὐτὸς
1359 1720 1408 1755 τὴν
1452 1719 1627 1746 διδασκαλίαν
1670 1719 1892 1754 προύϐάλλετο·

1085 1764 1140 1799 πῦρ
1167 1764 1295 1798 ἠπείλουν
1326 1765 1436 1797 ἐκεῖνοι,
1473 1765 1487 1791 ὁ
1517 1764 1546 1791 δὲ
1575 1765 1621 1791 τὸν
1648 1765 1730 1791 πόθον
1782 1765 1892 1800 ηὕξει*

1085 1810 1162 1838 αὐτοὶ
1192 1811 1242 1842 τὰς
1272 1810 1397 1842 ἀπειλὰς,
1428 1810 1477 1837 καὶ
1505 1807 1582 1842 οὗτος
1607 1811 1657 1846 τὴν
1697 1812 1892 1847 προσευχήν·

1084 1856 1130 1884 τὸν
1144 1856 1261 1892 θλιμμὸν
1275 1857 1384 1890 ἐκεῖνοι,
1403 1857 1450 1884 καὶ
1465 1854 1543 1888 οὗτος
1556 1857 1586 1884 τὸ
1602 1857 1682 1892 διψᾷν
1708 1857 1762 1892 τὴν
1795 1867 1896 1893 σωτη-

1085 1902 1165 1937 ρίαν·
1183 1903 1237 1928 τῶν
1247 1902 1380 1936 ἀλγεινῶν
1406 1902 1584 1938 τερπόμενος,
1606 1903 1663 1933 τοῖς
1690 1902 1898 1938 ὑποπιεσμοῖς

1084 1940 1272 1984 εῦρυνόμενος.
1287 1949 1341 1975 Καὶ
1359 1948 1412 1983 μὴν
1427 1949 1482 1975 κὰκ
1496 1948 1550 1975 τῶν
1563 1947 1660 1981 δεξιῶν
1671 1948 1688 1983 ἡ
1702 1949 1801 1984 πεῖρα.
1818 1957 1827 1964 ·
1857 1950 1900 1975 εἰ.

1084 2002 1150 2020 πετο
1167 1995 1221 2030 γὰρ
1236 1994 1369 2029 δήπουθεν
1384 1995 1441 2026 τοῖς
1457 1995 1583 2030 σημείοις
1598 2002 1628 2020 τε
1645 1995 1692 2021 καὶ
1700 1995 1832 2029 τέρασιν
1847 1997 1900 2030 οὐχ

1083 2041 1099 2076 ἡ
1115 2040 1233 2076 τυχοῦσα
1247 2041 1313 2076 τιμή
1328 2049 1358 2066 τε
1373 2041 1422 2067 καὶ
1435 2041 1586 2075 ἁφοσίωσις
1597 2049 1603 2056 ·
1620 2040 1679 2067 ἀλλ’
1693 2041 1745 2067 οὐκ
1775 2042 1901 2069 ἐκεῖθεν

1082 2086 1130 2112 καὶ
1143 2085 1284 2120 ἀπέψυκτο
1299 2087 1348 2120 τῆς
1361 2086 1482 2121 ἀγάπης,
1498 2085 1560 2112 οὒτε
1585 2085 1711 2112 ἐντεῦθεν
1726 2086 1904 2121 ἐχαυνοῦτο

244 2139 332 2167 neque
347 2131 476 2159 laudibus
490 2133 610 2159 emollita
626 2137 668 2160 est
684 2152 691 2164 ,
707 2133 755 2160 sed
770 2133 840 2160 idem
859 2134 885 2160 in
903 2134 1030 2162 omnibus

1089 2133 1137 2163 τοῖς
1150 2131 1287 2163 ἐπαίνοις·
1308 2134 1322 2158 ὁ
1347 2132 1427 2163 αὐτὸς
1453 2132 1482 2158 δὲ
1497 2133 1525 2159 ὲν
1547 2132 1634 2159 ἅπασι
1650 2132 1720 2167 πρὸς
1745 2133 1808 2168 τὴν
1829 2135 1903 2160 ἐκά-

243 2178 370 2213 perstitit,
394 2177 427 2205 ad
442 2178 577 2213 cujusque
596 2179 706 2206 modum
731 2179 823 2206 varius
838 2185 920 2214 atque
937 2181 1030 2208 ctmdi-

1089 2186 1145 2204 πτου
1160 2178 1325 2214 ίδιοτροπίαν
1342 2179 1386 2205 ἀεὶ
1411 2178 1619 2213 ποικιλλόμενος
1637 2179 1685 2205 καὶ
1713 2181 1903 2215 παραρτυό-

243 2230 296 2255 tus.
307 2225 385 2260 juxta
400 2232 506 2252 mannze
520 2229 640 2260 gustum.
659 2225 681 2252 0
696 2233 753 2253 rem
774 2226 944 2254 ntirabileml
960 2226 1028 2255 Nam

1089 2234 1163 2257 tsvo;
1179 2226 1249 2254 κατὰ
1264 2226 1312 2262 τὴν
1324 2226 1372 2253 τοῦ
1391 2226 1480 2261 μάννα
1493 2226 1633 2260 διάγευσιν
1647 2226 1653 2252 l
1677 2225 1710 2252 Ὠ
1730 2227 1790 2254 τοῦ
1828 2228 1905 2256 Θαύ-

242 2271 300 2298 Ιιωο
317 2278 426 2305 quoque
443 2270 567 2298 addenda
593 2275 668 2298 sunt.
693 2271 793 2299 lliissus
815 2277 947 2307 tanquam
970 2274 1029 2301 ovis

1089 2281 1166 2304 λατος
1182 2273 1188 2299 l
1207 2272 1369 2307 προσθετέον
1385 2272 1439 2308 γὰρ
1455 2272 1503 2299 καὶ
1519 2273 1622 2299 ταῦτα·
1634 2272 1672 2302 ὡς
1686 2272 1850 2308 πρόϐατον
1875 2276 1909 2301 ὲν

242 2317 268 2343 in
289 2317 392 2344 medios
408 2317 487 2352 lupos
499 2325 513 2344 a
535 2321 678 2352 pastorum
697 2318 823 2353 principe
835 2318 958 2352 Christo,
977 2327 1029 2347 nec

1089 2319 1159 2354 ιέσῳ
1172 2319 1262 2346 λύκων
1277 2319 1330 2346 ὑπὸ
1340 2319 1387 2346 τοῦ
1403 2319 1599 2355 ἀρχιποίμενος
1612 2318 1734 2355 Χριστοῦ
1760 2320 1911 2348 ἀποστα-

241 2362 300 2396 ipse
329 2362 355 2389 in
383 2362 476 2397 lupum
497 2367 618 2390 mutatus
644 2368 696 2396 est,
727 2364 860 2399 luposque
886 2365 913 2392 in
943 2374 1028 2401 agnos

1089 2367 1146 2398 lstq,
1161 2365 1223 2392 οὔτε
1238 2366 1319 2398 αὐτὸς
1335 2366 1496 2397 ὲλελύκωτο,
1513 2366 1561 2393 καὶ
1585 2366 1650 2396 τοὺς
1660 2365 1772 2398 λύκους
1788 2368 1840 2399 εἰς
1855 2369 1911 2403 ἄρ-

241 2408 386 2435 convertit.
414 2408 482 2435 Cum
509 2410 689 2441 morderetur,
715 2410 869 2438 animorum
891 2412 1028 2440 morsibus

1089 2421 1128 2443 νας
1145 2412 1328 2446 μετέπλαττεν
1346 2419 1352 2427 ³
1379 2412 1556 2446 δακνόμενος,
1575 2413 1635 2438 ἰᾶτο
1652 2411 1686 2438 τὰ
1708 2411 1775 2440 τῶν
1794 2413 1912 2449 ψυχῶν

241 2453 410 2484 medebatur,
427 2453 586 2481 vulneribus
607 2454 726 2489 acceptis
750 2455 907 2482 curationes
931 2463 1029 2490 repen-

1089 2459 1208 2493 ῖήγματα
1224 2459 1363 2494 τραύμασι
1379 2458 1531 2493 θεραπείας
1555 2458 1696 2494 ἀμείϐων
1715 2458 1907 2496 ἀγράμμα-

240 2498 326 2526 deus:
342 2499 507 2531 illitteratus,
529 2499 612 2526 etiam
636 2499 728 2527 seaculi
753 2501 891 2535 sapientes
908 2501 941 2529 ad
965 2502 1030 2529 reli-

1089 2512 1126 2535 ῖος
1142 2505 1188 2530 καὶ
1205 2505 1268 2536 τοὺς
1291 2505 1337 2530 τοῦ
1358 2504 1462 2539 κόσμου
1499 2504 1598 2538 σοφοὺς
1634 2507 1913 2541 μετεστοιχειοῦτο

241 2544 332 2579 gionis
347 2545 474 2579 dogmata
489 2546 667 2574 convertebat
682 2555 688 2572 :
704 2546 828 2577 inermis,
847 2547 941 2574 hostes
959 2555 1029 2582 quo-

1089 2549 1119 2580 i;
1137 2548 1171 2575 τὰ
1184 2549 1234 2584 τῆς
1250 2549 1392 2581 εὐσεϐείας
1422 2549 1566 2584 δόγματα·
1597 2549 1708 2581 ἄοπλος,
1735 2551 1801 2577 καὶ
1837 2553 1913 2585 τοὺς

240 2597 295 2625 que
321 2589 368 2617 Dei
399 2591 503 2618 militiae
532 2592 688 2619 ascribebat
718 2592 850 2620 adversus
876 2593 1026 2621 diabolum.

1089 2594 1226 2629 τολεμίους
1240 2595 1299 2629 Θεῷ
1315 2595 1591 2630 ἁντεστρατολογεῖτο
1607 2594 1678 2621 κατὰ
1699 2594 1758 2621 τοῦ
1797 2597 1913 2625 Sacr}-

241 2637 261 2662 0
275 2642 406 2671 quantam
428 2637 485 2664 haec
501 2637 637 2664 habebant
652 2638 836 2665 dillicultatem
850 2639 856 2665 l
875 2639 1025 2667 addiderim

1089 2649 1132 2669 ου,
1156 2641 1188 2666 Ὢ
1210 2641 1297 2676 πόσης
1322 2641 1407 2667 ταῦτα
1429 2640 1604 2675 δυσχερείαςί
1635 2641 1806 2677 προσθείην
1826 2644 1855 2670 δ’
1877 2645 1917 2672 ειν

239 2682 322 2709 etiam
346 2687 478 2717 quantum
503 2683 634 2718 gratiam!
663 2683 729 2711 Tale
753 2691 818 2712 sane
840 2689 882 2713 est
904 2685 1028 2713 divinqu

1089 2688 1127 2714 ιαὶ
1138 2687 1248 2723 χάριτος
1269 2696 1275 2702 ·
1294 2687 1413 2715 τοιοῦτον
1431 2687 1462 2722 δὴ
1479 2688 1510 2714 τὸ
1528 2687 1600 2714 Θεῖον
1611 2687 1678 2718 ἃλας
1692 2695 1699 2702 ·
1714 2688 1753 2714 τό
1774 2698 1814 2716 τε
1830 2700 1914 2718 πειν-

241 2728 291 2755 sal.
322 2728 463 2763 Serpentis
492 2731 614 2762 astutia,
650 2737 682 2756 ac
705 2731 840 2758 columba:
869 2731 1031 2767 simplicitas

1089 2732 1179 2768 νῦργον
1199 2733 1246 2760 τοῦ
1267 2733 1366 2768 ὄφεως,
1384 2734 1433 2760 καὶ
1449 2733 1479 2760 τὸ
1497 2733 1546 2768 τῆς
1560 2733 1730 2768 περιστερᾶς
1749 2734 1917 2772 ἀκέραιον

240 2778 342 2809 quanta
359 2774 452 2806 fuerit,
468 2774 525 2810 jam
545 2783 579 2803 ex
592 2777 715 2811 proxime
733 2777 814 2806 dictis
825 2778 914 2813 palam
928 2777 1030 2805 iactum

1089 2779 1144 2805 icov
1165 2779 1196 2805 ἐκ
1214 2779 1266 2806 τῶν
1283 2779 1423 2815 προσεχῶς
1439 2778 1605 2814 είρημένων,
1634 2779 1648 2805 ὁ
1661 2777 1753 2812 λόγος
1774 2781 1917 2818 ὑπείλη-

245 2040 316 2067 edita
346 2047 378 2067 ac
404 2040 528 2075 prodigia
554 2048 607 2068 non
637 2041 760 2076 vulgaris
788 2041 875 2069 honor
896 2050 928 2070 ac
955 2051 1032 2070 cout-

245 2087 393 2114 mendatio.
420 2087 455 2113 At
482 2094 571 2122 neque
598 2087 721 2115 adversis
744 2087 869 2123 refriguit
899 2088 1030 2121 charitas,

276 2862 297 2878 ³⁸
309 2862 392 2892 Marc.
411 2872 448 2897 xl,
465 2865 508 2892 25.
546 2865 557 2881 ⁸
570 2864 578 2891 l
590 2865 654 2894 Cor.
673 2873 699 2900 x,
715 2866 742 2893 4.
788 2867 798 2883 ⁵
810 2865 906 2894 Matth.
921 2875 948 2900 v,
966 2867 1008 2895 l3.

1089 2866 1151 2896 lare.
1168 2875 1205 2901 ix,
1221 2868 1264 2895 4‘).
1305 2868 1313 2883 ⁷
1327 2867 1406 2896 ηοω.
1424 2875 1484 2900 xtu,
1506 2868 1551 2895 10.
