1924 3077
93 156 136 190 781

472 154 614 186 ORATIO
629 155 680 185 IX.
693 167 727 173 —-
744 155 936 186 LAUDATIO
950 155 980 184 S.
995 154 1156 185 JOANNIS
1180 154 1316 185 EVANG.

1658 153 1712 185 782

92 222 136 248 φεν
149 220 157 228 ’
170 212 220 240 καὶ
237 212 271 239 τὰ
286 211 371 239 πλείω
381 211 495 247 πάρεισι
507 212 564 243 τοῖς
591 211 685 244 εἰδόσι,
704 211 790 246 φειδοῖ
821 211 869 238 τοῦ

939 216 982 244 st;
1012 212 1144 246 pluraque
1177 211 1247 246 apud
1280 217 1382 245 gnaros
1408 209 1500 237 dicere
1538 209 1710 246 omittimus,

94 259 247 296 μακρηγορή
252 266 337 294 ματος
349 266 357 273 ’
370 258 428 285 ἀλλ’
444 258 491 285 ἐπὶ
510 257 555 284 τδν
567 258 711 293 κολοφῶνα
725 257 773 284 τοῦ
789 257 870 291 λόγου

93 307 165 334 ίτέον.

115 356 147 388 η’.
156 352 208 379 Καὶ
215 351 475 386 ἐπέθηκεν-αὐτοῖς
484 351 578 386 ὄνομα
585 350 780 386 Βωνέργεςβ
788 349 873 377 ἐστιν

92 398 145 425 υίοί
160 397 295 432 ,ϐροντῆς
307 405 314 413 ·
329 396 380 431 τὴν
400 396 515 432 βροντήν
532 396 599 430 φασί
610 405 683 428 τινες
696 395 819 431 γέννημα
833 393 874 422 εῖ-

93 452 132 470 ναι
149 443 289 478 άνεμιαίου
319 442 486 477 πνεύματος,
512 442 526 468 ὂ
556 441 708 477 συλληφθὲν
723 442 753 468 ὲν
779 441 873 476 νέφεσι

94 490 135 515 καὶ
145 489 194 516 οὐκ
208 489 278 524 ἔχων
292 489 359 515 ὅπου
375 487 472 524 ῥαγείη
487 487 613 520 διέξοδον,
626 489 660 523 τῇ
671 487 721 522 μὲν
728 487 817 522 θλίψει
826 487 875 522 τὴν

92 535 240 570 ἀστραπὴν,
249 536 283 570 τῇ
291 534 403 570 δὲρήξει
411 534 461 570 τὴν
471 533 584 569 βροντὴν
591 533 791 570 ἀπεργάζεται·
802 534 835 560 ὲκ
846 534 876 561 δὲ

93 580 200 615 βροντῆς
212 579 327 614 βροντὴν
348 579 512 605 κυΐσκεσθαι
526 578 612 605 είπών
618 587 670 612 τις,
686 579 737 606 οὐκ
746 579 799 612 ἐξω
809 579 875 615 βάλ-

91 626 178 652 λειτδν
189 625 269 659 λόγον
283 625 330 652 τοῦ
338 625 444 657 δέοντος
457 633 465 641 ο
480 625 559 661 είπερ
571 623 627 652 οἷον
638 625 670 652 τὸ
684 625 796 660 γεννῶν,
821 633 878 652 τοι-

95 672 167 698 οῦτον
181 671 212 704 δὴ
224 671 271 697 καὶ
286 671 317 697 τὸ
325 671 459 706 γέννημα⁸
468 668 548 698 τιοῦν
559 671 683 698 ἐντεῦθεν
695 671 753 705 ςότι
768 671 839 698 κατὰ
847 671 877 698 ἰδ

92 717 157 744 Ilva-.3
161 725 244 751 ματος
255 717 334 750 άγίου
343 713 413 743 εἶναι
423 717 515 751 ᾱπήχη
520 725 569 751 μα,
580 716 636 748 υἱὸς
645 715 759 752 βροντῆς
767 716 878 751 ὠνόμα-

93 771 149 789 σται
165 763 179 788 ὁ
190 762 360 794 Ἀπόστολος,
376 761 539 797 ἀστράπτων
551 762 619 796 ὁμοῦ
631 761 678 788 καὶ
684 761 804 797 βροντῶν
811 762 877 797 ἡμῖν

90 808 123 834 τὰ
132 807 200 839 θεῖα,
210 808 247 838 ὡς
258 808 289 833 ὲκ
299 806 419 841 νεφελῶν
429 807 511 833 οἱονεὶ
523 806 652 841 ἐκραγεὶς
660 808 710 842 τῆς
721 806 796 839 Θείας
803 807 879 843 χάρι-

90 861 145 884 τος.
153 852 275 887 Είδωμεν
283 852 322 885 δὲ,
329 851 443 884 είδοκεῖ,
458 853 487 879 ὲν
496 852 636 887 κεφαλαίῳ
646 849 690 879 οἷα
700 852 790 879 καὶτὰ
800 852 878 888 βρον-

91 897 122 931 τή
126 904 206 929 ματα,
213 896 251 928 ὡς
260 896 292 922 ἂν
303 895 403 931 μᾶλλον
414 895 603 931 θαυμάσοιμεν
610 896 657 923 τοῦ
668 896 879 931 ἀνοματοθέντος

91 940 405 977 ¹τὴνδύναμιν.’ἓν-ἀρχῆ
411 939 628 976 ἦνόΛότ-οςκαι
636 940 880 977 όΔότοςῆνπρὸς

91 988 142 1015 τὸν
149 987 285 1019 Θεὸν-,και
295 989 366 1021 Θεος
372 986 411 1022 ἦν
419 989 435 1014 ὁ
442 988 546 1023 Λόγος.
552 988 584 1014 ’Ὠ
594 987 645 1023 τῆς
654 988 879 1023 μεγαλοφωνοτά-

91 1042 138 1069 της
151 1033 313 1068 θεηγορίαςί
329 1034 379 1068 οὐχ
390 1032 461 1060 οὕτω
474 1033 588 1069 βροντῆς
601 1033 717 1069 πατάγῳ
728 1033 880 1070 τεθήπασιν

90 1079 239 1115 ἄνθρωποι,
256 1079 293 1111 ὡς
312 1079 361 1115 τὴν
379 1080 502 1106 Ἰωάννου
520 1079 658 1115 θεολογίαν
674 1080 723 1107 σὺν
734 1081 793 1112 τοῖς
818 1081 879 1107 ἐπι-

89 1126 174 1161 γείοις
192 1126 386 1161 ἐξεπλάγησαν
400 1127 448 1153 καὶ
460 1126 495 1153 τὰ
509 1126 632 1162 οὐράνια,
646 1126 726 1162 εῐπερ
745 1126 880 1153 κάκείνων

91 1171 166 1207 παρὰ
172 1172 295 1198 Ἰωάννου
306 1173 322 1207 ἡ
337 1171 554 1207 μαθητείαεἽνα
561 1171 625 1207 γὰρ,
639 1172 716 1207 φησὶ,
729 1171 880 1206 γνωρισθῇ

89 1218 148 1245 νῦν
161 1217 227 1251 ταῖς
236 1218 345 1253 ἀρχαῖς
358 1218 407 1245 καὶ
421 1217 487 1251 ταῖς
499 1217 655 1251 ἐξουσίαις
666 1217 701 1245 ἐν
714 1217 777 1251 τοῖς
789 1217 881 1245 ἐπου-

87 1263 202 1297 ρανίοις
213 1263 262 1290 διὰ
271 1262 324 1297 τῆς
332 1263 518 1297 Ἐκκλησίας
531 1263 550 1296 ἡ
560 1263 778 1296 πολυποίκιλος
788 1263 882 1298 σοφία

90 1309 142 1336 τοῦ
153 1309 238 1336 Θεοῦ·
252 1309 291 1340 ὼς
303 1309 352 1344 μὲν
363 1309 409 1336 οὖν
420 1309 455 1336 τὰ
469 1310 498 1336 ὲν
510 1308 634 1344 αἰσθήσει
645 1309 819 1344 συγγράφων,
833 1309 881 1344 ἀρ-

90 1357 141 1391 χὴν
156 1355 290 1382 ἁπάντων
308 1354 364 1382 τῶν
378 1355 542 1390 ποιημάτων
554 1355 599 1381 τὸν
620 1355 736 1390 οὐρανὸν
759 1354 880 1390 προῦθη-

89 1411 138 1429 κεν
148 1402 245 1428 εῑπὼν·
255 1401 307 1428 Ἐν
317 1401 396 1436 ἀρχῇ
407 1402 579 1435 ἐποίησεν-,ό
594 1401 667 1434 Θεὸς
682 1401 736 1428 τὸν
751 1401 882 1435 οὐρανὸν

90 1448 139 1475 καί
151 1450 212 1480 τὴν
225 1447 300 1482 γῆν·
316 1447 376 1473 οὐδὲ
399 1447 454 1482 γὰρ
471 1444 526 1474 οἷόν
540 1455 570 1473 τε
593 1445 628 1482 ἦν
647 1446 784 1482 ὀφθαλμὸν
807 1447 883 1482 πρῶ-

89 1502 137 1519 τον
152 1493 217 1519 ὂντα
236 1492 292 1518 τῶν
312 1493 341 1519 ὲν
355 1492 420 1527 ἡμῖν
435 1492 602 1528 αἰσθήσεων,
618 1492 806 1528 ὕπερταθῆναί
829 1501 881 1519 που

91 1538 250 1573 περαιτέρω
256 1537 304 1564 τοῦ
315 1538 439 1573 οὐρανίου
452 1537 536 1572 ὕψους
548 1546 555 1553 ·
565 1538 605 1565 διὸ
613 1538 828 1574 καταλλήλωςτῇ
838 1539 882 1565 al-

92 1584 188 1618 σθήσει
197 1584 283 1610 καὶτὸ
292 1583 357 1619 ποίη
362 1593 399 1618 μα
409 1584 601 1619 προτέτακται,
612 1584 665 1610 τῶν
672 1583 760 1611 ἄλλων
767 1585 827 1615 ταῖς
837 1583 882 1610 ά)-

91 1630 154 1661 λαις
169 1630 245 1656 δευτε
250 1629 392 1665 ρευόντωνο
402 1630 415 1656 ὁ
427 1629 455 1655 δὲ
463 1629 510 1656 ἅτε
520 1629 590 1666 ὑπὲρ
598 1629 724 1664 αἴσθησιν
734 1629 782 1664 τὴν
789 1630 884 1665 ἐξηγο-

93 1676 158 1710 ρίαν
172 1674 344 1710 ποιούμενος,
358 1674 408 1700 οὐκ
426 1673 542 1710 οὐρανὸν
555 1674 602 1700 καὶ
618 1674 681 1709 γῆν,
696 1674 764 1700 ἀλλὰ
782 1674 829 1700 τοῦ
843 1674 886 1700 οὒ-

94 1719 179 1756 ρανοῦ
195 1721 243 1747 καὶ
272 1720 339 1754 ὁμοῦ
368 1720 476 1746 πάντων
505 1719 559 1747 τῶν
590 1719 797 1755 ὑπερουρανίων
818 1720 886 1748 νοῶν

94 1767 222 1802 ποιητὴν,
242 1766 329 1802 ἀρχὴν
344 1767 467 1802 είληφεν,
497 1765 591 1793 εἰπών’
627 1766 680 1793 Ἐν
696 1766 777 1801 ἀρχῇ
803 1765 843 1802 ἦν
869 1768 886 1794 ό

93 1813 205 1846 Λόγος,
221 1812 271 1838 καί
287 1813 304 1839 ό
317 1813 413 1848 Λόγος
422 1810 460 1846 ἦν
475 1813 551 1847 πρὸς
565 1811 618 1838 τὸν
641 1812 726 1845 Θεὸν,
748 1812 799 1839 καί
814 1813 887 1846 Θεὸς

92 1855 136 1892 ἦν
150 1859 167 1884 ό
185 1857 291 1892 Λόγος.

93 1905 266 1939 principium
293 1905 455 1940 assumpsit;
481 1904 577 1933 dicens
594 1915 601 1933 ε
617 1905 650 1932 In
673 1905 817 1941 principio
831 1912 889 1934 erat

98 1950 217 1978 Verbum
229 1951 260 1979 ".

131 2019 167 2046 ϐ’.
182 2017 261 2050 Εἶδες
272 2019 313 2051 εἰς
327 2020 402 2045 ποῖον
419 2019 484 2054 ὕψος
500 2020 614 2056 ἄπειρον
630 2018 681 2057 ἦρε
697 2021 726 2047 τὺ
740 2021 819 2056 ὅμμα
842 2021 888 2047 τοῦ

92 2065 163 2098 νοῦς
204 2065 300 2100 ὥσπερ
319 2073 346 2091 τι
371 2065 466 2100 νοητὸν
493 2067 636 2101 στερέωμα
662 2067 889 2102 καταπηξάμενος

95 2109 181 2145 ήμῶν
205 2110 236 2135 ἐν
251 2109 355 2145 διανοίᾳ
368 2110 399 2136 τὺ
414 2112 535 2146 τριταῖον
552 2110 608 2138 Ἦν
620 2119 626 2126 ·
652 2112 695 2138 ῖνα
710 2111 791 2147 μέχρι
814 2111 890 2138 τοῦδε

93 2155 196 2190 ὥσπερ
216 2164 243 2182 τι
256 2155 359 2190 ἐξαλμα
376 2155 463 2190 φωτὸς
479 2155 581 2192 προῖὼν
600 2157 614 2182 ὀ
633 2157 705 2190 νοῦς,
720 2157 830 2192 πρῶτος
854 2157 891 2184 ὢν

92 2201 147 2227 καὶ
163 2197 242 2231 οὗτος
253 2200 307 2227 τῶν
323 2200 373 2235 τῆς
394 2199 484 2235 ψυχῆς
504 2200 655 2235 δυνάμεων,
673 2200 712 2236 μὴ
736 2201 792 2235 εχοι
811 2201 892 2235 φύσιν

925 258 1043 285 vitandae
1071 266 1152 285 causa
1180 257 1359 292 prolixitatis.
1388 255 1490 284 Verum
1514 257 1547 284 ad
1575 259 1713 286 sermonis

923 303 1107 338 colophonem
1124 302 1289 330 veniendum
1305 307 1357 329 est.

959 348 988 376 8.
1008 347 1043 374 Et
1063 349 1188 383 imposuit
1211 348 1263 375 illis
1287 349 1393 375 nomina
1411 348 1569 384 Boanerges,
1590 349 1659 384 quod
1676 354 1714 376 est

925 395 978 429 ﬁlii
995 394 1143 421 tonitrui'.
1162 393 1232 421 Sunt
1246 393 1292 429 qui
1314 393 1407 421 dicant
1430 393 1488 421 ﬁeri
1509 394 1661 422 tonitruum
1680 402 1713 422 ex

925 448 1004 468 aereo
1029 440 1138 475 spiritu,
1162 440 1208 475 qui
1226 439 1356 467 nimirum
1382 440 1505 468 inclusus
1531 440 1559 467 in
1587 441 1715 473 nuhibus,

925 495 976 515 nec
992 487 1134 515 inveniens
1154 494 1208 522 qua
1224 490 1302 521 parte
1320 491 1410 519 exeat,
1432 486 1573 514 collisione
1592 486 1714 521 quidem,

926 532 1018 569 fulgur
1032 554 1040 567 ,
1058 533 1186 568 raptione
1213 537 1315 565 autem,
1336 532 1484 559 tonitruum
1508 532 1616 560 alliciat.
1637 532 1715 565 Quod

926 580 949 608 si
969 581 1031 614 quis
1047 579 1198 607 tonitruum
1223 579 1346 606 tonitruo
1370 579 1494 614 progigni
1513 579 1595 611 dicat.
1615 578 1684 606 nihil
1701 586 1716 605 ι

927 624 1120 660 probabilitate
1141 624 1260 652 alienum
1284 624 1385 651 dixerit
1400 633 1406 650 :
1423 623 1557 658 siquidem
1574 624 1654 659 quale
1675 628 1717 652 est

928 670 1052 705 gignens,
1075 669 1129 696 tale
1154 673 1182 696 et
1197 669 1271 704 quod
1295 669 1425 704 gignitur.
1453 669 1523 702 Quid
1549 677 1613 704 ergo
1633 669 1717 697 inde!

928 715 1085 747 Nimirum,
1124 720 1255 751 tanquam
1297 715 1416 750 Spiritus
1445 715 1533 743 sancti
1561 715 1716 743 resonantia

928 762 1080 797 appellatus
1094 767 1137 790 est
1152 762 1293 797 apostolus
1309 761 1420 789 tonitrui
1438 761 1520 794 lilius,
1534 761 1625 789 divino
1637 761 1717 789 nobis

929 807 1075 842 splendore
1094 808 1121 835 in
1140 808 1251 834 modum
1266 806 1376 842 fulgetri
1392 807 1515 838 elucens.
1532 812 1614 841 atque
1628 807 1718 835 instar

929 854 1044 881 tonitrui
1068 854 1205 889 mugiens,
1228 854 1358 889 velutque
1381 861 1413 881 ex
1441 853 1561 881 nubibus
1584 861 1600 881 e
1623 853 1717 881 divina

930 899 1010 934 quasi
1035 899 1169 926 charitate
1193 906 1351 933 erumpens.
1380 898 1527 926 Videamus
1556 902 1667 930 autem,
1695 900 1717 926 si

931 944 1006 978 libet,
1035 944 1113 979 quasi
1138 944 1295 971 summatim
1322 949 1431 979 quanta:
1457 944 1499 971 ha:
1524 944 1579 971 sint
1604 944 1718 971 tonitrui

930 997 1023 1022 voces,
1042 993 1073 1017 ut
1089 997 1122 1017 eo
1148 989 1246 1025 maiori
1274 989 1454 1017 admiratione
1479 990 1553 1016 illius
1568 990 1717 1024 potentiam

931 1035 1109 1068 admiremur,
1134 1036 1180 1071 qui
1203 1035 1300 1063 indidit
1322 1043 1434 1063 nomen.
1457 1035 1491 1062 1η
1512 1035 1641 1070 principio
1660 1041 1718 1063 erat

935 1081 1059 1112 Verbum,
1083 1086 1109 1108 et
1127 1081 1238 1108 Verbum
1251 1086 1309 1108 erat
1330 1082 1401 1116 apud
1417 1081 1510 1113 Deum,
1531 1085 1555 1108 et
1572 1080 1642 1107 Deus
1661 1087 1719 1108 erat

936 1126 1050 1154 Verbum
1058 1127 1079 1154 '.
1095 1127 1117 1155 Ο
1130 1127 1229 1154 divina:
1245 1127 1448 1161 praedicationis
1465 1127 1650 1154 clarissimam
1671 1135 1720 1155 vo-

931 1172 1008 1199 cem!
1031 1171 1092 1199 Non
1115 1172 1155 1200 sic
1172 1172 1298 1199 homines
1321 1172 1437 1199 tonitrui
1459 1171 1569 1207 fragore
1587 1173 1719 1208 obstupe-

932 1221 1022 1251 scunt,
1041 1218 1081 1245 uti
1100 1216 1215 1245 Joannis
1232 1218 1411 1253 theologiam,
1435 1225 1498 1246 cum
1515 1224 1594 1246 terra:
1613 1218 1719 1246 colonis

931 1264 1013 1290 etiam
1036 1263 1163 1291 caelestes
1188 1263 1306 1291 virtutes
1330 1263 1672 1299 obstupueruntzquando
1693 1269 1720 1291 et

933 1309 984 1335 illae
995 1307 1109 1336 Joannis
1124 1309 1266 1343 discipula:
1278 1308 1481 1344 quodammodo
1498 1313 1572 1336 sunt.
1590 1308 1622 1336 Ut
1633 1309 1718 1340 enim.

932 1354 1034 1389 inquit,
1053 1354 1202 1381 innotescat
1226 1353 1419 1389 principatibus
1444 1359 1468 1381 et
1494 1354 1666 1389 potestatibus
1693 1355 1721 1381 in

932 1399 1080 1427 ctelestibus
1092 1408 1138 1434 per
1146 1399 1285 1427 ecclesiam
1297 1400 1471 1434 multiformis
1482 1400 1614 1434 sapientia
1630 1400 1720 1427 Dei“.

933 1445 967 1473 Et
982 1445 1089 1481 Moyses
1101 1446 1223 1481 quidem,
1238 1453 1302 1473 cum
1318 1453 1410 1473 rerum
1426 1446 1519 1473 sensui
1534 1445 1720 1480 subiectarum

933 1492 1077 1519 historiam
1096 1492 1292 1525 conscriberet,
1308 1496 1496 1519 creaturarum
1512 1493 1634 1520 omnium
1647 1493 1723 1528 prin-

896 1553 918 1581 c
934 1540 1048 1574 cipium,
1068 1540 1167 1567 coelum
1181 1541 1283 1574 posuit,
1299 1540 1393 1568 dicens
1408 1549 1415 1567 :
1430 1540 1464 1567 In
1478 1541 1608 1575 principio
1624 1541 1722 1568 creavit

934 1585 1005 1612 Deus
1022 1585 1128 1618 coelum,
1145 1591 1170 1613 et
1184 1591 1281 1613 terram
1296 1586 1328 1613 ¹¹.
1343 1585 1403 1613 Non
1418 1586 1489 1613 enim
1504 1586 1561 1613 ﬁeri
1574 1590 1681 1621 poterat
1694 1591 1724 1613 ut

935 1632 1045 1663 oculus,
1074 1632 1120 1666 qui
1150 1633 1222 1659 inter
1249 1639 1348 1660 sensus
1371 1631 1519 1666 primatum
1543 1635 1627 1664 tenet,
1660 1632 1724 1659 caeli

936 1677 1110 1704 altitudinem
1125 1682 1280 1712 superaret.
1296 1677 1432 1710 Quocirca
1448 1684 1497 1712 pro
1509 1684 1606 1704 sensus
1620 1677 1725 1704 ratione

936 1724 1019 1750 etiam
1035 1727 1161 1750 creatura
1178 1723 1254 1757 prior
1268 1726 1320 1755 est,
1334 1730 1396 1750 cum
1409 1722 1469 1750 aliae
1484 1722 1545 1750 aliis
1557 1723 1725 1758 posteriores

939 1769 1003 1797 sint.
1027 1769 1062 1796 At
1076 1768 1208 1800 Joannes,
1230 1773 1359 1802 tanquam
1381 1775 1413 1794 ea
1435 1775 1566 1795 enarratis
1581 1775 1642 1802 qua:
1662 1775 1728 1794 sen-

941 1822 1000 1842 sum
1020 1818 1171 1850 superant;
1187 1821 1240 1841 non
1261 1813 1360 1841 coelum
1382 1818 1408 1840 et
1422 1818 1536 1846 terram,
1555 1814 1601 1841 sed
1620 1814 1682 1841 cceli
1696 1821 1729 1841 ac

943 1865 1022 1888 terra:
1040 1861 1220 1894 omniumque
1235 1860 1388 1887 caelestium
1409 1859 1542 1886 mentium
1561 1863 1727 1891 creatorem,

913 1906 1037 1941 Verbum,
1056 1912 1081 1934 et
1100 1907 1212 1934 Verbum
1233 1911 1292 1934 erat
1323 1906 1394 1941 apud
1428 1905 1523 1940 Deum,
1536 1911 1561 1933 et
1582 1905 1652 1933 Deus
1670 1911 1729 1934 erat

976 2022 1003 2049 9.
1025 2020 1121 2048 Vidisti
1138 2020 1164 2046 in
1181 2023 1312 2054 quantam
1324 2017 1497 2045 altitudinem
1517 2017 1616 2045 extulit
1628 2017 1730 2045 mentis

941 2066 1071 2095 oculum?
1100 2064 1284 2092 intellectuale
1306 2064 1389 2091 veluti
1416 2065 1620 2091 ﬁrmamentum
1646 2064 1731 2092 menti

942 2117 1043 2141 nostrte
1059 2112 1176 2146 inligens
1192 2111 1301 2146 (trinum
1319 2110 1387 2137 illud
1414 2109 1500 2142 Erat;
1527 2115 1557 2137 ut
1575 2117 1608 2138 eo
1631 2118 1729 2146 usque,

944 2159 1069 2187 salientis
1085 2158 1172 2184 instar
1182 2156 1263 2188 lucis,
1279 2163 1356 2183 mens
1371 2163 1516 2191 progressa
1529 2156 1658 2191 (namque
1674 2156 1732 2184 haec

945 2209 986 2231 est
1002 2203 1164 2230 facultatum
1190 2201 1290 2228 animae
1309 2200 1408 2236 prima)
1430 2200 1498 2227 nolit
1517 2200 1645 2235 deinceps
1665 2201 1733 2228 ulte-

94 2246 217 2282 ἀρθῆναι
230 2255 281 2273 που
301 2246 441 2280 ἐπέκεινα,
455 2247 508 2273 κᾶν
525 2247 705 2282 κενεμϐατείν
733 2247 834 2280 δόξαιεν
859 2248 881 2273 ὲ)

942 2249 1001 2277 rius
1023 2248 1150 2280 subvehi,
1177 2255 1211 2274 ne
1227 2255 1275 2282 per
1292 2254 1383 2274 aerem
1399 2246 1561 2274 curiositate
1582 2246 1672 2273 inutili
1689 2247 1732 2274 vi-

94 2292 372 2327 πολυπραγμοσύνης
396 2292 555 2319 ἁνενδέκτου
567 2301 574 2308 ·
585 2292 643 2319 ἀλλ’
661 2290 717 2319 οἷον
731 2294 890 2320 ἐπαναπαυ-

94 2338 220 2373 σὰμενος
232 2337 283 2373 τῆς
299 2337 418 2372 ἐφέσεως
437 2338 604 2374 παλινδρομῇ
620 2339 688 2373 πρὸς
709 2340 743 2365 τά
775 2339 890 2365 κατόπιν

92 2384 148 2410 καὶ
164 2383 218 2410 ὑπὸ
236 2383 335 2416 κτίσιν,
351 2380 392 2415 οἷς
410 2383 457 2410 καὶ
475 2383 614 2418 συγγενῶς
632 2383 699 2418 ἔχοι,
715 2383 786 2420 ὀρῶν
804 2383 840 2410 τὰ
849 2384 892 2420 δη-

95 2429 299 2465 μιουργήματα
314 2429 361 2456 καὶ
374 2429 495 2462 δοξάζων
517 2431 563 2456 τὸν
577 2430 781 2465 άριστοτέχνην,
800 2430 847 2456 ἕνα
862 2439 892 2457 τε

93 2476 166 2502 ὂντα
186 2475 305 2511 ἄναρχον
319 2475 385 2502 Θεὸν
406 2476 436 2502 ὲν
449 2475 540 2511 τρισὶν
554 2476 744 2508 ὑποστάσεσιν,
763 2476 809 2502 τὸν
824 2477 892 2503 πᾶσι

92 2522 158 2552 τοῖς
181 2519 258 2547 οὖσιν
286 2521 499 2548 ἐπιστατοῦντα·
525 2521 586 2548 τίνα
617 2521 721 2555 ταῦτας
751 2522 889 2557 Σεφαφὶμ,

91 2565 255 2601 Χερουϐὶμ,
275 2565 401 2602 Θρόνους,
419 2567 564 2601 Δυνάμεις,
588 2566 737 2600 Ἐξουσίας,
753 2567 890 2603 κυριότη-

91 2619 164 2644 τας,
185 2610 295 2646 Ἀρχὰς,
330 2611 540 2647 ’Δρχαγγέλους,
571 2611 719 2646 Ἀγγέλους
734 2619 742 2627 '
772 2610 832 2638 εἶτα
855 2612 891 2639 τὰ

92 2656 165 2682 κατ’
180 2656 318 2692 αἴσθησιν,
339 2657 463 2692 οὐρανὸν,
495 2658 581 2692 ἥλιον,
607 2657 732 2692 σελήνην,
759 2657 890 2692 ἀστέρας,

92 2702 184 2737 ἀέρα,
200 2702 263 2737 γῆν,
280 2701 494 2735 Θάλασσαν,ζῶα
509 2704 635 2738 χερσαῖα,
650 2703 753 2736 ἐνάλια,
769 2703 892 2738 ὲναὲρια,

91 2748 188 2783 φυτά,
214 2747 290 2783 βοτὰ,
314 2749 405 2776 πᾶσαν
432 2748 584 2784 συλλήσδηυ
606 2749 688 2784 φύσιν
718 2748 841 2784 ἔμψυχόν
864 2757 894 2775 τε

156 2867 253 2897 'Marc
279 2877 319 2903 ιιι,
335 2870 378 2896 l7.
433 2870 534 2899 ’Joan.
552 2872 611 2906 1,¹,
627 2871 654 2898 2.

720 2873 742 2887 ‘°
754 2872 853 2907 Ephes.
882 2879 924 2905 ιιι,
939 2871 983 2899 to.

942 2296 1038 2322 deatur
1065 2293 1221 2321 discurrere
1248 2302 1254 2319 :
1280 2292 1326 2319 sed
1352 2292 1431 2327 quasi
1461 2299 1572 2319 cursum
1605 2291 1732 2321 inhibens

942 2340 1097 2368 retrocedat
1125 2339 1158 2366 ad
1184 2347 1228 2366 res
1253 2343 1378 2371 creatas,
1402 2338 1502 2373 quibus
1532 2337 1733 2365 necessitudine

944 2386 1026 2413 homo
1049 2385 1191 2413 devinctus
1212 2389 1264 2417 est,
1286 2384 1396 2411 intuens
1418 2384 1445 2410 in
1460 2391 1518 2415 eas,
1544 2383 1734 2418 optimumque

945 2431 1076 2458 artiﬁcem
1092 2430 1220 2458 laudibus
1232 2429 1384 2463 celebrans,
1400 2437 1485 2456 unutn
1501 2428 1586 2455 Dcum
1600 2433 1733 2456 aeternum

947 2474 974 2501 in
990 2474 1077 2501 tribus
1100 2474 1296 2501 subsistentem
1313 2473 1448 2508 personis,
1465 2473 1601 2508 rebusque
1623 2473 1734 2500 univer-

946 2519 986 2547 sis
1007 2519 1210 2555 praasidentem.
1235 2519 1365 2552 Quaenam
1390 2526 1456 2546 vero
1476 2518 1553 2546 haec?
1578 2517 1733 2553 Seraphin),

946 2564 1109 2596 Cherubim,
1126 2564 1240 2598 Throni,
1263 2564 1393 2597 Virtutes,
1417 2565 1581 2596 Potestates,
1605 2563 1735 2592 Domina-

947 2610 1046 2644 tiones,
1070 2610 1254 2646 Principatus,
1272 2609 1445 2644 Archangeli,
1470 2609 1566 2644 Angeli
1582 2618 1589 2636 :
1606 2614 1663 2636 tum
1689 2617 1735 2637 res

947 2658 1041 2684 sensui
1067 2657 1207 2692 subjectae,
1223 2656 1332 2689 coelum,
1362 2655 1413 2688 sol,
1438 2655 1513 2687 luna,
1537 2655 1632 2688 stellae,
1664 2663 1733 2689 aer;

948 2707 1031 2736 terra,
1052 2710 1139 2735 mare,
1169 2702 1299 2730 animalia
1327 2702 1478 2735 terrestria,
1504 2702 1621 2735 marina,
1642 2708 1733 2735 aerea,

947 2750 1056 2784 plaulm,
1082 2750 1184 2783 herbae,
1213 2749 1341 2776 universa
1365 2748 1494 2782 denique,
1523 2753 1552 2776 ut
1576 2749 1734 2777 summatim

1046 2873 1066 2888 “
1099 2872 1166 2900 Gen.
1199 2881 1218 2905 ι,
1252 2873 1278 2900 Ι.
1333 2874 1353 2889 ¹¹
1380 2873 1457 2900 Joan.
1478 2881 1497 2906 ι,
1516 2873 1540 2901 1.
