1924 3077
230 151 282 183 783

824 151 855 181 S.
874 149 1068 181 THEODORI
1090 149 1262 180 STUDIT/E
1789 149 1830 179 784

229 209 333 240 dicam,
354 213 462 240 natura,
487 211 545 234 tum
568 207 661 234 anima
683 207 807 242 praedita,
834 211 894 234 tum
919 213 1017 242 expers

1069 207 1115 234 καὶ
1130 207 1233 242 ἄψυχον
1245 215 1251 222 ·
1267 207 1377 234 ἅπαντα
1389 206 1443 242 γὰρ
1454 205 1551 238 ταῦτα,
1577 205 1622 232 καὶ
1638 205 1699 231 εἴτι
1715 205 1797 240 ἕτερον
1809 207 1832 232 ὲν

229 256 336 282 animae.
353 255 449 282 Omnia
463 254 535 280 enim
559 253 625 285 haec,
642 260 674 280 ac
695 253 717 279 si
731 253 795 287 quid
811 253 883 280 aliud
901 257 1015 287 uterque

230 301 351 328 mundus
374 299 572 326 innominabile
589 299 699 330 habent,
719 299 773 326 illis
792 299 882 326 verbis
899 298 1015 326 :Omnia

229 355 275 383 per
298 347 385 380 ipsum
399 345 472 380 facta
494 350 566 376 sunt,
583 349 606 370 et
628 344 684 371 sine
705 345 760 378 ipsa
773 344 872 379 factum
898 345 937 371 es:
951 344 1015 371 nihil

229 392 299 428 quod
321 392 423 426 factum
449 396 486 417 est
500 391 535 420 ”,
561 390 755 425 comprehendi
771 391 928 418 declaravit.
945 390 1015 423 Quid

230 438 303 465 enim
316 437 441 471 pluribus
455 435 623 470 superﬂuunt
638 444 698 462 esse
713 439 831 470 oportet,
848 444 909 463 cum
923 436 1016 463 divino

231 483 334 518 Spiritu
351 481 433 509 afflati
449 482 499 508 viri
525 481 689 516 theologiam
713 489 822 508 omnem
842 482 875 509 ad
901 483 1015 509 verbum

230 529 362 556 divinitus
387 528 442 555 sint
464 527 644 561 interpretati,
672 534 687 553 a
711 527 811 561 quibus
834 535 883 554 nos
908 535 1017 562 quoque

228 575 388 603 catellorum
411 574 498 600 instar
522 572 678 605 habuimus,
697 580 766 607 quas
783 573 856 599 velut
880 574 1016 600 sermonis

229 622 315 648 micas
331 619 506 646 inferremus.
526 617 548 645 Ο
565 618 700 653 theologia
720 626 780 652 quae
794 619 916 645 tonitruo
931 626 1016 645 exau-

229 666 341 693 dibilior
361 664 467 692 caelesti
484 663 609 691 doctrina
632 663 766 691 insonuit!
787 663 809 690 0
823 664 935 696 locutio,
956 672 1017 698 quae

230 713 351 740 vcloeius
375 711 492 746 fulgetra
517 711 645 737 universa
669 710 805 745 pervasit!
826 710 958 737 Mirabilis
978 711 1017 744 fa-

230 764 273 785 cta
294 763 332 785 est
359 757 469 784 scientia
499 761 545 782 tua
573 764 604 783 ea:
632 764 673 782 me
687 756 726 788 ‘3;
752 756 826 783 dicat
856 756 954 791 aliquis
983 756 1016 783 ad

229 804 362 832 Joannem
378 803 456 838 quasi
471 802 527 830 Deo
542 802 671 834 similem,
687 802 734 836 qui
754 806 832 829 terra:
847 801 1016 829 latitudinem

229 851 388 885 complexus
410 855 451 876 est
472 847 684 883 praedicatione;
707 847 753 882 qui
775 847 858 874 animi
878 847 1017 882 cogitatio-

230 896 312 923 nibus
333 895 359 922 in
381 893 472 929 abyssi
492 892 633 927 sapientia:
645 891 770 926 vestigiis
787 890 954 922 ambulavit;
969 897 1016 925 per

229 949 310 975 quem
334 945 419 974 portae
443 939 596 965 inferorum
627 937 726 964 divinae
748 937 824 964 vocis
848 935 1018 971 plenitudine

230 987 376 1014 destructa:
401 987 476 1015 sunt,
500 988 671 1017 exortusque
693 986 735 1009 est
759 982 929 1009 ortbodoxia:
953 981 1016 1008 sol:

229 1039 278 1066 per
296 1037 376 1065 quem
393 1029 487 1056 mundi
511 1028 645 1063 sapientia
667 1027 799 1054 iufatuata
817 1032 869 1060 est,
888 1027 1018 1062 orbisque

230 1077 298 1104 lines
316 1074 418 1110 impleti
437 1078 501 1102 sunt
524 1073 658 1108 sapientia
676 1081 682 1099 :
698 1072 857 1100 oratoribus
877 1080 909 1100 ac
928 1073 1017 1107 εορΙιὶ‹

229 1122 279 1150 stis
294 1119 471 1156 proculcatis,
485 1118 600 1146 Joannis
620 1123 712 1146 autem
736 1118 895 1146 dominante
911 1119 1017 1146 theolo-

230 1167 284 1201 gia.
306 1165 500 1193 Verumtamen
523 1164 619 1192 nescio
645 1164 711 1199 quid
737 1171 786 1199 ego
807 1164 920 1200 dignum
945 1165 1016 1192 celsa

230 1213 299 1239 adeo
321 1211 442 1246 Apostoli
462 1210 650 1245 magnitudine
669 1210 769 1242 dicam,
796 1210 847 1237 nisi
870 1210 961 1245 potius
984 1211 1017 1238 iis

230 1257 325 1284 cedam
341 1257 388 1292 qui
405 1263 500 1284 sacras
515 1255 575 1291 ejus
597 1256 692 1283 laudes
710 1255 803 1283 divino
820 1262 883 1283 ante
907 1263 951 1283 me
970 1263 1018 1283 ore

231 1303 413 1330 celebrarunt.

266 1348 311 1375 10.
331 1349 366 1374 At
383 1355 448 1374 vero
464 1347 528 1382 quid
541 1346 607 1374 illud
625 1346 777 1381 signiﬁcat?
790 1346 868 1374 Jesus
883 1355 944 1382 ergo
958 1355 1017 1374 cum

231 1394 338 1421 vidisset
356 1399 468 1420 matrem
496 1397 519 1419 et
531 1392 690 1427 discipulum
713 1397 839 1425 stantem,
854 1401 929 1428 quem
952 1393 1018 1420 dili-

231 1440 318 1475 gebat,
343 1439 406 1466 dicit
435 1438 516 1465 matri
537 1438 738 1471 sure:Mulier,
764 1447 822 1465 ecce
847 1438 920 1472 ﬁlius
945 1443 1017 1466 tuus.

232 1483 332 1511 Deinde
352 1483 416 1510 dicit
427 1483 555 1517 discipula
571 1491 577 1509 :
593 1482 659 1509 Ecce
670 1487 754 1510 mater
777 1487 833 1510 tua.
857 1482 891 1509 Et
911 1491 944 1510 ex
970 1483 1018 1510 illa

232 1531 297 1557 liora
327 1530 426 1564 accepit
443 1537 502 1556 eam
522 1529 665 1562 discipulus
688 1528 733 1555 ille
748 1528 774 1554 in
792 1528 885 1554 sua”.
904 1527 1019 1563 Alioque

232 1583 329 1603 rursus
347 1576 435 1610 capite
452 1575 525 1606 :Qui
551 1579 575 1601 et
600 1574 718 1601 recubuit
741 1574 768 1601 in
787 1582 859 1601 caena
879 1581 956 1608 super
977 1582 1021 1607 pe-

231 1627 289 1649 ctus
313 1622 381 1656 ejus,
410 1626 434 1648 et
458 1621 526 1648 dixit
545 1629 554 1648 ε
571 1621 693 1653 Domine,
717 1621 776 1655 quis
806 1625 844 1647 est
869 1621 914 1655 qui
940 1620 1021 1647 tradit

233 1669 308 1696 re”?
337 1668 408 1696 Sunt
443 1669 500 1696 haec
527 1668 692 1703 peculiar-ius
721 1668 853 1695 attributa
884 1667 1022 1702 Thcologo

233 1716 307 1742 velut
329 1715 431 1742 dotalia
453 1715 577 1749 quaedam
600 1715 674 1750 regia
695 1722 826 1747 munera;
847 1718 877 1742 ut
897 1714 1020 1749 inquam,

232 1769 288 1796 prae
303 1760 444 1796 discipulis
457 1759 581 1794 reliquis,
597 1767 629 1786 ac
643 1760 785 1795 privilegio
799 1767 814 1787 a
830 1759 895 1787 Jesu
907 1759 1022 1787 dilectus

234 1807 332 1839 fuerit;
347 1811 432 1840 utque
448 1813 529 1840 super
543 1805 721 1840 purissimum
743 1807 900 1834 recubuerit
910 1811 1019 1841 pectus;

232 1860 264 1880 ac
285 1851 395 1879 demum
418 1856 448 1879 ut
463 1851 510 1879 Dei
528 1851 678 1879 Genitricis
704 1852 776 1879 ﬁlius
799 1853 835 1880 sit
857 1853 1020 1887 appellatus.

232 1898 320 1931 Quam
340 1897 392 1925 tria
411 1897 468 1924 haec
489 1897 643 1924 tremenda!
665 1901 693 1924 ut
715 1898 830 1924 alterum
851 1898 930 1925 alteri
953 1906 1021 1933 prae-

231 1944 322 1976 cellat,
347 1951 379 1970 ac
403 1943 529 1977 quodque
550 1950 644 1970 eorum
671 1943 743 1970 velut
763 1943 939 1977 singulariter
963 1944 1020 1971 exi-

233 1989 329 2022 mium,
345 1988 398 2016 mei
423 1989 507 2016 animi
534 1997 645 2017 sensum
666 1989 691 2016 in
708 1994 848 2024 stuporem
870 1995 941 2026 agat.
963 1990 1021 2018 An-

232 2035 312 2061 dreas
331 2034 435 2068 primus
456 2034 526 2061 inter
548 2034 698 2069 discipulos
722 2041 850 2068 vocatus;
878 2043 929 2062 nec
955 2035 1019 2062 dum

232 2086 324 2107 tamen
338 2087 367 2108 se
378 2079 443 2108 Jesu
458 2080 586 2108 diiectmn
598 2081 743 2116 appellavit
759 2081 830 2108 sicut
845 2082 907 2109 iste.
923 2081 1021 2109 Petrus

231 2126 417 2158 apostolorum
435 2126 580 2161 princeps;
606 2127 682 2162 atqui
707 2135 758 2154 nec
780 2127 838 2162 ipse
857 2127 1020 2162 appellatio-

234 2179 295 2199 uetn
315 2172 449 2207 ejusmodi
463 2178 630 2200 consecutus
644 2178 694 2201 est.
712 2173 804 2201 Deitas
823 2173 857 2201 ab
871 2173 1020 2201 affectioni-

1066 254 1121 285 τοῖς
1144 253 1227 288 ἄμφω
1242 254 1353 288 κόσμοις
1365 252 1597 287 ἀκατονόμαστον,
1613 250 1658 277 διὰ
1682 250 1725 277 τοῦ
1747 253 1830 283 εἰπεῖν,

1066 300 1168 327 Πάντα
1182 301 1219 327 δι’
1234 300 1328 328 αὑτοῦ
1348 300 1477 335 ἐγένετο,
1495 299 1546 326 καὶ
1567 299 1657 334 χωρὶς
1670 299 1758 326 αὺτοῦ
1779 299 1833 334 ἐτέ-

1066 355 1134 374 rem
1148 347 1239 374 οὐδὲν
1254 347 1270 374 ὂ
1283 346 1417 381 γέγονεν,
1432 345 1630 381 συνεκδοχικῶς
1644 345 1833 380 παρεδήλωσεν·

1066 393 1092 419 τί
1107 392 1161 428 γὰρ
1172 392 1212 419 δεῖ
1233 393 1313 420 πλέον
1327 393 1515 427 περιττοεπείν
1530 393 1586 423 τοῖς
1611 391 1748 426 θεοφόροις
1773 392 1833 418 κατὰ

1066 439 1138 472 λέξιν
1162 440 1253 474 πάσης
1274 439 1323 473 τῆς
1339 439 1478 473 θεολογίας
1498 439 1730 465 ἔνθεαστικώτατα
1753 438 1835 471 ἐξηταη

1067 486 1188 521 σμένοις,
1213 486 1279 520 παρ’
1295 483 1333 512 ὧν
1363 485 1412 513 καὶ
1441 486 1508 521 ἡμῖν
1526 487 1582 517 τοῖς
1612 485 1740 516 κυνιδίοις
1764 485 1834 511 οἱονεδ⁹

1066 530 1199 567 ψιχιώδης
1213 530 1377 566 συνεισφορὰ
1398 531 1446 557 τοῦ
1460 531 1539 565 λόγου
1553 540 1560 561 ;
1574 531 1606 557 Ὠ
1620 531 1754 565 θεολογίας
1764 539 1836 565 γεγω-

1067 577 1176 612 νότερον
1190 576 1304 612 βροντῆς
1318 577 1460 612 ὴχησάσης
1485 577 1519 603 τὰ
1539 577 1654 612 οὐράνια
1679 576 1837 611 δόγματαιὼ

1068 623 1261 658 περιφράσεως
1280 623 1445 658 γοργότερον
1456 623 1600 658 ἀστραπῆς
1614 623 1778 658 ἐπελθούσης
1789 623 1838 654 τοῖς

1069 667 1209 703 σύμπασιν
1222 688 1228 694 .
1250 667 1480 701 Ἐθαυμαστώθη
1489 668 1508 701 ἡ
1520 666 1632 702 γνῶσίς
1646 674 1704 694 σου
1713 667 1745 699 ἐξ
1753 667 1817 701 ἐμοῦ
1830 667 1838 692 !

1067 714 1115 740 καὶ
1132 713 1201 748 πρὸς
1231 713 1355 747 Ἰωάννην
1373 714 1411 745 ὡς
1435 713 1583 740 θεοείκελον
1607 713 1710 747 λεγέτω
1725 713 1776 745 πᾶς
1793 721 1838 744 τις,

1066 759 1112 786 τὸν
1144 758 1326 794 περιλαϐόντα
1354 759 1384 786 τὸ
1418 757 1498 794 εὖρος
1521 759 1571 793 τῆς
1588 759 1633 785 ὑπ’
1663 759 1772 794 οὐρανὸν
1792 760 1839 790 τοῖς

1068 804 1238 840 κηρύγμασι,
1260 805 1306 831 τὸν
1321 805 1349 831 ὲν
1365 805 1465 839 ῐχνεσιν
1481 804 1603 832 ἀϐύσσου
1624 805 1719 839 σοφίας
1736 813 1840 839 περιπα-

1067 851 1188 885 τήσαντα
1209 851 1266 880 τοῖς
1289 849 1479 884 ἐνθυμήμασιν
1496 859 1503 866 ν
1536 850 1568 876 δι’
1583 846 1615 876 οὗ
1630 850 1713 876 πύλαι
1730 849 1789 885 ᾅδου
1801 858 1842 875 κα-

1067 897 1219 931 τῆργηνται
1241 895 1309 922 Θεοῦ
1324 895 1416 930 φωνῆς
1427 895 1603 931 πληρώματι,
1624 896 1673 922 καλ¹
1699 895 1841 932 ὁρθοδοξίας

1067 941 1203 968 ἀνέτειλεν
1219 940 1293 975 ἥλιος
1305 948 1312 956 ·
1331 941 1365 967 δι’
1376 938 1406 968 οὗ
1421 941 1437 975 ὴ
1456 940 1503 967 τοῦ
1517 941 1620 975 κόσμου
1634 941 1715 975 σοφία
1730 939 1842 975 μεμώρα-

1067 994 1122 1018 ται,
1136 985 1183 1013 καὶ
1203 985 1348 1019 θεοσοφίας
1362 985 1558 1020 ἐμπέπλησται
1573 986 1607 1012 τὰ
1618 985 1726 1021 πέρατα
1743 994 1749 1000 ·
1771 985 1841 1020 ρητό-

1069 1041 1123 1068 ρων
1136 1032 1183 1058 καὶ
1200 1031 1336 1065 σοφιστῶν
1352 1031 1573 1064 καταποθέντων,
1610 1032 1736 1058 Ἰωάννου
1753 1031 1779 1057 δὲ
1801 1029 1843 1063 τῆς

1068 1077 1208 1111 Θεολογίας
1223 1076 1441 1113 βασιλευσάσης·
1466 1078 1514 1104 καὶ
1536 1078 1587 1104 οὐκ
1610 1076 1686 1104 οἶδ’ὃ
1708 1086 1734 1104 τι
1756 1076 1844 1109 λέξεων

1067 1123 1172 1158 εἴποιμι
1190 1123 1300 1155 ἐπάξιον
1320 1124 1370 1158 τῆς
1385 1123 1583 1158 ὑπερηρμένης
1599 1123 1782 1156 ἀποστολικῆς
1802 1129 1845 1155 με-

1068 1169 1256 1203 γαλειότητος,
1273 1168 1290 1203 ἦ
1306 1168 1337 1194 τὸ
1350 1168 1552 1204 παραχωρῆσαι
1562 1169 1620 1200 τοῖς
1643 1167 1847 1204 προευφημήσα-

1069 1222 1111 1240 σιν
1141 1213 1221 1240 αὐτὸν
1236 1213 1319 1245 θείοις
1338 1213 1471 1248 στόμασιν
1482 1213 1528 1240 τὸν
1545 1213 1619 1248 ἱερὸν
1630 1213 1754 1241 ἔπαινον.

1105 1349 1131 1373 ι’.
1150 1345 1231 1372 Ἀλλὰ
1246 1345 1272 1372 τί
1286 1344 1342 1377 ﬁet;
1363 1344 1479 1378 Ἰησοῦς
1493 1342 1550 1372 οὖν
1573 1344 1645 1372 ἰδὼν
1671 1345 1731 1379 τὴν
1746 1343 1851 1378 μητέρα

1068 1393 1118 1419 καὶ
1134 1392 1188 1418 τὸν
1204 1390 1344 1425 μαθητὴν
1367 1390 1542 1425 παρεστῶτα
1559 1390 1595 1417 ὃν
1606 1390 1721 1425 ἠγάπα,
1732 1389 1809 1424 λέγει
1819 1387 1850 1422 τῇ

1066 1438 1156 1473 μητρὶ
1169 1436 1263 1464 αὐτοῦ
1276 1445 1283 1452 ·
1297 1437 1404 1468 Γύναι,
1419 1435 1484 1463 ἰδοὺ
1506 1437 1522 1462 ὀ
1534 1436 1599 1469 υίός
1617 1444 1677 1463 σου
1689 1445 1696 1451 -
1709 1434 1771 1462 εἶτα
1780 1435 1852 1468 λέγει

1068 1485 1108 1517 τῷ
1119 1482 1237 1518 μαθητῇ
1251 1491 1257 1497 ·
1280 1481 1356 1509 Ἰδοὺ
1375 1483 1394 1516 ἡ
1409 1483 1462 1516 μήτ
1469 1491 1505 1516 ηρ
1526 1491 1584 1509 σου
1596 1490 1603 1498 ·
1617 1483 1668 1509 καί
1688 1481 1853 1512 ἀπ’ὲθοείνης

1033 1543 1055 1572 C
1071 1530 1125 1565 τῆς
1147 1529 1225 1564 ὥρας
1251 1529 1420 1564 παρέλαϐεν
1444 1529 1542 1562 αὐτὴν
1562 1530 1578 1555 d
1593 1528 1734 1563 μαθητὴς
1749 1527 1855 1556 ἐκεῖνος

1072 1577 1115 1608 είς
1128 1575 1164 1602 τὰ
1178 1575 1251 1601 ἴδια·
1268 1574 1314 1601 καὶ
1334 1575 1363 1600 ὲν
1382 1575 1468 1609 ἑτέρῳ
1494 1573 1576 1600 πάλιν
1588 1582 1594 1588 ·
1613 1575 1667 1607 Ὃς
1692 1574 1742 1601 καὶ
1760 1572 1854 1600 ἀνέπε-

1071 1630 1128 1649 σεν
1143 1622 1178 1648 ἐν
1192 1621 1232 1653 τῷ
1246 1620 1359 1652 δείπνῳ
1382 1621 1431 1647 ἐπὶ
1444 1621 1477 1647 τὸ
1497 1619 1610 1654 στῆθος
1625 1620 1736 1652 αὑτοῦ,
1759 1618 1806 1646 καί
1822 1615 1856 1644 εῖ-

1071 1676 1128 1695 πεν
1140 1676 1146 1682 ·
1159 1669 1258 1703 Κύριε,
1274 1668 1320 1700 τίς
1343 1668 1429 1694 ἐστιν
1459 1668 1476 1694 d
1487 1666 1676 1700 παραδιδούς
1699 1675 1757 1699 (re;
1774 1665 1857 1691 Ταῦτα

1071 1713 1284 1750 ἀποκληρωτικὰ
1310 1713 1405 1748 ὥσπερ
1426 1714 1487 1739 τινὰ
1509 1713 1570 1740 ἕδνα
1599 1713 1728 1748 βασίλεια
1754 1712 1792 1747 τῷ
1806 1711 1857 1737 Θεοσ

1071 1760 1153 1796 λόγῳ,
1179 1759 1252 1795 φημὶ
1265 1759 1297 1794 δὴ
1312 1759 1342 1785 τὸ
1363 1760 1423 1786 κατ’
1448 1759 1546 1794 ἐξοχὴν
1565 1759 1642 1792 παρὰ
1669 1759 1737 1790 τοὺς
1757 1757 1860 1786 λοιποὺς

1073 1806 1196 1842 μαθητὰς
1217 1805 1270 1832 ὑπὸ
1293 1804 1379 1839 ἰησοῢ
1395 1804 1554 1838 ἀγαπᾶσθαι
1567 1812 1573 1818 ’
1589 1804 1605 1838 ἥ
1620 1812 1653 1830 τε
1678 1804 1727 1830 ἐπὶ
1739 1802 1786 1830 τοῦ
1801 1802 1860 1835 ἀκη-

1073 1853 1154 1887 ράτου
1182 1851 1297 1886 στήθους
1320 1851 1489 1881 ὲπίπτωσις·
1506 1850 1573 1884 πρὸς
1590 1849 1629 1883 τῷ
1654 1850 1703 1876 καὶ
1718 1849 1776 1876 υἱὸν
1791 1847 1859 1882 είρῆ-

1072 1899 1134 1926 σϐαι
1156 1899 1204 1933 τῆι,
1229 1897 1400 1932 Θεομήτορος
1412 1905 1418 1912 ·
1434 1897 1471 1928 ὡς
1490 1896 1593 1931 φοϐερά
1614 1896 1651 1922 τὰ
1667 1896 1744 1932 τρία,
1758 1894 1862 1928 Θάτιρον

1072 1945 1185 1980 θατέρου
1203 1943 1429 1979 ὑπεραιρόμενον,
1447 1943 1495 1970 καὶ
1508 1943 1624 1969 ’ἑκαστον
1637 1942 1739 1982 ἴλιγγά
1752 1949 1796 1976 μοι
1822 1939 1863 1974 φέ-

1073 2000 1118 2027 ρον
1134 1992 1269 2026 νοήματος
1281 1990 1319 2022 ὼς
1338 1989 1550 2024 ἐξαισιώμενον·
1578 1988 1712 2024 Ἀνδρέας
1736 1989 1764 2014 ὲν
1781 1986 1863 2022 μαθη-

1071 2039 1131 2069 ταῖς
1146 2036 1350 2072 πρωτόκλητος,
1365 2035 1422 2061 ἀλλ’
1434 2034 1512 2061 οὔπω
1525 2035 1673 2069 ἀγαπητὸν
1701 2034 1791 2069 Ἰησοῦ
1806 2033 1865 2059 ἐαυ-

1071 2082 1116 2107 τδν
1129 2081 1273 2114 ὠνόμακεν
1288 2080 1325 2111 ὡς
1341 2077 1419 2111 οὗτος
1431 2087 1438 2094 ·
1459 2079 1562 2115 Πέτρος
1587 2079 1799 2114 πρωτόθρονος,
1813 2076 1866 2104 ἀλλ’

1071 2127 1125 2153 οὐδ’
1141 2126 1221 2158 αὐτὸς
1237 2126 1287 2161 τῆς
1304 2125 1434 2160 τοιαύτης
1451 2125 1638 2160 προσηγορίας
1651 2125 1818 2160 τετύχηκεν.
1834 2122 1867 2148 Τὸ

1072 2173 1144 2198 θεῖον
1159 2172 1264 2203 ἀπαθές
1277 2179 1282 2186 ·
1300 2171 1418 2206 Χριστὸς
1433 2171 1462 2203 EE
1481 2171 1539 2197 ἴσου
1552 2170 1641 2197 ἅπασι
1667 2171 1722 2206 τὴν
1746 2172 1795 2205 τῆς
1807 2169 1868 2202 ἁγά-

237 2221 288 2247 bus
301 2220 430 2247 immunis
445 2224 496 2247 est.
508 2219 636 2247 Christus
655 2228 688 2248 ex
708 2229 786 2256 ecquo
801 2221 938 2248 universis
953 2221 1017 2248 dile-

1075 2227 1130 2253 πης
1152 2219 1250 2245 ἀκτῖνα
1279 2218 1391 2253 ἀφίησιν
1405 2226 1412 2232 ·
1427 2217 1515 2248 ἄλλως
1542 2225 1572 2243 τε
1595 2218 1620 2243 εί
1644 2217 1756 2253 Πέτρος
1783 2215 1868 2243 πλεῖον

232 2265 334 2293 ctionis
359 2266 465 2292 radium
484 2266 617 2293 immittit.
640 2265 773 2294 Prmterea
792 2266 948 2300 :siquidem
970 2265 1020 2294 Pe-

233 2316 292 2339 trus
321 2312 382 2346 plus
414 2311 542 2340 omnibus
568 2316 660 2345 amat,
692 2317 723 2340 ut
754 2312 811 2346 ipse
837 2313 1019 2347 interrogatus

232 2357 376 2384 confessus
397 2357 480 2390 est“.
494 2357 675 2393 Christusque
695 2358 897 2386 confessionem
919 2358 1018 2385 confir-

230 2402 330 2434 mavit,
356 2403 426 2430 trina
454 2403 498 2430 illa
527 2403 742 2438 interrogatione
764 2412 795 2431 ac
820 2404 1015 2438 responsione;

229 2447 343 2482 ejusque
356 2448 540 2476 confessionis
554 2449 678 2483 praemio,
693 2457 792 2476 munus
803 2449 872 2476 alios
886 2448 1015 2483 pascendi

229 2493 349 2528 accepit;
365 2494 425 2528 plus
448 2493 565 2521 fortasse
588 2495 668 2521 etiam
686 2494 779 2521 debuit
803 2494 955 2528 redamari;
975 2503 1016 2521 rc-

229 2539 297 2566 ﬂexo
316 2546 429 2566 munere
448 2546 481 2566 ac
500 2539 651 2574 reciproco.
674 2538 807 2566 Existimo
825 2545 915 2566 autem
933 2539 1016 2574 virgi-

229 2585 323 2612 nitatis
349 2585 538 2612 excellentiam
569 2585 594 2612 in
619 2593 703 2612 causa
728 2585 823 2612 fuisse.
849 2584 922 2612 Cur?
946 2585 1014 2618 Quia

227 2630 370 2661 nimirum,
386 2630 493 2658 tametsi
510 2630 580 2658 lueis
595 2630 687 2658 radius
700 2629 785 2665 aequis
798 2630 970 2664 portionibus
986 2631 1013 2658 in

228 2677 273 2704 illa
300 2677 410 2712 specula
436 2676 572 2703 incidebat
593 2678 667 2711 (nam
695 2684 791 2704 omnes
814 2677 928 2711 apostoli
956 2677 1015 2712 puri

227 2727 314 2755 erant,
335 2727 364 2749 ut
386 2722 424 2749 ait
448 2722 656 2757 Scriptura”);
683 2722 717 2749 ob
742 2722 905 2758 virginitatis
925 2728 1015 2750 tamen

263 2837 285 2852 "
297 2835 368 2863 Psal.
381 2842 513 2867 cxxxvut,
534 2835 561 2862 (ί.
601 2834 622 2851 ’δ
633 2834 712 2862 Juan.
731 2843 787 2867 xit,
801 2834 846 2867 26,
859 2834 904 2862 27.

946 2835 967 2850 "
981 2833 1059 2862 Joan.
1076 2842 1136 2868 xm,
1151 2836 1196 2862 93.

1074 2265 1169 2300 ἀγαπᾷ
1183 2265 1310 2291 ἀπάντων
1324 2264 1361 2296 ὡς
1375 2263 1524 2299 ἐρωτηθεὶς
1547 2262 1746 2299 ὡμολόγησεν,
1763 2263 1810 2289 καὶ
1825 2261 1869 2295 τὴν

1072 2309 1218 2345 ὁμολογίαν
1250 2309 1368 2344 Χριστὸς
1404 2309 1588 2340 ἐϐεεαίωσεν,
1609 2308 1660 2335 διὰ
1683 2309 1736 2344 τῆς
1761 2306 1870 2344 τρισσῆς

1073 2356 1197 2387 πεύσεώς
1212 2363 1242 2382 τε
1258 2355 1306 2382 καὶ
1320 2354 1504 2389 ἀποκρίσεως,
1519 2352 1553 2390 ἧς
1568 2355 1675 2390 προῖκα
1694 2355 1744 2381 καὶ
1770 2354 1799 2380 τὸ
1811 2352 1870 2382 τοὺς

1071 2401 1167 2432 ἄλλους
1187 2401 1343 2435 ποιμαίνειν
1365 2400 1487 2435 εἴληφεν,
1512 2400 1560 2427 καὶ
1582 2400 1805 2434 ἀνταγαπᾶσθαι
1826 2407 1868 2424 τυ-

1071 2448 1118 2482 χὸν
1145 2447 1237 2473 πλεῖον
1257 2445 1382 2480 ὤφειλεν,
1404 2446 1548 2482 καμπύλον
1571 2446 1601 2472 τὸ
1616 2445 1727 2482 λῆμμα
1740 2455 1747 2462 ·
1769 2445 1815 2472 καί
1829 2451 1869 2479 μοι

1069 2493 1143 2519 δοκεῖ
1162 2492 1192 2518 τὺ
1208 2492 1257 2527 τῆς
1279 2492 1429 2527 παρθενίας
1453 2492 1545 2527 χρῆμα
1569 2489 1643 2518 εἶναι
1668 2492 1777 2518 αἴτιον·
1796 2490 1867 2520 πῶςς

1068 2539 1110 2565 ὃτι
1136 2539 1159 2565 εί
1184 2539 1231 2564 καὶ
1254 2539 1297 2564 ἐπ’
1314 2537 1375 2574 ἴσης
1401 2538 1449 2565 τοῦ
1475 2539 1564 2572 φωτὸς
1586 2538 1700 2573 ὴβολὶς
1726 2539 1784 2570 τοῖς
1809 2543 1870 2563 κατ-

1069 2584 1190 2619 όπτροις,
1214 2584 1330 2619 ἐπείπερ
1354 2584 1457 2616 πάντες
1479 2584 1657 2619 καθαρο“ι,ὼς
1672 2586 1687 2612 ὁ
1705 2585 1806 2619 Λόγος,
1817 2582 1870 2610 an:

1068 2633 1143 2667 ὅμως
1157 2633 1189 2668 τῇ
1205 2633 1255 2667 τῆς
1270 2632 1421 2668 παρθενίας
1444 2632 1550 2667 στίλψει
1578 2632 1773 2669 δεειδέστερον
1789 2633 1817 2659 ὲν
1837 2629 1872 2664 τῷ

1070 2679 1109 2705 ἐνὶ
1123 2679 1198 2715 παρά
1213 2679 1277 2710 τοὺς
1292 2679 1439 2714 ὁμοταγεῐς
1459 2679 1559 2706 ὲνίεται
1571 2687 1578 2695 ·
1595 2679 1620 2705 εί
1642 2681 1696 2707 καὶ
1722 2677 1871 2715 παράδοξός

1069 2733 1128 2756 πως
1144 2725 1158 2750 ὁ
1174 2725 1252 2759 λόγος
1265 2733 1271 2740 ·
1287 2724 1333 2751 καὶ
1351 2724 1430 2751 τοῦτό
1451 2726 1509 2751 ἐστι
1535 2725 1626 2751 πλεῖον
1645 2727 1689 2757 είς
1706 2726 1831 2760 ἀγάπην,
1846 2722 1871 2747 τὸ

1237 2834 1349 2862 “.loan.
1367 2843 1423 2867 xxi.
1442 2835 1483 2862 i5.
1525 2834 1638 2862 "Joan.
1657 2843 1707 2868 xv,
1725 2837 1756 2863 5.
