  <div class='ocr_page' id='page_1' title='image "/cluster/home/n/w/nwhite01/storage/ocr_20150623/99/njp.32101010943858/422.png"; bbox 0 0 1924 3077; ppageno 0'>
   <div class='ocr_carea' id='block_1_1' title="bbox 120 152 172 184">
    <p class='ocr_par' dir='ltr' id='par_1_1' title="bbox 120 152 172 184">
     <span class='ocr_line' id='line_1_1' title="bbox 120 152 172 184; baseline 0.019 -1"><span class='ocrx_word' id='word_1_1' title='bbox 120 152 172 184; x_wconf 83' lang='lat'><strong>785</strong></span> 
     </span>
    </p>
   </div>
   <div class='ocr_carea' id='block_1_2' title="bbox 536 151 1380 186">
    <p class='ocr_par' dir='ltr' id='par_1_2' title="bbox 536 151 1380 186">
     <span class='ocr_line' id='line_1_2' title="bbox 536 151 1380 186; baseline 0.005 -5"><span class='ocrx_word' id='word_1_2' title='bbox 536 151 677 182; x_wconf 84' lang='lat' dir='ltr'><strong>ORATIO</strong></span> <span class='ocrx_word' id='word_1_3' title='bbox 690 151 743 182; x_wconf 84' lang='grc' dir='ltr'><strong>ΙΧ.</strong></span> <span class='ocrx_word' id='word_1_4' title='bbox 759 163 794 170; x_wconf 87' lang='grc'><strong><em>-</em></strong></span> <span class='ocrx_word' id='word_1_5' title='bbox 808 152 1002 183; x_wconf 78' lang='lat' dir='ltr'><strong>LAUDATIO</strong></span> <span class='ocrx_word' id='word_1_6' title='bbox 1021 153 1050 183; x_wconf 86' lang='lat' dir='ltr'><strong>S.</strong></span> <span class='ocrx_word' id='word_1_7' title='bbox 1064 153 1226 184; x_wconf 74' lang='lat' dir='ltr'><strong>JOANNIS</strong></span> <span class='ocrx_word' id='word_1_8' title='bbox 1246 155 1380 186; x_wconf 76' lang='lat' dir='ltr'><strong>EVANG.</strong></span> 
     </span>
    </p>
   </div>
   <div class='ocr_carea' id='block_1_3' title="bbox 1705 159 1758 188">
    <p class='ocr_par' dir='ltr' id='par_1_3' title="bbox 1705 159 1758 188">
     <span class='ocr_line' id='line_1_3' title="bbox 1705 159 1758 188; baseline -0.019 0"><span class='ocrx_word' id='word_1_9' title='bbox 1705 159 1758 188; x_wconf 74' lang='grc'><strong>786</strong></span> 
     </span>
    </p>
   </div>
   <div class='ocr_carea' id='block_1_4' title="bbox 120 208 909 247">
    <p class='ocr_par' dir='ltr' id='par_1_4' title="bbox 120 208 909 245">
     <span class='ocr_line' id='line_1_4' title="bbox 120 208 909 245; baseline 0.003 -11"><span class='ocrx_word' id='word_1_10' title='bbox 120 209 177 243; x_wconf 62' lang='grc' dir='ltr'>φῶς</span> <span class='ocrx_word' id='word_1_11' title='bbox 205 208 298 235; x_wconf 86' lang='grc' dir='ltr'>πλεῖον</span> <span class='ocrx_word' id='word_1_12' title='bbox 325 208 498 244; x_wconf 77' lang='grc' dir='ltr'><strong>λαμπρύνειν</strong></span> <span class='ocrx_word' id='word_1_13' title='bbox 518 208 564 235; x_wconf 81' lang='grc' dir='ltr'><strong>τὸν</strong></span> <span class='ocrx_word' id='word_1_14' title='bbox 585 209 766 245; x_wconf 78' lang='grc' dir='ltr'>διειδέστερον</span> <span class='ocrx_word' id='word_1_15' title='bbox 782 209 909 245; x_wconf 79' lang='grc' dir='ltr'><strong>μέτοχον¹</strong></span> 
     </span>
    </p>
   </div>
   <div class='ocr_carea' id='block_1_5' title="bbox 963 208 1758 247">
    <p class='ocr_par' dir='ltr' id='par_1_5' title="bbox 966 211 1758 247">
     <span class='ocr_line' id='line_1_5' title="bbox 966 211 1758 247; baseline 0.008 -10"><span class='ocrx_word' id='word_1_16' title='bbox 966 211 1084 238; x_wconf 88' lang='lat' dir='ltr'><strong>nitorem</strong></span> <span class='ocrx_word' id='word_1_17' title='bbox 1110 211 1138 238; x_wconf 90' lang='lat' dir='ltr'><strong>in</strong></span> <span class='ocrx_word' id='word_1_18' title='bbox 1158 219 1243 238; x_wconf 90' lang='lat' dir='ltr'><strong>unum</strong></span> <span class='ocrx_word' id='word_1_19' title='bbox 1266 219 1323 246; x_wconf 74' lang='lat' dir='ltr'><strong>prae</strong></span> <span class='ocrx_word' id='word_1_20' title='bbox 1344 212 1456 247; x_wconf 81' lang='lat' dir='ltr'><strong>collegis</strong></span> <span class='ocrx_word' id='word_1_21' title='bbox 1474 213 1535 241; x_wconf 88' lang='lat' dir='ltr'><strong>aliis</strong></span> <span class='ocrx_word' id='word_1_22' title='bbox 1551 214 1699 242; x_wconf 87' lang='lat' dir='ltr'><strong>dilucidior</strong></span> <span class='ocrx_word' id='word_1_23' title='bbox 1717 216 1758 243; x_wconf 88' lang='lat' dir='ltr'><strong>fe-</strong></span> 
     </span>
    </p>
   </div>
   <div class='ocr_carea' id='block_1_6' title="bbox 117 254 914 290">
    <p class='ocr_par' dir='ltr' id='par_1_6' title="bbox 117 254 914 290">
     <span class='ocr_line' id='line_1_6' title="bbox 117 254 914 290; baseline 0.001 -10"><span class='ocrx_word' id='word_1_24' title='bbox 117 255 142 281; x_wconf 79' lang='grc' dir='ltr'><strong>εί</strong></span> <span class='ocrx_word' id='word_1_25' title='bbox 167 254 197 281; x_wconf 79' lang='grc' dir='ltr'><strong>δὲ</strong></span> <span class='ocrx_word' id='word_1_26' title='bbox 221 255 261 281; x_wconf 77' lang='grc' dir='ltr'><strong>ὅτι</strong></span> <span class='ocrx_word' id='word_1_27' title='bbox 286 254 368 280; x_wconf 83' lang='grc' dir='ltr'>πλέον</span> <span class='ocrx_word' id='word_1_28' title='bbox 393 254 488 289; x_wconf 78' lang='grc' dir='ltr'>ἀγαπᾷ</span> <span class='ocrx_word' id='word_1_29' title='bbox 508 254 612 288; x_wconf 79' lang='grc' dir='ltr'><strong>Πέτρος</strong></span> <span class='ocrx_word' id='word_1_30' title='bbox 633 255 810 290; x_wconf 71' lang='grc' dir='ltr'>προΐσταται,</span> <span class='ocrx_word' id='word_1_31' title='bbox 825 255 914 281; x_wconf 79' lang='grc' dir='ltr'>ἐκεῖνό</span> 
     </span>
    </p>
   </div>
   <div class='ocr_carea' id='block_1_7' title="bbox 119 299 915 336">
    <p class='ocr_par' dir='ltr' id='par_1_7' title="bbox 119 299 915 336">
     <span class='ocr_line' id='line_1_7' title="bbox 119 299 915 336; baseline 0.001 -10"><span class='ocrx_word' id='word_1_32' title='bbox 119 307 164 334; x_wconf 86' lang='grc' dir='ltr'>μοι</span> <span class='ocrx_word' id='word_1_33' title='bbox 178 299 287 334; x_wconf 78' lang='grc' dir='ltr'><strong>ῥητέον,</strong></span> <span class='ocrx_word' id='word_1_34' title='bbox 300 299 342 326; x_wconf 81' lang='grc' dir='ltr'><strong>ὄτι</strong></span> <span class='ocrx_word' id='word_1_35' title='bbox 359 299 389 326; x_wconf 82' lang='grc' dir='ltr'><strong>οὐ</strong></span> <span class='ocrx_word' id='word_1_36' title='bbox 405 299 436 325; x_wconf 74' lang='grc' dir='ltr'>τὸ</span> <span class='ocrx_word' id='word_1_37' title='bbox 449 299 605 335; x_wconf 81' lang='grc' dir='ltr'>πλησιάσαν</span> <span class='ocrx_word' id='word_1_38' title='bbox 622 299 703 334; x_wconf 81' lang='grc' dir='ltr'>σῶμα</span> <span class='ocrx_word' id='word_1_39' title='bbox 717 300 755 336; x_wconf 85' lang='grc' dir='ltr'><strong>τῷ</strong></span> <span class='ocrx_word' id='word_1_40' title='bbox 766 301 836 335; x_wconf 73' lang='grc' dir='ltr'>φωτὶ</span> <span class='ocrx_word' id='word_1_41' title='bbox 849 301 915 336; x_wconf 73' lang='grc' dir='ltr'>μᾶλ-</span> 
     </span>
    </p>
   </div>
   <div class='ocr_carea' id='block_1_8' title="bbox 118 345 914 382">
    <p class='ocr_par' dir='ltr' id='par_1_8' title="bbox 118 345 914 382">
     <span class='ocr_line' id='line_1_8' title="bbox 118 345 914 382; baseline 0.003 -11"><span class='ocrx_word' id='word_1_42' title='bbox 118 346 163 372; x_wconf 79' lang='grc' dir='ltr'><strong>λον</strong></span> <span class='ocrx_word' id='word_1_43' title='bbox 189 345 354 380; x_wconf 74' lang='grc' dir='ltr'><strong>φωτίζεται,</strong></span> <span class='ocrx_word' id='word_1_44' title='bbox 368 345 426 372; x_wconf 74' lang='grc' dir='ltr'>ἀλλ’</span> <span class='ocrx_word' id='word_1_45' title='bbox 443 346 457 372; x_wconf 86' lang='grc' dir='ltr'><strong>ὃ</strong></span> <span class='ocrx_word' id='word_1_46' title='bbox 471 346 523 381; x_wconf 85' lang='grc' dir='ltr'><strong>τὴν</strong></span> <span class='ocrx_word' id='word_1_47' title='bbox 548 346 630 380; x_wconf 82' lang='grc' dir='ltr'>φύσιν</span> <span class='ocrx_word' id='word_1_48' title='bbox 652 346 846 382; x_wconf 82' lang='grc' dir='ltr'>διειδεστέραν,</span> <span class='ocrx_word' id='word_1_49' title='bbox 862 347 914 373; x_wconf 80' lang='grc' dir='ltr'><strong>κᾶν</strong></span> 
     </span>
    </p>
   </div>
   <div class='ocr_carea' id='block_1_9' title="bbox 117 391 914 427">
    <p class='ocr_par' dir='ltr' id='par_1_9' title="bbox 117 391 914 427">
     <span class='ocr_line' id='line_1_9' title="bbox 117 391 914 427; baseline 0.003 -10"><span class='ocrx_word' id='word_1_50' title='bbox 117 391 168 418; x_wconf 82' lang='grc' dir='ltr'>οὐκ</span> <span class='ocrx_word' id='word_1_51' title='bbox 183 391 276 425; x_wconf 75' lang='grc' dir='ltr'>ἔγγιον</span> <span class='ocrx_word' id='word_1_52' title='bbox 288 391 438 426; x_wconf 83' lang='grc' dir='ltr'>κέκτηται·</span> <span class='ocrx_word' id='word_1_53' title='bbox 457 392 481 418; x_wconf 80' lang='grc' dir='ltr'>εἰ</span> <span class='ocrx_word' id='word_1_54' title='bbox 495 391 525 418; x_wconf 80' lang='grc' dir='ltr'><strong>δέ</strong></span> <span class='ocrx_word' id='word_1_55' title='bbox 542 399 583 418; x_wconf 89' lang='grc' dir='ltr'><strong>σοι</strong></span> <span class='ocrx_word' id='word_1_56' title='bbox 594 392 608 418; x_wconf 83' lang='grc' dir='ltr'><strong>ό</strong></span> <span class='ocrx_word' id='word_1_57' title='bbox 623 391 702 426; x_wconf 82' lang='grc' dir='ltr'>λόγος</span> <span class='ocrx_word' id='word_1_58' title='bbox 719 392 835 427; x_wconf 77' lang='grc' dir='ltr'>ἀσθενὴς</span> <span class='ocrx_word' id='word_1_59' title='bbox 849 392 914 427; x_wconf 83' lang='grc' dir='ltr'>φαί-</span> 
     </span>
    </p>
   </div>
   <div class='ocr_carea' id='block_1_10' title="bbox 118 437 915 474">
    <p class='ocr_par' dir='ltr' id='par_1_10' title="bbox 118 437 915 474">
     <span class='ocr_line' id='line_1_10' title="bbox 118 437 915 474; baseline 0.001 -11"><span class='ocrx_word' id='word_1_60' title='bbox 118 446 190 464; x_wconf 86' lang='grc' dir='ltr'>νοιτο</span> <span class='ocrx_word' id='word_1_61' title='bbox 208 438 261 469; x_wconf 79' lang='grc' dir='ltr'>ἔτι,</span> <span class='ocrx_word' id='word_1_62' title='bbox 277 439 291 464; x_wconf 84' lang='grc' dir='ltr'><strong><em>ὁ</em></strong></span> <span class='ocrx_word' id='word_1_63' title='bbox 307 437 397 472; x_wconf 78' lang='grc' dir='ltr'>βαλὼν</span> <span class='ocrx_word' id='word_1_64' title='bbox 411 438 459 464; x_wconf 82' lang='grc' dir='ltr'>καὶ</span> <span class='ocrx_word' id='word_1_65' title='bbox 475 438 591 465; x_wconf 78' lang='grc' dir='ltr'>ἰάσεται.</span> <span class='ocrx_word' id='word_1_66' title='bbox 616 437 758 464; x_wconf 80' lang='grc' dir='ltr'><strong>Ἐντεῦθεν</strong></span> <span class='ocrx_word' id='word_1_67' title='bbox 773 439 790 473; x_wconf 85' lang='grc' dir='ltr'>ἠ</span> <span class='ocrx_word' id='word_1_68' title='bbox 803 439 915 474; x_wconf 80' lang='grc' dir='ltr'>ἐπιστη-</span> 
     </span>
    </p>
   </div>
   <div class='ocr_carea' id='block_1_11' title="bbox 118 483 913 520">
    <p class='ocr_par' dir='ltr' id='par_1_11' title="bbox 118 483 913 520">
     <span class='ocr_line' id='line_1_11' title="bbox 118 483 913 520; baseline 0.001 -10"><span class='ocrx_word' id='word_1_69' title='bbox 118 483 176 515; x_wconf 75' lang='grc' dir='ltr'>θιος</span> <span class='ocrx_word' id='word_1_70' title='bbox 199 483 394 519; x_wconf 69' lang='grc' dir='ltr'>πρόσπτωσις*</span> <span class='ocrx_word' id='word_1_71' title='bbox 408 483 431 510; x_wconf 85' lang='grc' dir='ltr'>ὢ</span> <span class='ocrx_word' id='word_1_72' title='bbox 452 485 500 510; x_wconf 78' lang='grc' dir='ltr'><strong>τοῦ</strong></span> <span class='ocrx_word' id='word_1_73' title='bbox 517 484 673 518; x_wconf 78' lang='grc' dir='ltr'>ἀξιώματος</span> <span class='ocrx_word' id='word_1_74' title='bbox 687 485 693 511; x_wconf 76' lang='grc' dir='ltr'><strong>ι</strong></span> <span class='ocrx_word' id='word_1_75' title='bbox 710 484 744 511; x_wconf 85' lang='grc' dir='ltr'>τὰ</span> <span class='ocrx_word' id='word_1_76' title='bbox 769 484 913 520; x_wconf 76' lang='grc' dir='ltr'>χερουϐὶμ,</span> 
     </span>
    </p>
   </div>
   <div class='ocr_carea' id='block_1_12' title="bbox 118 530 912 566">
    <p class='ocr_par' dir='ltr' id='par_1_12' title="bbox 118 530 912 566">
     <span class='ocr_line' id='line_1_12' title="bbox 118 530 912 566; baseline 0 -9"><span class='ocrx_word' id='word_1_77' title='bbox 118 531 188 557; x_wconf 82' lang='grc' dir='ltr'>Θεοῦ</span> <span class='ocrx_word' id='word_1_78' title='bbox 214 531 318 566; x_wconf 73' lang='grc' dir='ltr'>ὄχημα,</span> <span class='ocrx_word' id='word_1_79' title='bbox 343 530 392 557; x_wconf 72' lang='grc' dir='ltr'><strong>καὶ</strong></span> <span class='ocrx_word' id='word_1_80' title='bbox 411 530 540 566; x_wconf 79' lang='grc' dir='ltr'><strong>Ἰωάννης</strong></span> <span class='ocrx_word' id='word_1_81' title='bbox 563 531 735 566; x_wconf 81' lang='grc' dir='ltr'>ὲπιστέρνιον</span> <span class='ocrx_word' id='word_1_82' title='bbox 756 530 912 566; x_wconf 81' lang='grc' dir='ltr'>ἀνάκλιμα’</span> 
     </span>
    </p>
   </div>
   <div class='ocr_carea' id='block_1_13' title="bbox 118 573 913 610">
    <p class='ocr_par' dir='ltr' id='par_1_13' title="bbox 118 573 913 610">
     <span class='ocr_line' id='line_1_13' title="bbox 118 573 913 610; baseline -0.003 -8"><span class='ocrx_word' id='word_1_83' title='bbox 118 575 242 609; x_wconf 79' lang='grc' dir='ltr'>Μωῡσῆς</span> <span class='ocrx_word' id='word_1_84' title='bbox 259 575 336 610; x_wconf 84' lang='grc' dir='ltr'>μόλις</span> <span class='ocrx_word' id='word_1_85' title='bbox 350 575 406 602; x_wconf 84' lang='grc' dir='ltr'>ῐδεν</span> <span class='ocrx_word' id='word_1_86' title='bbox 417 574 486 601; x_wconf 82' lang='grc' dir='ltr'><strong>Θεοῦ</strong></span> <span class='ocrx_word' id='word_1_87' title='bbox 498 575 531 601; x_wconf 85' lang='grc' dir='ltr'><strong>τὰ</strong></span> <span class='ocrx_word' id='word_1_88' title='bbox 547 574 659 601; x_wconf 81' lang='grc' dir='ltr'>ὀπίσθια</span> <span class='ocrx_word' id='word_1_89' title='bbox 674 575 722 601; x_wconf 80' lang='grc' dir='ltr'>καὶ</span> <span class='ocrx_word' id='word_1_90' title='bbox 735 573 823 601; x_wconf 82' lang='grc' dir='ltr'>ταῦτα</span> <span class='ocrx_word' id='word_1_91' title='bbox 833 575 913 608; x_wconf 78' lang='grc' dir='ltr'>αἰτη-</span> 
     </span>
    </p>
   </div>
   <div class='ocr_carea' id='block_1_14' title="bbox 119 621 913 658">
    <p class='ocr_par' dir='ltr' id='par_1_14' title="bbox 119 621 913 658">
     <span class='ocr_line' id='line_1_14' title="bbox 119 621 913 658; baseline -0.003 -9"><span class='ocrx_word' id='word_1_92' title='bbox 119 623 255 658; x_wconf 79' lang='grc' dir='ltr'>σάμενος·</span> <span class='ocrx_word' id='word_1_93' title='bbox 282 623 329 650; x_wconf 84' lang='grc' dir='ltr'>καὶ</span> <span class='ocrx_word' id='word_1_94' title='bbox 351 622 479 657; x_wconf 82' lang='grc' dir='ltr'><strong>Ἰωάννης</strong></span> <span class='ocrx_word' id='word_1_95' title='bbox 503 622 725 656; x_wconf 83' lang='grc' dir='ltr'>αὐτεπάγγελτος</span> <span class='ocrx_word' id='word_1_96' title='bbox 747 621 913 657; x_wconf 72' lang='grc' dir='ltr'>ἐπίπροσθεν</span> 
     </span>
    </p>
   </div>
   <div class='ocr_carea' id='block_1_15' title="bbox 119 667 914 704">
    <p class='ocr_par' dir='ltr' id='par_1_15' title="bbox 119 667 914 704">
     <span class='ocr_line' id='line_1_15' title="bbox 119 667 914 704; baseline -0.005 -8"><span class='ocrx_word' id='word_1_97' title='bbox 119 670 249 704; x_wconf 76' lang='grc' dir='ltr'>περιφὺς,</span> <span class='ocrx_word' id='word_1_98' title='bbox 271 669 318 695; x_wconf 81' lang='grc' dir='ltr'>καὶ</span> <span class='ocrx_word' id='word_1_99' title='bbox 346 668 513 696; x_wconf 86' lang='grc' dir='ltr'>πυνθάνεται</span> <span class='ocrx_word' id='word_1_100' title='bbox 534 669 627 695; x_wconf 80' lang='grc' dir='ltr'>ἐκεῖνα</span> <span class='ocrx_word' id='word_1_101' title='bbox 648 667 750 703; x_wconf 83' lang='grc' dir='ltr'>δηλαδὴ</span> <span class='ocrx_word' id='word_1_102' title='bbox 773 667 791 694; x_wconf 76' lang='grc' dir='ltr'>ἃ</span> <span class='ocrx_word' id='word_1_103' title='bbox 810 667 914 702; x_wconf 84' lang='grc' dir='ltr'><strong>Πέτρος</strong></span> 
     </span>
    </p>
   </div>
   <div class='ocr_carea' id='block_1_16' title="bbox 116 712 915 751">
    <p class='ocr_par' dir='ltr' id='par_1_16' title="bbox 116 712 915 751">
     <span class='ocr_line' id='line_1_16' title="bbox 116 712 915 751; baseline -0.004 -9"><span class='ocrx_word' id='word_1_104' title='bbox 116 718 131 743; x_wconf 71' lang='grc' dir='ltr'>ὁ</span> <span class='ocrx_word' id='word_1_105' title='bbox 145 717 296 751; x_wconf 71' lang='grc' dir='ltr'><strong>κορυφαῖος</strong></span> <span class='ocrx_word' id='word_1_106' title='bbox 309 715 459 751; x_wconf 68' lang='grc' dir='ltr'>θαρρήσειν</span> <span class='ocrx_word' id='word_1_107' title='bbox 474 715 525 742; x_wconf 86' lang='grc' dir='ltr'>οὒκ</span> <span class='ocrx_word' id='word_1_108' title='bbox 543 715 668 750; x_wconf 71' lang='grc' dir='ltr'>ἤνεγκεν,</span> <span class='ocrx_word' id='word_1_109' title='bbox 681 714 744 746; x_wconf 79' lang='grc' dir='ltr'>δοὺς</span> <span class='ocrx_word' id='word_1_110' title='bbox 770 712 860 748; x_wconf 82' lang='grc' dir='ltr'>ἐαυτῷ</span> <span class='ocrx_word' id='word_1_111' title='bbox 879 713 915 740; x_wconf 79' lang='grc' dir='ltr'><strong>τὰ</strong></span> 
     </span>
    </p>
   </div>
   <div class='ocr_carea' id='block_1_17' title="bbox 117 760 914 798">
    <p class='ocr_par' dir='ltr' id='par_1_17' title="bbox 117 760 914 798">
     <span class='ocr_line' id='line_1_17' title="bbox 117 760 914 798; baseline -0.004 -9"><span class='ocrx_word' id='word_1_112' title='bbox 117 763 255 798; x_wconf 71' lang='grc' dir='ltr'>δευτέρια,</span> <span class='ocrx_word' id='word_1_113' title='bbox 273 763 308 797; x_wconf 79' lang='grc' dir='ltr'><strong>τῇ</strong></span> <span class='ocrx_word' id='word_1_114' title='bbox 335 762 376 793; x_wconf 86' lang='grc' dir='ltr'><strong>είς</strong></span> <span class='ocrx_word' id='word_1_115' title='bbox 396 761 526 797; x_wconf 83' lang='grc' dir='ltr'>Ἰωάννην</span> <span class='ocrx_word' id='word_1_116' title='bbox 552 762 738 796; x_wconf 80' lang='grc' dir='ltr'><strong>προτιμήσει·</strong></span> <span class='ocrx_word' id='word_1_117' title='bbox 753 760 914 796; x_wconf 76' lang='grc' dir='ltr'><strong>ἀμφοτέρας</strong></span> 
     </span>
    </p>
   </div>
   <div class='ocr_carea' id='block_1_18' title="bbox 117 805 914 843">
    <p class='ocr_par' dir='ltr' id='par_1_18' title="bbox 117 805 914 843">
     <span class='ocr_line' id='line_1_18' title="bbox 117 805 914 843; baseline -0.003 -9"><span class='ocrx_word' id='word_1_118' title='bbox 117 808 167 839; x_wconf 76' lang='grc' dir='ltr'><strong>τὰς</strong></span> <span class='ocrx_word' id='word_1_119' title='bbox 183 808 300 843; x_wconf 79' lang='grc' dir='ltr'>θεωρίας</span> <span class='ocrx_word' id='word_1_120' title='bbox 317 806 463 840; x_wconf 78' lang='grc' dir='ltr'><strong>ἐξετάζων,</strong></span> <span class='ocrx_word' id='word_1_121' title='bbox 473 807 568 842; x_wconf 85' lang='grc' dir='ltr'>γνοίης</span> <span class='ocrx_word' id='word_1_122' title='bbox 584 805 640 833; x_wconf 71' lang='grc' dir='ltr'>οἷον</span> <span class='ocrx_word' id='word_1_123' title='bbox 658 808 704 833; x_wconf 73' lang='grc' dir='ltr'><strong>καὶ</strong></span> <span class='ocrx_word' id='word_1_124' title='bbox 719 805 812 842; x_wconf 81' lang='grc' dir='ltr'><strong>ἡλίκον</strong></span> <span class='ocrx_word' id='word_1_125' title='bbox 823 805 852 832; x_wconf 85' lang='grc' dir='ltr'>τὺ</span> <span class='ocrx_word' id='word_1_126' title='bbox 861 805 914 832; x_wconf 83' lang='grc' dir='ltr'><strong>ὑπ-</strong></span> 
     </span>
    </p>
   </div>
   <div class='ocr_carea' id='block_1_19' title="bbox 117 852 913 890">
    <p class='ocr_par' dir='ltr' id='par_1_19' title="bbox 117 852 913 890">
     <span class='ocr_line' id='line_1_19' title="bbox 117 852 913 890; baseline -0.003 -10"><span class='ocrx_word' id='word_1_127' title='bbox 117 854 244 890; x_wconf 76' lang='grc' dir='ltr'>εροχικὺν</span> <span class='ocrx_word' id='word_1_128' title='bbox 261 854 386 881; x_wconf 80' lang='grc' dir='ltr'>Ἰωάννου</span> <span class='ocrx_word' id='word_1_129' title='bbox 395 854 506 889; x_wconf 77' lang='grc' dir='ltr'>ἀξίωμα</span> <span class='ocrx_word' id='word_1_130' title='bbox 516 862 522 869; x_wconf 91' lang='grc'><strong>·</strong></span> <span class='ocrx_word' id='word_1_131' title='bbox 539 853 663 880; x_wconf 75' lang='grc' dir='ltr'><strong>ἐντεῦθέν</strong></span> <span class='ocrx_word' id='word_1_132' title='bbox 676 862 721 888; x_wconf 88' lang='grc' dir='ltr'>μοι</span> <span class='ocrx_word' id='word_1_133' title='bbox 731 853 807 880; x_wconf 88' lang='grc' dir='ltr'><strong>δοκεῖ</strong></span> <span class='ocrx_word' id='word_1_134' title='bbox 818 852 913 886; x_wconf 84' lang='grc' dir='ltr'>ὥσπερ</span> 
     </span>
    </p>
   </div>
   <div class='ocr_carea' id='block_1_20' title="bbox 967 257 1756 295">
    <p class='ocr_par' dir='ltr' id='par_1_20' title="bbox 967 257 1756 295">
     <span class='ocr_line' id='line_1_20' title="bbox 967 257 1756 295; baseline 0.006 -11"><span class='ocrx_word' id='word_1_135' title='bbox 967 257 1088 285; x_wconf 75' lang='lat' dir='ltr'><strong>rebatur.</strong></span> <span class='ocrx_word' id='word_1_136' title='bbox 1106 257 1267 292; x_wconf 78' lang='lat' dir='ltr'><strong>Quanquam</strong></span> <span class='ocrx_word' id='word_1_137' title='bbox 1295 266 1396 285; x_wconf 91' lang='lat' dir='ltr'><strong>novum</strong></span> <span class='ocrx_word' id='word_1_138' title='bbox 1424 259 1530 286; x_wconf 85' lang='lat' dir='ltr'><strong>videtur</strong></span> <span class='ocrx_word' id='word_1_139' title='bbox 1549 261 1622 295; x_wconf 90' lang='lat' dir='ltr'><strong>quod</strong></span> <span class='ocrx_word' id='word_1_140' title='bbox 1646 262 1756 290; x_wconf 85' lang='lat' dir='ltr'><strong>dicitur.</strong></span> 
     </span>
    </p>
   </div>
   <div class='ocr_carea' id='block_1_21' title="bbox 965 304 1755 341">
    <p class='ocr_par' dir='ltr' id='par_1_21' title="bbox 965 304 1755 341">
     <span class='ocr_line' id='line_1_21' title="bbox 965 304 1755 341; baseline 0.006 -11"><span class='ocrx_word' id='word_1_141' title='bbox 965 304 1053 338; x_wconf 82' lang='lat' dir='ltr'><strong>Atque</strong></span> <span class='ocrx_word' id='word_1_142' title='bbox 1077 304 1129 331; x_wconf 90' lang='lat' dir='ltr'><strong>hoc</strong></span> <span class='ocrx_word' id='word_1_143' title='bbox 1157 304 1246 338; x_wconf 84' lang='lat' dir='ltr'><strong>majus</strong></span> <span class='ocrx_word' id='word_1_144' title='bbox 1273 304 1377 339; x_wconf 90' lang='lat' dir='ltr'><strong>aliquid</strong></span> <span class='ocrx_word' id='word_1_145' title='bbox 1406 305 1439 332; x_wconf 84' lang='lat' dir='ltr'><strong>ad</strong></span> <span class='ocrx_word' id='word_1_146' title='bbox 1465 305 1640 334; x_wconf 72' lang='lat' dir='ltr'><strong>dilectionem</strong></span> <span class='ocrx_word' id='word_1_147' title='bbox 1665 307 1755 341; x_wconf 86' lang='lat' dir='ltr'><strong>habet,</strong></span> 
     </span>
    </p>
   </div>
   <div class='ocr_carea' id='block_1_22' title="bbox 965 348 1758 387">
    <p class='ocr_par' dir='ltr' id='par_1_22' title="bbox 965 348 1758 387">
     <span class='ocr_line' id='line_1_22' title="bbox 965 348 1758 387; baseline 0.008 -13"><span class='ocrx_word' id='word_1_148' title='bbox 965 348 1039 382; x_wconf 90' lang='lat' dir='ltr'><strong>quod</strong></span> <span class='ocrx_word' id='word_1_149' title='bbox 1064 348 1195 375; x_wconf 84' lang='lat' dir='ltr'><strong>nimirum</strong></span> <span class='ocrx_word' id='word_1_150' title='bbox 1217 348 1331 376; x_wconf 85' lang='lat' dir='ltr'><strong>nitidius</strong></span> <span class='ocrx_word' id='word_1_151' title='bbox 1351 357 1452 384; x_wconf 87' lang='lat' dir='ltr'><strong>corpus</strong></span> <span class='ocrx_word' id='word_1_152' title='bbox 1473 357 1505 378; x_wconf 88' lang='lat' dir='ltr'><strong>ac</strong></span> <span class='ocrx_word' id='word_1_153' title='bbox 1531 353 1619 387; x_wconf 85' lang='lat' dir='ltr'><strong>magis</strong></span> <span class='ocrx_word' id='word_1_154' title='bbox 1644 353 1758 387; x_wconf 78' lang='lat' dir='ltr'><strong>pelluci-</strong></span> 
     </span>
    </p>
   </div>
   <div class='ocr_carea' id='block_1_23' title="bbox 965 393 1757 428">
    <p class='ocr_par' dir='ltr' id='par_1_23' title="bbox 965 393 1757 428">
     <span class='ocr_line' id='line_1_23' title="bbox 965 393 1757 428; baseline 0.006 -9"><span class='ocrx_word' id='word_1_155' title='bbox 965 393 1042 425; x_wconf 90' lang='lat' dir='ltr'><strong>dum,</strong></span> <span class='ocrx_word' id='word_1_156' title='bbox 1057 393 1162 420; x_wconf 90' lang='lat' dir='ltr'><strong>lumine</strong></span> <span class='ocrx_word' id='word_1_157' title='bbox 1186 394 1272 428; x_wconf 88' lang='lat' dir='ltr'><strong>magis</strong></span> <span class='ocrx_word' id='word_1_158' title='bbox 1287 394 1451 422; x_wconf 85' lang='lat' dir='ltr'><strong>illustretur.</strong></span> <span class='ocrx_word' id='word_1_159' title='bbox 1469 395 1548 428; x_wconf 85' lang='lat' dir='ltr'><strong>Quod</strong></span> <span class='ocrx_word' id='word_1_160' title='bbox 1565 397 1588 423; x_wconf 91' lang='lat' dir='ltr'><strong>si</strong></span> <span class='ocrx_word' id='word_1_161' title='bbox 1604 395 1703 424; x_wconf 85' lang='lat' dir='ltr'><strong>Petrus</strong></span> <span class='ocrx_word' id='word_1_162' title='bbox 1725 405 1757 424; x_wconf 83' lang='lat' dir='ltr'><strong>ea</strong></span> 
     </span>
    </p>
   </div>
   <div class='ocr_carea' id='block_1_24' title="bbox 965 439 1758 475">
    <p class='ocr_par' dir='ltr' id='par_1_24' title="bbox 965 439 1758 475">
     <span class='ocr_line' id='line_1_24' title="bbox 965 439 1758 475; baseline 0.005 -10"><span class='ocrx_word' id='word_1_163' title='bbox 965 439 1083 471; x_wconf 82' lang='lat' dir='ltr'><strong>ratione,</strong></span> <span class='ocrx_word' id='word_1_164' title='bbox 1099 439 1173 473; x_wconf 86' lang='lat' dir='ltr'><strong>quod</strong></span> <span class='ocrx_word' id='word_1_165' title='bbox 1194 439 1256 473; x_wconf 85' lang='lat' dir='ltr'><strong>plus</strong></span> <span class='ocrx_word' id='word_1_166' title='bbox 1281 446 1363 472; x_wconf 85' lang='lat' dir='ltr'><strong>amet,</strong></span> <span class='ocrx_word' id='word_1_167' title='bbox 1381 440 1534 475; x_wconf 65' lang='lat' dir='ltr'><strong>praefertur,</strong></span> <span class='ocrx_word' id='word_1_168' title='bbox 1558 441 1610 469; x_wconf 87' lang='lat' dir='ltr'><strong>hoc</strong></span> <span class='ocrx_word' id='word_1_169' title='bbox 1629 442 1695 469; x_wconf 93' lang='lat' dir='ltr'><strong>mihi</strong></span> <span class='ocrx_word' id='word_1_170' title='bbox 1711 450 1758 469; x_wconf 94' lang='lat' dir='ltr'><strong>oc-</strong></span> 
     </span>
    </p>
   </div>
   <div class='ocr_carea' id='block_1_25' title="bbox 966 484 1758 522">
    <p class='ocr_par' dir='ltr' id='par_1_25' title="bbox 966 484 1758 522">
     <span class='ocr_line' id='line_1_25' title="bbox 966 484 1758 522; baseline 0.005 -12"><span class='ocrx_word' id='word_1_171' title='bbox 966 484 1055 511; x_wconf 81' lang='lat' dir='ltr'><strong>currit</strong></span> <span class='ocrx_word' id='word_1_172' title='bbox 1069 484 1237 512; x_wconf 88' lang='lat' dir='ltr'><strong>dicendum:</strong></span> <span class='ocrx_word' id='word_1_173' title='bbox 1258 485 1316 513; x_wconf 85' lang='lat' dir='ltr'><strong>Non</strong></span> <span class='ocrx_word' id='word_1_174' title='bbox 1336 493 1370 513; x_wconf 86' lang='lat' dir='ltr'><strong>eo</strong></span> <span class='ocrx_word' id='word_1_175' title='bbox 1397 494 1497 521; x_wconf 84' lang='lat' dir='ltr'><strong>corpus</strong></span> <span class='ocrx_word' id='word_1_176' title='bbox 1518 487 1615 522; x_wconf 85' lang='lat' dir='ltr'><strong>majori</strong></span> <span class='ocrx_word' id='word_1_177' title='bbox 1630 486 1758 522; x_wconf 80' lang='lat' dir='ltr'><strong>perfundi</strong></span> 
     </span>
    </p>
   </div>
   <div class='ocr_carea' id='block_1_26' title="bbox 965 531 1758 568">
    <p class='ocr_par' dir='ltr' id='par_1_26' title="bbox 965 531 1758 568">
     <span class='ocr_line' id='line_1_26' title="bbox 965 531 1758 568; baseline 0.004 -11"><span class='ocrx_word' id='word_1_178' title='bbox 965 531 1079 564; x_wconf 82' lang='lat' dir='ltr'><strong>lumine,</strong></span> <span class='ocrx_word' id='word_1_179' title='bbox 1096 539 1151 566; x_wconf 89' lang='lat' dir='ltr'><strong>quo</strong></span> <span class='ocrx_word' id='word_1_180' title='bbox 1166 532 1263 558; x_wconf 92' lang='lat' dir='ltr'><strong>lumini</strong></span> <span class='ocrx_word' id='word_1_181' title='bbox 1284 532 1467 568; x_wconf 84' lang='lat' dir='ltr'><strong>propinquius</strong></span> <span class='ocrx_word' id='word_1_182' title='bbox 1484 538 1535 566; x_wconf 90' lang='lat' dir='ltr'><strong>est,</strong></span> <span class='ocrx_word' id='word_1_183' title='bbox 1559 533 1606 561; x_wconf 57' lang='lat' dir='ltr'><strong>sed</strong></span> <span class='ocrx_word' id='word_1_184' title='bbox 1629 541 1686 568; x_wconf 90' lang='lat' dir='ltr'><strong>quo</strong></span> <span class='ocrx_word' id='word_1_185' title='bbox 1702 541 1758 560; x_wconf 84' lang='lat' dir='ltr'><strong>ma-</strong></span> 
     </span>
    </p>
   </div>
   <div class='ocr_carea' id='block_1_27' title="bbox 964 577 1757 617">
    <p class='ocr_par' dir='ltr' id='par_1_27' title="bbox 964 577 1757 617">
     <span class='ocr_line' id='line_1_27' title="bbox 964 577 1757 617; baseline 0.003 -13"><span class='ocrx_word' id='word_1_186' title='bbox 964 577 1024 612; x_wconf 86' lang='lat' dir='ltr'><strong>jore</strong></span> <span class='ocrx_word' id='word_1_187' title='bbox 1047 577 1137 605; x_wconf 89' lang='lat' dir='ltr'><strong>nitore</strong></span> <span class='ocrx_word' id='word_1_188' title='bbox 1162 582 1259 612; x_wconf 85' lang='lat' dir='ltr'><strong>suapte</strong></span> <span class='ocrx_word' id='word_1_189' title='bbox 1281 583 1379 605; x_wconf 85' lang='lat' dir='ltr'><strong>natura</strong></span> <span class='ocrx_word' id='word_1_190' title='bbox 1404 578 1679 617; x_wconf 28' lang='lat' dir='ltr'><strong>pollethquanqnam</strong></span> <span class='ocrx_word' id='word_1_191' title='bbox 1703 587 1757 606; x_wconf 89' lang='lat' dir='ltr'><strong>non</strong></span> 
     </span>
    </p>
   </div>
   <div class='ocr_carea' id='block_1_28' title="bbox 965 623 1758 657">
    <p class='ocr_par' dir='ltr' id='par_1_28' title="bbox 965 623 1758 657">
     <span class='ocr_line' id='line_1_28' title="bbox 965 623 1758 657; baseline 0.004 -8"><span class='ocrx_word' id='word_1_192' title='bbox 965 623 1149 657; x_wconf 75' lang='lat' dir='ltr'><strong>propinquius</strong></span> <span class='ocrx_word' id='word_1_193' title='bbox 1166 624 1276 650; x_wconf 83' lang='lat' dir='ltr'><strong>cxistat.</strong></span> <span class='ocrx_word' id='word_1_194' title='bbox 1297 623 1375 656; x_wconf 85' lang='lat' dir='ltr'><strong>Quod</strong></span> <span class='ocrx_word' id='word_1_195' title='bbox 1397 624 1420 651; x_wconf 91' lang='lat' dir='ltr'><strong>si</strong></span> <span class='ocrx_word' id='word_1_196' title='bbox 1440 624 1484 651; x_wconf 88' lang='lat' dir='ltr'><strong>hic</strong></span> <span class='ocrx_word' id='word_1_197' title='bbox 1503 631 1594 652; x_wconf 91' lang='lat' dir='ltr'><strong>sermo</strong></span> <span class='ocrx_word' id='word_1_198' title='bbox 1613 625 1662 651; x_wconf 86' lang='lat' dir='ltr'><strong>tibi</strong></span> <span class='ocrx_word' id='word_1_199' title='bbox 1682 625 1758 652; x_wconf 86' lang='lat' dir='ltr'><strong>infir-</strong></span> 
     </span>
    </p>
   </div>
   <div class='ocr_carea' id='block_1_29' title="bbox 965 668 1758 705">
    <p class='ocr_par' dir='ltr' id='par_1_29' title="bbox 965 668 1758 705">
     <span class='ocr_line' id='line_1_29' title="bbox 965 668 1758 705; baseline 0.008 -11"><span class='ocrx_word' id='word_1_200' title='bbox 965 676 1028 695; x_wconf 86' lang='lat' dir='ltr'><strong>mus</strong></span> <span class='ocrx_word' id='word_1_201' title='bbox 1051 668 1200 702; x_wconf 83' lang='lat' dir='ltr'><strong>videbitur,</strong></span> <span class='ocrx_word' id='word_1_202' title='bbox 1224 677 1286 704; x_wconf 73' lang='lat' dir='ltr'><strong>qua:</strong></span> <span class='ocrx_word' id='word_1_203' title='bbox 1311 678 1409 698; x_wconf 85' lang='lat' dir='ltr'><strong>manus</strong></span> <span class='ocrx_word' id='word_1_204' title='bbox 1428 671 1529 699; x_wconf 84' lang='lat' dir='ltr'><strong>vulnus</strong></span> <span class='ocrx_word' id='word_1_205' title='bbox 1548 671 1656 705; x_wconf 79' lang='lat' dir='ltr'><strong>inﬂixit,</strong></span> <span class='ocrx_word' id='word_1_206' title='bbox 1680 680 1711 699; x_wconf 89' lang='lat' dir='ltr'><strong>ea</strong></span> <span class='ocrx_word' id='word_1_207' title='bbox 1731 678 1758 700; x_wconf 87' lang='lat' dir='ltr'><strong>et</strong></span> 
     </span>
    </p>
   </div>
   <div class='ocr_carea' id='block_1_30' title="bbox 965 714 1756 753">
    <p class='ocr_par' dir='ltr' id='par_1_30' title="bbox 965 714 1756 753">
     <span class='ocr_line' id='line_1_30' title="bbox 965 714 1756 753; baseline 0.006 -12"><span class='ocrx_word' id='word_1_208' title='bbox 965 715 1083 742; x_wconf 86' lang='lat' dir='ltr'><strong>sanabit.</strong></span> <span class='ocrx_word' id='word_1_209' title='bbox 1103 714 1167 742; x_wconf 89' lang='lat' dir='ltr'><strong>lnde</strong></span> <span class='ocrx_word' id='word_1_210' title='bbox 1182 721 1223 742; x_wconf 89' lang='lat' dir='ltr'><strong>est</strong></span> <span class='ocrx_word' id='word_1_211' title='bbox 1240 721 1270 742; x_wconf 90' lang='lat' dir='ltr'><strong>ut</strong></span> <span class='ocrx_word' id='word_1_212' title='bbox 1295 717 1453 744; x_wconf 90' lang='lat' dir='ltr'><strong>recubuerit</strong></span> <span class='ocrx_word' id='word_1_213' title='bbox 1474 724 1556 752; x_wconf 81' lang='lat' dir='ltr'><strong>super</strong></span> <span class='ocrx_word' id='word_1_214' title='bbox 1570 723 1666 753; x_wconf 87' lang='lat' dir='ltr'><strong>pectus</strong></span> <span class='ocrx_word' id='word_1_215' title='bbox 1680 717 1756 746; x_wconf 87' lang='lat' dir='ltr'><strong>Jesu.</strong></span> 
     </span>
    </p>
   </div>
   <div class='ocr_carea' id='block_1_31' title="bbox 965 759 1758 796">
    <p class='ocr_par' dir='ltr' id='par_1_31' title="bbox 965 759 1758 796">
     <span class='ocr_line' id='line_1_31' title="bbox 965 759 1758 796; baseline 0.008 -10"><span class='ocrx_word' id='word_1_216' title='bbox 965 759 987 786; x_wconf 89' lang='lat'><strong>0</strong></span> <span class='ocrx_word' id='word_1_217' title='bbox 1016 760 1158 794; x_wconf 78' lang='lat' dir='ltr'><strong>dignitatis</strong></span> <span class='ocrx_word' id='word_1_218' title='bbox 1189 762 1395 795; x_wconf 57' lang='lat' dir='ltr'><strong>praestantiam!</strong></span> <span class='ocrx_word' id='word_1_219' title='bbox 1421 762 1587 796; x_wconf 85' lang='lat' dir='ltr'><strong>Cheruhim,</strong></span> <span class='ocrx_word' id='word_1_220' title='bbox 1621 763 1668 791; x_wconf 85' lang='lat' dir='ltr'><strong>Dei</strong></span> <span class='ocrx_word' id='word_1_221' title='bbox 1693 769 1758 792; x_wconf 87' lang='lat' dir='ltr'><strong>sunt</strong></span> 
     </span>
    </p>
   </div>
   <div class='ocr_carea' id='block_1_32' title="bbox 965 805 1756 844">
    <p class='ocr_par' dir='ltr' id='par_1_32' title="bbox 965 805 1756 844">
     <span class='ocr_line' id='line_1_32' title="bbox 965 805 1756 844; baseline 0.008 -13"><span class='ocrx_word' id='word_1_222' title='bbox 965 805 1138 839; x_wconf 84' lang='lat' dir='ltr'><strong>vehiculum;</strong></span> <span class='ocrx_word' id='word_1_223' title='bbox 1168 810 1196 833; x_wconf 87' lang='lat' dir='ltr'><strong>at</strong></span> <span class='ocrx_word' id='word_1_224' title='bbox 1218 806 1338 835; x_wconf 87' lang='lat' dir='ltr'><strong>Joannes</strong></span> <span class='ocrx_word' id='word_1_225' title='bbox 1372 815 1455 843; x_wconf 82' lang='lat' dir='ltr'><strong>super</strong></span> <span class='ocrx_word' id='word_1_226' title='bbox 1475 814 1571 844; x_wconf 86' lang='lat' dir='ltr'><strong>pectus</strong></span> <span class='ocrx_word' id='word_1_227' title='bbox 1598 810 1756 838; x_wconf 80' lang='lat' dir='ltr'><strong>reclinatur.</strong></span> 
     </span>
    </p>
   </div>
   <div class='ocr_carea' id='block_1_33' title="bbox 966 850 1758 891">
    <p class='ocr_par' dir='ltr' id='par_1_33' title="bbox 966 850 1758 891">
     <span class='ocr_line' id='line_1_33' title="bbox 966 850 1758 891; baseline 0.008 -13"><span class='ocrx_word' id='word_1_228' title='bbox 966 850 1016 878; x_wconf 80' lang='lat' dir='ltr'><strong>Vix</strong></span> <span class='ocrx_word' id='word_1_229' title='bbox 1033 851 1141 888; x_wconf 80' lang='lat' dir='ltr'><strong>Moyses</strong></span> <span class='ocrx_word' id='word_1_230' title='bbox 1158 853 1204 880; x_wconf 88' lang='lat' dir='ltr'><strong>Dei</strong></span> <span class='ocrx_word' id='word_1_231' title='bbox 1221 854 1374 888; x_wconf 80' lang='lat' dir='ltr'><strong>posteriora</strong></span> <span class='ocrx_word' id='word_1_232' title='bbox 1389 855 1466 887; x_wconf 88' lang='lat' dir='ltr'><strong>vidit,</strong></span> <span class='ocrx_word' id='word_1_233' title='bbox 1485 856 1567 891; x_wconf 83' lang='lat' dir='ltr'><strong>idque</strong></span> <span class='ocrx_word' id='word_1_234' title='bbox 1588 864 1650 884; x_wconf 92' lang='lat' dir='ltr'><strong>cum</strong></span> <span class='ocrx_word' id='word_1_235' title='bbox 1664 856 1758 884; x_wconf 86' lang='lat' dir='ltr'><strong>videre</strong></span> 
     </span>
    </p>
   </div>
   <div class='ocr_carea' id='block_1_34' title="bbox 116 894 909 936">
    <p class='ocr_par' dir='ltr' id='par_1_34' title="bbox 116 899 909 935">
     <span class='ocr_line' id='line_1_34' title="bbox 116 899 909 935; baseline -0.003 -8"><span class='ocrx_word' id='word_1_236' title='bbox 116 901 172 927; x_wconf 80' lang='grc' dir='ltr'>ἀπό</span> <span class='ocrx_word' id='word_1_237' title='bbox 187 909 261 932; x_wconf 81' lang='grc' dir='ltr'>τινος</span> <span class='ocrx_word' id='word_1_238' title='bbox 277 902 401 935; x_wconf 81' lang='grc' dir='ltr'>πηγαίας</span> <span class='ocrx_word' id='word_1_239' title='bbox 412 899 485 935; x_wconf 81' lang='grc' dir='ltr'>ζωῆς</span> <span class='ocrx_word' id='word_1_240' title='bbox 500 900 534 927; x_wconf 82' lang='grc' dir='ltr'><strong>τὰ</strong></span> <span class='ocrx_word' id='word_1_241' title='bbox 557 899 692 935; x_wconf 78' lang='grc' dir='ltr'>θεόῦρυτα</span> <span class='ocrx_word' id='word_1_242' title='bbox 705 899 788 926; x_wconf 80' lang='grc' dir='ltr'>αὐτὸν</span> <span class='ocrx_word' id='word_1_243' title='bbox 800 899 850 934; x_wconf 80' lang='grc' dir='ltr'><strong>τῆς</strong></span> <span class='ocrx_word' id='word_1_244' title='bbox 866 907 909 925; x_wconf 91' lang='grc' dir='ltr'><strong>σο-</strong></span> 
     </span>
    </p>
   </div>
   <div class='ocr_carea' id='block_1_35' title="bbox 963 894 1758 936">
    <p class='ocr_par' dir='ltr' id='par_1_35' title="bbox 964 898 1758 936">
     <span class='ocr_line' id='line_1_35' title="bbox 964 898 1758 936; baseline 0.008 -12"><span class='ocrx_word' id='word_1_245' title='bbox 964 902 1108 933; x_wconf 74' lang='lat' dir='ltr'><strong>rogasset;</strong></span> <span class='ocrx_word' id='word_1_246' title='bbox 1127 903 1154 925; x_wconf 91' lang='lat' dir='ltr'><strong>at</strong></span> <span class='ocrx_word' id='word_1_247' title='bbox 1171 898 1292 928; x_wconf 82' lang='lat' dir='ltr'><strong>Joannes</strong></span> <span class='ocrx_word' id='word_1_248' title='bbox 1315 901 1398 934; x_wconf 91' lang='lat' dir='ltr'><strong>ultro,</strong></span> <span class='ocrx_word' id='word_1_249' title='bbox 1422 909 1454 928; x_wconf 93' lang='lat' dir='ltr'><strong>ac</strong></span> <span class='ocrx_word' id='word_1_250' title='bbox 1475 902 1535 936; x_wconf 88' lang='lat' dir='ltr'><strong>ipso</strong></span> <span class='ocrx_word' id='word_1_251' title='bbox 1556 903 1689 930; x_wconf 86' lang='lat' dir='ltr'><strong>invitante</strong></span> <span class='ocrx_word' id='word_1_252' title='bbox 1705 903 1758 930; x_wconf 91' lang='lat' dir='ltr'><strong>Do-</strong></span> 
     </span>
    </p>
   </div>
   <div class='ocr_carea' id='block_1_36' title="bbox 116 944 912 981">
    <p class='ocr_par' dir='ltr' id='par_1_36' title="bbox 116 944 912 981">
     <span class='ocr_line' id='line_1_36' title="bbox 116 944 912 981; baseline -0.001 -9"><span class='ocrx_word' id='word_1_253' title='bbox 116 948 182 981; x_wconf 71' lang='grc' dir='ltr'>φίας</span> <span class='ocrx_word' id='word_1_254' title='bbox 200 946 357 981; x_wconf 75' lang='grc' dir='ltr'><strong>ἀρύσασθαι</strong></span> <span class='ocrx_word' id='word_1_255' title='bbox 376 946 498 981; x_wconf 81' lang='grc' dir='ltr'>νάματα,</span> <span class='ocrx_word' id='word_1_256' title='bbox 515 946 569 973; x_wconf 81' lang='grc' dir='ltr'>κάκ</span> <span class='ocrx_word' id='word_1_257' title='bbox 592 945 695 972; x_wconf 80' lang='grc' dir='ltr'>τούτων</span> <span class='ocrx_word' id='word_1_258' title='bbox 711 946 744 972; x_wconf 76' lang='grc' dir='ltr'>ἐκ</span> <span class='ocrx_word' id='word_1_259' title='bbox 759 945 808 981; x_wconf 85' lang='grc' dir='ltr'><strong>τῆς</strong></span> <span class='ocrx_word' id='word_1_260' title='bbox 825 944 912 979; x_wconf 75' lang='grc' dir='ltr'><strong>ἐμψύ-</strong></span> 
     </span>
    </p>
   </div>
   <div class='ocr_carea' id='block_1_37' title="bbox 116 991 912 1028">
    <p class='ocr_par' dir='ltr' id='par_1_37' title="bbox 116 991 912 1028">
     <span class='ocr_line' id='line_1_37' title="bbox 116 991 912 1028; baseline -0.003 -10"><span class='ocrx_word' id='word_1_261' title='bbox 116 1001 164 1027; x_wconf 76' lang='grc' dir='ltr'>χου</span> <span class='ocrx_word' id='word_1_262' title='bbox 189 992 295 1024; x_wconf 82' lang='grc' dir='ltr'>κοιλίας</span> <span class='ocrx_word' id='word_1_263' title='bbox 316 993 379 1024; x_wconf 74' lang='grc' dir='ltr'>τοὺς</span> <span class='ocrx_word' id='word_1_264' title='bbox 403 993 544 1028; x_wconf 82' lang='grc' dir='ltr'>ποταμοὺς</span> <span class='ocrx_word' id='word_1_265' title='bbox 565 992 616 1028; x_wconf 83' lang='grc' dir='ltr'><strong>τῆς</strong></span> <span class='ocrx_word' id='word_1_266' title='bbox 636 991 778 1026; x_wconf 80' lang='grc' dir='ltr'>θεολογίας</span> <span class='ocrx_word' id='word_1_267' title='bbox 803 991 912 1026; x_wconf 74' lang='grc' dir='ltr'>ρυῖσκε-</span> 
     </span>
    </p>
   </div>
   <div class='ocr_carea' id='block_1_38' title="bbox 116 1038 746 1074">
    <p class='ocr_par' dir='ltr' id='par_1_38' title="bbox 116 1038 746 1074">
     <span class='ocr_line' id='line_1_38' title="bbox 116 1038 746 1074; baseline 0.002 -11"><span class='ocrx_word' id='word_1_268' title='bbox 116 1038 195 1064; x_wconf 77' lang='grc' dir='ltr'>σθαι·</span> <span class='ocrx_word' id='word_1_269' title='bbox 212 1038 270 1066; x_wconf 74' lang='grc' dir='ltr'>ἀλλ’</span> <span class='ocrx_word' id='word_1_270' title='bbox 287 1039 334 1065; x_wconf 77' lang='grc' dir='ltr'><strong>ἐπὶ</strong></span> <span class='ocrx_word' id='word_1_271' title='bbox 348 1039 392 1065; x_wconf 69' lang='grc' dir='ltr'><strong>τὸν</strong></span> <span class='ocrx_word' id='word_1_272' title='bbox 409 1039 525 1074; x_wconf 77' lang='grc' dir='ltr'>σταυρὸν</span> <span class='ocrx_word' id='word_1_273' title='bbox 539 1039 663 1074; x_wconf 77' lang='grc' dir='ltr'><strong>μετιτέον</strong></span> <span class='ocrx_word' id='word_1_274' title='bbox 679 1039 746 1074; x_wconf 78' lang='grc'>(27).</span> 
     </span>
    </p>
   </div>
   <div class='ocr_carea' id='block_1_39' title="bbox 967 944 1758 981">
    <p class='ocr_par' dir='ltr' id='par_1_39' title="bbox 967 944 1758 981">
     <span class='ocr_line' id='line_1_39' title="bbox 967 944 1758 981; baseline 0.009 -12"><span class='ocrx_word' id='word_1_275' title='bbox 967 944 1052 974; x_wconf 91' lang='lat' dir='ltr'><strong>mino,</strong></span> <span class='ocrx_word' id='word_1_276' title='bbox 1067 945 1169 978; x_wconf 90' lang='lat' dir='ltr'><strong>pectori</strong></span> <span class='ocrx_word' id='word_1_277' title='bbox 1187 944 1293 972; x_wconf 76' lang='lat' dir='ltr'><strong>haerens</strong></span> <span class='ocrx_word' id='word_1_278' title='bbox 1309 950 1391 980; x_wconf 80' lang='lat' dir='ltr'><strong>atque</strong></span> <span class='ocrx_word' id='word_1_279' title='bbox 1405 948 1578 981; x_wconf 79' lang='lat' dir='ltr'><strong>complexus.</strong></span> <span class='ocrx_word' id='word_1_280' title='bbox 1593 956 1624 975; x_wconf 87' lang='lat' dir='ltr'><strong>ea</strong></span> <span class='ocrx_word' id='word_1_281' title='bbox 1643 949 1758 976; x_wconf 87' lang='lat' dir='ltr'><strong>interro-</strong></span> 
     </span>
    </p>
   </div>
   <div class='ocr_carea' id='block_1_40' title="bbox 965 989 1757 1029">
    <p class='ocr_par' dir='ltr' id='par_1_40' title="bbox 965 989 1757 1029">
     <span class='ocr_line' id='line_1_40' title="bbox 965 989 1757 1029; baseline 0.008 -13"><span class='ocrx_word' id='word_1_282' title='bbox 965 994 1020 1024; x_wconf 88' lang='lat' dir='ltr'><strong>gat,</strong></span> <span class='ocrx_word' id='word_1_283' title='bbox 1037 997 1098 1024; x_wconf 70' lang='lat' dir='ltr'><strong>quae</strong></span> <span class='ocrx_word' id='word_1_284' title='bbox 1111 997 1161 1017; x_wconf 88' lang='lat' dir='ltr'><strong>nec</strong></span> <span class='ocrx_word' id='word_1_285' title='bbox 1177 989 1275 1019; x_wconf 84' lang='lat' dir='ltr'><strong>Petrus</strong></span> <span class='ocrx_word' id='word_1_286' title='bbox 1288 993 1477 1026; x_wconf 83' lang='lat' dir='ltr'><strong>apostolorum</strong></span> <span class='ocrx_word' id='word_1_287' title='bbox 1491 994 1618 1029; x_wconf 86' lang='lat' dir='ltr'><strong>princeps</strong></span> <span class='ocrx_word' id='word_1_288' title='bbox 1637 995 1757 1022; x_wconf 90' lang='lat' dir='ltr'><strong>interro-</strong></span> 
     </span>
    </p>
   </div>
   <div class='ocr_carea' id='block_1_41' title="bbox 965 1036 1756 1073">
    <p class='ocr_par' dir='ltr' id='par_1_41' title="bbox 965 1036 1756 1073">
     <span class='ocr_line' id='line_1_41' title="bbox 965 1036 1756 1073; baseline 0.008 -11"><span class='ocrx_word' id='word_1_289' title='bbox 965 1043 1030 1071; x_wconf 82' lang='lat' dir='ltr'><strong>gare</strong></span> <span class='ocrx_word' id='word_1_290' title='bbox 1055 1036 1202 1069; x_wconf 84' lang='lat' dir='ltr'><strong>sustinuit;</strong></span> <span class='ocrx_word' id='word_1_291' title='bbox 1229 1045 1284 1071; x_wconf 83' lang='lat' dir='ltr'><strong>qua</strong></span> <span class='ocrx_word' id='word_1_292' title='bbox 1318 1038 1370 1066; x_wconf 87' lang='lat' dir='ltr'><strong>sibi</strong></span> <span class='ocrx_word' id='word_1_293' title='bbox 1399 1039 1457 1073; x_wconf 87' lang='lat' dir='ltr'><strong>ipse</strong></span> <span class='ocrx_word' id='word_1_294' title='bbox 1486 1040 1592 1067; x_wconf 82' lang='lat' dir='ltr'><strong>ratione</strong></span> <span class='ocrx_word' id='word_1_295' title='bbox 1622 1040 1756 1068; x_wconf 83' lang='lat' dir='ltr'><strong>Joannem</strong></span> 
     </span>
    </p>
   </div>
   <div class='ocr_carea' id='block_1_42' title="bbox 117 1080 1757 1119">
    <p class='ocr_par' dir='ltr' id='par_1_42' title="bbox 117 1080 1757 1119">
     <span class='ocr_line' id='line_1_42' title="bbox 117 1080 1757 1119; baseline 0.002 -11"><span class='ocrx_word' id='word_1_296' title='bbox 117 1083 204 1110; x_wconf 80' lang='lat' dir='ltr'><strong>voluit</strong></span> <span class='ocrx_word' id='word_1_297' title='bbox 221 1084 375 1119; x_wconf 58' lang='lat' dir='ltr'><strong>praelatum.</strong></span> <span class='ocrx_word' id='word_1_298' title='bbox 393 1083 534 1118; x_wconf 85' lang='lat' dir='ltr'><strong>Siquidem</strong></span> <span class='ocrx_word' id='word_1_299' title='bbox 555 1083 651 1111; x_wconf 88' lang='lat' dir='ltr'><strong>ambas</strong></span> <span class='ocrx_word' id='word_1_300' title='bbox 673 1081 910 1110; x_wconf 76' lang='lat' dir='ltr'><strong>considerationes</strong></span> <span class='ocrx_word' id='word_1_301' title='bbox 928 1080 1020 1107; x_wconf 76' lang='lat' dir='ltr'><strong>animo</strong></span> <span class='ocrx_word' id='word_1_302' title='bbox 1052 1081 1229 1115; x_wconf 74' lang='lat' dir='ltr'><strong>expenderis,</strong></span> <span class='ocrx_word' id='word_1_303' title='bbox 1246 1082 1318 1109; x_wconf 86' lang='lat' dir='ltr'><strong>scies</strong></span> <span class='ocrx_word' id='word_1_304' title='bbox 1345 1088 1449 1117; x_wconf 84' lang='lat' dir='ltr'><strong>quanta</strong></span> <span class='ocrx_word' id='word_1_305' title='bbox 1463 1091 1495 1110; x_wconf 88' lang='lat' dir='ltr'><strong>ac</strong></span> <span class='ocrx_word' id='word_1_306' title='bbox 1510 1083 1601 1118; x_wconf 82' lang='lat' dir='ltr'><strong>qualis</strong></span> <span class='ocrx_word' id='word_1_307' title='bbox 1615 1084 1651 1112; x_wconf 85' lang='lat' dir='ltr'><strong>sit</strong></span> <span class='ocrx_word' id='word_1_308' title='bbox 1667 1085 1757 1111; x_wconf 81' lang='lat' dir='ltr'><strong>excel-</strong></span> 
     </span>
    </p>
   </div>
   <div class='ocr_carea' id='block_1_43' title="bbox 117 1123 1756 1165">
    <p class='ocr_par' dir='ltr' id='par_1_43' title="bbox 117 1123 1756 1165">
     <span class='ocr_line' id='line_1_43' title="bbox 117 1123 1756 1165; baseline 0.001 -9"><span class='ocrx_word' id='word_1_309' title='bbox 117 1123 199 1157; x_wconf 70' lang='lat' dir='ltr'><strong>‘entia</strong></span> <span class='ocrx_word' id='word_1_310' title='bbox 224 1130 365 1165; x_wconf 79' lang='lat' dir='ltr'><strong>dignitatis</strong></span> <span class='ocrx_word' id='word_1_311' title='bbox 405 1129 529 1158; x_wconf 87' lang='lat' dir='ltr'><strong>Joannis.</strong></span> <span class='ocrx_word' id='word_1_312' title='bbox 559 1129 628 1157; x_wconf 88' lang='lat' dir='ltr'><strong>llinc</strong></span> <span class='ocrx_word' id='word_1_313' title='bbox 648 1135 778 1165; x_wconf 88' lang='lat' dir='ltr'><strong>tanquam</strong></span> <span class='ocrx_word' id='word_1_314' title='bbox 805 1136 820 1156; x_wconf 89' lang='lat' dir='ltr'><strong>e</strong></span> <span class='ocrx_word' id='word_1_315' title='bbox 847 1128 920 1156; x_wconf 85' lang='lat' dir='ltr'><strong>fonte</strong></span> <span class='ocrx_word' id='word_1_316' title='bbox 950 1127 1069 1162; x_wconf 89' lang='lat' dir='ltr'><strong>quodam</strong></span> <span class='ocrx_word' id='word_1_317' title='bbox 1090 1127 1163 1160; x_wconf 67' lang='lat' dir='ltr'><strong>vitm,</strong></span> <span class='ocrx_word' id='word_1_318' title='bbox 1198 1128 1286 1162; x_wconf 84' lang='lat' dir='ltr'><strong>ipsum</strong></span> <span class='ocrx_word' id='word_1_319' title='bbox 1307 1129 1438 1156; x_wconf 86' lang='lat' dir='ltr'><strong>divinitus</strong></span> <span class='ocrx_word' id='word_1_320' title='bbox 1463 1130 1644 1158; x_wconf 76' lang='lat' dir='ltr'><strong>scaturrientes</strong></span> <span class='ocrx_word' id='word_1_321' title='bbox 1658 1131 1756 1158; x_wconf 84' lang='lat' dir='ltr'><strong>latices</strong></span> 
     </span>
    </p>
   </div>
   <div class='ocr_carea' id='block_1_44' title="bbox 116 1177 432 1204">
    <p class='ocr_par' dir='ltr' id='par_1_44' title="bbox 116 1177 432 1204">
     <span class='ocr_line' id='line_1_44' title="bbox 116 1177 432 1204; baseline 0.003 -2"><span class='ocrx_word' id='word_1_322' title='bbox 116 1177 244 1204; x_wconf 83' lang='lat' dir='ltr'><strong>hausisse</strong></span> <span class='ocrx_word' id='word_1_323' title='bbox 270 1177 399 1204; x_wconf 78' lang='lat' dir='ltr'><strong>exiSIimo</strong></span> <span class='ocrx_word' id='word_1_324' title='bbox 424 1185 432 1203; x_wconf 88' lang='lat'><strong>:</strong></span> 
     </span>
    </p>
   </div>
   <div class='ocr_carea' id='block_1_45' title="bbox 115 1222 449 1249">
    <p class='ocr_par' dir='ltr' id='par_1_45' title="bbox 115 1222 449 1249">
     <span class='ocr_line' id='line_1_45' title="bbox 115 1222 449 1249; baseline 0.003 -1"><span class='ocrx_word' id='word_1_325' title='bbox 115 1222 194 1249; x_wconf 87' lang='lat' dir='ltr'><strong>nobis</strong></span> <span class='ocrx_word' id='word_1_326' title='bbox 213 1222 380 1249; x_wconf 87' lang='lat' dir='ltr'><strong>redeundum</strong></span> <span class='ocrx_word' id='word_1_327' title='bbox 396 1227 449 1249; x_wconf 91' lang='lat' dir='ltr'><strong>est.</strong></span> 
     </span>
    </p>
   </div>
   <div class='ocr_carea' id='block_1_46' title="bbox 151 1265 908 1304">
    <p class='ocr_par' dir='ltr' id='par_1_46' title="bbox 151 1265 908 1304">
     <span class='ocr_line' id='line_1_46' title="bbox 151 1265 908 1304; baseline -0.003 -9"><span class='ocrx_word' id='word_1_328' title='bbox 151 1268 197 1296; x_wconf 86' lang='grc' dir='ltr'><strong>ια’.</strong></span> <span class='ocrx_word' id='word_1_329' title='bbox 223 1268 307 1300; x_wconf 82' lang='grc' dir='ltr'>Ἰδοὺ,</span> <span class='ocrx_word' id='word_1_330' title='bbox 320 1270 412 1304; x_wconf 70' lang='grc' dir='ltr'>φησὶν,</span> <span class='ocrx_word' id='word_1_331' title='bbox 426 1270 442 1296; x_wconf 89' lang='grc' dir='ltr'><em>ὁ</em></span> <span class='ocrx_word' id='word_1_332' title='bbox 462 1271 526 1303; x_wconf 73' lang='grc' dir='ltr'><strong>Γιός</strong></span> <span class='ocrx_word' id='word_1_333' title='bbox 545 1277 604 1296; x_wconf 88' lang='grc' dir='ltr'>σου</span> <span class='ocrx_word' id='word_1_334' title='bbox 616 1277 623 1284; x_wconf 72' lang='grc' dir='ltr'><strong>θ</strong></span> <span class='ocrx_word' id='word_1_335' title='bbox 638 1267 702 1296; x_wconf 76' lang='grc' dir='ltr'>εἶτα</span> <span class='ocrx_word' id='word_1_336' title='bbox 726 1267 766 1300; x_wconf 83' lang='grc' dir='ltr'>τῷ</span> <span class='ocrx_word' id='word_1_337' title='bbox 777 1265 908 1302; x_wconf 76' lang='grc' dir='ltr'>μαθητῇ,</span> 
     </span>
    </p>
   </div>
   <div class='ocr_carea' id='block_1_47' title="bbox 121 1311 909 1351">
    <p class='ocr_par' dir='ltr' id='par_1_47' title="bbox 121 1311 909 1351">
     <span class='ocr_line' id='line_1_47' title="bbox 121 1311 909 1351; baseline -0.005 -9"><span class='ocrx_word' id='word_1_338' title='bbox 121 1315 202 1342; x_wconf 71' lang='grc' dir='ltr'><strong>Ἰδοὺ</strong></span> <span class='ocrx_word' id='word_1_339' title='bbox 219 1315 238 1351; x_wconf 69' lang='grc' dir='ltr'><strong><em>ἡ</em></strong></span> <span class='ocrx_word' id='word_1_340' title='bbox 248 1315 347 1350; x_wconf 75' lang='grc' dir='ltr'>μήτηρ</span> <span class='ocrx_word' id='word_1_341' title='bbox 358 1323 426 1342; x_wconf 90' lang='grc' dir='ltr'>σου.</span> <span class='ocrx_word' id='word_1_342' title='bbox 441 1315 527 1342; x_wconf 74' lang='grc' dir='ltr'>Βαὸαὶ</span> <span class='ocrx_word' id='word_1_343' title='bbox 537 1315 584 1342; x_wconf 81' lang='grc' dir='ltr'>τοῦ</span> <span class='ocrx_word' id='word_1_344' title='bbox 598 1315 760 1350; x_wconf 85' lang='grc' dir='ltr'>δωρήματος</span> <span class='ocrx_word' id='word_1_345' title='bbox 773 1315 779 1340; x_wconf 92' lang='lat'>!</span> <span class='ocrx_word' id='word_1_346' title='bbox 791 1313 837 1340; x_wconf 78' lang='grc' dir='ltr'>τὸν</span> <span class='ocrx_word' id='word_1_347' title='bbox 848 1311 909 1339; x_wconf 84' lang='grc' dir='ltr'><strong>δοῦ-</strong></span> 
     </span>
    </p>
   </div>
   <div class='ocr_carea' id='block_1_48' title="bbox 114 1358 908 1396">
    <p class='ocr_par' dir='ltr' id='par_1_48' title="bbox 114 1358 908 1396">
     <span class='ocr_line' id='line_1_48' title="bbox 114 1358 908 1396; baseline -0.004 -9"><span class='ocrx_word' id='word_1_348' title='bbox 114 1361 171 1393; x_wconf 86' lang='grc' dir='ltr'>λον,</span> <span class='ocrx_word' id='word_1_349' title='bbox 191 1361 241 1396; x_wconf 84' lang='grc' dir='ltr'><strong>τῆς</strong></span> <span class='ocrx_word' id='word_1_350' title='bbox 253 1361 401 1395; x_wconf 79' lang='grc' dir='ltr'>Δεσποίνης</span> <span class='ocrx_word' id='word_1_351' title='bbox 418 1361 463 1388; x_wconf 75' lang='grc' dir='ltr'>διὰ</span> <span class='ocrx_word' id='word_1_352' title='bbox 474 1361 634 1396; x_wconf 78' lang='grc' dir='ltr'>περιουσίας</span> <span class='ocrx_word' id='word_1_353' title='bbox 651 1359 838 1395; x_wconf 87' lang='grc' dir='ltr'>καθαρότητος</span> <span class='ocrx_word' id='word_1_354' title='bbox 851 1358 908 1384; x_wconf 75' lang='grc' dir='ltr'>υἱὸν</span> 
     </span>
    </p>
   </div>
   <div class='ocr_carea' id='block_1_49' title="bbox 114 1403 909 1442">
    <p class='ocr_par' dir='ltr' id='par_1_49' title="bbox 114 1403 909 1442">
     <span class='ocr_line' id='line_1_49' title="bbox 114 1403 909 1442; baseline -0.004 -9"><span class='ocrx_word' id='word_1_355' title='bbox 114 1406 323 1442; x_wconf 76' lang='grc' dir='ltr'>ἀκουτισθῆναι,</span> <span class='ocrx_word' id='word_1_356' title='bbox 347 1407 395 1432; x_wconf 72' lang='grc' dir='ltr'>καὶ</span> <span class='ocrx_word' id='word_1_357' title='bbox 415 1407 524 1442; x_wconf 81' lang='grc' dir='ltr'>φύλακα</span> <span class='ocrx_word' id='word_1_358' title='bbox 551 1405 778 1442; x_wconf 81' lang='grc' dir='ltr'>προχειρισθῆναι</span> <span class='ocrx_word' id='word_1_359' title='bbox 796 1403 844 1431; x_wconf 79' lang='grc' dir='ltr'><strong>τοῦ</strong></span> <span class='ocrx_word' id='word_1_360' title='bbox 860 1404 909 1439; x_wconf 87' lang='grc' dir='ltr'><strong>τῆς</strong></span> 
     </span>
    </p>
   </div>
   <div class='ocr_carea' id='block_1_50' title="bbox 113 1451 908 1488">
    <p class='ocr_par' dir='ltr' id='par_1_50' title="bbox 113 1451 908 1488">
     <span class='ocr_line' id='line_1_50' title="bbox 113 1451 908 1488; baseline -0.001 -9"><span class='ocrx_word' id='word_1_361' title='bbox 113 1453 188 1487; x_wconf 73' lang='grc' dir='ltr'>ζωῆς</span> <span class='ocrx_word' id='word_1_362' title='bbox 209 1453 467 1488; x_wconf 78' lang='grc' dir='ltr'>θησαυροφυλακίου</span> <span class='ocrx_word' id='word_1_363' title='bbox 480 1461 487 1469; x_wconf 85' lang='grc'><strong>·</strong></span> <span class='ocrx_word' id='word_1_364' title='bbox 505 1454 519 1479; x_wconf 85' lang='grc' dir='ltr'><strong>ὀ</strong></span> <span class='ocrx_word' id='word_1_365' title='bbox 541 1453 591 1488; x_wconf 79' lang='grc' dir='ltr'><strong>μὲν</strong></span> <span class='ocrx_word' id='word_1_366' title='bbox 611 1452 771 1487; x_wconf 79' lang='grc' dir='ltr'>ἀφίσταται,</span> <span class='ocrx_word' id='word_1_367' title='bbox 789 1451 834 1478; x_wconf 77' lang='grc' dir='ltr'>διὰ</span> <span class='ocrx_word' id='word_1_368' title='bbox 854 1451 908 1478; x_wconf 80' lang='grc' dir='ltr'><strong>πά-</strong></span> 
     </span>
    </p>
   </div>
   <div class='ocr_carea' id='block_1_51' title="bbox 114 1496 910 1534">
    <p class='ocr_par' dir='ltr' id='par_1_51' title="bbox 114 1496 910 1534">
     <span class='ocr_line' id='line_1_51' title="bbox 114 1496 910 1534; baseline -0.004 -10"><span class='ocrx_word' id='word_1_369' title='bbox 114 1498 189 1529; x_wconf 78' lang='grc' dir='ltr'>θους.</span> <span class='ocrx_word' id='word_1_370' title='bbox 205 1498 257 1534; x_wconf 79' lang='grc' dir='ltr'><strong>τῆς</strong></span> <span class='ocrx_word' id='word_1_371' title='bbox 271 1498 383 1530; x_wconf 83' lang='grc' dir='ltr'>ἀπαθῶς</span> <span class='ocrx_word' id='word_1_372' title='bbox 402 1498 536 1534; x_wconf 81' lang='grc' dir='ltr'>τεκούσης</span> <span class='ocrx_word' id='word_1_373' title='bbox 546 1505 554 1514; x_wconf 83' lang='grc'><em>’</em></span> <span class='ocrx_word' id='word_1_374' title='bbox 569 1499 582 1525; x_wconf 78' lang='grc' dir='ltr'>ὁ</span> <span class='ocrx_word' id='word_1_375' title='bbox 601 1497 628 1524; x_wconf 77' lang='grc' dir='ltr'><strong>δὲ</strong></span> <span class='ocrx_word' id='word_1_376' title='bbox 644 1497 746 1532; x_wconf 84' lang='grc' dir='ltr'>ταύτην</span> <span class='ocrx_word' id='word_1_377' title='bbox 771 1496 910 1531; x_wconf 85' lang='grc' dir='ltr'>ὑπηρετη-</span> 
     </span>
    </p>
   </div>
   <div class='ocr_carea' id='block_1_52' title="bbox 112 1541 908 1580">
    <p class='ocr_par' dir='ltr' id='par_1_52' title="bbox 112 1541 908 1580">
     <span class='ocr_line' id='line_1_52' title="bbox 112 1541 908 1580; baseline -0.004 -10"><span class='ocrx_word' id='word_1_378' title='bbox 112 1544 200 1576; x_wconf 81' lang='grc' dir='ltr'>τικώς</span> <span class='ocrx_word' id='word_1_379' title='bbox 220 1544 354 1579; x_wconf 78' lang='grc' dir='ltr'>λαμϐάνει</span> <span class='ocrx_word' id='word_1_380' title='bbox 369 1545 409 1576; x_wconf 85' lang='grc' dir='ltr'><strong>είς</strong></span> <span class='ocrx_word' id='word_1_381' title='bbox 426 1545 459 1571; x_wconf 81' lang='grc' dir='ltr'><strong>τὰ</strong></span> <span class='ocrx_word' id='word_1_382' title='bbox 470 1544 522 1571; x_wconf 79' lang='grc' dir='ltr'>ίδια</span> <span class='ocrx_word' id='word_1_383' title='bbox 536 1551 543 1559; x_wconf 87' lang='grc'><strong>·</strong></span> <span class='ocrx_word' id='word_1_384' title='bbox 557 1545 571 1570; x_wconf 85' lang='grc' dir='ltr'><em>ὁ</em></span> <span class='ocrx_word' id='word_1_385' title='bbox 588 1543 724 1580; x_wconf 75' lang='grc' dir='ltr'>παρθένος</span> <span class='ocrx_word' id='word_1_386' title='bbox 734 1543 784 1578; x_wconf 83' lang='grc' dir='ltr'><strong>τὴν</strong></span> <span class='ocrx_word' id='word_1_387' title='bbox 801 1541 908 1577; x_wconf 80' lang='grc' dir='ltr'>Παρθέ-</span> 
     </span>
    </p>
   </div>
   <div class='ocr_carea' id='block_1_53' title="bbox 113 1588 909 1626">
    <p class='ocr_par' dir='ltr' id='par_1_53' title="bbox 113 1588 909 1626">
     <span class='ocr_line' id='line_1_53' title="bbox 113 1588 909 1626; baseline -0.004 -10"><span class='ocrx_word' id='word_1_388' title='bbox 113 1600 158 1617; x_wconf 81' lang='grc' dir='ltr'><strong>νον</strong></span> <span class='ocrx_word' id='word_1_389' title='bbox 172 1599 179 1606; x_wconf 92' lang='grc'><strong>·</strong></span> <span class='ocrx_word' id='word_1_390' title='bbox 195 1590 227 1617; x_wconf 73' lang='grc' dir='ltr'>τὸ</span> <span class='ocrx_word' id='word_1_391' title='bbox 243 1591 337 1626; x_wconf 76' lang='grc' dir='ltr'>κλῆμα</span> <span class='ocrx_word' id='word_1_392' title='bbox 352 1591 402 1626; x_wconf 82' lang='grc' dir='ltr'><strong>τὴν</strong></span> <span class='ocrx_word' id='word_1_393' title='bbox 421 1591 627 1625; x_wconf 81' lang='grc' dir='ltr'>ἀμπελοτόκον·</span> <span class='ocrx_word' id='word_1_394' title='bbox 643 1591 658 1617; x_wconf 86' lang='grc' dir='ltr'><strong>ό</strong></span> <span class='ocrx_word' id='word_1_395' title='bbox 675 1589 845 1625; x_wconf 83' lang='grc' dir='ltr'>στρατιώτης</span> <span class='ocrx_word' id='word_1_396' title='bbox 859 1588 909 1623; x_wconf 88' lang='grc' dir='ltr'><strong>τὴν</strong></span> 
     </span>
    </p>
   </div>
   <div class='ocr_carea' id='block_1_54' title="bbox 457 1173 1421 1212">
    <p class='ocr_par' dir='ltr' id='par_1_54' title="bbox 457 1173 1421 1212">
     <span class='ocr_line' id='line_1_54' title="bbox 457 1173 1421 1212; baseline -0.001 -9"><span class='ocrx_word' id='word_1_397' title='bbox 457 1177 574 1212; x_wconf 85' lang='lat' dir='ltr'><strong>indeque</strong></span> <span class='ocrx_word' id='word_1_398' title='bbox 602 1185 634 1204; x_wconf 83' lang='lat' dir='ltr'><strong>ex</strong></span> <span class='ocrx_word' id='word_1_399' title='bbox 662 1176 783 1204; x_wconf 87' lang='lat' dir='ltr'><strong>animato</strong></span> <span class='ocrx_word' id='word_1_400' title='bbox 813 1179 907 1202; x_wconf 88' lang='lat' dir='ltr'><strong>ventre</strong></span> <span class='ocrx_word' id='word_1_401' title='bbox 945 1173 1088 1208; x_wconf 60' lang='lat' dir='ltr'><strong>theologia;</strong></span> <span class='ocrx_word' id='word_1_402' title='bbox 1112 1173 1223 1201; x_wconf 88' lang='lat' dir='ltr'><strong>flumina</strong></span> <span class='ocrx_word' id='word_1_403' title='bbox 1249 1175 1421 1210; x_wconf 73' lang='lat' dir='ltr'><strong>progignere.</strong></span> 
     </span>
    </p>
   </div>
   <div class='ocr_carea' id='block_1_55' title="bbox 1463 1175 1755 1205">
    <p class='ocr_par' dir='ltr' id='par_1_55' title="bbox 1463 1175 1755 1205">
     <span class='ocr_line' id='line_1_55' title="bbox 1463 1175 1755 1205; baseline 0.007 -2"><span class='ocrx_word' id='word_1_404' title='bbox 1463 1175 1562 1204; x_wconf 86' lang='lat' dir='ltr'><strong>Verum</strong></span> <span class='ocrx_word' id='word_1_405' title='bbox 1586 1177 1619 1204; x_wconf 91' lang='lat' dir='ltr'><strong>ad</strong></span> <span class='ocrx_word' id='word_1_406' title='bbox 1645 1185 1755 1205; x_wconf 86' lang='lat' dir='ltr'><strong>crucem</strong></span> 
     </span>
    </p>
   </div>
   <div class='ocr_carea' id='block_1_56' title="bbox 1001 1264 1755 1303">
    <p class='ocr_par' dir='ltr' id='par_1_56' title="bbox 1001 1264 1755 1303">
     <span class='ocr_line' id='line_1_56' title="bbox 1001 1264 1755 1303; baseline 0.005 -12"><span class='ocrx_word' id='word_1_407' title='bbox 1001 1265 1044 1291; x_wconf 84' lang='grc' dir='ltr'>Η.</span> <span class='ocrx_word' id='word_1_408' title='bbox 1067 1264 1144 1298; x_wconf 79' lang='lat' dir='ltr'><strong>Ecce,</strong></span> <span class='ocrx_word' id='word_1_409' title='bbox 1169 1265 1266 1300; x_wconf 64' lang='lat' dir='ltr'><strong>inquit,</strong></span> <span class='ocrx_word' id='word_1_410' title='bbox 1286 1266 1360 1301; x_wconf 74' lang='lat' dir='ltr'><strong>filius</strong></span> <span class='ocrx_word' id='word_1_411' title='bbox 1378 1271 1449 1294; x_wconf 71' lang='lat' dir='ltr'><strong>tuus.</strong></span> <span class='ocrx_word' id='word_1_412' title='bbox 1475 1266 1578 1294; x_wconf 74' lang='lat' dir='ltr'><strong>Deinde</strong></span> <span class='ocrx_word' id='word_1_413' title='bbox 1600 1268 1755 1303; x_wconf 79' lang='lat' dir='ltr'><strong>discipulo:</strong></span> 
     </span>
    </p>
   </div>
   <div class='ocr_carea' id='block_1_57' title="bbox 966 1309 1756 1347">
    <p class='ocr_par' dir='ltr' id='par_1_57' title="bbox 966 1309 1756 1347">
     <span class='ocr_line' id='line_1_57' title="bbox 966 1309 1756 1347; baseline 0.008 -12"><span class='ocrx_word' id='word_1_414' title='bbox 966 1309 1034 1336; x_wconf 82' lang='lat' dir='ltr'><strong>Ecce</strong></span> <span class='ocrx_word' id='word_1_415' title='bbox 1053 1315 1138 1336; x_wconf 82' lang='lat' dir='ltr'><strong>mater</strong></span> <span class='ocrx_word' id='word_1_416' title='bbox 1159 1316 1214 1337; x_wconf 83' lang='lat' dir='ltr'><strong>tua.</strong></span> <span class='ocrx_word' id='word_1_417' title='bbox 1230 1312 1320 1346; x_wconf 69' lang='lat' dir='ltr'><strong>Papte,</strong></span> <span class='ocrx_word' id='word_1_418' title='bbox 1335 1318 1468 1347; x_wconf 88' lang='lat' dir='ltr'><strong>quantum</strong></span> <span class='ocrx_word' id='word_1_419' title='bbox 1485 1314 1600 1341; x_wconf 87' lang='lat' dir='ltr'><strong>munus!</strong></span> <span class='ocrx_word' id='word_1_420' title='bbox 1619 1314 1655 1342; x_wconf 82' lang='lat' dir='ltr'><strong>Ut</strong></span> <span class='ocrx_word' id='word_1_421' title='bbox 1675 1315 1756 1341; x_wconf 92' lang='lat' dir='ltr'><strong>nimi-</strong></span> 
     </span>
    </p>
   </div>
   <div class='ocr_carea' id='block_1_58' title="bbox 965 1356 1756 1393">
    <p class='ocr_par' dir='ltr' id='par_1_58' title="bbox 965 1356 1756 1393">
     <span class='ocr_line' id='line_1_58' title="bbox 965 1356 1756 1393; baseline 0.005 -11"><span class='ocrx_word' id='word_1_422' title='bbox 965 1363 1026 1382; x_wconf 90' lang='lat' dir='ltr'><strong>rum</strong></span> <span class='ocrx_word' id='word_1_423' title='bbox 1052 1363 1148 1383; x_wconf 87' lang='lat' dir='ltr'><strong>servus</strong></span> <span class='ocrx_word' id='word_1_424' title='bbox 1175 1356 1211 1384; x_wconf 86' lang='lat' dir='ltr'><strong>ob</strong></span> <span class='ocrx_word' id='word_1_425' title='bbox 1233 1357 1409 1385; x_wconf 77' lang='lat' dir='ltr'><strong>excellentem</strong></span> <span class='ocrx_word' id='word_1_426' title='bbox 1433 1358 1608 1393; x_wconf 82' lang='lat' dir='ltr'><strong>munditiam,</strong></span> <span class='ocrx_word' id='word_1_427' title='bbox 1633 1359 1756 1386; x_wconf 64' lang='lat' dir='ltr'><strong>Domina:</strong></span> 
     </span>
    </p>
   </div>
   <div class='ocr_carea' id='block_1_59' title="bbox 966 1401 1756 1439">
    <p class='ocr_par' dir='ltr' id='par_1_59' title="bbox 966 1401 1756 1439">
     <span class='ocr_line' id='line_1_59' title="bbox 966 1401 1756 1439; baseline 0.008 -11"><span class='ocrx_word' id='word_1_428' title='bbox 966 1401 1039 1428; x_wconf 87' lang='lat' dir='ltr'><strong>filius</strong></span> <span class='ocrx_word' id='word_1_429' title='bbox 1058 1402 1229 1436; x_wconf 86' lang='lat' dir='ltr'><strong>appelletur;</strong></span> <span class='ocrx_word' id='word_1_430' title='bbox 1241 1410 1274 1430; x_wconf 90' lang='lat' dir='ltr'><strong>ac</strong></span> <span class='ocrx_word' id='word_1_431' title='bbox 1294 1403 1426 1439; x_wconf 72' lang='lat' dir='ltr'><strong>ejusqua:</strong></span> <span class='ocrx_word' id='word_1_432' title='bbox 1441 1405 1503 1432; x_wconf 74' lang='lat' dir='ltr'><strong>vita:</strong></span> <span class='ocrx_word' id='word_1_433' title='bbox 1518 1405 1639 1433; x_wconf 83' lang='lat' dir='ltr'><strong>thesauri</strong></span> <span class='ocrx_word' id='word_1_434' title='bbox 1659 1409 1756 1434; x_wconf 84' lang='lat' dir='ltr'><strong>custos</strong></span> 
     </span>
    </p>
   </div>
   <div class='ocr_carea' id='block_1_60' title="bbox 965 1446 1755 1485">
    <p class='ocr_par' dir='ltr' id='par_1_60' title="bbox 965 1446 1755 1485">
     <span class='ocr_line' id='line_1_60' title="bbox 965 1446 1755 1485; baseline 0.005 -11"><span class='ocrx_word' id='word_1_435' title='bbox 965 1446 1071 1481; x_wconf 80' lang='lat' dir='ltr'><strong>fuisset,</strong></span> <span class='ocrx_word' id='word_1_436' title='bbox 1099 1452 1192 1476; x_wconf 87' lang='lat' dir='ltr'><strong>custos</strong></span> <span class='ocrx_word' id='word_1_437' title='bbox 1217 1449 1411 1477; x_wconf 89' lang='lat' dir='ltr'><strong>constituatur.</strong></span> <span class='ocrx_word' id='word_1_438' title='bbox 1437 1450 1483 1478; x_wconf 90' lang='lat' dir='ltr'><strong>llle</strong></span> <span class='ocrx_word' id='word_1_439' title='bbox 1509 1451 1618 1485; x_wconf 84' lang='lat' dir='ltr'><strong>quidem</strong></span> <span class='ocrx_word' id='word_1_440' title='bbox 1642 1451 1755 1483; x_wconf 82' lang='lat' dir='ltr'><strong>recedit.</strong></span> 
     </span>
    </p>
   </div>
   <div class='ocr_carea' id='block_1_61' title="bbox 962 1495 1756 1532">
    <p class='ocr_par' dir='ltr' id='par_1_61' title="bbox 962 1495 1756 1532">
     <span class='ocr_line' id='line_1_61' title="bbox 962 1495 1756 1532; baseline 0.006 -12"><span class='ocrx_word' id='word_1_441' title='bbox 962 1500 1011 1528; x_wconf 85' lang='lat' dir='ltr'><strong>per</strong></span> <span class='ocrx_word' id='word_1_442' title='bbox 1033 1495 1189 1528; x_wconf 87' lang='lat' dir='ltr'><strong>passionem</strong></span> <span class='ocrx_word' id='word_1_443' title='bbox 1213 1495 1247 1521; x_wconf 87' lang='lat' dir='ltr'><strong>ab</strong></span> <span class='ocrx_word' id='word_1_444' title='bbox 1272 1503 1304 1522; x_wconf 85' lang='lat' dir='ltr'><strong>ea</strong></span> <span class='ocrx_word' id='word_1_445' title='bbox 1331 1503 1393 1530; x_wconf 65' lang='lat' dir='ltr'><strong>quae</strong></span> <span class='ocrx_word' id='word_1_446' title='bbox 1419 1496 1478 1524; x_wconf 89' lang='lat' dir='ltr'><strong>sine</strong></span> <span class='ocrx_word' id='word_1_447' title='bbox 1506 1498 1634 1532; x_wconf 84' lang='lat' dir='ltr'><strong>passione</strong></span> <span class='ocrx_word' id='word_1_448' title='bbox 1660 1498 1687 1525; x_wconf 89' lang='lat' dir='ltr'><strong>id</strong></span> <span class='ocrx_word' id='word_1_449' title='bbox 1715 1502 1756 1525; x_wconf 82' lang='lat' dir='ltr'><strong>est</strong></span> 
     </span>
    </p>
   </div>
   <div class='ocr_carea' id='block_1_62' title="bbox 963 1540 1753 1576">
    <p class='ocr_par' dir='ltr' id='par_1_62' title="bbox 963 1540 1753 1576">
     <span class='ocr_line' id='line_1_62' title="bbox 963 1540 1753 1576; baseline 0.005 -9"><span class='ocrx_word' id='word_1_450' title='bbox 963 1540 1047 1568; x_wconf 66' lang='lat' dir='ltr'><strong>illaesa</strong></span> <span class='ocrx_word' id='word_1_451' title='bbox 1062 1541 1217 1575; x_wconf 81' lang='lat' dir='ltr'><strong>integritate</strong></span> <span class='ocrx_word' id='word_1_452' title='bbox 1229 1542 1351 1576; x_wconf 80' lang='lat' dir='ltr'><strong>peperit;</strong></span> <span class='ocrx_word' id='word_1_453' title='bbox 1367 1543 1412 1569; x_wconf 86' lang='lat' dir='ltr'><strong>hic</strong></span> <span class='ocrx_word' id='word_1_454' title='bbox 1427 1548 1518 1570; x_wconf 90' lang='lat' dir='ltr'><strong>autem</strong></span> <span class='ocrx_word' id='word_1_455' title='bbox 1533 1543 1653 1571; x_wconf 88' lang='lat' dir='ltr'><strong>ministri</strong></span> <span class='ocrx_word' id='word_1_456' title='bbox 1667 1551 1753 1576; x_wconf 86' lang='lat' dir='ltr'><strong>more,</strong></span> 
     </span>
    </p>
   </div>
   <div class='ocr_carea' id='block_1_63' title="bbox 965 1587 1753 1625">
    <p class='ocr_par' dir='ltr' id='par_1_63' title="bbox 965 1587 1753 1625">
     <span class='ocr_line' id='line_1_63' title="bbox 965 1587 1753 1625; baseline 0.005 -12"><span class='ocrx_word' id='word_1_457' title='bbox 965 1587 991 1613; x_wconf 89' lang='lat' dir='ltr'><strong>in</strong></span> <span class='ocrx_word' id='word_1_458' title='bbox 1022 1593 1072 1614; x_wconf 89' lang='lat' dir='ltr'><strong>sua</strong></span> <span class='ocrx_word' id='word_1_459' title='bbox 1100 1594 1161 1614; x_wconf 90' lang='lat' dir='ltr'><strong>eam</strong></span> <span class='ocrx_word' id='word_1_460' title='bbox 1188 1587 1461 1622; x_wconf 81' lang='lat' dir='ltr'><strong>aceipit:nimirum</strong></span> <span class='ocrx_word' id='word_1_461' title='bbox 1493 1589 1576 1624; x_wconf 82' lang='lat' dir='ltr'><strong>Virgo</strong></span> <span class='ocrx_word' id='word_1_462' title='bbox 1603 1590 1753 1625; x_wconf 77' lang='lat' dir='ltr'><strong>virginem,</strong></span> 
     </span>
    </p>
   </div>
   <div class='ocr_carea' id='block_1_64' title="bbox 113 1631 909 1671">
    <p class='ocr_par' dir='ltr' id='par_1_64' title="bbox 113 1634 908 1671">
     <span class='ocr_line' id='line_1_64' title="bbox 113 1634 908 1671; baseline -0.003 -9"><span class='ocrx_word' id='word_1_463' title='bbox 113 1636 241 1670; x_wconf 68' lang='grc' dir='ltr'>βασιλίδα</span> <span class='ocrx_word' id='word_1_464' title='bbox 253 1644 261 1650; x_wconf 95' lang='grc'><strong>·</strong></span> <span class='ocrx_word' id='word_1_465' title='bbox 280 1638 294 1663; x_wconf 82' lang='grc' dir='ltr'>ὁ</span> <span class='ocrx_word' id='word_1_466' title='bbox 319 1637 444 1670; x_wconf 74' lang='grc' dir='ltr'>θεολόγος</span> <span class='ocrx_word' id='word_1_467' title='bbox 466 1637 515 1671; x_wconf 79' lang='grc' dir='ltr'>τὴν</span> <span class='ocrx_word' id='word_1_468' title='bbox 537 1636 686 1663; x_wconf 69' lang='grc' dir='ltr'>Θεοτόκονε</span> <span class='ocrx_word' id='word_1_469' title='bbox 700 1637 714 1662; x_wconf 75' lang='grc' dir='ltr'>ὁ</span> <span class='ocrx_word' id='word_1_470' title='bbox 729 1635 800 1662; x_wconf 82' lang='grc' dir='ltr'>κατὰ</span> <span class='ocrx_word' id='word_1_471' title='bbox 828 1634 908 1670; x_wconf 88' lang='grc' dir='ltr'>χάριν</span> 
     </span>
    </p>
   </div>
   <div class='ocr_carea' id='block_1_65' title="bbox 963 1631 1755 1671">
    <p class='ocr_par' dir='ltr' id='par_1_65' title="bbox 963 1631 1755 1671">
     <span class='ocr_line' id='line_1_65' title="bbox 963 1631 1755 1671; baseline 0.005 -13"><span class='ocrx_word' id='word_1_472' title='bbox 963 1632 1066 1667; x_wconf 81' lang='lat' dir='ltr'><strong>palmes</strong></span> <span class='ocrx_word' id='word_1_473' title='bbox 1078 1631 1222 1659; x_wconf 82' lang='lat' dir='ltr'><strong>fecundam</strong></span> <span class='ocrx_word' id='word_1_474' title='bbox 1241 1633 1334 1666; x_wconf 86' lang='lat' dir='ltr'><strong>vitem,</strong></span> <span class='ocrx_word' id='word_1_475' title='bbox 1350 1634 1430 1661; x_wconf 77' lang='lat' dir='ltr'><strong>miles</strong></span> <span class='ocrx_word' id='word_1_476' title='bbox 1451 1635 1586 1670; x_wconf 85' lang='lat' dir='ltr'><strong>reginam,</strong></span> <span class='ocrx_word' id='word_1_477' title='bbox 1611 1636 1755 1671; x_wconf 77' lang='lat' dir='ltr'><strong>theologus</strong></span> 
     </span>
    </p>
   </div>
   <div class='ocr_carea' id='block_1_66' title="bbox 113 1681 910 1718">
    <p class='ocr_par' dir='ltr' id='par_1_66' title="bbox 113 1681 910 1718">
     <span class='ocr_line' id='line_1_66' title="bbox 113 1681 910 1718; baseline -0.001 -10"><span class='ocrx_word' id='word_1_478' title='bbox 113 1682 263 1716; x_wconf 62' lang='grc' dir='ltr'>θεάδελεξος</span> <span class='ocrx_word' id='word_1_479' title='bbox 281 1683 330 1717; x_wconf 75' lang='grc' dir='ltr'><strong>τὴν</strong></span> <span class='ocrx_word' id='word_1_480' title='bbox 343 1682 414 1709; x_wconf 80' lang='grc' dir='ltr'>κατὰ</span> <span class='ocrx_word' id='word_1_481' title='bbox 427 1684 508 1717; x_wconf 76' lang='grc' dir='ltr'>φύσιν</span> <span class='ocrx_word' id='word_1_482' title='bbox 525 1682 678 1718; x_wconf 80' lang='grc' dir='ltr'>μητρόθεον</span> <span class='ocrx_word' id='word_1_483' title='bbox 692 1690 699 1697; x_wconf 92' lang='grc'><strong>·</strong></span> <span class='ocrx_word' id='word_1_484' title='bbox 715 1682 752 1709; x_wconf 82' lang='grc' dir='ltr'>ἴδε</span> <span class='ocrx_word' id='word_1_485' title='bbox 764 1682 812 1717; x_wconf 80' lang='grc' dir='ltr'><strong>τὴν</strong></span> <span class='ocrx_word' id='word_1_486' title='bbox 822 1681 910 1716; x_wconf 57' lang='grc' dir='ltr'>άρμο-</span> 
     </span>
    </p>
   </div>
   <div class='ocr_carea' id='block_1_67' title="bbox 112 1728 909 1765">
    <p class='ocr_par' dir='ltr' id='par_1_67' title="bbox 112 1728 909 1765">
     <span class='ocr_line' id='line_1_67' title="bbox 112 1728 909 1765; baseline -0.001 -11"><span class='ocrx_word' id='word_1_487' title='bbox 112 1729 174 1755; x_wconf 65' lang='lat' dir='ltr'><strong>vim</strong></span> <span class='ocrx_word' id='word_1_488' title='bbox 191 1729 242 1763; x_wconf 76' lang='grc' dir='ltr'><strong>τῆς</strong></span> <span class='ocrx_word' id='word_1_489' title='bbox 258 1729 426 1764; x_wconf 73' lang='grc' dir='ltr'>καταλλήλου</span> <span class='ocrx_word' id='word_1_490' title='bbox 443 1730 580 1765; x_wconf 69' lang='grc' dir='ltr'>κλήσεως,</span> <span class='ocrx_word' id='word_1_491' title='bbox 593 1729 640 1755; x_wconf 72' lang='grc' dir='ltr'><strong>καὶ</strong></span> <span class='ocrx_word' id='word_1_492' title='bbox 661 1728 843 1764; x_wconf 72' lang='grc' dir='ltr'>ὑπεραίνεσον</span> <span class='ocrx_word' id='word_1_493' title='bbox 859 1728 909 1762; x_wconf 80' lang='grc' dir='ltr'>τὴν</span> 
     </span>
    </p>
   </div>
   <div class='ocr_carea' id='block_1_68' title="bbox 114 1772 909 1811">
    <p class='ocr_par' dir='ltr' id='par_1_68' title="bbox 114 1772 909 1811">
     <span class='ocr_line' id='line_1_68' title="bbox 114 1772 909 1811; baseline -0.001 -11"><span class='ocrx_word' id='word_1_494' title='bbox 114 1775 265 1809; x_wconf 80' lang='grc' dir='ltr'>τύμϐασιν.</span> <span class='ocrx_word' id='word_1_495' title='bbox 279 1772 342 1811; x_wconf 70' lang='grc' dir='ltr'><strong>Ἆρ’</strong></span> <span class='ocrx_word' id='word_1_496' title='bbox 364 1775 394 1801; x_wconf 75' lang='grc' dir='ltr'><strong>οὐ</strong></span> <span class='ocrx_word' id='word_1_497' title='bbox 421 1775 501 1802; x_wconf 78' lang='grc' dir='ltr'>τοῦτο</span> <span class='ocrx_word' id='word_1_498' title='bbox 531 1775 612 1810; x_wconf 82' lang='grc' dir='ltr'>μόνον</span> <span class='ocrx_word' id='word_1_499' title='bbox 633 1775 723 1801; x_wconf 78' lang='grc' dir='ltr'>πᾶσαν</span> <span class='ocrx_word' id='word_1_500' title='bbox 750 1773 909 1809; x_wconf 66' lang='grc' dir='ltr'>ἀποκρύψαι</span> 
     </span>
    </p>
   </div>
   <div class='ocr_carea' id='block_1_69' title="bbox 113 1819 908 1856">
    <p class='ocr_par' dir='ltr' id='par_1_69' title="bbox 113 1819 908 1856">
     <span class='ocr_line' id='line_1_69' title="bbox 113 1819 908 1856; baseline -0.003 -10"><span class='ocrx_word' id='word_1_501' title='bbox 113 1819 270 1855; x_wconf 69' lang='grc' dir='ltr'>ὑπερϐολὴν</span> <span class='ocrx_word' id='word_1_502' title='bbox 287 1821 426 1854; x_wconf 81' lang='grc' dir='ltr'>ὲγκωμίου</span> <span class='ocrx_word' id='word_1_503' title='bbox 457 1820 497 1855; x_wconf 82' lang='grc' dir='ltr'>τῷ</span> <span class='ocrx_word' id='word_1_504' title='bbox 519 1819 636 1856; x_wconf 77' lang='grc' dir='ltr'>θεολόγῳ</span> <span class='ocrx_word' id='word_1_505' title='bbox 668 1820 810 1855; x_wconf 76' lang='grc' dir='ltr'>πάρεστιν,</span> <span class='ocrx_word' id='word_1_506' title='bbox 827 1821 908 1853; x_wconf 81' lang='grc' dir='ltr'>ἀμοι-</span> 
     </span>
    </p>
   </div>
   <div class='ocr_carea' id='block_1_70' title="bbox 115 1865 908 1901">
    <p class='ocr_par' dir='ltr' id='par_1_70' title="bbox 115 1865 908 1901">
     <span class='ocr_line' id='line_1_70' title="bbox 115 1865 908 1901; baseline -0.001 -9"><span class='ocrx_word' id='word_1_507' title='bbox 115 1866 209 1901; x_wconf 67' lang='grc' dir='ltr'>ροῦντι</span> <span class='ocrx_word' id='word_1_508' title='bbox 223 1866 274 1900; x_wconf 80' lang='grc' dir='ltr'><strong>τῆς</strong></span> <span class='ocrx_word' id='word_1_509' title='bbox 286 1866 396 1893; x_wconf 83' lang='grc' dir='ltr'>οίασοῦν</span> <span class='ocrx_word' id='word_1_510' title='bbox 414 1866 499 1901; x_wconf 74' lang='grc' dir='ltr'>ἄλλης</span> <span class='ocrx_word' id='word_1_511' title='bbox 521 1867 671 1899; x_wconf 74' lang='grc' dir='ltr'>αίνέσεωςς</span> <span class='ocrx_word' id='word_1_512' title='bbox 690 1867 713 1892; x_wconf 79' lang='grc' dir='ltr'><strong>εί</strong></span> <span class='ocrx_word' id='word_1_513' title='bbox 729 1866 758 1892; x_wconf 83' lang='grc' dir='ltr'><strong>δὲ</strong></span> <span class='ocrx_word' id='word_1_514' title='bbox 775 1866 844 1900; x_wconf 79' lang='grc' dir='ltr'>μετὰ</span> <span class='ocrx_word' id='word_1_515' title='bbox 857 1865 908 1899; x_wconf 79' lang='grc' dir='ltr'><strong>τῆς</strong></span> 
     </span>
    </p>
   </div>
   <div class='ocr_carea' id='block_1_71' title="bbox 112 1912 908 1948">
    <p class='ocr_par' dir='ltr' id='par_1_71' title="bbox 112 1912 908 1948">
     <span class='ocr_line' id='line_1_71' title="bbox 112 1912 908 1948; baseline 0 -10"><span class='ocrx_word' id='word_1_516' title='bbox 112 1912 167 1938; x_wconf 80' lang='grc' dir='ltr'>τῶν</span> <span class='ocrx_word' id='word_1_517' title='bbox 180 1912 372 1948; x_wconf 71' lang='grc' dir='ltr'>προλαϐόντων</span> <span class='ocrx_word' id='word_1_518' title='bbox 388 1912 542 1948; x_wconf 75' lang='grc' dir='ltr'>ὑπερϐολῆς</span> <span class='ocrx_word' id='word_1_519' title='bbox 566 1914 613 1939; x_wconf 77' lang='grc' dir='ltr'>καὶ</span> <span class='ocrx_word' id='word_1_520' title='bbox 635 1912 670 1939; x_wconf 66' lang='grc' dir='ltr'>τὰ</span> <span class='ocrx_word' id='word_1_521' title='bbox 684 1912 826 1946; x_wconf 68' lang='grc' dir='ltr'>φθάσαντα</span> <span class='ocrx_word' id='word_1_522' title='bbox 844 1920 908 1938; x_wconf 82' lang='grc' dir='ltr'>συν-</span> 
     </span>
    </p>
   </div>
   <div class='ocr_carea' id='block_1_72' title="bbox 112 1957 908 1993">
    <p class='ocr_par' dir='ltr' id='par_1_72' title="bbox 112 1957 908 1993">
     <span class='ocr_line' id='line_1_72' title="bbox 112 1957 908 1993; baseline 0.001 -10"><span class='ocrx_word' id='word_1_523' title='bbox 112 1957 260 1992; x_wconf 73' lang='grc' dir='ltr'>αστράψοι.</span> <span class='ocrx_word' id='word_1_524' title='bbox 277 1958 318 1988; x_wconf 81' lang='grc' dir='ltr'><strong>τίς</strong></span> <span class='ocrx_word' id='word_1_525' title='bbox 333 1957 367 1984; x_wconf 77' lang='grc' dir='ltr'>ἂν</span> <span class='ocrx_word' id='word_1_526' title='bbox 387 1957 515 1993; x_wconf 77' lang='grc' dir='ltr'>δυνηθείη</span> <span class='ocrx_word' id='word_1_527' title='bbox 539 1958 698 1993; x_wconf 76' lang='grc' dir='ltr'>άντωπῆναι</span> <span class='ocrx_word' id='word_1_528' title='bbox 719 1958 766 1984; x_wconf 78' lang='grc' dir='ltr'>τοῦ</span> <span class='ocrx_word' id='word_1_529' title='bbox 782 1958 865 1993; x_wconf 66' lang='grc' dir='ltr'>ὕψους</span> <span class='ocrx_word' id='word_1_530' title='bbox 877 1958 908 1984; x_wconf 72' lang='grc' dir='ltr'>τὺ</span> 
     </span>
    </p>
   </div>
   <div class='ocr_carea' id='block_1_73' title="bbox 111 2002 908 2039">
    <p class='ocr_par' dir='ltr' id='par_1_73' title="bbox 111 2002 908 2039">
     <span class='ocr_line' id='line_1_73' title="bbox 111 2002 908 2039; baseline 0.003 -11"><span class='ocrx_word' id='word_1_531' title='bbox 111 2002 349 2036; x_wconf 52' lang='lat' dir='ltr'><strong>inﬁtiante-1;</strong></span> <span class='ocrx_word' id='word_1_532' title='bbox 373 2003 446 2030; x_wconf 73' lang='grc' dir='ltr'>οὕτω</span> <span class='ocrx_word' id='word_1_533' title='bbox 466 2003 612 2038; x_wconf 75' lang='grc' dir='ltr'>τοιγαροῦν</span> <span class='ocrx_word' id='word_1_534' title='bbox 641 2005 834 2039; x_wconf 81' lang='grc' dir='ltr'>ὑπερανεστώς</span> <span class='ocrx_word' id='word_1_535' title='bbox 850 2005 908 2030; x_wconf 76' lang='grc' dir='ltr'>ἐστι</span> 
     </span>
    </p>
   </div>
   <div class='ocr_carea' id='block_1_74' title="bbox 112 2048 907 2086">
    <p class='ocr_par' dir='ltr' id='par_1_74' title="bbox 112 2048 907 2086">
     <span class='ocr_line' id='line_1_74' title="bbox 112 2048 907 2086; baseline 0.004 -12"><span class='ocrx_word' id='word_1_536' title='bbox 112 2049 207 2084; x_wconf 63' lang='grc' dir='ltr'>πάσης</span> <span class='ocrx_word' id='word_1_537' title='bbox 230 2048 281 2083; x_wconf 87' lang='grc' dir='ltr'><strong>τῆς</strong></span> <span class='ocrx_word' id='word_1_538' title='bbox 302 2050 331 2076; x_wconf 82' lang='grc' dir='ltr'>ὲν</span> <span class='ocrx_word' id='word_1_539' title='bbox 351 2050 443 2084; x_wconf 85' lang='grc' dir='ltr'>λόγοις</span> <span class='ocrx_word' id='word_1_540' title='bbox 459 2050 686 2086; x_wconf 77' lang='grc' dir='ltr'>ἐγκωμιαστικῆς</span> <span class='ocrx_word' id='word_1_541' title='bbox 704 2050 857 2085; x_wconf 80' lang='grc' dir='ltr'>δυνάμεως,</span> <span class='ocrx_word' id='word_1_542' title='bbox 870 2050 907 2082; x_wconf 85' lang='grc' dir='ltr'>ὡς</span> 
     </span>
    </p>
   </div>
   <div class='ocr_carea' id='block_1_75' title="bbox 114 2094 908 2130">
    <p class='ocr_par' dir='ltr' id='par_1_75' title="bbox 114 2094 908 2130">
     <span class='ocr_line' id='line_1_75' title="bbox 114 2094 908 2130; baseline 0.003 -9"><span class='ocrx_word' id='word_1_543' title='bbox 114 2095 198 2129; x_wconf 72' lang='grc' dir='ltr'>μόνου</span> <span class='ocrx_word' id='word_1_544' title='bbox 214 2095 282 2122; x_wconf 84' lang='grc' dir='ltr'>Θεοῦ</span> <span class='ocrx_word' id='word_1_545' title='bbox 298 2094 367 2122; x_wconf 71' lang='grc' dir='ltr'>εἶναι</span> <span class='ocrx_word' id='word_1_546' title='bbox 390 2097 494 2122; x_wconf 80' lang='grc' dir='ltr'>ἐκεῖνον</span> <span class='ocrx_word' id='word_1_547' title='bbox 519 2096 729 2130; x_wconf 78' lang='grc' dir='ltr'>ὲπαινέσασθαι,</span> <span class='ocrx_word' id='word_1_548' title='bbox 744 2098 768 2123; x_wconf 82' lang='grc' dir='ltr'><strong>εί</strong></span> <span class='ocrx_word' id='word_1_549' title='bbox 784 2097 831 2123; x_wconf 60' lang='grc' dir='ltr'>καὶ</span> <span class='ocrx_word' id='word_1_550' title='bbox 844 2096 908 2123; x_wconf 82' lang='grc' dir='ltr'>τολ-</span> 
     </span>
    </p>
   </div>
   <div class='ocr_carea' id='block_1_76' title="bbox 113 2138 906 2178">
    <p class='ocr_par' dir='ltr' id='par_1_76' title="bbox 113 2138 906 2178">
     <span class='ocr_line' id='line_1_76' title="bbox 113 2138 906 2178; baseline 0.005 -11"><span class='ocrx_word' id='word_1_551' title='bbox 113 2141 203 2176; x_wconf 60' lang='grc' dir='ltr'>μηρὸν</span> <span class='ocrx_word' id='word_1_552' title='bbox 225 2143 314 2168; x_wconf 81' lang='grc' dir='ltr'>εἰπεῖν</span> <span class='ocrx_word' id='word_1_553' title='bbox 327 2162 335 2174; x_wconf 91' lang='grc'><strong>,</strong></span> <span class='ocrx_word' id='word_1_554' title='bbox 355 2143 421 2177; x_wconf 76' lang='grc' dir='ltr'>παρ’</span> <span class='ocrx_word' id='word_1_555' title='bbox 436 2138 466 2168; x_wconf 77' lang='grc' dir='ltr'>οὗ</span> <span class='ocrx_word' id='word_1_556' title='bbox 487 2142 533 2169; x_wconf 73' lang='grc' dir='ltr'>καὶ</span> <span class='ocrx_word' id='word_1_557' title='bbox 552 2142 696 2175; x_wconf 77' lang='grc' dir='ltr'>πλεονάζει</span> <span class='ocrx_word' id='word_1_558' title='bbox 726 2143 774 2178; x_wconf 83' lang='grc' dir='ltr'>τὴν</span> <span class='ocrx_word' id='word_1_559' title='bbox 792 2143 884 2177; x_wconf 74' lang='grc' dir='ltr'>ἔφεσιν</span> <span class='ocrx_word' id='word_1_560' title='bbox 899 2151 906 2158; x_wconf 86' lang='grc'><em>’</em></span> 
     </span>
    </p>
   </div>
   <div class='ocr_carea' id='block_1_77' title="bbox 113 2185 906 2224">
    <p class='ocr_par' dir='ltr' id='par_1_77' title="bbox 113 2185 906 2224">
     <span class='ocr_line' id='line_1_77' title="bbox 113 2185 906 2224; baseline 0.003 -10"><span class='ocrx_word' id='word_1_561' title='bbox 113 2187 159 2222; x_wconf 78' lang='grc' dir='ltr'><strong>ὑφ’</strong></span> <span class='ocrx_word' id='word_1_562' title='bbox 178 2185 210 2214; x_wconf 80' lang='grc' dir='ltr'>οὗ</span> <span class='ocrx_word' id='word_1_563' title='bbox 226 2187 275 2214; x_wconf 80' lang='grc' dir='ltr'>καὶ</span> <span class='ocrx_word' id='word_1_564' title='bbox 302 2187 336 2214; x_wconf 77' lang='grc' dir='ltr'><strong>τὰ</strong></span> <span class='ocrx_word' id='word_1_565' title='bbox 354 2187 479 2222; x_wconf 78' lang='grc' dir='ltr'>ἐγκώμια</span> <span class='ocrx_word' id='word_1_566' title='bbox 505 2188 646 2221; x_wconf 78' lang='grc' dir='ltr'>ἔστεπται,</span> <span class='ocrx_word' id='word_1_567' title='bbox 667 2187 725 2223; x_wconf 74' lang='grc' dir='ltr'>φῶς</span> <span class='ocrx_word' id='word_1_568' title='bbox 744 2189 791 2216; x_wconf 73' lang='grc' dir='ltr'>καὶ</span> <span class='ocrx_word' id='word_1_569' title='bbox 807 2189 906 2224; x_wconf 85' lang='grc' dir='ltr'>βροντὴ</span> 
     </span>
    </p>
   </div>
   <div class='ocr_carea' id='block_1_78' title="bbox 113 2232 906 2270">
    <p class='ocr_par' dir='ltr' id='par_1_78' title="bbox 113 2232 906 2270">
     <span class='ocr_line' id='line_1_78' title="bbox 113 2232 906 2270; baseline 0.003 -11"><span class='ocrx_word' id='word_1_570' title='bbox 113 2233 161 2260; x_wconf 77' lang='grc' dir='ltr'>καὶ</span> <span class='ocrx_word' id='word_1_571' title='bbox 185 2232 222 2259; x_wconf 76' lang='grc' dir='ltr'><strong>τὰ</strong></span> <span class='ocrx_word' id='word_1_572' title='bbox 246 2233 358 2260; x_wconf 77' lang='grc' dir='ltr'>τοιαῦτα</span> <span class='ocrx_word' id='word_1_573' title='bbox 394 2234 687 2270; x_wconf 78' lang='grc' dir='ltr'>προσαγορευόμενος’</span> <span class='ocrx_word' id='word_1_574' title='bbox 703 2235 762 2262; x_wconf 77' lang='grc' dir='ltr'>ἀλλ’</span> <span class='ocrx_word' id='word_1_575' title='bbox 788 2234 906 2270; x_wconf 78' lang='grc' dir='ltr'>ἐπείπερ</span> 
     </span>
    </p>
   </div>
   <div class='ocr_carea' id='block_1_79' title="bbox 112 2278 944 2326">
    <p class='ocr_par' dir='ltr' id='par_1_79' title="bbox 112 2278 944 2326">
     <span class='ocr_line' id='line_1_79' title="bbox 112 2278 944 2326; baseline 0.002 -22"><span class='ocrx_word' id='word_1_576' title='bbox 112 2278 202 2305; x_wconf 74' lang='grc' dir='ltr'>ταῦτα</span> <span class='ocrx_word' id='word_1_577' title='bbox 223 2278 322 2310; x_wconf 74' lang='grc' dir='ltr'>οὕτως,</span> <span class='ocrx_word' id='word_1_578' title='bbox 347 2279 394 2305; x_wconf 71' lang='grc' dir='ltr'>καὶ</span> <span class='ocrx_word' id='word_1_579' title='bbox 414 2279 502 2315; x_wconf 80' lang='grc' dir='ltr'>πέρας</span> <span class='ocrx_word' id='word_1_580' title='bbox 517 2280 629 2316; x_wconf 69' lang='grc' dir='ltr'>είληφεν</span> <span class='ocrx_word' id='word_1_581' title='bbox 645 2281 661 2316; x_wconf 80' lang='grc' dir='ltr'><strong>ὴ</strong></span> <span class='ocrx_word' id='word_1_582' title='bbox 676 2281 814 2316; x_wconf 80' lang='grc' dir='ltr'>ἀκήρατος</span> <span class='ocrx_word' id='word_1_583' title='bbox 828 2280 906 2307; x_wconf 63' lang='grc' dir='ltr'>ἀνθοι</span> <span class='ocrx_word' id='word_1_584' title='bbox 924 2300 944 2326; x_wconf 73' lang='lat' dir='ltr'><strong>D</strong></span> 
     </span>
    </p>
   </div>
   <div class='ocr_carea' id='block_1_80' title="bbox 111 2325 905 2362">
    <p class='ocr_par' dir='ltr' id='par_1_80' title="bbox 111 2325 905 2362">
     <span class='ocr_line' id='line_1_80' title="bbox 111 2325 905 2362; baseline 0.003 -12"><span class='ocrx_word' id='word_1_585' title='bbox 111 2325 204 2359; x_wconf 75' lang='grc' dir='ltr'>λογία,</span> <span class='ocrx_word' id='word_1_586' title='bbox 221 2325 283 2351; x_wconf 77' lang='grc' dir='ltr'>καθ’</span> <span class='ocrx_word' id='word_1_587' title='bbox 300 2325 362 2351; x_wconf 83' lang='grc' dir='ltr'>ὅσον</span> <span class='ocrx_word' id='word_1_588' title='bbox 375 2326 486 2359; x_wconf 73' lang='grc' dir='ltr'>ἐφικτὸν</span> <span class='ocrx_word' id='word_1_589' title='bbox 505 2327 570 2362; x_wconf 85' lang='grc' dir='ltr'>ἡμῖν</span> <span class='ocrx_word' id='word_1_590' title='bbox 585 2326 734 2361; x_wconf 68' lang='grc' dir='ltr'>δρέψασθαι</span> <span class='ocrx_word' id='word_1_591' title='bbox 750 2328 805 2358; x_wconf 82' lang='grc' dir='ltr'>τοῖς</span> <span class='ocrx_word' id='word_1_592' title='bbox 826 2335 905 2353; x_wconf 62' lang='grc' dir='ltr'>πενοο</span> 
     </span>
    </p>
   </div>
   <div class='ocr_carea' id='block_1_81' title="bbox 112 2370 906 2407">
    <p class='ocr_par' dir='ltr' id='par_1_81' title="bbox 112 2370 906 2407">
     <span class='ocr_line' id='line_1_81' title="bbox 112 2370 906 2407; baseline 0.003 -11"><span class='ocrx_word' id='word_1_593' title='bbox 112 2370 215 2404; x_wconf 78' lang='grc' dir='ltr'>λόγοις,</span> <span class='ocrx_word' id='word_1_594' title='bbox 227 2370 308 2406; x_wconf 85' lang='grc' dir='ltr'>δεῦρο</span> <span class='ocrx_word' id='word_1_595' title='bbox 317 2371 364 2397; x_wconf 76' lang='grc' dir='ltr'>καὶ</span> <span class='ocrx_word' id='word_1_596' title='bbox 375 2371 456 2406; x_wconf 77' lang='grc' dir='ltr'>ἡμεῖς</span> <span class='ocrx_word' id='word_1_597' title='bbox 472 2372 501 2398; x_wconf 77' lang='grc' dir='ltr'><strong>ὲν</strong></span> <span class='ocrx_word' id='word_1_598' title='bbox 512 2372 617 2403; x_wconf 81' lang='grc' dir='ltr'>τούτοις</span> <span class='ocrx_word' id='word_1_599' title='bbox 630 2372 906 2407; x_wconf 84' lang='grc' dir='ltr'>συγκαταπαύσωμεν</span> 
     </span>
    </p>
   </div>
   <div class='ocr_carea' id='block_1_82' title="bbox 112 2416 906 2453">
    <p class='ocr_par' dir='ltr' id='par_1_82' title="bbox 112 2416 906 2453">
     <span class='ocr_line' id='line_1_82' title="bbox 112 2416 906 2453; baseline 0.003 -11"><span class='ocrx_word' id='word_1_600' title='bbox 112 2416 156 2442; x_wconf 74' lang='grc' dir='ltr'><strong>τῦν</strong></span> <span class='ocrx_word' id='word_1_601' title='bbox 169 2416 260 2450; x_wconf 81' lang='grc' dir='ltr'>λόγον,</span> <span class='ocrx_word' id='word_1_602' title='bbox 274 2418 382 2451; x_wconf 86' lang='grc' dir='ltr'>μικροῖς</span> <span class='ocrx_word' id='word_1_603' title='bbox 399 2417 507 2451; x_wconf 87' lang='grc' dir='ltr'>μεγάλα</span> <span class='ocrx_word' id='word_1_604' title='bbox 518 2417 685 2452; x_wconf 71' lang='grc' dir='ltr'>ἀμείψαντες</span> <span class='ocrx_word' id='word_1_605' title='bbox 694 2425 701 2433; x_wconf 85' lang='grc'><strong>·</strong></span> <span class='ocrx_word' id='word_1_606' title='bbox 717 2418 807 2444; x_wconf 80' lang='grc' dir='ltr'>ἐκεῖνο</span> <span class='ocrx_word' id='word_1_607' title='bbox 821 2426 906 2453; x_wconf 84' lang='grc' dir='ltr'>προσ-</span> 
     </span>
    </p>
   </div>
   <div class='ocr_carea' id='block_1_83' title="bbox 112 2462 906 2499">
    <p class='ocr_par' dir='ltr' id='par_1_83' title="bbox 112 2462 906 2499">
     <span class='ocr_line' id='line_1_83' title="bbox 112 2462 906 2499; baseline 0.004 -12"><span class='ocrx_word' id='word_1_608' title='bbox 112 2462 207 2493; x_wconf 71' lang='grc' dir='ltr'>θέντες</span> <span class='ocrx_word' id='word_1_609' title='bbox 222 2464 278 2492; x_wconf 82' lang='grc' dir='ltr'>τοῖς</span> <span class='ocrx_word' id='word_1_610' title='bbox 290 2462 459 2497; x_wconf 80' lang='grc' dir='ltr'>εἰρημένοις,</span> <span class='ocrx_word' id='word_1_611' title='bbox 475 2463 513 2495; x_wconf 85' lang='grc' dir='ltr'><strong>ὡς</strong></span> <span class='ocrx_word' id='word_1_612' title='bbox 537 2463 567 2490; x_wconf 83' lang='grc' dir='ltr'>οὐ</span> <span class='ocrx_word' id='word_1_613' title='bbox 583 2463 682 2498; x_wconf 82' lang='grc' dir='ltr'>μικρὸν</span> <span class='ocrx_word' id='word_1_614' title='bbox 701 2463 734 2490; x_wconf 85' lang='grc' dir='ltr'><strong>ἂν</strong></span> <span class='ocrx_word' id='word_1_615' title='bbox 754 2463 797 2498; x_wconf 76' lang='grc' dir='ltr'>εἴη</span> <span class='ocrx_word' id='word_1_616' title='bbox 821 2464 906 2499; x_wconf 80' lang='grc' dir='ltr'>γέρας</span> 
     </span>
    </p>
   </div>
   <div class='ocr_carea' id='block_1_84' title="bbox 112 2508 907 2545">
    <p class='ocr_par' dir='ltr' id='par_1_84' title="bbox 112 2508 907 2545">
     <span class='ocr_line' id='line_1_84' title="bbox 112 2508 907 2545; baseline 0.005 -12"><span class='ocrx_word' id='word_1_617' title='bbox 112 2508 189 2542; x_wconf 74' lang='grc' dir='ltr'>αὐτῷ</span> <span class='ocrx_word' id='word_1_618' title='bbox 212 2508 254 2539; x_wconf 82' lang='grc' dir='ltr'>εἰς</span> <span class='ocrx_word' id='word_1_619' title='bbox 279 2508 437 2544; x_wconf 73' lang='grc' dir='ltr'>φιλοτιμίαν</span> <span class='ocrx_word' id='word_1_620' title='bbox 461 2510 508 2536; x_wconf 80' lang='grc' dir='ltr'><strong>καὶ</strong></span> <span class='ocrx_word' id='word_1_621' title='bbox 531 2510 548 2545; x_wconf 80' lang='grc' dir='ltr'>ἡ</span> <span class='ocrx_word' id='word_1_622' title='bbox 569 2510 779 2545; x_wconf 76' lang='grc' dir='ltr'>φρικωδεστάτη</span> <span class='ocrx_word' id='word_1_623' title='bbox 798 2510 907 2537; x_wconf 82' lang='grc' dir='ltr'>ἁποκά-</span> 
     </span>
    </p>
   </div>
   <div class='ocr_carea' id='block_1_85' title="bbox 112 2553 906 2590">
    <p class='ocr_par' dir='ltr' id='par_1_85' title="bbox 112 2553 906 2590">
     <span class='ocr_line' id='line_1_85' title="bbox 112 2553 906 2590; baseline 0.003 -10"><span class='ocrx_word' id='word_1_624' title='bbox 112 2553 202 2588; x_wconf 72' lang='grc' dir='ltr'>ὶυψις,</span> <span class='ocrx_word' id='word_1_625' title='bbox 215 2553 250 2589; x_wconf 80' lang='grc' dir='ltr'>ἢν</span> <span class='ocrx_word' id='word_1_626' title='bbox 266 2555 294 2580; x_wconf 77' lang='grc' dir='ltr'>ἐν</span> <span class='ocrx_word' id='word_1_627' title='bbox 303 2554 408 2589; x_wconf 80' lang='grc' dir='ltr'>Πάτμῳ</span> <span class='ocrx_word' id='word_1_628' title='bbox 425 2555 610 2590; x_wconf 77' lang='grc' dir='ltr'>περιορισθεὶς</span> <span class='ocrx_word' id='word_1_629' title='bbox 624 2555 668 2582; x_wconf 84' lang='grc' dir='ltr'><strong>διὰ</strong></span> <span class='ocrx_word' id='word_1_630' title='bbox 680 2556 726 2581; x_wconf 79' lang='grc' dir='ltr'>τὸν</span> <span class='ocrx_word' id='word_1_631' title='bbox 741 2555 820 2590; x_wconf 78' lang='grc' dir='ltr'>λόγον</span> <span class='ocrx_word' id='word_1_632' title='bbox 830 2556 906 2590; x_wconf 78' lang='grc' dir='ltr'>παρὰ</span> 
     </span>
    </p>
   </div>
   <div class='ocr_carea' id='block_1_86' title="bbox 112 2600 904 2638">
    <p class='ocr_par' dir='ltr' id='par_1_86' title="bbox 112 2600 904 2638">
     <span class='ocr_line' id='line_1_86' title="bbox 112 2600 904 2638; baseline 0.001 -12"><span class='ocrx_word' id='word_1_633' title='bbox 112 2600 157 2627; x_wconf 73' lang='grc' dir='ltr'><strong>τοῦ</strong></span> <span class='ocrx_word' id='word_1_634' title='bbox 174 2600 303 2636; x_wconf 76' lang='grc' dir='ltr'>τηνικάδε</span> <span class='ocrx_word' id='word_1_635' title='bbox 318 2601 594 2636; x_wconf 75' lang='grc' dir='ltr'>κρατοῦντος,θεόθεν</span> <span class='ocrx_word' id='word_1_636' title='bbox 608 2601 724 2638; x_wconf 85' lang='grc' dir='ltr'>μυηθεὶς</span> <span class='ocrx_word' id='word_1_637' title='bbox 736 2601 886 2629; x_wconf 80' lang='grc' dir='ltr'>ἐκδέδωκεν</span> <span class='ocrx_word' id='word_1_638' title='bbox 897 2610 904 2617; x_wconf 83' lang='grc'><strong>”</strong></span> 
     </span>
    </p>
   </div>
   <div class='ocr_carea' id='block_1_87' title="bbox 112 2646 905 2682">
    <p class='ocr_par' dir='ltr' id='par_1_87' title="bbox 112 2646 905 2682">
     <span class='ocr_line' id='line_1_87' title="bbox 112 2646 905 2682; baseline 0.001 -10"><span class='ocrx_word' id='word_1_639' title='bbox 112 2647 159 2673; x_wconf 75' lang='grc' dir='ltr'>καὶ</span> <span class='ocrx_word' id='word_1_640' title='bbox 179 2647 262 2673; x_wconf 81' lang='grc' dir='ltr'>τοῦτο</span> <span class='ocrx_word' id='word_1_641' title='bbox 287 2648 320 2673; x_wconf 80' lang='grc' dir='ltr'>ὲκ</span> <span class='ocrx_word' id='word_1_642' title='bbox 344 2646 520 2682; x_wconf 75' lang='grc' dir='ltr'>πλεονασμοῦ</span> <span class='ocrx_word' id='word_1_643' title='bbox 543 2647 593 2682; x_wconf 84' lang='grc' dir='ltr'><strong>τῆς</strong></span> <span class='ocrx_word' id='word_1_644' title='bbox 623 2647 734 2682; x_wconf 84' lang='grc' dir='ltr'>ἀγάπης</span> <span class='ocrx_word' id='word_1_645' title='bbox 760 2647 905 2682; x_wconf 82' lang='grc' dir='ltr'>ἱδιαίρετον</span> 
     </span>
    </p>
   </div>
   <div class='ocr_carea' id='block_1_88' title="bbox 113 2692 906 2729">
    <p class='ocr_par' dir='ltr' id='par_1_88' title="bbox 113 2692 906 2729">
     <span class='ocr_line' id='line_1_88' title="bbox 113 2692 906 2729; baseline 0 -11"><span class='ocrx_word' id='word_1_646' title='bbox 113 2692 188 2727; x_wconf 70' lang='grc' dir='ltr'>παρὰ</span> <span class='ocrx_word' id='word_1_647' title='bbox 203 2693 268 2724; x_wconf 79' lang='grc' dir='ltr'>τοὺς</span> <span class='ocrx_word' id='word_1_648' title='bbox 282 2692 394 2724; x_wconf 69' lang='grc' dir='ltr'>λοιποὺς</span> <span class='ocrx_word' id='word_1_649' title='bbox 407 2693 527 2729; x_wconf 65' lang='grc' dir='ltr'>εἰληφώς</span> <span class='ocrx_word' id='word_1_650' title='bbox 538 2701 544 2708; x_wconf 88' lang='grc'>·</span> <span class='ocrx_word' id='word_1_651' title='bbox 558 2693 624 2728; x_wconf 71' lang='grc' dir='ltr'>φασὶ</span> <span class='ocrx_word' id='word_1_652' title='bbox 635 2693 664 2719; x_wconf 80' lang='grc' dir='ltr'><strong>δὲ</strong></span> <span class='ocrx_word' id='word_1_653' title='bbox 676 2693 757 2719; x_wconf 80' lang='grc' dir='ltr'>αὑτὸν</span> <span class='ocrx_word' id='word_1_654' title='bbox 774 2693 843 2727; x_wconf 76' lang='grc' dir='ltr'>μετὰ</span> <span class='ocrx_word' id='word_1_655' title='bbox 857 2692 906 2723; x_wconf 79' lang='grc' dir='ltr'>τὰς</span> 
     </span>
    </p>
   </div>
   <div class='ocr_carea' id='block_1_89' title="bbox 115 2737 905 2774">
    <p class='ocr_par' dir='ltr' id='par_1_89' title="bbox 115 2737 905 2774">
     <span class='ocr_line' id='line_1_89' title="bbox 115 2737 905 2774; baseline 0.003 -12"><span class='ocrx_word' id='word_1_656' title='bbox 115 2738 190 2772; x_wconf 61' lang='lat' dir='ltr'><strong>apd;</strong></span> <span class='ocrx_word' id='word_1_657' title='bbox 202 2737 312 2769; x_wconf 80' lang='grc' dir='ltr'>ὲκείνας</span> <span class='ocrx_word' id='word_1_658' title='bbox 330 2738 473 2774; x_wconf 78' lang='grc' dir='ltr'>περιόδους</span> <span class='ocrx_word' id='word_1_659' title='bbox 491 2739 538 2765; x_wconf 77' lang='grc' dir='ltr'>καὶ</span> <span class='ocrx_word' id='word_1_660' title='bbox 557 2739 607 2774; x_wconf 76' lang='grc' dir='ltr'>τὴν</span> <span class='ocrx_word' id='word_1_661' title='bbox 632 2738 814 2774; x_wconf 75' lang='grc' dir='ltr'>εὐαγγελικὴν</span> <span class='ocrx_word' id='word_1_662' title='bbox 826 2738 905 2774; x_wconf 85' lang='grc' dir='ltr'>περί-</span> 
     </span>
    </p>
   </div>
   <div class='ocr_carea' id='block_1_90' title="bbox 114 2781 906 2820">
    <p class='ocr_par' dir='ltr' id='par_1_90' title="bbox 114 2781 906 2820">
     <span class='ocr_line' id='line_1_90' title="bbox 114 2781 906 2820; baseline 0.004 -13"><span class='ocrx_word' id='word_1_663' title='bbox 114 2783 193 2817; x_wconf 64' lang='grc' dir='ltr'>ληψιν</span> <span class='ocrx_word' id='word_1_664' title='bbox 207 2783 264 2809; x_wconf 87' lang='grc' dir='ltr'><strong>τῶν</strong></span> <span class='ocrx_word' id='word_1_665' title='bbox 278 2784 416 2818; x_wconf 78' lang='grc' dir='ltr'>περάτων,</span> <span class='ocrx_word' id='word_1_666' title='bbox 429 2781 479 2811; x_wconf 78' lang='grc' dir='ltr'><strong>ὧδέ.</strong></span> <span class='ocrx_word' id='word_1_667' title='bbox 494 2793 545 2811; x_wconf 84' lang='grc' dir='ltr'><strong>που</strong></span> <span class='ocrx_word' id='word_1_668' title='bbox 562 2784 645 2820; x_wconf 75' lang='grc' dir='ltr'>μέσον</span> <span class='ocrx_word' id='word_1_669' title='bbox 661 2785 701 2816; x_wconf 80' lang='grc' dir='ltr'><strong>εἰς</strong></span> <span class='ocrx_word' id='word_1_670' title='bbox 711 2784 759 2818; x_wconf 84' lang='grc' dir='ltr'><strong>τὴν</strong></span> <span class='ocrx_word' id='word_1_671' title='bbox 768 2783 906 2810; x_wconf 82' lang='grc' dir='ltr'>Ἀσιάτιδα</span> 
     </span>
    </p>
   </div>
   <div class='ocr_carea' id='block_1_91' title="bbox 116 2827 905 2866">
    <p class='ocr_par' dir='ltr' id='par_1_91' title="bbox 116 2827 905 2866">
     <span class='ocr_line' id='line_1_91' title="bbox 116 2827 905 2866; baseline 0.001 -11"><span class='ocrx_word' id='word_1_672' title='bbox 116 2829 206 2863; x_wconf 78' lang='grc' dir='ltr'>χθόνα,</span> <span class='ocrx_word' id='word_1_673' title='bbox 220 2829 251 2854; x_wconf 80' lang='grc' dir='ltr'><strong>ἐν</strong></span> <span class='ocrx_word' id='word_1_674' title='bbox 294 2830 342 2856; x_wconf 86' lang='grc' dir='ltr'>καὶ</span> <span class='ocrx_word' id='word_1_675' title='bbox 358 2830 404 2856; x_wconf 70' lang='grc' dir='ltr'><strong>τὸν</strong></span> <span class='ocrx_word' id='word_1_676' title='bbox 423 2830 576 2858; x_wconf 67' lang='grc' dir='ltr'>διδακτικόν</span> <span class='ocrx_word' id='word_1_677' title='bbox 599 2830 692 2865; x_wconf 88' lang='grc' dir='ltr'>θρόνον</span> <span class='ocrx_word' id='word_1_678' title='bbox 714 2830 814 2865; x_wconf 83' lang='grc' dir='ltr'>μᾶλλον</span> <span class='ocrx_word' id='word_1_679' title='bbox 838 2830 905 2857; x_wconf 84' lang='grc' dir='ltr'>καθ-</span> 
     </span>
    </p>
   </div>
   <div class='ocr_carea' id='block_1_92' title="bbox 963 1678 1754 1716">
    <p class='ocr_par' dir='ltr' id='par_1_92' title="bbox 963 1678 1754 1716">
     <span class='ocr_line' id='line_1_92' title="bbox 963 1678 1754 1716; baseline 0.006 -12"><span class='ocrx_word' id='word_1_680' title='bbox 963 1678 1104 1713; x_wconf 87' lang='lat' dir='ltr'><strong>Deiparam</strong></span> <span class='ocrx_word' id='word_1_681' title='bbox 1117 1688 1123 1705; x_wconf 89' lang='lat'><strong>:</strong></span> <span class='ocrx_word' id='word_1_682' title='bbox 1137 1678 1183 1705; x_wconf 87' lang='lat' dir='ltr'><strong>Dei</strong></span> <span class='ocrx_word' id='word_1_683' title='bbox 1207 1678 1290 1706; x_wconf 79' lang='lat' dir='ltr'><strong>frater</strong></span> <span class='ocrx_word' id='word_1_684' title='bbox 1309 1687 1357 1714; x_wconf 91' lang='lat' dir='ltr'><strong>per</strong></span> <span class='ocrx_word' id='word_1_685' title='bbox 1376 1681 1491 1715; x_wconf 86' lang='lat' dir='ltr'><strong>gratiam</strong></span> <span class='ocrx_word' id='word_1_686' title='bbox 1508 1701 1515 1713; x_wconf 87' lang='lat'><strong>,</strong></span> <span class='ocrx_word' id='word_1_687' title='bbox 1543 1682 1588 1708; x_wconf 88' lang='lat' dir='ltr'><strong>Dei</strong></span> <span class='ocrx_word' id='word_1_688' title='bbox 1613 1687 1754 1716; x_wconf 87' lang='lat' dir='ltr'><strong>parentem</strong></span> 
     </span>
    </p>
   </div>
   <div class='ocr_carea' id='block_1_93' title="bbox 962 1725 1754 1762">
    <p class='ocr_par' dir='ltr' id='par_1_93' title="bbox 962 1725 1754 1762">
     <span class='ocr_line' id='line_1_93' title="bbox 962 1725 1754 1762; baseline 0.005 -11"><span class='ocrx_word' id='word_1_689' title='bbox 962 1733 1009 1759; x_wconf 75' lang='lat' dir='ltr'><strong>per</strong></span> <span class='ocrx_word' id='word_1_690' title='bbox 1031 1729 1168 1752; x_wconf 89' lang='lat' dir='ltr'><strong>naturam.</strong></span> <span class='ocrx_word' id='word_1_691' title='bbox 1186 1725 1252 1753; x_wconf 88' lang='lat' dir='ltr'><strong>Vide</strong></span> <span class='ocrx_word' id='word_1_692' title='bbox 1269 1727 1459 1754; x_wconf 78' lang='lat' dir='ltr'><strong>convenientis</strong></span> <span class='ocrx_word' id='word_1_693' title='bbox 1479 1728 1672 1762; x_wconf 84' lang='lat' dir='ltr'><strong>appellationis</strong></span> <span class='ocrx_word' id='word_1_694' title='bbox 1688 1737 1754 1756; x_wconf 86' lang='lat' dir='ltr'><strong>con-</strong></span> 
     </span>
    </p>
   </div>
   <div class='ocr_carea' id='block_1_94' title="bbox 961 1771 1752 1806">
    <p class='ocr_par' dir='ltr' id='par_1_94' title="bbox 961 1771 1752 1806">
     <span class='ocr_line' id='line_1_94' title="bbox 961 1771 1752 1806; baseline 0.005 -8"><span class='ocrx_word' id='word_1_695' title='bbox 961 1771 1134 1804; x_wconf 85' lang='lat' dir='ltr'><strong>sonantiam,</strong></span> <span class='ocrx_word' id='word_1_696' title='bbox 1163 1779 1194 1799; x_wconf 89' lang='lat' dir='ltr'><strong>ac</strong></span> <span class='ocrx_word' id='word_1_697' title='bbox 1223 1780 1305 1806; x_wconf 82' lang='lat' dir='ltr'><strong>supra</strong></span> <span class='ocrx_word' id='word_1_698' title='bbox 1333 1774 1442 1800; x_wconf 90' lang='lat' dir='ltr'><strong>modum</strong></span> <span class='ocrx_word' id='word_1_699' title='bbox 1469 1774 1548 1801; x_wconf 80' lang='lat' dir='ltr'><strong>lamin</strong></span> <span class='ocrx_word' id='word_1_700' title='bbox 1575 1783 1752 1802; x_wconf 55' lang='lat' dir='ltr'><strong>concursum.</strong></span> 
     </span>
    </p>
   </div>
   <div class='ocr_carea' id='block_1_95' title="bbox 960 1816 1755 1852">
    <p class='ocr_par' dir='ltr' id='par_1_95' title="bbox 960 1816 1755 1852">
     <span class='ocr_line' id='line_1_95' title="bbox 960 1816 1755 1852; baseline 0.004 -9"><span class='ocrx_word' id='word_1_701' title='bbox 960 1816 1056 1844; x_wconf 83' lang='lat' dir='ltr'><strong>Nonne</strong></span> <span class='ocrx_word' id='word_1_702' title='bbox 1074 1818 1114 1845; x_wconf 86' lang='lat' dir='ltr'><strong>vel</strong></span> <span class='ocrx_word' id='word_1_703' title='bbox 1132 1818 1184 1845; x_wconf 86' lang='lat' dir='ltr'><strong>hoc</strong></span> <span class='ocrx_word' id='word_1_704' title='bbox 1199 1826 1283 1845; x_wconf 92' lang='lat' dir='ltr'><strong>unum</strong></span> <span class='ocrx_word' id='word_1_705' title='bbox 1306 1820 1375 1846; x_wconf 86' lang='lat' dir='ltr'><strong>satis</strong></span> <span class='ocrx_word' id='word_1_706' title='bbox 1398 1820 1443 1852; x_wconf 83' lang='lat' dir='ltr'><strong>sit,</strong></span> <span class='ocrx_word' id='word_1_707' title='bbox 1462 1824 1492 1847; x_wconf 92' lang='lat' dir='ltr'><strong>ut</strong></span> <span class='ocrx_word' id='word_1_708' title='bbox 1512 1820 1677 1848; x_wconf 77' lang='lat' dir='ltr'><strong>laudatiOnis</strong></span> <span class='ocrx_word' id='word_1_709' title='bbox 1695 1830 1755 1848; x_wconf 89' lang='lat' dir='ltr'><strong>om-</strong></span> 
     </span>
    </p>
   </div>
   <div class='ocr_carea' id='block_1_96' title="bbox 961 1864 1754 1901">
    <p class='ocr_par' dir='ltr' id='par_1_96' title="bbox 961 1864 1754 1901">
     <span class='ocr_line' id='line_1_96' title="bbox 961 1864 1754 1901; baseline 0.005 -11"><span class='ocrx_word' id='word_1_710' title='bbox 961 1871 1022 1890; x_wconf 86' lang='lat' dir='ltr'><strong>ncm</strong></span> <span class='ocrx_word' id='word_1_711' title='bbox 1044 1864 1245 1898; x_wconf 79' lang='lat' dir='ltr'><strong>excellentiam,</strong></span> <span class='ocrx_word' id='word_1_712' title='bbox 1269 1873 1323 1899; x_wconf 88' lang='lat' dir='ltr'><strong>qua</strong></span> <span class='ocrx_word' id='word_1_713' title='bbox 1344 1865 1406 1900; x_wconf 85' lang='lat' dir='ltr'><strong>quis</strong></span> <span class='ocrx_word' id='word_1_714' title='bbox 1427 1866 1585 1901; x_wconf 77' lang='lat' dir='ltr'><strong>theologum</strong></span> <span class='ocrx_word' id='word_1_715' title='bbox 1603 1875 1754 1901; x_wconf 82' lang='lat' dir='ltr'><strong>prosequa~</strong></span> 
     </span>
    </p>
   </div>
   <div class='ocr_carea' id='block_1_97' title="bbox 960 1909 1753 1941">
    <p class='ocr_par' dir='ltr' id='par_1_97' title="bbox 960 1909 1753 1941">
     <span class='ocr_line' id='line_1_97' title="bbox 960 1909 1753 1941; baseline 0.004 -6"><span class='ocrx_word' id='word_1_716' title='bbox 960 1913 1005 1936; x_wconf 88' lang='lat' dir='ltr'><strong>tur</strong></span> <span class='ocrx_word' id='word_1_717' title='bbox 1029 1909 1170 1941; x_wconf 87' lang='lat' dir='ltr'><strong>obscuret,</strong></span> <span class='ocrx_word' id='word_1_718' title='bbox 1195 1911 1305 1937; x_wconf 85' lang='lat' dir='ltr'><strong>tametsi</strong></span> <span class='ocrx_word' id='word_1_719' title='bbox 1329 1911 1402 1938; x_wconf 81' lang='lat' dir='ltr'><strong>desit</strong></span> <span class='ocrx_word' id='word_1_720' title='bbox 1425 1911 1479 1938; x_wconf 83' lang='lat' dir='ltr'><strong>alia</strong></span> <span class='ocrx_word' id='word_1_721' title='bbox 1497 1911 1588 1938; x_wconf 89' lang='lat' dir='ltr'><strong>onmis</strong></span> <span class='ocrx_word' id='word_1_722' title='bbox 1614 1911 1753 1939; x_wconf 86' lang='lat' dir='ltr'><strong>laudatio?</strong></span> 
     </span>
    </p>
   </div>
   <div class='ocr_carea' id='block_1_98' title="bbox 961 1955 1754 1991">
    <p class='ocr_par' dir='ltr' id='par_1_98' title="bbox 961 1955 1754 1991">
     <span class='ocr_line' id='line_1_98' title="bbox 961 1955 1754 1991; baseline 0.004 -10"><span class='ocrx_word' id='word_1_723' title='bbox 961 1955 1009 1982; x_wconf 80' lang='lat' dir='ltr'><strong>Sin</strong></span> <span class='ocrx_word' id='word_1_724' title='bbox 1032 1959 1122 1982; x_wconf 87' lang='lat' dir='ltr'><strong>autem</strong></span> <span class='ocrx_word' id='word_1_725' title='bbox 1149 1962 1212 1982; x_wconf 87' lang='lat' dir='ltr'><strong>cum</strong></span> <span class='ocrx_word' id='word_1_726' title='bbox 1237 1962 1332 1982; x_wconf 90' lang='lat' dir='ltr'><strong>eorum</strong></span> <span class='ocrx_word' id='word_1_727' title='bbox 1351 1963 1413 1990; x_wconf 68' lang='lat' dir='ltr'><strong>qua:</strong></span> <span class='ocrx_word' id='word_1_728' title='bbox 1437 1956 1564 1991; x_wconf 87' lang='lat' dir='ltr'><strong>superius</strong></span> <span class='ocrx_word' id='word_1_729' title='bbox 1590 1956 1662 1984; x_wconf 87' lang='lat' dir='ltr'><strong>dicta</strong></span> <span class='ocrx_word' id='word_1_730' title='bbox 1689 1962 1754 1984; x_wconf 91' lang='lat' dir='ltr'><strong>sunt</strong></span> 
     </span>
    </p>
   </div>
   <div class='ocr_carea' id='block_1_99' title="bbox 960 2002 1753 2039">
    <p class='ocr_par' dir='ltr' id='par_1_99' title="bbox 960 2002 1753 2039">
     <span class='ocr_line' id='line_1_99' title="bbox 960 2002 1753 2039; baseline 0.001 -9"><span class='ocrx_word' id='word_1_731' title='bbox 960 2002 1149 2034; x_wconf 57' lang='lat' dir='ltr'><strong>sublimitate,</strong></span> <span class='ocrx_word' id='word_1_732' title='bbox 1160 2003 1242 2029; x_wconf 90' lang='lat' dir='ltr'><strong>etiam</strong></span> <span class='ocrx_word' id='word_1_733' title='bbox 1268 2003 1392 2038; x_wconf 80' lang='lat' dir='ltr'><strong>proxima</strong></span> <span class='ocrx_word' id='word_1_734' title='bbox 1413 2004 1575 2036; x_wconf 85' lang='lat' dir='ltr'><strong>colluceant,</strong></span> <span class='ocrx_word' id='word_1_735' title='bbox 1596 2004 1659 2039; x_wconf 90' lang='lat' dir='ltr'><strong>quis</strong></span> <span class='ocrx_word' id='word_1_736' title='bbox 1677 2005 1753 2032; x_wconf 87' lang='lat' dir='ltr'><strong>inac-</strong></span> 
     </span>
    </p>
   </div>
   <div class='ocr_carea' id='block_1_100' title="bbox 958 2048 1754 2085">
    <p class='ocr_par' dir='ltr' id='par_1_100' title="bbox 958 2048 1754 2085">
     <span class='ocr_line' id='line_1_100' title="bbox 958 2048 1754 2085; baseline 0.001 -10"><span class='ocrx_word' id='word_1_737' title='bbox 958 2056 1066 2075; x_wconf 82' lang='lat' dir='ltr'><strong>cessant</strong></span> <span class='ocrx_word' id='word_1_738' title='bbox 1083 2048 1153 2076; x_wconf 89' lang='lat' dir='ltr'><strong>visui</strong></span> <span class='ocrx_word' id='word_1_739' title='bbox 1169 2050 1342 2076; x_wconf 82' lang='lat' dir='ltr'><strong>altitudinem</strong></span> <span class='ocrx_word' id='word_1_740' title='bbox 1359 2051 1446 2084; x_wconf 85' lang='lat' dir='ltr'><strong>possit</strong></span> <span class='ocrx_word' id='word_1_741' title='bbox 1467 2050 1588 2077; x_wconf 86' lang='lat' dir='ltr'><strong>intueri?</strong></span> <span class='ocrx_word' id='word_1_742' title='bbox 1603 2050 1649 2078; x_wconf 87' lang='lat' dir='ltr'><strong>Sic</strong></span> <span class='ocrx_word' id='word_1_743' title='bbox 1661 2051 1754 2085; x_wconf 86' lang='lat' dir='ltr'><strong>itaque</strong></span> 
     </span>
    </p>
   </div>
   <div class='ocr_carea' id='block_1_101' title="bbox 959 2095 1753 2129">
    <p class='ocr_par' dir='ltr' id='par_1_101' title="bbox 959 2095 1753 2129">
     <span class='ocr_line' id='line_1_101' title="bbox 959 2095 1753 2129; baseline 0.003 -7"><span class='ocrx_word' id='word_1_744' title='bbox 959 2095 1084 2129; x_wconf 85' lang='lat' dir='ltr'><strong>superior</strong></span> <span class='ocrx_word' id='word_1_745' title='bbox 1101 2100 1143 2122; x_wconf 88' lang='lat' dir='ltr'><strong>cst</strong></span> <span class='ocrx_word' id='word_1_746' title='bbox 1156 2095 1230 2122; x_wconf 87' lang='lat' dir='ltr'><strong>omni</strong></span> <span class='ocrx_word' id='word_1_747' title='bbox 1252 2095 1381 2123; x_wconf 82' lang='lat' dir='ltr'><strong>facultate</strong></span> <span class='ocrx_word' id='word_1_748' title='bbox 1397 2095 1538 2128; x_wconf 84' lang='lat' dir='ltr'><strong>laudandi,</strong></span> <span class='ocrx_word' id='word_1_749' title='bbox 1554 2101 1585 2124; x_wconf 90' lang='lat' dir='ltr'><strong>ut</strong></span> <span class='ocrx_word' id='word_1_750' title='bbox 1605 2097 1691 2124; x_wconf 89' lang='lat' dir='ltr'><strong>solius</strong></span> <span class='ocrx_word' id='word_1_751' title='bbox 1706 2096 1753 2124; x_wconf 83' lang='lat' dir='ltr'><strong>Dei</strong></span> 
     </span>
    </p>
   </div>
   <div class='ocr_carea' id='block_1_102' title="bbox 958 2141 1753 2178">
    <p class='ocr_par' dir='ltr' id='par_1_102' title="bbox 958 2141 1753 2178">
     <span class='ocr_line' id='line_1_102' title="bbox 958 2141 1753 2178; baseline 0.003 -10"><span class='ocrx_word' id='word_1_752' title='bbox 958 2141 1199 2168; x_wconf 85' lang='lat' dir='ltr'><strong>commendatione</strong></span> <span class='ocrx_word' id='word_1_753' title='bbox 1219 2142 1360 2169; x_wconf 89' lang='lat' dir='ltr'><strong>ornandus</strong></span> <span class='ocrx_word' id='word_1_754' title='bbox 1375 2142 1410 2169; x_wconf 87' lang='lat' dir='ltr'><strong>sit</strong></span> <span class='ocrx_word' id='word_1_755' title='bbox 1424 2142 1594 2178; x_wconf 84' lang='lat' dir='ltr'><strong>(quanquam</strong></span> <span class='ocrx_word' id='word_1_756' title='bbox 1611 2143 1663 2170; x_wconf 78' lang='lat' dir='ltr'><strong>hoc</strong></span> <span class='ocrx_word' id='word_1_757' title='bbox 1679 2144 1753 2170; x_wconf 86' lang='lat' dir='ltr'><strong>vidc-</strong></span> 
     </span>
    </p>
   </div>
   <div class='ocr_carea' id='block_1_103' title="bbox 959 2188 1752 2226">
    <p class='ocr_par' dir='ltr' id='par_1_103' title="bbox 959 2188 1752 2226">
     <span class='ocr_line' id='line_1_103' title="bbox 959 2188 1752 2226; baseline 0.004 -11"><span class='ocrx_word' id='word_1_758' title='bbox 959 2193 1003 2216; x_wconf 88' lang='lat' dir='ltr'><strong>tur</strong></span> <span class='ocrx_word' id='word_1_759' title='bbox 1017 2188 1150 2216; x_wconf 90' lang='lat' dir='ltr'><strong>audacius</strong></span> <span class='ocrx_word' id='word_1_760' title='bbox 1163 2189 1247 2222; x_wconf 82' lang='lat' dir='ltr'><strong>dici);</strong></span> <span class='ocrx_word' id='word_1_761' title='bbox 1269 2197 1283 2216; x_wconf 91' lang='lat' dir='ltr'><strong>a</strong></span> <span class='ocrx_word' id='word_1_762' title='bbox 1298 2197 1353 2224; x_wconf 86' lang='lat' dir='ltr'><strong>quo</strong></span> <span class='ocrx_word' id='word_1_763' title='bbox 1371 2189 1454 2216; x_wconf 88' lang='lat' dir='ltr'><strong>etiam</strong></span> <span class='ocrx_word' id='word_1_764' title='bbox 1472 2190 1575 2217; x_wconf 83' lang='lat' dir='ltr'><strong>amoris</strong></span> <span class='ocrx_word' id='word_1_765' title='bbox 1595 2191 1667 2217; x_wconf 85' lang='lat' dir='ltr'><strong>illam</strong></span> <span class='ocrx_word' id='word_1_766' title='bbox 1684 2199 1752 2226; x_wconf 66' lang='lat' dir='ltr'><strong>prat-</strong></span> 
     </span>
    </p>
   </div>
   <div class='ocr_carea' id='block_1_104' title="bbox 959 2234 1752 2270">
    <p class='ocr_par' dir='ltr' id='par_1_104' title="bbox 959 2234 1752 2270">
     <span class='ocr_line' id='line_1_104' title="bbox 959 2234 1752 2270; baseline 0.003 -8"><span class='ocrx_word' id='word_1_767' title='bbox 959 2235 1110 2270; x_wconf 80' lang='lat' dir='ltr'><strong>rogativam</strong></span> <span class='ocrx_word' id='word_1_768' title='bbox 1135 2234 1257 2267; x_wconf 86' lang='lat' dir='ltr'><strong>obtinet;</strong></span> <span class='ocrx_word' id='word_1_769' title='bbox 1282 2243 1297 2262; x_wconf 92' lang='lat' dir='ltr'><strong>a</strong></span> <span class='ocrx_word' id='word_1_770' title='bbox 1320 2243 1375 2270; x_wconf 90' lang='lat' dir='ltr'><strong>quo</strong></span> <span class='ocrx_word' id='word_1_771' title='bbox 1400 2240 1427 2263; x_wconf 90' lang='lat' dir='ltr'><strong>et</strong></span> <span class='ocrx_word' id='word_1_772' title='bbox 1451 2236 1579 2264; x_wconf 82' lang='lat' dir='ltr'><strong>laudibus</strong></span> <span class='ocrx_word' id='word_1_773' title='bbox 1604 2241 1752 2264; x_wconf 85' lang='lat' dir='ltr'><strong>coronatus</strong></span> 
     </span>
    </p>
   </div>
   <div class='ocr_carea' id='block_1_105' title="bbox 959 2281 1750 2317">
    <p class='ocr_par' dir='ltr' id='par_1_105' title="bbox 959 2281 1750 2317">
     <span class='ocr_line' id='line_1_105' title="bbox 959 2281 1750 2317; baseline 0.003 -9"><span class='ocrx_word' id='word_1_774' title='bbox 959 2286 1011 2314; x_wconf 85' lang='lat' dir='ltr'><strong>est,</strong></span> <span class='ocrx_word' id='word_1_775' title='bbox 1025 2281 1095 2308; x_wconf 85' lang='lat' dir='ltr'><strong>lucis</strong></span> <span class='ocrx_word' id='word_1_776' title='bbox 1107 2281 1151 2307; x_wconf 92' lang='lat' dir='ltr'><strong>illa</strong></span> <span class='ocrx_word' id='word_1_777' title='bbox 1165 2281 1355 2316; x_wconf 63' lang='lat' dir='ltr'><strong>appellatione,</strong></span> <span class='ocrx_word' id='word_1_778' title='bbox 1367 2283 1547 2317; x_wconf 75' lang='lat' dir='ltr'><strong>tonitruique,</strong></span> <span class='ocrx_word' id='word_1_779' title='bbox 1561 2291 1592 2309; x_wconf 86' lang='lat' dir='ltr'><strong>ae</strong></span> <span class='ocrx_word' id='word_1_780' title='bbox 1607 2283 1750 2310; x_wconf 86' lang='lat' dir='ltr'><strong>similium.</strong></span> 
     </span>
    </p>
   </div>
   <div class='ocr_carea' id='block_1_106' title="bbox 958 2326 1750 2362">
    <p class='ocr_par' dir='ltr' id='par_1_106' title="bbox 958 2326 1750 2362">
     <span class='ocr_line' id='line_1_106' title="bbox 958 2326 1750 2362; baseline 0.005 -11"><span class='ocrx_word' id='word_1_781' title='bbox 958 2326 1026 2352; x_wconf 85' lang='lat' dir='ltr'><strong>Cum</strong></span> <span class='ocrx_word' id='word_1_782' title='bbox 1043 2326 1100 2352; x_wconf 70' lang='lat' dir='ltr'><strong>hme</strong></span> <span class='ocrx_word' id='word_1_783' title='bbox 1122 2329 1211 2352; x_wconf 84' lang='lat' dir='ltr'><strong>autem</strong></span> <span class='ocrx_word' id='word_1_784' title='bbox 1236 2326 1272 2353; x_wconf 85' lang='lat' dir='ltr'><strong>ita</strong></span> <span class='ocrx_word' id='word_1_785' title='bbox 1289 2334 1317 2352; x_wconf 86' lang='lat' dir='ltr'><strong>se</strong></span> <span class='ocrx_word' id='word_1_786' title='bbox 1334 2327 1461 2359; x_wconf 87' lang='lat' dir='ltr'><strong>habeant,</strong></span> <span class='ocrx_word' id='word_1_787' title='bbox 1484 2333 1511 2354; x_wconf 83' lang='lat' dir='ltr'><strong>et</strong></span> <span class='ocrx_word' id='word_1_788' title='bbox 1534 2333 1676 2362; x_wconf 87' lang='lat' dir='ltr'><strong>postquam</strong></span> <span class='ocrx_word' id='word_1_789' title='bbox 1693 2329 1750 2355; x_wconf 81' lang='lat' dir='ltr'><strong>sin-</strong></span> 
     </span>
    </p>
   </div>
   <div class='ocr_carea' id='block_1_107' title="bbox 958 2371 1751 2408">
    <p class='ocr_par' dir='ltr' id='par_1_107' title="bbox 958 2371 1751 2408">
     <span class='ocr_line' id='line_1_107' title="bbox 958 2371 1751 2408; baseline 0.004 -10"><span class='ocrx_word' id='word_1_790' title='bbox 958 2379 1021 2399; x_wconf 83' lang='lat' dir='ltr'><strong>cera</strong></span> <span class='ocrx_word' id='word_1_791' title='bbox 1035 2371 1133 2399; x_wconf 79' lang='lat' dir='ltr'><strong>ﬂorum</strong></span> <span class='ocrx_word' id='word_1_792' title='bbox 1150 2373 1289 2406; x_wconf 82' lang='lat' dir='ltr'><strong>decerptio</strong></span> <span class='ocrx_word' id='word_1_793' title='bbox 1302 2373 1382 2399; x_wconf 81' lang='lat' dir='ltr'><strong>finem</strong></span> <span class='ocrx_word' id='word_1_794' title='bbox 1397 2374 1512 2408; x_wconf 76' lang='lat' dir='ltr'><strong>accepit,</strong></span> <span class='ocrx_word' id='word_1_795' title='bbox 1527 2379 1658 2408; x_wconf 86' lang='lat' dir='ltr'><strong>quantum</strong></span> <span class='ocrx_word' id='word_1_796' title='bbox 1673 2375 1751 2402; x_wconf 76' lang='lat' dir='ltr'><strong>nobis</strong></span> 
     </span>
    </p>
   </div>
   <div class='ocr_carea' id='block_1_108' title="bbox 958 2416 1751 2454">
    <p class='ocr_par' dir='ltr' id='par_1_108' title="bbox 958 2416 1751 2454">
     <span class='ocr_line' id='line_1_108' title="bbox 958 2416 1751 2454; baseline 0.005 -12"><span class='ocrx_word' id='word_1_797' title='bbox 958 2424 1008 2450; x_wconf 86' lang='lat' dir='ltr'><strong>pro</strong></span> <span class='ocrx_word' id='word_1_798' title='bbox 1027 2418 1100 2443; x_wconf 84' lang='lat' dir='ltr'><strong>tetuli</strong></span> <span class='ocrx_word' id='word_1_799' title='bbox 1121 2416 1250 2444; x_wconf 79' lang='lat' dir='ltr'><strong>facultate</strong></span> <span class='ocrx_word' id='word_1_800' title='bbox 1265 2417 1372 2444; x_wconf 87' lang='lat' dir='ltr'><strong>dicendi</strong></span> <span class='ocrx_word' id='word_1_801' title='bbox 1387 2418 1534 2453; x_wconf 76' lang='lat' dir='ltr'><strong>decerpere</strong></span> <span class='ocrx_word' id='word_1_802' title='bbox 1552 2419 1639 2450; x_wconf 80' lang='lat' dir='ltr'><strong>licuit,</strong></span> <span class='ocrx_word' id='word_1_803' title='bbox 1657 2427 1706 2454; x_wconf 75' lang='lat' dir='ltr'><strong>age</strong></span> <span class='ocrx_word' id='word_1_804' title='bbox 1724 2424 1751 2446; x_wconf 81' lang='lat' dir='ltr'><strong>ct</strong></span> 
     </span>
    </p>
   </div>
   <div class='ocr_carea' id='block_1_109' title="bbox 958 2461 1749 2499">
    <p class='ocr_par' dir='ltr' id='par_1_109' title="bbox 958 2461 1749 2499">
     <span class='ocr_line' id='line_1_109' title="bbox 958 2461 1749 2499; baseline 0.008 -13"><span class='ocrx_word' id='word_1_805' title='bbox 958 2468 1010 2488; x_wconf 89' lang='lat' dir='ltr'><strong>nos</strong></span> <span class='ocrx_word' id='word_1_806' title='bbox 1026 2461 1052 2487; x_wconf 92' lang='lat' dir='ltr'><strong>in</strong></span> <span class='ocrx_word' id='word_1_807' title='bbox 1067 2461 1109 2488; x_wconf 84' lang='lat' dir='ltr'><strong>his</strong></span> <span class='ocrx_word' id='word_1_808' title='bbox 1124 2469 1296 2496; x_wconf 88' lang='lat' dir='ltr'><strong>peroremus,</strong></span> <span class='ocrx_word' id='word_1_809' title='bbox 1315 2463 1420 2489; x_wconf 81' lang='lat' dir='ltr'><strong>minora</strong></span> <span class='ocrx_word' id='word_1_810' title='bbox 1442 2463 1621 2497; x_wconf 73' lang='lat' dir='ltr'><strong>rependentcs</strong></span> <span class='ocrx_word' id='word_1_811' title='bbox 1638 2465 1749 2499; x_wconf 72' lang='lat' dir='ltr'><strong>majori-</strong></span> 
     </span>
    </p>
   </div>
   <div class='ocr_carea' id='block_1_110' title="bbox 961 2506 1748 2543">
    <p class='ocr_par' dir='ltr' id='par_1_110' title="bbox 961 2506 1748 2543">
     <span class='ocr_line' id='line_1_110' title="bbox 961 2506 1748 2543; baseline 0.006 -11"><span class='ocrx_word' id='word_1_812' title='bbox 961 2507 1012 2533; x_wconf 86' lang='lat' dir='ltr'><strong>bus</strong></span> <span class='ocrx_word' id='word_1_813' title='bbox 1029 2515 1036 2533; x_wconf 86' lang='lat'><strong>:</strong></span> <span class='ocrx_word' id='word_1_814' title='bbox 1051 2506 1104 2533; x_wconf 90' lang='lat' dir='ltr'><strong>hoc</strong></span> <span class='ocrx_word' id='word_1_815' title='bbox 1119 2507 1250 2534; x_wconf 85' lang='lat' dir='ltr'><strong>duntaxat</strong></span> <span class='ocrx_word' id='word_1_816' title='bbox 1268 2508 1400 2535; x_wconf 81' lang='lat' dir='ltr'><strong>addentes</strong></span> <span class='ocrx_word' id='word_1_817' title='bbox 1421 2508 1454 2536; x_wconf 80' lang='lat' dir='ltr'><strong>iis</strong></span> <span class='ocrx_word' id='word_1_818' title='bbox 1466 2517 1526 2543; x_wconf 81' lang='lat' dir='ltr'><strong>qua:</strong></span> <span class='ocrx_word' id='word_1_819' title='bbox 1544 2510 1675 2542; x_wconf 69' lang='lat' dir='ltr'><strong>(lix-imus,</strong></span> <span class='ocrx_word' id='word_1_820' title='bbox 1696 2519 1748 2537; x_wconf 86' lang='lat' dir='ltr'><strong>non</strong></span> 
     </span>
    </p>
   </div>
   <div class='ocr_carea' id='block_1_111' title="bbox 960 2552 1750 2590">
    <p class='ocr_par' dir='ltr' id='par_1_111' title="bbox 960 2552 1750 2590">
     <span class='ocr_line' id='line_1_111' title="bbox 960 2552 1750 2590; baseline 0.004 -10"><span class='ocrx_word' id='word_1_821' title='bbox 960 2553 1107 2580; x_wconf 88' lang='lat' dir='ltr'><strong>minimum</strong></span> <span class='ocrx_word' id='word_1_822' title='bbox 1121 2552 1290 2581; x_wconf 76' lang='lat' dir='ltr'><strong>esseJoanni</strong></span> <span class='ocrx_word' id='word_1_823' title='bbox 1305 2554 1337 2580; x_wconf 89' lang='lat' dir='ltr'><strong>ad</strong></span> <span class='ocrx_word' id='word_1_824' title='bbox 1353 2555 1583 2590; x_wconf 84' lang='lat' dir='ltr'><strong>magnificentiam</strong></span> <span class='ocrx_word' id='word_1_825' title='bbox 1596 2557 1750 2590; x_wconf 63' lang='lat' dir='ltr'><strong>praemium.</strong></span> 
     </span>
    </p>
   </div>
   <div class='ocr_carea' id='block_1_112' title="bbox 960 2599 1752 2636">
    <p class='ocr_par' dir='ltr' id='par_1_112' title="bbox 960 2599 1752 2636">
     <span class='ocr_line' id='line_1_112' title="bbox 960 2599 1752 2636; baseline 0.004 -11"><span class='ocrx_word' id='word_1_826' title='bbox 960 2599 1034 2626; x_wconf 79' lang='lat' dir='ltr'><strong>illaut</strong></span> <span class='ocrx_word' id='word_1_827' title='bbox 1058 2607 1140 2634; x_wconf 85' lang='lat' dir='ltr'><strong>quant</strong></span> <span class='ocrx_word' id='word_1_828' title='bbox 1166 2600 1192 2626; x_wconf 91' lang='lat' dir='ltr'><strong>in</strong></span> <span class='ocrx_word' id='word_1_829' title='bbox 1220 2599 1315 2626; x_wconf 79' lang='lat' dir='ltr'><strong>[’attno</strong></span> <span class='ocrx_word' id='word_1_830' title='bbox 1344 2600 1589 2628; x_wconf 82' lang='lat' dir='ltr'><strong>horrendissitnam</strong></span> <span class='ocrx_word' id='word_1_831' title='bbox 1619 2601 1752 2636; x_wconf 48' lang='lat' dir='ltr'><strong>Apocaly-</strong></span> 
     </span>
    </p>
   </div>
   <div class='ocr_carea' id='block_1_113' title="bbox 960 2645 1749 2681">
    <p class='ocr_par' dir='ltr' id='par_1_113' title="bbox 960 2645 1749 2681">
     <span class='ocr_line' id='line_1_113' title="bbox 960 2645 1749 2681; baseline 0.003 -9"><span class='ocrx_word' id='word_1_832' title='bbox 960 2646 1041 2680; x_wconf 79' lang='lat' dir='ltr'><strong>psitn,</strong></span> <span class='ocrx_word' id='word_1_833' title='bbox 1057 2645 1122 2672; x_wconf 88' lang='lat' dir='ltr'><strong>dum</strong></span> <span class='ocrx_word' id='word_1_834' title='bbox 1142 2645 1215 2672; x_wconf 90' lang='lat' dir='ltr'><strong>eoin</strong></span> <span class='ocrx_word' id='word_1_835' title='bbox 1233 2647 1293 2673; x_wconf 90' lang='lat' dir='ltr'><strong>loco</strong></span> <span class='ocrx_word' id='word_1_836' title='bbox 1314 2647 1517 2681; x_wconf 63' lang='lat' dir='ltr'><strong>praadicationis</strong></span> <span class='ocrx_word' id='word_1_837' title='bbox 1537 2654 1620 2674; x_wconf 84' lang='lat' dir='ltr'><strong>causa</strong></span> <span class='ocrx_word' id='word_1_838' title='bbox 1641 2647 1749 2674; x_wconf 79' lang='lat' dir='ltr'><strong>exsula-</strong></span> 
     </span>
    </p>
   </div>
   <div class='ocr_carea' id='block_1_114' title="bbox 960 2692 1750 2728">
    <p class='ocr_par' dir='ltr' id='par_1_114' title="bbox 960 2692 1750 2728">
     <span class='ocr_line' id='line_1_114' title="bbox 960 2692 1750 2728; baseline 0.001 -10"><span class='ocrx_word' id='word_1_839' title='bbox 960 2696 1001 2719; x_wconf 84' lang='lat' dir='ltr'><strong>ret</strong></span> <span class='ocrx_word' id='word_1_840' title='bbox 1025 2692 1086 2727; x_wconf 86' lang='lat' dir='ltr'><strong>ejus</strong></span> <span class='ocrx_word' id='word_1_841' title='bbox 1101 2692 1213 2719; x_wconf 88' lang='lat' dir='ltr'><strong>decreto</strong></span> <span class='ocrx_word' id='word_1_842' title='bbox 1236 2693 1282 2727; x_wconf 87' lang='lat' dir='ltr'><strong>qui</strong></span> <span class='ocrx_word' id='word_1_843' title='bbox 1307 2698 1372 2720; x_wconf 89' lang='lat' dir='ltr'><strong>tunc</strong></span> <span class='ocrx_word' id='word_1_844' title='bbox 1396 2701 1487 2719; x_wconf 89' lang='lat' dir='ltr'><strong>rerum</strong></span> <span class='ocrx_word' id='word_1_845' title='bbox 1509 2693 1675 2728; x_wconf 80' lang='lat' dir='ltr'><strong>potiebatur,</strong></span> <span class='ocrx_word' id='word_1_846' title='bbox 1695 2693 1750 2720; x_wconf 74' lang='lat' dir='ltr'><strong>Deo</strong></span> 
     </span>
    </p>
   </div>
   <div class='ocr_carea' id='block_1_115' title="bbox 960 2737 1750 2772">
    <p class='ocr_par' dir='ltr' id='par_1_115' title="bbox 960 2737 1750 2772">
     <span class='ocr_line' id='line_1_115' title="bbox 960 2737 1750 2772; baseline 0.001 -9"><span class='ocrx_word' id='word_1_847' title='bbox 960 2737 1073 2764; x_wconf 85' lang='lat' dir='ltr'><strong>docente</strong></span> <span class='ocrx_word' id='word_1_848' title='bbox 1097 2737 1180 2764; x_wconf 88' lang='lat' dir='ltr'><strong>edidit</strong></span> <span class='ocrx_word' id='word_1_849' title='bbox 1195 2745 1201 2764; x_wconf 91' lang='lat'><strong>:</strong></span> <span class='ocrx_word' id='word_1_850' title='bbox 1218 2739 1269 2764; x_wconf 83' lang='lat' dir='ltr'><strong>hoc</strong></span> <span class='ocrx_word' id='word_1_851' title='bbox 1285 2745 1394 2772; x_wconf 88' lang='lat' dir='ltr'><strong>quoque</strong></span> <span class='ocrx_word' id='word_1_852' title='bbox 1417 2737 1453 2764; x_wconf 89' lang='lat' dir='ltr'><strong>ob</strong></span> <span class='ocrx_word' id='word_1_853' title='bbox 1476 2737 1630 2764; x_wconf 88' lang='lat' dir='ltr'><strong>dilectionis</strong></span> <span class='ocrx_word' id='word_1_854' title='bbox 1648 2745 1750 2772; x_wconf 67' lang='lat' dir='ltr'><strong>praern-</strong></span> 
     </span>
    </p>
   </div>
   <div class='ocr_carea' id='block_1_116' title="bbox 960 2783 1749 2818">
    <p class='ocr_par' dir='ltr' id='par_1_116' title="bbox 960 2783 1749 2818">
     <span class='ocr_line' id='line_1_116' title="bbox 960 2783 1749 2818; baseline 0 -10"><span class='ocrx_word' id='word_1_855' title='bbox 960 2783 1078 2818; x_wconf 80' lang='lat' dir='ltr'><strong>gativam</strong></span> <span class='ocrx_word' id='word_1_856' title='bbox 1091 2783 1223 2818; x_wconf 80' lang='lat' dir='ltr'><strong>singulari</strong></span> <span class='ocrx_word' id='word_1_857' title='bbox 1240 2791 1294 2818; x_wconf 65' lang='grc' dir='ltr'>ιιι-ξιξ</span> <span class='ocrx_word' id='word_1_858' title='bbox 1312 2783 1373 2811; x_wconf 82' lang='lat' dir='ltr'><strong>aliis</strong></span> <span class='ocrx_word' id='word_1_859' title='bbox 1388 2783 1519 2817; x_wconf 84' lang='lat' dir='ltr'><strong>apostolis</strong></span> <span class='ocrx_word' id='word_1_860' title='bbox 1537 2791 1650 2811; x_wconf 85' lang='lat' dir='ltr'><strong>munere</strong></span> <span class='ocrx_word' id='word_1_861' title='bbox 1664 2783 1749 2809; x_wconf 86' lang='lat' dir='ltr'><strong>dona-</strong></span> 
     </span>
    </p>
   </div>
   <div class='ocr_carea' id='block_1_117' title="bbox 962 2829 1756 2865">
    <p class='ocr_par' dir='ltr' id='par_1_117' title="bbox 962 2829 1756 2865">
     <span class='ocr_line' id='line_1_117' title="bbox 962 2829 1756 2865; baseline 0 -9"><span class='ocrx_word' id='word_1_862' title='bbox 962 2833 1014 2856; x_wconf 92' lang='lat' dir='ltr'><strong>tus.</strong></span> <span class='ocrx_word' id='word_1_863' title='bbox 1036 2829 1119 2856; x_wconf 86' lang='lat' dir='ltr'><strong>Aiunt</strong></span> <span class='ocrx_word' id='word_1_864' title='bbox 1141 2835 1232 2857; x_wconf 90' lang='lat' dir='ltr'><strong>autem</strong></span> <span class='ocrx_word' id='word_1_865' title='bbox 1248 2838 1321 2861; x_wconf 85' lang='lat' dir='ltr'><strong>cum,</strong></span> <span class='ocrx_word' id='word_1_866' title='bbox 1339 2835 1399 2865; x_wconf 83' lang='lat' dir='ltr'><strong>post</strong></span> <span class='ocrx_word' id='word_1_867' title='bbox 1415 2838 1509 2858; x_wconf 88' lang='lat' dir='ltr'><strong>sacros</strong></span> <span class='ocrx_word' id='word_1_868' title='bbox 1527 2829 1586 2858; x_wconf 85' lang='lat' dir='ltr'><strong>illos</strong></span> <span class='ocrx_word' id='word_1_869' title='bbox 1605 2830 1756 2862; x_wconf 58' lang='lat' dir='ltr'><strong>circuitus,</strong></span> 
     </span>
    </p>
   </div>
   <div class='ocr_carea' id='block_1_118' title="bbox 150 2884 909 2922">
    <p class='ocr_par' dir='ltr' id='par_1_118' title="bbox 150 2884 909 2921">
     <span class='ocr_line' id='line_1_118' title="bbox 150 2884 909 2921; baseline 0.001 -9"><span class='ocrx_word' id='word_1_870' title='bbox 150 2885 204 2921; x_wconf 64' lang='lat'><strong>(‘27)</strong></span> <span class='ocrx_word' id='word_1_871' title='bbox 222 2884 268 2913; x_wconf 90' lang='lat' dir='ltr'><strong>Sic</strong></span> <span class='ocrx_word' id='word_1_872' title='bbox 280 2885 361 2913; x_wconf 84' lang='lat' dir='ltr'><strong>etiam</strong></span> <span class='ocrx_word' id='word_1_873' title='bbox 377 2886 404 2913; x_wconf 93' lang='lat' dir='ltr'><strong>in</strong></span> <span class='ocrx_word' id='word_1_874' title='bbox 417 2894 544 2914; x_wconf 83' lang='lat' dir='ltr'><strong>sermone</strong></span> <span class='ocrx_word' id='word_1_875' title='bbox 562 2886 635 2914; x_wconf 86' lang='lat' dir='ltr'><strong>edito</strong></span> <span class='ocrx_word' id='word_1_876' title='bbox 659 2887 690 2914; x_wconf 85' lang='lat' dir='ltr'><strong>de</strong></span> <span class='ocrx_word' id='word_1_877' title='bbox 712 2894 792 2914; x_wconf 85' lang='lat' dir='ltr'><strong>cruce</strong></span> <span class='ocrx_word' id='word_1_878' title='bbox 810 2885 909 2914; x_wconf 50' lang='lat' dir='ltr'><strong>Theodl</strong></span> 
     </span>
    </p>
   </div>
   <div class='ocr_carea' id='block_1_119' title="bbox 963 2884 1444 2922">
    <p class='ocr_par' dir='ltr' id='par_1_119' title="bbox 963 2885 1444 2922">
     <span class='ocr_line' id='line_1_119' title="bbox 963 2885 1444 2922; baseline 0 -8"><span class='ocrx_word' id='word_1_879' title='bbox 963 2894 971 2914; x_wconf 85' lang='lat'><strong>5</strong></span> <span class='ocrx_word' id='word_1_880' title='bbox 987 2895 992 2913; x_wconf 94' lang='lat'><strong>:</strong></span> <span class='ocrx_word' id='word_1_881' title='bbox 1010 2885 1071 2913; x_wconf 69' lang='grc' dir='ltr'>Ἐπὶ</span> <span class='ocrx_word' id='word_1_882' title='bbox 1088 2886 1115 2913; x_wconf 73' lang='grc' dir='ltr'><strong>δὲ</strong></span> <span class='ocrx_word' id='word_1_883' title='bbox 1135 2886 1180 2913; x_wconf 82' lang='grc' dir='ltr'>τὸν</span> <span class='ocrx_word' id='word_1_884' title='bbox 1198 2887 1313 2922; x_wconf 63' lang='grc' dir='ltr'>σταυρὸν</span> <span class='ocrx_word' id='word_1_885' title='bbox 1329 2887 1444 2914; x_wconf 76' lang='grc' dir='ltr'>ἑπιτέον.</span> 
     </span>
    </p>
   </div>
  </div>
