1924 3077
189 99 242 131 78⁵1

789 98 820 128 s.
840 98 1036 129 THEODORI
1052 92 1227 130 STUDIT/E

1774 98 1824 130 788

160 178 164 181 .
189 158 273 190 atque
287 154 471 189 evangelicam
494 154 729 190 praedicationem,
753 163 806 191 qua
824 156 901 184 orbis
915 157 985 184 lines

1050 157 1182 193 optim-ro,
1198 157 1231 184 τὸ
1251 156 1324 192 ἱερὸν
1346 155 1430 184 αὑτοῦ
1454 154 1534 191 σῶμα
1560 153 1710 182 ἀποθέσθαι
1724 162 1731 170 ·
1747 154 1833 190 ταφὴν

190 203 351 237 complexus
372 205 425 232 est,
439 201 558 236 quodam
573 201 647 229 Asia:
667 202 726 230 loco
747 207 915 234 manentem.
932 203 980 230 ubi

190 247 327 282 pra-cipue
353 246 446 274 sedem
473 247 625 282 magisterii
650 247 845 280 collocaverat,
870 255 980 276 sacrum

192 300 272 320 suum
290 299 390 327 corpus
403 292 565 327 deposuisse
578 302 584 320 :
599 298 627 320 et
646 293 801 327 sepulcrum
815 293 924 328 quidem
938 301 984 328 po-

191 338 275 365 situm
304 337 390 365 fuisse
415 338 494 372 quasi
521 338 618 365 mortis
642 342 751 373 typum;
775 338 864 373 ipsum
891 343 982 367 tamen

192 390 276 418 supra
297 388 401 410 naturae
416 384 543 410 humanae
564 383 749 411 conditionem
765 384 937 415 translatum,
957 388 987 411 ut

193 430 246 467 hac
261 437 370 465 quoque
385 429 493 456 ratione
514 430 664 464 prmcipuas
680 429 751 458 Deus
768 431 881 458 honoris
896 434 988 465 partes

194 475 312 502 amatori
329 482 380 503 suo
396 474 525 502 deferret.
546 474 580 501 Et.
595 483 696 510 corpus
716 475 826 510 quidem
843 476 885 503 sic
909 475 988 503 habi-

195 526 250 548 tum
267 525 319 553 est,
338 528 437 555 purum
451 520 516 548 illud
530 528 562 548 ac
576 528 660 548 suave
676 521 813 556 fragrans,
827 521 986 556 Christique

194 567 322 602 stigmata
346 562 467 601 gerens.-
483 566 576 594 anima
598 571 701 600 autem,
723 575 784 602 quae
799 567 870 594 lucis
895 566 988 602 splen-

195 613 307 642 doribus
322 621 416 641 revera
428 613 512 641 solem
533 614 690 648 superabat,
706 614 740 642 ab
766 614 892 642 humanis
909 615 1032 649 evolans,

1042 203 1091 238 μὲν
1106 203 1178 230 κατὰ
1192 203 1278 230 τύπον
1302 202 1420 230 θανάτου
1432 221 1441 234 ,
1455 199 1594 236 μεταστὰς
1615 200 1646 227 δὲ
1664 199 1735 235 ὑπὲρ
1755 200 1834 234 φύσιν

1039 249 1214 286 ἀνθρωπίνην
1223 250 1292 285 (28),
1304 249 1349 277 ἴνα
1360 249 1412 276 κάν
1422 247 1512 282 τούτῳ
1523 247 1625 282 δοξάσῃ
1633 246 1700 278 Θεὸς
1713 246 1760 273 τὸν
1775 247 1836 273 ἐαυ-

1038 296 1087 322 τοῦ
1100 296 1220 332 ἐραστὴν
1236 296 1309 332 μάλα
1321 304 1328 312 ·
1344 294 1413 323 ἀλλὰ
1426 295 1456 322 τὸ
1478 294 1528 329 μὲν
1544 293 1625 329 σῶμα
1642 293 1673 320 ὲν
1686 293 1792 325 τούτοις
1807 294 1835 320 τὸ

1040 341 1161 377 καθαρὸν
1176 343 1224 369 καὶ
1238 342 1339 373 εὑῶδες
1365 340 1463 368 καὶτὰ
1483 340 1624 375 στίγματα
1646 339 1694 366 τοῦ
1718 339 1835 375 Χριστοῦ

1042 386 1128 421 φέρον
1142 394 1148 401 ·
1165 388 1199 422 τῇ
1212 387 1240 413 δὲ
1257 387 1333 422 ψυχῇ
1350 385 1419 421 otia-9
1438 385 1477 417 ὼς
1501 384 1613 419 ἀληθῶς
1632 383 1709 419 ἡλίου
1724 392 1836 418 φωτοει-

1042 432 1173 468 δεστέρᾳ,
1185 433 1310 465 ἁναπτὰς
1327 432 1382 460 τῶν
1406 431 1514 458 ἐνθένδε
1534 430 1670 466 ἀγγελικῇ
1689 429 1836 466 δορυφορίᾳ

1043 478 1085 509 εἰς
1102 477 1261 506 ἐκεῖνοντὸν
1288 478 1378 514 χῶρον
1405 477 1572 513 μετελήλυθε
1593 476 1641 503 τὸν
1661 476 1741 511 αὐτῷ
1769 475 1836 511 πρέ-

1039 531 1126 549 ποντα
1155 523 1207 558 τῆς
1237 523 1360 559 ἀρρήτου
1398 523 1446 550 καὶ
1479 520 1676 557 πρωτοφανοῦς
1706 519 1836 555 ἀγαλλιά-

1042 576 1124 601 σεως.

1051 617 1218 652 stipantibus
1236 617 1395 653 angelorum
1414 616 1517 648 choris,
1534 615 1567 643 ad
1600 615 1689 642 locum
1718 613 1834 641 transiit.

196 661 243 697 qu_i
269 662 357 696 ipsam
386 662 513 693 decebat,
546 661 740 689 inenarrabilis
754 662 829 690 illius
844 662 981 698 primique
999 670 1032 690 ac
1047 663 1233 692 lucentissimi
1248 665 1353 700 gaudii.

232 709 277 737 12.
306 708 359 736 Sed
387 716 405 736 ο
429 709 606 742 beatissime,
636 714 731 744 terque
757 710 930 742 beatissime,
957 718 989 738 ac
1005 712 1027 741 Β

196 762 310 790 prorsus
325 755 483 782 beatissime
502 753 621 782 Joannes
637 764 643 782 :
658 762 757 790 magne
773 755 912 791 Evangelii
937 756 990 788 sol,

194 802 268 836 jugis
291 801 434 835 theologia;
457 802 607 836 scaturigo,
629 802 778 836 apostolice
801 809 887 834 rame,
910 802 992 829 Petro

197 854 319 881 compar,
346 851 372 874 tu
392 854 441 874 nos
456 847 490 874 de
512 847 590 875 cretis
615 847 733 883 benigne
756 847 873 875 intuere.
895 847 992 875 Viden‘

197 900 280 928 quam
292 892 328 920 sit
342 893 428 920 tristis
441 893 537 920 horum
551 893 711 920 inferiorum
729 893 812 921 facies
823 893 836 920 ?
849 893 992 921 Destructa

199 944 263 966 sunt
283 939 382 966 altaria
404 939 528 974 angustis
547 939 702 966 simulacris
715 944 846 966 coronata
860 947 868 966 :
884 940 993 968 ablatus

198 989 241 1012 est
254 991 395 1012 sacrorum
409 985 571 1019 templorum
586 986 669 1012 decor
683 995 689 1012 -.
705 985 808 1012 Christi
822 987 911 1021 imago
923 985 993 1013 ludi-

196 1031 259 1058 brio
279 1031 371 1058 habita
393 1036 434 1058 est.
453 1035 481 1058 et
495 1032 527 1058 ad
547 1031 663 1059 nihilum
687 1032 796 1059 redacta
815 1032 842 1059 in
866 1031 991 1064 urbibus,

197 1078 267 1111 ruri,
292 1078 385 1105 domi:
401 1078 514 1113 insuper
541 1078 623 1105 etiam
651 1077 787 1113 Deiparaa,
813 1085 846 1105 ac
870 1077 993 1112 cujusvis

198 1124 268 1152 alius
291 1125 329 1151 tui
348 1124 492 1156 similium,
515 1128 563 1151 aut
578 1124 663 1151 etiam
683 1129 709 1151 te
732 1124 880 1156 minorum,
908 1131 923 1151 a
938 1123 993 1151 Deo

198 1169 353 1197 amatorum
375 1169 499 1196 Patrum.
523 1169 657 1197 Luctuosa
681 1169 784 1197 omnia.
803 1169 920 1196 Assume
942 1168 994 1196 Pe-

200 1221 285 1247 trum.
311 1223 418 1250 unaque
439 1215 574 1243 Iacobum
601 1223 728 1243 assumas
758 1223 897 1250 rogamus.
926 1214 994 1243 Tres

199 1269 262 1294 vos,
281 1261 382 1290 Christi
402 1261 519 1289 comites
533 1261 649 1293 assidui,
668 1269 730 1288 cum
749 1266 791 1288 est
812 1261 991 1296 transﬁgura-

200 1313 257 1340 tus,
271 1316 333 1336 cum
354 1308 484 1343 pleraque
502 1307 635 1335 miracula
652 1307 756 1340 ederet,
770 1315 835 1334 cum
855 1307 881 1334 in
896 1306 994 1342 agonia

201 1362 298 1390 preces
316 1354 454 1386 funderet,
471 1354 546 1382 velut
558 1353 614 1388 jam
635 1353 748 1388 collegis
770 1353 832 1380 aliis
852 1360 883 1380 ae
898 1352 994 1380 condi-

202 1402 315 1437 scipulis
339 1401 428 1437 magis
451 1387 600 1436 spiritales,
617 1408 648 1427 ac
669 1387 762 1427 divina
778 1399 869 1432 docti;
895 1399 948 1434 ipsi
969 1387 1031 1426 etc

202 1448 286 1476 modo
297 1455 359 1475 cum
376 1447 455 1475 beata
469 1454 565 1474 novem
579 1446 717 1474 sociorum
735 1449 855 1478 caterva,
872 1450 995 1473 sanctam

204 1493 286 1522 nobis
315 1493 477 1520 Trinitatem
504 1492 649 1527 propitiam
676 1491 791 1523 reddite,
815 1495 846 1518 ut
870 1490 997 1518 Christus

204 1539 328 1574 iniquum
344 1539 396 1567 hoe
419 1546 493 1566 mare
507 1539 644 1573 increpet,
664 1541 693 1564 ut
709 1537 847 1572 quondam
863 1537 999 1572 increpuit.

204 1586 275 1621 apud
298 1584 488 1617 Tiberiadem;
508 1574 718 1619 tranquillitate,
736 1590 797 1617 quae
815 1590 909 1618 pacem
929 1589 1000 1617 prmo

205 1635 269 1663 stet,
287 1631 410 1658 vicissim
423 1631 584 1663 exoriente;
599 1635 630 1658 ut
651 1637 716 1658 suas
736 1629 795 1664 ipse
809 1628 951 1660 ecclesias,
971 1629 998 1656 in

205 1677 350 1712 antiquam
374 1676 448 1704 illam
471 1681 498 1703 et.
511 1675 665 1710 jucundam
680 1674 851 1702 orthodoxia:
873 1678 1001 1700 venusta-

206 1728 262 1751 tem
286 1724 409 1750 redueat.
425 1722 467 1748 Tu
493 1729 558 1749 vero
581 1721 651 1748 mihi
668 1720 827 1753 temerario,
851 1720 892 1747 vir
910 1720 998 1752 beate,

207 1770 342 1805 propitius
357 1773 429 1801 esto,
448 1768 494 1803 qui
509 1767 664 1799 debuerim,
681 1771 710 1794 at
731 1774 785 1794 nou
806 1765 974 1793 laudaverim
993 1773 999 1791 :

207 1817 255 1844 sed
280 1821 307 1844 et
332 1823 378 1842 eos
403 1815 545 1849 suscipere
565 1813 697 1849 digneris,
722 1813 769 1848 qui
794 1812 926 1847 templum
950 1812 1002 1839 hoc

207 1870 290 1897 quam
313 1865 410 1889 ornate
428 1866 483 1887 tam
506 1865 667 1894 sumptuose
687 1859 736 1886 tibi
749 1860 956 1888 exstruxerunt,
973 1857 1000 1884 in

207 1916 264 1944 quo
289 1913 315 1935 et
342 1907 435 1942 plures
460 1906 487 1933 in
516 1905 669 1936 vestibulis.
693 1904 892 1932 monachorum
914 1911 1000 1936 more,

209 1962 325 1989 corpora
344 1961 394 1981 sua
416 1953 594 1988 reliquerunt,
624 1957 651 1979 ut
677 1952 721 1978 hie
742 1951 836 1986 positi,
859 1950 1002 1986 splendido

208 2002 372 2036 caelestique
387 2000 564 2038 tabernaculo
579 2004 625 2027 tuo
645 1999 873 2032 advolrerentur;
898 2004 924 2027 te
941 2005 1002 2026 tan-

210 2053 268 2076 tum
285 2048 378 2076 videre
391 2051 529 2081 optantes.
546 2055 609 2074 cum
628 2047 757 2073 universo
777 2053 870 2081 grege,
893 2053 942 2080 pro
959 2046 1000 2072 di-

210 2093 321 2128 gnitatis
339 2099 479 2124 mensura,
496 2096 629 2126 quantum
646 2091 679 2118 iis
697 2097 862 2117 concessum
878 2094 930 2120 est.
952 2091 998 2124 qui

210 2147 226 2166 e
241 2143 315 2166 terra
334 2138 362 2165 itt
380 2137 466 2165 solem
480 2137 570 2172 ipsum
589 2136 727 2171 aspiciunt
741 2145 748 2162 :
765 2136 791 2162 in
809 2135 920 2164 Christo
936 2135 999 2163 Iesu

211 2184 327 2212 Domino
342 2189 447 2216 nostro,
461 2191 543 2218 quem
555 2183 633 2210 decet
646 2183 735 2208 omnis
749 2181 847 2217 gloria,
862 2183 961 2214 honor,
974 2187 1002 2209 et

211 2230 345 2262 adoratio,
371 2237 435 2257 cum
457 2228 538 2256 Patre
557 2236 590 2255 ac
615 2233 712 2255 sancto
729 2227 845 2262 Spiritu,
874 2235 948 2255 nunc
974 2232 1002 2255 et

212 2285 331 2313 semper,
343 2281 371 2304 et
386 2277 412 2303 in
428 2275 529 2303 saecula
537 2275 712 2304 saeculorum.
726 2273 823 2301 Amen.

1076 711 1121 746 ιβ’.
1143 709 1248 740 Ἀλλ“ὣ
1275 712 1481 750 μακαριώτατε,
1502 712 1549 739 καὶ
1567 710 1836 747 τρισμακαριώτατε,

1042 758 1090 784 καὶ
1114 758 1373 794 παμμακαριώτατε
1391 759 1514 793 Ἰωάννη,
1528 759 1543 785 ὁ
1560 757 1646 793 μέγας
1657 755 1704 783 τοῦ
1717 756 1837 789 Εὐαγγι-

1041 806 1101 833 λίου
1126 806 1213 842 ἥλιος,
1227 809 1242 834 ὁ
1258 807 1346 843 βρυὴρ
1365 807 1416 842 τῆς
1441 806 1582 841 θεολογίας
1605 807 1620 833 ὸ
1642 805 1765 836 ὰένναος,
1787 804 1838 830 τῶν

1043 853 1201 880 ἀποστόλων
1221 854 1353 889 ἀκρέμων
1373 853 1442 888 (29),
1467 853 1597 888 ἰσόπετρε
1622 852 1691 887 (50),
1705 851 1738 878 σὺ
1764 850 1838 886 ἡμᾶς

1042 899 1190 935 οὐρανόθεν
1214 899 1338 934 εὐμενῶς
1361 899 1448 932 ἔπιδε,
1463 899 1528 933 ὅσης
1548 897 1584 924 τὰ
1605 894 1657 925 ὦδε
1671 896 1835 932 κατηφείας,

1043 945 1194 980 ἠφάνισται
1209 945 1394 980 θυσιαστήρια
1406 944 1561 979 ὲστεμμένα
1573 943 1657 974 θείοις
1669 942 1836 976 ἀγάλμασιν,

1043 991 1186 1027 ἀφῄρηται
1197 991 1270 1018 ναῶν
1288 990 1369 1026 ἱερῶν
1392 990 1548 1026 εὐπρέπεια
1560 998 1567 1004 ·
1580 990 1597 1024 ὴ
1616 988 1698 1014 εἰκὼν
1721 987 1838 1023 Χριστοῦ

1044 1038 1228 1073 καθύὸρισται
1239 1046 1245 1053 ·
1260 1036 1438 1069 ἐξουδένωται
1452 1037 1500 1063 καὶ
1511 1037 1540 1062 ὲν
1561 1036 1670 1062 πόλεσιν
1684 1034 1732 1061 καὶ
1743 1034 1773 1060 ὲν
1789 1032 1840 1068 χὼ-

1045 1094 1107 1121 ραις
1138 1085 1186 1112 καὶ
1204 1085 1265 1112 κατ’
1289 1085 1382 1116 οἴκους
1395 1090 1403 1099 ³
1421 1084 1489 1118 πρὸς
1510 1083 1539 1109 δὲ
1562 1083 1610 1109 καὶ
1633 1082 1682 1116 τῆς
1703 1081 1839 1114 Θεομήτο-

1047 1139 1092 1166 ρος
1112 1131 1179 1166 (51),
1195 1131 1243 1158 καὶ
1266 1127 1297 1157 οὗ
1320 1139 1394 1162 τινος
1414 1128 1461 1156 οὖν
1485 1129 1571 1156 ἄλλου
1591 1127 1645 1154 τῶν
1669 1124 1724 1158 οἶος
1741 1127 1775 1152 σὺ
1796 1125 1841 1152 καὶ

1047 1176 1131 1212 μείων
1145 1175 1192 1203 σοῦ
1208 1176 1356 1211 θεοερόρων.
1384 1174 1517 1210 Ὀδυρμοῦ
1533 1174 1567 1200 τὰ
1577 1173 1679 1199 πάντα.
1699 1171 1778 1198 Λάϐε
1790 1170 1841 1197 [ῐέ-

1045 1230 1121 1256 τρον,
1135 1220 1337 1257 συμπαράλαὸε
1358 1219 1497 1251 Ἰάκωϐον,
1510 1218 1629 1252 δεόμεθα
1639 1224 1646 1231 ’
1663 1216 1689 1243 οἱ
1702 1216 1781 1251 τρεῖς
1800 1214 1842 1242 ἀεὶ

1045 1266 1157 1303 Χριστῷ
1170 1267 1370 1302 συμπάρεδροι,
1387 1263 1656 1300 μεταμορφουμένῳ,
1668 1262 1842 1295 θαυματουρα

1046 1312 1140 1347 τοῦντι
1151 1312 1185 1339 τὰ
1199 1312 1296 1343 πολλὰ,
1308 1311 1472 1346 ἀγωνιῶν-τι.
1494 1308 1708 1345 προσευχομένη)
1720 1315 1727 1322 ·
1741 1307 1781 1338 ὡς
1794 1307 1843 1342 ἤδη

1047 1359 1102 1386 τῶν
1116 1358 1268 1394 ὁμοχὼρων
1287 1356 1498 1393 μυττικώτεροι,
1515 1354 1594 1382 αὐτοὶ
1616 1355 1664 1380 καὶ
1683 1353 1730 1380 νῦν
1745 1353 1798 1379 σὺν
1812 1353 1843 1387 τῇ

1048 1404 1128 1440 λοιπῇ
1160 1403 1298 1439 σεὸασμίᾳ
1324 1402 1414 1430 ὲννάδι
1438 1402 1487 1437 τὴν
1508 1400 1590 1434 ἁγίαν
1615 1399 1719 1435 Τριάδα
1740 1397 1844 1433 εὐμενῆ

1048 1451 1114 1486 ἡμῖν
1129 1449 1349 1484 καταστήσασθε,
1373 1448 1538 1483 ἐπιτιμῆσαι
1552 1446 1671 1482 Χριστὸν
1685 1447 1719 1481 τῇ
1736 1445 1845 1480 πονηρᾷ

1047 1497 1136 1532 ταύτῃ
1151 1495 1284 1532 θαλάσσῃ,
1298 1495 1336 1526 ὣς
1354 1502 1417 1521 ποτε
1434 1495 1468 1529 τῇ
1491 1492 1649 1528 Τιόεριάδι,
1663 1491 1788 1526 γαλήνης
1808 1490 1846 1516 εἰ-

1051 1541 1206 1579 ρηνοδώρου
1231 1540 1464 1576 ἀντανισχούσης,
1481 1538 1683 1574 ὲπαναδραμεῖν
1707 1536 1761 1569 τὰς
1783 1537 1846 1563 ἑαυ-

1049 1587 1097 1614 τοῦ
1120 1586 1284 1622 Ἑκκλησίας
1302 1586 1342 1617 είς
1356 1585 1404 1620 τὴν
1415 1584 1531 1619 ἀρχαίαν
1550 1584 1597 1610 καὶ
1614 1582 1781 1618 ἁρεσθείσαν
1799 1581 1847 1616 τῆς

1050 1621 1218 1668 ὀρθοδοξίαςν
1233 1630 1392 1666 ὡραιότητα
1402 1638 1409 1645 '
1437 1630 1500 1664 ἐμοὶ
1518 1629 1547 1655 δὲ
1563 1628 1597 1654 σὺ
1610 1627 1651 1662 τῷ
1663 1626 1812 1662 τολμητίᾳ,
1826 1621 1848 1651 ὧ

1053 1679 1157 1714 μάκαρ,
1176 1678 1255 1709 ἵλεως
1282 1677 1328 1703 ἔσο
1349 1675 1500 1711 ὸῳλήταντι
1522 1675 1573 1701 οὐκ
1591 1674 1791 1700 ὲπαινὲσαντι·
1804 1671 1849 1699 καί

1051 1734 1083 1759 γε
1098 1724 1189 1757 δέξαιο
1203 1724 1266 1754 τοὺς
1280 1722 1355 1749 τόνδε
1379 1730 1421 1748 σοι
1441 1721 1488 1747 τὸν
1512 1721 1576 1747 ναὸν
1599 1719 1669 1755 ὁμυῦ
1695 1719 1747 1754 μὲν
1769 1727 1849 1753 περι-

1052 1770 1170 1802 καλλῶς,
1187 1769 1256 1805 ὀμοῦ
1273 1768 1302 1795 δὲ
1321 1767 1368 1794 καὶ
1389 1766 1555 1803 περιουσίαις
1576 1765 1742 1801 ἐγείραντας
1754 1773 1761 1780 ·
1783 1765 1812 1791 ὲν

1052 1819 1098 1845 καὶ
1115 1817 1150 1844 τὰ
1165 1815 1280 1851 σώματα
1297 1815 1322 1841 οἱ
1338 1813 1449 1844 πλείους
1470 1811 1628 1847 ἀσκητικῶς
1645 1811 1743 1838 εἴασαν
1760 1811 1802 1842 είς
1816 1809 1849 1836 τὰ

1052 1863 1197 1899 προαύλια,
1210 1862 1248 1893 ὡς
1268 1860 1386 1888 ἐνταῦθα.
1403 1859 1456 1894 τῆς
1479 1859 1529 1894 σῆς
1550 1857 1706 1892 φανοτάτης
1719 1855 1849 1892 οὐρανίου

1053 1909 1156 1945 σκηνῆς
1177 1907 1380 1944 παραρριπτετν
1408 1905 1450 1932 δεῖ
1467 1903 1595 1930 τοσοῦτον
1618 1901 1804 1936 ἀξιουμένους
1820 1909 1848 1927 σε

1052 1958 1119 1993 ὸρᾷν
1136 1955 1185 1982 σὺν
1202 1953 1284 1981 παντὶ
1305 1951 1344 1988 τῷ
1359 1951 1478 1987 ποιμνίῳ
1498 1949 1570 1976 κατὰ
1593 1948 1744 1983 διάμετρον
1761 1947 1849 1979 ἀξίας,

1053 2003 1115 2030 ὅσον
1126 2002 1152 2029 οί
1165 2000 1234 2037 πρὸς
1247 1999 1328 2026 αὐτὸν
1343 1998 1389 2024 τὸν
1403 1998 1480 2033 ἥλιον
1499 1995 1702 2025 ἀποϐλέποντες
1713 2002 1722 2010 ⁸
1737 1995 1768 2021 ὲν
1786 1994 1851 2028 Χρι-

1018 2066 1039 2092 D
1055 2048 1110 2084 ο·τῷ
1127 2046 1216 2083 Ἰησοῦ
1234 2045 1274 2080 τῷ
1296 2044 1392 2080 Κυρίῳ
1407 2043 1498 2079 ἡμῶν,
1514 2037 1539 2092 EI)
1559 2040 1661 2076 πρέπει
1680 2040 1760 2092 πᾶσα
1775 2039 1850 2092 sese,

1053 2095 1130 2130 τιμὴ,
1143 2093 1190 2121 καὶ
1203 2091 1400 2128 προσκύνησις,
1418 2089 1477 2123 ἃμα
1493 2087 1532 2123 τῷ
1546 2087 1633 2121 "arpi.
1655 2085 1702 2112 καὶ
1724 2085 1766 2120 τῷ
1782 2085 1852 2119 ἁγίῳ

1054 2139 1206 2174 Πνεύματι,
1222 2138 1270 2165 νῦν
1285 2137 1332 2164 καὶ
1346 2136 1390 2163 ἀεὶ
1401 2135 1449 2162 καὶ
1466 2135 1507 2166 εις
1515 2133 1578 2166 τοὺς
1594 2132 1696 2164 αἰῶνας
1711 2132 1771 2158 τῶν
1786 2131 1850 2158 αἱὼ-

1055 2195 1118 2214 νων.
1140 2184 1236 2219 ’Δμήν.

922 2343 1138 2372 ΑυλΟΤΑΤΙΟ.

252 2402 337 2437 Igitur
359 2406 465 2436 Septem
479 2400 620 2437 Theodori
634 2399 752 2437 Studia}:
773 2400 956 2435 panegyricus
975 2400 1123 2428 Orationes
1138 2399 1274 2437 dedimus,
1292 2404 1410 2437 quarum
1436 2395 1502 2435 dure
1515 2395 1750 2437 Laltiiientattltum
1777 2392 1855 2433 edita:

216 2428 335 2468 fuerant,
354 2428 465 2472 reliquae
482 2445 532 2464 nec
545 2428 639 2464 Graace
656 2443 706 2472 nec
717 2428 834 2472 Lat-ine.
846 2428 922 2472 Xnte
944 2444 993 2464 nos
1012 2441 1102 2463 tamen
1117 2428 1272 2472 exstabant
1287 2428 1348 2472 aliae
1363 2439 1462 2472 novent
1479 2430 1604 2472 eiusdem
1619 2428 1737 2472 studit-ae
1752 2428 1854 2472 oratio-

215 2482 274 2502 nes.
298 2472 318 2499 1.
337 2472 365 2499 In
386 2470 495 2500 crucem
520 2471 636 2502 Domini,
652 2471 699 2498 Gr.
716 2470 777 2498 Lat.
796 2471 866 2505 apud
881 2471 1040 2498 Gretserutn

1062 2478 1108 2504 op.
1128 2470 1165 2497 De
1179 2477 1265 2500 cruce,
1283 2473 1303 2504 t.
1320 2467 1398 2504 ll,_p.
1414 2463 1530 2504 ξιξειρι.
1548 2464 1577 2504 In
1596 2463 1772 2504 nativitatem
1787 2463 1856 2503 ,νεί-

214 2498 305 2545 iiiis,
387 2498 449 2535 Lat;
460 2498 636 2534 rediturinter'
649 2498 870 2539 Damascenieas,
891 2511 920 2533 ut
939 2514 990 2533 nos
1001 2506 1060 2540 jam
1076 2498 1208 2538 diximus,
1223 2498 1310 2539 [ἡδί.
1330 2498 1407 2530 Ill-et
1421 2500 1467 2528 ιν.
1486 2500 1524 2528 De
1536 2499 1701 2527 adoratione
1714 2498 1770 2526 SS.
1787 2498 1854 2525 ima—

251 2578 307 2613 (28)
321 2578 390 2606 Nota
406 2583 480 2610 sunt,
495 2585 555 2612 qum
567 2577 600 2613 de
622 2576 708 2613 sancti
724 2575 839 2613 Joannis
854 2572 1010 2601 extraordi-

216 2611 296 2642 nario
311 2615 404 2641 obitus
420 2611 529 2648 genere,
549 2612 589 2639 vel
605 2612 687 2648 etiam
709 2611 895 2648 translatione_
906 2614 951 2648 aut
966 2617 1009 2648 re-

217 2649 401 2681 surrectione,
420 2645 534 2675 narrant
556 2647 681 2674 nonnulli
702 2651 807 2673 veteres
825 2645 896 2679 apud
909 2645 1009 2672 Sandi-

217 2686 292 2712 nium
308 2686 335 2711 in
350 2683 422 2711 llist.
438 2687 525 2717 apost.
539 2690 566 2715 ρ.
586 2682 648 2709 189.
665 2681 774 2708 Festum
792 2681 852 2717 ejus
866 2680 1006 2717 tte-raetii-

218 2728 287 2752 σεως
303 2724 345 2747 est
360 2720 386 2746 in
404 2715 464 2745 Kal.
485 2718 593 2749 Graeco,
604 2717 648 2743 die
659 2717 695 2743 ‘26
713 2720 783 2750 sept.
797 2715 904 2752 Laudes
916 2715 1006 2752 eidem

219 2749 341 2790 insignes
354 2755 419 2782 dicit
434 2761 493 2780 sam
503 2758 547 2780 tus
560 2752 712 2788 Cyrillusin
728 2749 840 2778 humilia
853 2750 923 2786 Opp.
941 2755 961 2777 t.
973 2749 1005 2781 Υ,

220 2795 290 2815 nart.
313 2798 342 2815 ll.
359 2798 385 2815 n.
402 2789 466 2815 380.

239 2795 290 2817 art.
313 2798 342 2819 tt.
359 2798 385 2819 ι).
402 2790 466 2817 380.

220 2798 290 2824 part.
313 2798 342 2819 ιι.
359 2798 385 2824 p.
402 2798 466 2817 οδυ.

258 2825 315 2861 (‘29)
332 2825 486 2853 illustratur
514 2823 565 2852 hoc
589 2822 753 2851 vocabulum
768 2821 802 2850 ab
817 2820 919 2850 iuedito
936 2820 1006 2856 apud

1062 2581 1106 2601 me
1120 2573 1181 2600 Jobi
1208 2573 1355 2606 interprete
1369 2577 1428 2605 cap.
1441 2577 1498 2606 xiv.
1518 2568 1534 2594 7
1555 2576 1572 2606 :_
1584 2567 1612 2594 ὐ
1622 2566 1771 2606 ’ῥάδαμίνᾴς
1784 2566 1857 2592 ἐστιν

1062 2609 1163 2639 παντὸς
1177 2601 1288 2643 δένδρου
1301 2606 1332 2643 εδ
1347 2601 1441 2643 ἀκρον,
1473 2604 1543 2638 ὅπερ
1560 2601 1701 2643 ἀκρέμονα
1715 2601 1856 2639 λέγουσιν.

1099 2637 1286 2679 (SOiContpar
1303 2637 1392 2679 Putro'
1403 2641 1509 2679 honore
1520 2637 1719 2679 apostolatus.
1727 2637 1858 2679 non‘prt-

1061 2671 1163 2707 matus.
1178 2671 1286 2705 Etenim
1298 2676 1446 2711 primatum
1464 2671 1584 2701 vindicat
1611 2671 1691 2711 Retro
1713 2671 1780 2711 ipse
1791 2671 1858 2711 Stu-

1059 2706 1117 2742 dita
1138 2716 1165 2741 in
1195 2706 1437 2748 praecedentibus”
1454 2717 1514 2748 _nec
1533 2715 1586 2735 non
1606 2707 1668 2734 aliis
1684 2706 1756 2733 locis
1774 2706 1803 2733 in
1818 2706 1857 2732 in-

1058 2751 1119 2777 dice
1133 2745 1326 2776 Sirmondiauo
1340 2745 1488 2773 aduotatis.

1099 2776 1156 2820 (5|)
1174 2784 1261 2818 Luget
1275 2782 1395 2820 Studits,
1421 2784 1450 2806 ut
1476 2780 1503 2819 in
1530 2778 1593 2820 aliis
1604 2777 1707 2813 passim
1730 2776 1855 2813 scriptis.

1062 2813 1308 2849 lcettomaclforunt
1322 2816 1365 2845 sui
1383 2815 1514 2851 temporis
1536 2813 1650 2842 scelera.
