1924 3077
209 132 261 165 795

816 129 846 158 S.
857 126 1053 157 THEODORI
1066 127 1239 157 STUDIT/E

1791 129 1841 160 796

209 189 226 216 d
239 195 292 214 imo
310 193 406 221 expers
421 185 576 222 praefectos,
606 192 686 220 reges
714 184 797 212 homo
815 183 882 210 nihil
903 187 1001 218 przeter

1063 181 1208 217 τεριέσεται
1224 182 1231 207 l
1253 182 1267 209 ὁ
1283 182 1365 217 ἀρνδς
1376 182 1429 210 τῶν
1444 183 1545 215 λύκων,
1556 183 1570 210 ὁ
1584 181 1624 215 εἷς
1638 184 1692 211 τῶν
1705 185 1841 219 μυριάδων

212 234 321 261 unicam
339 233 460 260 tunicam
491 237 600 268 gestans
615 232 627 258 ?
641 231 687 259 sed
711 236 840 265 tanquam
857 229 945 256 fidelis
958 228 1000 255 fa-

213 281 303 308 mulus
319 279 460 307 Dominico
474 279 603 306 mandato
627 278 793 312 obsequens,
812 275 927 303 discedit
956 275 1003 302 la:-

213 334 272 359 rus,
288 326 357 353 nihil
380 333 472 353 secum
490 324 590 357 ferens,
620 329 717 358 praeter
732 322 883 358 pretiosum
901 320 1002 349 Christi

213 381 323 406 nomen,
341 372 463 408 cujusvis
476 375 622 399 armatura:
637 370 708 397 loco.

249 461 277 489 4.
298 461 385 497 Igitur
399 460 433 488 ad
452 460 616 488 destinatam
632 458 683 487 sibi
708 457 846 492 regionem
875 456 982 484 delatus
995 476 1002 486 ,

215 511 316 542 quanta
333 507 370 534 ibi
398 506 513 540 fecerit,
534 510 636 541 quanta
653 504 816 540 pertulerit,
834 504 904 531 dicet
916 505 1003 531 oratio

216 559 307 582 nostra
320 573 327 587 ,
344 554 444 589 partim
467 560 499 581 ex
518 553 631 587 antiqua
650 551 816 584 traditione,
843 550 942 586 partim
959 557 1004 577 se-

215 600 333 628 cundum
368 599 588 634 evangelicorum
622 597 815 624 mandatorum
838 596 1003 632 analogiam.

213 645 282 673 Nam
305 645 328 673 si
348 645 394 672 lux
410 644 504 672 mundi
520 648 596 676 erat,
623 643 718 678 utique
739 642 808 670 lucis
832 650 914 677 opera
940 641 1005 670 fecit

217 692 287 719 inter
314 691 502 719 tenebricosos
523 699 530 717 τ
556 694 583 717 ct
609 690 631 717 si
657 689 697 717 sal
721 693 814 722 terrae,
839 689 898 716 sine
924 689 1006 717 dubio

217 737 389 766 irrationales
406 742 500 772 gentes
517 736 575 763 sale
591 736 723 763 condiens
741 755 748 764 .
764 735 906 762 mundavit
920 744 926 762 :
941 739 967 762 et
982 735 1005 762 si

217 783 358 818 operarius
385 782 537 817 appellatus
564 781 634 813 fuit,
664 781 786 815 sequitur
814 781 1005 816 utspiritalem

219 827 414 862 agriculturam
430 826 533 854 fecerit.
546 826 624 859 Quod
636 834 699 853 vero
711 826 892 854 communiter
902 826 1005 853 dictum

1051 228 1066 253 ὁ
1081 227 1156 260 ξένος
1168 229 1222 255 τῶν
1236 228 1406 264 πολυούχων,
1420 229 1435 256 ὁ
1448 229 1571 261 ἀνέστιος
1600 230 1655 256 τῶν
1688 231 1841 266 ἡγεμόνων,

1052 274 1106 301 τῶν
1129 274 1289 309 βασιλέωνό
1310 276 1479 310 μονοχίτων;
1505 275 1562 302 ἀλλ’
1583 274 1627 304 οἷα
1651 277 1779 312 θεράπων
1799 288 1842 305 m-

1054 319 1323 355 στὸςτῷΔεσποτικῷ
1330 320 1538 355 καταπειοήσας
1549 321 1753 356 προστάγματι,
1764 322 1842 350 ἄπει-

1054 374 1096 392 σιν
1109 365 1224 400 χαίρων,
1236 366 1314 392 οὐδὲν
1333 367 1533 402 ἐπιφερόμενος
1546 366 1604 402 μεθ’
1619 367 1717 394 ἑαυτοῦ
1730 368 1747 403 ῆ
1765 369 1844 403 μόνον

1053 412 1138 447 τὸίτοῦ
1147 412 1266 447 Χριστοῦ
1275 412 1457 448 πολυτίμητον
1465 412 1560 448 ονομα,
1574 413 1634 440 ἀντὶ
1642 414 1742 446 παντὸς
1750 415 1843 443 ὅπλου,

1090 459 1123 485 δ’.
1144 459 1242 485 Τοίνυν
1256 458 1420 485 καταλαεὼν
1443 459 1474 485 τὸ
1501 459 1713 495 κεκληρωμένον
1736 460 1842 495 ἔδαφος,

1055 505 1105 531 ὃσα
1127 506 1217 531 ἐκεῖσε
1242 505 1364 540 ἔδρασεν,
1387 505 1438 531 ὅσα
1455 505 1572 537 ὑποίσας
1587 505 1716 541 ἤνεγκεν,
1735 506 1844 544 ἱστορή-

1056 558 1128 577 σειεν
1141 551 1155 576 ὁ
1175 550 1264 585 λόγος,
1280 551 1314 578 τὰ
1327 552 1378 586 μὲν
1392 553 1463 579 κατὰ
1476 552 1627 586 παράδοσιν
1639 553 1844 589 ἀρχαιολογίας,

1056 597 1089 623 τὰ
1102 596 1132 623 δὲ
1143 596 1214 624 κατά
1231 597 1378 631 ἀναλογίαν
1390 597 1445 624 τῶν
1458 598 1647 633 εὐαγγελικῶν
1660 599 1845 635 διδαγμὰτωψ

1057 644 1080 669 εί
1098 642 1151 678 γὰρ
1168 643 1246 670 πέλει
1271 643 1329 677 φῶς
1351 643 1399 670 τοῦ
1419 643 1538 678 κόσμου,
1554 643 1634 679 δῆλον
1649 645 1690 671 ὅτι
1706 645 1740 672 τὰ
1758 646 1846 680 φωτὸς

1057 688 1187 723 δέδρακεν
1208 688 1237 714 ὲν
1251 689 1308 719 τοῖς
1329 687 1505 722 ἀφωτίστοις’
1523 689 1569 715 καὶ
1586 690 1610 715 εί
1633 689 1702 720 ἃλας
1725 690 1777 725 τῆς
1794 690 1847 725 γῆς

1058 734 1187 769 ὑπάρχει,
1200 733 1280 768 δῆλον
1293 734 1334 761 ὅτι
1343 733 1407 770 ἔθνη
1423 734 1509 769 ἄλογα
1522 735 1620 767 ἁλίσας
1635 736 1788 771 ἐσάρωσεν·
1802 738 1848 762 καὶ

1058 781 1082 806 εί
1095 780 1215 816 ἐργάτης
1232 780 1402 816 ὠνόμασται,
1426 781 1584 814 ἀκολούθως
1603 783 1742 818 γεωργίαν
1768 792 1849 810 πνευ-

1061 828 1178 862 ματικὴν
1194 827 1345 854 τετέλεκεν·
1363 827 1377 854 ὃ
1399 827 1428 854 δὲ
1444 828 1515 855 κατὰ
1538 828 1629 856 κοινοῦ
1659 830 1784 865 εἴρηται,
1801 830 1849 856 καὶ

219 874 281 907 fuit,
300 873 327 900 id
341 873 374 900 de
388 873 502 909 singulis
511 873 593 900 etiam
622 872 748 907 personis
786 872 885 907 accipi,
910 872 1009 907 aequis-

1063 871 1120 898 καΟ¹
1138 871 1199 904 ἐνὸς
1226 872 1374 908 προσώπου
1390 873 1542 908 λαμϐάνειν
1566 873 1768 907 εὐλογώτατον·
1783 874 1848 900 οὐκ·

219 919 319 946 simum
331 922 382 946 est.
396 918 542 953 Propterea
572 923 665 952 specta
692 917 768 944 illum
791 917 843 944 sub
866 917 1006 952 allegoria,

221 965 302 992 modo
335 969 435 992 terram
469 963 540 991 haud
565 963 652 991 bobus
681 963 793 998 quidem
819 962 922 990 ferrum
951 967 1007 990 tra-

219 1010 347 1038 hentibus
369 1015 492 1037 arantem
505 1029 512 1042 ,
539 1009 586 1036 sed
614 1009 714 1044 linguze
731 1016 843 1036 vomere
862 1009 1008 1036 rationalia

219 1065 283 1086 arva
299 1057 457 1090 fodientem,
469 1057 535 1092 jugo
550 1057 656 1084 scilicet
671 1056 912 1091 contemplationis
926 1056 1008 1084 simul

219 1109 246 1132 ct
263 1104 400 1131 actionis:
429 1111 519 1139 neque
537 1107 674 1130 serentem
698 1103 831 1130 caducum
844 1103 947 1138 aliquid
962 1108 1009 1131 aut

218 1149 411 1184 corruptibilc,
443 1149 491 1177 sed
519 1149 580 1176 ﬁdei
619 1148 771 1176 doctrinam
808 1148 836 1175 in
872 1148 1008 1183 profunda

219 1195 344 1223 cordium
358 1194 514 1229 iacientem.
535 1193 614 1221 Modo
635 1198 726 1221 autem
754 1194 848 1221 hortos
859 1195 1010 1229 vineasque

222 1241 329 1269 Domini
345 1241 512 1276 plantantem
527 1260 534 1274 ,
547 1248 607 1275 qua:
623 1248 686 1267 mox
710 1244 817 1274 recepta
832 1241 956 1268 doctrina
981 1240 1010 1267 in

221 1287 319 1315 melius
339 1286 530 1322 profecerunt,
555 1292 583 1314 et
598 1294 631 1314 ex
648 1286 764 1314 novellis
783 1286 861 1320 lapsu
878 1289 1010 1321 temporis

221 1334 255 1361 ad
271 1333 507 1361 fruetificationem
526 1337 719 1368 provenerunt.
743 1333 824 1360 Modo
837 1334 919 1360 etiam
935 1341 1012 1361 more

222 1380 321 1407 medici
342 1379 461 1407 remedia
488 1379 585 1407 idonea
606 1379 845 1414 suppeditantem,
875 1379 915 1406 vel
940 1387 1010 1414 quo-

223 1425 414 1461 modocunque
427 1425 557 1457 volueris,
568 1432 641 1452 caeco
655 1425 867 1458 illuminantcm,
882 1425 1008 1460 leprosos

224 1471 400 1499 mundantem
412 1490 420 1504 ,
443 1470 531 1499 febres
557 1471 737 1506 depellentem
752 1491 759 1502 ,
781 1470 888 1498 facilem
905 1472 1011 1500 claudis

223 1525 347 1552 gressum
363 1524 450 1544 cteeos
490 1517 664 1549 tribuentem,
681 1517 771 1544 surdis
789 1517 928 1550 auditum‘,
939 1517 1012 1545 varia

224 1563 335 1590 demum
361 1562 521 1590 morborum
546 1569 646 1597 genera
673 1562 837 1590 sanitatibus
865 1556 1046 1598 incorrnp-C

224 1607 348 1636 tibilibus
372 1608 399 1635 in
421 1608 573 1636 naturalem
601 1609 785 1637 valetudinem
810 1609 1011 1637 restituentem.

224 1655 296 1687 Quin
310 1655 392 1683 etiam
411 1663 492 1683 cerne
503 1655 592 1691 ipsum
608 1656 739 1691 pastorali
759 1655 847 1684 forma
860 1660 1012 1691 assumpta,

224 1709 333 1737 gregem
359 1701 415 1729 Deo
434 1709 616 1735 conservare,
638 1702 818 1735 deducendo,
847 1703 1012 1736 revocando,

224 1754 319 1774 curam
349 1747 467 1782 gerendo
483 1767 490 1779 ,
525 1747 696 1774 defendendo
712 1767 719 1778 ,
745 1748 847 1776 bestias
877 1749 1012 1776 liaaresum

226 1791 435 1827 daemonumque
459 1793 552 1819 turbas
576 1793 719 1820 arcendo:
748 1793 908 1828 imperfecta
925 1794 1015 1821 adhuc

227 1836 341 1872 rigando
358 1837 460 1874 iugiter
471 1858 479 1870 ,
505 1838 648 1866 educando
664 1841 694 1866 ut
718 1844 845 1866 crescant
861 1839 889 1866 in
908 1844 1015 1867 :etatcm

225 1882 346 1916 Christi,
363 1884 457 1919 spinas
471 1884 672 1912 intellectualcs
688 1884 829 1913 evellendo
842 1905 850 1918 ,
878 1892 1015 1914 sarmento

227 1930 375 1965 impietatis
407 1930 614 1964 comburendo,
642 1931 729 1959 vallos
754 1931 923 1968 dogmaticos
951 1933 1017 1961 sub-

224 1977 365 2012 jiciendo,
394 1985 480 2012 σαξρεδ
516 1978 666 2006 didactieas
709 1979 960 2014 circumponcndo,
989 1986 1017 2008 et

226 2023 360 2058 quidquid
374 2024 448 2051 aliud
467 2024 528 2051 usui
546 2028 605 2058 est,
631 2025 811 2060 providendo.
835 2025 907 2053 Idem
926 2031 952 2054 et
974 2027 1016 2054 fa-

229 2069 348 2097 bricator
368 2074 450 2097 estet
471 2071 638 2098 architectus
663 2071 771 2099 :editicii
787 2079 819 2099 ac
833 2072 944 2100 fabrica:
962 2082 1015 2100 non

229 2115 402 2150 tnanufacla,
419 2117 583 2151 templorum
596 2117 704 2145 Domini
720 2118 781 2145 dico
795 2126 856 2153 quae
877 2119 903 2145 in
918 2120 1015 2154 spiritu

227 2165 254 2188 et
269 2162 384 2189 veritate
409 2167 628 2195 construuntur,
644 2167 726 2198 atque
748 2163 776 2190 in
799 2165 932 2199 populum
956 2165 1016 2192 exi-

229 2207 326 2240 mium,
350 2212 515 2236 sectatorem
540 2209 675 2236 bonorum
688 2211 1015 2245 operum,perficiuntur.

264 2341 289 2368 5.
308 2340 417 2369 intuere
430 2349 536 2369 mecum
551 2342 650 2378 oppida
664 2347 692 2370 et
712 2343 877 2376 habitacula,
893 2351 954 2378 qua:
974 2344 1018 2372 ille

229 2394 350 2422 praeceps
369 2388 462 2423 populi
480 2389 609 2416 seductor
632 2389 659 2416 in
681 2389 841 2416 infidelitate
854 2391 918 2418 olim
947 2391 1018 2418 deti-

230 2433 329 2466 nebat,
347 2433 454 2461 intuere
468 2434 544 2467 haec,
558 2434 687 2470 inquam,
714 2436 759 2463 Dei
775 2436 870 2463 notitia
888 2441 1017 2472 tanquam

231 2478 351 2506 turribus
366 2479 510 2512 instructa,
527 2485 554 2508 et
564 2481 784 2508 adversariorum
805 2482 921 2510 insidias
939 2482 1018 2511 facile

230 2525 374 2560 repulsas,
392 2533 455 2553 arva
476 2526 615 2562 segetibus
638 2528 743 2555 consita
756 2547 763 2559 ,
785 2528 879 2555 vineas
901 2530 1020 2558 racemis

231 2570 415 2606 nigrescentes
425 2592 433 2605 ,
448 2573 543 2600 hortos
557 2572 685 2601 florentes
697 2593 705 2605 ,
724 2581 813 2609 aegros
838 2576 936 2603 morbo
950 2584 1019 2611 quo-

230 2615 298 2645 libet
315 2621 343 2645 et
356 2617 431 2645 omni
447 2618 581 2652 languore
594 2617 745 2652 expeditas.
765 2618 844 2648 Tales
858 2625 923 2648 sunt
939 2621 1020 2657 hujus

1059 918 1106 945 οὖν
1128 919 1178 953 δρα
1203 919 1285 945 αὑτὸν
1306 919 1367 945 κατ’
1384 918 1571 954 ἀλληγορίαν·
1591 919 1630 954 πῆ
1655 919 1720 954 μὲν,
1743 919 1775 946 οὐ
1798 919 1849 954 γῆν

1059 963 1178 1000 ἀροῦντα
1200 964 1252 991 ὑπὸ
1274 964 1366 1000 βουσὶν
1391 964 1517 991 ἕλκουσιν
1529 964 1559 991 τὸ
1576 964 1708 1000 σιδήριον,
1725 965 1796 991 ἀλλὰ
1811 965 1849 999 τῷ

1059 1010 1108 1046 τῆς
1117 1010 1242 1045 γλώττης
1254 1010 1363 1047 ἀρότρῳ
1374 1010 1487 1045 λογικὰς
1496 1010 1617 1046 ἀρούσας
1631 1009 1848 1042 διαλακτίζοντα,

1059 1058 1098 1093 τῷ
1112 1057 1205 1092 ζεύγει
1217 1057 1339 1092 δηλονότι
1353 1057 1471 1092 θεωρίας
1485 1057 1533 1084 καὶ
1548 1056 1684 1091 πράξεως·
1700 1056 1761 1083 οὐδὲ
1774 1057 1850 1083 σπεί-

1061 1104 1142 1140 ροντά
1166 1113 1192 1130 τι
1219 1103 1273 1131 τῶν
1288 1103 1451 1140 ἀποῤῥύτων
1478 1103 1524 1130 καὶ
1547 1103 1755 1139 φθειρομένων,
1783 1103 1851 1130 ἀλλὰ

1060 1151 1105 1177 τὸν
1121 1150 1170 1186 τῆς
1191 1150 1310 1182 πίστεως
1324 1150 1404 1184 λόγον
1418 1150 1458 1182 εἰς
1470 1149 1553 1185 βάθος
1569 1149 1719 1185 καρδιακὺν
1735 1157 1850 1175 κατατιε

1061 1196 1184 1231 θέμενον·
1203 1196 1242 1230 πῆ
1257 1195 1296 1227 δὲ,
1312 1195 1519 1231 φυτουργοῦντα
1532 1195 1716 1229 παραδείσους
1729 1193 1779 1220 καὶ
1796 1194 1851 1228 ἀμ-

1062 1243 1187 1274 πελῶνας
1213 1242 1330 1278 Κυρίου,
1356 1243 1420 1275 τοὺς
1445 1243 1496 1279 ἤδη
1521 1244 1556 1278 τῇ
1569 1242 1676 1278 είσδοχῇ
1704 1240 1751 1268 τοῦ
1772 1241 1852 1275 λόγον

1062 1288 1131 1323 πρὸς
1146 1287 1180 1314 τὰ
1205 1288 1351 1323 κρείττονα
1373 1287 1422 1322 τὴν
1438 1288 1560 1314 ἐπίδοσιν
1577 1287 1791 1322 ποιησαμένους,
1807 1287 1853 1312 καὶ

1061 1333 1115 1360 ἀπὸ
1127 1333 1250 1368 νεογνίας
1265 1335 1304 1366 εἰς
1318 1334 1366 1370 τὴν
1379 1334 1452 1360 κατά
1469 1334 1565 1370 καιρὸν
1582 1333 1776 1370 χαρποφορίαν
1788 1334 1854 1360 ἀνα-

1061 1381 1236 1416 διδομένους·
1256 1381 1304 1407 καὶ
1330 1381 1396 1408 ποτὲ
1425 1380 1476 1416 μὲν
1505 1380 1636 1416 ἰατρικῶς
1654 1380 1854 1413 διαγινόμενον,

1063 1427 1111 1454 καὶ
1130 1426 1306 1462 καταλλὴλως
1325 1426 1487 1462 ἁλεξιτήρια
1509 1426 1741 1461 προϐαλλόμενον,
1759 1425 1857 1451 ὁποτέ-

1065 1482 1119 1508 ρως
1135 1472 1167 1500 ἂν
1186 1472 1270 1509 βούλῃ
1284 1471 1312 1505 Ιί,
1329 1473 1448 1507 τυφλοὺς
1463 1472 1652 1508 ὁμματοῦντα,
1669 1472 1788 1508 λεπροὺς
1804 1480 1855 1498 κα-

1064 1519 1203 1554 θαίροντα,
1226 1519 1360 1554 πυρετοὺς
1375 1518 1574 1551 ἀπελαύνοντα,
1590 1517 1756 1553 χωλεύουσιν
1773 1517 1855 1543 506a.-

1063 1566 1120 1591 τείν
1134 1564 1324 1599 παρεχόμενον
1336 1585 1343 1595 ,
1361 1564 1532 1598 κωφεύουσιν
1556 1563 1587 1590 τὸ
1610 1564 1808 1599 ἀκροατήριον,
1823 1563 1858 1589 τὰ

1063 1610 1118 1637 τῶν
1141 1610 1244 1636 λοιπῶν
1267 1611 1431 1644 νοσημάτων
1453 1609 1634 1645 πολυπήμονα
1663 1608 1734 1642 εἴδη,
1761 1609 1858 1635 ἄκεσιν

1064 1655 1193 1692 ἀφθόροις
1213 1655 1220 1674 ι
1238 1655 1466 1682 ἀποκαθιστῶντα
1486 1655 1527 1687 είς
1546 1654 1576 1681 τὸ
1599 1654 1670 1681 κατά
1689 1654 1773 1686 φύσιν
1787 1662 1794 1669 δ
1811 1654 1860 1680 καί

1067 1703 1157 1738 μέντοι
1181 1702 1365 1738 ποιμαντικὴν
1388 1702 1444 1736 ἕξιν
1476 1701 1714 1736 ἀναλαμϐάνοντα,
1731 1703 1781 1727 καὶ
1798 1701 1859 1726 ποί-

1067 1758 1133 1784 μνια
1156 1748 1216 1785 Θεῷ
1239 1748 1438 1784 καταρτίζοντα
1458 1753 1490 1782 ω,
1507 1747 1734 1782 καθηγούμενον,
1753 1747 1859 1775 ἀνακα-

1065 1795 1208 1830 λούμενον,
1236 1795 1462 1830 ἐπιμελούμενον,
1487 1793 1729 1830 προπολεμοῦντα,
1759 1794 1862 1820 ἀποσο-

1066 1840 1165 1867 ϐοῦντα
1180 1839 1267 1876 θῆρας
1283 1840 1427 1876 αἱρέσεων,
1443 1840 1578 1875 δαιμόνων
1595 1849 1624 1866 τε
1641 1839 1798 1873 φάλαγγας
1811 1841 1861 1866 ὅσα

1066 1896 1095 1914 τε
1116 1888 1145 1913 ὲν
1160 1887 1235 1922 μέσῳ
1253 1885 1382 1922 ἀρδεῠσαι
1405 1886 1537 1919 ἀεννάως,
1558 1887 1767 1921 χειραγωγῆσαι
1784 1889 1798 1903 υ
1812 1886 1862 1912 αὖ-

1068 1933 1214 1967 ξουμένους
1230 1934 1263 1968 τῇ
1279 1933 1349 1959 κατά
1365 1932 1484 1967 Χριστὸν
1499 1932 1605 1967 ἡλικίᾳ,
1622 1931 1744 1962 ἀκάνθας
1759 1932 1863 1966 νοητὰς

1067 1979 1182 2013 εκτῐλαι,
1195 1979 1261 2010 ὕλας
1273 1978 1402 2009 ἀσεϐείας
1418 1978 1559 2013 ἐμπρῆσαι
1575 1982 1596 2010 ⁸³,
1614 1977 1741 2011 χάρακας
1756 1977 1863 2011 δογμα-

1066 2027 1160 2058 τικοὺς
1179 2026 1324 2061 ὑπερεῖσαι
1348 2029 1372 2056 ιι,
1390 2024 1535 2060 φραγμοὺς
1554 2023 1728 2054 διδακτικοὺς
1749 2023 1865 2058 περιθέ-

1069 2071 1142 2104 σθαι,
1151 2071 1199 2097 καὶ
1207 2072 1232 2097 εἰ
1240 2080 1264 2097 τι
1274 2070 1337 2097 ἄλλο
1351 2070 1405 2097 τῶν
1415 2069 1527 2096 δεόντων
1537 2070 1705 2104 ὲφεπόμενον
1717 2068 1864 2103 καταθρῆ-

1070 2126 1124 2144 σαι.
1146 2117 1175 2143 ’0
1187 2117 1209 2143 δ’
1223 2116 1303 2148 αὐτὸς
1320 2116 1368 2143 καὶ¹
1382 2116 1533 2151 οἰκοδόμος,
1545 2115 1592 2142 καὶ
1606 2115 1778 2150 ἀρχιτέκτων
1793 2116 1865 2141 οἱκο-

1067 2164 1155 2198 δομῆς
1173 2163 1221 2190 καὶ
1239 2163 1382 2193 τεκτονίας
1406 2162 1630 2197 ἀχειροποιήτου,
1646 2161 1701 2187 τῶν
1718 2161 1764 2187 διά
1778 2161 1865 2187 πνεύ-

1031 2223 1056 2254 -ο
1071 2217 1166 2245 ματος,
1180 2208 1263 2243 λέγω,
1287 2208 1335 2234 καὶ
1351 2207 1480 2242 ἀληθείας
1495 2205 1768 2254 ἁναδεὶδοῙμημένων
1791 2206 1866 2232 ναῶν

1071 2256 1188 2292 Κυρίου,
1206 2255 1251 2282 καὶ
1274 2252 1513 2289 καταρτιζομὲνων
1530 2254 1569 2284 εἰς
1594 2251 1658 2278 λαὸν
1685 2252 1865 2286 περιούσιον,

1071 2301 1194 2337 ζηλωτὴν
1208 2301 1299 2327 καλῶν
1318 2300 1416 2335 ἔργων.

1106 2350 1137 2374 ε’.
1153 2346 1256 2380 Σκέψαι
1273 2355 1318 2381 μοι
1332 2347 1380 2377 τὰς
1397 2346 1489 2376 πόλεις
1504 2346 1551 2371 καὶ
1567 2345 1615 2377 τὰς
1629 2347 1810 2379 κατοικεσίεις
1834 2348 1870 2379 ἃς

1072 2392 1157 2419 πάλαι
1171 2392 1186 2417 ό
1200 2391 1352 2423 λαόπλανος
1366 2396 1380 2416 ει
1395 2393 1429 2426 τῇ
1444 2391 1558 2426 ἀπιστίᾳ
1576 2393 1704 2426 κατεῖχεν
1720 2393 1870 2426 ἠλίϐατος,

1072 2437 1264 2474 πυργωθείσας
1286 2438 1315 2464 ὲν
1329 2437 1490 2472 θεογνωσίᾳ,
1507 2437 1554 2464 καὶ
1579 2438 1631 2469 τὰς
1655 2439 1709 2464 τῶν
1734 2439 1871 2466 ἐναντίων

1071 2483 1218 2515 ἐπιϐουλὰς
1236 2484 1301 2519 ῥᾷον
1317 2482 1566 2518 ἀποπεμπομένας,
1580 2483 1614 2509 τὰ
1630 2483 1694 2519 λήῖα
1718 2484 1869 2519 τεθηλότα,

1071 2530 1134 2561 τοὺς
1167 2529 1333 2565 ἀμπελῶνας
1361 2528 1564 2564 περκάζοντας,
1589 2529 1652 2559 τοὺς
1679 2530 1870 2564 παραδείσους

1072 2577 1268 2613 κυπρίζοντας,
1281 2575 1344 2606 τοὺς
1358 2574 1504 2606 νοσοῦντας
1519 2575 1610 2601 πᾶσαν
1621 2575 1698 2602 νόσον
1709 2576 1758 2602 καὶ
1775 2577 1873 2602 πᾶσαν

1075 2623 1213 2659 μαλακίαν
1233 2621 1495 2657 τεθεραπευμένους.
1516 2621 1634 2648 Τοιαῦτα
1657 2621 1692 2648 τὰ
1707 2623 1758 2648 τοῦ
1784 2623 1872 2649 Ἄπο-

873 2689 987 2720 VARl/E
1007 2691 1210 2722 LECTIONES.

266 2747 281 2767 ιι
294 2747 457 2789 ᾼηοειοεὶυς
472 2747 546 2789 aliud
565 2747 679 2789 legebat,
697 2748 760 2789 quia
783 2749 879 2789 scribit
903 2751 1013 2789 (ίιιριῐεὶΔ
1028 2752 1157 2789 sanitate.
1183 2750 1262 2785 quasi
1286 2747 1463 2789 ἀμφοτέροις.

232 2782 350 2809 eumdem
365 2791 439 2809 nosse
454 2783 527 2813 uelis.

1518 2747 1524 2767 ¹
1548 2742 1733 2775 Anastasius:
1775 2747 1874 2776 Verum

566 2787 583 2797 ’²¹
600 2783 694 2810 Anast.
709 2784 761 2810 Deo
772 2783 944 2818 perﬁcienteﬂ
970 2791 984 2804 η
1001 2786 1163 2813 Anastasius
1181 2783 1346 2819 prmpostcrc
1363 2785 1450 2818 rigare
1472 2792 1562 2819 manu,
1584 2786 1696 2810 educare
1710 2791 1872 2811 crescentes.

234 2821 246 2834 °
262 2818 357 2854 Anasl.
374 2817 455 2845 silvas
466 2819 596 2852 impactus
613 2819 737 2850 secando,
758 2817 852 2847 nescio
867 2821 931 2853 quid
949 2821 1023 2848 aliud
1038 2822 1141 2854 legens.

1181 2818 1194 2844 ὶι
1206 2818 1273 2846 cod.
1304 2820 1450 2854 ὐπηρίσαι.
1466 2818 1582 2846 Videant
1597 2827 1664 2855 ergo
1680 2820 1876 2854 grammatici.

234 2856 248 2877 ἰ
268 2853 364 2881 Anast.
383 2861 465 2888 prave
477 2854 593 2890 populus
610 2855 744 2881 seductus.
759 2854 823 2882 Item
838 2857 982 2890 soquentia
1001 2853 1073 2892 apud
1088 2855 1263 2884 Anastasium
1281 2862 1409 2888 perversa
1427 2855 1563 2882 videntur.
