1924 3077
41 116 95 149 797

41 175 152 223 στόλου,
164 176 203 208 ὥς
223 179 258 223 αν
272 176 346 205 εἴποι
356 187 408 211 τις,
424 181 570 215 προτέλεια
584 184 631 210 καὶ
647 185 774 222 ὲκφόρια,
788 197 838 223 τη-

39 221 164 248 λικοῦτοι
188 223 213 249 ot
231 222 346 257 ἀγῶνες,
359 225 384 251 oi
405 225 526 261 ἱδρῶτες,
545 228 570 254 οι
588 229 676 256 πόνοι·
694 221 839 262 καὶταῦτα

38 268 68 294 ἐν
86 268 163 303 λιμῷ
177 269 225 295 καὶ
238 269 320 304 δίψει,
339 271 368 297 ὲν
377 271 459 307 ψύχει
471 274 518 299 καὶ
530 275 692 312 γυμνότητι,
708 278 738 304 ὲν
756 278 839 314 ὕϐρεμ

40 323 82 340 σιν
103 314 156 341 καὶ
169 314 312 348 ὀνείδεσιν,
337 316 367 342 ἐν
382 317 517 351 φυλακαῖς
531 321 580 347 καὶ
595 321 717 357 δεσμοῖς,
731 323 761 350 ὲν
774 324 837 352 διω-

39 361 123 395 γμοῖς
135 361 185 388 καὶ
202 361 368 396 ἀπαγωγαῖς
384 364 417 390 ὲκ
429 364 513 392 τόπου
526 366 566 398 είς
581 367 673 400 τόπον,
690 369 721 396 ὲκ
733 370 838 404 πόλεως

38 407 78 437 εἰς
99 407 191 439 πόλιν,
215 408 248 434 ἐκ
265 408 381 443 θεάτρου
403 411 443 442 είς
457 410 583 447 θέατρον,
598 414 628 439 ἐν
643 414 772 449 βασάνοις
788 417 837 443 καὶ

38 453 192 497 αἰκισμοῖς,
215 454 244 480 ὲν
265 454 339 490 φόνῳ
355 456 402 482 καὶ
420 458 544 494 μαχαίρᾳ
556 467 586 485 τε
603 460 772 488 τελευταῖον·
789 462 836 497 ἀφ’

38 494 76 524 ὧν
96 499 155 533 γὰρ
177 498 263 534 ἐχρῆν
282 500 444 535 ἀμείϐεσθαι
461 503 574 537 ἀγαθοῖς
594 505 640 532 τδν
660 494 835 541 διδάσκαλον,

38 544 83 571 τὸν
97 546 224 580 σωτῆρα.
249 545 294 572 τὸν
325 547 429 582 ίατρὸν,
448 548 518 585 ὑπὲρ
535 550 640 577 τούτων
656 553 836 588 εἰσπράττον-

38 598 82 616 ται
102 590 139 616 τὰ
160 591 246 618 δεινά·
262 593 514 628 προπηλακίζουσι,
530 597 653 630 παίουσι,
673 599 833 634 πλήττουσι,

39 635 198 667 κολάζουσι.
218 637 320 669 ξέουσι·
334 638 361 665 τί
378 639 408 665 οὐ
428 640 613 675 λέγοντες;τί
629 644 680 670 οὐκ
698 645 835 672 ἐπινοοῦν-

38 690 99 715 τες;
111 682 141 709 τί
157 682 189 710 οὐ
204 685 384 719 πράττοντες;
405 686 432 712 τί
446 687 497 714 οὐκ
512 687 756 724 ὲπεξευρίσκοντες
779 691 835 718 τῶν

36 728 88 754 ὅσα
105 729 149 760 είς
171 728 341 764 δριμυτέραν
355 731 477 758 κάκωσιν
490 733 537 759 καὶ
547 733 626 766 ἀνίας
638 736 832 772 ὲπεξεύρεσινς

37 774 122 809 βαϐαὶ
134 775 187 810 τῆς
200 776 334 811 ἀπηνίαςί
350 777 400 811 φεῦ
411 778 462 813 τῆς
475 779 655 815 θηριομανίας
666 781 672 807 ε
687 782 760 814 οἴους
771 784 834 816 τοὺς

38 820 157 854 μισθοὺς
181 821 221 855 τῷ
247 821 406 858 θεραπευτῇ
425 825 605 860 προσήγαγον
619 827 645 853 οἱ
659 828 832 864 ἀναὸλέψαν-

36 874 92 900 τες,
108 867 133 893 ot
145 867 358 904 εὑακοήσαντες,
372 870 398 896 oi
412 871 647 907 είκοδομηθέντες,
658 875 683 900 oi
701 884 833 911 καταρτι-
849 868 870 898 Β

37 912 160 945 σθέντεςο
176 914 239 941 ἀντὶ
264 915 348 950 τιμῆς
372 916 496 951 ἀτιμίαν,
526 918 588 945 ἀντὶ
615 920 742 954 εὐλογίας
767 931 834 948 κατ-

36 959 121 992 άραν,
137 959 202 986 ἀντὶ
216 959 312 995 δώρων
323 961 430 995 ποινάς,
448 963 510 989 ἀντὶ
531 964 742 1001 ἀναπαυστικῆς
760 966 834 1002 ζωῆς

35 1005 81 1032 τὸν
98 1006 265 1041 πικρότατον
278 1008 360 1043 μόρον
371 1008 438 1043 (40).
455 1011 541 1037 Φασὶν
556 1012 610 1047 γὰρ
624 1012 706 1039 αὑτὸν
719 1014 787 1048 μετὰ
802 1014 833 1040 τδ

36 1051 140 1083 πολλὰς
157 1052 207 1078 καὶ
221 1053 388 1087 ἀνηκέστους
411 1055 525 1083 ὕποτσαι
548 1057 687 1090 κολάσεις,
703 1059 832 1094 ὲκδεδάρ-

37 1097 82 1123 θαι
98 1097 152 1124 ὑπὸ
169 1098 225 1125 τῶν
241 1099 350 1126 ἀσεϐῶν
367 1101 406 1132 είς
426 1101 543 1134 θύλακος
557 1101 637 1135 εἶδος·
652 1102 702 1130 εἷθ’
717 1104 833 1141 ὕστερον

35 1143 90 1170 ὑπὸ
118 1143 173 1171 τῶν
195 1145 300 1172 πιστῶν
311 1146 456 1181 τετάφθαι·
475 1148 518 1175 ἵνα
535 1149 678 1176 κάνταῦθα
699 1151 833 1186 πρύτανις

35 1190 84 1216 καὶ
98 1190 170 1225 μετά
184 1191 290 1226 πότμον
300 1192 397 1228 φανείη
411 1194 426 1220 ὁ
440 1194 526 1228 μέγας
541 1195 588 1222 τοῦ
603 1197 671 1223 Θεοῦ
686 1198 832 1232 κήρυξ.οὒ

34 1236 90 1271 γὰρ
100 1236 164 1263 ἐπεὶ
176 1237 312 1272 μετῆλθεν
323 1238 377 1265 τῶν
387 1240 463 1275 τῇδε,
477 1241 574 1275 ἡμέλει
585 1242 640 1269 τῶν
654 1243 831 1276 κτεινάντων,

34 1281 94 1308 ἀλλ’
107 1282 146 1315 ὡς
171 1283 274 1318 ποιμὴν
294 1284 396 1318 ἀγαθὸς
417 1286 480 1312 ὅσον
498 1284 532 1322 ἦν
551 1287 660 1323 καιροῦ,
675 1289 833 1322 ἐξεκαλεῖτο

33 1329 96 1360 ταῖς
121 1328 356 1364 θαυματουργίαις
375 1330 441 1363 τοὺς
463 1332 726 1367 ἀπολισθαίνοντας,
747 1343 833 1370 προσ-

33 1374 170 1409 ῳκειοῦτο
194 1377 404 1411 τερατουργίαις
424 1378 488 1409 τοὺς
504 1378 763 1415 ἀπεστραμμένουςο
783 1380 833 1416 τὴν

33 1420 65 1446 δὲ
79 1420 263 1456 θηριὸτροπον
273 1422 399 1458 γνώμην,
411 1423 461 1458 τὴν
475 1424 635 1459 ἀμείλικτον
646 1425 772 1461 καρδίαν,
787 1427 833 1453 οὺ-

35 1466 81 1493 δὲν
100 1467 132 1493 τὸ
156 1467 307 1500 ἀνακτοῦν,
324 1469 400 1496 οὐδὲν
428 1469 458 1495 τὺ
481 1470 663 1506 ἀνασυράζον,
689 1472 770 1506 ἡνίκα
792 1472 833 1504 εἰς

34 1512 105 1548 βάθη
123 1512 219 1540 κακῶν
238 1513 280 1549 εῐη
296 1514 508 1549 ὲμπεπτωκυῖα.

68 1540 111 1591 ς’..
126 1558 161 1584 Τί
188 1557 243 1594 γὰρ
262 1540 297 1586 τὰ
312 1540 384 1595 ,ἑξῆς
585 1562 657 1589 κατὰ
679 1562 729 1590 τοῦ
754 1563 830 1599 ίεροῦ
843 1540 864 1569 C

34 1605 144 1633 ἐκείνου
159 1606 291 1642 σώματος
302 1616 309 1622 ·
327 1607 519 1644 θυμομαχοῦσι
535 1610 606 1637 κατὰ
619 1609 666 1636 τοῦ
680 1611 831 1646 ίαματουρ-

34 1652 151 1685 γοῦντος
178 1652 564 1690 λάρνακπνάποπέμπονται
592 1656 624 1682 τὺ
653 1657 774 1692 ίατρεῖον
804 1656 830 1682 οἱ

35 1697 227 1731 ἀσθενοῦντες,
239 1699 265 1725 οἱ
281 1699 378 1733 τυφλοὶ
396 1700 443 1727 τὸν
457 1701 638 1736 χειραγωγὸν,
655 1703 680 1728 ot
715 1702 830 1737 μυωπά-

36 1743 129 1776 ζοντες
144 1744 192 1771 τὸν
208 1745 375 1781 φωτοδότην,
389 1746 414 1772 oi
425 1746 611 1781 ναυαγοῦντες
630 1747 677 1774 τὸν
694 1747 830 1784 κυϐερνή-

35 1797 96 1824 την,
113 1791 137 1816 οἱ
167 1789 366 1825 θανατούμενοι
388 1791 434 1817 τὸν
462 1792 659 1824 ζωοποιοῦντα.
677 1794 731 1820 Καὶ
751 1793 832 1820 τοῦτο

35 1835 110 1868 πῶς
125 1835 270 1870 ῥίπτουσιν
299 1837 370 1864 κατά
396 1837 504 1871 πόντον,
517 1837 556 1869 ὡς
587 1838 621 1864 ἂν
638 1838 676 1873 μὴ
696 1838 739 1875 εἴη
761 1847 804 1870 τις
818 1839 832 1865 ὁ

35 1881 105 1917 πρὸς
140 1881 225 1908 αὑτοῦ
258 1882 532 1918 εὐεργετησόμενοςσ
562 1883 669 1910 τοιοῦτο
695 1883 751 1920 γὰρ
777 1884 832 1910 τῶν

34 1927 243 1961 βασκαινόντων
258 1928 288 1954 τδ
306 1929 404 1962 πάθος,
423 1929 495 1965 μηδὲ
517 1929 568 1965 τὴν
593 1929 748 1957 ἐθελούσιον
776 1930 832 1958 ἀπ-

34 1973 147 2006 ώλειαν,
165 1974 303 2008 σωτηρίαν
319 1975 422 2010 ἐτέρων
440 1975 614 2010 ἀνεχομένων
623 1976 751 2010 γενέσθαι
763 1976 831 2012 (41).

74 2019 149 2046 Ἀλλ’
160 2020 174 2046 ό
197 2019 241 2046 διά
257 2019 339 2046 Δαϐὶδ
354 2020 497 2056 πόρρωθεν
510 2021 706 2056 ἀναφωνήσας⁶
726 2022 776 2048 Ἑν
792 2021 830 2056 τῇ

34 2065 181 2100 θαλάσσῃ
193 2066 225 2092 αι
239 2065 304 2092 ὁδοί
317 2073 386 2099 σου,
401 2067 493 2094 καὶαι
507 2067 600 2101 τριϐοι
617 2075 676 2094 σου
691 2067 726 2094 ἐν
740 2067 833 2094 ὕδασι

35 2111 174 2144 πολλοῖς,
182 2111 232 2138 καί
246 2112 282 2139 τὰ
295 2112 365 2146 ἴχνη
384 2121 444 2140 σου
456 2113 492 2140 οὐ
503 2112 734 2148 γνωσθήσονται
745 2122 752 2129 ·
765 2114 831 2140 κάν-

36 2158 125 2184 ταῦθα
136 2157 188 2193 τὴν
202 2157 290 2193 ὑγρὰν
305 2158 392 2193 βατὴν
406 2159 440 2194 τῇ
466 2158 582 2194 λάρνακι
600 2159 809 2194 παρεσκεύασεν
822 2167 830 2175 ·

429 124 571 156 ORATIO
589 127 628 158 X.
642 141 678 146 -
698 129 750 160 IN.
767 131 797 161 S.
819 132 1145 168 BARTHOLOMAEUM
1161 138 1288 169 APOST.

1628 143 1680 174 798

854 193 874 220 Α
889 193 1017 226 apostoli,
1028 199 1055 222 ut
1068 195 1103 222 ita
1111 195 1330 231 dicam,frugum
1338 197 1475 232 primitiae,
1493 203 1532 227 tot
1549 204 1678 236 tantaque

889 239 1052 269 certamina.
1067 240 1192 273 sudores,
1212 241 1337 270 labores:
1351 247 1379 270 et
1394 244 1504 278 quidem
1521 245 1549 272 in
1567 245 1640 274 fame
1651 252 1678 274 et.

888 285 950 317 siti,
969 285 996 312 in
1017 285 1117 321 frigore
1129 291 1156 314 ct
1170 288 1294 316 nuditate
1306 307 1314 320 ,
1335 289 1361 316 in
1377 290 1551 319 contumeliis
1568 296 1596 319 et
1609 299 1677 320 con-

888 331 965 359 viciis
975 351 982 364 ,
996 331 1023 358 in
1041 332 1198 361 carceribus
1212 338 1240 361 ct
1254 334 1383 367 vinculis,
1399 335 1426 362 in
1439 337 1678 371 persecutionibus

886 382 913 405 et
933 378 1147 406 abductionibus
1163 379 1198 406 de
1218 379 1278 408 loco
1294 381 1320 408 in
1341 380 1431 408 locum
1443 401 1450 414 ,
1467 382 1500 409 de.
1513 382 1623 410 civitate
1649 383 1677 410 in

887 423 1041 456 civitatem,
1068 424 1102 452 de
1116 424 1222 453 theatro
1233 425 1261 453 in
1274 426 1408 454 theatrum
1423 447 1431 460 ,
1445 427 1472 454 in
1489 428 1634 455 tormentis
1650 435 1678 455 et

886 469 1054 498 cruciatibus
1066 490 1073 502 ,
1098 470 1124 497 in
1147 471 1221 499 caede
1237 471 1355 507 denique
1370 477 1398 500 et
1413 473 1512 508 gladio.
1541 473 1562 500 Α
1579 475 1678 509 quibus
1716 506 1720 509 ,

885 514 957 542 enim
971 516 1115 550 oportebat
1126 517 1297 545 remunerari
1310 518 1483 553 magistrum,
1496 523 1686 551 servatorem,‘

885 561 1040 593 medicum,
1060 561 1152 589 abhis
1178 567 1273 590 contra
1293 562 1316 591 is
1335 563 1369 591 ad
1389 571 1498 599 pinnam
1516 565 1676 600 expetitur:

885 607 959 635 hunc
988 607 1102 642 pedibus
1131 613 1296 643 proterrent,
1323 610 1452 645 pulsant,
1480 610 1601 644 feriunt,
1629 619 1678 638 ex-

884 653 1029 686 cruciant,
1054 654 1206 681 excoriant.
1227 653 1298 687 Quid
1324 662 1378 681 non
1402 655 1520 683 dicunt?
1539 656 1603 691 quid
1621 663 1676 684 nou

884 699 1067 734 excogitant?
1086 699 1152 735 quid
1176 707 1231 727 non
1260 701 1422 729 intentant?
1449 702 1515 737 quid
1539 710 1594 730 non
1617 710 1678 730 mo-

884 745 988 772 liuntur
1013 750 1043 772 ut
1072 745 1199 774 acerbius
1226 746 1424 782 molestiusque
1447 748 1585 775 noceant?
1609 748 1675 776 llem

884 791 1034 819 saevitiam!
1056 791 1117 819 hem
1129 791 1243 820 ferinam
1260 793 1377 820 rabiem!
1395 793 1510 826 Qualem
1520 794 1673 822 mercedem

884 837 1038 871 rependttnt
1066 837 1174 865 medico
1203 845 1253 866 suo
1279 837 1326 873 qui
1357 838 1458 871 visum,
1478 839 1524 873 qui
1551 840 1676 867 auditum

885 887 1066 917 receperant,
1088 883 1134 917 qui
1150 883 1294 910 instaurati
1311 884 1520 918 confirmatique
1543 884 1652 912 fuerant
1668 885 1674 911 !

883 935 935 962 pro
952 928 1057 955 honore
1082 928 1262 963 ignominiam
1277 949 1284 961 ,
1299 936 1350 963 pro
1372 929 1564 957 benedictione
1589 930 1676 962 male-

883 974 1002 1006 dictum,
1032 980 1082 1008 pro
1109 973 1188 1001 donis
1222 981 1336 1009 poenas,
1369 982 1419 1009 pro
1443 975 1591 1009 tranquilla
1621 975 1676 1002 vita

884 1018 1092 1046 acerbissimam
1118 1026 1224 1046 necem.
1250 1019 1333 1046 Aiunt
1354 1019 1444 1054 ipsum
1474 1020 1576 1048 multos
1603 1020 1675 1048 into-

884 1063 1065 1099 lerandosque
1086 1064 1226 1092 cruciatus
1248 1072 1429 1099 perpessum,
1454 1065 1489 1092 ab
1516 1065 1607 1101 impiis
1628 1073 1676 1094 ex-

884 1110 1018 1137 coriatum
1045 1110 1072 1136 in
1087 1109 1199 1137 modum
1225 1109 1314 1143 follis,
1340 1115 1366 1138 et
1388 1118 1403 1137 a
1433 1110 1558 1139 fidelibus
1581 1115 1675 1146 postea

883 1157 1040 1191 sepultum,
1070 1160 1100 1183 ut
1113 1155 1176 1183 hinc
1205 1156 1286 1183 etiam
1314 1160 1446 1191 patronus
1472 1161 1534 1191 post
1556 1156 1674 1188 obitum,

884 1209 998 1236 magnus
1017 1201 1060 1229 hic
1073 1201 1120 1228 Dei
1134 1201 1297 1235 praedicator
1311 1205 1465 1237 appareret.
1486 1201 1582 1237 Neque
1599 1203 1672 1230 enim

885 1251 1027 1281 postquam
1043 1246 1107 1273 hinc
1123 1246 1265 1278 abscessit,
1281 1246 1441 1273 carnificum
1451 1253 1565 1273 suorum
1581 1254 1673 1274 curam

883 1291 988 1324 omisit,
1005 1291 1052 1319 sed
1074 1291 1159 1318 veluti
1191 1296 1287 1326 pastor
1315 1292 1414 1324 bonus,
1437 1292 1570 1327 prodigiis
1600 1293 1674 1319 omni

884 1340 1006 1370 tempore
1018 1335 1151 1363 invitabat
1163 1336 1294 1370 perditos,
1308 1336 1342 1364 ad
1355 1344 1384 1364 se
1396 1337 1536 1365 miraculis
1551 1337 1675 1364 trahebat

883 1389 1006 1410 aversos.
1019 1382 1102 1416 Atqui
1118 1381 1234 1409 ferinam
1249 1387 1366 1410 mentem
1379 1388 1406 1411 et
1420 1383 1525 1411 immite
1536 1391 1593 1417 cor.
1605 1383 1673 1410 nihil

884 1428 985 1462 placat,
1001 1427 1070 1454 nihil
1095 1427 1264 1462 reconciliat,
1278 1428 1360 1457 simul
1388 1436 1421 1457 ac
1450 1429 1477 1456 itt
1506 1429 1673 1464 profundunt

884 1474 995 1502 malitia:
1008 1473 1150 1502 deciderit.

916 1562 944 1590 6.
961 1562 1032 1596 Quia
1048 1570 1121 1590 enim
1138 1563 1256 1597 postea?
1277 1563 1418 1592 Adversns
1441 1570 1550 1591 sacrum
1573 1571 1674 1599 corpus

882 1609 1034 1642 insaniunt,
1053 1612 1080 1636 et
1093 1613 1190 1636 contra
1203 1616 1306 1640 arcam.
1323 1609 1473 1636 sanitatum
1491 1608 1598 1637 fontem
1610 1628 1617 1642 ,
1632 1609 1675 1636 fu-

881 1660 968 1683 runt:
985 1655 1125 1690 expellunt
1135 1655 1271 1682 medicum
1287 1655 1393 1690 aegroti,
1408 1655 1472 1682 caeci
1490 1655 1600 1686 ducem,
1620 1663 1674 1683 cat-

881 1701 1015 1728 cutientes
1035 1699 1251 1727 iliuminatorem
1266 1720 1274 1732 ,
1299 1700 1511 1735 gubernatorem
1537 1699 1673 1735 naufragi,

881 1747 1012 1782 perempti
1029 1746 1235 1774 viviﬁcatorem.
1257 1745 1291 1773 Et
1302 1746 1440 1780 quomodo
1460 1746 1531 1773 hoc"
1548 1746 1575 1773 In
1598 1753 1674 1773 mare

883 1793 1041 1828 projiciunt,
1059 1799 1094 1820 ne
1108 1793 1170 1827 quis
1184 1793 1219 1820 ab
1231 1799 1264 1820 eo
1279 1792 1408 1826 deinceps
1424 1791 1584 1819 beneﬁcium
1603 1791 1674 1819 acci-

882 1839 949 1874 piat.
970 1838 1036 1866 Tale
1049 1839 1121 1866 enim
1137 1843 1179 1866 est
1195 1838 1352 1865 invidorum
1376 1838 1485 1869 vitium,
1511 1842 1540 1865 ut
1563 1838 1606 1865 vel
1623 1846 1674 1865 suo

882 1885 1039 1912 voluntario
1055 1885 1150 1917 exitio,
1167 1884 1284 1912 alienam
1301 1883 1417 1911 salutem
1433 1883 1565 1918 impedire
1579 1884 1672 1911 velint.

883 1931 936 1958 Sed
963 1931 1009 1966 qui
1039 1938 1087 1966 per
1104 1930 1231 1957 Davittem
1262 1930 1328 1957 olim
1346 1929 1673 1957 clamaverat":lnmari

881 1978 930 2005 vita
943 1982 1006 2010 tum,
1019 1982 1044 2004 et
1060 1977 1162 2004 semita:
1177 1981 1229 2003 tua:
1249 1977 1278 2003 in
1301 1977 1378 2011 «quis
1403 1976 1508 2008 multis,
1523 1980 1547 2002 et
1562 1975 1673 2010 uestigia

883 2028 930 2050 tua
942 2031 993 2050 tum
1006 2027 1213 2058 cognoscentur;
1232 2030 1306 2050 nunc
1330 2029 1440 2057 quoque
1459 2022 1597 2049 marinum
1622 2025 1672 2048 ltu-

883 2077 986 2096 morem
1001 2076 1072 2096 arca:
1088 2069 1249 2104 gradibilem
1270 2067 1345 2095 fecit.
1370 2067 1404 2094 Et
1425 2074 1540 2103 magnus
1561 2066 1671 2102 quidem

882 2114 979 2142 Petrus
989 2114 1017 2151 in
1031 2114 1100 2141 mari
1114 2114 1265 2146 ambulare,
1273 2118 1389 2141 vocante
1396 2120 1459 2140 eum
1471 2113 1504 2140 ad
1513 2120 1542 2140 se
1553 2112 1672 2145 Christo,

882 2163 1046 2194 conspectus
1060 2162 1104 2186 est
1116 2159 1137 2175 "
1153 2167 1160 2185 :
1179 2158 1306 2192 idemque
1319 2157 1422 2185 fecisse
1433 2161 1547 2192 apparet
1559 2157 1674 2184 Bartho-

36 2205 109 2230 καὶὸ
132 2204 265 2240 Πέτροςὸ
285 2204 374 2238 μέγας
402 2205 565 2239 περιπατῶν
590 2207 619 2232 ὲν
648 2206 681 2240 τῇ
706 2205 829 2241 θαλάσσῃ

883 2204 1009 2235 lomaeum
1026 2203 1054 2230 in
1070 2211 1135 2231 arca
1154 2203 1284 2238 reliquias
1297 2210 1363 2231 suas
1381 2207 1514 2238 gestante,
1530 2203 1619 2238 quasi,
1633 2203 1673 2230 itt-

37 2251 188 2282 καλοῦντος
203 2250 272 2285 πρὸς
292 2251 375 2277 αὐτὸν
387 2251 506 2286 Χριστοῦ
521 2251 608 2287 ἐφάνη
622 2261 628 2267 ·
642 2251 722 2278 τοῦτο
732 2253 747 2279 ό
760 2252 832 2283 θεῖος

37 2296 243 2332 Βαρθολομαῖος
257 2293 309 2324 ὧδε
324 2299 357 2333 τῇ
372 2297 561 2333 λειψανοφὸρῳ
575 2299 692 2334 λάρνακι
708 2299 832 2331 πεζεύων

37 2342 109 2370 κατά
130 2343 265 2378 κυμάτων
290 2343 435 2371 δέδεικται.
457 2345 489 2370 Ὢ
504 2343 552 2371 τοῦ
569 2344 727 2380 θαύματοςῑ
745 2344 767 2372 ὣ
780 2345 831 2381 τῆς

39 2388 245 2423 μεγαλουργίας
261 2388 268 2414 ε
290 2387 446 2423 ἐξορμήσας
455 2389 509 2424 γάρ
524 2389 556 2415 ὲκ
575 2389 630 2415 τῶν
646 2388 744 2424 χώρων
767 2390 832 2424 Ἀρ-

39 2434 136 2469 μενίας
158 2434 176 2469 ἡ
196 2433 299 2468 λάρναξ
320 2434 368 2461 σὺν
382 2434 530 2469 τέσσαρσιν
551 2436 729 2470 μαρτυρικοῖς
742 2434 833 2468 ἄλλοις

38 2480 80 2514 ἐφ’
101 2480 213 2515 ὁμοίαις
238 2481 299 2511 ταῖς
323 2480 535 2515 σημειουργίαις
563 2480 758 2515 ἐκριφείσαις,
784 2481 833 2508 καὶ

38 2525 82 2553 διὰ
105 2526 159 2562 τῆς
187 2525 275 2560 αὐτῆς
295 2525 436 2561 θαλάσσης
463 2526 629 2561 ἀμφοτέρων
659 2533 831 2562 ποντοπορη-

39 2572 156 2604 σάντων,
172 2571 389 2606 προηγουμένων
415 2571 470 2598 τῶν
495 2571 655 2606 τεττάρων,
670 2572 718 2599 καὶ
747 2571 831 2598 οἱονεὶ

38 2618 224 2652 ὰᾷικευόντων
244 2615 285 2652 τῷ
308 2616 476 2653 Ἀποστόλῳ,
495 2617 628 2650 ὲκκλινεῖς
652 2617 686 2644 τὰ
699 2617 829 2645 ἐπέκεινα

75 2702 98 2719 ⁸⁸
111 2703 186 2731 Psal.
203 2710 297 2737 unt,
311 2704 358 2731 20.
411 2708 433 2724 ¹ι
450 2707 545 2737 Matth.
561 2716 617 2741 xtv,
630 2708 675 2736 28.

78 2777 134 2811 (ιο)
156 2777 208 2804 Hic
228 2776 363 2804 nonnulla
380 2782 532 2812 sequuntur
555 2778 583 2804 in
601 2778 827 2812 interpretatione

40 2812 189 2843 Anastasii,
205 2819 267 2846 quae
278 2812 390 2840 Graecus
401 2812 487 2839 codex
503 2811 650 2840 Vaticanus
665 2811 718 2840 non
732 2814 823 2841 habet.

78 2847 134 2883 (ﬂ)
154 2847 269 2876 Videtur
282 2847 360 2876 locus
372 2855 483 2876 sensum
497 2855 578 2883 quem
593 2855 644 2876 nos
659 2848 823 2884 scripsimus

880 2258 976 2287 quam,
992 2249 1112 2285 pedestri
1132 2249 1230 2277 itinere
1244 2248 1343 2276 fluctus
1358 2249 1490 2277 calcasse.
1510 2249 1533 2276 0
1552 2248 1673 2276 miracu-

881 2297 953 2325 luml
984 2304 1000 2324 ο
1017 2295 1120 2331 grande
1138 2296 1313 2330 portentum!
1341 2294 1450 2322 Etenim
1476 2302 1511 2322 ex
1536 2294 1673 2322 Armenia:

880 2343 962 2371 terris
986 2342 1130 2370 discedens
1149 2349 1214 2370 arca
1227 2349 1289 2369 cum
1308 2341 1369 2370 aliis
1391 2346 1539 2377 martyrum
1555 2345 1673 2376 quatuor

880 2389 915 2417 ob
933 2389 1010 2424 paria
1019 2388 1153 2416 miracula
1168 2388 1273 2424 ejectis,
1283 2393 1310 2416 et
1320 2388 1390 2416 idem
1403 2395 1479 2415 mare
1489 2387 1670 2418 sulcantibus,

885 2435 1100 2471 praecedentibus
1109 2434 1152 2462 his
1164 2439 1282 2470 quatuor
1297 2439 1325 2462 et
1334 2435 1413 2470 quasi
1427 2433 1590 2468 obsequium
1606 2440 1672 2468 apo-

884 2481 955 2508 stolo
970 2479 1165 2515 praebentibus,
1186 2483 1298 2506 ventutn
1318 2484 1370 2513 est,
1391 2479 1525 2506 declinata
1547 2479 1672 2513 superius

885 2521 1040 2559 Sicilia,’ad
1064 2524 1183 2553 insulam
1198 2525 1310 2552 nomine
1328 2524 1468 2561 Liparim,
1496 2529 1524 2551 et
1535 2523 1672 2560 Agathoni

882 2571 1060 2600 sanctissimo
1072 2571 1128 2598 illic
1146 2571 1275 2606 episcopo
1289 2578 1338 2606 per
1352 2570 1442 2598 visum
1463 2574 1581 2597 ostensa:
1596 2573 1671 2597 sunt.

881 2617 949 2651 Quis
964 2625 1083 2653 unquam
1103 2617 1191 2644 audiit
1214 2621 1320 2644 tantum
1341 2615 1525 2644 miraculum?
1540 2615 1590 2642 Cui
1619 2614 1671 2641 tale

878 2779 1030 2844 (postulare.
1053 2780 1148 2809 Graeca
1173 2784 1263 2809 tamen
1280 2779 1362 2808 verba
1384 2786 1440 2808 non
1465 2778 1671 2814 satisrespon-

897 2820 953 2843 οιιι.

897 2820 953 2843 ειιι.
