1924 3077
211 131 265 162 Ἶ99

808 128 838 157 S.
858 125 1057 155 THEODORI
1077 124 1250 155 STUDlTrE

1794 115 1855 144 SOU

213 191 374 221 tantumque
387 185 541 220 prodigium
559 184 700 211 innotuit?
717 183 877 210 Miraculum
907 190 1004 209 cumu-
1020 188 1029 214 ιι

1087 182 1180 213 κελίας
1195 180 1263 214 πρὸς
1277 179 1327 213 τὴν
1340 177 1390 211 τῆς
1403 174 1549 210 Λιπάρεως
1563 171 1735 221 καλουμέέιην
1752 175 1854 203 νητο-ι.

214 231 288 259 latur
310 231 454 258 miraculo.
482 229 663 264 Quippe'orat
678 229 809 264 (λιπαρεί
826 232 1007 263 congruenter

214 286 266 306 suo
283 272 399 311 n‘omini)
417 276 506 303 insula
520 275 611 303 tacitis
630 275 747 302 fortasse
770 280 799 302 ut
824 273 953 302 credibile
967 277 1009 300 est

215 323 331 350 vocibus
347 322 470 349 clamans
483 321 523 348 sic
540 329 547 348 :
569 320 634 348 Veni
653 321 687 347 ad
705 329 748 348 me
763 319 972 355 pauperculam,
992 326 1008 346 0

216 369 292 396 dives
311 367 480 395 sanctissimi
501 367 622 401 Spiritus
641 367 770 394 thesaure
786 374 793 393 :
809 366 872 393 veni
899 365 933 392 ad
964 371 1008 391 me

218 414 396 448 indigentem,
408 420 424 440 ο
437 412 555 447 pretiosa
568 412 716 447 margarita
733 422 738 439 :
757 411 817 439 veni
834 411 868 439 ad
886 419 930 438 me
946 419 1009 445 sup-

218 460 315 495 plicem
329 480 337 492 ,
359 463 387 486 tu
412 459 458 493 qui
478 459 513 486 ab
532 459 592 486 aliis
611 459 782 494 iniquissime
801 458 933 492 expulsus
955 465 985 484 es
1003 466 1010 483 ε

222 513 331 532 mecum
363 504 453 531 habita
470 524 477 534 .
506 509 533 531 et
556 504 757 531 habitatoribus
786 503 893 530 aﬂluam
911 512 918 530 :
938 509 1014 530 meas

223 551 307 578 urbes
325 554 411 583 tuere,
428 554 455 577 et
470 549 560 584 populi
574 550 748 577 multitudine
759 549 904 576 abundabo
916 557 922 575 :
936 553 1014 575 tttum

225 597 292 623 mibi
310 603 409 622 nomen
424 596 545 623 inscribe
558 615 565 627 ,
587 599 613 623 et
628 596 728 630 ubique
747 600 882 623 terrarum
899 594 1015 622 celebris

225 641 299 667 (iatn.
317 640 371 666 Alii
388 645 413 666 te
428 639 565 667 luminare
582 640 757 674 expulerunt,
775 644 818 667 ast
832 646 882 674 ego
900 638 1016 665 tenebri-

225 694 288 714 cosa
306 690 381 713 tuum
399 686 490 712 lumen
503 690 602 720 exopto
619 695 625 713 ε
642 686 689 713 alii
707 691 755 714 tua
771 686 895 713 vivorum
911 692 1016 713 sermo-

226 739 290 758 num
307 739 400 758 mensa
416 730 492 758 fruiti
514 736 589 764 sunt,
607 736 650 758 ast
665 739 716 767 ego
731 730 856 766 reliquiis
879 731 950 763 tuis,
967 737 1017 758 ceu

226 777 339 805 catellus
351 777 443 806 micisr
459 777 546 804 inhio.

1058 229 1091 255 δι’
1113 226 1312 260 ἀποκαλύψεως
1323 223 1371 250 τοῦ
1391 220 1520 257 τηνικάδε
1543 216 1758 246 ὲπισκοποῦντος
1770 216 1859 241 ὁσιω-

1059 274 1140 300 τάτου
1163 258 1316 306 ’Λγάθιυνος
1329 267 1478 304 ὁρώμεναι.
1492 264 1541 296 Τίς
1553 260 1704 298 ήκουτισθη
1721 258 1840 306 τηλικοῦ
1849 273 1860 278 -

1059 327 1105 346 τον
1122 317 1359 353 τερατούργημα;
1384 312 1426 344 τίς
1447 309 1574 344 ἐδιδάχθη
1598 305 1860 353 τηλικαύτήνιθαμ-

1061 349 1246 398 ματουργίανξ
1261 349 1355 394 ίλαῧμα
1380 358 1409 383 ὲν
1427 355 1567 390 θαύματι·
1588 352 1701 387 λιπαρεῖ
1723 351 1780 398 (ei)

1062 396 1147 443 οἷονή
1171 406 1332 442 φερώνυμυς
1353 405 1445 438 νῆσος,
1460 400 1573 427 τοιαῦτα
1588 398 1670 433 τυχὸν
1687 397 1755 431 πρὸς
1772 396 1861 443 αὺτδν

1064 441 1212 489 ἀλαλήτοις
1235 452 1337 486 φωναῖς
1365 447 1504 475 ἐπιϐοῶσα
1521 454 1528 462 ο
1546 445 1633 478 Δεῦρο
1653 443 1722 489 πρός
1749 450 1784 477 με
1807 441 1862 489 τὴν

1065 485 1285 532 πτωχεύουσανὸ
1301 492 1455 529 τρισόλϐιος
1483 489 1621 526 θησαυρὸς
1648 486 1695 514 τοῦ
1719 485 1863 532 παναγίου

1066 531 1220 576 πνεύματος
1231 549 1238 556 ·
1250 539 1327 574 δεῦρο
1337 537 1404 572 πρός
1413 545 1446 572 με
1456 535 1506 570 τὴν
1520 534 1672 569 ἀγέραστον
1683 533 1697 558 ὁ
1706 531 1864 564 πολυτίμη-

1066 595 1112 618 τος
1139 585 1313 621 μαργαρίτης
1328 591 1334 598 ·
1350 583 1429 618 δεῦρο
1450 581 1520 616 πρός
1537 588 1571 615 με
1588 580 1638 614 τὴν
1661 577 1862 611 δυσωπήτριαν

1067 636 1081 661 ὁ
1108 634 1172 669 παρ’
1186 633 1273 660 ἄλλων
1298 628 1529 664 ἀποπεμπόμενος
1556 625 1711 660 ἀνομότατα
1729 632 1736 639 ·
1760 622 1864 650 ἐνοικί-

1069 680 1148 715 σθητί
1180 687 1236 714 μοι,
1251 678 1298 705 κα).
1323 674 1567 709 πολοικισθήσομαι
1581 680 1588 687 ·
1604 669 1786 704 πολιούχησόν
1815 675 1862 715 με,

1069 714 1118 752 καί
1143 721 1494 758 πολυανθρωπισθήσομαι·
1518 715 1713 752 ὀνοματίσθητί
1740 722 1798 749 μοι,
1815 714 1864 739 καί

1072 769 1209 805 πανταχοῦ
1231 767 1438 803 ἑξηχηθήσομαι
1451 772 1458 778 ·
1473 764 1498 790 οἱ
1521 763 1595 789 ἄλλοι
1610 769 1640 787 σε
1655 761 1701 786 τὸν
1727 759 1865 793 φωστῆρα

227 822 382 853 ἀπώσαντο,
399 805 455 849 ἀλλ’
476 822 531 856 ἐγώ
562 831 609 850 σου
641 821 687 849 τοῦ
706 822 791 856 φάους
823 821 934 857 ἐφίεμαι
955 821 971 856 ἡ
995 817 1197 852 στυγνάζουσα·
1221 815 1246 842 οἱ
1270 814 1344 841 ἄλλοι
1370 820 1417 839 σοι)
1434 811 1485 846 τῆς
1508 808 1648 846 τραπέζης
1669 806 1724 834 τῶν
1751 805 1866 835 ζώντων

227 870 314 904 λόγων
330 869 560 902 ἀπολελαύκασιν,
573 869 630 896 ἀλλ’
641 869 697 904 ἐγώ
712 878 757 896 σου
770 869 825 896 τῶν
836 870 971 904 λειψάνων
982 868 1020 899 ὡς
1039 866 1167 901 κυνάριον
1181 861 1343 899 ψιχίσασοαι
1357 860 1496 894 γλίχομαι.

269 915 295 942 7.
312 914 376 942 Post
391 915 443 942 ista
455 935 462 946 ,
477 920 590 943 exteros
609 922 743 950 martyres
759 915 837 949 quasi
853 922 918 942 suos
936 914 1020 949 stipa-

1105 898 1139 944 ξ’.
1156 910 1226 945 Πρὸς
1250 907 1337 935 ταῦτα
1363 905 1458 939 ὥσπερ
1483 902 1562 933 τινὰς
1586 900 1763 935 δορυφόρους,
1779 898 1861 950 ἀλλον

233 966 307 989 tores
323 965 396 989 retro
411 961 545 995 ablegavit
561 961 700 995 apostolus
713 981 721 992 ,
744 968 830 987 unum
848 960 958 995 quidem
975 967 1023 986 no-

232 1006 305 1032 mine
321 1005 455 1040 Papinum
471 1005 558 1041 Mylas
578 1005 672 1032 urbem
697 1004 798 1032 Siciliae
820 1005 896 1033 misit
913 1013 919 1031 :
938 1005 1022 1032 alium

232 1051 276 1078 cui
293 1059 392 1078 nomen
407 1050 530 1079 Luciano
541 1070 549 1082 ,
573 1050 726 1078 Messanam
743 1060 749 1077 :
767 1051 837 1078 duos
854 1051 975 1085 reliquos
991 1050 1023 1078 ad

234 1095 367 1123 Calabriae
378 1096 480 1129 littora,
491 1095 652 1131 Gregorium
665 1096 724 1123 urbi
734 1096 883 1126 Colnmnre.
894 1096 1024 1123 Acacium

236 1142 294 1169 urbi
310 1141 385 1169 Galae
399 1141 543 1176 appellata:
563 1141 713 1170 destinavit
729 1151 735 1169 :
752 1146 782 1169 ut
803 1142 903 1177 singuli
923 1142 949 1169 in
967 1142 1026 1169 sin-

236 1187 306 1222 gulis
335 1187 444 1222 oppidis
475 1187 626 1215 incolarum
656 1187 745 1215 forent
766 1192 955 1223 protectores,
981 1188 1026 1214 ubi

238 1241 334 1268 reapse
347 1234 380 1260 ad
398 1233 473 1260 hunc
489 1241 576 1267 usque
586 1233 658 1260 diem
673 1233 813 1261 beneﬁciis
834 1233 1027 1261 inclarescunt.

239 1278 297 1312 Ipse
310 1283 400 1305 autem
420 1278 648 1311 Bartbolomaeus,
675 1283 805 1314 tanquam
834 1286 882 1305 rex
911 1279 1029 1313 propriis

241 1326 346 1353 laribus
362 1326 388 1353 in
405 1334 473 1361 pace
490 1326 603 1361 potitus,
620 1326 653 1353 ad
672 1331 813 1353 vocantem
829 1333 857 1353 se
873 1325 967 1352 urbem
983 1332 1030 1352 ac.-

241 1371 333 1404 cessit,
354 1371 399 1398 ubi
415 1371 556 1406 splendide
574 1377 700 1405 receptus
723 1371 784 1403 fuit,
802 1371 895 1398 multis
911 1378 972 1397 cum
990 1369 1031 1397 fa-

243 1417 330 1449 cibus,
349 1417 491 1449 odoribus,
510 1417 620 1452 hymnis
639 1425 653 1444 a
667 1417 774 1444 cunctis
790 1417 896 1444 civibus
911 1416 963 1451 ipsi
985 1417 1032 1443 la:-

247 1468 338 1490 tanter
359 1464 579 1490 occurrentibus.
595 1463 726 1498 Deinceps
744 1471 808 1490 vero
824 1463 895 1490 haud
919 1462 1033 1489 ulterius

245 1516 308 1536 arca
328 1510 508 1544 procedebat;
525 1517 586 1536 nam
607 1509 778 1536 trahentibus
801 1508 873 1539 illis,
897 1508 955 1543 ipsa
975 1512 1035 1535 erat

248 1555 408 1583 immobilis.
425 1555 548 1583 Tristitia
563 1555 663 1591 gaudio
678 1554 812 1582 successit
830 1564 836 1581 :
856 1555 882 1581 in
898 1554 1035 1582 anxietate

246 1605 305 1627 erat
317 1601 444 1635 populus.
457 1600 509 1628 Sed
527 1608 582 1628 rem
592 1601 737 1635 expetitam
754 1600 925 1634 impetravit:
937 1599 1036 1627 etenim

249 1645 333 1680 Prope
350 1651 388 1673 est
402 1647 530 1674 Dominus
542 1647 724 1674 invocantibus
731 1654 790 1673 eum
803 1647 836 1673 ".
847 1646 956 1673 Duabus
972 1652 1036 1680 ergo

249 1699 341 1718 arcam
361 1692 533 1719 trahentibus
546 1692 630 1719 castis
646 1691 764 1724 bueulis,
781 1690 837 1718 illic
851 1689 969 1724 reposita
985 1693 1038 1722 est,

252 1737 297 1764 ubi
321 1745 428 1765 sacrum
445 1738 499 1765 divi
528 1738 656 1772 templum
678 1738 769 1764 statim
786 1736 839 1763 fuit
850 1736 1013 1764 aediﬁcatum
1031 1745 1037 1762 :

252 1791 307 1818 quo
323 1784 366 1810 vix
382 1783 520 1814 absoluto,
537 1783 635 1818 ingens
655 1783 815 1810 miraculum
830 1782 953 1817 contigit.
971 1781 1040 1809 Nam

253 1836 314 1855 cum
327 1827 477 1861 Vulcanus,
497 1834 524 1855 ut
537 1829 685 1864 appellant,
699 1829 872 1863 peneinsulae
884 1828 1041 1862 contiguus,

254 1874 351 1902 incolis
367 1875 467 1901 damno
483 1878 564 1906 essrt,
586 1875 715 1902 invisibili
730 1882 850 1907 recessu,
875 1875 954 1909 quasi
981 1882 1044 1909 per-

257 1925 378 1952 tractus,
395 1920 491 1947 stadiis
519 1924 623 1954 septem
652 1920 679 1947 in
709 1920 821 1956 pelagus
840 1928 870 1948 se
897 1921 1043 1953 subduxit;

256 1966 328 1999 quod
344 1965 505 1993 tniraculnm
525 1970 612 1993 tractu
637 1966 683 1993 illo
703 1967 781 2001 quasi
805 1967 958 1995 recedentis
971 1966 1045 1994 ﬂuvii

258 2018 344 2046 usque
356 2011 388 2038 ad
407 2011 476 2039 hanc
495 2012 567 2039 diem
587 2012 762 2046 praedicatur.

293 2103 320 2130 8.
345 2102 432 2130 Porro
458 2108 525 2138 quot
546 2109 573 2131 et
598 2107 698 2137 quanta
728 2103 856 2138 deinceps
883 2103 1048 2130 mirabiliter

260 2153 390 2184 operatus
412 2149 464 2182 sit,
489 2154 536 2177 aut
551 2149 620 2177 mira
644 2149 747 2176 faciens
772 2148 904 2176 hactenus
920 2153 1048 2183 operetur

262 2194 335 2222 circa
350 2202 397 2222 eos
412 2195 458 2230 qui
472 2195 588 2223 diversis
600 2195 778 2229 languoribus
796 2199 823 2221 et
840 2193 1047 2221 inﬁrmitatibus

263 2240 387 2268 obstricti
401 2241 433 2268 ad
447 2241 535 2276 ipsqu
551 2240 604 2268 [ide
618 2240 789 2274 confugiunt,
801 2247 851 2267 nec
863 2239 1048 2267 necessarium

263 2292 304 2314 cst
316 2287 407 2315 dicere
424 2287 457 2314 ob
476 2287 657 2322 prolixitatem
679 2285 753 2322 [γαί.
774 2285 834 2313 Lat.
853 2283 1049 2320 prolixiouem]

266 2337 409 2366 tractatus,
425 2340 477 2359 nec
491 2332 650 2360 incredibile
666 2331 807 2365 audienti,
820 2338 883 2358 cum
899 2330 999 2366 pignus
1019 2338 1052 2358 ex

266 2386 320 2406 uno
338 2379 437 2406 habeat
450 2379 566 2407 aliorum
592 2378 777 2406 exltibi-tiones
806 2377 876 2405 mire
900 2382 1052 2412 gestorum.

319 2434 341 2449 “
356 2433 428 2461 Psal.
453 2439 544 2462 cxuv,
560 2428 606 2455 i8.

1073 944 1192 991 ἀλλαχοῧ
1205 954 1260 981 τῶν
1278 951 1427 988 μαρτύρων
1441 950 1481 980 είς
1496 947 1619 975 τούπίσω
1634 944 1865 991 παραπεμψάμε-

1074 1010 1118 1032 νος
1130 1001 1144 1026 ό
1163 997 1322 1029 Ἀπόστολῡς
1334 1017 1341 1030 ,
1353 997 1399 1022 τὸν
1419 996 1467 1030 μὲν
1483 992 1604 1020 Παπίνον
1619 991 1675 1026 (45)
1687 990 1808 1024 τοῠνομα
1825 990 1867 1020 εἰς

1074 1045 1163 1073 Μειλὰ
1175 1050 1185 1063 ι’
1198 1044 1247 1079 τὴν
1260 1043 1338 1070 πόλιν
1356 1040 1496 1071 Σικελίας·
1511 1039 1557 1065 τὸν
1572 1037 1600 1064 δὲ
1618 1039 1646 1063 ὲν
1653 1036 1787 1071 Μεσσήνῃ
1797 1035 1867 1061 Λου-

1076 1092 1169 1119 mu»;
1194 1091 1227 1124 τῇ
1248 1090 1343 1124 κλήσει
1357 1096 1363 1103 ·
1382 1088 1512 1121 ἑκάτερον
1534 1084 1568 1111 αὖ
1583 1091 1612 1110 τε
1629 1083 1656 1109 ὲν
1670 1084 1704 1117 τῇ
1723 1080 1866 1115 Καλαῦρί-

1076 1138 1129 1164 nat
1153 1137 1234 1171 γαίᾳ·
1250 1134 1401 1170 Γρηγόριον
1423 1133 1471 1168 μὲν
1496 1132 1525 1158 ἐν
1542 1130 1672 1164 Κολύμνῃ
1686 1134 1697 1147 ι
1719 1129 1753 1162 τῇ
1770 1127 1847 1153 πόλει
1861 1134 1868 1140 ·

1085 1183 1212 1210 Ἀκάκιον
1229 1182 1258 1208 δὲ
1269 1182 1309 1212 εἰς
1330 1180 1422 1212 Κάλας
1442 1181 1449 1197 ι
1467 1177 1640 1212 καλουμένην
1654 1184 1660 1190 ·
1680 1176 1717 1206 ὡς
1743 1174 1776 1201 ἂν
1802 1173 1872 1199 ἕκα-

1080 1238 1142 1261 στος
1169 1229 1198 1255 ὲν
1218 1224 1350 1263 ἑκάστῃῇ
1373 1224 1565 1259 προασπιστὴς
1580 1222 1633 1248 τῶν
1649 1221 1813 1255 οἰκητόρων,
1831 1219 1872 1244 οἶ-

1081 1284 1134 1311 περ
1149 1275 1195 1301 καὶ
1210 1273 1292 1309 μέχρι
1315 1273 1434 1308 τήμερον
1456 1269 1656 1304 διαλάμπουσιν
1678 1268 1738 1297 ταῖς
1754 1267 1871 1291 ἐπικου-

1084 1321 1170 1356 ρίαις·
1188 1319 1279 1351 αὐτὸς,
1294 1317 1331 1349 ὡς
1343 1317 1375 1344 ἄν
1392 1325 1433 1347 τις
1450 1314 1575 1350 βασιλεὺς
1590 1313 1692 1343 οἰκείας
1709 1311 1874 1344 ἀναπαὺλης

1084 1364 1317 1401 μεταληψόμενος.
1335 1361 1538 1397 προσώρμησεν
1553 1360 1586 1393 τῇ
1604 1357 1729 1392 καλούτῃ
1740 1377 1748 1389 ,
1779 1356 1879 1383 ὑπεδέ-

1083 1412 1134 1447 χθη
1146 1409 1304 1446 περιφανῶς
1315 1408 1421 1439 πολλοῖς
1438 1406 1624 1441 λαμπτῆρσιν,
1639 1403 1764 1433 εὐωδίαις
1776 1410 1806 1429 τε
1828 1402 1882 1428 καὶ

1084 1456 1271 1492 ὑμνολογίαις,
1283 1455 1414 1482 ἀπάντων
1435 1452 1491 1479 τῶν
1507 1453 1599 1479 ἐκεῖσε
1615 1451 1830 1485 ὑπαντησάντων
1849 1450 1881 1475 ἐν

1085 1502 1256 1537 ἀγαλλιάσει.
1274 1500 1310 1527 Τὸ
1333 1500 1362 1527 δὲ
1377 1499 1442 1534 ὲΞῆς
1455 1499 1486 1525 οὐ
1504 1498 1604 1533 προῄει
1620 1499 1636 1532 ἡ
1651 1496 1757 1532 λάρναξ
1768 1504 1774 1510 ·
1787 1495 1811 1520 οἱ
1828 1495 1888 1530 μὲν

1085 1547 1140 1582 γὰρ
1155 1543 1257 1578 εἷλκον,
1270 1545 1287 1580 ἡ
1303 1544 1332 1571 δὲ
1354 1541 1388 1580 ἦν
1403 1543 1548 1578 ἀκίνητοςι
1568 1540 1706 1572 διεδέξατο
1717 1538 1748 1565 τὸ
1762 1546 1886 1572 περιχα-

1050 1586 1072 1616 C
1090 1592 1135 1628 ρὲς
1147 1591 1164 1625 ὴ
1178 1590 1252 1626 λύπη
1265 1598 1272 1605 ·
1286 1590 1314 1616 ὲν
1331 1589 1433 1624 ἀπορίᾳ.
1447 1589 1461 1614 ὁ
1477 1587 1550 1617 λιιιός⁸
1569 1586 1701 1620 ἐπέτυχεν
1716 1583 1748 1610 τὺ
1767 1582 1867 1616 ἔξευρε
1884 1599 1887 1602 -

1089 1635 1258 1670 θέν·Ἐγ-γὺς
1266 1634 1319 1670 γὰρ
1329 1634 1435 1667 Κύριος
1445 1631 1507 1664 τοῖς
1513 1629 1763 1664 ἐπικαλουμένοις
1773 1628 1884 1654 αὐτόν·

1088 1683 1135 1711 δύο
1152 1683 1241 1710 τοίνυν
1265 1680 1412 1716 δαμάλεσιν
1427 1680 1521 1714 ἁγναῖς
1539 1676 1726 1711 ἀναληφθεῖσα
1741 1673 1865 1707 ἀπετέθη
1881 1693 1889 1703 ,

1090 1729 1155 1757 ἔνθα
1167 1730 1181 1756 ὁ
1197 1728 1269 1764 ἱερὸς
1284 1727 1367 1753 αὑτοῦ
1380 1724 1452 1757 οἶκος
1469 1724 1569 1751 αὐτίκα
1581 1721 1726 1758 ὲνιδρύνθη
1738 1728 1746 1735 ·
1764 1720 1811 1746 καί
1824 1719 1890 1754 ἅμα

1091 1776 1130 1811 τῷ
1143 1773 1310 1810 ἀπαρτισμῴ
1321 1794 1328 1806 ,
1344 1773 1391 1800 καὶ
1405 1772 1435 1798 τὸ
1456 1771 1548 1805 Οαῦμα
1560 1768 1679 1801 ἐξαίσιον
1695 1776 1702 1783 ·
1721 1766 1817 1801 ἐπειδὴ
1829 1766 1892 1792 τοὶ-

1092 1830 1140 1849 νυν
1153 1823 1167 1849 ὁ
1180 1820 1346 1855 καλούμενος
1357 1818 1509 1848 Βουλκὰνος
1527 1815 1671 1851 ὲχέκολλος
1687 1813 1725 1840 ὣν
1741 1813 1834 1848 σχεὸίιν
1855 1814 1893 1846 τῇ

1094 1869 1177 1904 νήσῳ,
1195 1866 1344 1902 βλαπτικὺς
1366 1865 1488 1900 ὑπῆρχεν
1512 1863 1568 1894 τοῖς
1593 1860 1760 1896 περιοίκοις,
1774 1858 1892 1885 imber-.9

1095 1902 1213 1949 ἀορασίςι
1227 1912 1274 1938 καὶ
1285 1909 1341 1939 οἷον
1358 1909 1506 1944 ἀποσυρεὶς
1528 1906 1664 1940 ὑπεξέστη
1681 1903 1801 1934 σταδίοις
1818 1902 1893 1928 ἑπτὰ

1097 1960 1165 1995 πρὸς
1180 1959 1276 1985 πόντον
1294 1957 1349 1992 (Η)
1371 1955 1417 1982 τοῦ
1432 1951 1615 1989 παραπυρμοῦ
1634 1950 1729 1984 ὥσπερ
1751 1950 1892 1983 ποταμίου

1099 2006 1233 2042 ῥεύματος
1245 2004 1325 2040 μέχρι
1339 2003 1388 2038 τῆς
1402 2003 1521 2036 σήμερον
1532 1999 1562 2026 τὸ
1577 1997 1669 2033 θαῦμα
1684 1995 1893 2030 ἀνακηρύττον-

1098 2061 1153 2084 τος.

1135 2099 1176 2125 Τὰ
1206 2097 1353 2132 μετέπειτα
1379 2094 1435 2129 (45)
1454 2094 1504 2120 ὅσα
1523 2091 1570 2118 καὶ
1585 2090 1666 2124 ἡλίκα
1682 2087 1896 2123 “Gavium-3p

1101 2152 1196 2179 γτικεν,
1211 2143 1228 2179 ἢ
1247 2139 1467 2177 θαυματουργῶν
1480 2140 1537 2164 εστι
1554 2137 1622 2172 πρὸς
1638 2136 1700 2166 τοὺς
1720 2134 1813 2160 πίστει
1834 2143 1898 2168 φοι-

1101 2189 1206 2220 τῶντας
1223 2188 1302 2224 μέχρι
1313 2186 1361 2213 τοῦ
1378 2185 1457 2220 δεῦρο
1475 2185 1504 2210 έν
1518 2183 1658 2218 διαφόροις
1671 2180 1760 2211 νόσοις
1777 2179 1827 2206 καὶ
1845 2189 1897 2214 μα-

1105 2236 1212 2266 λακίαις
1225 2233 1430 2269 ὲνισχημένους,
1448 2230 1509 2257 οὔτε
1521 2229 1588 2264 πρὸς
1603 2228 1682 2264 ήμῶν
1693 2226 1724 2252 τὺ
1735 2226 1841 2260 λέγειν,
1854 2226 1898 2253 διὰ

1105 2283 1136 2309 τὸ
1155 2280 1335 2317 μακρογορὲς,
1349 2278 1410 2305 οὕτε
1426 2277 1494 2313 πρὺς
1505 2276 1567 2306 τοὺς
1574 2274 1723 2305 ἀκούοντας
1737 2273 1768 2298 τὸ
1782 2272 1898 2303 ἀπειθὲς

1077 2354 1086 2365 .
1106 2328 1244 2364 ἐνέχυρον,
1258 2326 1305 2353 τοῦ
1323 2325 1382 2356 ἑνὸς
1398 2325 1447 2355 τὰς
1461 2323 1526 2358 περὶ
1537 2322 1590 2348 τῶν
1616 2321 1703 2348 ἄλλων
1721 2318 1898 2352 συγκατειῧὲ-

1109 2383 1165 2406 σεις
1180 2371 1389 2408 ἕχοντος.Ἀλλὰ
1399 2370 1503 2406 χαίροις
1518 2368 1586 2404 (Mi),
1602 2364 1624 2394 ὧ
1641 2366 1736 2402 μάκαρ
1750 2365 1899 2399 μακαρίων

908 2490 1026 2519 VARIIE
1048 2489 1251 2518 LECTIUNES.

306 2539 400 2568 'Men.
419 2539 466 2568 Gr.
487 2539 638 2575 Ἀμυλλαν.
679 2544 690 2558 ³
703 2539 773 2567 Men.
792 2538 839 2567 Gr.
860 2538 1004 2574 Κολήμνῃ.
1045 2538 1055 2556 ί
1071 2538 1141 2565 Men.
1154 2537 1201 2564 Gr.
1218 2535 1379 2564 ’Λσκὰλου;.

306 2597 363 2632 (42)
383 2597 500 2625 Sensum
522 2596 648 2623 vocabuli
668 2596 791 2632 λιπαρεῖ,
815 2600 842 2622 et
860 2595 887 2621 in
906 2601 940 2621 eo
956 2594 1057 2626 lusum,

272 2631 325 2661 non
341 2633 475 2660 intellexit
495 2632 539 2659 hic
557 2631 728 2658 Anastasius.

308 2668 364 2699 (43)
385 2668 414 2694 In
432 2667 532 2694 Menam
549 2667 596 2694 Gr.
612 2667 655 2693 die
670 2666 705 2692 25
723 2665 836 2700 Augusti
852 2664 1023 2700 Παππιανόν.

308 2703 363 2737 (44)
385 2703 443 2729 Huc
461 2710 549 2736 usque
575 2701 696 2737 mutilus
713 2701 798 2727 codex
815 2699 876 2726 Vat.
886 2699 939 2737 _Gr.
956 2699 1059 2737 pertiti-

273 2734 322 2772 gitl
343 2737 431 2764 Verba
449 2734 535 2772 ναοὶ-ιι
555 2737 660 2772 reliqua
678 2735 771 2772 Grzeca
789 2734 892 2772 sumpsi
911 2742 945 2761 ex
959 2735 1060 2772 Aucta-

274 2769 315 2800 rio
339 2769 488 2800 novissimo
506 2771 661 2799 Combeiisii
679 2778 705 2804 p.
720 2770 782 2799 400,
807 2769 853 2804 qui
874 2769 1057 2804 narrationem

275 2807 439 2835 reversionis
453 2807 631 2841 reliquiarum
697 2813 742 2839 ap.
763 2803 952 2841 Bartbolonnci
969 2803 1016 2841 Gr.
1033 2808 1059 2830 ct

280 2842 338 2868 Lat.
355 2842 449 2874 edidit,
473 2839 629 2876 excerptum
649 2840 713 2868 olim
733 2847 750 2876 Va
768 2840 859 2876 nescio
882 2847 942 2876 quo
958 2847 990 2866 ex
1008 2839 1059 2865 bac

279 2877 393 2904 Studita:
417 2877 502 2905 nostri
523 2875 666 2909 oratione,
693 2875 740 2903 scd
760 2882 808 2910 pro
833 2875 911 2902 libito
937 2875 1059 2907 interpo-

1110 2594 1203 2621 latam.

1144 2629 1201 2664 (45)
1220 2627 1287 2660 Qum
1303 2630 1466 2664 sequuntur,
1482 2623 1625 2651 deﬁciente
1638 2623 1693 2663 jam
1712 2626 1787 2648 testu
1806 2622 1900 2664 ϐπεεο

1109 2658 1262 2691 ουὀοὶίῑὲιε
1280 2658 1528 2696 imperfectionem.
1543 2658 1739 2696 prosequimur
1751 2665 1816 2683 cum
1831 2658 1899 2696 Ann-

1110 2699 1187 2726 stasii
1211 2692 1352 2732 utcunque
1376 2695 1499 2730 impolita
1517 2692 1551 2732 ac
1575 2692 1761 2732 semibarbara
1780 2694 1899 2732 transla-

1111 2735 1199 2764 tione,
1229 2727 1329 2760 collato
1355 2727 1445 2759 tamen
1474 2734 1502 2757 ct
1529 2729 1668 2756 interdum
1694 2727 1785 2755 ascito
1809 2727 1900 2754 codice

1111 2769 1171 2797 Lat.
1190 2768 1250 2795 Vat.

1148 2804 1203 2837 (46)
1226 2804 1263 2830 Ex
1277 2802 1372 2830 Gratco
1386 2803 1464 2836 χαῖρε
1485 2804 1512 2827 ct
1534 2799 1651 2837 χαίροις,
1674 2801 1704 2824 ιιι
1718 2796 1765 2825 diu
1787 2796 1898 2832 ingemi-

1112 2833 1159 2868 nat
1171 2833 1330 2867 Theodorus
1345 2833 1472 2865 etiamin
1485 2840 1608 2864 oratione
1619 2833 1645 2861 ti.
