1924 3077
49 176 95 209 8ἷ²1
414 173 554 204 ORATIO
579 173 617 202 Χ.
650 185 685 190 -
702 171 743 202 IN
773 171 803 202 S.
821 169 1145 201 BARTHOLOM/EUM
1164 170 1293 200 APOST.

1630 170 1684 200 802

50 235 266 272 τρισμακάριστσ
281 233 469 270 Βσρθολομαῖε
481 241 488 248 ·
504 233 626 268 χαίροις,
645 231 676 258 τὸ
686 230 841 257 θεοείκελον

908 229 952 257 Sed
966 237 1025 262 ave,
1042 237 1058 256 ο
1071 229 1149 256 beate
1160 229 1312 259 beatorum,
1328 232 1368 255 ter
1384 227 1460 255 beate
1475 227 1684 256 Bartholoma-e.

52 283 163 318 μίμημα.
173 280 221 307 τοῦ
233 279 318 307 καλοῦ
331 278 504 306 διδασκάλου.
515 277 639 313 Χαίροις,
654 277 684 302 τὺ
693 275 842 311 θεοφεγγὶς

51 328 189 363 ἀγλάϊσμα
201 328 251 361 τῆς
268 325 372 361 σεπτῆς
392 323 558 359 Ἐκκλησίας
575 331 580 336 ·
595 323 710 358 χαίροις,
743 322 773 348 τὺ
798 321 844 348 εὐ-

51 373 199 408 ηχὲστατον
224 371 342 406 ὄργανον
372 371 422 404 τῆς
437 369 484 396 τοῦ
504 369 663 402 Πνεύμστος
689 367 842 402 μελῳδίας·

53 419 168 454 χαίροις,
184 417 214 444 τδ
230 416 391 452 πολύχωρον
406 415 455 442 καὶ
471 413 667 450 γλυκύκαρπον
682 413 776 448 κλῆμα
795 412 844 447 τῆς

53 465 100 491 τοῦ
116 463 237 500 Χριστοῦ
255 463 367 498 ζωηρᾶς
379 470 408 488 τε
426 460 474 487 καὶ
489 460 738 494 πατρογεωργήτου
753 458 844 492 ἀμπέ-

53 511 109 536 λου·
121 509 240 544 χαίροις,
254 509 268 534 ὁ
282 506 430 542 ἀξιόχρεως
445 506 573 542 θεράπων
584 504 630 531 τοῦ
643 504 779 530 Δεσπότου
790 503 845 529 τῶν

55 555 191 582 ἁπάντων·
208 554 326 589 χαίροις,
349 554 362 579 ὁ
380 552 559 587 ἀξιοπόθητος
572 551 650 586 φίλος
665 550 712 577 τοῦ
729 551 846 584 ἐπουρα-

55 602 112 628 νίου
124 600 257 636 νυμφίου·
279 599 396 634 χαίροις,
414 600 427 625 6
443 598 618 633 σοφόρειθρος
633 598 682 624 καὶ
697 596 847 632 πολύαρδος

55 646 177 680 ποταμὸς
186 645 233 672 τοῦ
241 645 336 678 νοητοῦ
345 644 519 679 παραδείσου·
531 643 648 678 χαίροις,
658 642 672 668 6
680 641 848 678 ὲμπειροθή-

57 701 138 728 ρατος
151 692 242 723 ἁλιεὺς
253 690 308 717 τῶν
319 690 436 724 λογικῶν
449 689 558 724 ἰχθύων·
571 689 687 724 χαίροις,
698 689 713 715 6
723 687 849 715 θεοδῦνα-

58 746 108 772 μσς
127 736 335 771 τραυματιστὴς
347 735 395 762 τοῦ
406 734 604 771 λῃστεύσαντος
616 735 661 760 τὸν
678 735 779 768 κόσμον
792 734 849 760 δισ-

56 783 145 809 Εὸλου·
154 781 269 817 χαίροις,
280 782 293 808 6
304 780 495 815 εὐτεχνότατος
506 780 597 815 ῥήτωρ
606 780 654 814 τῆς
664 779 795 814 ἀληθινῆς
807 788 850 806 σο-

58 828 134 862 σίας·
144 826 260 862 χαίροις,
272 827 285 852 6
296 826 453 860 πολυφανὴς
466 826 513 852 καὶ
527 824 702 859 κοσμοφανὴς
714 825 851 860 ἑωσφόρος

56 873 108 907 τῆς
119 871 270 905 θεολογίας
281 871 398 906 χαίροις,
409 871 423 897 6
433 870 565 904 θεοφανὴς
579 870 625 896 καὶ
636 870 779 905 πυροειδὴς
788 869 852 896 στύ-

895 276 961 308 Ave,
975 276 1021 310 qui
1035 283 1064 302 es
1079 275 1124 302 Dei
1139 279 1245 302 amator
1260 278 1287 302 et
1301 274 1423 301 imitator
1432 275 1496 301 boni
1512 275 1616 301 scilicet
1627 283 1684 301 rna-

895 321 1058 355 gistri.Ave,
1077 321 1123 355 qui
1135 327 1165 347 es
1177 319 1276 347 divina:
1290 319 1361 346 lucis
1372 319 1501 354 splendor
1517 324 1619 347 sancta:
1634 321 1684 346 Er-

896 367 995 394 clcsiae.
1011 367 1066 394 Ave
1081 367 1127 401 qui
1144 374 1173 393 es
1192 366 1261 393 bene
1274 374 1376 393 sonans
1399 373 1532 400 organum
1556 365 1686 399 spiritalis

895 413 1030 440 melodiaz.
1039 413 1105 444 Ave,
1117 412 1264 440 artiﬁciose
1275 412 1369 439 rhetor
1379 419 1449 439 verat
1458 411 1609 446 sapientiae.
1619 411 1686 443 Ave,

897 458 945 492 qui
957 465 987 485 es
1006 457 1100 492 perita
1116 461 1238 492 captura:
1253 457 1372 492 piscator
1400 456 1601 483 rationabilium
1628 456 1687 491 pis-

897 505 981 532 cium.
998 504 1065 537 Ave,
1078 503 1125 538 qui
1144 511 1173 530 es
1186 503 1262 530 multi
1277 503 1354 530 chori
1368 507 1395 530 et
1409 502 1498 530 dulcis
1513 502 1618 530 fructus
1630 503 1688 538 pal-

898 557 966 581 mes,
983 549 1084 576 Christi
1107 548 1204 576 vividae
1221 552 1248 575 et
1266 553 1386 583 paternae
1400 548 1514 575 culturae
1525 548 1600 575 vitis.
1622 548 1688 579 Ave,

898 595 971 630 digni
989 595 1078 622 meriti
1095 594 1194 621 famule
1210 594 1318 621 Domini
1333 593 1536 621 universorum.
1548 594 1615 626 Ave,
1631 601 1689 621 me-

899 641 952 668 rito
967 641 1154 668 desiderabilis
1169 639 1257 667 amice
1271 639 1476 674 supercmlestis
1501 639 1604 673 sponsi.
1622 639 1689 671 Ave,

899 687 987 722 quies
1004 687 1144 721 sapientia;
1168 686 1277 713 ﬂuentis
1302 691 1329 713 et
1353 685 1512 720 multiplicis
1531 685 1689 720 potationis,

900 740 932 760 ac
947 733 1039 760 lumen
1059 732 1191 768 spiritalis
1206 732 1336 767 paradisi.
1353 731 1420 764 Ave,
1436 732 1482 766 qui
1495 740 1525 759 es
1538 732 1630 759 divina
1641 731 1691 758 vir-

902 782 961 805 tute
987 778 1146 805 vulnerator
1169 777 1286 812 diaboli,
1316 778 1449 805 mundum
1475 785 1527 805 suo
1549 778 1692 805 latrocinio

902 823 1082 852 rulnerantis.
1108 825 1176 856 Ave,
1195 824 1240 858 qui
1256 823 1443 858 multipliciter
1459 831 1573 858 appares
1591 824 1693 851 mundo

903 869 1013 896 Lucifer
1022 869 1067 896 Dei
1079 870 1255 903 cognitionis.
1269 868 1396 896 Gaudeas
1412 869 1543 897 divinitus
1558 870 1692 897 illustrata

57 918 104 949 λος
119 916 169 951 τῆς
185 916 351 952 ὀρθοδοξὶας·
368 916 486 951 χαίροις,
503 917 517 942 6
533 915 563 948 ἐξ
579 915 717 942 ἀνατολῶν
735 915 782 942 ἐπὶ
803 916 847 942 δυσ

908 919 928 942 at
942 915 1018 949 ignea
1035 915 1162 942 columna
1192 914 1373 942 orthodoxize.
1400 914 1536 948 Gaudeas,
1552 916 1592 943 sol
1619 916 1694 943 orbis

60 962 133 996 σμὰς
150 961 380 992 θαλαττοδαδίσας
394 960 553 996 παραδόξως
563 968 569 975 ·
583 960 699 995 χαίροις,
715 961 847 995 παμφαέ-

59 1016 142 1034 στατε
157 1007 218 1042 ἥλιε
232 1007 280 1042 τῆς
306 1006 468 1041 οἰκουμένης
481 1014 487 1020 ·
518 1006 635 1041 χαίροις,
662 1006 849 1040 πολύγλωττον

60 1053 150 1088 στόμα
163 1052 214 1086 τῆς
231 1051 374 1086 θεοσοφίας
396 1060 403 1067 ·
431 1052 549 1086 χαίροις.
576 1052 756 1086 ἀενναόῦρυτε
777 1052 852 1087 πηγὴ

59 1097 115 1124 τῶν
128 1097 262 1131 ἰαμάτων·
276 1096 396 1131 χαίροις,
413 1096 533 1131 διωκτὴρ
544 1096 716 1132 φοϐερώτατε
727 1097 781 1123 τῶν
796 1097 852 1124 δαι-

62 1144 152 1178 μόνων
162 1151 168 1157 ·
187 1141 305 1177 χαίροις,
320 1141 369 1177 τῆς
378 1141 563 1176 Ἀρμένιαςτὸ
574 1142 741 1170 πολύευκτον
755 1143 854 1177 ἐγκαλ-

61 1188 192 1222 λώπισμα
204 1195 211 1201 ·
230 1187 347 1222 χαίροις,
364 1187 413 1223 τῆς
431 1188 576 1222 Λιπὰρεως
598 1189 628 1214 τὸ
658 1189 850 1215 ἀσπασῑαστον

63 1233 112 1260 καὶ
127 1232 386 1267 πολυπροσκύνητον
397 1231 520 1267 αὔχημα·
533 1233 648 1268 χαίροις,
667 1234 680 1260 6
693 1234 741 1269 τὴν
756 1234 855 1261 θάλασ-

64 1287 114 1306 σαν
128 1278 302 1313 καθαγιάσας
317 1279 377 1310 ταῖς
390 1280 567 1313 πορευτικαῖς
581 1280 748 1314 μεταϐάσεσι
759 1288 765 1295 ·
792 1281 854 1315 χαί-

66 1333 134 1359 ροις,
145 1324 218 1359 ὀτὴν
231 1324 284 1359 γῆν
299 1323 558 1359 καταπορφυρώσας
573 1326 605 1360 τῇ
622 1325 783 1360 ὲρυθρότητι
801 1326 855 1351 τῶν

65 1369 208 1402 παναγίων
216 1369 339 1403 αἱμάτων
356 1377 401 1394 σου
415 1377 422 1384 ι
440 1369 560 1405 χαίροις,
578 1369 592 1394 6
610 1369 656 1396 τὸν
672 1370 741 1404 ἀέρα
759 1378 855 1396 κατευ-

65 1415 185 1445 ωδιάσας
202 1415 262 1444 ταῖς
294 1413 499 1448 ἰεροπνεύστοις
525 1413 760 1449 θεορῥημοσύναις
789 1422 854 1440 σου-

66 1459 183 1494 χαίροις,
197 1459 211 1484 6
224 1459 264 1490 εἰς
277 1458 411 1494 οὐρανοὺς.
418 1458 558 1493 φοιτήσας,
575 1459 620 1485 καὶ
635 1458 682 1485 τοῦ
695 1460 856 1495 ὁμοστοίχου

67 1503 162 1530 θιάσου
179 1503 325 1538 μεσόχορος
341 1503 490 1539 ὲκλάμπων
505 1504 533 1530 ὲν
545 1503 685 1539 ἀπροσίτῳ
696 1504 774 1540 δόξης
785 1505 856 1541 λαμ-

68 1548 197 1583 πῷςητι,
210 1550 239 1575 ὲν
252 1549 443 1583 ἀγαλλιάσεως
464 1549 606 1585 ἁκορέστῳ
621 1549 753 1587 θυμηδίᾳ.
775 1552 858 1578 Αὐτό-

908 965 995 993 terrze,
1016 961 1063 995 qui
1088 965 1187 988 cuncta
1212 960 1360 987 illuminas.
1381 959 1516 992 Gaudeas,
1530 967 1561 987 os
1576 959 1623 987 Dei
1648 968 1694 988 sa-

906 1006 1023 1041 pientiae,
1053 1005 1173 1040 linguam
1208 1006 1311 1033 habens
1349 1005 1472 1040 ignitam.
1489 1005 1625 1037 Gaudeas,
1647 1007 1694 1041 ju-

905 1053 972 1087 giter
985 1060 1115 1079 emanans
1134 1051 1194 1079 fons
1205 1052 1364 1079 sanitatum.
1386 1051 1524 1084 Gaudeas,
1534 1051 1689 1079 daemonum

907 1096 1035 1124 terribilis
1053 1096 1200 1123 insecutor.
1217 1095 1342 1123 Gaudeas
1360 1116 1368 1129 ,
1387 1096 1433 1130 qui
1462 1103 1490 1122 es
1505 1096 1694 1130 multipliciter

906 1142 1034 1177 optabilis
1062 1142 1222 1169 formositas
1250 1141 1396 1168 Armenia).
1430 1140 1568 1174 Gaudeas,
1584 1143 1631 1175 qui
1661 1143 1696 1169 ah

906 1188 1010 1214 oriente
1027 1187 1060 1214 ad
1076 1187 1245 1215 occidentem
1263 1195 1310 1222 per
1323 1195 1396 1214 mare
1408 1187 1526 1221 gloriose
1538 1188 1694 1215 ambulasti.

907 1232 1046 1266 Gaudeas,
1064 1233 1110 1268 qui
1126 1241 1156 1261 es
1173 1233 1304 1268 Lipareos
1319 1233 1470 1260 salutabilis
1493 1239 1520 1260 et
1532 1233 1697 1260 multimodis

908 1280 1055 1307 adorabilis
1067 1279 1201 1314 gloriatio.
1220 1279 1355 1312 Gaudeas,
1365 1279 1413 1314 qui
1428 1288 1502 1306 mare
1519 1279 1696 1307 sanctificasti

910 1325 1072 1352 meabilibus
1091 1326 1241 1361 gressibus.
1261 1325 1396 1357 Gaudeas,
1412 1325 1458 1360 qui
1474 1329 1575 1352 terram
1596 1333 1698 1359 purpu-

910 1377 984 1396 ream
1003 1369 1090 1396 fecisli
1108 1369 1207 1397 rubore
1223 1370 1438 1397 castissitnorum
1455 1376 1618 1402 sangurnum
1636 1372 1697 1394 tuo—

909 1420 982 1440 rum.
992 1412 1130 1446 Gaudeas,
1144 1415 1191 1449 qui
1206 1422 1295 1441 aercm
1309 1414 1452 1441 suavitatis
1465 1414 1595 1441 odoribus
1612 1414 1698 1449 reple-

911 1460 966 1492 sti,
994 1460 1080 1487 sacris
1113 1459 1308 1494 spiraminibus
1340 1459 1496 1487 divinorum
1527 1460 1697 1494 eloquiorum

913 1508 1033 1531 tuorum.
1059 1504 1197 1538 Gaudeas,
1223 1505 1268 1539 qui
1297 1505 1331 1532 ad
1359 1506 1457 1532 caelum
1484 1507 1655 1538 commeasti,
1673 1512 1698 1533 et

911 1549 1017 1576 medius
1029 1549 1055 1576 in
1073 1549 1157 1577 choro
1171 1550 1270 1577 divina:
1280 1550 1347 1577 aciei
1364 1556 1416 1577 tua:
1431 1551 1549 1586 rcfulges
1565 1552 1590 1578 in
1606 1552 1699 1586 gloria:

68 1594 113 1621 θεν
128 1595 204 1629 ἡμᾶς
217 1594 571 1629 ἐποπτεύοιςεὺμενέστατα
586 1603 593 1610 ·
609 1596 721 1622 αὐτόθεν
737 1596 854 1630 εὑλογοῖς

911 1595 1108 1622 inaccessibilis
1120 1595 1281 1630 splendore,
1298 1596 1324 1622 in
1340 1596 1532 1624 exsultationis
1551 1597 1698 1624 insatiabili

67 1640 131 1670 τοὺς
144 1638 176 1664 σὲ
202 1639 423 1676 μακαρίζονταςο
441 1639 557 1666 αὐτόθεν
584 1640 707 1673 δοξάζοις
737 1642 800 1672 τοὺς
828 1642 854 1667 σὲ

908 1641 1089 1675 iucunditate.
1102 1641 1177 1668 lllinc
1187 1649 1237 1669 nos
1249 1642 1447 1677 benignissime
1462 1643 1595 1670 intuearis
1608 1652 1614 1670 :
1626 1644 1699 1670 illinc

68 1682 279 1717 ἀνσμέλποντας
292 1692 298 1698 ·
314 1684 428 1710 αὐτόθεν
442 1685 564 1719 ὁμονοοῖς
575 1685 625 1720 τὴν
644 1686 807 1721 οἰκουμένην
825 1687 860 1713 εἰ·

70 1729 240 1763 ρηνεὺουσαν
253 1737 261 1745 ο
278 1730 361 1765 ἱερεῖς
374 1730 551 1766 δικαιοσύνην
574 1732 603 1758 ὲν
616 1732 737 1767 ὁσιότητι
765 1733 856 1767 ἀμπέ-

69 1774 178 1808 χεσθαι,
211 1775 331 1809 βασιλεῖς
361 1776 545 1812 ἀγαθοεργίαν
567 1778 597 1803 ἐν
617 1777 760 1813 ὀρθοδοξίᾳ
791 1778 861 1804 κατὰ

71 1820 220 1855 βαρῦάρων
250 1821 426 1853 ὁπλίζεσθαι·
449 1822 616 1857 μονάζοντας
646 1824 785 1850 πολιτείαν
812 1825 861 1859 τὴν

71 1866 217 1900 ίσάγγελον
227 1867 419 1902 ἁκαπήλευτον
427 1868 623 1900 διασώζεσθαι·
635 1869 733 1904 ἄνδρας
741 1870 861 1904 γυναιξὶ,

69 1913 116 1939 καὶ
129 1912 262 1947 ἔμπαλιν,
287 1913 362 1948 νόμῳ
395 1913 434 1948 τῷ
458 1915 626 1950 προσήκοντι
653 1915 858 1948 φυλάττεσθαι⁸

69 1959 208 1995 πατράσιν
224 1959 304 1991 υἱοῖς,
321 1959 425 1992 δούλοις
447 1960 603 1993 δεσπόταις,
630 1962 760 1996 ἄρχουσιν
779 1963 863 1997 ἀρχο-

71 2005 174 2039 μένοις,
183 2005 362 2039 δανείζουσιν,
372 2005 520 2040 ὀφείλουσι,
529 2006 769 2040 συναλλάσσουσιν,
778 2007 847 2033 ὼνου
855 2022 864 2029 ~

72 2051 179 2084 μένοις,
196 2051 263 2077 πᾶσι
280 2051 316 2078 τὰ
331 2052 382 2087 τῆς
397 2052 505 2083 εὐνοίας
536 2052 675 2079 ἐπιλεύσει
702 2053 795 2089 τελείᾳ
815 2053 862 2080 τοῦ

71 2095 178 2128 κοινοῦ,
195 2097 244 2122 καὶ
258 2096 510 2133 εὐαρεστήσειθεοῦ
520 2097 683 2132 ὀφειλόμενα
696 2098 864 2134 πρυτανευό-

74 2150 174 2176 μενος·
193 2142 241 2168 καὶ
256 2143 348 2177 μέντοι
367 2143 423 2169 τῶν
455 2144 596 2179 τροφίμων
611 2150 625 2164 ιι
650 2145 700 2179 τῆς
727 2144 866 2172 mamm-

74 2188 195 2223 ζομένης
210 2188 367 2223 Λιπάρεως,
396 2188 444 2215 τοῦ
474 2190 605 2224 ποιμένος
618 2199 649 2216 τε
673 2190 720 2216 καὶ
745 2191 792 2217 τοῦ
812 2199 867 2217 ποι-

75 2235 168 2268 μνίου,
188 2234 235 2260 τοῦ
251 2235 444 2267 ὲπικτίσαντός
462 2244 509 2262 σου
522 2236 552 2262 τὸ
580 2236 651 2272 ἱερὸν
667 2237 791 2271 τέμενος,
819 2238 866 2264 καὶ

72 2279 120 2306 τοῦ
137 2280 310 2315 ὑμνήσαντός
325 2289 355 2307 σε
370 2281 414 2308 διὰ
428 2281 552 2317 βραχέως
575 2282 645 2317 ἄγαν
663 2291 670 2299 ·
702 2284 731 2309 ἐν
754 2284 865 2320 Χριστῷ

80 2325 170 2360 Ἰησοῦ
185 2325 225 2352 τῶ
235 2327 330 2362 Κυρίῳ
344 2327 434 2361 ἡμῶν,
449 2325 471 2361 ᾧ
486 2328 588 2363 πρέπει
602 2329 677 2355 πᾶσα
690 2329 765 2361 δόξα,
786 2330 863 2365 τιμὴ,

74 2371 121 2397 καὶ
132 2371 332 2406 προσκύνησις,
359 2373 408 2399 σὺν
422 2372 461 2407 τῷ
472 2373 674 2408 παντοκράτορι
703 2374 797 2409 Πατρὶ,
818 2375 866 2401 καὶ

74 2416 113 2451 τῷ
133 2416 206 2450 ἁγίῳ
221 2417 268 2442 καὶ
288 2417 413 2452 ζωοποιῷ
428 2417 578 2453 Πνεύματι,
610 2418 658 2459 νίν
684 2419 729 2445 καὶ
750 2419 794 2445 ἀεὶ
820 2420 866 2446 καὶ

75 2463 116 2493 εἰς
131 2462 197 2492 τοὺς
208 2461 319 2494 αἰῶνας.
340 2463 439 2498 Ἀμήν.

911 1687 1055 1714 benedicas
1070 1691 1095 1714 te
1113 1687 1330 1722 gloriﬁcantibus
1349 1698 1356 1715 :
1374 1688 1448 1716 illinc
1465 1689 1603 1716 beatiﬁccs
1616 1694 1641 1716 te
1655 1697 1701 1716 ca-

912 1737 1007 1760 nentes
1020 1741 1026 1760 :
1041 1733 1116 1761 illinc
1130 1734 1280 1761 concordes
1293 1734 1385 1761 orbem
1404 1740 1482 1762 terrae
1495 1739 1631 1769 pacatum.
1647 1735 1700 1762 Sa-

911 1779 1038 1806 cerdotes
1063 1779 1168 1814 justitia
1198 1780 1224 1807 in
1255 1780 1400 1807 sanctitate
1427 1781 1601 1808 induantur:
1625 1789 1701 1815 reges

911 1824 992 1851 bonis
1007 1825 1135 1857 operibus
1159 1826 1185 1852 in
1207 1825 1370 1852 orthodoxia
1396 1832 1491 1853 contra
1508 1826 1643 1853 Barbaros
1659 1834 1700 1852 ar-

913 1875 1023 1897 mentur
1039 1879 1045 1897 :
1069 1871 1248 1898 monasticam
1266 1872 1348 1898 vitam
1365 1876 1501 1904 tenentes,
1515 1871 1702 1898 conversatio-

914 1925 975 1944 nem
989 1918 1120 1952 :equalem
1138 1918 1297 1951 angelorum
1312 1926 1344 1946 ac
1359 1918 1420 1946 sine
1439 1918 1501 1945 dolo
1522 1918 1675 1945 custodiant
1694 1927 1702 1945 :

913 1962 964 1989 viri
983 1963 1154 1996 mulieribus,
1170 1967 1196 1990 et
1214 1971 1322 1991 rursum
1340 1963 1467 1990 mulieres
1482 1964 1547 1991 viris
1560 1983 1567 1995 ,
1594 1971 1703 1996 compc-

916 2012 1015 2035 tentem
1030 2008 1114 2043 legem
1133 2015 1308 2036 conservent.
1331 2009 1425 2035 Patres
1442 2017 1502 2035 cum
1522 2008 1595 2041 ﬁliis,
1611 2008 1703 2043 praela-

915 2057 958 2080 tos
983 2061 1044 2080 cum
1073 2054 1205 2085 subditis,
1232 2054 1359 2081 dominos
1374 2062 1437 2080 cum
1456 2054 1558 2087 servis,
1580 2059 1703 2081 mutuum

916 2099 1014 2126 dantes
1025 2107 1088 2126 cum
1104 2099 1284 2130 debitoribus,
1300 2099 1487 2126 vcmmdantes
1501 2107 1562 2126 cum
1573 2100 1706 2134 emptori-

917 2145 970 2172 bus
984 2154 990 2172 :
1005 2150 1155 2179 calet-aque
1170 2145 1262 2172 omnia
1279 2145 1473 2172 benevolentiae
1489 2150 1542 2172 tua:
1557 2145 1653 2173 atfectu
1671 2147 1704 2172 ad

918 2190 1061 2217 utilitatem
1078 2189 1234 2224 reipublicre
1244 2195 1353 2225 protege
1367 2196 1410 2224 ;et
1425 2195 1521 2218 cuncta
1534 2199 1594 2225 qua:
1604 2199 1703 2219 secun—

919 2236 984 2263 dum
999 2235 1200 2271 beneplacitum
1221 2236 1266 2264 Dei
1278 2236 1357 2272 dirigi
1373 2237 1482 2268 debent,
1492 2238 1644 2271 patrocinio
1661 2242 1705 2264 tuo

919 2283 1051 2316 defende;
1064 2289 1091 2310 et
1104 2284 1239 2317 praecipue
1258 2284 1384 2311 alumnos
1400 2284 1536 2311 decorata:
1553 2283 1683 2318 Lipareos
1698 2293 1704 2310 :

919 2332 1055 2362 pastorem
1071 2336 1180 2362 quoque
1195 2336 1227 2355 ac
1242 2336 1350 2363 gregem
1366 2329 1412 2363 qni
1426 2328 1578 2356 construxit
1597 2336 1705 2356 sacrum

920 2375 1050 2409 templum
1067 2380 1142 2401 tuum
1163 2383 1168 2400 :
1188 2379 1215 2401 et
1238 2382 1300 2401 eum
1318 2375 1366 2409 qui
1384 2380 1428 2407 te,
1446 2375 1508 2402 licet
1528 2375 1657 2405 breviter,
1674 2382 1706 2401 ex

921 2427 950 2448 se
959 2421 1070 2448 laudare
1080 2422 1219 2456 prazsumit
1230 2429 1236 2452 ;
1246 2421 1272 2447 in
1283 2420 1393 2448 Christo
1403 2420 1464 2448 Jesu
1475 2420 1591 2448 Domino
1602 2425 1706 2452 nostro,

921 2473 1001 2499 quem
1018 2465 1095 2492 decet
1111 2466 1202 2493 omnis
1215 2465 1301 2500 gloria
1312 2485 1319 2497 ,
1345 2466 1435 2493 honor
1449 2471 1476 2493 et
1493 2467 1626 2500 adoratio,
1645 2474 1705 2493 cum

75 2510 268 2544 omnipotente
291 2509 387 2542 Patre,
411 2518 443 2539 ac
472 2511 647 2540 sanctissimo
671 2517 699 2540 et
726 2512 834 2539 \‘ivitico
860 2512 972 2547 Spiritu,
1008 2520 1080 2540 nunc
1107 2518 1133 2540 et
1162 2521 1269 2547 semper
1296 2517 1323 2540 et
1348 2514 1374 2540 in
1400 2513 1499 2540 stecula
1521 2514 1692 2541 smculorum.

76 2555 164 2583 Amen
181 2556 251 2590 (47).

715 2638 832 2665 νΑιιιιΕ
865 2637 1064 2666 LECTIONES.

115 2691 128 2705 υ
144 2686 208 2713 cod.
223 2685 270 2712 τὸν
287 2694 448 2722 προφημον.

116 2774 174 2808 (47)
195 2773 289 2808 Pergit
303 2773 402 2800 deinde
415 2773 579 2801 Anastasius
599 2773 639 2800 sic
655 2781 662 2799 :
681 2772 744 2800 Htcc
757 2774 787 2800 de
804 2773 873 2800 beati

81 2809 276 2836 Bartholumwi
300 2808 425 2835 laudibus
451 2809 558 2843 ejusque
585 2809 745 2834 mirabiliter
765 2808 871 2835 advecta

81 2846 107 2870 in
126 2843 248 2877 Liparim
264 2851 381 2877 corpore,
398 2843 547 2870 Theodorus
568 2843 640 2877 [tuna
656 2843 820 2875 sanctitatis,
841 2852 871 2870 ac

82 2879 229 2906 sacerdotii
251 2878 382 2911 diqm'tate
409 2879 575 2914 conspicuus,
597 2878 650 2912 ﬁda
677 2878 762 2904 relatu
787 2879 872 2912 expli—

928 2774 992 2800 cuit.
1016 2772 1114 2802 Postea
1127 2774 1161 2801 de
1176 2781 1247 2808 penu
1272 2781 1322 2801 suo
1348 2772 1488 2807 subjungit
1505 2773 1575 2801 idem
1594 2773 1711 2800 Anasta-

928 2809 987 2836 sius
1014 2809 1197 2836 narrationem
1219 2809 1429 2835 transvcctionis
1448 2809 1556 2834 illarum
1581 2808 1710 2839 reliquia-

928 2851 988 2870 rum
1006 2844 1031 2870 in
1048 2844 1141 2871 urbem
1160 2843 1342 2872 Beneventum
1360 2851 1431 2870 anno
1450 2843 1556 2871 Domini
1576 2842 1710 2871 DGGCIX.
