1924 3077
248 153 301 186 803

619 205 669 234 XI.

248 255 343 283 Sancti
359 255 451 282 Patris
467 255 562 287 nostri,
580 259 604 282 et
620 253 779 289 confessoris
797 253 928 289 Theodori
951 251 1045 289 Studi—

281 295 369 317 tarum
384 291 489 317 abbatis
517 290 612 318 Oratio
628 287 751 324 funebris
777 289 804 316 in
827 288 966 315 Platonem
986 287 1046 323 eius

281 330 386 360 patrem
398 325 578 360 spiritualem.

850 150 882 180 S.
898 148 1001 180 THEO
1007 147 1101 179 DORI
1118 147 1294 179 STUDIT/E

1837 148 1882 180 80$

1464 203 1515 230 lA'.

1100 251 1156 278 Τοῦ
1168 251 1257 290 ὁσίου
1268 249 1385 290 Πατρός
1398 249 1775 290 aluétual_'0}to.1_o_rntoﬁ
1785 250 1881 290 6306:53-

1131 295 1190 320 pou
1205 285 1378 321 ἡγουμένου
1388 284 1634 321 τῶννΣτουόιτῶν
1655 284 1827 321 Ἐπιτάφιος
1846 287 1882 318 εις

1137 321 1285 349 Πλάτωνα
1295 321 1349 348 τὸν
1361 320 1470 348 ἑαυτοῦ
1481 320 1688 355 πνευματικὸν
1698 320 1820 354 πατέρα.

247 400 298 434 (Ex
320 406 372 427 ms.
392 397 525 426 Vaticano
537 397 646 433 signato
660 396 739 429 l660,
758 396 805 424 fol.
834 395 878 429 79,
896 394 1245 465 ϐῖιὲιέρηξρρῐξηὶιὲιέκιέῗᾶιᾶ
1270 395 1331 422 Act.
1350 393 1476 422 Swtttor.
1492 394 1579 429 April.
1596 400 1617 422 t.
1634 393 1644 420 l
1666 393 1727 422 Lat.
1737 401 1799 430 pag.
1813 393 1877 425 566;

548 557 744 586 PROLOGUS.

279 604 304 630 1.
325 602 471 631 Oratorum
487 611 519 631 ac
535 603 728 638 Sophistarum
746 603 866 631 studium
883 610 965 632 omne
981 612 1044 631 ver-

245 655 321 678 satur
336 650 363 676 in
383 657 427 682 eo,
441 657 495 677 non
517 654 546 677 ut
559 653 744 684 assequantur
759 649 914 683 veritatem,
932 650 996 678 dum
1013 658 1044 678 se

244 696 277 724 ad
294 695 469 723 scribendum
484 694 628 722 conferunt
643 704 649 722 :
667 695 713 722 sed
733 699 764 721 ut
779 695 932 730 exspoliant
946 695 1044 723 dictio-

245 749 317 774 nem,
335 745 362 769 et
386 741 572 768 narrationem
595 740 698 768 faciant
715 741 899 776 augustiorem
925 742 1044 776 acceptis

244 795 260 814 e
276 793 399 821 poemate
408 786 563 818 versiculis,
580 785 614 813 ad
630 786 841 813 oblectationem
859 787 1041 814 audientium-

247 832 405 861 Demulcent
432 833 505 860 enim
541 840 590 860 eos
612 833 759 860 verborum
795 833 994 865 concinnitate,
1017 838 1044 861 et

245 879 364 915 quadam
397 878 637 906 verisimilitudine
677 878 913 910 circumveniunt;
946 885 1042 912 parum

245 924 355 952 solliciti
378 932 412 951 ne
429 923 495 959 quid
513 923 612 951 falsum
632 923 735 957 dicant,
755 927 846 959 utpote
863 923 911 957 qui
925 924 1044 951 arstima-

246 970 313 998 tioni
328 969 462 997 duntaxat
481 973 509 996 et
529 969 656 997 humana:
668 969 762 1005 gloria
776 970 912 997 serviunt.
928 969 963 996 At
977 977 1043 997 vero

244 1023 315 1049 quos
341 1018 414 1042 tenet
432 1022 510 1041 amor
534 1014 669 1046 veritatis,
691 1018 820 1050 satagunt
841 1021 897 1046 res,
925 1018 955 1041 ut
977 1019 1044 1041 actae

244 1063 319 1091 sunt,
351 1059 466 1086 dicere:
494 1058 620 1093 quamvis
648 1062 794 1093 propterea
819 1058 992 1086 concinnitas
1016 1062 1044 1085 et

244 1103 379 1138 elegantia
404 1103 541 1131 orationis
563 1111 625 1131 esse
644 1103 756 1137 deberet
774 1103 873 1131 minor.
888 1102 956 1130 Nam
973 1102 1038 1138 quia

245 1151 333 1185 ipsam
356 1150 481 1177 veritatis
503 1149 735 1184 pulchritudinem
766 1150 913 1182 adamant,
937 1149 1043 1176 ornatis

245 1196 348 1228 verbis,
377 1200 507 1230 tanquam
536 1195 677 1230 stragulis,
707 1194 886 1226 valefaciunt,
910 1194 983 1230 quod
1000 1198 1042 1222 est

245 1247 308 1267 vere
321 1228 464 1275 sapientis.
479 1239 519 1267 Ad
535 1228 609 1267 hunc
624 1239 707 1274 igitur
723 1240 834 1267 modum
848 1247 899 1274 ego
913 1228 1038 1275 quoque,
1056 1228 1080 1258 Β

247 1286 309 1314 licet
330 1286 449 1321 ingenio,
477 1286 598 1313 dictione
612 1290 639 1313 et
652 1285 748 1320 spiritu
773 1286 920 1312 admodum
938 1286 1039 1320 tenuis,

245 1332 353 1360 Patrem
378 1339 470 1359 meum
495 1331 614 1358 laudabo
637 1339 645 1358 :
671 1339 726 1358 non
742 1336 832 1358 autem
848 1331 912 1366 quia
932 1339 1039 1366 sperent

245 1378 383 1406 laudando
398 1378 514 1413 gratiam
531 1377 600 1404 inire
615 1377 686 1412 apud
703 1385 777 1405 cum.
799 1377 865 1410 Quae
882 1377 956 1404 enim
983 1378 1042 1405 hmo

246 1424 318 1452 foret
334 1424 422 1459 gratia
440 1427 572 1451 consueto
591 1423 666 1450 nulla
686 1422 866 1457 praesentium
881 1429 973 1449 rerum
992 1422 1041 1449 de-

250 1471 356 1504 lectari,
384 1474 412 1497 et
427 1477 507 1504 super
521 1469 660 1496 ctelestem
680 1468 778 1503 adepto
801 1468 945 1503 requiem?
958 1476 1039 1503 quam

246 1515 372 1550 quisquis
395 1514 517 1550 possidet
535 1514 605 1541 ridet
627 1514 790 1549 praesentia,
813 1514 887 1540 velut
902 1513 972 1540 nihil
986 1518 1044 1540 sta-

247 1562 318 1594 bile,
349 1561 417 1588 nihil
447 1561 555 1588 beatum
586 1560 774 1593 continentia,
801 1564 829 1587 et
858 1567 920 1595 qua:
955 1559 1044 1587 instar

247 1607 351 1634 umbrae
372 1611 547 1642 praetereunt,
570 1610 618 1633 aut
647 1611 677 1633 ut
703 1605 786 1633 flores
808 1606 884 1633 verni
915 1613 1042 1633 corrum-

247 1657 359 1689 puntur.
389 1652 429 1679 Ad
458 1652 562 1680 haecsi
589 1652 673 1679 etiam
705 1652 731 1678 in
749 1651 831 1679 terris
858 1651 965 1686 positus
981 1659 1041 1679 sese

246 1698 431 1726 arbitrabatur
453 1698 607 1732 indignum,
634 1698 681 1732 qui
701 1698 742 1724 vel
760 1697 786 1724 in
809 1705 924 1725 numero
944 1705 1042 1726 mona-

245 1744 363 1772 chorum
390 1748 549 1772 censeretur
568 1743 653 1779 (quod
681 1751 796 1770 summa:
811 1743 872 1778 ejus
899 1743 1042 1772 modestiae

247 1789 430 1817 indicium‘et
444 1793 547 1816 sancta
574 1788 673 1816 animae
687 1793 746 1816 erat
768 1789 938 1824 praecipuum
961 1797 1042 1824 argu-

1400 555 1608 582 ΠΡΟΟΙΜΙΟΝ.

1131 601 1166 628 α¹.
1186 600 1314 636 Ῥήτορσι
1325 601 1374 636 μὲν
1388 601 1438 628 καὶ
1458 602 1630 636 σοφισταῖςη
1645 601 1721 628 πᾶσα
1738 601 1882 637 σπουδὴ,οὐ

1095 647 1143 673 τοῦ
1160 646 1277 682 ἀληθοῦς
1292 647 1432 682 ἐπιτυχεῖν
1450 647 1591 674 καοιοῦσιν
1599 647 1715 679 ἑαυτοὺς
1727 648 1775 674 ὲπὶ
1785 648 1815 674 τδ
1823 648 1884 683 γρά-

1096 700 1170 726 φειν,
1188 691 1247 718 ἀλλ’
1262 691 1331 718 ὥστε
1345 691 1505 728 λαμπρῦναι
1516 691 1566 727 τὴν
1584 693 1696 728 φράσιν,
1726 693 1773 720 καὶ
1801 701 1884 720 σνντε-

1097 739 1158 773 μεῖν
1173 738 1203 764 τὸ
1220 737 1296 770 ἔπος,
1315 738 1464 764 κάντεῦθεν
1488 739 1591 774 ἐπᾶραι
1604 739 1635 765 τὸ
1662 739 1796 774 διήγημα,
1823 740 1883 774 πρὸς

1094 784 1285 819 γαργαλισμὺν
1304 784 1358 810 τῶν
1374 784 1539 812 ἀκουόντων.
1583 785 1717 819 Θὲλγουσι
1746 785 1802 821 γὰρ
1829 786 1883 816 ταῖς

1095 830 1220 862 εὐεπίαις
1232 850 1239 862 ,
1261 829 1310 856 καὶ
1322 829 1551 865 παραλογίζονται
1564 831 1624 862 ταῖς
1637 830 1824 866 πιθανότησιν,
1834 831 1882 857 ὀλί-

1094 885 1131 911 γα
1147 876 1195 903 τοῦ
1218 876 1352 911 ἀψευδοῦς
1368 876 1571 912 φροντίζοντες,
1585 877 1632 904 ἅτε
1646 877 1798 913 δοξήθηρες
1812 878 1882 909 ὅντες

1095 923 1143 949 καὶ
1159 922 1408 959 ἀνθρωπαρεσκείᾳ
1422 922 1597 958 δουλούμενοι
1613 931 1620 938 ·
1648 919 1690 955 οἷς
1706 923 1733 949 δὲ
1760 923 1881 959 ἀληθείας

1095 968 1176 1002 ἔρως,
1192 968 1223 994 τὸ
1233 967 1263 994 ὃν
1281 969 1384 1000 εἰπεῖν,
1400 969 1447 995 καὶ
1462 969 1492 995 τὸ
1504 968 1605 1004 ἀληθὲς
1622 968 1806 1003 πρεσϐεῦσαι,
1835 968 1882 995 κᾶν

1095 1013 1133 1049 μὴ
1149 1013 1179 1040 τὸ
1190 1013 1330 1049 γλαφυρὸν
1345 1014 1391 1040 καὶ
1406 1014 1540 1050 εὐφραδὲς
1557 1014 1645 1050 ἔχοιεν
1656 1015 1670 1041 ὁ
1685 1014 1765 1048 λόγος
1775 1023 1783 1030 '
1796 1013 1881 1050 ἐπειδὴ

1095 1059 1149 1094 γὰρ
1171 1059 1288 1091 κάλλους
1315 1059 1447 1094 ἀληθείας
1477 1060 1615 1094 ἐφίενται,
1635 1060 1882 1096 παραπετάσμασιν

1094 1104 1194 1131 ἐοικόσι
1209 1105 1270 1136 ταῖς
1285 1104 1402 1140 φράσεσι
1433 1105 1539 1140 χαίρειν
1557 1105 1683 1139 φαίουσιν
1712 1105 1773 1141 (sic)
1789 1113 1796 1121 ·
1821 1106 1882 1140 ὅπερ

1094 1150 1168 1177 ἐστὶν
1177 1150 1272 1185 σοφίας
1278 1150 1327 1185 τῆς
1334 1150 1418 1182 ὅντως
1427 1150 1542 1186 εὕρεμα.
1551 1150 1630 1177 Οὕτω
1638 1151 1773 1186 δήπουθεν
1780 1151 1863 1185 κάγὼ,
1871 1151 1884 1178 ὁ

1095 1195 1199 1230 βραχὺς
1213 1195 1262 1222 καὶ
1278 1195 1316 1231 νῷ
1333 1195 1380 1222 καὶ
1407 1195 1479 1231 λόγῳ
1506 1196 1556 1222 καὶ¹
1582 1197 1729 1232 πνεύματι,
1757 1196 1805 1224 τὸν
1824 1197 1883 1232 ἐμὸν

1095 1241 1207 1277 Πατέρα
1223 1241 1404 1276 ἐπαινέσομαι
1417 1250 1423 1257 ·
1453 1242 1504 1269 οὐκ
1521 1242 1620 1277 ἐκείνῳ
1635 1243 1818 1278 χαριζόμενος
1838 1242 1882 1278 τὴν

1094 1287 1233 1322 εὐφημίαν
1248 1295 1255 1303 ·
1276 1287 1317 1319 τίς
1329 1287 1384 1323 γὰρ
1396 1287 1444 1315 καὶ
1460 1288 1541 1324 χάρις
1557 1288 1595 1324 τῷ
1611 1288 1709 1324 μηδενὶ
1722 1289 1882 1325 τερπομένη)

1093 1332 1149 1359 τῶν
1159 1333 1234 1368 τῇδε,
1242 1332 1293 1368 ἤδη
1301 1332 1350 1369 τὴν
1364 1334 1550 1369 ὑπερκόσμιον
1559 1333 1668 1369 λαχόντι
1685 1334 1775 1370 λῆξιν,
1792 1332 1825 1371 ἧς
1835 1335 1882 1367 πᾶς

1093 1378 1231 1414 ἐπιτυχὼν
1247 1379 1360 1415 διαγελᾷ
1376 1379 1410 1407 τὰ
1418 1380 1552 1415 παρόντα,
1572 1381 1610 1412 ὡς
1625 1381 1739 1416 μηδενὸς
1756 1382 1786 1409 ἐν
1799 1382 1884 1414 αὐτοῖς

1093 1424 1170 1456 ὄντος
1183 1425 1316 1460 στασίμου
1327 1435 1357 1452 τε
1369 1426 1417 1453 καὶ
1433 1427 1584 1462 μακαρίου,
1599 1427 1658 1454 ἀλλ’
1673 1427 1719 1454 ἴσα
1731 1429 1823 1460 σκιαῖς
1835 1436 1884 1456 πα-

1097 1471 1288 1507 ρατρέχοντος,
1304 1472 1351 1499 καὶ
1371 1473 1482 1500 ἄνθεσιν
1496 1475 1601 1510 ἠρινοῖς
1609 1475 1882 1510 ἀπομαραινομένου;

1095 1517 1199 1550 Ἄλλως
1212 1527 1254 1551 τε,
1266 1519 1291 1545 εί
1301 1518 1342 1546 ἔτι
1357 1519 1427 1554 ὑπὲρ
1441 1519 1494 1555 γῆν
1505 1519 1553 1553 ὢν,
1565 1520 1674 1553 ἀνάξιον
1687 1521 1788 1547 ἑαυτὸν
1800 1521 1883 1556 ἡγεῖτο

1094 1564 1143 1590 καὶ
1163 1565 1222 1596 τοῖς
1240 1565 1335 1597 ἁπλῶς
1348 1567 1497 1601 μονασταῖς
1518 1565 1810 1603 ὲγκα[τα]τάττεσθαι,
1823 1566 1884 1600 ὅπερ

1092 1606 1128 1644 ἦν
1153 1609 1241 1644 ἄκρας
1257 1611 1513 1646 ταπεινοφροσύνης
1526 1611 1638 1646 δεῖγμα,
1655 1612 1704 1638 καὶ
1730 1610 1786 1647 τῆς
1811 1611 1885 1645 ἁγίας

1094 1654 1203 1690 ἐκείνης
1218 1655 1309 1690 ψυχῆς
1324 1656 1489 1692 προτέρημα
1505 1665 1513 1673 ο
1535 1656 1594 1688 πῶς
1608 1657 1642 1684 ἂν
1665 1656 1808 1692 μετελθὼν
1835 1656 1885 1683 τῶν

1094 1700 1212 1733 ἐνθένδε,
1228 1701 1274 1728 καὶ
1288 1701 1317 1728 ἐν
1332 1703 1389 1734 τοῖς
1405 1703 1558 1737 ἀκηράτοις
1576 1702 1735 1738 γενόμενος,
1762 1702 1828 1730 ἔνθα
1842 1711 1884 1729 κε-

1095 1746 1144 1781 νῆς
1158 1746 1238 1782 δόξης
1251 1748 1366 1783 οὐδεμία
1383 1747 1487 1782 ἔφεσις,
1502 1748 1606 1784 ταύτης
1621 1747 1804 1784 ὲκζητήσειεν
1828 1746 1887 1781 παρ’

1095 1791 1185 1827 ἡμῶν,
1201 1792 1245 1819 διὰ
1255 1793 1309 1820 τῶν
1325 1793 1444 1821 ἐπαίνων
1459 1793 1654 1826 ἑπιτεύξασθαι
1667 1803 1675 1828 ;

247 1835 380 1870 mentum)
397 1834 537 1870 quomodo
552 1841 634 1864 nunc.
655 1839 800 1868 postquam
836 1834 901 1862 hinc
931 1835 1076 1870 emigravit
1098 1841 1126 1864 et
1151 1838 1369 1873 incorruptibilia
1395 1840 1465 1868 bona
1495 1840 1625 1875 possidet,
1656 1841 1727 1868 inter
1740 1848 1805 1876 quae
1820 1839 1887 1868 nulla

248 1886 291 1910 est
321 1881 411 1908 inanis
437 1881 530 1916 gloriae
552 1881 719 1915 appetentia,
747 1881 822 1908 illam
851 1889 899 1916 per
934 1888 1042 1911 nostras
1061 1884 1156 1913 laudes
1171 1885 1340 1915 desideraret
1356 1888 1511 1924 consequi?

283 1929 311 1956 2.
330 1928 459 1955 Laudabo
473 1936 538 1964 ergo
549 1937 623 1961 eum,
643 1929 691 1964 qui
717 1929 750 1956 ad
764 1930 827 1962 hoc,
841 1930 864 1957 si
882 1931 944 1965 quis
960 1931 1042 1964 alius,

1132 1934 1164 1970 β’.
1187 1935 1258 1962 Ἀλλ’
1272 1936 1313 1963 ὃτι
1331 1937 1412 1972 χρέος
1430 1937 1493 1972 ἐμοὶ
1517 1936 1600 1973 εἴπερ
1611 1936 1666 1964 τινὶ
1689 1937 1767 1973 ἄλλῳ
1789 1937 1886 1965 δικαιό-

247 1975 399 2010 iustissime
427 1974 543 2009 obligor,
574 1979 632 2001 tum
665 1983 714 2010 pro
741 1975 801 2010 ejus
829 1975 857 2002 in
891 1984 934 2003 me
948 1972 1062 2005 olliciis'

249 2021 355 2052 multis,
374 2025 430 2047 tum
454 2020 495 2047 vel
521 2021 641 2048 maxime
658 2029 708 2056 pro
732 2021 792 2056 ipsa
808 2021 869 2054 hac,
886 2022 1046 2057 qualiscun-

249 2075 302 2103 que
326 2073 378 2101 est,
409 2067 515 2096 dicendi
544 2068 685 2101 facultate,
704 2077 786 2103 quant
803 2069 945 2096 laboribus
960 2073 987 2096 et
1003 2069 1046 2095 in-

249 2113 355 2141 dustria
382 2113 443 2148 ejus
463 2113 600 2140 excultam
633 2113 779 2148 possideo,
804 2113 885 2148 eique
904 2121 949 2140 me
972 2113 1046 2140 velut

250 2158 324 2186 Patri
345 2163 485 2194 acceptam
506 2158 610 2186 referre
630 2163 749 2193 oportet.
773 2158 868 2193 Neque
889 2163 980 2185 tamen
1003 2165 1046 2185 me

250 2205 388 2233 existimet
400 2205 539 2240 quispiam
559 2205 586 2232 id
610 2211 722 2240 quoque
742 2209 877 2239 spectare,
897 2205 969 2239 quod
985 2204 1045 2231 laus

250 2249 323 2276 Patri
338 2249 438 2282 danda,
464 2249 652 2276 reduntlatura
671 2249 707 2275 sit
724 2248 752 2275 in
770 2248 866 2282 filium,
881 2248 960 2284 juxta
978 2248 1044 2275 illud

253 2295 413 2330 Sapientis:
435 2294 526 2322 Gloria
548 2295 662 2321 hominis
689 2302 722 2322 ea;
750 2295 847 2322 [tonare
865 2295 950 2328 patris
972 2294 1045 2323 aut".

252 2342 316 2370 Scio
344 2342 417 2369 enim
437 2341 510 2376 quod
525 2341 570 2368 cui
595 2341 668 2367 domi
690 2348 747 2368 suae
773 2347 798 2368 et
817 2348 833 2368 a
849 2341 941 2375 seipso
959 2340 1045 2375 gloria

253 2387 382 2423 suppetit,
398 2387 421 2415 is
437 2395 452 2414 a
468 2392 545 2422 patre
558 2387 640 2414 etiam
661 2387 793 2414 honorem
812 2386 963 2421 accipiens,
980 2394 1045 2413 eva-

252 2435 300 2462 dat
321 2434 466 2469 gloriosior
484 2443 491 2461 :
512 2434 555 2462 sin
579 2434 680 2467 minus,
711 2438 838 2469 paternas
862 2433 957 2460 laudes
976 2432 1046 2460 nihil

254 2479 384 2516 prodesse
402 2480 438 2514 ei,
456 2480 502 2515 qui
516 2488 565 2516 per
584 2488 614 2508 se
636 2480 766 2516 inglorius
789 2485 871 2515 atque
894 2479 1046 2507 inhonorus

252 2529 305 2555 est,
326 2523 415 2559 qualis
441 2531 503 2552 esse
522 2525 629 2552 videor.
646 2523 699 2553 Fas
722 2530 813 2552 tamen
829 2531 884 2552 non
900 2529 943 2552 est
961 2524 1045 2551 vitam

253 2569 328 2598 illius
341 2577 376 2598 ex
395 2569 496 2598 virtute
508 2574 596 2598 actam
610 2571 661 2598 sub
671 2571 764 2598 modio
780 2570 893 2603 silentii,
913 2573 1044 2605 tanquam

253 2616 394 2645 lucernam
416 2617 534 2651 abdere;
566 2625 627 2653 qua:
653 2625 736 2653 supra
757 2616 891 2644 rationale
917 2616 1045 2644 candela-
1060 2605 1083 2633 υ

253 2665 333 2693 brum
361 2664 459 2701 pOsita,
486 2665 591 2701 fulgere
611 2665 702 2699 debet,
723 2673 776 2692 non
791 2664 838 2692 uni
857 2664 981 2698 alterive,
997 2663 1045 2692 sed

252 2712 383 2740 omnibus
415 2712 541 2748 (ﬁdenter
568 2711 678 2746 loquor)
708 2711 755 2746 qui
789 2710 817 2738 in
846 2709 968 2737 Ecclesia
997 2709 1044 2737 Dei

253 2764 327 2788 sunt.
354 2760 446 2793 Quare
467 2766 530 2787 cum
552 2754 608 2794 jam
635 2758 853 2786 demonstratum
874 2756 926 2790 sit,
951 2763 995 2784 me
1010 2756 1043 2784 ad

293 2876 302 2892 ¹
322 2875 407 2904 Eccli.
422 2884 465 2911 tu,
481 2875 522 2904 l5.

1095 1989 1188 2014 τατον,
1213 1982 1348 2017 ὀφείλοντι
1364 1983 1433 2018 μετὰ
1451 1983 1507 2010 τῶν
1522 1983 1620 2016 ἄλλων,
1640 1983 1687 2010 καὶ
1711 1984 1788 2019 ὑπὲρ
1811 1983 1886 2010 αὑτοῦ

1095 2026 1143 2054 τοῦ
1160 2028 1235 2060 ὅπως
1250 2026 1307 2061 οὖν,
1326 2029 1373 2055 καὶ
1388 2029 1433 2056 ὑπ’
1460 2029 1567 2056 ἐκείνου
1596 2029 1687 2056 πόνων
1699 2037 1729 2056 τε
1761 2030 1810 2056 καὶ
1834 2030 1889 2055 ἐπι-

1098 2074 1214 2109 μελειῶν
1242 2075 1391 2111 προσόντος
1406 2084 1452 2110 μοι
1469 2075 1560 2109 λόγου,
1576 2072 1621 2101 οἷά
1635 2083 1696 2102 τινα
1711 2074 1888 2110 ἀμοιϐὴν,πῇ

1096 2120 1186 2155 Πατρὶ
1196 2120 1243 2147 τὸν
1258 2120 1337 2156 λόγον
1346 2120 1494 2156 ἀναθήσειν
1505 2128 1510 2134 ·
1530 2120 1652 2154 καίτοιγε
1661 2121 1783 2148 συννοῶν
1796 2121 1889 2154 ὅτιπερ

1096 2165 1110 2192 ὁ
1125 2166 1259 2203 πατρικὸς
1275 2166 1386 2198 ἔπαινος
1401 2167 1440 2198 είς
1455 2166 1513 2193 υίοῦ
1528 2166 1607 2198 δόξαν
1619 2166 1804 2202 ἀναφέρεται,
1824 2164 1889 2193 κατὰ

1096 2211 1209 2238 εἰπόντα
1227 2212 1325 2246 σοφόν·
1351 2212 1386 2239 'H
1401 2212 1478 2244 δόξα
1490 2212 1649 2246 ἀνθρώπου
1671 2212 1706 2240 ἐκ
1733 2212 1825 2248 τιμῆς
1838 2212 1887 2239 τοῦ

1097 2258 1210 2291 πατρὸς
1229 2257 1333 2290 αὑτοῦ,
1348 2257 1378 2284 οὐ
1392 2257 1445 2292 μὴν
1460 2257 1506 2284 διὰ
1523 2257 1614 2290 τοῦτο,
1628 2257 1667 2289 ὡς
1681 2258 1715 2285 ἄν
1727 2266 1772 2290 τις
1786 2257 1886 2293 οἰηθείη

1096 2304 1259 2335 ἐπαινέσων,
1276 2302 1355 2335 εἰδὼς
1370 2303 1463 2336 πάλιν,
1481 2302 1519 2335 ὡς
1531 2303 1657 2336 ἕκαστος,
1673 2304 1697 2329 εἰ
1720 2303 1831 2330 οἴκοθεν
1845 2302 1887 2329 καὶ

1098 2350 1163 2386 παρ’
1178 2349 1278 2376 ἑαυτοῦ
1293 2350 1323 2377 τὸ
1339 2350 1450 2382 εὐκλεὲς
1479 2350 1546 2385 ἔχοι,
1572 2350 1770 2385 εὐκλεές-τερος
1791 2350 1824 2377 ἂν
1849 2350 1888 2383 εἴη

1097 2395 1145 2421 καὶ
1160 2395 1296 2431 πατρόθεν
1313 2395 1394 2428 δόξαν
1408 2394 1611 2430 ὲρανιζόμενος·
1630 2395 1656 2420 εί
1684 2394 1713 2421 δὲ
1742 2393 1793 2429 μὴ,
1816 2392 1888 2419 οὐδὲν

1097 2440 1220 2476 ὀνίνησιν
1240 2440 1270 2467 τὺ
1286 2441 1421 2476 πατρικὸν
1435 2440 1520 2476 γέρας
1533 2440 1579 2467 τὸν
1593 2439 1678 2475 ἀκλεῆ
1704 2447 1736 2466 τε
1754 2439 1804 2466 καὶ
1828 2438 1888 2472 ἀγί-

1099 2494 1210 2522 ραστον,
1225 2483 1285 2518 οἷος
1298 2486 1353 2520 ἐγὼ
1367 2485 1510 2522 φαίνομαι.
1531 2485 1654 2512 ’Δλλ’ὅτι
1668 2484 1718 2521 οὐχ
1733 2485 1821 2517 ὅσιον,
1841 2482 1889 2510 ὑπὸ

1097 2532 1144 2559 τὸν
1158 2532 1210 2567 τῆς
1230 2534 1309 2568 σιγῆς
1322 2533 1414 2568 μόδιον
1433 2533 1531 2564 θεῖναι,
1548 2530 1675 2566 καθάπερ
1707 2531 1773 2557 τινὰ
1796 2530 1888 2564 λύχνον

1098 2578 1243 2612 ἁείφωτον,
1258 2578 1305 2605 τὸν
1319 2578 1447 2613 ἐνάρετον
1460 2577 1576 2609 ἐκείνου,
1588 2576 1646 2604 ἀλλ’
1661 2575 1708 2602 ἐπὶ
1718 2575 1770 2612 τὴν
1779 2575 1888 2610 λογικὴν

1099 2624 1210 2659 λυχνίαν
1229 2623 1476 2659 μαρμαρύσσοντα,
1492 2621 1587 2658 θαρρῶ
1603 2622 1703 2656 λέγειν,
1715 2622 1747 2648 οὐ
1764 2621 1806 2656 τῷ
1827 2621 1888 2647 δεῖνι

1100 2670 1147 2697 καὶ
1159 2670 1237 2702 δεῖνι,
1252 2670 1321 2697 ἀλλὰ
1334 2670 1429 2705 σχεδὸν
1436 2669 1525 2696 εἰπεῖν
1539 2669 1666 2700 πᾶσιτοῖς
1681 2669 1710 2694 ἐν
1719 2669 1755 2703 τῇ
1767 2667 1816 2694 τοῦ
1825 2665 1889 2694 θεοῦ

1107 2715 1266 2751 Ἐκκλησία.
1294 2715 1373 2742 Ἐπεὶ
1383 2715 1430 2742 οὖν
1446 2713 1589 2749 λυσιτελὴς
1605 2714 1673 2749 ἡμῖν
1690 2713 1738 2739 καὶ
1757 2713 1888 2747 ὕπόχρεος

1099 2761 1170 2788 κατὰ
1186 2761 1232 2788 τοῦ
1245 2761 1277 2798 (ξ’)
1290 2761 1397 2798 ἐδείχθη
1414 2762 1429 2788 ὁ
1439 2761 1528 2797 λόγος,
1542 2760 1611 2796 ἔχων
1625 2758 1696 2795 μετὰ
1709 2757 1831 2794 ἀληθοῦς
1845 2756 1889 2785 καὶ
