1924 3077
73 127 123 163 805

412 125 553 158 ORATIO
568 126 622 156 XI.
636 138 670 143 —
690 125 881 156 LAUDATIO
900 125 930 154 Ξ.
951 125 1136 155 PLATOle
1152 126 1369 156 liEGUMENI.

1654 126 1706 157 806

74 189 102 215 τὺ
122 189 260 223 χρήσιμον
272 184 366 220 ἡλίκον
383 191 389 198 ·
411 183 478 218 φέρε
494 181 599 208 ἐκεῖθεν
614 180 804 216 ἀπαρξώμεθα
812 180 865 206 τῶν

922 179 988 206 hanc
1013 180 1164 208 orationem
1187 185 1214 207 et
1237 180 1402 214 obligatione
1427 180 1535 215 propria
1548 185 1574 207 et
1589 181 1707 208 utilitate

73 233 230 270 εγκωμίων,
246 231 309 258 ὅθεν
327 230 372 257 καὶ
388 228 628 264 πρεπωδέστατον.

250 383 448 412 ΚΕΦΛΛΑΙΟΝ
469 383 617 411 ΠΡΩΤΟΝ.

917 225 1003 252 aliena
1032 226 1173 253 inductum
1190 226 1321 253 accedere
1347 225 1398 260 (cst
1412 226 1485 252 enim
1513 227 1621 253 veritati
1639 234 1706 254 con-

915 271 1010 304 juncta
1036 271 1223 306 utilitas),agc
1247 270 1432 297 laudationem
1451 270 1486 297 ab
1508 277 1540 297 eo
1554 270 1705 303 ordiamur,
1732 264 1738 267 ’

917 317 987 344 unde
1001 317 1136 352 praecipue
1151 317 1279 344 convenit
1293 316 1402 343 initium
1420 316 1531 344 ducere.

1163 384 1278 413 CAPUT
1299 384 1442 413 PRIMUM.

602 441 694 475 Ortus,
705 442 839 474 educatio,
851 450 969 470 secessus
985 443 1011 470 in
1019 443 1182 478 Bithyniam.

107 518 143 551 γ’.
153 515 275 550 Πατέρες
285 514 334 549 μὲν
342 513 381 548 τῷ
396 512 524 548 μακαρίῳ
539 511 675 545 Πλάτωνι,
690 511 805 548 Σέργιος
817 513 864 539 καὶ

71 563 214 600 Εὐφημία,
229 558 267 589 ὧν
280 561 312 587 τὸ
324 559 436 594 εὖγενὲς
451 558 599 594 ἐπίσημον,
614 558 661 586 καὶ¹
673 559 687 585 ὁ
702 559 802 594 τρόπος
814 560 863 586 οὐκ

70 610 249 645 ἁγενέστερος
274 616 281 622 ·
302 605 381 642 ἤθεσι
406 605 601 641 χρηστοτέροις
631 604 862 640 ἀναστρεφόμενοι

70 657 117 684 καὶ
131 653 278 689 οἰκουριῶν
292 651 464 687 ἐπιμελείαις
475 651 509 678 τά
522 650 618 678 ἐνόντα
630 650 700 685 ὑπὲρ
714 650 776 681 τοὺς
796 649 862 676 πολ-

69 703 132 734 λοὺς
148 701 290 734 αὔξοντες,
304 699 353 725 καὶ
367 696 486 733 ζηλωτοὶ
500 696 545 724 διά
571 695 659 724 ταῦτα
685 695 862 730 συγγενεῦσιν

70 749 241 783 ὑπάρχοντες
252 755 260 762 ·
278 743 328 777 οἷς,
345 744 414 780 μετὰ
425 743 480 770 τῶν
502 742 590 770 ἄλλων
618 743 746 777 μέγιστον
770 741 859 777 ἐγκώ-

71 803 132 830 μιον
148 792 197 819 καὶ
213 791 356 822 εὐτεκνίας
371 789 497 825 δώρημα.
514 789 628 824 Φέρουσι
642 788 697 823 γὰρ
718 787 812 823 ὥσπερ
820 796 860 813 τι·-

69 840 104 866 νὰ
120 836 260 871 εὺθυγενῆ
274 835 400 872 βλαστὸν,
423 835 472 862 σὺν
489 834 551 861 δυσὶ
564 833 728 869 θυγατράσι,
752 833 798 860 τὸν
812 833 860 860 νῦν

69 883 268 918 ἐπαινούμενον
281 903 290 916 ,
306 881 368 908 οὐδὲ
384 881 482 912 αὑταῖς
506 879 633 906 άκλεέσιν
657 879 809 913 ὀφθείσαις,
823 877 860 905 ὢν

71 929 158 956 πολλὰ
173 929 222 956 καὶ
239 928 311 954 καλὰ
325 926 360 954 τὰ
381 926 552 961 διηγήματα,
566 925 617 960 τῆς
631 925 681 960 μὲν
695 925 724 952 ὲν
736 925 775 960 τῷ
802 933 860 952 κοι-

69 975 177 1010 νωνικῷ
194 975 244 1010 βίῳ
257 973 459 1009 διαπρεψάσης,
473 972 534 1007 τῆς,
550 972 581 1004 ἐξ
591 969 625 1008 ἧς
640 972 688 999 καὶ
703 973 794 1007 ἡμεῖς,
808 972 861 999 κᾶν

69 1022 108 1057 τῷ
126 1019 265 1057 μοναδικῷ
281 1019 403 1054 τάγματι
414 1017 620 1053 διαλαμψάσης.
643 1017 752 1053 Ἐπειδὴ
767 1017 795 1044 δὲ
820 1018 861 1043 ἐν-

69 1067 174 1102 έσκηψε
181 1066 242 1093 κατ’
250 1066 339 1092 ἐκεῖνο
349 1063 447 1099 καιροῦ
460 1063 529 1099 ὀργὴ
545 1063 671 1099 οὐράνιος
683 1062 756 1099 (άγει
765 1072 799 1098 με
807 1063 861 1098 γὰρ

69 1113 173 1148 ταύτην
202 1110 320 1147 δηλῶσαι
336 1112 353 1146 ἡ
372 1109 523 1145 ὑπόθεσις),
540 1109 644 1144 φθορὰν
671 1109 713 1136 ὅτι
744 1109 862 1145 μάλιστα

70 1158 213 1192 ἐπάγουσα
228 1156 378 1192 πάνδημον,
392 1155 441 1182 οὐκ
458 1154 564 1189 ὀλίγαις
580 1153 629 1190 μὲν
648 1153 743 1186 ἄλλαις
758 1155 861 1189 χώραις

69 1214 98 1232 τε
112 1204 162 1232 καὶ
177 1204 288 1230 πόλεσιν
303 1201 518 1237 μετενδημοῦσα,
529 1200 624 1236 ὥσπερ
634 1209 676 1232 τις
689 1200 860 1235 Αἰγυπτιακὴ

72 1250 171 1286 μάστιξ
185 1251 217 1276 ὲκ
232 1248 313 1284 τῆσδε
324 1249 364 1280 εις
381 1247 472 1284 τήνδε,
488 1246 605 1282 μάλιστα
619 1246 648 1272 δὲ
659 1247 691 1281 τῇ
710 1244 862 1279 βασιλιζού-

71 1307 104 1333 σῃ
133 1295 279 1328 Βυζαντίδι
290 1302 296 1308 ·
312 1293 401 1329 ταύτῃ
427 1302 469 1320 τοι
486 1292 533 1320 καὶ
559 1291 726 1320 καταλύουσι
743 1291 789 1318 τὸν
805 1291 862 1326 βίον

70 1345 93 1370 οἱ
107 1343 281 1377 ἁείμνηστοι.
299 1340 357 1367 Οὐκ
379 1339 493 1374 ἄκαιρον
513 1338 542 1365 δὲ
563 1339 644 1374 τάχα,
664 1338 798 1374 ὡφελείας
810 1338 862 1374 χά-

72 1397 114 1423 ριν
127 1388 176 1414 κα¹ι
190 1387 236 1413 τὸν
260 1385 308 1412 τοῦ
335 1385 452 1411 θανάτου
483 1383 584 1418 τρόπον
608 1384 777 1419 ὲπισημᾶναι
791 1391 798 1398 ·
815 1383 862 1418 γέ,-
877 1399 899 1430 C

71 1441 144 1460 νοιτο
159 1433 214 1467 γὰρ
223 1431 291 1459 ἆντὺ
305 1430 431 1466 διήγημα
445 1429 623 1465 ὲκδειματοῦν
637 1429 687 1462 τὰς
706 1429 794 1465 ψυχάς
811 1429 864 1455 τῶν

72 1480 193 1511 συνετῶς
206 1479 366 1506 ἐπαϊόντων.

106 1616 139 1644 δ¹ι
160 1616 284 1649 Ἐωρᾶτο
309 1614 427 1647 ἐξάπινα
448 1614 478 1640 ὲν
499 1613 558 1645 τοῖς
572 1612 688 1640 ἑκάστου
700 1611 863 1647 ἑσθήμασιν,

72 1665 101 1690 ἑν
118 1662 212 1698 βαφίδι
229 1657 367 1694 ὲλαιὼδει,
380 1659 412 1686 τὸ
428 1659 541 1694 σημεῖον
560 1657 608 1685 τοῦ
628 1657 762 1689 ζωοποιοῦ
786 1665 866 1683 amo--

74 1709 122 1745 ροῦ
141 1707 368 1742 κατεστιγμένον,
387 1703 431 1732 οἷα
448 1704 526 1740 παρὰ
542 1704 632 1740 χειρὸς
655 1702 865 1739 ὼραιογραφού-

74 1764 134 1791 ars,
151 1754 254 1790 μᾶλλον
279 1753 308 1779 δὲ
334 1752 381 1778 ἐπὶ
402 1750 470 1778 Θεοῦ
489 1749 614 1785 δακτύλῳ
638 1750 684 1776 καὶ
704 1750 864 1785 ὑπέρτερον.

80 1801 219 1836 Ἐοροεῖτο
233 1800 247 1825 ὁ
257 1798 382 1833 ληφθεὶς,
397 1797 506 1824 ῦπεισίν
519 1796 544 1822 οἱ
559 1795 639 1827 εὐθὺς
651 1796 665 1822 ὁ
674 1795 787 1826 θάνατος
797 1803 803 1809 ·
817 1796 867 1821 αὑ-

74 1847 197 1882 θημερὸν
219 1844 267 1871 τοῦ
287 1843 381 1876 αὐτοῦ,
401 1842 449 1870 καὶ
466 1841 563 1877 νεκρὸν
589 1840 792 1874 ἐκκομίζοντος,
820 1840 867 1866 καὶ

73 1892 175 1927 νεκροῦ
187 1889 419 1925 ἐκκομιζομένου,
433 1887 481 1914 δύο
503 1887 550 1913 ἐπὶ
567 1885 612 1912 τοῦ
639 1884 722 1912 αὐτοῦ
737 1884 867 1919 ὲπισκίμ-

74 1939 169 1969 ποδος,
200 1936 292 1963 δισδὺο
317 1935 364 1962 ἐπὶ
396 1934 468 1966 ζώου
497 1932 668 1968 άχθοφόρου·
683 1931 776 1966 φόρτοι
805 1931 866 1956 ἀλ).-

75 1983 226 2018 επάλληλοι
235 1980 376 2016 δυστυχῶν
393 1979 527 2014 σωμάτων
538 1986 545 1994 ·
557 1978 651 2013 θρῆνοι
669 1975 810 2011 πανταχοῦ
823 1984 869 2001 πε-

77 2029 173 2066 ριηχού
178 2037 254 2064 μενοι
261 2028 308 2054 καὶ
318 2025 518 2060 ὲλεεινολογίαι,
528 2023 641 2060 ὴτόνουν
659 2023 683 2049 οἱ
694 2021 867 2057 ὲκκομισταὶ,

953 513 980 540 5.
1002 513 1074 541 Beati
1091 513 1214 542 Platonis
1230 518 1357 549 parentes
1370 514 1483 549 Sergius
1504 513 1706 550 atque-Euphe-

918 559 970 585 mia
986 558 1106 591 fuerunt,
1127 566 1279 593 eorutnque
1293 563 1319 586 et
1336 567 1422 593 genus
1446 559 1562 592 illustre,
1576 564 1603 587 et
1619 560 1705 587 nihilo

917 605 1008 632 minus
1033 605 1154 632 illustres
1178 606 1293 633 virtutes
1310 614 1318 632 :
1341 605 1451 640 optimis
1470 609 1560 632 autent
1581 605 1706 633 moribus

916 648 1055 683 providam
1070 648 1213 676 familiaris
1229 649 1266 676 rei
1284 656 1379 676 curam
1393 653 1528 684 gerentes,
1539 649 1613 676 illam
1624 658 1706 685 supra

917 695 1018 723 multos
1038 700 1185 729 auxerunt,
1202 696 1285 723 etiam
1307 703 1395 730 usque
1409 695 1443 722 ad
1459 695 1589 723 invidiam
1604 703 1706 731 cogna-

913 746 1014 769 torum.
1040 742 1099 770 Prae
1125 743 1230 770 caeteris
1252 748 1342 770 tamen
1363 742 1503 775 laudibus,
1518 743 1706 771 commendari

914 789 940 815 in
953 788 1019 824 ipsis
1036 793 1156 817 meretur
1181 789 1330 816 liberorum
1348 789 1547 824 gignendorum
1563 789 1681 817 felicitas
1697 799 1704 818 :

913 839 1006 870 utpote
1034 836 1091 870 qui.
1124 837 1198 864 velut
1225 835 1330 863 illustre
1356 843 1488 870 germen,
1516 835 1598 868 hunc,
1623 843 1706 871 quem

914 881 996 908 modo
1018 881 1173 915 laudamus,
1200 882 1347 917 protulere,
1366 889 1421 909 una
1436 889 1498 909 cum
1516 881 1623 909 duabus
1637 882 1707 910 tilia-

913 927 964 955 bus
980 928 1028 962 (1),
1053 936 1104 956 nec
1132 928 1197 963 ipsis
1224 928 1346 964 iugloriis
1374 928 1448 963 (nam
1474 928 1546 956 etde
1561 928 1603 956 his
1619 929 1705 956 multa

915 973 1099 1008 praeclaraque
1117 974 1171 1001 dici
1193 976 1328 1008 possent),
1346 981 1464 1008 qttarum
1482 981 1537 1000 una
1552 974 1663 1007 quidem
1677 974 1705 1001 in

914 1019 1037 1046 saculari
1054 1020 1109 1046 vita
1128 1019 1300 1047 laudabiliter
1312 1024 1353 1047 est
1365 1024 1525 1047 conversala
1536 1028 1543 1053 ;
1556 1020 1641 1047 altera
1654 1020 1705 1055 (2),

915 1064 988 1092 unde
1007 1065 1064 1092 nati
1087 1073 1137 1093 nos
1160 1073 1267 1098 sumus,
1297 1066 1378 1093 etiam
1397 1065 1425 1092 iu
1441 1065 1595 1093 monastico
1609 1066 1706 1093 ordine

914 1111 1025 1140 effulsit.
1055 1111 1139 1140 Porro
1165 1114 1285 1141 ccelesﬁs
1315 1113 1438 1148 quaedam
1462 1113 1502 1140 ira
1520 1117 1644 1148 tempore
1659 1113 1706 1140 illo

916 1157 961 1193 (de
979 1158 1029 1185 hac
1048 1158 1184 1193 siquidem
1212 1159 1286 1193 loqui
1302 1167 1346 1187 res
1359 1159 1416 1194 ipsa
1432 1163 1534 1190 monet,
1551 1165 1615 1186 cum
1631 1166 1707 1186 mor-

916 1203 1047 1231 talitatem
1068 1204 1110 1232 vel
1126 1204 1246 1232 maxime
1267 1205 1449 1232 uuiversalem
1461 1204 1633 1240 adduxerit),
1649 1211 1703 1232 non

916 1249 1010 1284 paucis
1032 1249 1165 1277 duntaxat
1190 1250 1252 1277 aliis
1280 1250 1347 1277 locis
1375 1254 1402 1277 et
1427 1249 1541 1277 urbibus
1556 1249 1704 1276 incubuit:

917 1295 962 1322 sed
991 1301 1024 1322 ex
1048 1303 1102 1322 una
1132 1295 1159 1322 in
1189 1296 1281 1329 aliam,
1309 1295 1398 1323 instar
1428 1294 1582 1331 {Egyptiaci
1606 1294 1706 1330 flagelli

917 1341 1066 1372 transiens,
1090 1342 1265 1376 Byzantinam
1291 1342 1464 1377 potissimum
1485 1342 1622 1369 civitatem
1639 1341 1707 1368 affli-

918 1386 966 1414 xit.
992 1386 1019 1413 In
1036 1387 1087 1414 hac
1111 1387 1194 1415 etiam
1217 1389 1301 1415 vitam
1324 1395 1441 1422 posuere
1463 1395 1546 1422 supra
1562 1388 1705 1414 memorati

919 1439 952 1459 ac
973 1439 1080 1466 semper
1104 1433 1273 1460 memorandi
1293 1433 1436 1467 conjuges.
1453 1432 1596 1465 Quomodo
1613 1436 1705 1459 autem

920 1478 945 1506 id
962 1477 1103 1511 acciderit,
1132 1486 1221 1513 opera:
1238 1478 1355 1513 pretium
1375 1477 1457 1505 fuerit
1475 1478 1611 1512 explicare
1633 1486 1640 1504 :
1666 1483 1708 1505 est

918 1523 991 1550 enim
1009 1523 1069 1558 ejus
1082 1523 1122 1550 rei
1143 1523 1265 1550 narratio
1281 1524 1355 1555 talis,
1369 1523 1511 1550 utsalubri
1530 1523 1629 1550 timore
1645 1530 1709 1550 con-

920 1572 1014 1595 cutere
1043 1567 1131 1602 possit
1144 1567 1249 1595 animos
1259 1588 1266 1600 ,
1278 1575 1339 1594 eam
1354 1567 1501 1602 prudenter
1515 1567 1705 1602 suscipientes.

954 1615 981 1642 4.
999 1613 1168 1642 Cernebatur
1182 1613 1215 1640 de
1235 1618 1346 1648 repente
1362 1614 1388 1641 in
1408 1613 1542 1648 cujusque
1555 1613 1653 1640 vestitu
1668 1612 1708 1639 vi—

919 1660 1007 1688 viticze
1018 1659 1109 1687 crucis
1122 1659 1285 1694 signuml'é),
1295 1659 1418 1686 tincturus
1426 1658 1648 1693 pinguis,veluta
1661 1665 1708 1691 pc-

919 1706 972 1734 rita
989 1714 1082 1736 mantt,
1100 1713 1148 1733 seu
1164 1705 1254 1739 potius
1273 1705 1366 1732 divino
1382 1705 1466 1740 digito
1489 1713 1607 1740 superne
1624 1705 1707 1733 eﬂ‘or-

920 1757 1034 1779 matum.
1052 1752 1080 1779 ld
1093 1751 1118 1778 in
1129 1759 1157 1777 se
1165 1751 1337 1785 conspiciens
1349 1751 1520 1784 turbabatur,
1538 1751 1708 1779 subintrahat

921 1798 1071 1826 accelerata
1080 1804 1169 1828 mors;
1185 1797 1279 1823 eodem
1292 1797 1344 1827 die,
1357 1796 1404 1831 qui
1413 1797 1547 1824 extulerat
1558 1802 1706 1828 mortuum.

921 1849 1045 1871 mortuus
1054 1842 1135 1869 etiam
1155 1843 1212 1876 ipse
1231 1841 1404 1869 efferebatur.
1417 1841 1515 1869 Videre
1530 1847 1589 1869 erat
1599 1842 1668 1874 duos
1681 1843 1708 1870 in

920 1889 1016 1917 eadem
1031 1887 1171 1922 sandapila
1186 1907 1193 1920 ,
1221 1892 1340 1922 quatuor
1359 1895 1441 1922 super
1456 1896 1539 1914 unum
1554 1888 1708 1923 jumentum

920 1934 1034 1970 portari,
1046 1938 1073 1960 et
1081 1932 1206 1960 cumulos
1220 1931 1370 1959 infelicium
1386 1933 1548 1960 cadaverum
1563 1933 1641 1960 alius.
1653 1934 1710 1960 Au-

921 1979 1065 2007 diebantur
1079 1978 1261 2012 undequaque
1277 1981 1406 2005 sonantes
1427 1977 1553 2012 planctus
1570 1982 1651 2012 atque
1669 1977 1710 2004 la-

923 2029 1024 2057 menta,
1035 2024 1210 2052 lassabantur
1219 2023 1393 2058 vespillones,
1405 2023 1579 2051 rarescebant
1589 2023 1709 2050 libitina-

75 2076 227 2108 ἐσπάνιζον
241 2075 267 2101 οἱ
284 2073 476 2107 ὲνταφιασταὶ,
487 2070 624 2098 ἐκλείοντο
633 2067 714 2100 οἶκοι,
727 2067 865 2094 ὲκενοῦντε

922 2070 1282 2104 rii,claudcbanturdomus,
1289 2068 1475 2096 vacuabantur
1484 2068 1547 2101 vici,
1554 2069 1709 2096 cmmeteria

75 2121 214 2157 ρεγεῶνες
227 2119 276 2156 (b),
287 2118 455 2153 ἐπληροῦντο
463 2115 636 2151 πολυάνδρια,
644 2114 688 2140 διὰ
700 2113 782 2149 μέσου
797 2113 871 2139 δυοῖν

77 2168 186 2203 μηνοῖν,
200 2165 253 2200 τῆς
270 2163 485 2198 πολυανορώπου
502 2170 532 2188 τε
554 2161 603 2188 καὶ
630 2159 798 2195 μυριοικιδος
820 2159 871 2185 πό-

75 2214 146 2246 λεως
167 2213 273 2248 ἐρήμου
293 2211 341 2238 καὶ
361 2209 501 2237 άοικίστου
527 2208 620 2243 σχεδὸν
635 2207 723 2233 εἰπεῖν
741 2205 870 2240 ὲποφϐεί-

78 2267 139 2293 σης.
155 2257 251 2284 Ταῦτα
265 2257 295 2283 ὲν
305 2256 423 2291 ἡμέραις
438 2254 645 2281 Κωνσταντίνου
664 2252 711 2279 τοῦ
724 2251 872 2284 δυσσεϐοῦς

79 2303 227 2338 βασιλέως,
242 2301 287 2337 ὑφ’
302 2299 332 2328 οὗ
347 2300 459 2337 ήείκὼν
473 2299 522 2327 τοῦ
544 2298 664 2335 Χριστοῦ
688 2297 871 2333 καθυϐρίσϐη,

923 2116 1108 2152 rcplebantur;
1119 2115 1187 2142 adeo
1196 2119 1225 2142 ut
1235 2115 1305 2142 intra
1316 2114 1431 2141 duorum
1439 2114 1573 2142 mensium
1582 2114 1710 2149 spatium,

925 2162 990 2189 urbs
998 2160 1208 2196 popuIOSissima
1220 2164 1301 2194 atque
1310 2159 1519 2191 habitatissima,
1529 2166 1597 2193 pene
1604 2159 1710 2186 deserta

925 2210 1007 2240 atque
1020 2205 1122 2232 inculta
1138 2208 1292 2239 appareret.
1309 2203 1415 2230 Accidit
1428 2203 1517 2230 hocin
1533 2203 1629 2230 diebus
1640 2203 1711 2230 Cou-

926 2251 1039 2280 stantini
1059 2251 1097 2287 (4)
1113 2249 1296 2285 imperatoris,
1315 2248 1388 2276 illius
1399 2268 1406 2281 ,
1420 2248 1542 2283 inquam,
1553 2248 1712 2283 impostoris

926 2297 1039 2330 nefarii,
1068 2305 1083 2324 a
1112 2304 1168 2332 quo
1187 2296 1276 2330 imago
1293 2295 1396 2322 Christi
1410 2295 1588 2322 simulacrum
1608 2295 1712 2322 erroris

837 2386 956 2414 NOTAE.

115 2453 153 2488 (ο)
175 2451 311 2488 Quoniam
326 2448 546 2488 antiquaRo‘ma
566 2449 593 2476 in
609 2448 737 2488 regiones
757 2447 931 2474 dividebatur
955 2445 1041 2488 (quod
1071 2444 1101 2488 in
1121 2444 1196 2488 hunc
1216 2451 1306 2488 usque
1319 2443 1390 2488 diem
1405 2442 1624 2488 obtinet).etiam
1643 2450 1712 2471 nova

82 2478 198 2521 Ro‘m'a,”
215 2478 471 2520 Constantinopolin
490 2484 564 2518 dico,
591 2478 726 2519 ejusmodi
760 2489 860 2510 nomen
899 2478 1050 2516 usurpavit,
1074 2483 1104 2507 ut
1126 2483 1199 2514 patet
1212 2486 1245 2506 ex
1266 2479 1425 2507 auctoribus
1440 2486 1456 2505 a
1471 2478 1590 2506 Meursio
1619 2486 1714 2506 recen-

83 2531 153 2552 81115.

116 2582 155 2617 (l)
176 2580 293 2617 Sirletus
306 2583 364 2612 post
381 2579 449 2617 duas
463 2578 534 2614 ﬁlias
546 2577 667 2617 genitum
680 2577 788 2617 “scribit
800 2576 873 2617 :_se_(l

84 2611 170 2644 solum
192 2617 218 2642 in
236 2615 330 2642 Graeco
345 2619 386 2642 est
401 2611 594 2646 σὺν,ἰιιηι.’1η
607 2613 662 2639 vita
680 2611 707 2638 S.
725 2612 873 2644 Theodori,

83 2652 153 2679 infra
165 2651 277 2679 citanda
295 2650 328 2677 ad
354 2657 416 2684 cap.
435 2650 461 2682 5,
477 2649 529 2675 litt.
556 2655 581 2680 c,
609 2648 747 2675 adduntur
775 2647 873 2674 fratres

85 2692 138 2715 tres
142 2707 149 2713 .

120 2722 158 2756 (2;
175 2720 336 2748 Theoctista
349 2719 500 2756 appellatur
526 2720 553 2746 in
581 2717 652 2756 Vita_
666 2716 695 2744 S.
726 2716 873 2748 Theodori,

87 2753 169 2792 nupta
187 2756 317 2787 Photino,
333 2753 379 2789 qui
393 2754 584 2792 magistratum
601 2753 635 2780 ab
647 2753 810 2792 imperatore
819 2759 873 2791 non

88 2786 163 2819 val'de
175 2795 311 2818 remotum
328 2786 413 2825 gessit
428 2786 533 2817 z'ambo
549 2793 654 2824 postea,
671 2787 767 2815 relicto
779 2786 877 2821 conju-

89 2827 140 2862 gio.
157 2828 242 2853 vitam
258 2824 437 2862 monasticam
453 2824 570 2862 amplexi
588 2827 662 2862 sunt:

123 2863 160 2897 (5)
176 2862 282 2895 Graece,
297 2862 326 2888 ὲν
344 2859 435 2895 βαφίδι
452 2857 585 2886 ὲλαὶώδει.
609 2858 724 2886 Sirletus
741 2857 820 2886 vertit
834 2866 875 2884 co-

927 2577 982 2603 lore
1024 2573 1304 2606 mritleoﬂorlassis
1325 2572 1428 2600 invenit
1462 2570 1587 2602 ὑαλώδει,
1621 2571 1702 2597 vitreo

927 2611 1108 2645 Theophanes
1126 2611 1158 2636 ad
1176 2617 1221 2636 an.
1233 2608 1414 2645 Chl'islijéﬁ,
1426 2606 1580 2645 indictione
1600 2606 1714 2645 i§,_ist_a

926 2640 1019 2678 refert',
1039 2653 1069 2672 ac
1085 2645 1118 2672 de
1127 2652 1208 2672 cruce
1218 2645 1259 2671 sic
1270 2643 1404 2678 exprimit,
1423 2642 1469 2678 Ἐν
1477 2640 1607 2678 τρῖς-τῶν,
1615 2640 1716 2678 ἀνθρῴ-

928 2690 988 2707 πων
1002 2676 1121 2716 ἱματίοις
1133 2680 1181 2706 καὶ
1196 2676 1358 2716 ἐντοῖς-τῷν
1371 2676 1524 2716 ἐκκλησιῶν
1540 2676 1621 2708 ἱεροῖς
1638 2676 1714 2716 ὲνςῖύ-

930 2724 995 2752 μασι
1011 2711 1128 2750 ἁταυρία
1143 2713 1259 2749 ἐλαιώδη
1268 2714 1393 2752 πλεῖστα.
1409 2711 1589 2752 [tt/tomiuum
1600 2712 1716 2752 vestibus

928 2745 953 2778 ἐι
973 2752 1000 2778 in
1016 2745 1185 2777 ecclesiarum
1205 2745 1289 2776 sacris
1305 2748 1475 2780 indumentis,
1495 2753 1583 2772 cruces
1594 2745 1718 2781 plurima:

931 2786 1059 2821 oleaginea
1075 2784 1313 2821 conspiciebantur.

966 2815 1006 2856 (If)
1029 2815 1228 2856 Constantinus
1255 2819 1449 2856 fiopronymus
1478 2815 1563 2843 Leoni
1596 2815 1718 2844 lsattrico

929 2854 1011 2891 patri,
1039 2855 1072 2883 18
1087 2855 1172 2888 Junii,
1193 2862 1238 2881 an.
1254 2854 1301 2881 7le
1321 2858 1439 2886 morum,
1449 2857 1629 2880 successerat.
