1924 3077
223 154 276 186 807

222 220 270 248 per
289 210 417 246 iniuriam
432 210 566 245 appellata
581 230 588 242 ,
618 214 665 236 aut
690 208 781 236 verius
811 207 869 242 ipse
885 207 1012 235 Christus

224 257 294 285 Deus
308 261 402 284 noster
416 255 582 283 contumelia
598 259 640 282 est
658 254 786 286 allectus;
809 253 945 288 siquidem
964 252 1013 280 lio-

825 151 856 181 S.
875 150 1073 182 THEODORI
1089 151 1263 182 STUDITJE

1809 151 1862 183 808

1068 206 1180 233 εἴδωλον
1203 206 1308 241 πλάνης
1330 205 1513 241 ὀνομασθεῖσα
1539 205 1614 241 παρὰ
1638 206 1685 233 τοῦ
1709 207 1863 236 λαοπλάνου

1068 251 1230 286 ὲξαγίστου·
1247 251 1348 286 μᾶλλον
1372 251 1400 277 δὲ
1421 250 1502 282 αὐτὸς
1532 251 1649 286 Χριστὸς
1663 251 1678 277 ὁ
1692 251 1759 284 Θεὸς
1781 253 1864 288 ἡμῶν

223 311 274 331 nor
289 303 427 330 exhibitus
445 301 555 336 imagini
572 301 604 328 ad
617 305 791 336 prototypum
804 300 910 332 transit,
922 307 1009 334 quem-

1070 296 1208 331 ἠτιμώθη,
1222 296 1301 332 εἴπερ
1320 297 1336 331 ἡ
1355 296 1404 332 τῆς
1422 297 1526 328 εἰκόνος
1540 297 1607 332 τιμὴ
1620 298 1667 324 ἐπὶ
1679 299 1709 324 τὸ
1721 299 1865 333 7:9ka-

223 349 370 377 adtnodutu
386 348 486 375 alicubi
502 348 567 374 dicit
580 347 690 374 divinus
705 346 831 373 Basilius.
851 345 945 380 Itaque
962 346 1014 374 fuit

222 396 281 422 IIIEC
301 402 384 429 super
412 398 568 428 peccantem
593 393 721 428 populum
745 392 899 427 justissima
924 392 1012 427 virga.

223 446 335 474 paterna
353 445 443 467 tamen
469 440 631 466 immensam
658 445 780 466 nostram
807 438 1012 472 perversitatem

221 487 255 513 ad
272 486 477 514 conversionem
507 485 657 512 erudientis
686 485 742 517 Dei,
768 490 795 512 et
811 485 837 512 in
854 485 894 511 ira
910 491 1014 520 praepa-

224 533 311 560 rantis
326 533 397 560 viam
415 533 523 564 salutis,
542 532 575 559 iis
593 531 639 566 qui
653 531 846 566 aequanimiter
864 531 1014 558 correctio-

224 587 284 606 nem
313 579 494 614 susciperent.
515 577 567 604 Sed
592 578 625 605 ad
648 577 755 604 Patrem
785 583 906 604 nostrum
922 584 1013 604 sermo

223 624 325 651 redeat.

259 670 286 697 5.
307 669 472 696 Parentibus
495 676 562 703 ergo
587 672 614 694 et
637 667 849 702 consanguineis
875 666 1013 702 plerisque

223 715 337 743 orbatus
353 714 402 750 (ι’)
421 714 510 741 adhuc
525 721 592 748 puer
607 713 762 745 admodum,
779 713 813 740 ab
827 713 918 748 aliquo
931 715 1013 740 alter-

224 761 314 788 utrius
330 760 452 795 parentis
466 767 598 794 germano
611 759 1011 794 suscipitur;etadjuveuilem

223 812 369 842 provectus
383 811 491 833 aetatem
503 826 510 838 ,
537 810 664 840 tanquam
686 805 856 833 rectissimus
874 806 1011 839 surculus,

223 851 353 886 produxit
363 850 456 878 ﬂorent
470 850 672 885 intelligentiae;
684 850 896 885 qumdilliculter
908 851 1012 885 reperi-

223 903 267 925 tur
282 898 307 924 in
323 897 462 932 orpltanis,
478 904 531 923 nou
543 896 710 923 habentibus
724 896 769 931 qui
783 897 823 924 eis
833 896 870 922 uti
886 901 1012 930 parentes

223 944 374 980 iuvigilent.
389 943 509 970 Fructus
534 947 626 970 autent
650 943 767 977 propria:
792 942 879 977 ipsius
895 942 1012 969 solertia:

221 995 249 1018 et
263 990 411 1025 diligentia:
425 989 477 1016 fuit
496 990 594 1023 peritia
608 989 700 1024 praxis
714 989 867 1020 notarialis,
878 993 1009 1024 quantam
1027 982 1049 1012 Β

221 1039 266 1064 vix
285 1038 394 1072 assequi
416 1037 550 1072 potuisset
573 1037 672 1071 aliquis
696 1037 809 1072 paterna
829 1037 1014 1065 sollicitudine

221 1083 361 1111 eruditus.
378 1083 480 1111 Deinde
495 1082 625 1118 pracdicto
651 1084 733 1110 tutori
758 1091 809 1110 suo
836 1084 917 1118 regiae
929 1091 1013 1118 pecu-

221 1131 274 1157 niae
288 1128 473 1164 appendeuda:
486 1127 622 1163 przefeeto,
639 1136 749 1163 operam
769 1131 960 1162 commodatts,
976 1130 1012 1156 ita

222 1183 278 1202 tem
297 1175 370 1201 illam
386 1174 483 1209 agebat
497 1174 616 1206 dextere,
635 1179 664 1200 ut
681 1174 725 1201 hic
738 1175 826 1202 solum
846 1174 1014 1209 praaleeturze

223 1229 320 1248 nomen
339 1225 441 1253 tenere,
455 1228 524 1255 opus
539 1220 582 1247 ille
597 1221 714 1248 sciretur
729 1229 735 1247 :
748 1224 776 1248 et
790 1220 824 1248 ob
834 1220 886 1248 ltoc
901 1220 929 1248 in
943 1228 1013 1248 aera-

223 1266 264 1293 rio
275 1266 449 1301 imperatorio
462 1265 588 1296 illustris.
602 1267 703 1293 cltarus
712 1266 821 1300 quidem
831 1265 1012 1301 principibus,

223 1313 273 1348 ipsi
289 1317 378 1340 autem
393 1311 492 1339 Caesari
508 1311 591 1339 etiam
609 1316 687 1339 notus
704 1317 787 1340 esset.

257 1401 284 1429 6.
304 1401 377 1429 Talis
390 1409 452 1428 cum
477 1405 560 1433 esset,
582 1405 700 1428 mentem
721 1409 799 1428 suam
823 1409 877 1429 non
902 1401 1013 1429 tradidit

221 1447 361 1475 ell‘renatis
382 1447 573 1474 adolescentiae
589 1446 788 1482 cupiditatibus
808 1447 865 1477 (uti
889 1447 1013 1482 petulan-

222 1497 274 1522 tior
291 1494 390 1529 aliquis
408 1493 519 1526 laceret,
535 1494 577 1520 sui
591 1492 680 1521 factus
695 1493 878 1527 arbitrii),sed
895 1493 946 1528 ipsi
959 1493 1011 1521 sibi

221 1541 342 1576 optimus
359 1540 490 1572 domitor,
508 1539 665 1567 abstinebat
689 1547 704 1566 a
720 1540 861 1567 consortio
881 1539 1012 1574 insipien-

222 1587 307 1620 tium,
323 1593 350 1614 et
375 1586 592 1622 sapientioribus
605 1586 773 1621 jungebatur
791 1595 798 1613 :
814 1586 955 1621 applicans
982 1593 1012 1613 se

222 1633 400 1665 honoratiori,
415 1640 466 1659 non
481 1633 571 1659 minus
582 1633 732 1664 honorato;
748 1636 827 1659 etate
838 1631 1009 1666 pr0rectiori,

222 1686 276 1706 non
292 1679 407 1714 iuniori:
425 1682 508 1712 atque
527 1686 562 1705 ex
578 1677 645 1712 ipsis
659 1677 780 1705 externis
795 1677 959 1708 honoribus,
974 1677 1011 1703 itt-

220 1725 339 1759 genitam
357 1724 442 1750 animi
460 1723 646 1755 nobilitatem,
667 1722 782 1749 latenter
798 1721 1010 1757 quodammodo,

219 1770 253 1797 ad
270 1770 375 1804 majora
389 1769 569 1804 provehebat.
595 1767 654 1794 Non
679 1768 802 1795 tradebat
820 1776 850 1796 sc
876 1775 1013 1795 comessa-

220 1816 327 1843 toribus
342 1814 608 1848 combibouibusque
624 1813 658 1841 ad
674 1814 793 1848 aequales
809 1814 923 1841 haustus
935 1834 944 1847 ,
971 1814 1011 1841 uti

221 1861 248 1887 in
266 1860 400 1888 conviviis
426 1859 530 1887 faciunt
546 1860 759 1893 adolescentuli;
782 1868 871 1895 neque
888 1860 1012 1888 substan-

220 1907 286 1933 tiam
309 1905 479 1941 dilapidabat
504 1905 564 1932 alea
582 1912 712 1939 meroque
723 1925 730 1938 ,
745 1911 775 1932 ut
790 1904 952 1940 trugiperda:
966 1913 1012 1932 so-

221 1953 294 1985 lent;
308 1952 356 1979 sed
373 1951 489 1986 publicae
505 1951 584 1978 libra:
595 1952 748 1984 attendens,
772 1951 1010 1989 laborepcontinuo

220 1998 330 2025 divitias
345 1998 397 2025 sibi
411 1997 620 2029 accumulabat,
639 2001 665 2024 et
680 1997 789 2032 quidem
811 2001 918 2030 tantas,
932 2002 961 2024 ut
976 1997 1009 2025 ad

219 2049 361 2080 paternam
376 2044 563 2071 hazreditatem
579 2044 779 2078 amplissimam
795 2044 866 2071 baud
888 2044 1010 2073 modicas

219 2091 287 2119 alias
311 2091 454 2119 facultates
481 2090 650 2125 apposuerit.
672 2090 729 2118 Hoc
749 2097 814 2117 vero
836 2099 1009 2126 nequaquam

219 2137 276 2164 tieri
292 2137 437 2172 potuisset,
453 2136 504 2163 nisi
524 2137 731 2172 temperantiam
749 2141 886 2164 servasset
902 2137 928 2164 in
948 2145 1010 2164 om-

220 2183 317 2215 nibus,
337 2190 398 2217 qua:
418 2183 569 2210 honestatis
584 2187 721 2209 amantem
744 2183 897 2210 exornabat
919 2183 1008 2210 conti-

219 2230 309 2257 nentia
324 2248 332 2261 ,
359 2233 386 2256 et
401 2228 508 2255 cunctis
521 2228 656 2255 all‘abilem
679 2228 833 2255 instruebat
854 2229 1007 2263 prudentia,

218 2276 312 2311 procul
340 2276 474 2310 abjiciens
495 2275 823 2311 juvettilesvoluptates;
846 2277 946 2311 quibus
961 2279 1007 2312 qui

1068 351 1119 369 πον
1133 342 1285 374 ἀναϐαίνει,
1304 342 1397 373 καθὼς
1410 343 1424 369 ὁ
1438 343 1568 378 θεηγόρος
1585 340 1637 370 ὧδέ
1652 343 1703 370 πού
1718 352 1786 378 φησι
1812 344 1863 371 Βα-

1068 388 1178 420 σίλειος.
1187 388 1281 415 Ταῦτα
1291 389 1308 424 ἡ
1320 389 1391 415 κατὰ
1399 388 1454 415 τῶν
1465 389 1679 425 ἁμαρτανόντων
1690 389 1862 424 δικαιοτάτη.

1067 435 1105 466 ὡς
1117 435 1149 462 ἄν
1162 443 1205 466 τις
1230 435 1315 468 εἴποι,
1342 435 1505 471 παιδευτικὴ
1526 435 1623 471 ῥάϐδος
1642 435 1690 462 τοῦ
1713 435 1794 468 Θεοῦ,
1813 437 1862 470 τὴν

1067 484 1187 519 ἄμετρον
1202 483 1281 518 ἡμῶν
1290 482 1390 509 κακίαν
1403 481 1624 517 ἐπιστρεπτικῶς
1643 481 1861 517 σωφρονίζουσα,

1067 528 1115 555 καὶ
1127 528 1287 555 όδοποιοῦσιι
1303 527 1399 562 τρίϐον
1417 527 1555 562 σωτηρίας
1571 527 1604 562 τῇ
1625 527 1695 562 ὀργῇ
1710 525 1795 553 αὺτοῦ
1806 528 1862 558 τοῖς

1066 575 1237 610 εὐαισθήτως
1269 574 1426 610 δεχομένοις
1455 573 1506 608 τὴν
1538 574 1708 609 νουθέτησιν.
1730 574 1812 608 Ἐμοὶ
1833 574 1861 600 δὲ

1067 621 1113 647 ἐπὶ
1128 621 1174 647 τὸν
1189 620 1297 656 Πατέρα
1314 619 1519 655 μεθαρμοστέος
1532 619 1547 645 ὁ
1566 619 1657 653 λόγος.

1102 670 1134 694 ε’.
1152 666 1400 701 Καταλιμπάνεται
1414 665 1560 701 τοιγαροῦν
1575 665 1678 700 ἕρημος
1693 665 1797 699 γονέων
1813 665 1860 692 σὺν

1066 715 1124 746 τοῖς
1137 713 1278 750 ὁμαίμοσι,
1293 713 1392 748 κομιδῇ
1409 714 1474 742 παῖς
1491 711 1634 746 τυγχάνων
1647 719 1654 726 '
1674 711 1703 742 ὃς
1733 710 1858 746 προσλη-

1067 760 1145 795 φθεὶς
1160 761 1205 795 ὑφ’
1218 761 1258 786 ὲνὶ
1271 760 1326 787 τῶν
1343 759 1493 793 συγγενῶν,
1513 758 1560 784 καὶ
1570 758 1610 788 είς
1624 757 1732 792 ἡλικίαν
1748 756 1861 792 ἡϐῶσαν

1066 808 1205 843 ἀναχθεὶς,
1222 807 1300 834 ἀνθεῖ
1315 807 1364 841 μὲν
1376 805 1470 837 εὐθὺς,
1489 805 1586 840 ὥσπερ
1600 813 1626 831 τι
1637 803 1714 840 ἔρνος
1725 803 1862 830 5136:3614-

1067 861 1139 885 στον,
1158 853 1174 888 ἡ
1192 852 1268 887 ἀκμὴ
1285 851 1334 886 τῆς
1350 852 1478 885 νεότητος
1505 854 1555 884 την
1576 849 1724 885 καλλίστην
1740 848 1861 879 σύνεσιν,

1066 898 1139 933 ἥπερ
1155 897 1381 932 δυσκατόρθωτος
1412 896 1469 926 τοῖς
1503 894 1620 929 ὀρφανίᾳ
1643 894 1784 929 ἠγμένοις,
1810 894 1861 920 οὐγ

1067 944 1158 979 ἔχουσι
1168 944 1214 970 τὸν
1226 944 1271 970 ίσα
1281 943 1384 978 γονέων
1395 943 1605 970 ἐπιστατοῦντα.
1618 943 1797 977 Καρποφορεῑ
1813 941 1843 968 δὲ
1852 962 1860 973 ,

1063 992 1122 1023 ταῖς
1138 991 1204 1026 παρ’
1216 990 1315 1017 ἑαυτοῦ
1346 991 1475 1022 σπουδαῖς
1501 998 1532 1016 τε
1551 990 1599 1016 καὶ
1614 988 1795 1024 φιλοζηλίαις,
1811 988 1861 1023 τήν

1065 1035 1205 1062 παίδευσιν
1216 1036 1266 1071 τῆς
1282 1035 1431 1071 νοταρικῆς
1461 1034 1589 1069 μεθόδου,
1606 1035 1645 1066 ὼς
1659 1033 1736 1060 οὔπω
1749 1042 1792 1065 τις
1806 1034 1861 1059 τῶν

1064 1083 1111 1109 καὶ
1122 1083 1270 1118 πατρικαῖς
1281 1082 1453 1117 ἐπιμελείαις
1468 1081 1729 1117 προμηθευομένων,
1745 1080 1861 1114 συζυγο-

1065 1128 1171 1155 στατῶν
1184 1136 1214 1154 τε
1228 1127 1304 1163 αὐτῷ
1314 1128 1512 1163 προσειληφότι
1521 1128 1586 1162 θείῳ
1600 1127 1635 1154 τὰ
1650 1126 1779 1162 βασιλικὰ
1793 1127 1862 1161 χρή-

1066 1183 1150 1210 ματα.
1163 1175 1218 1202 Καὶ
1233 1175 1362 1201 τοσοῦτον
1380 1175 1474 1209 φανεὶς
1496 1174 1615 1201 ἐνταῦθα
1639 1174 1804 1209 περιδέξιος,
1821 1173 1861 1204 ὡς

1063 1221 1150 1256 ὄνομα
1170 1221 1251 1255 μόνον
1266 1221 1340 1256 ἔχειν
1353 1221 1457 1247 ἐκεῖνον
1470 1221 1520 1256 τῆς
1535 1221 1634 1256 ἀρχῆς,
1660 1220 1706 1246 τὸν
1716 1220 1745 1247 δὲ
1767 1220 1799 1246 τδ
1811 1220 1860 1255 ἕρ-

1063 1274 1111 1300 γον
1127 1265 1322 1302 γνωρίζεσθαι,
1338 1266 1386 1293 καὶ
1399 1266 1444 1293 διὰ
1463 1265 1552 1293 ταῦτα
1567 1266 1704 1302 ἐπίσημον
1722 1265 1772 1301 μὲν
1788 1263 1859 1292 εἶναι

1064 1313 1093 1339 ἐν
1122 1313 1179 1343 τοῖς
1202 1312 1352 1347 βασιλικοῖς
1374 1312 1573 1347 ταμιεύμασιν,
1588 1312 1729 1340 ἀσπαστὸν
1744 1312 1774 1338 δὲ
1801 1313 1859 1344 τοῖς

1063 1355 1189 1390 ἄρχουσι,
1204 1355 1344 1391 γνώριμόν
1355 1364 1385 1382 τε
1399 1356 1447 1382 καὶ
1460 1356 1534 1391 αὐτῷ
1546 1357 1585 1392 τῷ
1599 1358 1731 1392 Καίσαρι.

1099 1405 1135 1434 ς’.
1153 1401 1231 1429 Οὕτω
1242 1402 1270 1428 δὲ
1283 1401 1503 1437 διαφαινόμενος,
1521 1403 1552 1430 οὐ
1564 1405 1624 1435 ταῖς
1641 1403 1803 1434 ἁκαθέκτοις
1814 1404 1860 1439 ὁρ-

1065 1450 1130 1483 μαῖς
1144 1449 1192 1484 τῆς
1207 1449 1332 1484 νεότητος
1345 1448 1503 1484 προῦδωκεν
1515 1449 1559 1477 τὸν
1568 1450 1640 1482 νοῦν,
1650 1450 1687 1482 ὡς
1701 1451 1735 1477 ἄν
1747 1459 1790 1481 τις
1801 1451 1858 1477 τῶν

1063 1493 1172 1527 ἀφέτων
1186 1502 1215 1519 τε
1234 1494 1282 1520 καὶ
1307 1493 1488 1529 ρηξιφρόνων,
1501 1494 1559 1521 ἀλλ’
1573 1494 1608 1529 (ε)
1628 1492 1674 1521 οἷά
1686 1503 1728 1526 τις
1745 1495 1857 1530 ἄριστος

1063 1539 1244 1575 πωλοδάμνης
1258 1539 1339 1571 αὐτὸς
1357 1540 1447 1575 ἐαυτῷ
1462 1540 1642 1576 γιγνόμενος,
1656 1541 1786 1577 ἀπείχετο
1807 1543 1857 1577 μὲν

1063 1588 1200 1615 ἀσυνέτων
1212 1608 1219 1621 ,
1231 1588 1367 1624 συνήπετο
1388 1588 1416 1614 δὲ
1437 1587 1666 1623 πεπαιδευμένοις
1677 1608 1685 1620 ,
1702 1588 1742 1623 τῷ
1757 1589 1857 1623 τιμαλ-

1064 1634 1189 1668 φεστέρῳ
1219 1634 1446 1668 συνταττόμενος,
1473 1633 1531 1660 ἀλλ’
1547 1634 1608 1668 οὐχὶ
1635 1633 1674 1669 τῷ
1700 1634 1858 1669 ἀτιμοτέρῳ

1063 1679 1275 1714 συνερχόμενος,
1306 1679 1355 1706 καὶ
1366 1679 1407 1714 τῷ
1421 1679 1483 1707 καθ’
1495 1679 1605 1714 ἠλικίαν
1614 1679 1758 1714 προέχοντι
1767 1688 1858 1715 παρα-

1063 1725 1161 1759 ζευγνύ
1166 1734 1256 1760 μενος,
1276 1725 1332 1752 ἀλλ’
1345 1725 1406 1760 οὐχὶ
1420 1725 1459 1760 τῷ
1472 1725 1683 1760 νεοπαγεστέρῳ
1697 1725 1857 1752 συνδιαιτώ-

1063 1781 1153 1807 μενος,
1172 1771 1220 1798 καὶ
1234 1771 1303 1808 πρὸς
1313 1771 1344 1798 τὸ
1360 1772 1485 1804 ἄναντες,
1506 1772 1560 1798 κάκ
1574 1771 1628 1798 τῶν
1641 1771 1741 1803 ἔξωθεν
1754 1772 1856 1806 τιμῶν,

1060 1819 1093 1844 τὸ
1107 1819 1157 1854 τῆς
1171 1818 1262 1853 ψυχῆς
1277 1818 1401 1853 εὐγενὲς,
1421 1818 1574 1854 λεληθότως
1589 1826 1647 1849 πως
1677 1818 1855 1853 ὁδοποιούμε-

1061 1873 1115 1896 νος.
1133 1864 1171 1891 OG
1187 1866 1213 1891 τί
1229 1873 1280 1892 που
1296 1864 1450 1900 συμπόταις
1461 1864 1508 1890 καὶ
1524 1865 1663 1895 συσσίτοις
1680 1864 1780 1890 ἑαυτὸν
1793 1865 1854 1890 ἑπι-

1060 1912 1149 1944 διδοὺς
1170 1912 1241 1940 κατὰ
1269 1913 1364 1946 κοινὴν
1386 1911 1560 1946 φιλοτησίαν,
1575 1911 1614 1942 ὡς
1630 1911 1656 1937 ετ
1667 1920 1708 1942 τις
1723 1911 1780 1938 τῶν
1797 1919 1857 1938 νεα-

1060 1957 1225 1992 νιευομένων
1238 1957 1268 1983 ἐν
1283 1956 1424 1991 εὐωχίαις,
1436 1956 1491 1982 οὐδ’
1507 1956 1538 1982 οὺ
1556 1956 1610 1991 μὴν
1627 1956 1722 1988 κύϐοις
1742 1957 1790 1983 καὶ
1808 1957 1855 1991 μὲ-

1061 2003 1123 2035 θαις
1136 2002 1345 2029 καταναλίσκων
1369 2003 1418 2038 τὴν
1433 2003 1541 2036 οὐσίαν,
1556 2000 1600 2029 οἶα
1613 2002 1648 2029 τὰ
1661 2003 1716 2029 τῶν
1735 2003 1856 2039 μαστρό-

1060 2049 1119 2076 πῶν
1132 2058 1139 2065 ο
1155 2050 1265 2085 σχολαῖς
1287 2050 1316 2076 δὲ
1328 2050 1469 2081 ἐπιπόνοις
1489 2049 1613 2084 ἐφεστὼς
1627 2051 1660 2086 τῇ
1673 2049 1854 2085 ζυγοστασίᾳ,

1060 2096 1207 2123 κάντεῦθεν
1219 2095 1333 2122 πλοῦτον
1345 2096 1434 2130 ἑαυτῴ
1451 2095 1647 2131 συναθροίζων,
1664 2096 1712 2122 κα)⁸
1726 2095 1856 2122 τοσοῦτον

1059 2142 1160 2174 αὔξων,
1175 2141 1213 2173 ὡς
1228 2141 1311 2177 ἀλλην
1323 2141 1511 2177 συστήσασθαι
1526 2142 1697 2176 περιουσίαν,
1718 2142 1795 2176 παρὰ
1805 2141 1855 2177 τὴν

1058 2188 1172 2224 γονικὴν
1191 2187 1378 2224 κληρονομίαν
1410 2188 1585 2224 ἱκανωτάτην
1606 2186 1703 2214 οὖσαν.
1724 2187 1812 2214 Τοῦτο
1825 2187 1853 2214 δὲ

1058 2235 1108 2262 οὐκ
1129 2235 1161 2261 ἂν
1175 2235 1381 2270 προσεγεγόνει,
1397 2235 1421 2260 εἰ
1449 2234 1487 2269 μὴ
1504 2234 1656 2269 αὐταρκείᾳ
1677 2236 1854 2269 συνετηρείτο

1058 2282 1087 2307 ὲν
1104 2281 1181 2313 πᾶσι,
1197 2281 1230 2306 δι’
1246 2278 1279 2316 ἧς
1309 2281 1357 2306 καὶ
1379 2280 1542 2316 σωφροσύνῃ
1563 2279 1768 2312 ἐκαλλωπίζετο
1779 2281 1793 2306 ὁ
1808 2289 1852 2314 φι-

218 2322 361 2357 indulgent
374 2341 382 2354 ,
404 2329 458 2348 non
476 2322 556 2348 modo
572 2329 625 2348 non
652 2322 798 2356 acquirunt
815 2331 874 2356 qua:
889 2324 1006 2355 desunt;

1065 2327 1183 2359 λόκαλος,
1202 2327 1249 2353 καὶ
1266 2327 1397 2362 φρονήσει
1408 2326 1554 2360 ὴγλαῖςετο
1567 2327 1581 2353 ό
1597 2326 1739 2361 μειλίχιος,
1757 2327 1854 2362 πόρῤω

216 2369 264 2397 Sed
280 2372 308 2396 et
324 2375 383 2402 quae
399 2368 508 2400 adsunt,
522 2374 654 2394 evacuare
669 2373 880 2395 consueverunt.

254 2506 280 2533 7.
302 2505 373 2539 Quid
389 2505 491 2539 porro?
514 2505 581 2532 Tam
599 2504 743 2540 multiplici
756 2504 893 2533 industria
908 2505 996 2540 praedi

216 2557 272 2584 tus,
283 2557 394 2586 tatnque
406 2551 512 2586 peritus
526 2559 617 2578 rerum
629 2551 798 2586 agendarum
824 2551 912 2578 evasit
923 2552 1006 2586 (quod

215 2602 337 2628 maxime
354 2604 494 2636 spectatur
514 2600 548 2626 ab
567 2600 612 2631 iis,
630 2600 677 2634 qui
692 2600 719 2626 in
737 2599 838 2626 saeculo
852 2599 959 2632 vivunt,
981 2604 1007 2627 et

214 2649 285 2677 tilias
298 2653 362 2684 apte
378 2648 494 2683 cupiunt
509 2648 678 2684 clocare),ut
695 2647 816 2682 undique
845 2647 1006 2674 invitaretur

1062 2373 1166 2407 βάλλων
1181 2372 1231 2403 τὰς
1255 2372 1422 2407 νεωτερικὰς
1446 2373 1611 2407 ἐπιθυμίας,
1629 2370 1674 2403 αἷς
1693 2374 1718 2399 οἱ
1741 2373 1853 2404 ἁλόντες

1061 2420 1091 2446 οὺ
1111 2419 1190 2454 μόνον
1205 2419 1238 2446 τὰ
1253 2419 1303 2446 οὐκ
1313 2419 1378 2446 ὄντα
1390 2419 1659 2454 προσλαμϐάνονται,
1671 2418 1742 2445 ἀλλὰ
1757 2418 1806 2446 καὶ
1821 2419 1854 2444 τὰ

1063 2465 1157 2492 ἐνόντα
1174 2464 1269 2491 κενοῦν
1284 2464 1426 2492 είώθασιν.

1096 2511 1128 2542 ζ’.
1146 2511 1179 2536 Τί
1200 2510 1230 2537 τὸ
1253 2510 1398 2543 ἐντεῦθενς
1430 2510 1564 2542 Τοσοῦτος
1584 2511 1682 2545 γέγονε
1706 2509 1854 2541 πολλοστὸς

1061 2558 1093 2591 τῇ
1111 2556 1229 2588 συνέσει,
1244 2556 1292 2582 καὶ
1307 2556 1441 2587 πυκτικδς
1452 2558 1512 2587 ταῖς
1529 2557 1668 2592 ἀφορμαῖς
1690 2556 1739 2583 τοῦ
1758 2556 1816 2591 βίου
1831 2557 1854 2590 (ὃ

1062 2602 1179 2636 φιλεῖται
1198 2603 1274 2637 παρὰ
1288 2602 1343 2628 τῶν
1360 2603 1388 2628 ὲν
1400 2603 1507 2637 κόσμῳ,
1521 2603 1569 2629 καὶ
1580 2602 1764 2634 σπουδάζεται
1777 2604 1852 2637 παρὰ

1060 2648 1237 2675 ἐκδιδούντων
1253 2648 1329 2682 ἀνδρὶ
1344 2648 1506 2684 θυγατέρα),
1519 2648 1557 2680 ὡς
1572 2648 1661 2674 ἕλκειν
1673 2648 1755 2675 αὑτὸν
1773 2648 1852 2675 ἄλλον

250 2740 286 2776 (ε)
307 2739 438 2778 Suspicor
464 2736 607 2778 legendum
625 2744 686 2778 esse
707 2736 880 2778 γριζαφνρόνων
892 2737 975 2778 ut‘sit
987 2745 1009 2765 Ct

1065 2737 1168 2765 tositum
1184 2744 1199 2764 a
1215 2736 1277 2772 ῥίζα
1295 2737 1373 2763 radix
1389 2742 1416 2764 et
1433 2737 1529 2772 ἄφρων
1547 2737 1683 2772 insipiens,
1697 2737 1732 2765 ad
1748 2737 1853 2772 signiti-

214 2771 329 2808 randos,
343 2771 391 2810 qui
405 2774 439 2801 ab
451 2771 556 2808 origine
575 2777 602 2800 e't
613 2772 778 2799 educatione
791 2771 859 2799 tales
871 2776 946 2799 sunt.

251 2823 300 2855 (4⁵)
315 2822 409 2857 Grzece
425 2822 559 2857 ὑμαίμοσι
575 2820 648 2857 quod
670 2819 789 2847 Sirletus
807 2819 887 2846 vertit
902 2821 1004 2857 sorori-

213 2858 282 2884 bus:
299 2857 345 2885 sed
361 2856 430 2884 infra
445 2856 520 2884 nunt.
537 2856 563 2888 7,
577 2856 677 2883 dicitur
691 2860 814 2888 sanctus,
829 2862 891 2882 cum
901 2856 934 2883 ad
948 2863 1005 2883 mo-

1060 2820 1209 2847 nasterium
1227 2819 1294 2846 abiit
1310 2819 1412 2847 eisdem
1432 2819 1570 2846 modicum
1586 2819 1651 2853 quid
1665 2819 1698 2846 de
1715 2827 1767 2847 sua
1787 2820 1852 2848 sub-

1059 2856 1159 2883 stantia
1176 2854 1320 2890 reliquisse
1337 2863 1343 2882 :
1361 2854 1489 2883 vivebant
1505 2855 1586 2890 igitur
1601 2859 1659 2882 tum
1673 2853 1777 2882 adhuc.
