1924 3077
97 153 148 184 {:09

438 154 579 186 ORATIO
594 154 647 186 XI.
667 166 703 172 -
721 151 913 184 LAUDATIO
932 153 963 184 S.
984 153 1168 185 PLATONIS
1186 154 1406 186 HEGUMENI.

1677 158 1730 190 810

97 208 218 239 ἄλλοθεν,
237 208 284 235 καὶ
297 210 352 237 τῶν
364 209 434 242 ἄγαν
449 209 621 244 εὐπατριδῶν
637 218 666 237 τε
683 209 732 236 καὶ
751 209 886 244 εὐπόρων,

940 207 973 235 ad
991 208 1138 236 ineundam
1154 209 1221 237 vitae.
1236 209 1396 239 societatem
1413 210 1455 238 vel
1470 218 1533 240 cum
1547 212 1729 242 nobilioribus

96 255 135 286 εἰς
160 253 305 280 κοινωνίαν
332 253 403 288 βίου.
425 255 539 284 Ἀλλ¹οὺ
564 255 618 291 γὰρ
646 255 753 290 ἀφῆκεν
781 255 888 282 «arma

97 299 168 330 οεῖος
187 298 280 330 πόθος,
291 297 322 325 ὃν
334 299 437 333 ἀνῆψεν
450 300 540 335 ἑαυτῷ
559 301 604 327 διὰ
621 300 776 335 κρείττονος
798 299 889 327 ἐπιλο-

96 345 208 380 γισμοῦ,
222 345 383 380 ἐμπαγῆναι
405 347 463 376 τοῖς
487 346 545 381 βίου
560 346 694 380 τέλμασιν
707 354 713 361 ·
727 347 772 373 καὶ
785 346 839 381 γὰρ
854 344 889 382 ἦν

95 390 268 424 ἀναγνώσεσι
281 391 424 426 προσέχων
438 391 500 418 ἀντὶ
515 392 650 426 παιγνίων
664 400 670 405 ·
686 391 715 418 ἐν
737 400 767 418 τε
786 392 888 427 ἐκκλη-

97 437 170 467 σίαις
196 436 387 472 προσεδρεύων
404 437 466 464 ἀντὶ
491 437 680 472 οεἀτρων,καὶ
713 438 742 464 ἐν
767 437 889 472 σεμνίοις

96 482 334 518 ἀναστρεφόμενος
347 482 409 508 ἀντὶ
426 483 553 519 ἀσὲμνων
576 483 760 518 καταγωγίων
772 491 779 498 ·
797 483 843 510 καί
856 492 887 518 γε

94 529 124 554 τὺ
139 528 415 564 ἀξιεπαινετώτερον,
431 530 626 565 ἐξαγορεύσεις
658 530 820 565 ποιούμενος
834 530 888 558 τῶν

95 575 220 610 κρυῳίων
232 574 280 601 τοῦ
302 574 348 602 νοῦ
372 575 531 610 κινημάτων
548 585 577 604 τε
595 577 643 604 καὶ
664 577 814 612 δραμάτων
835 577 890 604 τινὶ

93 620 149 646 τῶν
180 620 412 655 καθηγουμὲνων·
429 621 443 648 ὃ
467 621 518 657 τῆς
543 622 596 657 μὲνὲ
613 622 719 656 ἐκείνου
749 622 889 657 φιλοθετας

94 666 203 700 ὑπῆρχε
222 665 367 700 σύμϐολον,
381 666 428 692 τοῦ
443 666 471 693 δὲ
487 667 538 702 τὴν
550 666 728 702 ὲξαγόρευσιν
741 668 888 703 δεχομένου

94 711 272 745 κατέπληττεγ
278 710 326 746 τὴν
341 711 476 746 διάνοιαν,
490 711 673 747 τελειωτικῶς
688 713 842 748 γινόμενον.

127 759 165 792 η’.
184 756 268 782 Ὅθεν
287 757 393 792 ἐπάρας
411 757 442 783 τὸ
464 757 516 792 τῆς
535 757 655 792 διανοίας
674 758 752 793 ὄμμα
773 759 821 785 ὲπὶ
839 758 889 791 τὰς

92 800 149 826 τῶν
169 800 263 826 ἀϊδίων
293 800 433 836 θεωρίας,
458 802 506 828 καὶ
527 801 567 837 τῷ
601 802 707 829 ἐκεῖθεν
736 803 888 839 πτερωθεὶς

93 845 191 881 ἔρωτι,
212 845 393 872 σθέννυσιτὸν
424 847 500 873 κάτω
530 846 622 881 πόθιον,
637 847 685 875 καὶ
708 849 780 874 ποιεί
799 847 887 874 τὸτοῦ

93 891 169 918 θείου
192 891 338 918 Ἀντωνίου
354 892 369 918 ὁ
385 891 547 927 θαυμάσιος.
563 893 657 919 Πάντα
670 893 724 929 γὰρ
741 894 888 930 διαπιπρά-

93 944 145 967 ea;
161 936 212 962 σὺν
223 936 293 971 αὐτῇ
308 937 340 971 τῇ
357 938 478 972 πατρικῇ
489 937 579 973 ἑστίᾳ,
595 937 644 964 καὶ
658 939 776 973 πτωχοῖς
788 938 888 965 διανεί-

92 989 159 1014 μας,
181 980 244 1012 τούς
257 989 287 1007 τε
301 982 412 1018 οἰκέτας
435 981 633 1018 ἐλευθερώσας,
667 983 715 1010 καὶ
728 984 789 1016 ταῖς
811 984 888 1011 δυσὶν

91 1027 221 1061 ἀδελφαῖς
236 1027 339 1062 βραχέα
347 1027 409 1054 τι,νά
422 1027 600 1063 καταλείψας,
622 1028 735 1062 ἔξεισιν
754 1029 889 1065 ’Δὸραμι-

91 1073 141 1108 αἱς.
156 1072 297 1107 προθέσει,
312 1073 363 1099 οὐκ
380 1073 421 1104 είς
435 1074 485 1106 τὰς
501 1073 618 1108 ἐγγύθεν
639 1077 737 1109 κώμας
747 1075 887 1110 ἀσκήσων,

92 1118 153 1145 ἀλλ’
166 1115 219 1145 ὦδε
242 1127 294 1145 που
307 1118 417 1154 μακρὰν
427 1119 607 1155 ὰποδραμῶν,
620 1120 650 1147 ἐν
659 1122 716 1154 τοῖς
726 1121 773 1147 τοῦ
786 1120 888 1155 Ὀλύμ-

91 1172 147 1190 που
163 1164 270 1199 μέρεσι,
286 1163 359 1190 κατὰ
373 1164 419 1190 τὸν
435 1164 632 1200 ὺποδειχθέντα
649 1165 724 1200 αὐτῷ
737 1166 814 1201 παρά
833 1175 888 1193 τινι

90 1210 148 1236 τῶν
164 1210 194 1236 ἐν
214 1209 291 1236 ἀστει
314 1209 537 1246 ἁρχιμανδριτῶν
559 1210 644 1237 τόπον
663 1210 712 1237 καὶ
726 1211 823 1247 ἄνδρα,
839 1212 887 1238 τοῦ

91 1255 145 1287 μὲν
172 1254 329 1290 Συμεόλους
354 1254 586 1291 ἐπικεκλημένου,
604 1255 651 1282 τοῦ
680 1256 709 1283 δὲ
724 1256 886 1284 Θεοκτίστου

90 1300 347 1335 ὲπονομαζομένου,
367 1297 398 1328 οὖ
413 1302 427 1327 ὁ
457 1301 559 1337 τρόπος
590 1301 703 1336 ἀγαθὸς,
716 1302 747 1329 τό
764 1311 794 1329 τε
809 1304 888 1337 γένος

91 1344 290 1379 περίϐλεπτον,
306 1345 355 1372 καὶ
374 1346 405 1372 τὸ
432 1346 510 1378 τέλος
535 1347 621 1374 ὅσιον.
645 1347 719 1374 Ἀλλ’
733 1347 777 1381 οἶα
801 1348 849 1374 καὶ
869 1348 887 1384 ἠ

91 1390 288 1426 ἀναχώρησις;
309 1391 428 1427 Μνήμης
442 1393 484 1419 ὅτι
504 1392 623 1427 μάλιστα
637 1393 700 1428 ἐμοὶ
715 1393 789 1427 ἀξία,
801 1393 886 1420 ἀκού-

91 1439 154 1465 ουσί
174 1447 205 1464 τε
219 1439 393 1472 κατανύξεως
413 1439 513 1475 ἔχουσα
525 1441 672 1475 φάρμακον
684 1448 691 1455 ⁶
705 1440 760 1467 ἀπὸ
770 1441 824 1476 γᾶρ
836 1441 887 1476 τῆς

91 1485 226 1521 πιτρίδος
251 1485 361 1518 ἀπάρας
386 1485 517 1521 μεθ’ἐνὸς
540 1486 747 1521 θυμηρεστάτου
766 1486 885 1520 οἰκέτου,

93 1530 143 1557 καὶ
156 1531 228 1558 κατά
252 1532 316 1563 τοὺς
335 1531 500 1566 λεγομένους
524 1532 652 1564 Βασιλεῖς
676 1532 815 1568 ὲφθακὼς,
834 1533 887 1560 ὑπό
900 1545 922 1575 c

92 1585 124 1603 τε
138 1577 246 1612 λόχμην
258 1576 321 1607 τινὰ
333 1577 436 1610 εἰσδὺς,
450 1577 538 1613 κείρει
555 1578 605 1613 μὲν
621 1577 670 1614 τὴν
682 1578 773 1614 κόμην
783 1579 822 1605 τὼ
832 1580 888 1614 χεῖ-

93 1631 127 1658 ρε
139 1622 188 1649 τοῦ
202 1622 352 1658 ἑπομένου,
373 1623 613 1658 μετενδιδύσκεται
627 1624 656 1651 δὲ
675 1625 726 1660 τὴν
747 1625 831 1660 φαιὰν
844 1626 889 1653 ισ-

93 1669 178 1703 θῆτα,
202 1668 240 1700 ὥς
256 1677 317 1696 τινα
339 1669 506 1706 πορφυρίδα.
529 1670 584 1697 Καὶ
603 1670 634 1697 τὺ
656 1671 748 1706 ὅραμα
773 1671 888 1707 ήλίκονς

93 1713 151 1740 Τοῦ
178 1714 229 1748 μὲν
253 1715 451 1751 χωριζομένου,
480 1715 527 1742 καὶ
552 1716 644 1749 οἴκαδε
665 1717 804 1751 ἐπανιέναι
819 1718 889 1752 μετὰ

92 1759 150 1786 τῶν
181 1761 429 1795 ἀπαμφιασμάτων
460 1763 708 1797 παρεγγυωμὲνου,
725 1763 778 1790 κάν
799 1763 888 1800 τούτῳ

94 1803 219 1840 θρήνοις,
233 1805 271 1837 ὼς
286 1804 316 1831 τὸ
326 1805 410 1838 εἰκὸς,
424 1805 589 1841 βαλλομένου
609 1806 654 1834 διὰ
665 1808 714 1843 τὴν
727 1807 891 1845 δεσποτικὴν

95 1850 227 1886 στέρησιν
239 1859 245 1866 ·
264 1850 342 1878 τοῦδε
369 1852 527 1886 μονωτάτου
554 1853 624 1888 μετὰ
645 1852 713 1880 Θεοῦ
730 1854 892 1888 ἐγκαταλει-

93 1896 223 1931 φθέντος,
254 1897 323 1933 ὑπὲρ
350 1894 381 1924 οὗ
405 1898 452 1924 καὶ
469 1898 505 1924 δι’
518 1897 548 1925 ὃν
571 1898 601 1926 τὸ
616 1898 720 1934 δρᾶμα.
735 1898 862 1932 Τοιοῦτος
875 1900 891 1927 ὁ

93 1942 169 1973 Baio;
181 1942 263 1977 ἔρως,
278 1943 390 1970 πάντων
406 1942 522 1976 ὲξιστῶν
537 1943 584 1971 τὸν
597 1945 727 1981 ἐραστὴν,
746 1946 794 1973 καὶ
824 1946 889 1982 περὶ

92 1988 179 2015 αὑτὸν
211 1988 293 2023 μόνον
325 1989 451 2024 συνάγων
477 1990 528 2026 τὴν
555 1989 650 2025 ἔφεσιν
686 1991 886 2027 πυρπολουμέ-

92 2042 144 2069 νην

392 2106 520 2134 ΚΕΦᾹΛ.
552 2107 591 2133 B'.

939 252 1222 289 opulentioribusque.
1240 252 1293 281 Sed
1309 254 1418 283 divinus
1445 263 1534 291 amor,
1561 265 1642 292 quem
1671 260 1729 294 ipse

939 306 1007 326 usus
1025 299 1143 328 consilio
1157 299 1262 327 meliori
1277 299 1330 328 sibi
1350 302 1525 336 accenderat,
1541 311 1594 331 non
1624 306 1729 339 permi-

939 344 975 372 sit
997 349 1027 372 ut
1042 346 1182 375 saecularis
1200 346 1262 373 vitae
1292 347 1409 376 salebris
1435 348 1592 377 inhaereret.
1619 350 1727 379 Etenim

939 390 1074 418 lectiones
1085 391 1232 426 proludis,
1249 393 1381 421 ecclesias
1401 401 1451 429 pro
1479 394 1604 430 theatris,
1634 405 1729 424 mona-

939 435 1022 462 stcria
1034 442 1084 469 pro
1097 436 1294 464 conventiculis
1310 438 1510 472 impudicorum
1527 439 1668 468 hominum
1677 441 1729 469 fre-

938 479 1087 513 quentabat
1104 488 1111 506 :
1129 485 1156 507 et
1174 480 1247 515 quod
1266 480 1433 510 laudabilius
1448 487 1499 516 est,
1512 483 1729 519 hegumcnornm

939 521 1049 552 cuidam
1066 524 1191 553 occultos
1205 525 1290 553 animi
1302 527 1344 554 sui
1361 532 1453 556 motus
1468 528 1639 565 all'ectusque
1663 539 1730 558 con-

940 571 1019 605 litens
1033 590 1040 603 ,
1057 570 1194 606 praebebat
1206 571 1250 599 sui
1270 579 1334 608 erga
1354 572 1438 601 Deum
1466 575 1569 602 amoris
1598 575 1729 604 indicium

939 615 1136 650 manifestum;
1153 616 1341 646 confessiones
1366 627 1432 647 vero
1449 620 1606 649 audientem
1633 622 1730 657 imple.

940 660 986 688 bat
999 661 1180 690 admiratione
1191 667 1246 690 tam
1262 669 1460 693 consummata:
1484 666 1675 702 perfectionis.

975 748 1002 777 8.
1019 750 1089 778 Hinc
1122 758 1171 786 per
1200 757 1398 788 perpurgatum
1427 755 1528 784 mentis
1556 757 1668 785 oculum
1694 759 1728 786 ad

939 797 1171 830 sempiternarum
1187 805 1278 826 rerum
1294 801 1554 836 contemplationem
1568 803 1728 838 sublevans,

939 840 1102 876 illarumque
1118 849 1252 871 accensus
1268 851 1373 877 amore,
1388 849 1528 874 terrenum
1554 855 1636 876 omne
1656 849 1728 877 desi-

940 885 1047 913 derium
1063 886 1218 921 exstinxit;
1237 891 1264 915 et
1280 889 1405 916 divinum
1424 889 1549 918 imitatus
1562 891 1726 925 Antonium,

939 931 1086 960 divenditis
1098 933 1236 966 omnibus,
1250 942 1304 962 una
1320 942 1381 963 cum
1398 942 1514 970 paterno
1530 937 1588 965 lare
1601 943 1629 965 et
1640 939 1728 967 servis

939 976 1064 1005 libertate
1076 978 1195 1011 donatis,
1216 979 1349 1014 majorem
1366 981 1477 1016 quidem
1492 987 1595 1017 partem
1627 983 1726 1012 distri-

939 1022 998 1049 buit
1024 1023 1208 1058 pauperibus;
1234 1024 1343 1053 duabus
1378 1031 1468 1054 autem
1498 1029 1640 1057 sororibus
1669 1030 1728 1058 suis

942 1067 1081 1096 modicum
1097 1069 1162 1102 quid
1179 1069 1306 1105 reliquit;
1323 1075 1350 1098 et
1368 1071 1537 1099 Abrahamia
1562 1074 1729 1109 promptitu-

938 1113 1003 1141 dine
1016 1115 1112 1146 exivit.
1132 1122 1187 1142 non
1204 1115 1231 1143 in
1249 1116 1352 1144 vicinas
1369 1118 1459 1150 villas,
1480 1119 1655 1148 exerciturus
1683 1128 1728 1148 sc-

939 1162 1045 1196 ipsum;
1060 1162 1107 1190 sed
1121 1162 1228 1198 longius
1242 1163 1378 1191 abscurrit
1402 1164 1428 1191 in
1450 1170 1540 1199 partes
1555 1165 1660 1202 Olympi
1677 1167 1727 1203 (5),

939 1207 972 1234 nd
990 1207 1078 1235 virum
1094 1208 1250 1244 locumque,
1266 1209 1301 1236 ab
1313 1209 1406 1245 aliquo
1422 1217 1518 1238 eorum
1534 1212 1582 1246 qui
1605 1212 1633 1240 in
1660 1213 1728 1240 urbe

938 1257 1018 1280 erant
1040 1253 1399 1288 archimandritarumqsibi
1435 1247 1631 1286 monstratum.
1656 1257 1729 1286 Loco

938 1298 1125 1333 synibolorum
1141 1298 1192 1334 (6),
1208 1299 1267 1327 viro
1282 1299 1432 1327 Theoctisti
1448 1308 1546 1328 nomen
1562 1307 1631 1336 erat,
1649 1304 1729 1339 cujus

938 1345 994 1371 vita
1010 1344 1107 1379 proba,
1124 1345 1337 1380 genusillustre,
1352 1345 1444 1373 exitus
1457 1352 1570 1375 sanctus
1580 1348 1641 1376 fuit.
1657 1349 1731 1383 Qua-

938 1391 973 1419 lis
987 1395 1077 1418 autem
1091 1391 1231 1419 discessus
1248 1391 1372 1419 Platonis
1388 1400 1403 1419 ε
1418 1393 1506 1428 patria
1532 1393 1626 1427 fuerit,
1661 1396 1728 1423 mihi

938 1436 1048 1473 quidcm
1066 1437 1200 1465 memoria
1219 1437 1347 1474 dignum,
1365 1438 1542 1467 audientibus
1556 1447 1623 1468 vero
1653 1449 1730 1469 com-

938 1482 1097 1517 punctionis
1113 1486 1306 1516 argumentum
1324 1482 1384 1510 fore
1399 1483 1517 1517 videtur,
1540 1485 1562 1512 si
1580 1493 1728 1520 exponam.

938 1528 1029 1555 Abivit
1041 1536 1103 1556 cum
1122 1536 1178 1555 uno
1196 1528 1255 1556 solo
1274 1529 1436 1557 charissimo
1448 1529 1560 1563 famulo,
1576 1535 1603 1559 et
1618 1532 1651 1558 ad
1665 1540 1728 1560 eum

938 1575 1101 1609 perveniens
1109 1574 1199 1602 locum
1211 1574 1258 1609 qui
1268 1573 1357 1610 Reges
1365 1575 1474 1608 dicitur,
1481 1580 1562 1610 atque
1570 1576 1729 1611 speluncam

939 1621 1085 1657 quamdam
1103 1620 1269 1656 ingrediens,
1290 1620 1432 1647 caesariem
1448 1629 1525 1648 suam
1541 1623 1635 1649 comiti
1660 1631 1730 1658 prau-

939 1667 998 1696 buit
1014 1666 1226 1701 attondendum;
1244 1666 1342 1694 deinde
1355 1666 1429 1701 pulla
1446 1671 1521 1694 veste
1538 1676 1568 1694 se
1595 1669 1727 1702 atnicitit,

939 1718 1069 1748 tanquam
1087 1712 1109 1741 si
1125 1720 1276 1748 purpuram
1295 1712 1438 1741 induisset.
1458 1713 1544 1747 Quale
1562 1719 1652 1742 autem
1671 1723 1730 1750 spe-

940 1758 1086 1790 ctaculum,
1104 1765 1166 1785 cum
1183 1765 1255 1785 unus
1282 1758 1392 1793 quidem
1420 1766 1593 1792 recessurus,
1617 1759 1728 1794 jubere-

940 1809 985 1832 tur
1000 1804 1088 1832 redire
1108 1803 1220 1832 domum
1236 1811 1299 1831 cum
1321 1804 1453 1837 vestibus,
1469 1809 1497 1832 et
1523 1804 1595 1837 ideo,
1623 1810 1652 1833 ut
1681 1813 1730 1840 par

939 1853 1018 1883 erat,
1034 1849 1246 1885 perfunderetur
1258 1847 1405 1885 'lacrymis,
1430 1849 1543 1877 domino
1564 1857 1615 1878 suo
1628 1851 1729 1885 privari

939 1894 1051 1928 dolens;
1068 1894 1136 1922 alter
1150 1901 1215 1921 vero
1231 1893 1448 1929 relinqueretur,
1469 1895 1545 1922 solus
1570 1891 1648 1923 cum‘
1663 1895 1730 1927 Dco,

939 1945 1048 1976 propter
1067 1947 1148 1975 quem
1164 1947 1209 1968 res
1228 1945 1285 1967 tota
1302 1940 1446 1975 agebatur.
1461 1939 1538 1968 Talis
1565 1940 1661 1975 utique
1688 1946 1730 1969 cst

939 1986 1050 2014 divinus
1065 1992 1155 2018 amor,
1174 1985 1304 2013 omnibus
1319 1985 1402 2013 rebus
1430 1986 1567 2021 exspoliat
1591 1991 1729 2013 amantem

940 2039 967 2063 et
980 2034 1015 2063 ad
1027 2041 1058 2062 se
1072 2033 1162 2062 solum
1179 2033 1264 2062 trahit
1278 2034 1422 2061 incensum
1452 2034 1528 2062 illius
1547 2034 1726 2063 desiderium.

1276 2102 1354 2131 CAP.
1370 2102 1403 2131 11.

648 2165 709 2194 Vita
728 2167 887 2200 monastica,
902 2167 1030 2195 virtutum
1047 2165 1185 2193 exercitia.

131 2222 167 2250 θ’.
187 2222 300 2258 Ἐπειδὴ
318 2222 347 2249 δὲ
377 2223 511 2258 φοιτήσας
540 2222 610 2258 πρὸς
640 2222 687 2249 τὸν
710 2222 886 2258 παιὼτρίσην

977 2220 1127 2256 Postquam
1147 2224 1238 2248 autem
1256 2219 1290 2248 ad
1305 2219 1468 2255 magistrum
1485 2219 1614 2253 venisset,
1647 2226 1730 2256 atque

91 2268 238 2306 ἣρωτήθη,
254 2268 329 2300 ὅστις
345 2267 399 2304 εἴη,
415 2269 463 2296 καὶ
493 2268 555 2298 ὅθεν
580 2268 722 2305 ὥρμηται,
752 2268 801 2294 καὶ
825 2268 887 2296 ὅτου

92 2316 179 2352 χάριν
195 2316 213 2350 ἡ
241 2315 386 2351 ἐπιδημία,
402 2315 512 2350 εὐαγεῖς
526 2315 597 2351 πρὸς
613 2315 733 2351 ἑκάστην
750 2314 805 2342 τῶν
820 2314 888 2350 ἐρω-

91 2363 204 2397 τήσεων
219 2361 269 2393 τὰς
281 2361 442 2396 ἀποκρίσεις
455 2361 541 2388 ἐδίδου
557 2369 564 2376 ·
582 2361 629 2388 τοῦ
642 2361 672 2388 δὲ
694 2360 888 2397 μεμαθηκότος

90 2409 147 2443 τήν
161 2414 193 2433 τε
209 2406 339 2441 πατρίδα,
350 2406 381 2433 τὸ
393 2406 482 2440 γένος,
491 2407 539 2434 καὶ
550 2406 601 2442 τὴν
615 2406 784 2441 ἀνατροφήν
801 2404 886 2432 οὔπω

94 2452 214 2488 ξαχύεις,
231 2452 323 2486 φησὶν,
337 2451 366 2477 ὲν
382 2451 446 2486 τῇδε
457 2452 491 2487 τῇ
503 2450 577 2478 θέσει
600 2451 649 2478 τοῦ
678 2451 773 2483 τόπου,
802 2451 886 2486 σκλη-

941 2267 1139 2302 interrogatus,
1154 2266 1227 2301 quis,
1242 2265 1326 2298 unde,
1349 2273 1405 2300 qua
1422 2273 1506 2293 causa
1521 2266 1637 2300 veniret,
1668 2274 1730 2302 apte

942 2313 1128 2348 respondisset
1139 2311 1173 2339 ad
1200 2310 1328 2346 singula;
1358 2309 1403 2337 ille
1429 2309 1558 2346 patriam,
1592 2318 1678 2346 genus
1702 2315 1731 2340 et

941 2357 1131 2386 educationem
1147 2355 1273 2384 edoctus.
1288 2354 1348 2382 Non
1363 2355 1479 2390 poteris,
1493 2355 1594 2391 inquit,
1623 2356 1652 2384 in
1679 2357 1731 2385 hac

941 2403 1064 2438 regione,
1081 2401 1151 2429 haud
1163 2408 1260 2437 parum
1269 2408 1378 2436 aspera,
1393 2401 1576 2429 monasticum
1593 2403 1730 2431 sustinere

940 2449 1074 2477 laborem.
1092 2447 1142 2475 Cui
1157 2447 1261 2475 Christi
1280 2447 1357 2483 pugil
1373 2455 1380 2475 :
1396 2445 1505 2482 Omnia,
1531 2446 1622 2483 Pater,
1651 2449 1730 2477 trado

864 2517 980 2545 ΝΟΤᾸΕ.

132 2575 173 2612 ᾧ)
198 2584 207 2612 ᾳ
225 2575 255 2603 S.
272 2574 440 2612 Joannicius
458 2575 500 2611 (ut
516 2575 544 2603 in
570 2575 632 2612 ejus
646 2574 708 2602 Vita
721 2574 739 2602 ι
752 2573 885 2612 Novemb.

91 2596 209 2648 regiiinj
225 2596 562 2648 ξζιιῖιτίὲίίὲὲὲῖῖιήὸῖιὶέιῖι,
571 2596 634 2646 "ilbi
657 2596 849 2648 satagere.
858 2596 886 2636 Ta

92 2643 431 2685 ἁέκιετῄβίιιεγηὶιεειιυί
452 2646 524 2685 apud
545 2643 723 2685 nos—vocatur
742 2643 886 2685 Olympus,

90 2681 338 2720 qoneepitfnimo
347 2681 569 2720 vitam_quietam
584 2684 611 2708 et
623 2684 772 2720 minantem
789 2681 889 2720 solitu-

92 2714 195 2746 diuis.‘
205 2724 214 2741 ι
232 2715 270 2742 De
282 2722 316 2742 eo
331 2714 391 2742 loco
401 2715 443 2750 agi
455 2714 563 2743 consul
576 2723 609 2744 ex
623 2714 684 2743 Vita
699 2715 728 2743 S.
739 2714 887 2750 Theodori,

93 2752 145 2780 ubi
165 2750 305 2782 monachi,
319 2751 365 2784 qui
382 2749 489 2786 Oljmpi
501 2754 593 2786 partes
617 2751 752 2783 incolunt,
776 2749 810 2786 ad
825 2757 888 2777 cum

92 2787 135 2815 ab
147 2785 247 2814 exsilio
262 2783 389 2820 reducem
409 2783 438 2820 ῆι
458 2783 584 2820 Bithynia
601 2788 785 2813 accesserunt.
800 2783 829 2811 In
842 2791 890 2812 ea-

94 2823 164 2851 dem
183 2821 241 2848 Vita
255 2820 357 2848 dicitur
374 2819 403 2847 ὃ.
419 2819 498 2848 Plato
510 2819 528 2848 ε
546 2821 648 2848 teneris
661 2820 744 2848 annis
767 2824 888 2847 montem

94 2856 209 2892 Olympi
225 2855 375 2883 incoluisse

204 2902 346 2932 Ρλτιιοι..
366 2901 423 2931 Gn.
447 2901 563 2932 XCIX.

977 2573 1015 2610 (6)
1030 2573 1133 2610 Colitur
1150 2573 1182 2600 αι
1204 2572 1286 2610 Febr.
1310 2577 1424 2610 sanctus
1439 2571 1611 2610 Timotheus,
1629 2572 1677 2607 qui
1703 2572 1730 2600 in

941 2607 1088 2648 Sym'bolis_
1100 2609 1182 2636 vitam
1196 2608 1417 2648 anachoreticam
1431 2607 1657 2648 dusitanusdem
1670 2614 1732 2648 Eno-

940 2640 1052 2672 nasterii
1076 2643 1147 2671 facta
1162 2647 1205 2671 est
1225 2643 1329 2670 mentio
1351 2643 1397 2670 die
1421 2643 1500 2670 tertia
1514 2640 1617 2677 Aprilis
1628 2643 1655 2677 in
1670 2640 1730 2669 Vita

942 2679 1106 2718 S._Nicetag,‘
1116 2686 1194 2718 num.
1210 2686 1241 2705 ιι.
1253 2677 1441 2718 Quodautem
1458 2676 1625 2718 ltieJegatur
1638 2676 1731 2718 Grates

941 2714 989 2752 του
1007 2713 1162 2752 ξυμδόλους
1175 2712 1405 2752 ὲπικεκλημένου,
1423 2720 1477 2741 non
1502 2711 1662 2752 Συμϐόλων,
1693 2712 1731 2752 uti

942 2749 1006 2777 istic
1016 2747 1126 2785 legitur,
1140 2755 1192 2776 nos
1209 2747 1386 2785 suspicamur
1397 2749 1601 2785 esse_mendu_in
1615 2747 1731 2785 librarii,

944 2791 1007 2826 cum
1019 2782 1126 2826 prima}
1146 2784 1200 2824 iste
1214 2782 1352 2826 genitivus
1369 2790 1384 2810 α
1412 2783 1489 2810 nullo
1507 2782 1676 2810 nominativo
1690 2789 1725 2810 re-

943 2819 1073 2854 gulariter
1093 2819 1157 2847 duci
1174 2819 1270 2853 possit.

1537 2896 1576 2927 26
