1924 3077
220 148 271 182 811

802 148 833 180 S.
853 147 1046 180 THEODORI
1073 147 1246 180 STUDIT/E

1797 156 1845 184 812

219 204 277 238 tibi;
292 209 420 237 mentem,
436 211 548 239 corpus,
563 208 591 231 et
608 203 788 237 voluntatem,
804 209 890 236 utere,
916 209 947 231 ut
959 203 993 231 lu-

1057 200 1197 239 ραγωγίαν
1204 204 1235 231 οὗ
1245 205 1294 241 τὴν
1305 205 1440 241 τυχοῦσαν
1455 207 1567 244 ἐχούσῃ,
1576 208 1623 234 τὸν
1639 207 1722 234 κόπον
1736 207 1785 234 τοῦ
1801 217 1846 243 μο-

219 251 265 279 bet
278 251 382 278 famulo
399 255 458 282 tuo,
483 252 509 278 in
529 251 639 279 cunctis
651 251 829 278 obsecuturo.
850 249 872 278 Ο
885 250 1004 277 admira-

219 297 281 324 bilis
297 296 428 331 propositi
448 296 578 323 indicium
595 296 601 322 !
627 302 644 322 o
662 295 840 322 mirabilioris
861 294 1004 322 renuntia-

218 343 300 369 tionis
318 343 527 377 argumentum!
552 341 635 368 lstius
663 341 785 375 quidem,
813 340 876 375 quia
898 340 924 367 in
945 340 1003 375 ipso

216 387 305 414 a-tatis
318 386 396 420 flore,
408 387 434 413 iu
453 394 584 421 prospero
599 393 729 413 Simoessu
759 385 942 420 negotiorum,
955 392 1003 420 spe

216 434 320 468 optima
341 440 434 460 rerum
452 433 587 466 majorum
604 432 754 466 proposita,
773 430 876 458 divitiis
889 431 1003 458 allluen-

217 482 300 514 tibus,
329 479 557 515 circumfulgente
570 481 666 515 gloria,
689 480 798 514 vigente
825 487 952 513 corpore,
974 479 1001 506 in

215 527 318 562 proprii
333 527 439 553 arbitrii
454 527 621 554 constitutus
650 525 786 557 libertate,
817 525 914 552 habuit
937 524 1004 552 dile-

214 572 335 599 ctionem
348 579 413 607 erga
438 571 523 598 Deum
554 571 616 598 istis
642 570 769 598 omnibus
806 569 1000 604 superiorem:

214 618 340 649 alterius,
359 617 431 653 quod
461 617 563 653 optime
590 618 745 650 consultus,
772 624 826 644 non
857 616 895 643 uti
923 615 1001 643 multi

215 670 300 696 nunc,
325 662 462 695 simulate,
480 667 538 693 aut,
555 667 585 689 ut
601 662 688 697 magis
705 661 815 696 proprie
831 661 926 696 loquar
941 667 1002 687 om-

213 709 280 736 nino
297 716 350 735 non
372 709 561 736 renuntiantes
589 708 702 739 mundo,
724 708 812 736 eidem
841 715 871 735 se
899 714 1001 734 renun-

215 754 282 781 tiare
295 753 435 789 professus
452 753 508 786 sit;
530 752 577 779 sed
595 752 825 787 quemadmodum
853 759 916 778 vere
941 751 1000 786 ipsa

214 806 258 826 res
277 798 370 833 exigit.
385 798 423 824 illi
437 798 584 833 siquidem,
602 798 694 825 nescio
716 805 771 832 quo
792 797 885 829 modo,
924 797 1000 824 obliti

213 844 285 879 quod
299 844 364 871 dicit
381 844 514 871 Dominus
531 852 537 870 :
557 842 608 875 Qui
623 851 674 870 non
703 843 892 869 renuntiaverit
914 843 1000 868 omni-

1055 249 1137 285 ναχοῦ
1147 249 1340 286 ὗπομεμενηκέ
1346 260 1397 279 ναι.
1409 253 1481 288 Πρὸς
1490 253 1540 280 δνό
1549 252 1596 280 τοῦ
1604 253 1721 288 Χριστοῦ
1730 253 1844 288 πύκτηςε

1055 295 1149 322 Πάντα
1164 304 1216 328 σοι,
1229 293 1251 323 ὦ
1280 297 1380 334 Πάτερ.
1395 299 1559 334 ἀποδίδωμι,
1577 299 1625 326 καὶ
1641 299 1715 331 νοῦν,
1738 300 1788 326 καὶ
1801 300 1845 326 θέ-

1056 340 1142 375 λημα,
1159 341 1206 368 καὶ
1224 342 1315 377 σῶμα,
1334 343 1394 378 χρῶ
1411 343 1452 379 τῷ
1464 344 1503 379 σῷ
1518 344 1612 379 οἰκέτῃ
1628 344 1665 375 ὣς
1682 345 1716 371 ἂν
1744 344 1845 380 βούλοι,

1056 385 1156 413 εἴκοντί
1173 395 1214 414 σοι
1229 388 1300 414 κατὰ
1323 389 1424 416 πάντα.
1441 387 1478 415 Ὦ
1508 389 1663 425 Θαυμασίας
1690 390 1845 425 προθέσεως

1055 432 1203 465 ἀπόδειξις,
1219 433 1268 460 καὶ
1282 433 1508 471 θαυμασιωτέρας
1524 437 1668 471 ἁποταγῆς
1693 437 1844 468 ὑπόθεσιςί

1054 477 1106 512 τῆς
1125 477 1185 512 μὲν,
1201 478 1242 504 ὅτι
1255 479 1284 505 ἐν
1297 479 1372 514 αὒτῷ
1389 480 1429 515 τῷ
1448 480 1525 507 ἄνθει
1542 481 1594 516 τῆς
1620 481 1748 516 ἡλικίας,
1764 482 1844 508 κατὰι

1055 522 1120 557 ῥοῦν
1134 523 1208 558 αὐτῷ
1220 524 1384 559 χωρούντων
1396 526 1452 552 τῶν
1464 527 1646 562 πραγμάτων,
1660 527 1716 553 τῶν
1727 527 1845 553 ἐλπίδων

1053 569 1246 604 χρηστοτέρων
1260 569 1499 606 ὑποδαλλομένων,
1517 572 1634 599 πλούτου
1649 573 1845 607 προκειμένου,

1052 612 1133 648 δόξης
1170 614 1428 651 ὑπαστραπτούσης,
1458 617 1560 652 σαρκὸς
1586 611 1758 653 σφριγὼσης,
1797 619 1846 645 καὶ

1051 657 1140 685 ταῦτα
1156 660 1205 687 σὺν
1235 661 1429 698 αὐτοκρατείᾳ,
1460 663 1580 690 νικῶσαν
1605 663 1685 698 Εσχεν
1715 663 1846 690 ἁπάντων

1052 704 1102 740 τὴν
1118 706 1158 737 είς
1184 706 1252 733 Θεὸν
1269 707 1417 742 ἐπιθυμίαν
1429 716 1437 724 ·
1450 708 1499 743 τῆς
1510 708 1549 740 δέ,
1576 709 1617 736 ἅτε
1642 709 1744 744 καίπερ
1772 709 1846 736 οὕτω

1052 750 1153 786 ἄριστα
1169 750 1394 787 βουλευσάμενος,
1411 753 1442 779 οὐ
1467 754 1538 780 κατά
1562 754 1626 786 τοὺς
1652 754 1768 786 πολλοὺς
1790 754 1847 781 τῶν

1052 795 1099 822 νῦν
1114 796 1300 830 ἐπιπλάστως,
1315 798 1480 833 οἰκειότερον
1495 799 1523 826 δέ
1537 800 1637 832 εἰπεῖν,
1648 800 1846 832 ἀναποτὰκτωις

1052 840 1294 876 ἁποτασσομένων,
1310 843 1359 879 τὴν
1371 844 1510 880 ἁποταγὴν
1525 844 1600 871 ἔθετο
1613 853 1621 861 ·
1636 845 1694 872 ἀλλ’
1727 846 1765 877 ὡς
1791 846 1847 872 ἀπ-

213 875 260 917 ίιιε
276 899 333 925 qua:
346 890 474 925 possidet,
492 898 542 916 non
557 894 640 924 potest
657 897 728 915 meus
742 897 796 915 esse
812 888 958 923 discipulus
971 888 993 914 ἠ

1053 886 1155 919 έδειξεν
1173 875 1303 923 όγάληθὴς
1314 875 1404 923 λόγος.
1420 875 1519 925 Οἱ
1541 891 1604 926 γὰρ,
1627 892 1679 918 οὐκ
1702 875 1848 923 οἷδ’γδπως

211 942 238 963 ut
252 936 323 971 quod
341 936 405 964 alibi
415 936 493 970 juhet
509 945 516 962 :
540 935 628 962 Vende
641 935 729 962 omnia
749 942 807 969 qua:
822 934 910 966 Imber,
928 938 952 960 et
965 934 1000 960 da

212 979 383 1017 pauperi/ms,
397 986 421 1009 et
442 981 548 1008 habebis
559 982 711 1008 thesaurum
724 981 751 1007 in
767 980 880 1013 caelis,et
895 988 1000 1015 sequere

211 1035 252 1054 me
264 1028 274 1043 ³
289 1035 297 1060 ;
315 1028 424 1059 horum,
442 1027 566 1062 inquam,
587 1026 675 1059 obliti,
694 1026 745 1060 ipsi
767 1026 818 1053 sibi
846 1026 946 1060 templa
973 1029 1000 1052 et

212 1073 380 1100 monasteria
395 1073 523 1107 erigunt;
554 1072 652 1100 deinde
672 1072 851 1099 monasticam
880 1071 998 1106 amplexi

211 1117 423 1153 professionem,
446 1117 623 1144 dominantur
645 1117 671 1143 in
688 1116 818 1150 propriis,
839 1123 934 1144 servos
957 1120 999 1142 at-

209 1171 262 1199 que
287 1163 468 1191 substantiam
484 1162 589 1190 variam
605 1167 666 1197 post
680 1170 710 1189 se
735 1162 874 1189 trahentes
889 1170 897 1194 ;
939 1161 997 1189 heri

210 1209 316 1241 novitii,
343 1213 370 1236 et
394 1209 474 1236 hodie
490 1208 622 1240 abbates;
644 1208 701 1235 heri
718 1216 768 1235 nec
784 1207 872 1235 idonei
888 1207 996 1242 quidem

209 1256 256 1290 qui
272 1263 302 1283 se
318 1255 469 1290 prudenter
485 1254 617 1289 regendos
631 1254 793 1289 przeberent,
817 1254 896 1281 hodie
928 1253 998 1281 alios

209 1302 335 1336 imperite
351 1309 444 1335 regere
459 1305 673 1336 praesumentes;
693 1300 794 1336 quibus
822 1300 996 1335 praebituram

209 1355 264 1375 non
290 1348 377 1375 virtus
392 1354 453 1380 sua,
477 1347 524 1374 sed
553 1354 665 1373 suarum
695 1346 854 1374 facultatum
881 1353 997 1381 usurpa-

209 1393 247 1420 tio
264 1392 354 1420 attulit
374 1412 380 1419 .
400 1392 446 1427 qui
464 1399 525 1419 cum
553 1391 646 1418 multis
669 1391 749 1418 annis
771 1391 930 1419 debuiSSent
955 1391 996 1418 di-

210 1447 287 1467 scere
313 1439 452 1473 qun‘modo
474 1438 509 1465 sit
525 1437 670 1472 imperanti
686 1438 846 1472 parendum,
865 1443 946 1472 atque
959 1438 995 1464 ita

207 1484 241 1512 ad
273 1484 396 1519 regimen
411 1484 525 1510 aliorum
552 1483 721 1518 ascendere;
750 1489 896 1518 antequam
922 1484 996 1519 prius

207 1529 278 1557 istud
290 1529 446 1562 didicerint,
469 1537 528 1557 sese
541 1529 662 1564 periculo
676 1529 805 1565 ingerunt
834 1530 991 1564 posteriori,
1008 1539 1030 1568 ς

206 1580 233 1602 et
248 1575 343 1610 quales
360 1579 435 1608 sunt,
453 1575 520 1602 tales
535 1575 618 1602 etiam
636 1574 758 1602 clliciunt
772 1575 823 1603 sibi
840 1576 991 1610 subjectos.

205 1621 254 1649 Ast
270 1621 337 1656 ipse,
350 1625 492 1656 postquam
510 1621 679 1648 szeculovere
694 1621 889 1654 renuntiasset,
900 1625 992 1649 osten-

205 1667 246 1693 dit
263 1667 448 1694 obedientiam
477 1666 588 1693 minime
604 1665 721 1693 fucatam
736 1667 821 1694 l'uissr.
842 1675 849 1693 :
863 1667 992 1702 pralcedit

205 1712 278 1740 enim
308 1713 427 1747 primum
445 1712 578 1743 secundo,
595 1711 669 1739 sicut
687 1711 777 1746 fulgur
801 1712 933 1744 tonitruo,
965 1716 992 1739 et

203 1757 301 1786 lucifer
316 1758 367 1785 soli
384 1757 527 1784 exorienti.
540 1757 609 1783 Nam
623 1757 669 1791 qui
687 1757 788 1784 steculo
801 1757 870 1785 hene
890 1765 992 1784 renun-

203 1803 323 1835 tiaverit,
340 1803 444 1829 clarum
465 1807 507 1829 est
520 1802 592 1836 quod
605 1802 686 1829 etiam
702 1803 770 1830 bene
787 1803 894 1830 ohediet
911 1813 917 1830 :
945 1804 992 1838 qui
1011 1835 1016 1840 ,

205 1857 269 1877 vero
296 1851 324 1877 in
348 1850 435 1877 altero
454 1850 564 1884 oblique
591 1851 744 1883 incesserit,
761 1851 787 1878 in
817 1851 903 1879 altero
922 1860 992 1887 quo-

204 1903 258 1931 que
272 1896 426 1923 certissime
439 1899 482 1922 est
498 1895 716 1923 claudicaturus.

1052 932 1242 967 ἐπιλαθόμενοι
1254 933 1301 960 τοῦ
1319 935 1423 970 Κυρίου
1447 935 1586 970 λέγοντος·
1610 937 1663 969 ’ος
1690 938 1747 964 οὐκ
1771 938 1846 965 ἁπο-

1051 977 1197 1004 τάσσεται
1210 978 1286 1006 πᾶσι
1300 979 1362 1012 τοῖς
1375 979 1483 1007 ἑαυτοῦ
1512 981 1716 1016 ὑπάρχουσιν,
1740 983 1777 1009 οὐ
1790 983 1846 1009 δύ-

1050 1024 1138 1050 ναται
1151 1032 1210 1058 μου
1224 1022 1302 1051 εῖναι
1314 1025 1453 1060 μαθητής
1466 1034 1474 1041 ·
1490 1026 1538 1053 καὶ
1554 1026 1672 1062 ἀλλαχοῦ
1702 1028 1845 1062 προστάσ‹

1051 1074 1144 1098 cavsa;
1161 1076 1170 1084 ο
1200 1068 1350 1102 Πώλησόν
1365 1078 1424 1097 σου
1449 1071 1485 1097 τὰ
1510 1071 1608 1098 πάντα
1631 1071 1668 1098 τὰ
1690 1072 1845 1106 ὑπάρχον-

1050 1120 1087 1138 τα
1101 1112 1151 1139 καὶ
1164 1111 1217 1146 δὸς
1230 1115 1371 1149 πτωχοῖς,
1389 1117 1439 1142 καὶ
1463 1115 1542 1149 ἕξεις
1566 1117 1724 1150 θησαιιρὸν
1741 1117 1777 1143 ἐν
1792 1118 1847 1144 οὑ-

1045 1155 1152 1190 ρανοῖς
1164 1157 1213 1184 καὶ
1228 1157 1317 1192 δεῦρο
1339 1159 1498 1187 ἀκολούθει
1509 1169 1560 1194 μοι
1572 1168 1582 1176 ο
1600 1161 1756 1196 ἐγείρουσιν
1775 1163 1844 1189 ἐαυ-

1052 1202 1110 1234 τοϊς
1122 1202 1204 1235 ναούς
1218 1211 1248 1230 τε
1259 1204 1307 1230 καὶ
1322 1206 1504 1241 μοναστήρια,
1517 1205 1577 1233 εἶτα
1591 1207 1782 1242 ἀσπασάμενοι
1813 1209 1847 1235 τὸ

1048 1248 1225 1284 ἐπάγγελμα,
1239 1249 1294 1277 τῶν
1306 1250 1413 1278 οἰκείων
1428 1252 1541 1286 ἄρχουσί
1559 1261 1588 1279 τε
1606 1253 1652 1279 καὶ
1667 1254 1846 1288 κυριεύουσι,

1047 1294 1157 1327 δούλους
1167 1296 1214 1322 καὶ
1227 1295 1294 1328 ὕλας
1310 1296 1454 1333 διαφόρους
1464 1298 1667 1334 ἐπισυρόμενοι,
1677 1299 1742 1334 χθὲς
1750 1300 1846 1336 ἀμύη-

1046 1347 1087 1365 τοι
1114 1339 1160 1366 τοῠ
1188 1340 1397 1376 ἐπαγγέλματος
1411 1362 1418 1374 ,
1446 1343 1494 1369 καὶ
1517 1344 1638 1379 σήμερον
1665 1345 1703 1375 ὡς
1728 1345 1847 1373 παλαιοὶ

1047 1384 1247 1427 καθηγούμενοι
1259 1394 1265 1401 ·
1280 1387 1343 1422 χθὲς
1357 1387 1395 1423 μὴ
1411 1388 1512 1420 εἰδότες
1529 1390 1760 1424 χειραγωγεῐσῖαι
1783 1399 1844 1425 με-

1046 1430 1080 1457 τὰ
1093 1431 1238 1466 συνέσεως,
1255 1433 1302 1459 καὶ
1319 1434 1439 1469 σήμερον
1448 1437 1632 1470 χειραγωγεῖν
1648 1437 1747 1468 ἄλλους
1755 1437 1847 1464 ἀπαι-

1045 1476 1148 1508 δεύτως
1165 1478 1376 1513 προαιρούμενοι
1391 1487 1397 1494 ·
1416 1476 1455 1506 ὧν
1469 1481 1518 1516 οὐχ
1532 1482 1549 1516 ἡ
1567 1482 1662 1517 ἀρετὴ,
1688 1483 1705 1516 ἡ
1734 1483 1841 1518 χρῆσις

1045 1522 1074 1548 δέ
1085 1522 1139 1548 τῶν
1153 1523 1330 1558 ὑπαρχόντων
1354 1524 1404 1559 τὴν
1431 1526 1580 1561 ἡγεμονίαν
1602 1535 1667 1553 κατε
1674 1528 1820 1554 πίστευσεν
1835 1548 1846 1561 ,

1045 1567 1070 1594 οἳ
1085 1568 1193 1600 πολλοῖς
1207 1568 1296 1595 ἐτεσιν
1308 1569 1464 1604 ὀφείλοντες
1480 1571 1614 1606 ἐκμαθεῖν
1631 1573 1723 1604 καλῶς
1741 1573 1772 1599 τὸ
1786 1573 1845 1607 ἄρ-

1045 1613 1152 1648 χεσθαι,
1172 1612 1222 1641 εἷθ’
1237 1615 1326 1648 οὕτως
1339 1617 1386 1643 ἐπὶ
1398 1617 1429 1644 τὸ
1441 1617 1537 1652 ἄρχειν
1562 1618 1677 1650 ἀνιέναι,
1705 1619 1757 1654 πρδ
1786 1619 1847 1654 τῆς

1045 1659 1143 1695 πείρας
1168 1662 1215 1687 τοῦ
1231 1663 1368 1698 προτέρου
1384 1663 1561 1695 ἐπικινδύνως
1575 1665 1621 1690 τοῦ
1637 1664 1764 1700 δευτέρου
1778 1666 1849 1692 ἑπι-

1044 1705 1238 1741 λαμὸάνοντες,
1269 1708 1407 1741 τοιούτους
1444 1709 1665 1745 ἀπεργαζόμενοι
1690 1711 1755 1741 τοὺς
1785 1710 1848 1738 ὑπὸ

1043 1751 1149 1786 χεῖρας,
1163 1748 1214 1778 οἷοι
1230 1753 1276 1779 καὶ
1287 1754 1367 1780 εἰσίν.
1400 1754 1430 1781 Ὁ
1457 1754 1486 1781 δέ
1511 1755 1604 1790 ἐπειδὴ
1631 1755 1763 1790 ἀληθινὴν
1788 1755 1849 1792 τὴν

1043 1796 1185 1832 ἀποταγὴν
1201 1799 1358 1834 ἐποιήσατο,
1376 1800 1520 1827 ἀνόθευτον
1546 1801 1594 1828 καὶ
1618 1801 1668 1836 τὴν
1694 1801 1851 1837 ὑποταγὴν

1042 1841 1181 1869 δείκνυσιν
1197 1844 1265 1870 ’καὶ
1294 1844 1349 1880 γὰρ
1377 1847 1539 1881 προηγεῖται
1575 1846 1623 1873 τοῦ
1652 1847 1784 1883 δευτέρου
1807 1849 1850 1875 τὸ

1043 1889 1187 1924 πρότερον,
1220 1890 1259 1922 ὡς
1296 1892 1424 1927 ἀστραπὴ
1455 1892 1578 1928 βροντῆς,
1609 1893 1656 1920 καὶ
1696 1893 1850 1929 ἑωσφόρος

1040 1934 1116 1969 ἡλίου
1148 1935 1325 1971 ἀνίσχοντος·
1342 1939 1356 1964 ὀ
1391 1938 1446 1973 γὰρ
1487 1939 1587 1973 ἄριστα
1615 1939 1848 1975 ἀποταξάμενος,

205 1974 306 2010 ἄριστα
340 1974 440 2011 δηλαδὴ
463 1975 511 2002 καὶ
524 1975 745 2011 ὑποταγήσεται·
761 1977 775 2004 ὁ
788 1976 816 2004 δὲ
839 1976 901 2004 καθ’
912 1978 1044 2015 ἑκάτερον
1062 1981 1224 2016 σκολιώσας,
1245 1984 1295 2011 καὶ
1311 1985 1340 2012 ἐν
1366 1985 1475 2022 θατέρῳ
1486 1986 1609 2022 δηλονότι
1635 1974 1815 2022 χωλανεῗται.

240 2021 285 2048 10.
301 2021 370 2048 Sunt
386 2026 475 2049 autem
501 2022 612 2050 virtutis
628 2023 760 2050 exercitia
776 2023 872 2057 multa,
904 2025 989 2052 absti—

203 2067 301 2094 nentiae
326 2068 497 2101 extenuatio,
527 2069 616 2096 somni
646 2069 775 2104 parcitas,
804 2069 987 2106 lacrymarum

202 2113 355 2145 evacuatio,
371 2114 505 2142 orationis
522 2114 660 2148 alacritas,
677 2115 911 2143 humieubationis
928 2123 988 2143 mo-

202 2158 293 2191 lestia,
315 2159 428 2186 vestitus
444 2159 546 2191 vilitas,
577 2168 709 2188 manuum
737 2161 870 2195 operatio,
905 2169 988 2196 genu-

201 2204 349 2232 ﬂexionum
381 2204 545 2240 frequentia,
564 2207 660 2234 mortis
685 2207 838 2240 meditatio,
871 2208 989 2242 psahn0~

1079 2028 1105 2055 t’.
1122 2029 1211 2057 Πολλὰ
1226 2031 1276 2066 μέν
1288 2029 1335 2058 οὖν
1351 2032 1386 2059 τὰ
1409 2034 1470 2059 κατ’
1495 2033 1597 2069 ἀρετὴν
1627 2034 1851 2070 ἐπιτηδεύματα

1041 2072 1205 2108 ἐγκρατείας
1221 2076 1382 2112 κατάτηξις,
1398 2078 1555 2114 ἀγρυπνίας
1588 2079 1678 2115 νῆψις,
1704 2080 1852 2116 δακρύων

1040 2118 1167 2152 κένωσις,
1208 2121 1291 2157 εὐχῆς
1321 2124 1468 2159 πτέρωσις,
1500 2125 1649 2160 χαμευνίας
1682 2126 1850 2161 σύνθλιψις,

1040 2162 1155 2198 ἐσθῆτος
1193 2165 1327 2200 εὐτέλεια,
1369 2168 1468 2204 χειρῶν
1491 2170 1625 2204 ἐργασία,
1651 2172 1850 2204 γονυκλισιῶν

1041 2209 1191 2246 πυκνότης,
1222 2211 1321 2248 μελέτη
1359 2213 1486 2248 θανάτου,
1518 2216 1680 2252 ψαλμῳδίας
1710 2218 1848 2251 εὐτονία,

200 2250 252 2277 dia:
280 2251 448 2283 assiduitas,
474 2253 675 2286 perseverantia
711 2253 850 2281 stationis.
883 2253 987 2281 Horum

1053 2241 1336 2294 πάσεωέάαὸτεριακ
1348 2241 1427 2287 ηιιδιτ
1622 2241 1849 2298 ξέν’δτξξέσῑέῑε

202 2301 292 2323 tamen
307 2298 432 2324 omnium
449 2297 518 2324 nihil
534 2297 571 2325 ita
585 2299 773 2326 necessarium
788 2299 814 2326 ei
829 2300 875 2334 qui
891 2300 987 2327 subest

201 2346 284 2376 atque
305 2343 464 2370 exercitium
478 2343 592 2371 sincerae
607 2344 793 2373 confessionis
809 2349 837 2373 et
860 2345 988 2381 perfecta:

199 2386 388 2413 obedientize:
417 2387 518 2421 quibus
549 2388 720 2416 illuminatur
746 2390 847 2423 anima,
871 2390 987 2417 mortiﬁ-

199 2434 278 2456 catur
303 2429 440 2464 voluntas,
458 2437 485 2459 et
517 2433 637 2468 perfecta
663 2433 800 2461 obtinetur
827 2435 985 2469 conjunctio

198 2473 258 2508 ejus
272 2475 319 2510 qui
337 2475 514 2510 spiritualiter
529 2478 651 2506 nascitur
675 2486 736 2505 cum
753 2486 787 2506 eo
814 2479 860 2514 qui
886 2480 983 2515 gignit.

199 2521 258 2548 Duo
275 2522 333 2549 hzcc
354 2524 460 2550 caeteris
476 2524 603 2552 omnibus
616 2532 669 2552 non
683 2524 842 2560 prteferens,
857 2526 982 2554 infirmus

197 2567 230 2594 ad
247 2568 427 2596 obedientiam
442 2570 514 2602 erit;
530 2575 612 2604 atque
628 2570 664 2597 ita
679 2578 726 2605 per
753 2578 813 2605 quae
842 2571 985 2600 videbatur

197 2613 314 2640 salutem
331 2615 481 2649 consequi,
509 2616 645 2642 illusionis
669 2616 821 2650 subjacebit
851 2618 982 2651 periculo.

199 2654 304 2682 Etenim
320 2656 433 2691 jejunis,
454 2658 562 2693 vigilite,
571 2663 598 2686 et
609 2659 741 2694 quidquid
759 2660 893 2694 ejusmodi
909 2663 983 2689 aliud

196 2705 258 2734 est;
276 2702 427 2729 secundum
452 2710 482 2730 se
513 2704 623 2738 quidem
644 2705 789 2732 laudabilia
815 2712 900 2740 sunt;
927 2715 980 2734 non

198 2750 287 2773 taiiien
303 2747 390 2781 utilia,
409 2748 455 2775 sed
471 2749 504 2776 ad
521 2749 624 2784 lapsum
641 2750 809 2783 inducentia,
825 2751 849 2778 ei
861 2751 906 2787 qui
920 2760 982 2787 pro-

196 2791 255 2825 prio
268 2792 382 2820 arbitrio
388 2794 487 2829 agitur,
498 2796 549 2822 nisi
557 2795 769 2830 prmsidisductu
780 2801 806 2825 et
816 2797 909 2832 regula
917 2799 982 2827 diri-

232 2849 243 2864 '
255 2848 321 2876 Luc.
333 2852 441 2886 x1v,35.
480 2853 491 2868 ⁸
508 2852 573 2881 Luc.
592 2862 670 2888 xvm,
686 2854 730 2882 22.

1040 2300 1092 2336 κῷ,
1111 2299 1167 2329 οἷον
1177 2303 1208 2329 τὸ
1225 2305 1287 2331 κατ’
1302 2305 1482 2342 ἐξαγόριυσιν
1494 2308 1652 2344 ἀγώνισμα,
1665 2312 1715 2336 καὶ
1726 2309 1760 2337 τδ
1769 2312 1847 2338 καθ’

1040 2346 1165 2383 ὑπακοὴν
1182 2350 1359 2386 κατόρθωμα,
1375 2352 1410 2378 δι’
1420 2349 1458 2380 ὧν
1471 2353 1548 2389 ψυχὴ
1560 2355 1710 2389 φωτίζεται
1720 2356 1770 2382 καὶ
1793 2366 1852 2385 νε-

1040 2392 1154 2427 κροῦται
1170 2393 1288 2430 θέλημα,
1308 2397 1355 2424 καὶ
1367 2397 1493 2434 meum;
1509 2399 1660 2434 είσοίκησις
1679 2400 1728 2427 τοῦ
1745 2409 1851 2430 πνευ-

1039 2439 1163 2472 ματικῶς
1176 2442 1379 2477 γεγεννημένου
1397 2443 1466 2479 πρὸς
1479 2445 1525 2472 τὸν
1537 2446 1725 2482 γεγεννηκότα
1752 2447 1852 2484 ἐγγε-

1038 2491 1125 2511 νεται.
1150 2483 1178 2511 Ὀ
1195 2485 1249 2521 γὰρ
1274 2486 1312 2522 μὴ
1329 2487 1415 2516 ταῦτα
1439 2488 1494 2516 τῶν
1516 2488 1604 2517 ἄλλων
1640 2492 1848 2527 προτιμήσας,

1039 2529 1138 2565 σαθρὸς
1157 2531 1224 2565 πρὸς
1238 2532 1378 2568 ὑποταγὴν
1402 2535 1578 2569 καθίσταται,
1592 2537 1639 2564 καὶ
1651 2537 1686 2563 δι’
1700 2535 1740 2564 ὧν
1755 2538 1853 2567 δοκεῖ

1038 2575 1175 2610 σωτηρίας
1191 2575 1310 2611 ἔχεσθαι,
1325 2579 1435 2615 ἀπάτης
1463 2580 1612 2615 ὑφίσταται
1639 2582 1764 2619 δλεθρον.
1793 2585 1850 2613 Τὸ

1037 2621 1093 2656 γὰρ
1109 2622 1243 2656 ἐγκρατὲς
1259 2624 1306 2650 καὶ
1317 2625 1468 2660 ἄγρυπνον,
1485 2627 1532 2654 καὶ
1560 2628 1650 2655 ὁτιοῦν
1678 2629 1746 2656 ἄλλο
1773 2631 1850 2658 τῶν

1037 2667 1246 2702 προειρημένων
1258 2671 1491 2706 κατορθωμάτων,
1504 2673 1572 2699 αὐτὸ
1586 2674 1637 2708 μέν
1650 2675 1715 2701 καθ’
1746 2676 1850 2705 ἑαυτὸ

1036 2712 1178 2739 ἐπαινετὸν
1191 2713 1250 2749 δοίη
1266 2723 1308 2746 τις
1323 2714 1403 2750 εἶναι,
1417 2718 1473 2745 οὐδ’
1487 2718 1520 2745 ἃν
1543 2719 1572 2746 δὲ
1599 2720 1641 2755 εῐή
1673 2719 1848 2757 λυσιτελὲς,

1038 2757 1138 2793 μᾶλλον
1156 2758 1206 2794 μὲν
1219 2757 1266 2787 οὖν
1282 2762 1330 2788 καὶ
1341 2761 1471 2795 πτώσεως
1491 2764 1579 2792 αἴτιον
1593 2764 1632 2800 τῷ
1659 2765 1850 2802 ίδιορῦθμως

1036 2804 1194 2839 πράττοντι,
1213 2807 1237 2834 ει
1257 2806 1294 2842 μὴ
1306 2807 1425 2844 γνώμονι
1443 2810 1492 2837 καὶ
1504 2811 1598 2839 κανόνι
1611 2809 1659 2838 τοῦ
1687 2811 1854 2848 καθηγου-
