1924 3077
187 127 239 160 815

777 132 806 161 S.
828 130 1024 161 THEODORI
1043 131 1218 174 STUDIT/E

1754 124 1810 157 816

185 182 304 219 gaudere
318 183 352 211 de
366 183 442 211 lucro
464 183 563 212 exinde
575 189 725 220 reportata,
739 193 788 213 nec
800 186 891 214 minus
904 186 969 214 utile

1026 196 1073 221 τιν,
1090 188 1165 219 ὅστις
1190 186 1233 222 εἴη
1247 186 1262 214 ὁ
1283 185 1369 213 ταῦτα
1393 183 1525 215 ἑκουσίως
1555 181 1738 218 ὑφιστάμενος
1759 180 1809 208 καὶ

185 233 244 256 erat
261 229 415 257 videntibus
423 230 663 265 audientibusque,
679 231 752 266 quod
765 235 838 259 esset
849 232 897 267 qui
906 232 970 259 talia

187 274 340 302 voluntarie
355 280 504 310 pateretur,
531 281 612 311 atque
626 276 653 303 in
668 276 720 305 hoc
735 276 876 305 Christum
907 278 970 305 imi-

186 325 300 347 tarctur.

220 367 264 394 15.
282 366 356 394 Talis
376 371 523 403 tantusque
538 376 600 396 cum
613 373 695 401 esset,
717 377 750 396 an
767 374 826 397 erat
840 370 969 405 possibile

185 420 239 440 non
257 414 343 440 amari
371 421 432 441 eum
450 418 532 449 atque
554 414 652 450 diligi?
671 423 705 442 an
716 415 889 449 rationabile,
905 424 969 444 eum

184 459 230 492 qui
257 463 390 487 totum‘se
405 459 554 487 tradiderat
566 460 740 493 obedientiw,
761 462 846 488 tilium
873 462 969 490 haberi

183 503 370 536 inamabilem,
399 509 426 531 et
445 512 499 532 non
517 512 578 532 esse
606 506 801 533 charissimum
829 507 972 542 genitori?

185 549 354 585 Diligebatur
373 558 447 583 sane,
464 551 504 579 uti
526 551 628 579 dictum
654 556 706 585 est,
739 553 911 588 plurimum;
944 558 971 582 et

184 600 294 630 propter
317 597 425 625 virtutis
438 599 588 626 claritatem
606 599 706 634 ubique
717 600 925 634 prtcdicabatur,
943 606 972 629 ιιι

184 642 230 676 ηιιί
245 642 318 670 Patri
332 651 382 670 suo
399 644 488 672 factus
501 646 684 679 cssetomnia,
698 646 780 674 veluti
792 647 889 675 oculus
905 648 971 675 dex-

184 693 225 715 tra
240 689 362 721 intuens,
383 690 456 717 velut
468 698 565 718 manus
581 691 675 718 eadem
706 700 834 726 operans.
868 697 895 720 et
923 701 970 728 pes

184 734 217 761 ad
235 734 279 761 illa
296 735 476 770 progrediens
494 745 500 768 ;
524 741 652 772 tanquam
666 737 839 765 consiliarius
869 738 969 772 bonus,

183 778 295 813 adjutor
308 781 449 813 robustus,
463 782 555 809 suavis
572 783 683 816 socius;
701 782 878 812 ﬁdelissimus
894 784 920 810 in
936 784 970 812 iis

182 832 244 859 quae
259 825 333 852 domi
344 830 433 858 erant,
457 833 483 854 et
504 827 578 854 circa
599 827 667 856 foris
679 829 766 862 posita
790 829 967 863 vigilantissi-

185 878 246 898 mus
261 881 267 898 :
282 871 328 905 qui
342 872 422 899 simul
433 877 460 899 et
474 872 599 907 discipuli
613 878 640 901 et
653 873 745 901 fratris
762 879 902 909 praestaret
925 875 968 903 of-

184 916 256 948 iicia,
275 917 346 944 addo
365 917 446 944 etiam
476 923 503 945 et
523 915 635 952 Patris;
661 923 810 955 tantusque
843 926 914 948 esset
942 922 968 949 in

183 967 312 997 utroque,
334 966 364 990 ut
392 963 538 998 siquando,
565 969 674 999 propter
695 966 814 1001 aliquam
848 969 970 996 necessi-

183 1011 280 1039 tatem,
297 1015 367 1042 opus
379 1013 452 1036 esset
464 1006 581 1044 peregre
598 1010 739 1038 Platonem
760 1019 851 1047 agere.
869 1021 969 1042 moere-

183 1057 225 1080 ret
241 1054 405 1082 venerabilis
417 1053 590 1083 Theoctistus
605 1064 612 1088 ;
635 1060 662 1084 et
682 1058 912 1092 quemadmodum
936 1059 970 1087 de.

184 1105 213 1126 se
224 1099 348 1134 loquitur
358 1099 507 1135 Apostolus
527 1101 548 1133 ⁸,
562 1109 615 1128 non
633 1102 745 1129 haberet
765 1103 887 1138 requiem
914 1105 970 1140 spi-

182 1143 249 1171 ritui
265 1152 316 1172 suo
344 1150 456 1181 propter
470 1146 610 1174 dilectum.
623 1146 690 1180 Quis
705 1148 778 1175 enim
794 1149 840 1176 illo
857 1150 889 1176 ad
904 1157 969 1184 pro-

184 1189 324 1223 spicienda
341 1189 434 1217 futura
447 1191 655 1225 providentior?
669 1193 730 1227 quis
755 1193 789 1220 ad
820 1202 968 1223 maerorem

185 1235 340 1263 leniendum
360 1237 568 1272 curandumque
578 1239 830 1268 accommodatior?
845 1242 906 1277 quis
937 1243 970 1270 ad

184 1280 318 1308 honorem
335 1281 515 1309 multifariam
525 1282 736 1318 impertiendum
746 1285 899 1313 solertior?
915 1286 970 1314 Ta-

185 1325 219 1352 lis
252 1326 284 1352 ad
298 1326 496 1354 conciliandam
514 1328 565 1355 sibi
592 1328 822 1362 benevolentiam,
853 1336 882 1357 ut
910 1339 970 1366 qua

184 1369 274 1398 Patris
287 1376 366 1399 erant
384 1371 477 1398 omnia
495 1367 607 1400 haberet
620 1373 647 1399 in
664 1378 819 1408 potestate:
833 1378 888 1402 tam
902 1376 971 1404 inte-

185 1415 237 1442 rim
255 1415 361 1443 alienus
379 1416 413 1443 ab
430 1423 524 1443 amore
543 1423 634 1444 rerum
660 1421 844 1451 terrenarum,
867 1424 895 1446 ut
920 1427 971 1448 nec

185 1461 259 1489 oboli
280 1462 362 1489 unius
385 1466 459 1489 esset
484 1462 622 1490 dominus.
646 1462 700 1490 Pro
726 1464 825 1498 quibus
849 1465 923 1500 quod
945 1466 970 1493 ei

185 1508 340 1557 praemium,
355 1515 417 1542 quae
444 1508 592 1557 retributio
607 1508 703 1557 obtigit
713 1508 852 1557 iPaterna
877 1511 971 1546 utique
985 1527 1006 1557 ο

185 1551 340 1579 benedictio
359 1559 444 1587 super
466 1552 637 1591 spiritualem
654 1552 750 1587 Jacob,
764 1561 796 1581 ex
813 1562 868 1589 quo
886 1555 971 1590 patri-

187 1597 287 1628 archae,
311 1597 365 1624 imo
385 1596 536 1624 hierarchte
553 1601 582 1624 et
601 1598 818 1632 ptemniarchae;
834 1604 861 1626 et
882 1600 916 1626 ab
931 1600 973 1628 his

185 1640 297 1674 plurimi
323 1641 476 1668 secundum
506 1639 591 1668 Deum
614 1641 663 1668 illii
690 1641 919 1677 multiplicantur,
941 1652 974 1672 ac

185 1691 270 1719 porro
285 1685 551 1721 multiplicabuntur,
562 1685 601 1712 nil
620 1686 726 1719 dubito,
735 1694 785 1722 per
800 1695 894 1717 semen
905 1691 974 1721 adeo

187 1730 372 1759 benedictum.
388 1731 464 1759 Talis
478 1732 596 1767 denique
613 1731 664 1758 fuit
678 1731 767 1766 Plato,
779 1741 862 1762 verus
879 1736 974 1771 utique

1021 233 1139 270 Χριστὸν
1158 232 1283 260 ἐντεῦθεν
1301 232 1479 268 μιμούμενος.

1058 364 1165 400 ιγ’.Τὺν
1177 362 1224 391 οὖν
1239 361 1361 389 τοιοῦτόν
1375 369 1406 387 τε
1418 359 1466 387 καὶ
1480 357 1641 394 τηλικοῦτον
1659 354 1694 393 ἦν
1705 356 1760 393 ἄρα
1773 356 1813 392 μή

1021 410 1179 446 ἀγαπᾶσθαι
1196 409 1243 436 καὶ
1257 407 1420 444 στέργεσθαι
1432 415 1440 440 ;
1454 405 1511 432 Καὶ
1523 404 1582 436 πῶς
1598 404 1631 431 ἂν
1645 403 1701 439 ἔχοι
1719 402 1812 437 λόγον,

1021 457 1082 483 ὅλον
1111 456 1206 483 ἑαυτὸν
1232 453 1426 490 ἐμπαρέχοντα
1450 451 1496 478 τὺν
1516 450 1568 485 τῆς
1592 449 1716 484 ὑπακοῆς
1740 447 1812 480 υἱὸν,

1022 503 1158 538 ἀπόθητω
1174 501 1222 528 καὶ
1228 500 1278 536 οὐχ
1286 500 1443 533 όλόστερνον
1451 495 1521 524 εἶναι
1533 495 1571 532 τῷ
1583 496 1725 531 γεννήτορι
1736 503 1744 528 ;
1762 493 1812 520 Διά

1021 549 1101 576 τοῦτο
1118 548 1165 575 καὶ
1190 547 1332 581 ἀγαπᾶται
1349 545 1421 577 λίαν,
1442 544 1480 576 ὡς
1496 544 1615 579 εἴρηται.
1634 543 1689 569 Kal.
1708 550 1812 568 παντα-

1022 593 1070 629 χοῦ
1093 594 1125 628 τῇ
1153 592 1202 626 τῆς
1227 591 1328 626 ἀρετῆς
1352 589 1483 624 φανότητι
1505 586 1749 622 διατεθρύλληται,
1773 586 1813 618 ὡς

1022 639 1111 666 πάντα
1131 637 1170 674 τῷ
1195 636 1283 672 Πατρὶ
1309 635 1463 670 γινόμενος,
1490 631 1557 666 οἷον,
1574 632 1712 667 ὀφθαλμὸς
1735 631 1813 663 δεξιὰ

1023 684 1140 720 βλέπων,
1155 683 1217 718 χεὶρ
1228 681 1416 718 ἐργαζομένη,
1433 679 1501 712 ποῦς
1517 678 1645 715 βαδίζων,
1659 677 1814 713 σύμϐουλος

1022 730 1133 764 ἀγαθὸς,
1148 729 1329 765 παραστάτης
1343 727 1487 764 καρτερὸς,
1513 725 1658 761 συνόμιλος
1678 724 1813 759 γλυκερὸς

1021 777 1076 803 τῶν
1090 776 1163 802 ἔνδον
1171 775 1186 801 ό
1196 774 1369 806 πιστότατος,
1384 772 1439 799 τῶν
1447 772 1524 803 ἐκτὸς
1533 772 1548 797 ὸ
1558 770 1811 805 φυλακτικώτατος,

1022 822 1090 857 όμοῦ
1113 822 1162 857 μὲν
1181 821 1215 848 τὰ
1235 819 1365 855 μαθητῶν
1379 818 1448 854 όμοῦ
1471 817 1499 844 δὲ
1520 817 1555 844 τὰ
1569 816 1693 850 ἀδελφῶν
1711 815 1815 842 ἐπιδει-

1023 867 1165 903 κνύμενος,
1181 865 1331 901 προσθείην
1345 864 1366 891 δ’
1380 864 1414 891 ἂν
1431 863 1471 890 ὅτι
1494 863 1542 890 καὶ
1559 862 1594 889 τὰ
1609 861 1716 897 Πατρδς
1731 869 1814 896 χαρι-

1024 914 1148 949 ζόμενος,
1165 912 1212 939 καὶ
1227 911 1353 942 τοσοῦτος
1369 909 1407 936 ὢν
1418 910 1448 936 ὲν
1463 908 1643 944 ἀμφοτέροις,
1662 907 1700 938 ὡς
1721 906 1749 933 εἴ
1762 914 1813 932 που

1023 959 1095 986 κατά
1105 966 1165 985 τινα
1176 957 1272 993 χρείαν
1286 954 1321 992 ἦν
1333 956 1463 991 ἐκδημεῖν
1474 954 1520 982 τὸν
1530 954 1652 989 ἀοίδιμον
1670 952 1813 983 Πλάτωνα,

1023 1006 1170 1041 ἀδημονεῖν
1184 1003 1409 1044 τὸν-ἀείμνηστον
1423 1000 1603 1031 Θεόκτιστον,
1618 997 1719 1044 καὶμὴ
1740 997 1815 1032 ἔχειν

1023 1043 1321 1085 dilemma-nomoth
1335 1048 1435 1081 εἰπεῖν,
1443 1046 1482 1082 τῷ
1490 1046 1629 1081 πνεύματι
1639 1043 1682 1071 διὰ
1698 1043 1746 1070 τὸν
1762 1050 1814 1069 πο-

1024 1099 1165 1134 θούμενον.
1193 1096 1242 1128 Τις
1269 1095 1323 1130 γὰρ
1347 1093 1453 1121 ἐκείνου
1480 1093 1512 1119 τὸ
1536 1091 1634 1127 μέλλον
1658 1088 1816 1126 προσλέψαι

1024 1142 1298 1179 στοχαστικώτερος;
1314 1139 1357 1172 τις
1372 1139 1401 1167 δὲ
1415 1138 1447 1165 τὺ
1461 1136 1563 1165 λυποῦν
1576 1135 1696 1172 μαλᾶξαι
1717 1143 1748 1161 τε
1766 1134 1815 1161 καὶ

1024 1189 1193 1227 θεραπεῦσαι
1226 1187 1462 1224 προσηνέστεροςς
1479 1184 1521 1216 τίς
1548 1183 1570 1210 δ’
1593 1183 1660 1210 αὐτὸ
1683 1181 1815 1217 χρειῶδες

1025 1237 1139 1263 εζσοῖσαι
1157 1233 1384 1270 εὐμαρέστερος;
1399 1231 1440 1263 τις
1461 1230 1491 1257 δὲ
1507 1229 1591 1264 τιμὴν
1605 1227 1708 1262 ἀνάψαι
1722 1235 1815 1253 ποικι-

1023 1282 1158 1316 λώτεροςς
1176 1279 1305 1310 Τοιοῦτος
1337 1277 1387 1313 μὲν
1415 1276 1484 1312 πρὸς
1510 1274 1620 1302 εὔνοιαν
1643 1274 1755 1308 γνήσιος
1776 1271 1816 1303 ὡς

1024 1329 1133 1356 πάντων
1147 1326 1316 1360 ὲξουσιάξειν
1328 1323 1384 1351 τῶν
1399 1321 1553 1357 πατρικῶν,
1568 1319 1696 1350 τοσοῦτος
1710 1318 1739 1345 δὲ
1752 1319 1816 1352 ἀφι-

1023 1374 1128 1406 λόῦλος,
1142 1372 1179 1404 ὡς
1197 1371 1258 1398 οὐδὲ
1274 1370 1367 1405 κύριος
1383 1366 1489 1395 ὀϐολοῦ.
1507 1366 1579 1393 Ἀνθ’
1591 1362 1628 1392 ὥν
1638 1364 1665 1391 τί
1673 1363 1703 1390 τὸ
1713 1363 1815 1398 πέρας,

1024 1420 1074 1447 καὶ
1098 1419 1141 1450 τις
1163 1418 1181 1453 ἡ
1214 1416 1335 1452 ἀμοι6ή;
1359 1413 1392 1441 Ἦ
1417 1412 1539 1449 πατρικὴ
1566 1410 1677 1445 εὐλογία
1708 1409 1756 1435 ἐπὶ
1768 1408 1816 1453 τόν

1024 1465 1096 1493 κατά
1120 1452 1230 1499 πνεῧμα
1250 1460 1358 1493 Ἰακὼϐ,
1384 1460 1414 1492 ἐξ
1429 1456 1460 1486 οὗ
1486 1458 1665 1493 πατριάρχαι,
1691 1454 1741 1482 εἴτ’
1767 1452 1817 1481 οὖν

1026 1511 1152 1548 ἱεράρχαι
1179 1509 1227 1536 καὶ
1242 1507 1435 1543 ποιμνιάρχαι,
1461 1504 1507 1540 ἀφ’
1526 1500 1564 1530 ὧν
1579 1501 1674 1548 ,πολλὰ
1690 1501 1724 1527 τὰ
1742 1500 1817 1548 κειτέ

1024 1542 1187 1583 Θεὸν-τέκνα
1203 1542 1336 1589 πλήθουσι
1348 1560 1378 1578 τε
1395 1550 1444 1577 καὶ
1467 1547 1713 1584 πληθυνθήσονται,
1727 1545 1758 1572 εὖ
1776 1542 1817 1571 οἴ-

1024 1601 1068 1634 δα,
1089 1600 1137 1627 τοῦ
1164 1597 1349 1634 εὐλογημένοι)
1374 1595 1540 1630 σπέρματος.
1569 1591 1703 1622 Τοσοῦτος
1726 1591 1740 1616 ό
1765 1591 1818 1625 τῆς

1024 1648 1164 1681 ὁσιότητος
1179 1643 1298 1680 ἐραστὴς
1312 1642 1349 1674 ὡς
1366 1640 1486 1676 ἀληθῶς,
1502 1640 1549 1666 καὶ
1560 1637 1683 1665 τοιοῦτον
1694 1635 1771 1670 αὑτῷ
1786 1634 1819 1661 τὸ

1025 1691 1111 1724 τέλος,
1130 1690 1168 1722 ὡς
1193 1691 1222 1716 ἐν
1239 1687 1412 1724 σκιαγραφίᾳ
1433 1684 1623 1722 προσεύχρουν
1652 1681 1818 1718 χαρακτῆρα

1025 1739 1074 1773 τῆς
1089 1736 1223 1771 εὐμούσου
1244 1734 1396 1769 ὑποταγῆς.

187 1781 294 1804 amator
309 1777 475 1810 sanctitatis,
494 1781 523 1804 et
556 1778 589 1805 ad
613 1782 718 1805 tantum
741 1779 918 1814 perfectionis
946 1784 1060 1817 gradum
1100 1782 1235 1815 ascendit,
1261 1785 1293 1808 ut
1323 1778 1433 1808 nonnisi
1473 1776 1683 1805 adumbratione
1696 1774 1817 1811 quadam

186 1822 340 1857 exprimere
362 1822 500 1856 potuerim
527 1822 714 1850 characterem
740 1823 872 1852 absoluta
891 1825 918 1852 in
939 1833 972 1854 eo
990 1827 1162 1855 obedientiaa.

223 1869 268 1895 Η.
284 1867 433 1902 Postquam
449 1869 541 1894 autem
557 1867 688 1902 magister
702 1868 762 1902 ejus
779 1868 813 1896 ad
827 1868 973 1897 Dominum

187 1915 265 1947 abiit,
291 1914 349 1949 ipse
367 1914 395 1940 in
408 1913 469 1948 ejus
499 1913 595 1941 cellam
616 1917 698 1948 atque
720 1914 830 1941 vivendi
861 1915 973 1943 modum

187 1959 325 1992 transivit,
365 1959 486 1994 legitime
517 1958 660 1993 amplexus
693 1958 889 1992 solitudinem;
919 1967 973 1987 non

188 2004 418 2041 quemadmodum
448 2011 521 2031 nunc
546 2004 643 2037 multi,
669 2005 794 2032 eamdem
822 2005 974 2040 periculose

188 2051 393 2086 aggredientes;
410 2050 456 2085 qui
481 2050 641 2085 priusquam
664 2050 772 2085 spiritui
785 2057 896 2078 carnem
908 2059 972 2086 per-

189 2096 260 2124 fecte
277 2095 455 2131 subjecerint,
467 2095 568 2122 audent
578 2102 627 2130 per
637 2103 667 2123 se
681 2095 756 2123 solos
764 2096 892 2130 congredi
911 2104 974 2123 cum

189 2141 332 2176 spiritibus
360 2140 504 2175 nequitiae;
521 2145 586 2168 tunc
611 2141 730 2175 primum
756 2141 879 2168 exerceri
907 2142 973 2170 inci-

188 2187 305 2223 pientes,
327 2194 389 2215 cum
401 2191 509 2221 tempus
518 2190 560 2214 est
575 2194 690 2221 pugnae;
705 2192 731 2214 et
742 2187 900 2222 experiendi
919 2195 978 2221 gra-

189 2235 227 2262 tia
249 2238 446 2270 praesumentes
478 2233 603 2261 obtinere
628 2233 784 2267 victoriam,
814 2234 896 2261 etiam
922 2234 977 2262 Deo

1065 1872 1105 1898 ιό’.
1126 1869 1237 1905 Ἐπειδὴ
1251 1869 1280 1896 δὲ
1292 1868 1476 1905 παραπέμπει
1493 1866 1563 1903 πρὸς
1585 1865 1631 1892 τὸν
1646 1865 1675 1892 ὲν
1690 1864 1819 1900 οὐρανοῖς

1027 1916 1168 1951 Δεσπότην
1191 1916 1237 1942 τὸν
1261 1914 1438 1950 καθηγεμόνα
1452 1934 1459 1947 ,
1473 1912 1636 1948 καθίστησιν
1652 1911 1749 1939 ἑαυτὸν
1777 1911 1819 1942 εις

1027 1964 1073 1991 τὸν
1084 1964 1190 1991 ἐκείνου
1212 1962 1294 1989 τόπον
1314 1961 1362 1988 καὶ
1379 1960 1490 1996 τρόπον,
1504 1959 1553 1986 καὶ
1571 1958 1620 1994 τὴν
1637 1958 1754 1994 ἡσυχίαν
1769 1958 1820 1984 ἀσ-

1027 2009 1146 2042 πάζεται
1169 2009 1289 2044 ἐννόμως
1307 2016 1338 2034 τε
1365 2007 1413 2033 καὶ
1439 2004 1602 2040 ὲνθέσμως·
1618 2003 1648 2030 οὐ
1672 2003 1743 2030 κατὰ
1754 2002 1819 2034 τοὺς

1027 2056 1141 2087 πολλοὺς
1169 2055 1225 2082 τῶν
1247 2054 1294 2081 νῦν
1313 2052 1458 2088 σφαλερῶς
1470 2052 1518 2079 ἐπὶ
1534 2050 1636 2086 ταύτην
1648 2048 1818 2086 ἐρχομένων,

1027 2102 1075 2129 καὶ
1092 2102 1158 2137 πρὶν
1183 2099 1317 2138 ὑποτάξαι
1342 2099 1394 2135 τὴν
1420 2099 1510 2134 σάρκα
1527 2097 1566 2133 τῷ
1580 2096 1730 2131 πνεύματι,
1760 2095 1820 2126 τοῖς

1026 2147 1077 2183 τῆς
1098 2147 1231 2182 πονηρίας
1249 2145 1404 2181 πνεύμασιν
1426 2144 1629 2180 μονομαχήσειν
1645 2140 1820 2178 τεθαρρηκό-

1027 2201 1093 2225 των,
1104 2192 1151 2220 καὶ
1161 2193 1189 2219 ὲν
1200 2191 1289 2227 καιρῷ
1299 2191 1350 2226 τῆς
1359 2189 1439 2225 νίκης
1451 2188 1578 2216 παλαίειν
1591 2186 1818 2223 ὲκμελιτώντων,

1028 2239 1109 2265 ὁπότε
1139 2238 1186 2264 καὶ
1198 2239 1295 2273 πεῖραν
1316 2236 1427 2263 οίόντων
1449 2234 1655 2269 δυστέκμαρτον
1675 2232 1725 2267 τὴν
1739 2231 1821 2267 νίκην

187 2281 311 2316 juvante,
327 2279 475 2308 ditlicilem.
489 2279 541 2313 Qui
558 2280 631 2307 enim
646 2280 724 2315 prius
737 2287 791 2308 non
807 2279 902 2308 didicit
913 2281 972 2308 obe-

1032 2285 1080 2310 σὺν
1096 2283 1156 2319 Θεῷ
1172 2282 1340 2319 ποιήσασθαι
1353 2289 1360 2296 ·
1379 2281 1409 2313 ὃς
1423 2280 1478 2317 γὰρ
1497 2280 1530 2307 ἂν
1547 2279 1597 2306 οὐκ
1610 2278 1760 2312 ἐπαιδεύθη
1772 2277 1821 2313 τὴν

189 2326 259 2360 dire,
286 2325 425 2360 quomodo
452 2325 578 2360 subiiciet
602 2325 653 2353 sibi
679 2326 845 2354 reluctantes
867 2326 975 2362 spiritui

189 2372 281 2400 carnis
293 2372 453 2407 passiones?
468 2371 501 2399 Et
513 2372 560 2407 qui
577 2380 630 2399 non
655 2372 816 2400 custodierit
830 2372 978 2400 intemera»

190 2423 247 2447 tam
261 2419 477 2451 ’observantiam,
495 2418 634 2454 quomodo
649 2418 683 2445 ad
701 2423 822 2446 montem
847 2419 979 2447 solitariae

189 2465 406 2494 conversationis
415 2465 564 2492 ascendet?
574 2464 702 2499 Nunquid
714 2464 818 2492 clarum
837 2470 889 2497 est,
905 2465 978 2500 quod

189 2510 236 2545 qui
252 2510 328 2537 illum
338 2510 667 2546 attigerltintempestive,
690 2509 827 2544 lapidibus
847 2510 979 2538 obruetur

190 2560 238 2583 aut
253 2555 526 2591 contigeturjaculis,
536 2559 564 2583 et
579 2560 668 2583 morte
680 2555 817 2590 spirituali
833 2556 977 2590 morietur,

189 2606 273 2637 prout
283 2610 369 2630 sacrae
381 2603 532 2638 loquuntur
548 2601 677 2629 Litterm?
692 2600 752 2628 Non
769 2601 807 2628 ita
822 2601 846 2629 is
874 2601 908 2629 de
924 2608 979 2636 quo

192 2648 272 2677 nobis
288 2652 330 2675 est
342 2655 433 2676 sermo
446 2658 452 2675 :
465 2655 527 2676 nam
546 2647 636 2675 verbis
659 2654 692 2675 ac
708 2647 832 2675 moribus
847 2647 978 2675 obedien-

225 2702 239 2720 ι
252 2702 274 2731 ll
285 2702 350 2731 Cor.
366 2711 396 2736 ιι,
412 2703 454 2730 15.

1032 2328 1173 2363 ὑποταγὴν
1200 2327 1345 2363 πρότερον,
1361 2326 1420 2358 πῶς
1441 2323 1518 2357 οὗτος
1543 2324 1705 2356 ὑποτάξειεν
1724 2323 1759 2349 τὰ
1778 2331 1823 2349 πο-

1030 2375 1113 2411 λέμια
1140 2374 1232 2409 πάθη;
1250 2374 1298 2400 καὶ
1310 2372 1340 2404 ὃς
1354 2372 1420 2399 δ’ἂν
1440 2371 1477 2407 μὴ
1503 2369 1637 2406 ἐφύλαξεν
1662 2368 1751 2405 ἁγνὴν
1771 2368 1822 2404 τὴν

1031 2419 1199 2451 εὐπείθειαν,
1213 2417 1272 2450 πῶς
1285 2412 1364 2449 οὗτος
1377 2416 1561 2452 προσϐήσεται
1572 2415 1611 2451 τῷ
1619 2414 1677 2450 ὄρει
1688 2414 1739 2448 τῆς
1754 2414 1823 2449 ἡσυο

1033 2465 1147 2501 χῑας;ἢ
1170 2463 1293 2499 δηλονότι
1307 2464 1321 2490 ό
1342 2462 1418 2498 παρά
1443 2462 1540 2498 καιρὸν
1560 2461 1647 2496 αὐτῆς
1669 2460 1823 2495 ἁψάμενος,

1032 2510 1117 2542 λίθοις
1135 2509 1389 2546 λιθοϐοληθήσεται,
1406 2508 1423 2544 ἢ
1440 2507 1523 2543 βολίδι
1543 2505 1825 2541 κατατοξευθήσεται,

1032 2557 1080 2584 καὶ
1108 2556 1298 2592 τελευτήσειεν
1322 2555 1361 2591 τῷ
1387 2554 1459 2582 κατά
1481 2553 1571 2590 ψυχὴν
1595 2552 1714 2587 θανάτῳ,
1731 2550 1826 2584 καθώς

1033 2602 1084 2629 πού
1100 2610 1167 2638 φησι
1189 2602 1220 2629 τὸ
1236 2602 1309 2638 ἱερὸν
1321 2601 1443 2637 Γράμμα
1459 2599 1546 2634 rm"
1559 2598 1710 2635 οὐχ.οὒτως
1727 2597 1743 2623 ό
1759 2596 1827 2632 περὶ

1033 2645 1064 2676 οὗ
1079 2649 1093 2675 ό
1112 2648 1193 2683 λόγος
1206 2656 1212 2664 ·
1226 2647 1299 2682 λόγῳ
1314 2647 1368 2683 γὰρ
1379 2647 1429 2674 καὶ
1443 2645 1538 2681 τρόπῳ
1551 2644 1707 2680 θεαρέστως
1719 2643 1827 2670 ὑποτα-

228 2795 268 2833 (β)
280 2795 310 2822 td
323 2799 366 2833 est
380 2803 390 2821 ι
411 2793 585 2825 sacerdotum
599 2799 626 2822 et
636 2797 779 2829 pastorum
805 2747 1106 2830 principes
1117 2799 1160 2824 est
1173 2796 1247 2823 enim
1274 2794 1402 2823 clarioris
1421 2791 1608 2828 expressionis
1631 2796 1715 2818 causa
1729 2788 1828 2818 Graeca

193 2830 276 2858 verba
291 2830 411 2858 servare.
