1924 3077
98 106 150 142 817

431 111 572 144 ORATIO
589 113 642 144 Χί.
656 126 689 132 -
706 114 898 144 LAUDATIO
925 115 956 146 S.
978 115 1167 145 I’LATONIS
1186 116 1404 149 HEGUMENI.

1681 119 1735 152 818

99 161 166 195 γεὶς,
180 161 303 197 εὐλόγως
315 161 364 190 καὶ
378 163 545 199 εὐαφόρμως
559 165 608 191 ἐπὶ
617 163 722 200 ταύτην
735 165 888 201 πρόσεισιν,

947 165 1073 197 tiam,ltti
1103 166 1157 194 Deo
1185 167 1313 202 placitum
1330 172 1401 201 erat,
1416 174 1557 206 sectatus;
1584 177 1738 208 opportune

99 207 147 235 καὶ
160 207 206 235 τὸν
219 209 283 236 νοῦν
295 209 459 244 καθαίρεται
474 210 592 244 antsz
605 209 676 245 Θεῷ,
697 212 744 238 καὶ
754 211 814 242 ταῖς
826 211 896 246 πρὸς

99 253 181 281 αὐτὸν
195 253 327 290 θεωρίαις
341 254 520 289 γλυκαίνεται
547 255 764 292 μετεωροπυρῶν
779 257 818 292 τῷ
833 256 871 292 νῷ
886 265 893 273 ⁸

99 300 160 327 ἐπεὶ
180 300 249 336 μηδὲ
268 300 373 327 ἔνεστιν
400 300 528 337 ήδύτερόν
545 310 572 328 τι
596 302 644 329 τοῦ
669 302 736 329 Θεὸν
763 302 835 338 ἔχειν
866 304 895 330 ἐν

100 346 210 381 θεωρίᾳ,
225 346 255 377 ὃς
268 347 328 372 ἐστι
345 346 504 382 γλυκασμὺς
526 348 573 374 καὶ
586 348 648 380 ὅλος
673 348 810 383 ἐπιουμία.
836 350 894 381 τοῖς

99 391 259 426 γευομένοις
273 391 355 418 αὐτοῦ
372 392 424 426 τῆς
445 394 595 427 ἀκορέστου
611 394 733 430 ἀγάπης,
751 395 789 426 ὡς
807 395 894 431 λήθην

100 437 250 472 λαμϐάνειν
272 437 320 464 καὶ
343 438 429 473 αὐτῆς
447 440 540 474 σχεδὸν
552 440 601 474 τῆς
613 439 765 475 ὀρεκτικῆς
777 441 891 476 τροφῆς.

105 482 162 518 Ἐφ’
176 483 267 519 ἐαυτῷ
279 483 330 518 μὲν
343 483 390 511 οὖν
403 483 491 512 ταῦτα
502 486 549 512 καὶ
562 485 708 520 ἐφέλκεται
723 486 770 512 καὶ
783 486 893 520 πορίζε-

99 537 155 561 ται,
176 530 225 556 καὶ
249 529 392 566 δυνάμεως
411 532 452 563 είς
478 531 594 567 δύναμιν
619 531 830 567 μετερχόμενος,
846 532 894 559 καὶ

99 576 248 608 ἀναϐάσεις
267 578 374 613 ἀρετῶν
391 579 420 604 ἐν
433 577 534 614 καρδίᾳ
548 576 749 613 διατιθέμενος.

417 678 547 705 ΚΕΦΛΛ.
570 678 609 704 l".

945 211 1139 247 auspicatoque
1155 213 1315 248 aggreditur
1322 214 1516 250 solitudinem;
1531 221 1559 244 et
1567 223 1686 247 mentem
1695 225 1738 248 at-

946 255 1046 288 tolens,
1063 257 1267 292 appropinquat
1279 256 1335 285 Deo
1349 267 1356 291 ;
1370 260 1648 295 contemplationibus
1663 264 1736 293 circa

945 308 1008 328 eum
1025 301 1200 330 versantibus
1218 302 1381 338 oblectatur,
1399 305 1492 333 animo
1506 307 1615 334 excelsa
1625 316 1736 343 perant-

946 346 1042 374 bulans
1059 347 1148 375 :niltil
1176 348 1249 376 enim
1270 349 1458 378 delectabilius
1479 356 1521 380 est
1542 360 1623 387 quam
1651 354 1736 382 Deum

945 392 1093 426 speculari,
1116 393 1163 428 qui
1184 398 1258 421 totus
1275 399 1317 422 est
1332 395 1479 423 oblectatio
1499 401 1525 424 et
1546 397 1672 432 voluptas
1686 407 1737 427 eo-

947 445 1019 470 rum,
1040 438 1087 473 qui
1103 438 1193 473 ipsum
1213 439 1359 475 degustant
1388 449 1483 469 amore
1517 442 1676 476 insatiabili,
1699 445 1736 473 ita

946 487 976 510 ut
988 491 1057 518 pene
1070 484 1097 511 in
1112 485 1277 512 oblivionem
1293 487 1402 514 veniant
1413 479 1500 522 ipsius
1512 489 1566 516 cibi
1578 491 1735 524 appetendi.

946 529 1042 564 Itaque
1053 530 1105 558 sibi
1121 531 1172 565 ipsi
1190 531 1217 558 iu
1234 531 1359 560 futurum
1381 533 1421 561 sic
1438 536 1581 569 prospexit
1597 535 1684 569 Plato,
1702 545 1735 564 ex

947 575 1047 603 virtute
1073 577 1210 605 transiens
1238 577 1264 604 iu
1283 578 1423 609 virtutem.
1436 584 1464 607 et.
1491 581 1670 610 ascensiones
1685 590 1736 610 suo

946 620 973 647 in
985 621 1068 648 corde
1078 621 1239 656 disponens.

1255 678 1370 706 CAPUT
1387 680 1433 708 ΙΙΙ.

376 723 406 752 S.
423 723 502 751 Plato
512 724 659 759 prwﬁcitur
671 723 830 750 monasterio
849 722 1046 759 Symbolorum,
1066 724 1186 750 excurrit
1199 723 1468 760 Constantinopolim.

137 771 178 799 ιε’.
199 771 309 806 Ἐπειδὴ
325 771 353 798 δέ
363 771 414 798 οὐκ
424 771 505 807 ἢρκει
516 772 547 798 τὸ
555 770 722 798 καθ’ἐαυτὺν
737 772 818 806 μόνον
832 779 893 797 σκο-

983 769 1027 796 15.
1043 768 1180 802 Quoniam
1198 778 1262 798 vero
1280 779 1453 806 nequaquam
1479 772 1581 801 suilicit
1595 781 1644 801 sua
1664 775 1736 803 dun-

100 818 174 848 πεῖν,
187 816 323 851 ζητούσης
334 815 383 851 τῆς
396 816 517 850 ἀγάπης,
534 816 581 842 καὶ
598 816 629 842 τὸ
642 816 696 843 τῶν
717 815 805 843 ἀλλων
822 824 892 850 συμ-

100 863 185 899 φέρον
200 871 206 877 ·
221 862 342 889 τέθειται
356 861 422 896 γοῦν
443 862 491 888 καὶ
511 862 540 888 ἐν
556 862 632 894 τάξει
652 862 772 897 Πατρὺς,
789 861 892 897 μᾶλλον

99 910 128 936 δέ
155 909 300 945 φωστῆρος
315 909 394 944 δίκην
409 910 442 944 τῇ
470 909 691 944 μνημονευθείσῃ
718 908 891 944 ἀδελφότητι,

101 955 172 982 κατὰ
192 954 318 989 διαδοχὴν
347 954 395 980 τοῦ
416 955 568 990 μακαρίτου
593 955 766 989 Θεοκτίστου,
791 956 893 993 ἐχούσῃ

101 1001 168 1028 ἴδιον
186 1000 233 1026 τὸν
256 1000 445 1036 καθηγεμόνα,
457 1000 490 1036 ἢν
502 1001 550 1027 καὶ
568 1002 720 1038 ἀμφότεροι
741 1012 892 1038 πνευματι-

101 1045 158 1077 κῶς
172 1054 200 1071 τε
222 1044 269 1072 καὶ
299 1044 464 1080 σωματικῶς
479 1045 521 1071 ὃτι
542 1045 660 1081 μάλιστα
682 1048 722 1079 εἰς
734 1047 765 1073 τὸ
777 1045 847 1074 εἷναί
861 1056 891 1074 τε

102 1091 150 1117 καὶ
162 1090 346 1125 ὀνομάζεσθαι
363 1090 449 1126 μονὴν
463 1091 651 1127 εὐαγεστάτην
666 1093 834 1128 προήγαγον.
851 1095 892 1120 Γί-

102 1144 178 1162 νεται
195 1136 223 1162 δὲ
238 1135 286 1162 καὶ
298 1135 370 1162 δυοῖν
385 1136 521 1172 φοιτητῶν
532 1137 692 1173 καθηγητὴς
718 1138 890 1174 ἰδιοτρόπως,

102 1181 148 1215 ὑφ’
160 1179 199 1209 ὧν
214 1181 420 1217 ἐξυπηρετεϊτο,
439 1182 487 1208 καὶ
504 1181 552 1213 οὓς
569 1180 626 1217 εἶχε
652 1184 818 1216 συνεστίους,
834 1184 892 1211 ἀλλ’

101 1228 162 1262 οὐχὶ
179 1228 333 1262 συσσίτους,
349 1225 386 1255 ὧν
399 1228 414 1254 ὸ
433 1224 474 1258 εἷς
492 1227 532 1254 ἔτι
546 1228 670 1264 περίεστι
689 1229 811 1264 τούνομα
831 1232 892 1257 Ἀν-

101 1273 234 1307 τώνιος,ὁ
264 1273 324 1309 μεθ’
343 1273 421 1309 ἡμῶν
445 1274 492 1301 καὶ
517 1275 566 1301 σὺν
593 1275 659 1310 ἡμῖν
683 1275 765 1311 μέχρι
789 1277 893 1312 γήρους

102 1320 322 1355 ὑποταττόμενος
335 1329 341 1335 ·
360 1320 442 1353 αὐτὸς
462 1321 529 1356 ὴμῐν
551 1320 694 1356 ὗφηγητὴς
713 1321 756 1356 εῑη
774 1322 892 1350 ἐνταῦθα

101 1365 156 1392 τῶν
167 1365 514 1401 ὲπιζητουμένων.”Αρτος,
526 1367 603 1401 φασὶ,
611 1366 649 1401 τῷ
664 1367 752 1403 Πατρὶ
761 1368 808 1395 καὶ
823 1368 894 1395 κύα-

103 1419 155 1446 μος
166 1411 236 1446 πρὸς
260 1411 387 1447 λαχάνοις
395 1412 442 1439 καὶ
453 1411 617 1448 ἀκροδρύοις
629 1411 678 1448 (ε),
688 1413 704 1448 ἠ
714 1413 775 1440 καθ’
785 1414 892 1450 ἡμέραν

101 1457 283 1489 εὐανθίζουσα
305 1457 430 1489 ἀνέλαιος
448 1457 594 1493 διατροφὴ,
616 1457 687 1494 πλὴν
699 1459 845 1494 Κυριακῆς
860 1468 891 1486 τε

102 1503 150 1529 καὶ
179 1503 287 1538 ἑορτῆς,
318 1503 380 1530 καθ’
395 1503 428 1535 ἃς
450 1503 542 1530 εἰώθει
559 1504 749 1540 ὁμοτράπεζος
768 1503 837 1532 εἶναι
859 1508 893 1542 τῇ

103 1549 181 1583 κοινῇ
200 1547 374 1583 ἀδελφότητι.
395 1548 491 1581 Ποτδν,
505 1548 520 1574 ὃ
536 1548 664 1583 βλύζουσι
687 1550 796 1585 κρῆναι,
810 1550 858 1577 καὶ
872 1547 894 1585 ᾧ

104 1594 255 1627 συνάγεται
272 1593 345 1625 νοῦς,
370 1593 401 1620 οὐ
423 1593 552 1628 χεόμενος
571 1593 743 1628 οἰνοφλυγίας
766 1595 894 1631 ῥεύματι,

101 1638 156 1665 οὐδ’
186 1637 253 1665 αὐτὸ
276 1638 425 1674 ἡμερήσιον
435 1639 489 1671 ἀεὶ,
503 1637 573 1665 ἀλλά
588 1638 626 1674 πῆ
640 1638 691 1674 μὲν
706 1639 891 1676 ὑπερημερή-

103 1692 171 1715 σιον,
185 1684 224 1718 πῆ
238 1682 268 1710 δὲ
286 1683 483 1718 δυσσευόμενον
495 1684 528 1719 τῇ
547 1683 685 1720 ἐϐδομάδι,
700 1685 717 1719 ἢ
734 1685 782 1712 καὶ
796 1685 895 1713 δεκατ-

102 1730 208 1764 ήμερον
232 1729 439 1764 λαμῆανόμενον
463 1729 514 1764 τῆς
536 1729 742 1764 βραδυποσίας,
761 1730 794 1757 ἵν’
809 1730 895 1764 οὓτως

103 1775 176 1801 εἴπω
190 1775 238 1801 καὶ
259 1774 387 1806 ἀποσίας,
413 1774 484 1808 μετὰ
505 1774 555 1809 τῆς
580 1775 733 1811 ἐγκρατοῦς
762 1776 893 1810 ἐφέσεως,

102 1822 153 1848 καὶ
175 1820 209 1847 ἐκ
234 1820 354 1856 φυσικῆς
371 1820 509 1856 κράσεως,
524 1823 565 1852 είς
583 1820 641 1854 ἐξιν
665 1821 741 1856 αὐτῷ
757 1821 882 1848 καθεστώ

103 1873 168 1901 σης-

139 1957 189 1987 ις¹.
205 1954 303 1989 Ἐσθὴς
320 1954 433 1990 εὖτελὴς
447 1955 495 1982 καὶ
512 1955 750 1990 βραχύτιμος,καὶ
765 1956 834 1992 πρὸς
847 1956 896 1991 μό-

100 2009 153 2036 νην
168 2000 267 2037 θάλψιν
282 2001 468 2037 πεποιημένη,
487 2000 545 2028 ἀλλ’
559 2001 621 2036 οὐχὶ
643 2001 752 2033 λεπτοῖς
764 2002 895 2038 ὑφάσμα-

101 2055 146 2074 σιν
163 2046 397 2083 ἐπιτετηδευμένη
408 2066 416 2079 .
434 2047 495 2074 οὐδὲ
518 2047 648 2082 βαφικαῖς
664 2048 771 2083 χροιαῖς
788 2048 895 2083 ἐξηνθι-

101 2093 203 2128 σμένη,
221 2093 255 2129 ἢν
267 2093 291 2119 οἱ
311 2092 513 2125 καλλωπισταὶ,
525 2092 584 2120 ἀλλ’
596 2092 627 2119 οὺ
648 2093 782 2128 μονασταὶ
807 2093 895 2129 θηρᾷν
911 2110 933 2138 D

101 2139 237 2173 ἐφίενται.
252 2139 396 2174 Προσευχὴ
409 2139 456 2166 καὶ
470 2138 624 2173 ἀνάγνωσις
641 2138 780 2172 ἐπίπονος,
799 2140 895 2176 ἀφορι-

102 2184 210 2219 ζομένη
224 2183 296 2211 κατὰ
310 2184 417 2219 καιρὸν,
432 2184 479 2210 καὶ
494 2184 534 2215 εἰς
547 2183 651 2218 τροφὴν
666 2183 741 2220 αὺτῷ
755 2185 815 2211 ἀντὶ
829 2194 896 2221 τρυ-

101 2231 158 2265 φῆς
175 2229 394 2266 καρυκευομένη.
406 2229 588 2257 Γονυκ).ισιῶν
598 2230 746 2265 πυκνότης,
762 2231 897 2265 πατρόθεν

99 2275 243 2311 ἠργμένη,
256 2274 287 2306 ἐξ
299 2271 333 2310 ἧς
346 2273 422 2301 τύλοι
434 2273 533 2309 χειρῶν
545 2282 574 2300 τε
588 2274 636 2300 καὶ
653 2273 704 2309 γῆς
717 2274 761 2308 ἐφ’
772 2272 807 2310 ἦς
832 2274 895 2301 ἐϐε-

100 2322 196 2357 6ήκει,
219 2319 301 2356 μέχρι
313 2319 361 2347 τοῦ
377 2319 458 2354 δεῦρο
480 2319 530 2356 τὴν
549 2319 651 2356 ἀρετὴν
676 2320 894 2354 στηλιτεύοντες.

99 2366 240 2403 Στρωμνὴ
256 2367 306 2402 οὐχ
319 2365 410 2401 ἁπαλή
424 2374 454 2392 τε
467 2366 514 2393 καὶ
523 2365 698 2401 διαῤῥέουσα,
712 2365 770 2393 ἀλλ’
778 2367 828 2402 ὅση
845 2366 895 2393 καὶ

100 2412 271 2444 ὑποπιάζειν
292 2411 323 2438 τὸ
354 2412 434 2447 σῶμα
459 2411 608 2447 δυναμένη,
638 2411 685 2438 καὶ
709 2411 895 2439 ἀταπείνωτον

101 2458 172 2485 αὐτὸ
189 2457 259 2494 πρὸς
279 2457 330 2489 τὰς
351 2457 541 2493 πνευματικὰς
561 2456 735 2493 λειτουργίας
747 2457 896 2493 διαφυλάτ-

100 2513 162 2531 τειν
181 2503 323 2539 ίειχύουσα.
339 2503 449 2540 Χειρῶν
465 2504 582 2539 ἐργασία
602 2504 648 2531 διὰ
666 2504 786 2538 σπουδῆς
796 2510 804 2519 σ
817 2503 896 2531 τοῦτο

101 2551 160 2586 γὰρ
176 2551 232 2577 τῶν
247 2550 353 2577 ἐκείνου
369 2551 589 2586 κατορθωμάτων
603 2551 679 2585 παρά
688 2551 752 2582 τοὺς
765 2550 894 2582 πολλοὺς,

102 2596 151 2623 ἵνα
174 2595 212 2632 μὴ
227 2596 300 2629 λέγω
322 2596 385 2627 τοὺς
400 2596 515 2627 πάντας,
528 2596 558 2622 τὸ
572 2596 720 2631 ἐπίσημον,
735 2596 751 2631 ἢ
773 2596 892 2631 μᾶλλον.

101 2642 272 2677 οἰκειότερον
283 2642 380 2677 εἰπεῖν,
393 2641 487 2677 σὺντῷ
500 2641 565 2678 ῑερῷ
576 2641 730 2677 ’Δποστόλῳ
750 2642 833 2676 φάναι
848 2641 896 2677 (ι’),

946 819 1022 842 taxat
1035 823 1142 848 curare,
1155 816 1201 843 sed
1214 821 1241 844 et
1254 817 1316 844 aliis
1331 817 1406 844 utilia
1419 818 1518 852 quaerit
1528 818 1649 853 perfecta
1664 821 1734 848 cha-

946 860 1023 893 ritas,
1040 860 1185 889 ordinatus
1201 860 1282 889 Pater
1301 870 1350 890 seu
1373 863 1464 896 potius
1483 863 1651 892 illuminator
1666 874 1736 900 pra:-

946 910 1104 932 memoratae
1125 905 1314 940 fraternitatis,
1328 908 1469 942 proprium
1485 909 1586 937 habere
1603 910 1734 945 hegume-

946 958 1011 978 num
1027 951 1125 983 solitae,
1143 951 1222 979 beato
1243 951 1404 981 Theoctisto
1426 955 1548 982 succedit
1563 955 1591 982 in
1605 956 1666 990 ejus
1682 957 1733 985 loci

946 995 1090 1030 regimine,
1120 1004 1202 1031 quem
1233 998 1315 1025 ambo
1344 999 1372 1025 in
1396 999 1587 1033 spiritualibus
1610 1008 1688 1036 atque
1702 1009 1735 1028 ac

946 1042 1144 1076 temporalibus
1157 1049 1351 1077 promoverant
1371 1045 1502 1079 maxime,
1520 1046 1589 1074 adeo
1611 1051 1641 1074 ut
1660 1054 1733 1076 esset

946 1096 978 1116 ac
992 1088 1127 1116 diceretur
1137 1090 1334 1118 monasterium
1345 1091 1448 1126 optime
1457 1093 1647 1121 constitutum.
1657 1093 1732 1122 Duo-

945 1134 997 1162 bus
1011 1138 1101 1161 tamen
1115 1135 1250 1170 praecipue
1272 1143 1333 1164 sese
1346 1137 1460 1171 praebuit
1476 1138 1574 1166 ducem
1598 1140 1660 1166 vitae
1675 1140 1733 1174 spi-

947 1179 1064 1210 ritualis.
1072 1187 1088 1207 a
1098 1180 1197 1215 quibus
1205 1181 1230 1208 ei
1241 1181 1592 1218 ministrabatur,quosquc
1604 1184 1733 1217 habebat,

946 1232 1002 1252 non
1036 1231 1248 1260 comessatores,
1291 1227 1339 1254 sed
1372 1227 1512 1256 convivas.
1533 1228 1638 1256 Horum
1662 1237 1734 1257 unus

946 1270 1037 1298 adhuc
1061 1276 1188 1306 superest
1207 1271 1344 1299 Antonius
1374 1274 1496 1306 nomine,
1522 1274 1568 1309 qui
1589 1275 1733 1303 nobiscum

947 1323 1034 1350 usque
1059 1317 1092 1344 ad
1116 1317 1222 1344 senium
1238 1318 1290 1345 sub
1312 1318 1466 1346 oltedicntia
1483 1319 1569 1353 vivit;
1587 1321 1644 1355 ipse
1656 1321 1737 1348 nobis

947 1365 1086 1396 suggerat,
1101 1369 1162 1396 quae
1182 1362 1227 1389 hic
1253 1362 1456 1390 desiderantur.
1479 1363 1673 1398 Quotidianus,
1691 1366 1735 1393 in-

946 1407 1016 1442 quit,
1031 1407 1109 1435 cibus
1134 1407 1210 1435 Patri
1236 1412 1295 1435 erat
1308 1409 1398 1443 panis,
1412 1418 1474 1437 cum
1494 1410 1557 1438 faba
1573 1415 1600 1438 et
1613 1411 1737 1438 oleribus

946 1458 1028 1487 atque
1047 1453 1178 1480 arborum
1195 1452 1342 1486 fructibus,
1352 1455 1457 1490 absque
1471 1455 1541 1488 oleo,
1555 1461 1735 1491 praeterquam

946 1497 1098 1525 Dominicis
1115 1497 1277 1533 festivisque
1302 1499 1410 1533 diebus,
1433 1501 1532 1535 quibus
1554 1507 1737 1529 consueverat

945 1544 1085 1570 communi
1109 1551 1175 1570 cum
1198 1543 1330 1573 fratribus
1367 1553 1461 1574 mensa
1484 1547 1536 1574 uti.
1561 1547 1648 1575 Polus
1676 1552 1737 1575 erat

946 1596 1027 1623 quem
1047 1588 1139 1617 fontes
1154 1593 1296 1624 praestant,
1311 1594 1340 1617 et
1355 1598 1413 1625 quo
1431 1598 1511 1618 mens
1526 1592 1673 1627 colligitur,
1689 1600 1736 1620 ne-

945 1642 1083 1670 quaquam
1098 1635 1208 1670 capiens
1221 1635 1325 1662 ﬂuxum
1343 1635 1498 1664 vinolentia
1509 1641 1553 1669 ;et
1568 1637 1612 1664 hic
1620 1637 1734 1672 quidem

946 1689 1000 1708 non
1017 1688 1125 1716 semper
1140 1682 1328 1716 quotidianus,
1339 1681 1388 1709 sed
1398 1683 1562 1718 quandoque
1572 1684 1645 1711 ultra
1661 1685 1735 1712 diem

946 1726 1059 1759 dilatus,
1074 1732 1121 1754 aut
1140 1727 1182 1755 bis
1198 1727 1226 1755 in
1246 1727 1417 1756 hebdomade
1445 1734 1582 1764 sumptus.
1605 1730 1736 1763 Quando-

945 1779 998 1807 que
1012 1772 1094 1800 ctiam
1109 1772 1216 1800 decimo
1231 1773 1364 1801 duntaxat
1388 1774 1442 1807 die,
1455 1774 1554 1810 exigua
1566 1775 1612 1803 illa
1625 1782 1672 1804 sou
1687 1784 1736 1811 po-

946 1818 1001 1845 tius
1016 1818 1088 1844 nulla
1105 1818 1232 1845 utebatur
1244 1818 1454 1852 refocillatione,
1471 1825 1583 1855 propter
1597 1829 1734 1850 summam

946 1863 1109 1898 appetentiae
1127 1863 1337 1897 continentiam,
1356 1864 1470 1899 quae-illi
1491 1865 1694 1900 quodammodo
1708 1867 1735 1895 in

947 1913 1076 1936 naturam
1089 1909 1247 1937 transierat.

983 1955 1028 1982 i6.
1042 1955 1131 1982 Vestis
1148 1959 1175 1982 et
1189 1960 1278 1986 curta,
1294 1956 1327 1983 ad
1343 1956 1432 1983 solum
1448 1956 1567 1984 calorem
1586 1957 1668 1991 facta,
1682 1966 1735 1986 non

946 2001 1037 2026 autem
1061 1998 1210 2026 subtilibus
1237 1998 1384 2027 ﬁlamentis
1396 2003 1522 2027 contexta
1544 2004 1592 2028 aut
1614 2001 1736 2029 colorum

946 2044 1072 2072 tincturis
1086 2043 1192 2076 ﬂerida,
1214 2044 1322 2078 qualem
1344 2045 1437 2072 videre
1461 2051 1554 2073 amant
1569 2053 1623 2074 non
1643 2054 1738 2074 mona-

947 2088 1057 2122 chi,sed
1073 2089 1270 2124 elegantiarum
1289 2090 1419 2118 studiosi.
1430 2090 1526 2118 Oratio
1542 2097 1570 2118 et
1581 2092 1663 2120 lectio
1677 2092 1738 2127 ejus

948 2135 1085 2163 laboriosa
1101 2140 1170 2168 erat,
1186 2140 1213 2163 et
1227 2136 1305 2163 statis
1325 2137 1496 2171 temporibus
1508 2137 1629 2170 deﬁnita,
1645 2137 1737 2165 cibum

948 2189 1058 2217 quoque
1071 2182 1132 2216 ejus
1147 2181 1308 2210 deliciarum
1324 2183 1384 2210 loco
1396 2183 1551 2211 condiebat.
1574 2183 1738 2218 Frequentia

947 2227 1177 2263 genuﬂexionum,
1192 2236 1207 2255 υ
1230 2228 1358 2256 Patribus
1389 2228 1507 2261 tradita,
1529 2232 1603 2256 tanta
1628 2234 1689 2256 erat
1707 2234 1739 2256 ut

949 2274 1079 2301 manibus
1098 2273 1205 2309 ipsique
1224 2274 1250 2301 in
1266 2282 1321 2309 qua
1335 2274 1439 2302 ﬁebant
1450 2279 1531 2302 terra
1548 2275 1635 2302 callos
1659 2275 1740 2302 indu—

950 2323 1052 2352 cerent,
1068 2319 1094 2346 in
1111 2324 1320 2348 monumentum
1338 2320 1448 2348 virtutis
1462 2320 1533 2355 ejus.
1551 2320 1672 2348 Stratum
1690 2329 1740 2349 nec

951 2365 1033 2392 molle
1057 2369 1128 2397 erat,
1154 2373 1205 2393 nec
1234 2365 1306 2393 let-to
1328 2365 1521 2394 circumﬂuunt
1540 2375 1546 2392 :
1567 2365 1613 2394 sed
1631 2374 1686 2401 quo
1701 2366 1741 2394 af-

935 2411 1004 2446 ﬂigi
1018 2419 1129 2446 corpus,
1141 2416 1168 2439 et
1185 2412 1219 2439 ad
1243 2411 1395 2446 spiritualia
1409 2411 1497 2440 oiﬁcia
1523 2412 1632 2440 ﬁrmum
1648 2417 1741 2447 posset

949 2457 1066 2485 servari.
1093 2456 1359 2492 Manuumoperatio
1370 2458 1504 2494 diligens:
1521 2459 1576 2486 hoc
1605 2458 1678 2485 enim
1708 2467 1741 2486 ex

949 2503 1089 2539 prmolaris
1117 2503 1191 2530 illius
1211 2503 1321 2531 dotibus
1339 2512 1424 2532 unum
1443 2512 1500 2540 prae
1519 2505 1624 2537 multis,
1642 2508 1740 2531 utnon

949 2551 1039 2577 dicam
1057 2549 1197 2581 omnibus,
1219 2549 1308 2584 ipsum
1324 2550 1442 2578 faciebat
1467 2551 1686 2584 illustrem;aut
1713 2555 1742 2577 ut

949 2595 1037 2630 magis
1048 2595 1158 2630 proprie
1175 2595 1282 2630 loquar,
1307 2595 1440 2631 Apostolo
1465 2597 1595 2629 similem,
1616 2596 1687 2631 quod
1702 2596 1743 2622 (Ιί-

949 2649 1011 2669 cere
1043 2645 1154 2676 posset:
1180 2640 1222 2667 Αιί
1246 2649 1278 2668 ea
1305 2649 1364 2676 quin
1393 2642 1457 2668 mihi
1480 2650 1545 2676 opus
1565 2646 1642 2668 erant
1658 2646 1683 2668 et
1701 2641 1741 2668 Itis

865 2697 983 2727 ΝΟΤΛΕ.

145 2755 182 2790 (ε)
203 2755 356 2796 ’Λκρόδρυα
370 2764 487 2796 summes
500 2755 594 2783 herbas
612 2755 805 2796 intetpretalur
827 2754 893 2783 Sirio

962 2756 1033 2796 :_s_ed
1051 2755 1115 2791 quia
1131 2755 1223 2790 δρύον,
1236 2756 1321 2784 altera
1343 2755 1489 2791 compositi
1503 2762 1579 2791 pars,
1600 2754 1739 2790 signiticet

108 2790 440 2832 «citiusﬂnalui‘arborum
458 2790 578 2832 fructus,
589 2796 616 2818 et
630 2791 740 2832 quidem
753 2791 903 2832 silvestres,
916 2790 1078 2832 intelligere,
1157 2828 1162 2832 _
1387 2827 1392 2832 I
1407 2790 1414 2791 ί
1433 2827 1448 2832 ,ν
1475 2826 1478 2830 .

152 2826 187 2860 tr)
205 2825 376 2862 Ergrapltum
392 2831 516 2855 nostrum
529 2826 623 2862 φαίην
641 2825 698 2855 sed
710 2833 808 2854 sensus
819 2825 925 2855 videtur
940 2825 1105 2856 inﬁnitivum
1121 2828 1239 2864 exigere,
1254 2834 1335 2862 quem
1352 2826 1492 2855 substitui.
