1924 3077
93 106 144 139 821

423 113 566 145 ORATIO
582 115 636 146 XI.
649 127 686 135 -
704 116 897 147 LAUDA’I‘IO
914 115 946 148 S.
974 117 1159 148 PLATONIS
1187 117 1403 149 HEGUMENI.

1673 121 1726 154 822

95 162 214 198 εργέτας
235 164 382 194 καθιστῶν.
401 166 493 195 Τᾶλλα
513 168 564 196 ὅσα
584 170 598 195 ὁ
611 169 660 197 τοῦ
687 170 755 197 Θεοῦ
785 170 885 207 ἄνθρω-

940 170 1042 204 dicam,
1068 171 1143 206 quod
1175 171 1255 200 fidem
1284 178 1397 207 praestet
1427 173 1568 210 reliquis:
1598 176 1725 206 videlicet

93 217 146 240 πος
164 209 251 237 ποιῶν
269 219 300 238 τε
327 212 374 239 καὶ
386 212 475 248 λέγων
496 215 671 250 γνωρίζεται,
694 216 723 242 ἓν
743 216 828 243 εἰπὼν
844 217 884 248 εἰς

96 256 229 283 σύστασιν
249 257 304 285 τῶν
317 259 481 295 εἰρημένων,
493 262 624 288 πιστῶσω
642 261 688 288 τὸν
701 262 790 296 λόγον.
808 263 885 289 Ὀτι-

95 309 150 335 περ
166 301 214 335 ἀφ’
226 297 256 327 οὗ
269 302 443 338 ἐπεδήμησεν
463 306 521 337 τοῖς
549 306 579 332 ὲν
591 306 679 339 ἄστει,
693 307 771 339 ὅλους
795 307 885 339 οἰκους

97 346 278 381 μετέπλασεν,
291 349 338 374 καὶ
352 350 595 385 μετεστοιχεεωσεν
615 351 655 383 εις
674 351 731 385 βίον
746 352 884 386 ἐνάρετον.

95 389 129 416 Τί
144 390 176 425 δὴ
193 390 293 425 route;
309 392 411 426 ’Ὅρκον
427 393 547 428 ἐκκόψας
558 395 591 430 τῇ
605 397 785 431 παραινετικῇ
803 394 886 421 αὐτοῦ

95 435 440 474 γλώττῃ,καλλωπισμοὺς
456 440 598 474 συστείλας
616 442 649 477 τῇ
669 441 796 476 εὐκόσμῳ
812 440 882 468 διδα-

96 482 198 518 σκαλίᾳ
209 491 216 499 ·
233 483 419 521 φιλοπτωχίαν
426 486 581 521 ἐμποιήσας
590 487 623 522 τῇ
636 486 718 522 ὴθικῇ
739 486 885 521 ὑφηγήσει,

95 527 126 559 ἐξ
133 525 167 562 ἧς
181 527 295 559 κένωειις
302 529 452 564 χρημάτων
463 531 510 557 καὶ
519 531 651 566 διανομαὶ
660 531 703 566 ἐφ’
718 531 764 563 οὓς
776 532 888 566 ἠσκεῖτο

94 573 196 604 τόπους
212 573 347 610 δημόσιοι.
364 574 436 610 Πρός
452 583 482 601 τε
492 575 650 610 ἀνάγνωσιν
675 576 821 612 ῥυθμισας,
840 577 888 603 καὶ

94 619 165 655 πρὸς
175 620 264 647 ὁτιοῦν
272 621 326 647 τῶν
337 620 428 648 καλῶν
436 619 466 648 εὖ
478 622 634 657 ἐπανάγων,
647 623 695 650 καὶ
709 622 795 650 ταῦτα
808 623 837 649 ἐν
845 623 888 649 κό-

95 674 140 700 πῳ
158 667 206 692 καὶ
223 666 317 702 μόχθῳ
336 667 433 698 νυκτὸς
449 668 496 694 καὶ
507 667 625 704 ἡμέρας,
636 667 888 704 τληπαθῶν,ὰγρνο

95 711 188 745 πνῶν,
204 711 375 748 πεζοπορῶν,
387 715 447 745 ταῖς
458 714 535 749 παρὰ
556 713 612 741 τῶν
637 714 722 748 φίλων
747 714 796 741 καὶ
822 722 888 748 συγο

95 757 185 792 γενῶν
207 757 373 792 δεξιώσεπιν,
404 759 597 788 ἀνταλλάςσων
627 760 678 792 τὰς
705 760 772 796 παρ’
789 760 887 787 ἑαυτοῦ

96 803 302 837 κακοπαθείας,
319 804 393 841 ἔργῳ
420 805 451 835 τὸ
487 806 537 833 τοῦ
559 805 723 833 ’Δποστόλου
733 804 887 840 φθεγγόμε-

95 856 154 880 νος·
173 848 339 881 ’Υπωτιάζω
360 858 419 884 μου
435 850 469 876 τὸ
483 849 583 885 σῶμα,
603 850 653 877 καὶ
682 848 886 884 δουλαγωγῶ,
905 842 926 870 Β

92 895 137 929 μή
164 902 227 928 πως
247 895 355 929 ἄλλοις
375 896 511 930 κηρύξας
524 917 532 930 ,
560 895 652 929 αὐτὸς
669 895 813 930 ἀδόκιμος
839 893 887 930 τέ-

94 949 201 975 rugat.

124 985 258 1023 ιθ¹.Ἷίρεν
273 986 420 1023 τοιγαροῦν
436 987 578 1022 σύσσημον
594 988 627 1022 τῇ
642 986 826 1022 βασιλιζούσῃ,
840 994 887 1013 τον

94 1032 175 1066 λόγον
191 1033 242 1059 ὑπὸ
255 1032 303 1059 τοῦ
319 1033 377 1068 βίου
397 1033 625 1068 μαρτυρούμενον
637 1032 717 1068 ἔχων,
736 1032 789 1065 κάξ
801 1032 885 1060 αὐτοῦ

93 1077 142 1104 τοῦ
153 1077 280 1109 εὐτελοῦς
298 1078 344 1104 καὶ
367 1078 514 1113 ἁπερίττου
538 1078 689 1114 σχήματος,
711 1077 887 1114 παράκλησις

93 1124 135 1155 εις
148 1124 248 1159 ἀρετὴν
261 1125 318 1156 τοῖς
333 1124 418 1159 ὁρῶσι
429 1124 573 1160 γινόμενος
585 1130 593 1139 ·
610 1124 675 1151 εἰδὲ
690 1125 732 1150 ὅτι
747 1124 887 1156 πολιτικὸς

92 1166 129 1204 ἦν
143 1169 171 1196 ἐν
182 1177 237 1196 τισι
255 1169 409 1204 γλυκαίνων
421 1170 470 1205 τὴν
483 1170 583 1205 φράσιν
592 1169 660 1205 πρὸς
670 1169 701 1196 τὸ
710 1169 765 1196 τῶν
773 1169 886 1196 ἀκουόν-

91 1223 147 1242 των
174 1215 334 1249 ἰδιότροπον,
359 1216 450 1251 ὁράτω
483 1224 525 1246 τις
557 1215 602 1242 τὸν
627 1214 755 1249 καρπὸν,
782 1215 830 1241 καὶ
847 1214 886 1250 μὴ

94 1261 245 1296 μεμφέσθω
255 1261 300 1287 τὸν
311 1261 422 1296 τρόπον.
437 1261 485 1293 Τίς
499 1261 528 1288 δὲ
543 1257 640 1294 οὗτοςς
659 1260 687 1287 '0
698 1261 753 1287 τῶν
761 1261 886 1296 ἁμαρτα-

93 1306 196 1333 νόντων
223 1307 385 1342 μετὰμελος,
408 1307 456 1334 καὶ
473 1308 487 1334 ὁ
511 1307 566 1333 τῶν
585 1306 816 1341 ἁποτασσομὲνων
837 1306 885 1332 τοῦ

94 1352 153 1387 βξου
176 1353 269 1387 ὅμιλος
282 1362 288 1367 ·
303 1352 413 1388 πρῶτος
438 1353 493 1388 γὰρ
513 1352 562 1379 καὶ
579 1352 658 1388 μόνος
682 1352 775 1387 σχεδὸν
799 1352 885 1378 εἰπεῖν

93 1398 237 1434 πτερωτὴς
253 1398 307 1424 τῶν
321 1398 368 1425 τοῦ
383 1397 480 1433 γένους
491 1398 538 1425 καὶ
552 1398 606 1425 τῶν
620 1397 672 1431 ἔξω
682 1399 792 1432 γένους,
805 1399 820 1424 ὁ
834 1399 885 1433 τῆς

92 1442 234 1477 ὁσιότητος
258 1443 376 1478 ἐραστὴς
397 1442 477 1478 ἡμῶν
494 1442 640 1470 δέδεικται.
662 1443 713 1469 Διὰ
734 1443 823 1470 ταῦτα
837 1443 885 1470 καὶ

93 1490 258 1523 προστατεῖν
294 1489 477 1524 μοναστηρίου
492 1488 605 1515 ἀστικοῦ
621 1489 805 1524 ἀναγκάζεται
822 1489 882 1524 μὲν,

91 1535 124 1562 οὐ
137 1535 335 1563 καταπείθεται
348 1536 378 1563 δέ
387 1544 394 1551 ·
409 1537 455 1563 καὶ
467 1537 563 1571 ἄρχειν
573 1536 624 1570 τῆς
635 1536 813 1572 Νικομηδέων
828 1536 885 1563 Ἐκ-

94 1581 209 1615 κλησίας
226 1581 278 1608 ὑπὸ
300 1581 348 1609 τοῦ
367 1582 521 1617 τηνικαῦτα
548 1583 681 1618 προέδρου
702 1583 886 1619 προτρέπεται

95 1627 156 1662 μὲν,
170 1627 201 1653 οὐ
218 1627 380 1663 συνέρχεται
393 1627 431 1660 δὲ,
446 1627 556 1662 φεύγων
580 1628 626 1655 τὸν
650 1628 751 1664 κλῆρον
762 1630 776 1656 ό
789 1629 886 1656 τούτου

93 1672 179 1706 ἄξιος,
201 1674 248 1701 καὶ
281 1672 312 1699 τὸ
335 1673 386 1707 τῆς
415 1673 560 1709 ῑεραρχίας
589 1673 656 1709 ὖψος
680 1674 774 1706 δεδιὼς
796 1675 811 1702 ὁ
835 1675 887 1710 τὴν

93 1718 195 1754 ἀρετὴν
226 1719 374 1754 μετέωρος.
401 1720 447 1745 Διὸ
476 1720 524 1746 καὶ
547 1719 617 1754 πρὸς
641 1719 692 1755 τὴν
713 1720 795 1756 φίλην
812 1720 887 1756 αὐτῷ

94 1765 212 1800 ἡσυχίαν
241 1765 382 1791 ἐπάνεισιν
393 1785 400 1798 ,
427 1766 508 1792 κάκεῖ
533 1766 650 1802 καθιστᾷ
675 1767 786 1801 μνήμης
803 1767 866 1798 ἄξια
878 1786 886 1799 ,

93 1811 213 1846 πτωχῶν
240 1810 459 1846 προϊστάμενος,
482 1811 669 1846 ἀδικουμένων
700 1811 887 1847 ὑπερασπιζό-

95 1865 187 1892 μενος,
218 1856 396 1890 θλιϐομένους
428 1856 690 1892 παραμυθούμενος,
719 1858 766 1884 καὶ
797 1857 888 1892 θλίψιν

93 1899 155 1928 οἷαν
172 1900 256 1936 βούλῃ
284 1900 464 1936 πιεζομένους
493 1901 665 1936 Θεραπεύων,
685 1901 766 1928 τοῦτο
780 1902 829 1937 μὲν
845 1902 888 1929 διὰ

91 1948 223 1983 γλώσσης
238 1948 287 1974 καὶ
304 1948 428 1983 μέλανος,
445 1948 505 1974 ἐπεὶ
522 1947 559 1983 μὴ
575 1945 649 1982 εἶχεν
665 1947 737 1983 ἄλλῳ
752 1949 806 1975 τινὶ
816 1957 885 1984 φαρ-

93 1993 176 2028 μάκῳ
187 1992 325 2028 ὲπαμύναι
335 1992 374 2027 τῷ
383 1992 532 2027 προσιόντι,
546 1993 593 2019 καὶ
605 1992 701 2027 ἴσχυεν
711 2001 743 2026 γε
753 1992 784 2019 τὸ
795 1992 888 2028 γράμ-

93 2048 133 2073 μα
150 2038 187 2070 ὡς
206 2038 293 2074 δῶρον
320 2038 389 2065 αἰδοῖ
413 2038 461 2064 τοῦ
486 2038 593 2073 ἀνδρὸς,
607 2038 741 2074 κάμπτων
766 2038 834 2074 πρὸς
849 2036 889 2065 οἷ-

92 2093 159 2113 κτον
174 2084 221 2113 τὸν
235 2084 319 2114 ἐλεεῖν
334 2084 493 2118 δυνάμενον.

129 2134 164 2158 κ’.
176 2131 263 2158 Τοῦτο
275 2130 303 2157 δὲ
315 2130 362 2159 καὶ
376 2130 406 2162 ἐξ
417 2127 455 2157 ὧν
464 2130 631 2167 εὐπορεῖτοή
646 2132 706 2167 χεὶρ
722 2131 877 2160 ἐπιδιδόναι.

92 2176 272 2212 πληρούντων
285 2175 370 2210 αὐτὴν
387 2175 441 2203 τῶν
456 2175 548 2208 καλῶς
561 2176 597 2203 τὰ
616 2177 712 2203 ἐνόντα
732 2177 885 2204 κενούντων

937 217 1009 252 quod
1020 224 1053 245 ex
1067 225 1123 252 quo
1137 225 1200 245 cum
1216 218 1325 246 civibus
1333 219 1436 246 versari
1450 221 1543 255 coepit,
1558 225 1630 250 totas
1639 222 1725 251 refor-

937 261 1022 289 mavit
1036 261 1167 293 familias,
1182 268 1210 290 et
1225 263 1258 290 ad
1269 263 1379 291 virtutis
1393 265 1497 292 cultutn
1510 267 1652 295 convertit.
1667 268 1725 302 Qua

937 307 1061 334 ratione?
1078 307 1549 342 inquies.Jurandiconsuetudinem
1565 312 1726 340 exscinden-

937 352 972 380 do
987 353 1126 380 communi
1143 354 1250 381 notoria
1269 362 1318 381 sua
1330 355 1619 391 linguazreprimendo
1627 365 1722 394 corpo-

938 398 978 437 ris
991 402 1116 425 ornatum
1127 399 1307 433 superﬂuum,
1320 408 1370 428 sua
1385 401 1561 430 ornatissima
1590 403 1724 436 doctrina,

937 439 1129 470 dissortatione
1140 443 1236 470 morali
1252 443 1416 472 inculcando
1429 452 1550 473 amorem
1563 452 1724 480 pauperum,

939 489 1011 516 unde
1022 488 1179 523 largitiones
1195 489 1359 523 pecuniaria:
1370 494 1397 517 et
1414 490 1654 525 cleemosynarum
1671 491 1726 519 dis-

938 533 1098 562 tributiones
1123 534 1255 568 publicae,
1286 542 1333 569 per
1350 534 1408 562 loca
1426 535 1454 562 in
1481 535 1582 570 quibus
1613 543 1726 564 exerce-

939 579 1038 612 batur;
1051 581 1084 606 ad
1100 579 1245 607 lectionem
1258 579 1376 616 denique
1395 581 1469 616 piam
1484 587 1510 609 et
1525 582 1558 609 ad
1587 581 1724 617 quidquid

939 629 981 652 est
994 624 1131 653 bonorum
1146 632 1259 660 operum
1272 625 1437 659 inducenda,
1454 627 1538 662 idque
1554 628 1581 654 in
1597 635 1725 662 pressura

939 675 968 698 et
978 669 1149 706 fatigatione,
1162 671 1208 698 diu
1220 676 1358 706 noctuque
1375 672 1513 706 laborans,
1529 673 1657 708 vigilans,
1670 674 1728 701 dis-

942 723 1076 748 currens,
1094 720 1125 743 ut
1150 721 1261 751 accepta
1295 717 1330 745 ab
1352 718 1450 745 amicis
1472 719 1650 754 cognatisque
1677 719 1728 746 lto-

939 760 1082 795 pitalitatis
1099 761 1196 788 solatia
1207 767 1329 796 aequaret
1355 763 1500 790 tolerantia
1527 770 1725 797 aerumnarum,

940 806 999 842 ipso
1013 814 1096 841 opere
1106 815 1169 836 cum
1182 808 1315 842 Apostolo
1338 813 1491 843 protestans
1509 818 1516 837 :
1531 809 1640 845 Cauigo
1667 816 1726 837 car-

940 861 988 888 pas
1002 861 1088 880 meum
1107 857 1132 880 et
1151 854 1180 880 in
1198 854 1347 881 servitutem
1371 855 1474 889 redigo,-
1503 863 1535 882 ιιι
1556 860 1727 891 posteaquam

939 899 1000 927 aliis
1012 899 1198 934 pradicavero,
1212 899 1265 934 ipse
1278 900 1402 935 reprobus
1414 900 1511 935 e/ﬁciar
1528 901 1549 929 ‘.

974 987 1018 1015 l9.
1035 986 1189 1015 Sustulerat
1203 995 1268 1023 ergo
1281 987 1418 1022 publicum
1448 989 1596 1024 regnatrici
1622 990 1725 1018 civitati

939 1033 1058 1068 signum,
1086 1033 1190 1061 habens
1202 1041 1368 1066 sermonem,
1383 1034 1427 1062 cui
1443 1035 1499 1062 vita
1513 1043 1633 1071 congrua
1657 1044 1725 1071 pra:-

938 1079 1015 1107 heret
1025 1080 1212 1108 testimonium
1228 1088 1235 1106 :
1251 1081 1321 1108 adeo
1338 1085 1378 1112 ut,
1395 1088 1429 1108 ex
1443 1081 1503 1116 ipsa
1533 1082 1580 1109 vili
1604 1082 1726 1117 objecto-

938 1133 993 1160 que
1007 1126 1100 1153 habitu
1117 1126 1270 1154 videntibus
1285 1131 1358 1154 esset
1381 1127 1414 1154 ad
1441 1127 1569 1155 virtutem
1590 1128 1724 1156 hortal0r.

938 1171 1018 1205 Quod
1038 1172 1073 1204 si,
1089 1172 1152 1207 quia
1167 1171 1290 1200 urbanus
1302 1176 1370 1205 erat,
1383 1172 1518 1200 suavitate
1533 1173 1651 1207 quadam
1659 1181 1726 1210 con;-

939 1217 1030 1245 diebat
1042 1217 1201 1250 dictionem,
1225 1222 1254 1245 ut
1268 1225 1298 1246 se
1312 1222 1421 1252 aptaret
1431 1218 1603 1246 audientium
1624 1219 1724 1254 genio;

937 1262 1127 1290 consideretur
1144 1260 1263 1294 fructus,
1284 1266 1311 1289 et
1326 1269 1380 1290 non
1395 1262 1599 1297 vituperabitur
1614 1263 1722 1290 modus.

938 1308 1006 1342 Quis
1024 1312 1115 1335 autem
1154 1307 1231 1336 iste?
1269 1307 1447 1335 Peccantium
1473 1308 1666 1342 resipisccntia
1698 1312 1727 1335 et

937 1353 1038 1382 secqu
1052 1353 1266 1381 rcnuntiantium
1282 1354 1436 1381 multitudo.
1451 1353 1560 1382 Primus
1576 1358 1728 1389 namqueet

938 1399 1023 1432 solus,
1037 1404 1066 1426 ut
1081 1400 1102 1426 si
1127 1398 1230 1431 dicam,
1251 1398 1315 1433 fuit,
1327 1398 1373 1434 qui
1391 1399 1483 1435 generi
1509 1403 1616 1433 nostro,
1632 1399 1728 1434 eisque

937 1445 983 1480 qui
993 1450 1071 1472 extra
1088 1444 1154 1472 illud
1168 1449 1247 1472 erant
1263 1445 1322 1472 alas
1335 1445 1438 1472 addidit
1451 1445 1484 1472 ad
1499 1445 1638 1477 virtutem,
1663 1452 1727 1472 nos-

937 1498 991 1525 que
1006 1490 1039 1518 ad
1050 1498 1171 1518 antorem
1183 1490 1359 1525 perfectionis
1376 1490 1484 1517 induxit
1500 1489 1567 1525 (ii).
1580 1490 1727 1525 Propterea

936 1535 1070 1563 instanter
1103 1539 1215 1570 rogatus
1255 1535 1354 1562 urbani
1391 1535 1536 1570 cujusdam
1565 1536 1726 1564 monasterii

937 1580 1129 1615 praefecturam
1158 1580 1312 1615 suscipere,
1327 1579 1440 1608 omnino
1460 1581 1562 1614 renuit,
1587 1586 1615 1608 et
1636 1581 1672 1608 ab
1694 1588 1728 1609 eo

936 1625 984 1661 qui
999 1631 1064 1654 tunc
1085 1630 1144 1653 erat
1166 1626 1323 1661 patriarcha
1338 1625 1396 1661 (l2)
1418 1626 1452 1653 ad
1477 1625 1727 1655 Nicomediensiunt

936 1672 1086 1700 Ecclesiam
1103 1672 1250 1707 regendam
1265 1671 1397 1699 invitatus
1413 1672 1529 1707 obsequi
1551 1673 1651 1706 noluit,
1675 1673 1730 1701 cleo

936 1719 1052 1746 ricatum
1070 1718 1197 1753 fugiens,
1213 1725 1269 1753 quo
1285 1722 1345 1746 erat
1356 1717 1553 1753 dignissimus;
1569 1723 1597 1746 et
1614 1719 1730 1746 hierar-

938 1764 1049 1792 cbicum
1065 1763 1221 1791 formidans
1237 1762 1391 1798 fastigium.
1409 1762 1457 1798 qui
1483 1763 1571 1790 solam
1595 1763 1730 1798 suscipie-

939 1809 986 1837 bat
1002 1809 1141 1836 virtutem.
1157 1809 1280 1836 Reverti!
1296 1812 1388 1835 autent
1407 1807 1442 1835 ad
1457 1805 1587 1836 dilectam
1605 1809 1660 1836 sibi
1684 1817 1730 1837 so-

937 1856 1093 1887 litudinem,
1107 1859 1135 1882 et
1151 1854 1188 1882 ibi
1199 1862 1242 1882 res
1253 1854 1318 1882 fecit
1333 1854 1464 1882 memoria
1472 1855 1579 1890 dignas,
1595 1862 1730 1890 pauperes

938 1901 1098 1933 defendens,
1114 1901 1217 1936 injuste
1231 1907 1379 1935 oppressos
1399 1907 1584 1935 propugnans,
1610 1901 1726 1929 tribula-

940 1951 981 1975 tos
1000 1947 1156 1978 consolans,
1172 1952 1199 1974 et
1213 1953 1410 1981 quamcunque
1432 1945 1612 1974 alllictionem
1625 1947 1730 1981 patien-

940 1993 1014 2020 tibus
1029 1992 1196 2020 subveniens
1210 2001 1217 2025 ;
1237 1992 1320 2026 idque
1333 1991 1376 2018 vel
1386 1999 1516 2018 sermone
1544 1992 1585 2019 vel
1610 1992 1729 2026 epistola

939 2044 1053 2075 propter
1071 2039 1123 2066 viri
1138 2038 1328 2070 reverentiam,
1346 2037 1433 2067 instar
1454 2038 1574 2067 muneris
1589 2038 1682 2066 efﬁcax
1697 2040 1729 2067 ad

940 2084 1103 2112 ﬂectendum
1120 2091 1182 2112 eum
1198 2083 1244 2118 qui
1262 2086 1369 2118 poterat
1382 2082 1518 2112 misereri.

975 2131 1021 2158 20.
1039 2129 1078 2157 Ex
1091 2130 1126 2158 iis
1140 2136 1201 2165 quae
1211 2129 1245 2156 ad
1260 2135 1371 2156 manum
1390 2128 1659 2163 erantLrepleutibus
1670 2137 1730 2158 eam

940 2177 992 2205 illis
1008 2177 1056 2212 qui
1081 2175 1264 2204 substantiam
1281 2178 1362 2202 suam
1373 2173 1522 2201 credebant
1541 2175 1610 2202 bene
1626 2176 1732 2204 exhau~

93 2221 143 2248 ἐπὶ
162 2221 271 2257 μεθέξει
285 2220 338 2247 τῶν
349 2219 493 2249 ἀκενώτων
508 2222 556 2250 καὶ
569 2223 699 2249 αἰωνῖων.
727 2223 756 2249 Εἰ
769 2222 802 2257 δὴ
823 2222 885 2257 μηδ·

940 2223 1007 2257 riri,
1026 2227 1137 2258 propter
1161 2221 1331 2252 desiderium
1361 2219 1586 2250 mexhaustorum
1615 2225 1731 2250 ateer

130 2279 164 2305 ⁸1
181 2278 246 2306 Cor.
262 2286 299 2311 Ix,
315 2277 360 2307 27.

835 2332 951 2362 NOTE.

130 2392 188 2426 (Il)
204 2391 318 2419 Michael
336 2391 362 2418 in
380 2391 439 2426 Vita
452 2389 482 2418 S.
498 2390 636 2418 Theodori
652 2391 716 2426 ista
743 2391 883 2426 explicat:

97 2437 107 2454 ι
122 2425 202 2454 Plato
215 2427 407 2454 sanctissitnus
419 2425 555 2453 Theodori
572 2425 658 2453 nostri
674 2425 837 2459 avunculus,
852 2427 886 2454 iis

93 2463 262 2496 quibuscum
278 2465 370 2495 ageret
382 2461 570 2496 gratissimus,
595 2461 694 2488 multos
719 2462 752 2488 ad
764 2461 886 2489 caelestis

95 2495 408 2531 philosopltitcstudium
423 2495 531 2530 pellexit
545 2504 551 2521 :
564 2495 795 2529 imprimisautetn
807 2504 886 2530 egre-

94 2529 171 2567 gium
191 2529 265 2567 hunc
281 2529 467 2567 Theodorum,
481 2537 562 2557 suum
588 2537 621 2557 ex
637 2538 732 2567 sorore
750 2529 887 2564 ncpofem,

94 2565 152 2605 qui
161 2569 190 2592 et
205 2566 264 2605 ipse
279 2565 335 2605 jam
351 2565 453 2605 dudum
472 2573 519 2600 per
532 2572 561 2592 se
577 2570 607 2592 ut
630 2565 745 2605 dicitur,
762 2570 889 2605 coeperat

94 2599 298 2636 philosophari.
315 2600 386 2636 Quin
403 2599 477 2633 ipsos
497 2607 606 2636 quoque
630 2599 767 2636 Theodori
795 2608 889 2634 paren.

94 2634 137 2663 ies
159 2640 187 2662 ct
200 2635 310 2667 fratres,
325 2635 475 2668 Josephum
485 2639 512 2661 et
524 2634 709 2669 Eutltymiurn,
728 2642 789 2664 cum
805 2642 887 2669 parva

95 2678 204 2701 sorore,
221 2674 248 2697 et
263 2677 328 2697 suos
343 2669 428 2703 ipsius
448 2668 545 2696 fratres
556 2669 656 2703 adjecit
671 2668 757 2700 Plato,
772 2669 821 2703 qui
836 2678 886 2696 nu-

95 2712 175 2732 mero
198 2705 262 2733 item
275 2710 331 2732 tres
343 2709 432 2732 erant.
447 2703 502 2731 Hos
515 2711 611 2731 omnes
625 2709 753 2738 tanquam
765 2711 798 2730 ex
807 2711 883 2731 com-

97 2739 345 2776 positoﬁcommuni
361 2739 432 2776 vitat»
452 2738 574 2776 caelibem
595 2743 818 2776 anteponentes,‘
835 2738 884 2766 de-

97 2773 175 2802 ducit
187 2774 231 2801 ille
244 2782 336 2802 secum
360 2778 387 2801 et
406 2773 550 2808 disciplina
567 2773 665 2800 imbuit
680 2773 880 2808 praestantiore.

98 2810 134 2838 At
151 2809 190 2836 illi
211 2808 356 2837 confestim
373 2813 400 2837 ct
414 2807 485 2844 opes
496 2813 524 2837 ct
533 2807 645 2837 divitias
658 2812 685 2836 ct
697 2812 810 2836 caeteras
835 2807 877 2835 fa-

939 2392 1054 2429 cultates
1081 2399 1230 2429 pauperum
1246 2392 1354 2422 sinibus
1364 2393 1510 2429 ingerunt.
1533 2401 1627 2421 servos
1654 2393 1735 2421 innu-

938 2427 1090 2455 merabiles’
1102 2428 1128 2455 in
1141 2428 1293 2455 libertatem
1309 2427 1460 2462 vindicant,
1476 2429 1617 2462 Deumque
1649 2429 1733 2456 secuti

938 2469 975 2498 ac
986 2463 1129 2490 ducentem
1142 2463 1261 2498 Patrem,
1276 2462 1436 2498 Byzantium
1452 2464 1621 2498 relinquunt.
1642 2472 1652 2490 ι
1673 2464 1736 2490 Haec

940 2497 996 2524 illi:
1017 2504 1078 2532 quae
1093 2498 1145 2525 sub
1162 2497 1253 2525 Leone
1283 2497 1426 2526 Cltazares
1449 2497 1549 2533 coepta.
1577 2498 1629 2526 sub
1657 2498 1738 2533 [rene

941 2537 1050 2566 peracta
1074 2536 1150 2568 sunt,
1170 2533 1281 2566 quando
1294 2533 1396 2568 pariter
1410 2532 1507 2561 omnes
1521 2534 1553 2561 ad
1573 2532 1736 2561 Sacudionis

940 2567 1138 2603 monasterium
1150 2575 1309 2599 secessere,
1337 2572 1368 2596 ut
1388 2575 1451 2596 mox
1481 2568 1607 2603 sequenti
1646 2568 1736 2602 capite

942 2602 1058 2628 dicetur.

975 2636 1032 2670 (12)
1049 2637 1078 2663 S.
1092 2636 1237 2664 Tarasium
1252 2637 1305 2665 (ΣΡ.
1323 2637 1509 2672 patriarcbsm
1525 2638 1647 2672 intelligo
1667 2645 1674 2664 :
1688 2636 1733 2671 qui

940 2678 1004 2698 cum
1026 2671 1148 2705 piissima
1171 2672 1247 2699 Irrue
1264 2673 1455 2700 orthodoxiam
1485 2673 1615 2702 restituit.
1641 2672 1735 2699 dabat-

938 2713 992 2746 que
1023 2713 1132 2746 operam
1149 2713 1178 2746 ut
1194 2707 1323 2746 Ecclesia:
1349 2716 1410 2746 qua}
1423 2707 1476 2735 sub
1491 2706 1734 2746 lconomacborutn

937 2741 1101 2777 tyrannide.
1120 2741 1160 2777 vel
1189 2741 1326 2777 episcopis
1358 2741 1471 2770 orbatae
1499 2741 1673 2777 mouebant,
1694 2741 1734 2768 vel

934 2774 1069 2812 luereticis
1077 2775 1198 2812 tradite,
1208 2774 1291 2812 lupos
1295 2784 1344 2812 pro
1352 2777 1506 2811 pastoribus
1514 2776 1587 2803 alere
1597 2775 1734 2812 cogeban-

934 2813 988 2842 tur,
1007 2810 1049 2838 ltis
1059 2810 1163 2845 ejectis,
1179 2810 1314 2846 legitimos
1328 2810 1359 2839 et
1373 2812 1540 2840 ortltodoxos
1554 2810 1731 2840 sortirentur.
