1924 3077
67 127 122 161 825

425 129 566 162 ORATIO
581 131 634 161 XI.
651 143 687 149 -
699 130 892 161 LAUDATIO
912 129 943 160 S.
958 129 1143 161 PLATONIS
1156 129 1375 160 HEGUMENI.

1648 129 1702 161 826

67 183 232 221 νομοθεσίας
255 183 396 216 εἰσελθὼν,
410 184 448 217 ὡς
472 185 502 211 ιν
517 185 686 220 παραδείσω,
702 185 750 213 καὶ
766 184 858 220 εὑρὼν

912 185 975 212 dum
1004 189 1125 214 strenue.
1154 184 1184 212 In
1204 184 1297 220 magni
1318 189 1401 220 atque
1418 183 1503 212 divini
1530 183 1624 212 Basilii
1647 184 1702 212 Re-

67 228 281 264 ὲναντιουμένην
293 230 326 265 τῇ
344 230 475 266 μοναδικῇ
490 231 614 267 πολιτείᾳ
625 231 675 267 τὴν
685 230 860 266 ἀνθρωπίνην

67 277 227 311 συνήθειαν.
261 276 328 311 πρὸς
341 276 380 311 τῷ
405 276 454 303 τοῦ
483 276 588 311 θήλεως
612 275 676 311 ζώῳ
696 275 804 308 δούλαις
826 276 860 303 τὰ

67 322 383 358 κοινόσιαδιοικούμενα,
405 321 553 349 κάντεῦθεν
565 322 666 354 πολλὰς
675 322 725 354 τὰς
745 322 860 354 ἀτοπίας

68 368 245 404 τικτομένας.
264 367 375 403 μείζους
389 367 418 394 δὲ
434 367 484 399 τὰς
496 367 615 402 ψυχικὰς
629 366 732 402 ζημίας
744 367 860 402 ὑφιστα-

69 414 166 449 μένας.
189 414 241 449 δρα
268 413 295 440 τί
319 414 478 449 ἐργάζεται.
500 413 704 448 Ἐπερωτήσεσι
728 414 860 448 πρότερον

69 459 244 496 χρηςαμένος
264 460 343 495 παρὰ
361 459 416 486 τῶν
431 457 460 486 εὖ
474 460 594 491 εἰδότων,
610 459 647 491 ὡς
663 460 696 486 ἂν
709 459 779 495 μηδὲ
793 459 860 486 αὐτὸ

67 507 98 532 τὸ
126 506 208 532 καλὸν
233 505 414 532 ἀϐασάνιστον
437 505 480 541 εἴη
493 506 552 541 (τῆς
569 506 624 541 γὰρ
660 506 860 541 αὐταρεσκείας

67 552 164 587 πόρρω
180 552 279 583 νεύων,
296 552 347 578 οὐκ
364 549 398 586 ἦν
411 560 449 583 τι,
466 551 480 577 ὃ
493 551 723 587 μὴσυμὸουλίαις
731 551 860 588 διεπράτ-

67 600 152 631 τετο),
182 598 341 633 καινοτομεῖ
353 597 545 631 τὰςὲκνόμους
568 597 732 633 παραδόσεις
752 598 792 629 ὡς
816 606 861 632 φι-

66 644 203 676 λοκάκους
216 643 348 678 αἱρέσεις,
368 644 414 670 καὶ
427 643 545 678 καθιστᾷ
562 643 592 670 τὺ
608 643 706 670 ἑαυτοῦ
722 644 859 679 μοναστή·

68 698 127 725 ριον
145 689 213 724 ἄτερ
240 689 353 721 δούλων,
376 689 429 722 ἔξω
455 688 502 715 τοῦ
527 688 632 723 θήλεως
649 687 720 720 ζώου
736 689 798 724 δίχα
811 690 862 724 ἐμ-

67 734 187 770 πορικῆς
204 734 288 769 ἄλλης
313 734 458 768 προσόδου,
476 733 555 760 ἅτινα
577 733 720 768 καπηλικὰ
739 733 822 770 κέρδη
846 734 861 760 ό

66 781 149 812 αὐτὸς
165 780 235 812 θεῖος
250 780 391 810 Βασίλειος
414 778 566 813 ὀνομάζων,
587 779 722 813 φευκταῖα
737 778 859 814 εἴρηκεν.

66 826 176 852 Γίνεται
191 825 219 851 δὲ
234 826 250 860 ἡ
267 825 439 860 κατόρθωσις
453 824 503 850 οὐκ
515 824 647 859 ἀμογητὶ,
659 823 729 851 ἀλλά
745 824 799 859 γὰρ
814 823 862 851 καὶ

66 869 129 897 λίαν
153 869 357 904 περιστατικῶς
381 869 413 895 ὲκ
436 868 491 895 τῶν
516 868 744 903 συνασκουμένων
767 867 859 903 ἀηθῶν

65 916 162 948 ὄντων,
175 914 221 942 καὶ
232 916 265 942 ὲκ
279 915 333 941 τῶν
345 914 446 946 ἔξωθεν
458 913 696 950 ἀντιπραττόντων
707 912 746 949 τῷ
763 913 860 948 ἀγαθῷ

67 960 175 996 σκοπῷ,
190 960 240 987 οὐκ
256 961 356 994 ὀλίγων
368 960 557 995 ὑπαρχόντων.
573 958 628 986 Καὶ
643 959 675 985 οὺ
689 959 857 994 θαυμαστόν·

66 1007 130 1034 ἐπεὶ
162 1007 232 1042 μηδὲ
259 1006 405 1042 συνήθειαν
427 1005 577 1041 περικόψαι
600 1005 655 1032 τῶν
681 1005 788 1041 ῥᾴστων
812 1005 860 1032 καὶ

67 1053 202 1085 εὐπετῶν,
216 1053 286 1088 μηδέ
300 1061 328 1079 τι
353 1052 537 1087 ἀνεπίφθονον
552 1051 609 1078 τῶν
621 1050 772 1082 ὲπαινετῶς
783 1050 860 1077 έλου-

67 1099 168 1135 μένων.
187 1098 248 1134 Ἆρ’
265 1096 312 1126 οὖν
326 1098 376 1134 οὺχ
393 1097 624 1134 ὑπερανεστώσης
635 1097 755 1129 διανοίας
769 1097 858 1133 ἀποῤ-
877 1119 881 1123 .

68 1145 186 1180 ῥαγῆναι
226 1144 391 1176 ἑπιὸλαὸοὗς
429 1143 627 1180 παραδόσεως,
663 1143 710 1170 καὶ
739 1141 860 1169 τοιοῦτον

66 1191 210 1226 προθεῖναι
245 1190 342 1217 ἑαυτὸν
369 1189 526 1224 ὑπόδειγμα
546 1189 628 1216 καλὸν
650 1189 707 1220 τοῖς
726 1187 861 1223 βουλομέ-

65 1245 121 1268 νοις
141 1237 180 1272 μή
193 1236 275 1271 μόνον
287 1236 415 1271 ὀνόματι,
429 1236 500 1262 ἀλλὰ
512 1236 559 1263 καὶ
569 1235 713 1271 πράγματι
721 1233 858 1269 μονάζειν,

66 1282 114 1308 καὶ
127 1282 228 1308 οἰκεῖον
246 1280 286 1316 τῷ
302 1280 352 1316 βίῳ
369 1281 416 1307 καὶ
430 1281 461 1306 τὺ
481 1280 562 1316 ἔργον
577 1279 661 1315 ἔχειν.
684 1279 746 1310 Πῶς
759 1279 814 1313 γὰρ
826 1278 859 1304 ἂν

68 1327 205 1363 μοναστὴς
222 1326 367 1362 ἀληθινὸς,
383 1326 567 1358 όδεσποτείας
588 1325 670 1361 φόϐον
689 1324 793 1356 δούλοις
811 1325 860 1350 ἐπ-

66 1373 296 1408 α-ιατεινόμενοςς
312 1372 330 1408 ἢ
348 1373 408 1405 πῶς
427 1372 592 1408 ἁγοήτευτος
613 1372 663 1406 τὴν
686 1371 782 1406 ὅρασιν
799 1370 813 1395 ὁ
828 1371 861 1396 ὲκ

67 1421 185 1456 Θεωρίας
210 1419 257 1446 τοῦ
286 1418 412 1451 συνόντος
441 1417 516 1453 αὐτῷ
543 1416 711 1453 ὑπουργικοῦ
756 1416 860 1451 θήλεως

66 1467 191 1501 ἀσκητὴς
208 1465 485 1500 καθυπηρετούμενος
500 1473 506 1497 ;
527 1465 628 1498 ὅπουγε
644 1464 692 1490 καὶ
700 1464 798 1489 τούτου
813 1464 860 1488 ὲκ-

65 1513 110 1545 eo;
127 1512 270 1548 ὑπάρχων,
284 1512 324 1547 τῷ
341 1511 465 1547 ἐμφυλίῳ
480 1511 592 1546 πολέμῳ
612 1509 783 1545 συνὸἐὸηκεν
797 1509 859 1536 ἁλί·
873 1528 896 1559 c

68 1559 193 1585 σκεσθαι.
208 1558 316 1593 Ἥψατο
332 1557 479 1593 τοιγαροῦν
502 1558 516 1584 ὁ
540 1557 621 1592 ζῆλος
653 1556 708 1583 τῶν
731 1555 859 1590 ἐγγύθεν,

67 1604 114 1631 καὶ
141 1603 292 1639 μετέλαὸον
322 1602 369 1629 τοῦ
390 1603 496 1633 ἀγαθοῦ
513 1603 539 1629 οἰ
560 1603 680 1637 φιλόθεοι
707 1602 859 1639 πόρρωθεν,

66 1649 194 1681 κάκεῖνος
212 1648 242 1675 τὸ
250 1648 327 1680 κλέος
339 1648 492 1680 διαιωνίζον
510 1647 696 1682 ἀπηνέγκατο.
710 1648 742 1674 Εἰ
761 1648 790 1674 δὲ
813 1648 861 1675 καὶ

67 1696 147 1723 ἄλλον
162 1694 243 1730 ἔσχεν
255 1695 458 1730 συναγωνιστὴν
470 1703 500 1721 τε
521 1694 568 1720 καὶ
588 1693 775 1729 συλλήπτορα,
788 1694 861 1730 φημὶ

67 1741 100 1777 δὴ
115 1742 163 1768 τὸν
175 1740 262 1767 ταῦτα
279 1739 395 1774 λέγοντα
417 1739 465 1767 καὶ
484 1739 636 1775 γράφοντα,
650 1739 690 1773 τῷ
708 1740 796 1775 Πατρί
811 1739 861 1775 τὴν

68 1787 149 1822 χάριν
166 1786 295 1814 ἀνεκτέον
307 1793 315 1800 ⁵
329 1786 407 1814 παιδὶ
421 1787 475 1822 γὰρ
491 1787 627 1822 προσήκει
648 1785 680 1813 τὸ
699 1786 788 1813 πάντα
807 1795 861 1813 πα-

67 1832 203 1868 τρώζειν,
220 1832 269 1860 καὶ
290 1832 351 1860 ὅλον
380 1832 477 1859 ἑαυτὸν
504 1831 671 1867 ἐμπαρέχειν
699 1832 740 1868 τῷ
764 1833 861 1868 γεννή-

67 1887 139 1914 τορι.

105 1924 156 1951 κδ’.
171 1923 290 1952 Ἔπειτα
303 1923 475 1960 περιστέλλει
490 1924 588 1951 ἑαυτὸν
609 1925 641 1952 ἐκ
660 1923 718 1951 τῶν
734 1924 762 1951 ὲν
783 1924 862 1952 ἄστει

69 1970 206 2004 προόδων,
218 1969 251 1996 ὲκ
262 1969 406 2001 συνουσίας
422 1969 650 2004 ἀγχιστευόντων,
664 1970 697 1996 ὲκ
709 1969 862 2005 συνδιατρι-

69 2016 122 2050 6ῆς
141 2015 294 2051 ἀρχόντων,
307 2015 372 2042 εῐσω
385 2015 435 2051 τῆς
452 2016 641 2051 πνευματικῆς
659 2016 745 2051 αὺλῆς
768 2017 862 2052 ἐρηρι-

70 2061 172 2095 σμένον
189 2060 259 2095 ἔχων
271 2060 317 2087 τὸν
325 2060 395 2087 πόδα
404 2068 411 2076 ·
426 2061 568 2087 ἐπιστατεῖ
580 2062 635 2092 τοῖς
644 2061 762 2095 λογικοῖς
777 2061 862 2097 θρέμ-

71 2114 152 2141 μασι,
167 2105 320 2140 διατρέφων
343 2106 521 2138 διδασκαλίας
542 2108 606 2143 πόᾳ,
636 2108 683 2134 καὶ
703 2108 863 2142 ναματίζων

69 2150 253 2184 κατηχήσεως
281 2150 398 2186 ῥείθρῳο
412 2150 444 2183 ἒξ
464 2147 495 2179 οὗ
510 2150 536 2178 τί
552 2153 679 2186 γίνεται;
700 2152 820 2180 Εὑθαλεῖ
845 2154 862 2189 ή

910 229 1000 265 gulas.
1015 230 1089 258 velut
1112 231 1139 257 in
1154 230 1312 266 paradisum
1327 230 1481 265 ingressus,
1512 235 1540 258 ct
1555 230 1700 258 inveniens

910 277 1070 305 monasticae
1087 277 1290 305 couversationi
1305 277 1474 305 contrariam
1493 284 1555 305 esse
1585 284 1703 304 consue-

911 322 1032 350 tudinem
1052 322 1212 352 humanam.
1228 330 1282 357 qua
1297 322 1439 350 inductum
1455 327 1524 355 erat,
1542 327 1572 349 ut
1590 327 1702 357 propter

911 368 1022 396 feminei
1038 369 1148 404 generis
1172 368 1304 396 animalia
1331 368 1440 396 ancillas
1470 368 1497 395 in
1525 368 1700 395 monasteriis

911 414 1066 442 habitarent
1082 414 1149 451 (14),
1169 415 1241 442 unde
1261 415 1346 442 multa
1364 415 1561 450 proveniebant
1595 414 1701 441 incom-

911 461 1002 493 moda,
1016 465 1041 488 et
1059 461 1150 495 plures
1157 461 1246 495 quoad
1261 461 1387 495 spiritum
1401 460 1549 492 molestiae,
1565 460 1626 487 vide
1634 460 1700 494 quid

911 506 1007 541 egerit.
1022 505 1129 532 Auditis
1144 505 1305 539 peritiorum
1325 505 1482 538 sententiis,
1499 509 1529 531 ιιι
1555 512 1590 531 ne
1609 504 1700 539 ipsum

911 551 1021 586 quidem
1039 551 1142 578 bonum
1157 551 1303 578 temerarie
1315 554 1407 585 ageret
1421 551 1527 586 (procul
1558 550 1631 577 enim
1656 558 1701 577 re-

911 601 1001 624 motus
1016 596 1050 623 ab
1065 596 1232 630 arrogantia,
1248 596 1317 623 citra
1334 596 1566 623 consultationem
1582 596 1702 623 faciebat

911 643 1004 679 nihil),
1016 643 1134 671 abscidit
1152 643 1308 678 illegitimas
1338 643 1501 670 traditiones
1517 644 1592 670 velut
1616 643 1701 677 pesti-

911 689 983 717 feras
997 690 1115 717 haereses
1127 709 1135 722 ,
1151 697 1288 724 suumquo
1317 689 1514 717 monasterium
1544 689 1699 716 habendum

911 735 1055 764 constituit
1082 735 1187 770 absque
1201 735 1357 770 mancipiis,
1374 735 1477 770 absque
1491 735 1600 762 feminei
1617 742 1700 763 serus

911 780 1087 813 animalibus,
1102 780 1207 815 absque
1225 780 1301 808 omni
1319 780 1373 807 alio
1393 780 1556 807 mercatoria
1568 784 1699 814 proventu

911 835 975 862 quae
999 827 1168 861 cauponaria
1188 827 1265 854 lucra
1283 826 1355 854 idem
1377 827 1488 855 divinus
1512 826 1631 854 Basilius
1653 834 1700 861 ap-

912 873 1028 909 pellans,
1046 873 1173 908 fugienda
1189 880 1251 900 esse
1265 873 1343 900 dixit.
1354 872 1468 900 Inducta
1482 879 1524 900 est
1537 877 1628 900 autem
1642 873 1701 899 haec

911 919 1070 947 reformatio
1085 919 1157 946 haud
1175 926 1242 946 sane
1271 918 1359 951 lacilc.
1394 918 1442 946 sed
1473 926 1605 953 perquam
1631 926 1700 952 aegro

911 969 968 991 tum
986 968 1097 999 propter
1116 964 1306 992 cohabitamus
1331 964 1499 998 inexpertos,
1514 968 1571 990 tuin
1590 969 1700 997 propter

909 1015 1038 1038 externos
1052 1010 1128 1036 bonae
1140 1009 1184 1036 isti
1197 1008 1342 1036 intentioni
1360 1013 1544 1044 repugnantes
1563 1008 1628 1042 :qui
1645 1015 1699 1035 non

910 1060 990 1083 erant
1014 1055 1105 1090 pauci.
1121 1054 1214 1088 Neque
1230 1054 1254 1082 id
1271 1061 1339 1082 sane
1367 1054 1484 1086 mirum;
1498 1053 1563 1089 quia
1588 1061 1642 1081 non
1657 1057 1701 1081 est

911 1101 990 1129 facile
1005 1105 1054 1128 aut
1081 1100 1238 1136 expeditum
1267 1099 1494 1127 consuetudinem
1518 1099 1699 1131 exscindere,

909 1155 999 1183 neque
1016 1146 1119 1174 invidia
1146 1150 1242 1174 carent
1267 1145 1391 1181 praeclari
1417 1149 1542 1173 conatus.
1572 1145 1700 1180 Nunquid

910 1193 983 1220 enim
1000 1192 1138 1228 praecelsa:
1153 1192 1253 1220 mentis
1266 1196 1308 1219 est
1321 1192 1449 1219 recedere
1464 1198 1480 1218 a
1507 1191 1588 1218 noxia
1615 1191 1700 1218 tradi-

911 1239 996 1271 tione,
1012 1246 1096 1273 seque
1110 1238 1198 1273 ipsum
1220 1245 1320 1273 ponere
1344 1237 1372 1264 in
1403 1237 1559 1272 exemplum
1585 1237 1698 1270 bonum,

910 1285 1010 1312 volenti
1028 1284 1149 1311 solilarie
1162 1283 1262 1316 vivere,
1272 1290 1325 1310 non
1335 1283 1425 1311 solum
1436 1282 1607 1315 nomine,sed
1619 1282 1699 1309 etiam

911 1339 951 1363 re,
965 1335 992 1358 et
1007 1330 1172 1365 professioni
1201 1337 1353 1364 congruum
1376 1336 1446 1363 opus
1470 1328 1593 1356 habere?
1625 1326 1701 1360 Quo-

911 1376 994 1403 modo
1008 1379 1100 1402 autem
1118 1382 1180 1402 vere
1195 1374 1335 1402 solitarius
1349 1374 1413 1406 erit,
1429 1374 1476 1408 qui
1504 1372 1701 1401 dominationis

911 1421 1055 1456 mancipiis
1073 1419 1189 1448 incutit?
1205 1419 1350 1452 Quomodo
1364 1424 1455 1448 castos
1469 1419 1579 1446 habebit
1606 1418 1702 1446 oculos

911 1471 1016 1494 ast‘etcs
1039 1466 1095 1497 ille.
1121 1466 1166 1500 qui
1189 1465 1311 1492 mulieris
1339 1464 1392 1492 sibi
1407 1463 1592 1491 cobabitautis
1616 1464 1703 1491 utitur

911 1511 1089 1539 ministerio?
1105 1518 1167 1538 cuin
1180 1510 1263 1537 etiam
1276 1509 1545 1544 contingataliquos,
1560 1512 1638 1535 extra
1650 1509 1702 1535 hoc

911 1559 1058 1587 discrimen
1072 1557 1186 1592 positos,
1203 1556 1274 1590 capi.
1306 1555 1427 1583 Accensa
1451 1561 1493 1582 est
1507 1563 1571 1589 ergo
1596 1555 1703 1582 vicino-

912 1612 973 1632 rum
988 1602 1136 1634 tnmulatio,
1157 1607 1183 1629 et
1197 1602 1232 1629 ad
1245 1601 1354 1636 longius
1368 1601 1474 1635 positos
1500 1599 1547 1627 Dei
1564 1604 1702 1626 amatores

912 1647 1082 1684 participatio
1091 1646 1154 1674 boni
1165 1646 1266 1673 inventi
1276 1646 1399 1681 pervenit
1410 1654 1418 1679 ς
1431 1645 1489 1680 ipse
1497 1652 1561 1672 vero
1571 1650 1700 1672 aeternam

912 1694 963 1722 sibi
977 1692 1147 1728 comparavit
1161 1692 1288 1728 gloriam.
1307 1691 1385 1725 Quod
1399 1691 1423 1718 si
1437 1690 1520 1718 alium
1532 1690 1628 1717 habuit
1640 1697 1705 1717 con-

912 1741 967 1769 silii
982 1744 1064 1775 atque
1079 1739 1180 1766 laboris
1199 1738 1317 1772 socium,
1342 1738 1432 1773 ipsum
1449 1737 1495 1772 qui
1519 1737 1576 1764 hac
1595 1736 1662 1764 dicit
1676 1741 1704 1764 et

912 1786 1019 1818 scribit,
1035 1785 1125 1813 omnis
1142 1785 1176 1812 ad
1189 1783 1298 1812 Patrem
1324 1783 1465 1811 referenda
1481 1787 1523 1810 est
1536 1783 1621 1818 gvatia
1640 1782 1704 1808 :deo

912 1836 956 1860 cet
968 1832 1041 1860 enim
1063 1831 1148 1858 filium
1166 1831 1195 1857 in
1216 1829 1344 1857 omnibus
1357 1829 1506 1857 assimilari
1523 1829 1603 1864 patri,
1619 1836 1704 1864 seque

913 1881 1000 1905 totum
1016 1876 1190 1904 formandum
1210 1876 1317 1903 tradere
1334 1874 1460 1910 genitori.

947 1923 993 1951 24.
1008 1923 1107 1951 Postea
1121 1922 1304 1958 sequestravit
1316 1929 1347 1949 se
1357 1922 1392 1948 ab
1405 1921 1519 1949 urbanis
1533 1919 1706 1948 circuitioni-

913 1969 977 2002 bus,
993 1977 1008 1996 a
1024 1969 1236 1997 conversatione
1249 1968 1431 1996 habitantium
1444 1960 1578 1998 civitates,
1591 1974 1607 1994 a
1624 1965 1705 1993 fami-

913 2015 1030 2042 liaritate
1049 2015 1170 2041 virorum
1202 2013 1369 2048 principum,
1386 2013 1458 2040 intra
1472 2012 1641 2046 spiritualem
1657 2019 1706 2038 au-

913 2061 967 2088 lam
987 2060 1072 2087 fixum
1088 2059 1212 2086 retinens
1236 2059 1352 2093 pedem;
1373 2058 1419 2085 ubi
1441 2057 1566 2084 rationali
1580 2057 1700 2084 intende-

914 2106 961 2134 bat
977 2105 1062 2141 gregi,
1086 2112 1202 2140 pascens
1223 2111 1285 2131 eum
1302 2104 1435 2131 doctrina:
1463 2103 1596 2138 gramine,
1613 2107 1640 2129 et
1656 2110 1705 2137 po-

915 2158 977 2181 tans
1006 2152 1119 2179 ﬂumine
1143 2151 1345 2178 instructiouis.
1370 2149 1447 2177 Unde
1473 2149 1575 2176 factum
1605 2153 1658 2181 est,
1678 2154 1707 2176 ut

69 2195 135 2228 Δία,
153 2194 231 2228 αὔξει
243 2195 272 2221 τὸ
287 2195 423 2230 ποίμνιον,
441 2196 547 2230 γίνεται
561 2197 735 2233 περιϐόητον,
753 2198 861 2230 δοξάζει

915 2197 1034 2227 fecundo
1058 2198 1182 2233 germine
1202 2196 1367 2231 pl'oliticaret
1386 2195 1445 2230 Lla,
1471 2204 1536 2232 grex
1560 2201 1707 2231 augeretur

69 2249 117 2268 ται
129 2242 145 2267 ό
162 2241 240 2275 ἆγιος
255 2241 332 2274 Θεὸς,
345 2243 411 2278 παρ’
431 2239 462 2269 οὗ
478 2244 531 2270 πᾶν
551 2243 706 2279 ἀνθρώποις
718 2245 749 2271 τὸ
765 2253 866 2281 tta-cop-

71 2286 218 2322 θοὺμενον.
239 2287 309 2314 Ἀλλ’
325 2284 382 2314 οἶόν
396 2296 429 2323 με
442 2288 471 2314 ὲν
486 2288 562 2323 μέσῳ
583 2289 638 2316 τῶν
652 2290 804 2325 εἰρημένων
816 2291 864 2318 λα-

72 2331 127 2360 θὼν
144 2332 244 2368 μικροῦ
253 2333 307 2360 δεῖν
322 2333 499 2369 παρέδραμεν
513 2335 520 2361 l
537 2335 607 2370 Ἤδη
620 2337 799 2372 κρατησὰσης
815 2338 864 2372 τῆς

71 2377 207 2409 εύσεσοῦς
222 2377 353 2414 Εἰρήνης,
368 2380 417 2406 καὶ
430 2379 536 2407 πολλῶν
550 2380 638 2415 λόγων
652 2381 805 2416 βαλλόντων
816 2383 864 2410 καὶ

915 2249 942 2272 et
956 2244 1074 2272 celebris
1091 2243 1177 2276 ﬁeret,
1199 2242 1271 2269 Deus
1293 2247 1397 2274 autem,
1415 2246 1445 2269 ut
1466 2247 1596 2273 sanctus.
1612 2241 1708 2268 lauda-

915 2296 1004 2322 retur,
1022 2297 1036 2316 a
1054 2296 1109 2324 quo
1123 2288 1280 2315 hominibus
1289 2295 1370 2315 omne
1382 2287 1484 2315 bonum
1503 2289 1636 2322 provenit.
1653 2287 1707 2314 Sed

915 2337 997 2372 quale
1012 2336 1078 2363 illud
1098 2339 1141 2363 est
1155 2334 1228 2369 quod
1251 2334 1278 2361 in
1311 2333 1401 2361 medio
1418 2334 1596 2361 dicendorum
1619 2332 1707 2360 latens

918 2389 1015 2418 parum
1031 2381 1121 2409 abfuit
1133 2380 1200 2415 quin
1217 2380 1397 2415 praeterirem.
1421 2379 1490 2407 Cum
1503 2379 1561 2414 jam
1583 2381 1710 2414 regnaret

835 2462 951 2491 NOTAE.

108 2533 166 2567 (14)
186 2531 288 2570 Graece
297 2537 338 2560 est
362 2533 432 2570 πρδς
450 2533 489 2569 τῷ
511 2533 669 2570 τοῦγθήλεος
684 2534 746 2569 ζώῳ
761 2535 865 2569 δούλοις

71 2567 119 2606 τὰ,
131 2566 257 2606 κοινόσια
276 2566 506 2606 ﬂammiger/anet
527 2566 606 2606 intra:
621 2566 739 2606 καθιστᾷ
755 2571 785 2597 τὸ
800 2566 864 2598 ἑαυξ

72 2602 119 2639 τοῦ
136 2603 321 2639 μοναστήριον
335 2602 386 2635 ἔξω
401 2603 447 2630 τοῦ
464 2603 561 2638 θήλεος
570 2603 651 2636 ζώου.
662 2602 862 2639 (ιυςιε’5Ῐι-Ιειιυε,

72 2637 389 2673 longissimeaberrans
406 2645 420 2664 a
439 2637 530 2666 mento
557 2637 688 2672 auctoris,
707 2640 746 2667 sic
768 2637 864 2668 Latine

74 2671 205 2712 reddidit.
230 2671 296 2712 cum
324 2673 483 2712 {culinarum
515 2674 630 2700 caenobia
652 2671 864 2709 gubernarentur

74 2715 90 2733 α
105 2707 331 2747 terris-maribus!
360 2713 387 2735 et
415 2707 497 2747 infra,
523 2707 660 2747 suumque
676 2712 864 2747 ηιοημδιενὶιιηι

74 2743 214 2769 constituit
238 2743 344 2769 remotis
374 2744 454 2770 servis
473 2752 505 2771 ac
538 2744 700 2771 ntulieribus.
732 2744 864 2773 Existimo

75 2777 127 2816 levi
155 2777 328 2805 correctione
346 2777 405 2806 ﬁeri
424 2786 516 2816 posse,
531 2783 562 2806 ut
586 2783 614 2806 et
639 2779 760 2816 feminas
775 2787 864 2807 resto-

75 2814 149 2851 visse
170 2820 198 2851 _a
233 2819 284 2840 suo
305 2814 482 2851 monasterio
499 2814 815 2851 sanctus_inlelligatur,
834 2819 861 2842 et

77 2847 208 2874 animalia
225 2854 342 2882 quorum
351 2855 435 2876 causa
456 2849 506 2877 illa:
523 2847 737 2882 adhibebantur";
751 2855 775 2877 et
789 2851 858 2878 hanc

916 2543 978 2564 esse
995 2539 1114 2562 mentem
1133 2534 1280 2570 genuinam
1297 2534 1428 2570 auctoris.
1442 2534 1498 2570 qui
1513 2533 1547 2560 de
1559 2533 1705 2570 mulierum

916 2570 1050 2598 coenobiis
1068 2578 1117 2597 nec
1136 2568 1270 2604 cogitavit
1282 2569 1392 2604 quidem
1412 2568 1474 2596 cuin
1493 2569 1549 2596 haec
1562 2568 1706 2604 Scriberet.

916 2605 1222 2641 patebitiexaminanti.
1243 2604 1313 2641 Ergo
1327 2605 1358 2641 τὸ
1381 2604 1429 2630 τοῦ
1445 2604 1540 2639 θήλεος
1565 2603 1633 2635 ζῶον
1664 2603 1707 2641 in-

914 2639 1008 2676 telligo
1026 2640 1119 2667 femini
1137 2647 1220 2676 sexus
1236 2639 1376 2676 animalia,
1393 2647 1503 2676 vaccas,
1525 2646 1601 2676 oves,
1620 2639 1707 2673 capel-

915 2676 956 2703 las
969 2672 997 2702 (ἷι
1014 2683 1073 2710 quae
1084 2675 1164 2702 etiam
1178 2675 1204 2702 in
1215 2675 1388 2702 monasteriis
1402 2675 1512 2701 aluntur
1526 2673 1558 2700 ad
1575 2672 1703 2703 feturam,

916 2709 1035 2745 itemque
1051 2710 1084 2737 ad
1106 2710 1184 2745 lactis
1205 2714 1231 2736 et
1247 2709 1319 2736 casoi
1346 2713 1508 2745 proventum
1523 2718 1529 2735 :
1545 2713 1627 2745 atque
1654 2715 1704 2742 pro

917 2743 1031 2777 δούλοις,
1048 2745 1108 2780 lego
1127 2744 1245 2780 δούλαις·
1271 2744 1343 2780 quod
1356 2750 1448 2780 autem
1465 2743 1575 2780 διοικεῖν
1584 2751 1637 2770 non
1649 2750 1704 2780 so-

916 2780 972 2807 lum
987 2778 1149 2814 gubeinare,
1162 2779 1209 2807 sed
1224 2778 1304 2806 etiam
1319 2779 1442 2807 habitare
1456 2778 1602 2814 signiticet.
1613 2778 1702 2812 palam

913 2813 1125 2877 esttilliissimulo
1144 2819 1241 2844 caetera
1259 2815 1303 2842 hic
1320 2819 1521 2850 consequenter
1533 2813 1626 2841 minus
1640 2818 1703 2849 apte

913 2858 941 2877 re
961 2855 1026 2877 «ua.

913 2855 1026 2877 reddita.
