1924 3077
216 135 269 166 82⁸1

810 138 841 169 S.
862 138 1058 170 THEODOBI
1079 139 1252 169 STUDITJE

1796 138 1847 169 893

217 193 391 228 pientissima
405 193 495 227 lrene,
511 201 539 222 et
551 195 624 223 circa
635 195 814 230 qumstionem
827 197 861 224 de
875 204 1007 224 veneran-

1067 197 1235 233 Ξαλλομένων
1253 197 1318 233 περὶ
1334 197 1384 233 τῆς
1404 197 1458 224 τῶν
1478 204 1588 224 σεπτων
1610 195 1725 224 εῑκόνων
1747 197 1848 225 ὑποθέ-

220 239 264 266 dis
288 239 456 274 imaginibus
485 241 512 268 itt
537 246 681 276 utramque
704 246 808 277 partem
822 243 907 270 multa
924 243 1009 277 jacta-

218 288 329 316 rentur,
344 290 408 312 ante
423 285 523 314 multos
536 292 563 313 et
578 295 638 314 cum
655 287 749 322 paucis
764 287 849 315 libere
865 289 1007 316 veritatem

216 331 378 366 proﬁtetur;
394 337 496 367 pugnat
521 337 652 367 quantum
679 337 769 368 potest
793 338 889 361 contra
916 334 1009 362 lcono-

217 377 343 404 machos.
355 377 488 409 Quamvis
498 378 571 404 enim
594 385 647 403 non
668 384 740 405 esset
759 378 943 414 dogmaticus.
961 380 1009 406 sed

219 421 335 456 simplici
352 427 474 450 uteretur
490 430 637 456 sermone;
650 431 712 450 eum
731 428 820 451 tamen
837 424 952 452 habebat
965 433 1010 453 co-

219 466 325 500 piosum
354 466 442 501 (juxta
471 468 590 495 nominis
614 468 668 500 sui,
688 475 703 495 ι
727 469 870 497 latitudine
896 469 1008 504 sumpti.

220 513 425 547 proprietatem)
444 517 472 540 et
497 513 670 548 persnasioni
711 521 840 549 perquam
869 514 1008 543 idoneum.

219 557 305 591 Cujus
319 558 358 584 rei
375 562 564 592 argumentum
573 563 629 590 est,
643 558 717 593 quod
732 559 759 586 in
775 567 806 586 ea
823 567 883 594 qua:
896 561 930 586 ad
945 568 1010 587 san-

218 607 278 630 ctos
305 603 442 637 apostolos
460 608 553 630 coacta
579 608 621 631 est
644 604 751 640 synodo
771 604 847 639 (15),
863 606 898 633 ab
913 613 946 632 eo
963 606 1009 641 qui

219 653 285 676 tunc
301 653 357 676 erat
371 649 524 684 patriarcha
541 650 645 678 electus
661 650 718 684 ipse
726 650 773 683 sit,
787 651 834 685 qui
863 657 1011 686 poneretur

222 694 248 721 ia
268 696 398 722 cathedra
425 695 585 729 metropolis
610 695 733 722 omnium
764 696 966 729 illustrissimat,
984 701 1011 724 ct

218 740 291 766 sit-ut
311 745 390 767 antea
406 748 461 767 non
479 741 607 768 timuerat
626 742 717 768 minas
733 740 884 768 faventium
901 742 1009 774 haeresi,

219 787 259 813 sic
273 794 362 820 tteque
382 790 447 813 tunc
457 785 616 814 formidavit
628 787 841 821 prohibitionem
855 788 1011 815 incursum—

219 840 272 866 que
291 832 396 860 ordinis
420 833 564 865 militaris,
582 833 693 867 quando
718 833 741 860 is
759 833 890 868 itnpetum
906 833 970 861 l‘et'it
982 834 1009 861 in

219 885 347 913 magnum
358 878 422 905 illud
435 879 576 913 templum,
586 880 691 907 insanis
707 880 875 908 clamoribus
894 881 1010 915 patriar-

219 924 276 951 chae
303 924 475 959 obstrepens,
494 929 522 952 et
549 923 787 961 pseudosynodum
809 926 923 954 laudans
944 927 1010 954 olim

218 971 348 997 adversus
363 970 494 1005 imagines
520 971 653 998 habitam.
671 972 757 999 Paulo
779 977 851 1007 post,
876 980 937 999 cum
953 972 1010 1000 dis-

218 1014 325 1042 solutus
351 1019 425 1042 esset
447 1020 536 1043 etetus
560 1016 614 1048 ille,
637 1024 686 1050 pro
713 1015 829 1043 veritate
846 1016 1009 1043 stabilienda

217 1059 350 1087 collectus
361 1080 368 1093 ,
382 1061 469 1088 evasit
480 1061 651 1096 imperatrix,
666 1062 739 1089 velut
754 1069 769 1089 e
780 1062 874 1089 tnedio
886 1062 1008 1094 leonum,

218 1103 302 1136 facta,
323 1110 354 1132 ut
374 1105 414 1133 sic
439 1106 548 1140 loquar,
568 1107 642 1134 circa
666 1108 828 1142 sanguinem
845 1112 970 1142 martyr;
985 1111 1012 1133 et

219 1151 390 1185 hegumenus
415 1157 508 1179 noster
533 1152 717 1187 patriarcham
746 1157 874 1185 secutus,
903 1157 1013 1188 propter

1061 251 1140 274 σεως,
1155 241 1376 278 παρρησιάζεται
1394 240 1448 277 πρὸ
1460 241 1514 268 τῶν
1534 240 1641 267 πολλῶν
1665 241 1712 268 καὶ
1729 242 1779 269 σὺν
1795 242 1849 269 ὀλίο

1059 296 1118 322 γοις
1134 287 1183 322 τὴν
1195 288 1334 323 ἀλήθειαν,
1349 287 1532 322 μάχεταιτοῖς
1542 287 1769 322 εἰκονομαχοῦσιν
1784 288 1849 325 καθι-

1059 331 1122 357 όσον
1139 328 1195 357 οἷόν
1208 339 1249 364 τε,
1266 331 1328 357 ἐπεὶ
1344 331 1412 366 μηδὲ
1429 330 1595 366 δογματικδς
1609 329 1654 367 ἦν,
1670 331 1728 358 ἀλλ’
1744 333 1849 359 ἁπλοῦν

1061 375 1110 410 μὲν
1118 375 1164 402 τὸν
1171 375 1261 410 λόγον,
1269 375 1427 412 εὐρύχωρον
1435 376 1458 402 δ’
1466 376 1541 410 ὅμως
1549 384 1581 410 ea:
1586 375 1720 411 ρωνύμως
1728 377 1778 403 καὶ
1789 386 1848 405 πει-

1060 421 1140 456 θὴνον
1148 421 1323 458 [Επειθανὺν]
1332 421 1411 457 ἔχων.
1421 421 1571 454 Ἀπόδειξις
1579 422 1635 449 τῶν
1647 423 1850 459 εῑρημένων,τδ

1060 468 1089 494 ὲν
1103 467 1223 503 καθέδρᾳ
1239 467 1432 503 μητροπόλεως
1442 467 1496 494 τῶν
1511 468 1671 502 ἐπιφανῶν,
1687 468 1716 495 ιν
1728 470 1762 504 τῇ
1780 469 1851 496 κατὰ

1059 513 1124 544 τοὺς
1147 513 1242 548 ἁγίους
1258 513 1437 544 Ἀποστόλους
1457 513 1569 548 συνόδῳ,
1580 513 1656 548 παρὰ
1666 513 1849 549 τοῦτηνικὰδε

1060 557 1273 595 προεδρεύοντος
1285 558 1346 585 κατ’
1360 557 1476 594 ἐκλογὴν
1490 558 1603 594 τεθῆναι
1615 559 1661 586 τὸν
1674 559 1770 595 ἄνδρα,
1787 560 1850 586 οὔτε

1060 603 1195 639 πρότερον
1207 603 1360 638 πτοηθέντα
1377 603 1428 635 τὰς
1441 603 1557 635 ἀπειλὰς
1570 603 1625 631 τῶν
1641 605 1849 640 αἰρετιζόντων,

1059 646 1122 674 οὔτε
1150 646 1300 682 τηνικαῦτα
1324 646 1520 682 ὑποπτήξαντα
1545 648 1596 683 τὴν
1616 648 1782 685 ’ἀποτροπὴν
1802 652 1852 678 καὶ

1060 693 1211 728 ἐπιδρομὴν
1228 692 1275 719 τοῦ
1299 693 1495 728 στρατιωτικοῦ
1515 694 1664 729 τάγματος,
1689 695 1772 730 ἡνίκα
1795 696 1853 731 ὥρ-

1062 747 1149 774 μησεν
1156 739 1224 774 πρδς
1233 738 1278 766 τὸν
1286 738 1375 773 μέγαν
1388 739 1469 772 νεὼν,
1481 740 1624 767 καταϐοῶν
1643 740 1691 767 τοῦ
1702 741 1850 777 προέδρου,

1061 785 1109 811 καὶ
1123 784 1291 820 ἀνευφημῶν
1313 785 1361 812 τὸν
1374 785 1446 813 κατὰ
1459 785 1514 813 τῶν
1532 787 1641 814 σεπτῶν
1655 788 1769 815 εἰκόνων
1782 788 1853 822 ψευ-

1061 830 1232 864 δοσύλλογον.
1244 831 1300 857 Καὶ
1325 831 1424 866 μικρὸν
1444 831 1568 867 ὕστερον,
1584 832 1665 859 ὁπότε
1688 833 1810 860 διελύετο
1822 834 1854 861 τὸ

1062 877 1110 911 τῆς
1125 876 1254 914 ἀληθείας
1266 877 1413 913 ἄθροισμα,
1428 878 1477 904 καὶ
1500 878 1539 910 ὡς
1556 880 1589 905 ὲκ
1603 879 1686 914 μέσου
1699 878 1819 907 λεόντων
1835 881 1852 915 ἡ

1061 922 1204 957 βασίλισσα
1211 923 1335 959 ὑπεξῄει,
1344 924 1407 950 ἄνευ
1422 924 1549 959 αἵματος.
1556 924 1593 956 ὡς
1603 925 1704 958 εἰπεῖν,
1716 925 1854 960 δειχθεῖσα

1062 969 1178 1004 μάρτυς,
1195 969 1243 995 καὶ
1259 969 1273 995 ό
1285 969 1421 1005 ἡμέτερος
1438 970 1598 1006 καθηγητὴς
1606 971 1645 1006 τῷ
1654 972 1779 1008 ἀρχιερεῖ
1788 980 1853 999 συν-

1060 1014 1206 1049 επόμενος,
1223 1014 1299 1041 οὐδὲν
1315 1015 1361 1041 ἐπὶ
1384 1016 1440 1046 τοῖς
1463 1015 1680 1053 τετολμημένοις
1703 1018 1852 1046 ἐδεδοίκει·

1061 1059 1159 1095 μικρὸν
1177 1060 1231 1096 γάρ
1243 1060 1344 1087 ἔστιτὸ
1360 1062 1389 1087 ὲν
1403 1062 1437 1096 τῇ
1451 1061 1578 1089 Νικαέων
1595 1063 1696 1099 συνόδῳ
1711 1064 1743 1090 ὲκ
1759 1064 1854 1091 δευτέ-

1066 1113 1113 1141 ρου
1124 1105 1280 1141 εὑρεθῆναι,
1295 1106 1340 1133 διὰ
1351 1106 1383 1133 τὺ
1399 1107 1431 1133 ἐκ
1447 1107 1531 1142 μέσου
1556 1108 1618 1134 τότε
1639 1109 1783 1144 γεγονέναι
1807 1110 1855 1137 τδν

1066 1151 1192 1178 ausam
1207 1151 1271 1180 λαὸν
1286 1153 1335 1179 καὶ
1349 1153 1516 1189 ἀτεράμονα.

219 1204 251 1224 ea
266 1206 327 1232 qua:
345 1197 454 1226 fuerant
472 1200 604 1227 audacter
635 1200 776 1235 designata
797 1208 850 1227 non
879 1199 930 1227 fuit
959 1199 1139 1234 perterritus:
1156 1207 1274 1235 moxque
1290 1200 1416 1229 inventus
1430 1207 1473 1230 est
1504 1202 1532 1229 in
1550 1203 1670 1230 secunda
1684 1202 1792 1232 Nicaea:
1811 1212 1856 1242 sy-

221 1245 302 1277 nodo,
328 1245 391 1278 quia
418 1245 550 1280 dissipata
579 1251 645 1273 tunc
662 1246 713 1273 fuit
736 1246 813 1281 plebs
841 1246 886 1273 illa
906 1246 1075 1274 tumultuosa
1091 1250 1118 1274 et
1135 1246 1273 1281 pervicax.

254 1292 300 1319 ‘25.
315 1292 463 1326 Postquam
489 1293 547 1320 haec
571 1293 611 1321 sic
624 1299 700 1328 gesta
717 1298 744 1321 et
768 1293 941 1320 orthodoxiat
955 1297 1014 1320 tro-

1099 1296 1150 1319 κε’.
1173 1293 1282 1330 Ἐπειδὴ
1296 1293 1325 1320 δὲ
1340 1293 1427 1321 ταῦτα
1441 1294 1513 1322 οὕτω
1528 1295 1576 1322 καὶ
1591 1296 1622 1323 τὸ
1636 1297 1686 1332 τῆς
1699 1295 1858 1331 όρθοδοξίας

221 1339 329 1373 pluteum
355 1343 478 1366 erectum
510 1338 581 1372 fuit;
596 1339 629 1366 ad
642 1347 725 1367 suum
755 1339 955 1367 monasterium
974 1347 1015 1366 re-

1067 1338 1194 1374 τρόπαιον
1218 1339 1384 1374 ἐκρατύνθη,
1404 1341 1545 1376 ἐπανῆκεν
1559 1342 1574 1367 ό
1589 1342 1684 1378 Πατὴρ
1699 1343 1740 1374 είς
1760 1342 1790 1369 τὸ
1816 1343 1858 1368 οι-

222 1385 303 1412 νοηίι
328 1385 425 1412 beatus
441 1405 449 1419 ,
472 1385 630 1413 exercenda:
658 1386 811 1420 praelatum
838 1393 957 1413 vacans:
971 1384 1015 1412 ubi

1067 1385 1138 1411 κεῖον
1155 1387 1371 1421 φροντιστήριον,
1388 1386 1517 1421 ἐχόμενος
1530 1387 1581 1423 τῆς
1605 1389 1772 1422 προστασίας
1783 1395 1792 1404 ο
1810 1388 1859 1414 καὶ

222 1431 368 1466 prolapsus
386 1431 412 1457 in
439 1432 576 1463 morbum,
598 1431 645 1465 qui
671 1431 767 1458 mortis
792 1430 893 1458 indicia
918 1438 974 1465 prae
987 1438 1015 1458 se

1068 1429 1178 1464 βληθεὶς
1192 1431 1274 1465 νόσῳ,
1287 1431 1445 1465 ἀπόγνωσιν
1462 1431 1536 1466 ζωῆς
1566 1432 1740 1469 ὕποδηλούσῃ
1756 1433 1796 1469 τῷ
1811 1433 1857 1466 έρ-

224 1477 328 1504 furebat
347 1477 414 1511 (16),
431 1484 462 1503 ac
473 1477 545 1503 velut
562 1477 700 1511 insperato
727 1477 838 1512 gavisus
864 1476 956 1508 lucro,
976 1483 1015 1503 re-

1069 1475 1143 1511 μαίῳ
1171 1475 1222 1511 τῆς
1248 1476 1407 1511 ἐπιθυμίας,
1433 1476 1607 1512 μετατίθεται
1634 1477 1684 1513 τὴν
1710 1479 1799 1514 ἀρχὴν
1815 1480 1859 1513 ἐφ’

224 1523 332 1558 giutinis
356 1530 426 1549 onus
439 1523 466 1550 in
489 1531 539 1550 nos
564 1522 702 1555 transfert,
720 1530 769 1550 nec
790 1522 886 1557 dignos
907 1522 1017 1556 quidem

224 1569 271 1603 qui
296 1569 330 1595 ah
349 1569 408 1603 ipso
433 1575 601 1603 regeremur.
631 1568 735 1595 Invenit
759 1575 823 1603 ergo
843 1568 1017 1602 concupitam

226 1615 420 1647 humilitatem,
439 1615 544 1649 accepit
561 1614 684 1641 inducias
699 1614 899 1647 molestiarum,
916 1614 1017 1641 libera-

225 1667 269 1688 tus
285 1667 326 1688 est
342 1670 356 1688 a
370 1661 605 1689 circumdantibus
617 1668 646 1688 se
659 1660 861 1693 vcxatiouibus,
883 1660 1020 1696 apparuit-

224 1715 277 1741 que
291 1707 360 1734 idcm
374 1708 419 1742 qui
432 1713 509 1734 antea
527 1715 576 1734 nec
586 1707 722 1741 pceunim,
740 1714 788 1733 nec
802 1707 1016 1741 possessionum,

226 1761 277 1780 nec
293 1753 465 1788 negotiorum
481 1758 621 1787 appetens,
636 1760 697 1779 cum
710 1752 766 1787 jatn
781 1759 834 1778 non
855 1751 1018 1778 ltaberetiu-

225 1800 296 1826 vidia
313 1799 429 1833 amplius
446 1799 621 1826 occasionem
647 1798 828 1825 obnubilandi
853 1797 945 1824 radios
961 1797 1017 1824 vir-

227 1845 292 1870 tutis
309 1843 380 1877 t'jUS.
402 1841 469 1869 Nam
487 1846 515 1869 et
544 1841 596 1868 viri
613 1842 680 1876 justi
696 1846 845 1873 tentantur,
864 1846 893 1867 ut
907 1848 938 1867 ex
959 1841 1017 1875 ipsa

228 1889 362 1916 malorum
375 1887 528 1918 tcntatione
544 1894 612 1914 auro
626 1887 775 1914 similiores
796 1886 914 1914 evadant
927 1887 1018 1921 quoad

227 1934 359 1965 animam,
377 1937 506 1967 recteque
519 1932 676 1961 incedentes
697 1940 751 1960 non
776 1933 966 1964 labascant,ct
978 1931 1019 1959 tli-

227 1985 306 2008 scant
318 1979 450 2015 quidquid
467 1987 483 2007 a
503 1986 534 2007 se
550 1979 619 2007 bene
633 1979 738 2015 geritur
753 1986 815 2007 esse
832 1986 865 2006 ex
882 1977 947 2006 Deo.

1069 1522 1153 1556 ἡμᾶς,
1169 1522 1234 1553 τοὺς
1251 1521 1319 1557 μηδὲ
1331 1521 1378 1548 τοῦ
1396 1522 1528 1557 ἄρχεσθαι
1553 1523 1656 1555 ἀξίους.
1668 1524 1800 1558 Εὑρίσκει
1812 1522 1860 1550 οὖν

1068 1565 1119 1601 τὴν
1148 1565 1320 1601 ποθουμένην
1352 1566 1535 1598 ταπείνωσιν,
1557 1566 1690 1601 λαμϐάνει
1712 1566 1860 1602 ἁνακωχὴν

1068 1612 1124 1638 τῶν
1149 1611 1290 1647 λυπηρῶν,
1313 1611 1406 1638 λύεται
1429 1612 1482 1638 τῶν
1517 1613 1685 1647 συνεχόντων
1708 1612 1860 1648 ὲπηρειῶν,

1068 1658 1162 1692 ὀφθεὶς
1177 1655 1233 1690 οἶος
1245 1656 1278 1694 ἦν
1293 1659 1324 1685 τὸ
1335 1659 1480 1695 πρότερον,
1493 1659 1691 1695 ἀφιλάργυρος,
1713 1659 1864 1695 ὰφιλοκτή-

1072 1712 1140 1739 μων,
1164 1702 1395 1738 ἀφιλοπράγμων,
1416 1704 1466 1738 τῆς
1485 1703 1647 1739 δυσμενείας
1671 1704 1721 1730 οὐκ
1743 1705 1864 1740 ἐχούσης

1070 1749 1162 1784 χώραν
1176 1749 1216 1776 ἔτι
1227 1751 1369 1784 συννεφεῖν
1383 1750 1433 1785 τῆς
1444 1751 1550 1777 ἐκείνου
1563 1750 1665 1786 ἀρετῆς
1675 1750 1726 1785 τὴν
1739 1751 1840 1777 ἀκτῖνα
1855 1759 1862 1766 ⁸

1071 1795 1249 1830 πειράζονται
1265 1795 1320 1831 γὰρ
1334 1796 1383 1822 καὶ
1394 1795 1505 1829 δίκαιοι,
1521 1796 1559 1827 ὡς
1576 1797 1609 1823 ἂν
1625 1798 1657 1832 τῇ
1669 1796 1794 1831 πυρώσει
1807 1796 1865 1823 τῶν

1070 1841 1199 1876 λυπηρῶν
1228 1841 1462 1878 χρυσοειδέστεροι
1485 1842 1535 1874 τὰς
1564 1842 1654 1877 ψυχὰς
1670 1842 1787 1877 γένοιντ’
1810 1842 1845 1869 ἂν

1071 1888 1121 1914 καὶ
1136 1887 1174 1924 μὴ
1194 1887 1432 1915 ὑπολισθαίνουσιν
1449 1888 1684 1923 εὐθυποροῦντες,
1698 1887 1736 1920 ὡς
1755 1888 1790 1915 ἃν
1809 1889 1851 1923 μά

1072 1933 1145 1960 θοιεν
1173 1932 1250 1968 παρὰ
1272 1932 1341 1960 Θεοῦ
1363 1934 1455 1965 αὐτοῖς
1481 1930 1552 1961 εἶναι
1576 1932 1632 1961 πᾶν
1655 1932 1686 1959 τὸ
1708 1932 1863 1967 κατορθοῦ-

1074 1987 1154 2015 μενον

989 2058 1107 2088 ΝΟΤιΕ.

266 2137 321 2172 (l5)
339 2146 349 2162 ι
363 2136 442 2172 Anno
457 2136 473 2164 6
489 2136 596 2171 imperii
608 2135 780 2172 Constantini
801 2139 828 2172 et
849 2134 958 2172 irenes,
972 2134 1017 2162 die

231 2169 405 2206 iTAugusti,
437 2169 585 2198 indictione
605 2172 632 2202 9,
661 2179 733 2198 anno
756 2170 858 2197 Christi
885 2169 947 2202 785,
962 2177 1018 2197 cm-

1071 2135 1123 2162 bus
1138 2134 1312 2162 laudantibus
1339 2134 1580 2170 pseudosynodum
1591 2153 1598 2166 ,
1611 2132 1732 2161 habitam
1744 2131 1798 2160 sub
1809 2132 1867 2159 Co.

1071 2177 1215 2204 pronymo.
1233 2170 1302 2196 lluic
1318 2175 1408 2197 autem
1433 2169 1567 2203 principio
1582 2175 1704 2204 consona
1713 2171 1866 2204 suntqum

231 2213 276 2241 pta
293 2201 338 2233 illa
356 2201 487 2241 synodus.
504 2206 556 2233 Sed
569 2201 769 2233 scholariorum
783 2210 810 2232 et
827 2205 1016 2241 excubitorum
1030 2205 1057 2234 D
1070 2201 1223 2241 sequuntur
1244 2211 1357 2241 Actetera.
1380 2201 1540 2241 Cmptauea
1568 2203 1690 2241 synodus
1710 2202 1732 2241 ξ
1744 2201 1864 2241 Kalend.

231 2240 327 2277 copiae.
353 2240 462 2268 nudatis
493 2241 601 2277 gladiis,
629 2241 763 2277 impetum
793 2241 820 2267 in
844 2247 893 2268 eos
906 2240 1017 2277 iecere;

232 2274 401 2313 mortemque
418 2281 471 2303 tam
494 2274 546 2310 ipsi
566 2274 744 2313 patriarchae,
760 2283 845 2313 quam
861 2274 1020 2313 orthodoxis

232 2309 380 2346 episcopis.
409 2316 436 2338 el.
472 2309 702 2338 monasteriorum
731 2310 886 2346 praepositis
918 2309 1020 2346 inferre

232 2344 333 2374 minati
341 2347 422 2381 tsunt.
437 2355 446 2372 ν
465 2346 500 2372 lta
519 2346 716 2381 Theophanes;
732 2344 890 2372 Patriarcha
904 2349 964 2372 erat
979 2344 1019 2381 ξ.

232 2379 371 2413 Tarasius,
396 2382 422 2407 in
450 2381 530 2415 cujus
555 2379 615 2407 Vita
636 2381 671 2408 25
698 2379 851 2411 Februarii,
879 2387 957 2407 num.
975 2379 1019 2415 l7,

231 2417 326 2444 eadem
346 2415 428 2444 latius
446 2413 586 2443 dicuntur.
607 2415 797 2443 llallucinatus
815 2419 857 2442 est
870 2419 961 2442 autem
977 2413 1021 2440 in-

232 2453 347 2486 signiter
360 2451 488 2483 strictus,
504 2451 613 2484 quando
629 2458 678 2486 pro
693 2449 932 2486 Constantinopoli
959 2456 1021 2486 qua:

233 2484 464 2522 Ιιοιπμητρόπο).ις
486 2486 541 2512 τῶν
556 2484 698 2522 ὲπινφὲινῷν
725 2485 836 2522 dicitur,
848 2485 875 2512 id
895 2489 938 2512 est
958 2484 1022 2511 lliu-

233 2520 329 2549 striutn
344 2521 452 2548 urbium
475 2521 645 2555 metropolis,
666 2520 745 2548 tinxit
773 2521 868 2555 urbem
882 2523 1021 2554 metropo-

233 2557 344 2584 litanum
361 2554 586 2590 Epiphanorum,
607 2556 634 2582 in
657 2563 711 2589 qua
729 2554 849 2590 synodus
869 2557 1019 2590 convocata

233 2592 327 2619 luerit.
342 2589 436 2626 Neque
450 2591 477 2617 in
494 2594 545 2618 hoc
561 2595 673 2626 tantum
686 2589 870 2626 Itallucinatus
883 2593 924 2615 est
939 2589 1021 2616 nimis

235 2626 350 2654 festinus
368 2624 503 2660 interpres
516 2634 522 2652 :
538 2626 576 2652 sel
591 2625 675 2652 semel
690 2625 740 2652 sibi
759 2624 924 2660 imaginatus
938 2631 1022 2660 pseu-

234 2660 404 2698 dosynodum
431 2658 563 2698 aliquam,
583 2660 609 2698 in
637 2667 691 2694 qua
714 2667 766 2698 non
792 2658 1023 2698 a_d__dicendu_me

234 2693 363 2724 cathedra
386 2693 535 2723 honorifice
553 2693 693 2726 invitatus,
715 2694 761 2721 sed
778 2694 811 2720 ad
826 2693 1022 2727 disputandum

235 2732 323 2768 fuerit
345 2730 495 2768 insolenter
521 2735 684 2768 provocatus
709 2730 806 2768 Plato;
823 2732 1023 2768 consequenter

235 2765 269 2793 de
296 2765 409 2794 Platone
431 2765 509 2797 dicit,
521 2762 672 2792 'adversus
685 2763 829 2799 praesidem
846 2762 1022 2795 clamavisse,

235 2805 278 2837 et,
301 2801 470 2837 vituperassc
502 2801 613 2837 impiam
649 2799 886 2837 sy‘nmlutnzcum
908 2799 1022 2837 ἀνευφη-

239 2836 298 2863 αείν
313 2832 448 2871 signiticet
458 2832 638 2869 contrarium,
657 2832 739 2869 idque
749 2832 856 2863 dicatur
870 2832 905 2861 de
925 2833 1020 2862 militi-

1071 2236 1191 2272 Octobr.,
1205 2239 1299 2267 indict.
1325 2240 1369 2272 Η,
1394 2236 1551 2270 anno'IS7.,
1569 2236 1651 2265 desiit
1672 2237 1699 2264 5.
1714 2236 1754 2264 De
1766 2245 1800 2264 ea
1812 2237 1866 2264 Mi-

1071 2274 1145 2302 cltael
1156 2274 1182 2301 in
1196 2273 1256 2301 Vita
1264 2274 1358 2301 Sancti
1371 2273 1507 2302 Theodori
1522 2282 1529 2300 :
1541 2283 1550 2298 α
1563 2273 1759 2300 Convenerth
1770 2279 1805 2299 ex
1814 2279 1866 2299 va-

1071 2309 1119 2336 riis
1136 2309 1229 2336 Patres
1248 2309 1361 2336 trecenti
1379 2316 1496 2336 numero
1516 2313 1543 2335 et
1557 2306 1781 2342 quinquaginta
1791 2307 1867 2333 inter

1070 2352 1140 2378 quos
1151 2344 1238 2371 adfuit
1248 2349 1275 2371 et
1298 2344 1394 2371 Plato:
1416 2353 1424 2369 ι
1438 2348 1466 2370 et
1485 2340 1643 2371 subscribit
1658 2342 1727 2376 ipse,
1750 2340 1867 2368 Πλάτων

1071 2379 1221 2419 ἡγοξόμενος
1231 2379 1426 2410 Σακουδιῶνος.
1443 2379 1518 2405 Pisto
1527 2381 1708 2417 hegumenus.
1720 2383 1771 2403 seu

1073 2419 1180 2437 nosttns
1197 2414 1372 2437 Sanudinnis.
1391 2413 1428 2437 De
1443 2413 1495 2437 hnc
1508 2417 1678 2437 monasterio
1693 2415 1746 2437 Ista
1760 2411 1795 2437 ba
1835 2419 1866 2437 n-

1073 2411 1180 2448 posittts
1197 2414 1373 2442 Sacudionis.
1391 2413 1428 2441 De
1443 2413 1495 2441 hoc
1508 2411 1678 2440 monasterio
1693 2411 1746 2437 ista
1760 2411 1867 2448 baben-

1072 2445 1117 2485 ἱυι·
1133 2449 1159 2485 in
1171 2448 1230 2476 Vita
1239 2449 1268 2476 S.
1280 2447 1417 2485 Theodori
1428 2455 1436 2474 :
1449 2457 1459 2473 ι
1473 2448 1542 2485 Cum
1561 2454 1657 2481 agrum
1669 2445 1820 2485 quemdam
1832 2453 1867 2485 ex

1072 2483 1130 2520 suis
1145 2483 1306 2520 Boscycium
1322 2483 1432 2520 numine
1446 2483 1479 2520 ad
1499 2480 1606 2520 sacrant
1622 2480 1798 2520 mansionem
1816 2480 1868 2507 ab-

1072 2518 1201 2550 dicasset,
1213 2516 1258 2546 cui
1273 2523 1300 2545 et
1308 2518 1461 2548 oratorium
1473 2518 1562 2545 inerat
1579 2516 1746 2544 Sacudionis
1762 2522 1867 2550 τοιου-

1072 2559 1176 2593 mento,
1203 2553 1280 2593 illuc‘
1292 2561 1388 2580 omnes
1412 2560 1483 2593 quos
1509 2556 1572 2593 ante
1590 2551 1749 2593 retulimus,
1764 2557 1795 2577 se
1814 2558 1866 2577 una

1073 2583 1317 2624 recipientcs._l)eo
1341 2583 1480 2624 promissa
1491 2586 1645 2624 reddere_et
1666 2583 1785 2624 implere
1801 2592 1865 2624 pru-

1073 2619 1216 2658 parabant.
1232 2631 1241 2648 ι
1255 2619 1425 2650 Describitur
1439 2622 1504 2653 dein
1515 2621 1661 2658 autumnitas
1682 2619 1737 2646 loci
1748 2620 1776 2646 in
1794 2620 1867 2658 olivo

1073 2654 1145 2686 inter
1172 2659 1297 2689 arbores,
1311 2665 1408 2692 aquas,
1421 2661 1449 2685 et
1473 2664 1587 2691 campos
1615 2655 1685 2684 siti:
1703 2660 1757 2681 nec
1769 2654 1867 2689 procul

1073 2693 1166 2722 videtu
1175 2701 1186 2720 r
1199 2691 1437 2727 Constantinopoli
1451 2691 1582 2722 abfuisse.

1109 2728 1165 2761 (16)
1181 2727 1208 2754 In
1223 2727 1318 2755 eadem
1338 2726 1399 2754 vna
1418 2727 1521 2755 dicitur
1543 2731 1665 2754 extrema
1691 2726 1746 2754 sibi
1762 2726 1867 2761 instare

1078 2760 1234 2795 simulasse.
1251 2769 1279 2791 et
1291 2763 1342 2798 sic,
1358 2761 1582 2798 conspirantibus
1607 2760 1762 2798 sull‘ragiis,
1774 2760 1866 2788 Theo-

1075 2799 1173 2827 dorum
1189 2798 1307 2828 electum
1324 2797 1419 2827 fuisse.
