1924 3077
61 141 112 174 829

418 202 543 230 ΚΕΦΛΛ.
559 203 597 231 Εν.

379 142 520 174 ORATIO
537 143 591 175 XI.
611 156 644 161 -
667 142 858 173 LAUDATJO
874 143 904 172 S.
927 139 1110 172 PLATONIS
1130 140 1345 172 HEGUMENI.

1632 139 1688 172 δυο

1234 199 1311 227 CAP.
1330 199 1362 227 V.

307 249 374 282 Qua:
391 258 486 284 passus
499 251 533 278 sit
550 250 629 277 Plato
640 250 671 276 ob
686 249 868 284 reprehensum
886 247 1056 276 Constantini
1064 252 1089 274 et
1106 247 1250 274 Tlteodotes
1268 248 1442 275 adulterium.

94 298 154 328 ις’.
170 295 200 322 '0
211 295 262 331 μὲν
277 293 324 325 οὖν
330 296 380 330 τῆς
391 296 572 332 καθηγήσεως
581 297 693 332 τρόπος,
705 297 755 332 ἤδη
762 296 848 323 πεπέ-

933 293 979 321 26.
996 293 1140 327 Quomodo
1159 294 1333 328 prmlaturam
1346 293 1462 329 gesserit
1476 298 1590 322 sanctus
1613 293 1691 321 Plato

61 348 162 376 ρασται
172 348 180 355 ·
193 339 332 376 τρέψομαι
344 340 373 367 δὶ
385 341 432 368 τὸν
441 341 520 375 λόγον
531 341 578 368 ἐπὶ
592 341 623 368 τὺ
631 341 848 376 διαϐοητότερον.

67 386 138 414 Ἀλλ’
147 386 223 421 οἴμοι
235 387 242 413 !
257 385 361 413 στένειν
370 386 675 426 πάρεστιννιρμωμένῳ
691 386 740 422 μὲν
752 386 849 422 τ’ἀλη-

62 432 96 466 θῆ
111 433 226 466 φρᾶσαι,
247 431 418 467 ἀναινομένῳ
431 431 461 460 δὲ
473 431 523 467 τὴν
542 431 668 467 διήγησιν
693 432 781 466 φειδοῖ
793 432 850 458 τῶν

61 477 242 513 δεδρακότων.
260 478 355 512 Ὅμως
369 477 432 504 ἐπεὶ
441 477 478 513 μὴ
494 475 550 505 οίόν
559 485 588 504 τε
595 477 683 509 ἄλλως
691 486 728 512 φα
733 486 759 504 νε
764 477 850 513 ρῶσαι

61 522 96 549 τὰ
103 522 242 562 κρυϐῆναι
252 523 290 558 μὴ
298 522 450 556 ὀφείλοντα,
459 523 562 561 καίπερ
570 522 711 560 πανταχοῦ
721 522 850 558 διαθρυλ-

61 567 193 604 λούμενα,
214 569 262 594 ἐπὶ
274 568 325 605 τὴν
343 568 462 606 δήλωσιν
477 568 641 604 ἐλεύσομαι·
655 569 686 595 οὐ
701 567 852 604 θριαμϐεύ-

62 621 102 642 ειν
115 613 181 650 τοὺς
191 613 344 648 δράσαντας
360 613 532 649 βουλόμενος,
545 614 608 640 ὅσον
626 613 850 649 στηλογραφῆσαι

61 658 110 690 τὴν
123 658 225 697 ἀρετὴν
236 658 284 688 τοῦ
291 659 473 696 ὰειμάκαρος.
488 659 563 688 οὐαί
572 667 632 692 σοι,
643 659 743 693 πόλις,
756 659 849 695 φησὶν,

60 702 98 739 ἧς
106 706 123 732 ό
130 705 273 738 ϐασιλεύς
283 712 341 733 σου
351 705 494 742 νεώτερός
501 705 598 738 ἐστιν,
613 705 663 740 τῆς
675 705 787 741 Γραφῆς
797 705 850 732 πά-

61 750 106 777 λαι
117 750 168 785 μὲν
176 751 295 786 ἀκήκοα,
305 751 354 780 νῦν
363 752 391 778 δὲ
401 753 430 778 ὲν
437 751 522 787 πείρᾳ
532 751 695 787 γεγένημαι.
706 752 850 778 Κωνσταν-

61 796 146 827 τίνος,
163 797 178 822 ὁ
193 798 243 832 τῆς
264 797 383 834 Εἰρήνης
410 796 566 832 ρἀαμνος,
580 792 613 823 οὗ
633 797 649 831 ἡ
676 796 767 828 πίστις
801 795 851 831 μὲν

62 841 131 877 ὀρθὴ
145 843 178 868 ἐκ
196 842 334 878 μητρικῆς
346 842 487 874 εὐσεϐείας
502 842 743 879 ὲσφραγισμένη,ό
757 842 813 877 βίος
822 841 850 868 δὲ

63 888 189 923 musa;
203 888 233 921 ἐξ
248 889 483 924 αὐτοκμτορικῆς
508 889 657 920 ἀκολασίας
671 889 850 924 οίστρηλατη-

64 935 160 970 μένος·
178 935 240 971 ἄρτι
255 936 309 971 γὰρ
325 937 468 972 κρατήσας
478 937 507 963 ιν
520 936 654 972 νεαζούσῃ
664 936 768 975 ἡλικίᾳ,
781 936 850 972 ὁμοῦ

898 340 955 376 jam
965 340 1080 368 dicendo
1091 340 1276 369 absolvimus:
1288 339 1420 377 quare.ad
1436 339 1463 367 id
1472 340 1545 375 quod
1554 339 1690 368 celebrius

900 387 954 414 fuit
971 387 1123 414 orationem
1144 391 1350 417 convertamus.
1369 386 1422 414 Sed
1436 387 1481 415 hic
1494 394 1580 426 prope
1612 385 1691 413 adest

901 437 932 460 ut
947 433 1138 468 ingemiscam,
1156 433 1301 463 veritatem
1325 433 1437 468 quidem
1468 433 1560 461 dicere
1594 440 1692 468 aggre-

900 478 989 511 diens,
1005 478 1109 506 invitus
1123 483 1214 508 tamen
1231 487 1288 506 rem
1307 483 1336 507 ut
1350 483 1411 507 acta
1427 483 1470 507 est
1482 486 1609 511 narrans,
1627 479 1692 505 dum

901 524 935 553 iis
950 524 1086 559 pareitum
1100 525 1180 560 cupio
1197 525 1243 559 qui
1263 525 1354 559 ipsam
1370 529 1496 560 egerunt.
1517 523 1634 557 Quando
1651 526 1694 550 ta-

900 577 964 597 men
981 568 1113 604 possibile
1127 577 1181 596 non
1199 574 1242 597 est
1254 570 1337 597 aliter
1354 569 1531 597 manifestare
1566 575 1599 596 ea
1630 563 1693 602 quae

900 614 1014 642 minime
1032 613 1164 642 occultari
1181 613 1292 647 debent,
1311 615 1441 649 quoniam
1463 614 1564 649 ubique
1581 613 1692 648 vulgata

898 660 955 695 jam
972 663 1047 691 sunt,
1063 659 1193 686 exordlor
1223 659 1282 694 ipsa
1301 659 1346 687 hic
1362 659 1537 692 describere;
1552 666 1607 685 non
1619 657 1693 685 utiis

901 706 947 741 qui
966 705 1092 740 impliciti
1112 705 1188 732 fuere
1202 705 1341 738 insultem,
1357 705 1405 733 sed
1436 709 1466 732 ut
1482 704 1555 732 beati
1565 704 1693 731 virtutem

901 751 1093 786 depraedicem.
1115 750 1160 778 Va:
1176 751 1234 783 tibi,
1254 755 1335 784 terra,
1355 751 1445 786 inquit
1461 751 1523 785 ille,
1553 751 1628 785 cujus
1646 757 1694 777 rex

901 805 966 832 puer
981 802 1019 824 est
1035 797 1065 824 ἰ
1086 797 1159 832 quod
1175 802 1266 825 autem
1283 798 1347 825 olim
1363 805 1396 825 ex
1411 797 1563 833 Scripturis
1589 797 1692 829 audivi,

901 850 975 870 nunc
990 843 1048 878 ipsa
1066 843 1151 871 didici
1167 843 1350 878 experientia.
1370 843 1580 877 Constantinus,
1602 842 1693 871 lrenes

901 889 1042 920 surculus.
1058 889 1138 924 cujus
1165 894 1239 916 recta
1253 889 1363 924 quidem
1380 897 1413 916 ex
1445 893 1567 916 materna
1593 888 1694 924 pietate

902 934 969 962 lldes
994 934 1055 967 fuit,
1088 935 1143 962 vita
1166 939 1256 962 autem
1274 935 1431 972 depravata,
1455 938 1583 970 tanquam
1608 938 1694 962 (nstro

63 981 115 1015 μὲν
131 981 181 1015 τῆς
198 981 329 1017 μητρῴας
350 981 442 1014 αἰδοῦς
464 982 512 1009 καὶ
536 982 660 1017 φυλακῆς
678 973 849 1018 ’ἀφηνιάσαῆ

905 980 1094 1008 stimulabatur
1139 981 1314 1016 imperatoria
1360 981 1526 1014 insolentia,
1568 988 1630 1008 cum
1666 980 1693 1008 in

62 1026 133 1061 ὁμοῦ
151 1027 180 1053 δὲ
194 1027 248 1053 τῶν
259 1027 307 1054 τοῦ
325 1027 393 1054 Θεοῦ
419 1028 509 1063 νόμων
532 1027 752 1064 ὑπερφρονήσας,
769 1027 852 1054 ὲκὸα-

62 1070 118 1097 λὼν
133 1071 183 1107 τὴν
205 1072 328 1107 νομίμως
349 1072 425 1108 αὐτῷ
445 1072 627 1106 συναφθετσαν
645 1073 774 1106 γυναῖκα,
792 1080 852 1107 μοι·

62 1117 140 1152 χεύει
154 1118 225 1150 κατὰ
238 1118 283 1145 τὸν
306 1117 439 1153 Ἡρώδην.
462 1118 542 1145 Ἀλλὰ
555 1118 628 1150 τίνος
640 1119 734 1145 ἕνεκεν
749 1119 766 1154 ἡ
782 1119 853 1144 ιστο-

64 1164 127 1199 ρία;
144 1164 206 1190 Ὀτι
223 1164 271 1191 τοῦ
291 1164 450 1200 Προδρόμου
466 1165 599 1201 ὀμόξηλος
620 1159 667 1191 καὶ
681 1165 695 1191 ό
716 1164 852 1200 ἡμέτερος

63 1201 226 1245 καθηγητὴς
247 1210 439 1245 πεφανέρωται
459 1219 527 1242 πως,
548 1210 659 1237 πάντων
676 1209 769 1244 σχεδὸν
788 1218 853 1236 συν-

63 1255 197 1285 ελθόντων
210 1256 243 1297 τῇ
257 1248 426 1291 παρανομίᾳ,
440 1255 530 1291 μόνος,
546 1256 584 1288 ὼς
602 1257 701 1288 εἰπεῖν,
712 1251 790 1287 οὗτος
804 1255 853 1282 σὺν

62 1299 119 1330 τοῖς
138 1298 236 1331 ἑαυτοῦ
249 1299 344 1325 παισὶν
355 1299 405 1326 είτ⁷
421 1299 468 1333 οὖν
481 1301 623 1334 φοιτηταῖς
634 1299 781 1336 ἀκλόνητος
796 1299 854 1326 δια-

65 1344 165 1384 μένων,
195 1345 265 1384 ὑπὲρ
290 1341 321 1371 οὗ
346 1345 398 1372 ὅσα
417 1346 466 1372 καὶ
489 1345 572 1381 ἡλίκα
590 1345 624 1377 δι’
639 1345 700 1377 ὅλου
727 1346 806 1378 ἔτους
817 1346 853 1373 τὰ

63 1383 256 1431 ἀγωνίσματα,
265 1391 348 1418 ἀκοαὶ
359 1391 403 1418 ἐπ’
410 1392 517 1425 ἀκοαῖς,
531 1392 644 1424 ἀπειλαὶ
656 1393 702 1419 ἐπ’
712 1392 851 1425 ἀπειλαῖς,

65 1437 218 1471 μαστίγων,
230 1437 354 1478 ὲξοριῶν,
370 1437 618 1472 ἀκρωτηριασμῶν.

903 1030 981 1053 aetate
1005 1026 1154 1054 admodum
1187 1025 1303 1061 juvenili
1342 1033 1458 1061 regnare
1483 1025 1622 1061 empisset,
1654 1025 1694 1052 si-

905 1071 961 1099 mul
980 1076 1008 1099 et
1023 1076 1153 1099 maternae
1174 1072 1336 1099 reverentia:
1370 1071 1556 1106 custodiaeque
1585 1070 1692 1098 frenum

905 1118 1059 1151 excutiens,
1075 1122 1103 1146 et
1117 1118 1164 1146 Dei
1184 1118 1270 1154 legem
1286 1123 1478 1148 contemnens.
1493 1118 1605 1145 ductam
1622 1116 1694 1152 legi-

906 1165 981 1193 timis
998 1165 1101 1200 nuptiis
1129 1164 1276 1200 conjugem
1294 1164 1463 1199 repudiavit,
1476 1169 1503 1191 et
1518 1163 1636 1192 Ilerodis
1653 1163 1696 1190 in-

905 1216 963 1240 star
981 1212 1135 1240 mtechatus
1152 1216 1195 1238 est
1219 1211 1289 1246 (l7).
1304 1210 1362 1238 Hoc
1376 1215 1468 1237 autem
1495 1218 1550 1245 quo
1573 1209 1696 1245 spectat?

904 1256 974 1289 Quia
991 1257 1079 1284 zelum
1097 1256 1243 1284 Prodromi
1276 1257 1368 1292 palam
1389 1259 1432 1284 est
1463 1257 1588 1283 imitatus
1615 1255 1695 1283 Pater

905 1309 1014 1335 uoster;
1044 1310 1162 1337 cumque
1178 1301 1235 1330 fere
1266 1309 1362 1330 omnes
1391 1301 1529 1336 iniqnitati
1558 1301 1696 1329 consenti-

904 1352 976 1381 rent,
993 1349 1071 1376 solus
1084 1348 1155 1383 ipse,
1170 1352 1201 1375 ut
1214 1348 1255 1376 sic
1267 1348 1370 1381 dicam,
1380 1355 1443 1375 cum
1457 1347 1552 1383 pueris
1564 1347 1634 1379 suis,
1647 1353 1695 1374 seu

905 1394 994 1421 mavis
1022 1393 1096 1426 ﬁliis,
1126 1393 1313 1421 inconcussus
1346 1393 1486 1428 perstitit:
1513 1393 1695 1427 quamobrem

905 1447 966 1474 quae
982 1443 1009 1466 et
1024 1443 1128 1473 quanta
1147 1446 1201 1465 non
1220 1438 1332 1466 l‘uerunt
1347 1446 1394 1473 per
1411 1442 1498 1466 totum
1530 1446 1615 1465 unum
1648 1446 1697 1464 au—

65 1490 132 1515 nnm
161 1483 304 1516 subeunda
339 1483 510 1516 certaminal
549 1490 677 1515 rumores
705 1489 789 1520 supra
814 1491 953 1517 rumores,
973 1484 1055 1511 mina:
1067 1491 1150 1518 supra
1167 1482 1617 1517 minas,verberum,exsiliorum,
1634 1490 1697 1510 mu-

66 1530 236 1560 tilationum.

100 1575 152 1608 κζ’.
176 1575 220 1607 Ὧς
237 1575 266 1602 δὲ
279 1575 355 1602 οὐδὲν
367 1576 492 1602 ἐντεῦθεν
518 1575 616 1610 ἠνύετο
632 1575 688 1603 τῶν
703 1575 853 1608 σπουδαζο-

66 1622 157 1656 μένων
171 1621 210 1656 τῷ
235 1621 367 1656 Καίσαρι,
382 1622 424 1656 ἐφ’
441 1623 535 1657 ¹ἕτερον
549 1622 655 1657 μέτεισι
668 1621 769 1657 τρόπον
781 1630 789 1637 ·
804 1622 854 1648 καὶ

65 1667 145 1703 ἦντὸ
164 1669 214 1703 μὲν
228 1668 321 1703 δρᾶμα
352 1669 426 1695 κατὰ
449 1669 480 1695 τὺ
503 1668 632 1704 ᾀδόμενον
653 1668 774 1702 ἑτέρων,
793 1667 854 1701 ἡδὲ

65 1714 126 1749 χεὶρ
146 1714 354 1749 ’Δεεσσαλὼμή
377 1714 456 1740 τοῦτο
478 1712 680 1749 πρακτεύουσα.
701 1713 772 1740 Ἰστε
791 1711 855 1744 τοὺς

68 1759 320 1794 παρα-πεμφθέντας
333 1759 509 1794 μονάζοντας,
519 1759 566 1785 καὶ
576 1758 610 1785 τὰ
621 1758 752 1790 σταλέντα
762 1757 855 1792 γράμ-

68 1814 151 1841 ματα.
168 1806 224 1839 Καὶ
245 1805 321 1842 τέλος
344 1805 438 1845 ἐπειδὴ
458 1806 505 1832 καὶ
526 1805 613 1837 ταῦτα
635 1804 708 1835 ἱωλα
731 1803 777 1835 καὶ
791 1802 856 1829 ἁὸέο

67 1851 142 1884 σω,
154 1850 202 1878 τοῦ
219 1851 325 1887 Πατρός
337 1851 371 1877 τὰ
386 1851 479 1879 δέοντα
491 1850 719 1886 ἀντεπιφέροντος
733 1848 781 1879 καὶ
792 1848 856 1874 ἀντ-ρ

67 1896 286 1930 επιστέλλοντος,
300 1897 316 1931 ἡ
332 1896 503 1930 ἀνακάλυψις
514 1896 564 1930 τῆς
573 1887 718 1930 βασιλικῆς
735 1893 855 1930 μορφῆς,

66 1942 160 1970 οὐκέτι
181 1941 275 1978 χώραν
300 1941 409 1978 ἔχοντος
426 1941 474 1968 τοῦ
499 1941 686 1977 προσωπείου,
700 1939 854 1976 φαίνεσθαι.

73 1987 172 2018 ’Λϐάλε
186 1987 222 2014 τὰ
246 1980 321 2018 τότε
338 1987 510 2025 γεγενημένα
527 1987 603 2022 παρὰ
627 1986 681 2014 τῶν
706 1985 857 2013 σταλέντων

66 2033 113 2060 δύο
145 2033 319 2071 στρατηγῶν,
341 2032 379 2072 ὡς
394 2033 441 2060 ἐπὶ
469 2033 607 2068 πολεμίων
626 2032 709 2059 τινῶν
725 2032 794 2068 πρὸς
810 2031 857 2059 τὸν

66 2078 168 2108 ἄοπλον
187 2078 323 2116 μοναστὴν
346 2078 394 2105 τοῦ
410 2077 538 2114 Χριστοῦ,
558 2078 608 2105 καὶ
632 2078 707 2114 μόνῳ
731 2077 771 2114 τῷ
790 2077 856 2113 θείῳ

66 2124 143 2159 νόμῳ
164 2123 361 2159 φραττόμενον.
381 2124 472 2160 Ἦρθη
504 2124 607 2160 ποιμὴν
627 2124 660 2151 ἑκ
687 2124 783 2159 μέσου,
809 2124 857 2150 καὶ

66 2169 267 2205 διεσκορπίσθη
281 2169 315 2198 τὰ
332 2170 456 2206 πρίδατα
473 2171 527 2197 ἀπὸ
547 2170 597 2205 τῆς
608 2170 726 2206 ποίμνης
739 2178 745 2185 ·
760 2170 786 2197 οἱ
805 2170 857 2205 μὲν

67 2216 237 2251 ὲτὺφὸησαν,
246 2216 321 2243 ἄλλοι
329 2215 567 2251 ὐπερωρίσθησαν,
579 2215 669 2255 ἕτεροι
677 2214 855 2250 ἐδιώχθησαν,

945 1572 991 1601 27.
1009 1571 1077 1599 Cum
1093 1577 1185 1598 autem
1216 1571 1258 1599 sic
1273 1571 1430 1600 nullatenus
1459 1571 1594 1600 intentum
1614 1579 1695 1600 suum

905 1622 1102 1652 assequeretur
1119 1617 1285 1651 imperator,
1303 1617 1337 1643 ad
1372 1615 1447 1644 aliud
1474 1623 1506 1644 se
1535 1616 1669 1644 convertit
1687 1625 1695 1643 :

905 1667 932 1691 et
945 1666 1004 1689 erat
1020 1662 1130 1697 quidem
1152 1662 1269 1689 aliorum
1287 1669 1357 1697 opus
1372 1670 1379 1695 ;
1394 1661 1441 1689 sed
1454 1662 1606 1689 secundum
1621 1661 1695 1689 illam

905 1708 1161 1737 decantatissimam
1179 1708 1205 1735 in
1225 1707 1379 1743 Scripturis
1404 1707 1578 1743 tragoediam,
1597 1715 1696 1736 manus

907 1754 1038 1781 Absalom
1053 1753 1171 1780 faciebat
1187 1753 1292 1780 omnia.
1320 1752 1404 1780 Scitis
1427 1753 1582 1781 submissos
1610 1752 1696 1780 fuisse

906 1799 1068 1830 monachos,
1088 1799 1166 1827 scitis
1193 1799 1299 1827 litteras
1326 1799 1453 1833 scriptas.
1478 1798 1603 1833 Cumque
1639 1799 1697 1825 hau:

905 1845 987 1872 etiam
1001 1844 1094 1871 inania
1121 1847 1148 1871 et
1176 1843 1285 1870 inﬁrma
1313 1850 1376 1870 esse
1404 1847 1560 1877 appareret,
1584 1841 1698 1869 Platone

907 1890 979 1924 quod
995 1896 1104 1924 aequum
1121 1892 1181 1916 erat
1195 1892 1392 1915 manutenente
1404 1891 1432 1915 et
1446 1887 1620 1923 praeferente,
1654 1894 1697 1914 Ie-

906 1936 1014 1963 velatus
1030 1940 1072 1963 est
1085 1935 1195 1962 tandem
1209 1935 1268 1969 ipse
1286 1934 1447 1969 imperator,
1467 1934 1514 1969 qui
1532 1934 1585 1961 sub
1603 1940 1698 1967 perso-

907 1989 941 2009 na
959 1981 1064 2009 diutius
1078 1981 1212 2008 occultari
1230 1988 1283 2008 nun
1298 1984 1418 2015 poterat.
1436 1979 1518 2007 Vahl
1538 1979 1574 2007 ob
1587 1986 1618 2007 ea
1630 1986 1692 2015 qua

907 2031 983 2063 gesta
1000 2034 1014 2054 ιι
1030 2026 1139 2053 duobus
1153 2025 1324 2053 exercituum
1338 2025 1467 2059 ducibus,
1485 2029 1616 2061 tanquam
1645 2025 1698 2052 τιά-

906 2080 1004 2101 versus
1031 2072 1124 2100 hostes
1152 2072 1286 2106 quosdam
1319 2071 1425 2104 missis,
1450 2076 1547 2099 contra
1571 2071 1695 2099 ineruem

906 2119 1010 2148 Christi
1025 2119 1205 2151 monachum,
1223 2123 1252 2146 et
1266 2118 1325 2146 sola
1335 2117 1382 2146 Dei
1398 2118 1457 2153 lege
1470 2117 1626 2146 defensum.
1642 2117 1696 2145 Su-

907 2166 999 2194 blatus
1018 2170 1061 2193 est
1079 2165 1112 2192 de
1124 2164 1214 2191 medio
1230 2168 1336 2199 pastor,
1347 2168 1376 2191 et
1389 2164 1521 2199 dispersae
1536 2167 1603 2191 sunt
1630 2170 1697 2191 oves

907 2212 1008 2248 gregis.
1028 2210 1061 2239 Et
1074 2211 1120 2238 alii
1136 2210 1246 2245 quidem
1257 2210 1485 2241 verberabantur.
1502 2209 1695 2245 relegabantur

67 2263 116 2288 καὶ
130 2262 195 2295 τόγε
212 2260 402 2299 ἐλεεινότερον,
414 2261 554 2295 θέσπισμα
569 2260 708 2296 βασιλικὸν
724 2260 853 2296 ἀπροσδέμ

909 2258 969 2290 alii,
983 2257 1076 2284 caeteri
1107 2257 1327 2292 persecutionem
1346 2255 1539 2289 sustinebant;
1567 2255 1697 2290 quodque

68 2312 150 2339 κτους
165 2304 235 2333 εἶναι
252 2305 390 2346 πανταχοῦ
405 2307 468 2337 τοὺς
475 2306 519 2337 διὰ
533 2305 636 2341 Κύριον
649 2306 856 2341 δεδιιιι›γιι.ένι.›υς⁹

67 2352 116 2379 καὶ
133 2351 294 2386 ὑπήκουσάν
318 2359 350 2385 γε
369 2351 394 2377 οἱ
419 2351 474 2378 τῶν
496 2352 615 2391 σεμνίων
649 2353 856 2392 προϊστάμενοι,

68 2398 118 2424 καὶ
137 2397 252 2429 σπάνιος
265 2398 279 2423 ό
291 2396 452 2432 ἀποτολμῶν
469 2397 641 2430 εἰσδέξασθαι
655 2405 662 2413 '
676 2398 723 2424 καὶ
739 2397 857 2434 Χριστδς

68 2442 228 2474 ἐκάθευδεν,
240 2442 274 2468 δι’
286 2441 333 2473 οὓς
352 2439 425 2469 οἶδεν
440 2441 569 2476 τρόπους,
594 2442 749 2478 δοκιμάζων
767 2443 799 2470 τὰ
815 2451 858 2477 γι-

67 2489 202 2523 γνόμενα,
213 2487 267 2514 τῶν
282 2487 333 2522 μὲν
350 2487 504 2522 βασανίζων
527 2487 574 2514 τὸν
594 2487 662 2523 πρὸς
676 2488 757 2515 αὐτὸν
772 2487 855 2520 πόθον

69 2533 95 2559 εἰ
107 2533 275 2568 ὲπιμὲνοιεν,
289 2531 345 2559 τῶν
359 2531 387 2558 δὲ
402 2532 432 2559 τὸ
459 2532 643 2567 ἀπάνθρωπον
670 2532 856 2568 οἰκτιζόμενος

70 2579 196 2612 ἐνεγκεῖν
215 2578 256 2610 εἰς
277 2578 440 2614 μετάμελον,

108 2713 119 2729 ⁸
133 2711 224 2740 Eecle.
240 2719 268 2744 ς,
282 2711 324 2738 Νι.

908 2303 1062 2333 mirabilius
1081 2302 1145 2335 luit,
1157 2301 1312 2330 Cmsareum
1327 2302 1448 2330 edictum
1465 2305 1524 2330 erat
1538 2309 1573 2329 ne
1588 2301 1696 2336 uspiam

908 2349 1107 2384 reciperentur,
1123 2347 1171 2383 qui
1185 2349 1251 2376 talia
1265 2347 1440 2383 patiebantur
1468 2352 1578 2383 propter
1602 2346 1696 2374 Domi-

908 2401 994 2427 num;
1010 2397 1039 2421 et
1056 2393 1145 2421 edicto
1157 2393 1197 2420 illi
1216 2393 1352 2428 parebant
1365 2393 1496 2428 praesides
1508 2393 1695 2420 monasterio-

908 2447 982 2471 rum,
998 2439 1066 2466 adeo
1091 2444 1122 2466 ut
1133 2439 1178 2468 vix
1204 2440 1277 2467 ullus
1304 2439 1485 2471 inveniretur,
1508 2438 1555 2473 qui
1582 2437 1696 2466 auderet

908 2485 1031 2521 przebere
1049 2489 1198 2520 receptum.
1215 2484 1343 2512 Christus
1362 2488 1453 2512 autem
1479 2483 1643 2516 dormiebat,
1659 2483 1696 2511 ob

910 2534 990 2558 notas
1007 2530 1060 2557 sibi
1076 2538 1176 2558 causas
1190 2539 1198 2564 ;
1211 2530 1311 2557 horum
1334 2529 1448 2565 quidem
1471 2529 1498 2556 in
1511 2537 1541 2557 se
1573 2529 1695 2564 probans

909 2584 1045 2609 amorem,
1061 2584 1095 2604 an
1111 2580 1184 2604 esset
1199 2579 1343 2608 constans,
1354 2575 1469 2605 illorum'
1480 2582 1544 2603 vero
1558 2575 1696 2603 miserans

910 2623 1150 2656 iuliumanitatem.
1177 2628 1207 2652 ut
1229 2631 1278 2652 eos
1309 2623 1343 2651 ad
1373 2622 1562 2658 pcenilentiam
1595 2629 1699 2658 provo—

911 2674 994 2701 caret.

839 2752 953 2783 ΝΟΤΕ.

109 2811 603 2851 (17)Copi-lavitsibiponslantinus
629 2810 768 2846 illegitimo
803 2809 930 2846 coniugio
958 2811 1117 2842 Thcodoten
1147 2813 1353 2848 cubicularium,
1385 2821 1478 2843 mensc
1495 2813 1630 2850 Augusto,
1648 2814 1692 2846 iu-

72 2847 190 2883 die‘uo'nc
204 2847 232 2882 3‘,
247 2858 291 2877 an.
309 2850 370 2877 795.
392 2849 458 2876 Vide
472 2847 677 2887 Theophanem.
726 2854 729 2855 ν
