1924 3077
234 119 286 152 831

831 118 863 150 S.
878 116 1077 148 THEODORI
1096 117 1270 148 STUDlTxﬁ

1812 116 1865 148 832

269 176 315 205 28.
331 175 403 210 Quid
416 180 507 204 autem
517 175 619 205 athleta
632 175 736 204 Christi
748 175 761 202 ἲ
778 174 912 203 Avellitur
927 179 1024 210 sponte

1111 178 1163 210 κη’.
1183 175 1216 200 Τί
1231 173 1276 202 οὖν
1294 175 1309 201 6
1325 173 1372 201 τοῦ
1387 173 1507 210 Χριστοῦ
1523 174 1642 210 ἀθλητής
1653 174 1865 210 ;“Λποτέμνεται

235 230 251 251 a
271 222 390 258 propriis
405 222 549 254 membris,
569 222 702 256 sidusque
719 221 935 256 derelinquitur,
963 221 1024 248 ani-

235 276 308 298 mam
325 275 403 295 suam
417 275 525 302 ponens
543 275 594 302 pro
607 268 707 295 ovibus
722 267 791 298 suis,
820 267 898 301 juxta
933 266 1025 293 Evan-

234 314 348 349 gelium.
365 317 460 348 utpote
480 320 544 340 vere
566 318 660 348 pastor
675 313 775 340 bonus.
793 311 920 339 Violenta
942 319 1024 339 manu

235 359 268 387 ad
289 359 426 386 Caesarem
442 359 552 386 ducitur
568 367 575 386 :
595 359 700 388 resistit
715 359 742 386 in
771 358 881 391 faciem,
894 358 1025 386 audacter

236 406 312 438 dico,
328 405 402 432 velut
417 406 487 432 alter
504 405 626 433 Joannes
657 405 758 433 Christi
786 405 964 440 prodromus,
991 412 1025 431 eo

236 451 324 479 solum
340 457 465 486 excepto,
483 452 557 487 quod
575 452 620 479 hic
640 459 692 479 suo
712 451 812 486 ipsius,
835 451 892 485 ipse
908 451 1024 478 alterius

235 497 319 525 ductu
334 498 417 525 venit.
435 497 458 525 0
471 498 578 525 virilem
596 498 737 524 animum!
754 496 814 524 Non
829 501 872 524 est
890 497 1024 524 reveritus

236 543 410 578 maiestatem
434 544 556 579 imperii,
577 551 632 571 non
662 542 820 570 formidavit
847 543 947 575 minas,
971 550 1025 570 non

235 595 279 617 est
290 589 430 617 emollitus
442 589 594 621 blanditiis,
606 588 688 624 idque
703 596 766 616 cum
779 596 812 616 ex
826 596 877 616 suo
890 588 1025 624 sanguine

235 638 309 661 esset
322 634 421 661 mulier
437 641 498 668 quae
514 633 694 660 Herodiadem
723 632 862 660 referebat
880 640 888 658 :
907 632 954 659 sed
973 632 1026 658 im-

235 681 399 716 perterritus
415 680 616 715 pronuntiavit,
641 684 669 707 et
687 686 740 706 non
767 678 878 706 erubuit
912 678 1024 705 verbum

235 725 371 752 veritatis.
388 724 462 751 Dixit
480 724 638 752 Przrcursor
659 724 767 752 Domini
784 732 791 750 :
814 723 876 751 Non
895 723 955 751 licet
979 724 1025 750 tibi

236 770 331 797 habena
343 777 452 797 uxorem
467 769 584 804 Philippi
597 770 740 805 fratristui
760 771 770 786 '
788 779 795 797 :
820 770 923 798 similia
951 770 1026 797 illius

236 816 362 843 imitator
377 816 456 848 dixit,
474 815 508 842 ad
521 823 584 843 eum
605 816 653 851 qui
667 815 787 843 similem
803 822 833 843 se
855 814 957 842 Herodi
987 814 1026 842 fe-

237 865 322 894 cerat,
340 863 429 897 capite
445 867 536 889 tamen
546 862 670 889 minutus
685 869 739 889 non
754 867 798 890 est
813 869 821 888 :
842 860 931 889 noluit
953 861 1025 888 enim
1042 855 1064 882 Β

237 908 398 943 imperator.
423 908 655 944 quemadmodum
669 907 846 943 praedixerat,
873 912 1024 943 martyrem

237 955 340 987 facere,
353 957 386 982 ad
407 955 533 982 ultimum
550 959 690 982 certamen
703 955 842 981 voluntate
857 958 1024 988 promptum.

236 1000 429 1028 Confessorem
447 1008 537 1028 tamen
549 1000 661 1035 _Christi
694 1000 769 1032 fecit,
795 1000 877 1027 etiant
907 999 1025 1032 nolens,

235 1047 359 1074 veritatis
372 1048 545 1080 thesaurum,
560 1051 591 1074 ut
619 1046 773 1074 maleﬁcum
790 1045 939 1078 hominem,
960 1053 1026 1073 con<

235 1093 351 1120 eludens
368 1093 477 1125 cellula,
499 1093 646 1128 clavesque
677 1100 761 1127 supra
786 1092 877 1120 claves
907 1099 1024 1127 ponens,

235 1144 262 1165 et
275 1139 374 1173 jubens
391 1146 438 1172 per
455 1143 603 1173 angustum
622 1136 746 1164 foramen
757 1136 850 1164 cibum
867 1137 891 1164 ei
911 1136 1024 1172 praeberi

235 1185 277 1212 sic
291 1189 321 1212 ut
342 1191 358 1211 a
393 1184 503 1212 nemine
525 1184 648 1219 conspici
662 1187 766 1219 posset,
787 1190 868 1218 quem
897 1181 1025 1210 Christus

235 1231 406 1258 intuebatur.

269 1275 315 1302 29.
333 1275 384 1308 Qui
396 1279 486 1302 autem
518 1275 545 1301 in
576 1275 620 1302 his
646 1274 868 1310 cooperabantur
896 1273 998 1303 Caesari
1015 1296 1024 1309 ,

235 1325 314 1348 erant
329 1321 531 1348 monachorum
564 1320 714 1356 praesides,
739 1327 860 1356 quorum
892 1321 1025 1348 erubesco

235 1367 360 1402 proferre
376 1367 500 1395 nomina.
519 1367 621 1395 Carcer
645 1375 722 1401 vero,
739 1375 756 1395 ο
789 1375 847 1395 rem
872 1368 1022 1395 miseram!

235 1419 329 1440 carcer
345 1415 414 1443 erat,
428 1411 586 1439 miserabile
607 1413 806 1440 monasterium
827 1407 914 1448 ipsius
930 1413 1024 1447 palatii

236 1456 380 1484 Echecolla
397 1457 741 1490 dictum,custoscarceris
758 1458 952 1491 admirandus,
966 1458 1024 1493 ipse

234 1502 282 1537 qui
301 1502 423 1529 moechos
441 1507 633 1531 coronaverat.
652 1503 709 1531 Heu
728 1511 772 1531 me
788 1505 795 1531 ι
814 1504 970 1532 exclamare
981 1504 1023 1531 lu-
1037 1521 1061 1552 ο

235 1547 281 1574 bet
309 1555 372 1575 cum
394 1547 543 1583 Propheta.
565 1548 649 1575 Periit
671 1554 778 1576 sanctus
793 1549 825 1577 de
842 1553 922 1583 terra,
937 1554 962 1576 et
982 1557 1023 1577 re-

235 1598 292 1620 cttu
312 1594 340 1620 in
351 1593 500 1621 hominibus
515 1602 567 1622 mm
583 1599 622 1621 ut
639 1595 672 1622 ".
688 1595 758 1628 Quid
775 1602 850 1622 nunc
868 1603 932 1623 eum
950 1603 1025 1623 com-

235 1646 386 1666 memorem
399 1658 408 1671 ,
424 1639 471 1674 qui
491 1644 616 1668 sanctum
632 1640 845 1668 custodiendum
861 1640 974 1668 tradidit
991 1640 1025 1667 il-

235 1684 375 1713 licitarum
409 1686 568 1721 nuptiarum
595 1686 767 1714 conciliatori
790 1685 866 1722 (18);
887 1691 935 1714 aut
961 1694 1024 1714 eum

235 1731 281 1766 qui
301 1732 404 1760 missus
418 1732 453 1760 ah
481 1733 647 1768 imperatore
676 1733 851 1768 przesumpsit
881 1733 1023 1760 innoxium

232 1777 381 1812 judicare?
394 1777 465 1810 Quid
488 1777 639 1813 Episcopos
655 1778 744 1805 dicam
768 1786 784 1805 a
805 1778 914 1806 Caesare
943 1778 1026 1814 depu-

235 1826 318 1854 tatus,
336 1827 366 1850 ut
381 1823 441 1850 solo
469 1823 552 1849 verbo
579 1822 735 1850 consentire
757 1823 863 1857 justum
893 1822 1024 1857 lacerent,

233 1874 381 1901 eutuquea
401 1874 513 1895 carcere
533 1867 678 1895 liberatum
706 1868 878 1897 dimitterent
889 1877 933 1897 res
960 1877 1025 1899 suas

235 1919 286 1947 pro
301 1912 416 1941 arbitrio
434 1912 655 1940 administrare?
673 1912 744 1946 Quid
754 1913 876 1949 denique
905 1914 1024 1942 subsan-

234 1962 334 1986 nantes
361 1958 386 1985 ei
417 1966 450 1985 ac
482 1958 659 1987 detrahentes
693 1966 876 1992 recenseam,
893 1960 1025 1996 sangtdne

235 2005 397 2038 mnjunctos
410 2009 438 2032 et
454 2004 569 2037 alienos,
586 2004 681 2033 habitu
702 2005 808 2034 similes
823 2010 852 2034 et
865 2006 1024 2036 dissimiles.

234 2050 257 2079 0
282 2051 497 2079 absurditatem!
514 2056 563 2079 aut
579 2051 672 2086 potius
689 2051 820 2087 injuriam
848 2052 949 2080 factam
977 2061 1024 2081 ve—

235 2097 328 2125 ritati!
347 2097 449 2126 Deiirio
467 2104 632 2131 generosum
657 2097 748 2125 virum
784 2097 945 2133 arguebant,
977 2099 1024 2134 qui

233 2143 402 2170 adulterium
421 2143 551 2171 volebant
573 2143 731 2178 conjugium
768 2143 876 2171 videri:
915 2151 1024 2179 sparge-

1075 221 1131 248 τῶν
1144 221 1254 248 οἰκείων
1277 219 1367 256 μελῶν
1383 220 1536 256 ἐθελοντὴς,
1557 221 1799 257 καταλιμπάνεται
1816 230 1865 255 μο-

1075 265 1195 298 νώτατος
1207 266 1257 302 τὴν
1270 266 1360 302 ψυχὴν
1377 266 1434 298 θεὶς
1449 265 1520 302 ὑπὲρ
1538 266 1594 293 τῶν
1623 267 1781 302 προϐάτων,
1797 267 1866 294 κατὰ

1074 312 1105 339 τὸ
1120 312 1297 347 Εὑαγγέλιον,
1310 313 1325 339 6
1335 312 1373 344 ὡς
1389 312 1498 348 ἀληθῶς
1525 313 1629 348 ποιμὴν
1645 313 1757 347 ἀγαθὸς,
1770 314 1866 347 ἄγεται

1074 358 1121 385 ἐπὶ
1134 359 1180 385 τὸν
1194 358 1323 393 Καίσαρα
1338 358 1392 385 ὑπὸ
1401 358 1516 394 βριαροῦ
1525 359 1630 395 χειρὸς,
1654 359 1778 395 είςτήκει
1792 359 1864 386 κατὰ

1075 403 1231 436 πρόσωπον,
1252 404 1277 430 εί
1294 403 1340 430 καὶ
1355 403 1492 440 τολμηρὸν
1512 404 1610 436 εἰπεῖν,
1631 401 1687 431 οἷον
1707 405 1835 440 Ἰωάννης
1853 406 1867 432 6

1076 449 1234 484 Πρόδρομος
1247 448 1294 475 τοῦ
1309 449 1424 484 Κυρίου,
1439 449 1509 484 πλὴν
1517 450 1579 476 ὅσον
1588 449 1602 475 6
1615 449 1665 485 μὲν
1676 449 1865 485 αὐτοκίνητος,

1075 495 1089 520 6
1107 493 1135 520 δὲ
1156 495 1357 530 ὲτεροκίνητος.
1376 494 1409 521 Ὢ
1434 495 1482 530 τῆς
1507 495 1641 531 ἀνδρικῆς
1665 495 1800 530 καρδίαςι
1818 497 1868 531 οὐχ

1076 539 1231 575 ὑπέπτηξεν
1250 540 1289 576 τῷ
1304 540 1409 576 κράτει,
1432 541 1483 568 οὐκ
1501 541 1632 568 ἐνέδωκεν
1645 543 1704 574 ταῖς
1730 542 1855 573 ἁπειλαῐ;

1075 583 1125 609 οὐκ
1144 583 1286 620 ἐχαυνώθη
1317 586 1378 617 ταῖς
1397 586 1584 621 πειθανότησι,
1605 585 1653 612 καὶ
1675 585 1764 613 ταῦτα
1784 586 1867 622 οὔσης

1075 629 1122 664 ἀφ’
1137 630 1254 665 αἶματος
1276 631 1326 666 τῆς
1349 632 1382 667 τῇ
1408 631 1554 667 Ἡρωδιάδι
1581 631 1793 667 ὀμογνὼμονος·
1809 632 1868 659 ἀλλ’

1076 675 1208 711 ὲφϐέξατο
1222 677 1355 712 ἀτρέμας,
1374 677 1432 704 ἀλλ’
1446 677 1622 712 ὡμολόγησεν
1643 677 1868 713 ἀνεπαισχύντως

1077 721 1123 748 τὸν
1139 721 1218 757 λόγον
1230 723 1278 757 τῆς
1291 723 1430 758 ἀληθείας.
1446 721 1530 750 Εἶπεν
1545 725 1558 750 6
1569 723 1616 751 τοῦ
1632 723 1734 759 Κυρίου
1748 724 1868 759 Πρόδρο-

1078 775 1138 802 μος·
1156 768 1217 795 οὐκ
1230 768 1352 801 ἔξεστίν
1363 777 1412 796 σοι
1422 769 1505 804 ἔχειν
1513 769 1641 805 γυναῖκα
1649 770 1799 797 Φιλίππου
1815 769 1867 796 τοῦ

1076 815 1212 850 ἀδελφοῦ
1219 814 1376 844 σου-Εἶπεν
1385 818 1431 843 καὶ
1437 818 1450 843 6
1457 817 1553 844 τούτου
1563 816 1724 853 μιμητὴςτὰ
1731 815 1868 851 ἐφάμιλλα

1078 861 1147 897 πρὸς
1158 863 1204 889 τὸν
1220 863 1342 899 Ἡρώδου
1355 863 1447 899 ὅμοιον
1459 872 1465 879 ·
1484 865 1532 891 καὶ
1551 864 1682 898 τέμνεται
1697 863 1747 897 μὲν
1757 864 1808 898 τὴν
1822 871 1868 889 κε-

1077 908 1165 943 φαλὴν
1184 908 1320 944 οὐδαμῶς,
1336 910 1377 936 ὅτι
1394 910 1461 945 μηδὲ
1479 909 1611 945 ὴΰούλετο
1629 910 1643 936 6
1663 910 1774 944 Καῖσαρ
1790 909 1868 944 μάρ-

1076 961 1146 989 τυρα
1157 954 1268 981 τελέσαι
1284 955 1329 981 τὸν
1343 957 1377 991 τῇ
1393 955 1552 991 προαιρέσει
1566 954 1733 990 ἀθλήσαντα,
1747 954 1785 985 ὡς
1801 962 1868 989 προ-

1076 997 1167 1026 λαϐὼν
1201 1000 1403 1036 ἀπεφθέγξατο,
1419 1000 1589 1037 ὁμολογητὴν
1621 1001 1649 1027 δὲ
1678 1000 1797 1036 Χριστοῦ
1822 1001 1869 1026 καὶ

1077 1045 1116 1081 μὴ
1132 1045 1294 1082 βουλόμενος
1304 1046 1446 1079 ἀπέδειξεν
1458 1066 1465 1078 ,
1477 1047 1625 1083 καθείρξας
1639 1048 1668 1074 ὲν
1679 1046 1796 1082 οἰκίσκῳ
1815 1048 1869 1073 τινὶ

1075 1091 1114 1122 ὡς
1124 1091 1279 1127 κακοῦργον
1292 1093 1340 1120 τὸν
1355 1093 1492 1129 θησαυρὸν
1509 1094 1560 1129 τῆς
1572 1092 1713 1129 ἀληθείας,
1731 1092 1810 1124 κλεῖς
1821 1093 1868 1119 ἐπὶ

1075 1136 1164 1164 κλεισὶ
1177 1137 1300 1172 θέμενος,
1316 1138 1365 1165 καὶ
1378 1138 1411 1165 δι’
1435 1140 1505 1174 ὀπῆς
1520 1138 1570 1174 τὴν
1590 1138 1694 1174 τροφὴν
1707 1138 1869 1174 πορίζεσθαι

1075 1182 1258 1215 κεκελευκὼς,
1274 1183 1343 1220 πρὸς
1357 1184 1387 1211 τδ
1402 1184 1450 1211 ὑπ’
1466 1184 1573 1216 οὐδενὸς
1583 1183 1698 1220 ὁρᾶσθαι
1712 1184 1768 1211 τῶν
1779 1184 1870 1211 ἄλλων

1076 1228 1204 1256 ἁπάντων
1220 1229 1267 1256 τὸν
1283 1229 1336 1256 ὑπὸ
1349 1230 1451 1266 Κυρίου
1466 1230 1616 1266 ὁρώμενον.

1111 1275 1162 1302 κθ’,
1180 1274 1235 1302 Καὶ⁴
1249 1275 1273 1301 al
1287 1274 1494 1311 συναιρούμενοι
1509 1274 1548 1310 τῷ
1568 1274 1689 1311 Καίσαρι
1713 1274 1770 1301 τῶν
1783 1283 1870 1309 μονα⁸

1076 1320 1147 1347 στῶν
1164 1320 1190 1347 οἱ
1205 1320 1379 1356 προέχοντες,
1394 1317 1432 1347 ὧν
1451 1320 1636 1356 αίσχυναίμην
1655 1321 1744 1346 εἰπεῖν
1765 1320 1802 1346 τὰ
1814 1319 1871 1346 6V4-

1077 1374 1151 1401 ματα
1164 1374 1172 1381 ’
1191 1365 1240 1392 καὶ
1259 1366 1276 1400 ἡ
1297 1365 1405 1401 είρκτὴ,
1420 1365 1450 1392 τὸ
1473 1365 1594 1400 σχέτλιον
1614 1366 1802 1401 μοναστήριον
1816 1364 1870 1391 τῶν

1076 1411 1221 1447 βασιλείων
1239 1411 1385 1447 Ἑχέκῡλλα
1398 1411 1446 1446 (g),
1465 1412 1513 1438 καὶ
1527 1411 1542 1437 ὁ
1557 1410 1870 1447 θαυμαστὸςξφρούραρ-

1075 1465 1123 1492 χος
1143 1458 1157 1484 6
1182 1457 1246 1489 τοὺς
1274 1457 1463 1493 μοιχωμένους
1491 1456 1743 1491 καταστεψάμενος.
1767 1457 1869 1491 Οῐμοιῐ

1078 1505 1148 1539 μετὰ
1163 1506 1209 1532 τοῦ
1223 1506 1364 1540 προφήτου
1380 1504 1524 1540 βοήσομαι,
1538 1504 1580 1531 ὅτι
1600 1504 1630 1531 Ἀ
1637 1505 1777 1531 addc-Mer
1791 1506 1812 1532 ό
1822 1506 1870 1532 εὑ-

1076 1550 1177 1584 λαϐὴς
1188 1551 1248 1577 ἀπὸ
1261 1550 1318 1584 τῆς
1334 1549 1401 1585 τῆς,
1422 1550 1473 1577 καὶ
1498 1551 1515 1577 ό
1529 1549 1682 1584 κατορθῶν
1699 1549 1734 1576 ἐν
1753 1550 1871 1585 ἀνθρώ-

1076 1605 1144 1630 ποις
1161 1598 1216 1623 οὐκ
1229 1596 1325 1624 ἔστιν.
1338 1596 1371 1623 Τί
1387 1595 1442 1632 γὰρ
1455 1596 1503 1623 καὶ
1517 1596 1589 1622 ιῖπω
1609 1597 1654 1622 τδν
1666 1595 1871 1630 παραδώσαντα

1075 1641 1121 1668 τὸν
1148 1640 1226 1675 ἅγιον
1252 1641 1292 1676 τῷ
1309 1641 1492 1677 μοιχοζεύκτῃ
1511 1642 1553 1674 είς
1576 1642 1608 1668 τὸ
1625 1641 1820 1677 φρουρηθῆναι
1833 1641 1870 1675 ;ἣ

1076 1687 1122 1714 τὸν
1138 1689 1376 1723 προανακρίναντα
1393 1687 1422 1721 ἐξ
1434 1687 1585 1724 ἀποστολῆς
1602 1687 1649 1714 τοῦ
1674 1687 1812 1722 βασιλέως
1828 1687 1870 1714 τὶν

1076 1731 1241 1765 ἁνεύθυνον;
1256 1732 1272 1768 ἢ
1285 1733 1349 1764 τοὺς
1366 1732 1435 1767 μετά
1451 1732 1501 1767 τὴν
1517 1731 1631 1768 εἱρκτὴν
1650 1731 1871 1766 παραπεμφθέν‹

1076 1786 1124 1810 τας
1136 1778 1204 1813 πρὸς
1216 1777 1263 1805 τοῦ
1279 1778 1419 1814 Καίσαρος
1443 1778 1573 1814 ῑεράρχας
1597 1777 1637 1809 είς
1648 1777 1678 1804 τὺ
1699 1776 1771 1812 λόγῳ
1789 1777 1871 1812 μόνον

1077 1823 1224 1851 συνθέσθαι
1248 1824 1295 1851 τὸν
1321 1824 1437 1857 δίκαιον,
1452 1823 1502 1859 τῆς
1530 1831 1560 1850 τε
1583 1822 1708 1857 φυλακῆς
1722 1822 1769 1848 τοῦ
1789 1822 1871 1857 χάριν

1077 1869 1221 1904 ἀφεθῆναι,
1254 1870 1302 1896 καὶ
1331 1870 1441 1896 πάντων
1461 1869 1515 1896 τῶν
1538 1868 1648 1895 οἰκείων
1673 1867 1871 1902 δεσπόζειν;ῆ

1075 1916 1138 1947 τοὺς
1155 1915 1254 1949 ἔξωθεν
1268 1914 1446 1946 σκὼπτοντάς
1476 1923 1506 1941 τε
1518 1914 1567 1941 καὶ
1588 1912 1778 1949 διασύροντας,
1796 1913 1873 1949 ὁμαί-

1076 1962 1160 1998 μονάς
1172 1970 1202 1988 τε
1217 1961 1264 1988 καὶ
1279 1961 1329 1996 οὐχ
1341 1961 1504 1997 ὁμαίμονας,
1522 1960 1696 1996 ὀμοσχήμους
1706 1967 1737 1985 τε
1752 1959 1805 1986 καὶ
1814 1960 1872 1986 ἑτε-

1076 2008 1233 2044 ροσχήμους
1244 2016 1252 2042 ;
1273 2008 1306 2034 Ὠ
1314 2007 1363 2042 τῆς
1377 2007 1504 2039 ἀτοπίας,
1519 2005 1620 2042 μᾶλλον
1629 2005 1658 2032 δὲ
1672 2005 1721 2040 τῆς
1733 2005 1810 2032 κατὰ
1823 2005 1871 2038 τῆς

1075 2052 1206 2088 ἀληθείας
1237 2051 1423 2088 ἐξυϐρίσεωςί
1446 2052 1596 2078 Ἔκστασιν
1623 2050 1800 2086 κατηγόρουν
1825 2051 1871 2077 τοῦ

1075 2099 1201 2134 γενναίου
1218 2100 1242 2126 οἱ
1281 2098 1498 2134 μοιχαλλοίωτοι,
1520 2097 1671 2131 κενοδοξεῖν
1695 2097 1871 2132 ἐπεφήμιζεν

1076 2143 1122 2170 τὸν
1134 2142 1205 2178 ὑπὲρ
1222 2142 1341 2179 Χριστοῦ
1356 2142 1435 2177 δόξης
1447 2141 1684 2176 ὲναγωνιζόμενον
1698 2142 1722 2167 οί
1735 2141 1782 2168 διὰ
1795 2142 1826 2167 τὸ
1837 2142 1871 2167 τὰ

232 2188 300 2216 bant
314 2189 388 2216 inani
406 2189 493 2224 gloria
507 2189 570 2216 duci
584 2196 632 2224 pro
646 2188 758 2216 Christo
783 2189 982 2222 decertantem,
1005 2190 1023 2217 ii

1077 2188 1146 2224 προς
1165 2188 1312 2224 ἀρέσκειαν
1325 2188 1371 2215 τοῦ
1390 2187 1531 2223 Καίσαρος
1559 2187 1690 2222 πράττειν
1703 2195 1733 2213 τε
1752 2188 1805 2213 καὶ
1829 2187 1868 2213 λέ-

233 2235 281 2269 qui
292 2234 385 2261 studio
395 2234 492 2269 agendi
508 2234 692 2268 loquendique
702 2242 735 2261 ex
749 2234 888 2262 voluntate
910 2235 1028 2263 Caesaris

233 2280 391 2307 exciderant
422 2279 529 2306 Domini
545 2278 588 2306 sui
605 2279 733 2314 imperio.
754 2279 894 2307 Sustinuit
927 2281 1026 2310 nihilo-

234 2325 325 2361 minus
355 2325 534 2353 inhumanam
567 2325 700 2360 temporis
736 2325 811 2352 illius
837 2326 1024 2354 calamitatem

233 2371 338 2398 athleta
361 2371 478 2404 Christi,
494 2371 583 2399 solam
601 2371 714 2398 intuens
729 2370 871 2399 veritatem
897 2375 926 2399 et
943 2373 1024 2400 retri-

267 2440 279 2456 ⁹
296 2438 379 2467 Marc.
396 2447 434 2472 vi,
451 2439 496 2467 l8.
535 2439 557 2456 ι’
576 2438 659 2466 Mich.
674 2439 763 2471 vn,2.

1077 2244 1136 2270 γειν
1150 2236 1200 2270 τῆς
1223 2235 1384 2266 δεσποτείας
1405 2234 1510 2269 Κυρίου
1535 2233 1727 2265 ἐκπίπτοντες.
1746 2233 1870 2268 Ἐφερεν

1075 2282 1102 2308 δὲ
1116 2282 1191 2316 ὅμως
1205 2281 1254 2316 τὴν
1271 2279 1455 2315 ἀπάνθρωπον
1468 2279 1515 2306 τοῦ
1537 2278 1635 2314 καιροῦ
1661 2278 1748 2314 φορὰν
1773 2279 1790 2304 6
1805 2279 1871 2313 Χρι-

1076 2327 1140 2354 στοῦ
1153 2326 1336 2362 θεραπευτὴς,
1351 2326 1419 2361 πρὸς
1433 2325 1462 2352 ἒν
1486 2326 1568 2359 μόνον
1592 2324 1703 2351 σκοπῶν
1727 2324 1780 2359 τὴν
1803 2324 1870 2358 ἀλή-

1074 2372 1150 2399 θειαν
1165 2372 1213 2399 καὶ
1225 2372 1274 2408 τὴν
1290 2372 1360 2407 ὑπὲρ
1377 2372 1463 2408 αὐτῆς
1474 2370 1653 2398 ἀνταπόδοσιν
1664 2378 1672 2386 ·
1686 2370 1734 2398 καί
1748 2379 1783 2405 τε
1792 2369 1868 2405 διῆλ-

996 2500 1109 2530 NOTAE.

268 2572 308 2608 ω)
340 2572 459 2609 Sirletus
475 2571 586 2609 videtur
597 2571 726 2609 ἑνεκόλλα
736 2571 846 2609 legisse,
860 2572 933 2609 quod
957 2572 1048 2609 ipsum
1071 2580 1121 2609 ego
1141 2581 1251 2609 quoque
1271 2575 1374 2603 credidi
1393 2575 1637 2604 substituendum:
1660 2582 1736 2603 nunc
1751 2581 1830 2607 vero,
1844 2573 1866 2599 si

231 2607 408 2646 plufeatjpsi
419 2607 507 2646 nostri
522 2607 650 2646 ecgraphi
666 2607 818 2646 _scriptioni
830 2607 974 2646 inhaerere,
995 2607 1042 2634 ubi
1056 2607 1184 2643 expresse
1203 2607 1250 2644 per
1263 2611 1444 2646 maiusculam
1460 2611 1578 2639 litteram
1594 2611 1679 2646 (quod
1690 2610 1762 2637 alias
1774 2615 1867 2646 rarum

232 2642 258 2681 et
273 2643 348 2681 haud
363 2643 446 2671 dubie
473 2642 500 2669 in
517 2643 648 2681 originali
666 2642 819 2681 inventum)
845 2642 1045 2681 scribitur_voit
1060 2642 1280 2681 proparoxvtona
1297 2642 1315 2679 ;”
1332 2645 1460 2673 fortassis
1487 2642 1602 2674 habebis
1615 2642 1766 2681 "proprium
1779 2645 1867 2678 ipsius

233 2677 364 2716 Palatini”
375 2677 540 2716 monasterii
556 2676 668 2716 nomen,
685 2676 841 2716 Epheso/la,
853 2681 888 2716 _et
911 2676 1074 2705 concinnior
1087 2676 1141 2706 erit
1158 2676 1288 2715 periodus
1298 2676 1303 2679 ’
1313 2689 1361 2716 per
1374 2682 1426 2708 tria
1443 2682 1568 2709 membra
1581 2676 1744 2710 divisa-sine
1755 2676 1867 2714 expres—

232 2715 312 2741 siune
329 2713 448 2748 alicujus
465 2712 542 2740 verbi
569 2712 802 2746 subintelligendo
815 2713 928 2747 ubique,
942 2716 1012 2740 erat.

269 2782 459 2823 (_l_8)__J_osepl_i.
477 2782 662 2823 presbyter-et
687 2781 830 2823 _Ec_clesia:
862 2790 1033 2820 meouomus,
1055 2783 1212 2816 illicitarum
1247 2787 1405 2823 nuptiarum
1428 2787 1551 2816 initiator
1582 2791 1610 2816 ct
1621 2785 1783 2815 conciliator
1798 2791 1866 2812 con-

231 2818 298 2855 iugii
314 2817 420 2847 dicitur
436 2819 462 2846 in
479 2817 538 2848 Vita
554 2817 584 2847 8.
602 2817 750 2847 Theodori.
