1924 3077
65 169 116 202 833

397 165 539 198 ORATIO
555 165 609 197 XI.
627 179 657 184 —
680 165 873 197 LAUDATIO
893 165 923 196 S.
944 165 1129 196 PLATONIS
1151 164 1368 198 HEGUMENI.

1642 165 1695 199 831

65 226 110 251 θεν
124 224 177 259 τὴν
204 221 328 250 κάκωσιν
341 222 379 253 ὡς
402 222 433 247 ὲν
455 221 563 253 ἀδύτοις
581 222 797 255 ἀναπαυόμενος.
820 217 857 247 Οὗ

913 219 1052 246 butionem
1060 218 1149 246 eidem
1160 219 1308 254 repositam
1320 227 1328 253 ;
1339 219 1432 255 itaque
1443 227 1582 249 aarumnos
1590 230 1622 249 os
1633 222 1696 252 illos

65 272 120 306 γὰρ
139 269 208 300 Θεὸς
221 268 252 295 τὸ
278 267 509 302 σπουδαζόμενον,
534 267 592 294 ὲχεϊ
615 267 692 294 οὐδὲν
717 266 748 293 τὸ
763 266 847 294 νικῶν

65 313 112 339 τὸν
128 311 264 347 φιλόθεον.

101 399 135 427 λ’.
148 399 242 435 Βραχῦ
253 398 284 438 τὸ
299 397 414 433 ὲμμὲσῳ
429 397 477 424 καὶ
492 397 509 433 ἡ
529 397 641 432 μοιχικὴ
665 397 799 432 βασιλεία,
819 396 858 432 μὴ

69 444 233 480 βουληθεῖσα
247 444 369 470 συνιέναι
383 442 431 470 τοῦ
446 442 592 477 ἀγαθῦναι,
604 444 635 469 ὲκ
646 444 728 478 μέσου
739 443 856 477 γίνεται,

67 491 104 522 ὡς
119 490 153 517 ἂν
169 489 282 525 μάθοιεν
303 490 351 516 καὶ
377 489 498 525 βασιλεῖς
523 488 560 524 μὴ
574 488 655 516 θείων
663 489 754 524 νόμων
771 489 858 524 ὑπερ-

68 534 290 569 άλλεσθαι,ξμηδὲ
305 534 482 569 παρανόμους
496 533 534 569 (It)
547 533 686 568 διωγμοὺς
709 533 757 560 καὶ
771 534 858 569 φυλα-

68 581 118 612 κὰς
131 580 301 615 ὲξυφαίνειν,
318 580 372 607 κᾶν
386 580 457 615 μέγα
471 581 505 615 τῇ
521 580 667 615 πορφυρίδι
688 580 859 615 ὑπεραίρων-

68 635 129 654 τσι·
145 627 194 652 καὶ
212 627 227 652 6
244 626 339 658 πιστὸς
365 626 413 652 τοῦ
436 626 540 660 Κυρίου
566 625 734 661 νομοφύλαξ,
755 626 787 652 τὸ
808 627 858 661 τῆς

68 671 213 706 ὁμολογίας
228 670 355 706 βραϐεῖον
381 670 599 704 ἀναδησάμενος,
627 670 728 702 ἔξεισιν
743 670 798 697 ἀπὸ
808 671 858 706 τῆς

69 717 196 751 φυλακῆς
211 716 249 747 ὡς
263 716 389 751 νικητὴς,
403 714 488 742 πολλὰ
507 716 542 742 τὰ
559 715 687 750 ἐγκώμια
703 714 779 750 παρὰ
789 715 858 741 πολ-

68 762 121 788 λῶν
132 761 290 796 δεχόμενος,
307 759 490 795 ὑμνούμενος,
504 760 733 795 μακαριζόμενος,
754 768 860 796 μαρτυ-

69 807 278 842 ρολογούμενος,
304 805 352 833 καὶ
376 806 442 841 παρ’
462 805 552 832 αὐτῶν
567 805 622 831 τῶν
636 805 771 841 πρότερον
789 813 860 832 exoro

68 853 191 880 πτὸντων
205 859 236 878 τε
262 851 310 878 καὶ
334 850 551 886 κωμῳδούντων.
566 851 672 877 Ἴσασιν
692 851 758 886 γὰρ,
776 851 859 886 φησὶν

68 898 235 932 ὺΘεολόγος,
249 897 402 932 θαυμάζειν
419 897 519 932 ἀνδρὸς
530 897 634 932 ἀρετὴν
648 897 697 924 καὶ
718 896 858 932 πολέμιοι,
873 895 896 925 Β

68 944 105 971 ὅτ’
121 945 156 971 ἂν
167 943 215 970 τοῦ
231 942 319 976 θυμοῦ
333 942 465 977 λήξαντος
490 942 533 977 ἐφ’
548 942 650 978 ἑαυτῆς
664 943 680 978 ὴ
697 942 798 977 πρᾶξις
814 941 860 968 δο-

68 990 232 1025 κιμάζηται,
247 990 272 1016 εί
286 989 334 1016 καὶ
350 988 534 1023 ἑτερολέκτως
548 989 607 1024 ἔχει
619 987 711 1023 δεῦρο.
725 988 782 1023 Τῆς
802 987 858 1023 γὰρ

68 1036 230 1071 φερωνύμου
244 1036 365 1072 Εἰρήνης
390 1034 473 1062 πάλιν
491 1034 680 1070 κρατησάσης,
695 1033 746 1060 καὶ
760 1034 794 1060 δι’
814 1035 859 1060 αἰ-

67 1080 128 1111 δοῦς
147 1079 318 1116 μαρτυριχώ
343 1079 514 1114 ἐκσαλούσης
543 1087 574 1105 τε
601 1079 650 1105 καὶ
673 1078 791 1113 ἐχούσης
812 1078 859 1104 τὸν

68 1125 163 1160 ἄνδρα,
179 1124 345 1160 παλιρροίας
359 1124 440 1159 δίκην
453 1124 502 1151 καὶ
515 1123 544 1150 ιτ
554 1132 597 1156 τις
614 1123 713 1159 ἐχθρὸς
724 1125 765 1156 εις
781 1123 859 1159 φίλον

68 1171 114 1197 καὶ
128 1170 278 1205 ἐπαινέτην
293 1169 486 1205 μετελήλυθεν,
498 1168 538 1201 ὡς
552 1169 599 1196 καὶ
623 1168 706 1196 αὐτὸν
717 1169 764 1197 τὸν
778 1177 861 1205 φρου-

69 1217 118 1251 ρέα
136 1216 290 1247 ἀντιϐολεῖν
303 1216 354 1252 τὴν
375 1215 551 1252 συγχώρησιν
567 1216 638 1244 κατὰ
656 1217 710 1252 γῆς
723 1217 859 1253 ὶρριμμέ-

68 1271 131 1290 νον·
147 1263 251 1290 ἔπαθεν
270 1263 299 1290 δὲ
321 1262 408 1295 πάθος
432 1263 533 1298 μᾶλλον
554 1263 569 1288 6
583 1262 748 1297 ἀναίσθητος
773 1262 858 1296 λίθος,

69 1311 86 1344 ἢ
96 1319 123 1336 τι
135 1309 230 1337 καινὸν
242 1311 347 1342 ἐκεῖνος
359 1310 389 1337 ἐν
406 1310 464 1341 τοῖς
472 1309 625 1345 ὁρωμένοις
639 1317 669 1336 τε
680 1310 728 1337 καὶ
742 1309 859 1344 λεγομέο

69 1365 136 1388 νοις.

103 1448 155 1476 λα’.
175 1449 287 1485 Ἐπειδὴ
302 1448 332 1476 δὲ
347 1449 524 1485 ἑπανήκομεν
538 1449 570 1476 ὲκ
585 1449 635 1485 τῆς
648 1449 798 1486 ὑπερορίας
812 1450 860 1477 καὶ

69 1496 162 1531 ἡμεῖς,
172 1495 248 1523 ἄλλοι
264 1505 294 1523 τε
316 1495 476 1532 ἀλλαχόθεν,
486 1496 614 1531 καθάπερ
627 1495 699 1528 τινὲς
707 1497 859 1532 ὑπόπτεροι

70 1541 278 1577 συντρέχοντες,
295 1542 468 1577 ἐθαυμάζετο
489 1543 540 1578 μὲν
559 1543 591 1569 τὸ
606 1542 698 1578 δρᾶμα
712 1542 788 1577 παρὰ
802 1544 858 1574 τοῖς
874 1562 894 1589 C

70 1586 208 1619 εὐσεϐέσι,
226 1588 380 1623 συνήπτετο
392 1587 421 1614 δὲ
436 1589 470 1624 τῇ
486 1588 593 1624 κεφαλῇ
608 1588 642 1615 τὰ
659 1588 739 1624 μέλη,
760 1588 860 1623 ἐφθέγ-

71 1640 134 1665 γετο
159 1632 188 1659 δὲ
210 1633 281 1667 τάχα
299 1632 450 1664 κάνταῦθα,
466 1634 491 1660 ει
511 1633 559 1660 καὶ
579 1633 725 1669 τολμηρὸν,
741 1634 755 1660 6
773 1641 860 1669 μεγαα

71 1677 259 1712 λοφωνότατος
279 1677 404 1709 Ἦσατας·
423 1676 517 1712 *Αρον
541 1679 647 1712 κύκλῳ
667 1679 739 1712 τοὺς
750 1679 861 1713 ὀφθαλ-

69 1723 147 1756 μούς
166 1731 236 1755 σου,
254 1723 304 1750 καὶ
336 1723 383 1750 ἴδε
406 1723 584 1759 συνηγμένα
612 1724 648 1751 τὰ
672 1724 766 1751 τέκνα
790 1731 860 1757 σου,

72 1769 204 1802 ἣκουσιν
220 1768 333 1802 πάντες
354 1770 382 1796 οἱ
396 1770 457 1796 vlo!
471 1776 530 1796 σου
543 1770 707 1804 μακρόθεν·
725 1770 786 1796 τότε
801 1769 861 1804 δψει

72 1815 118 1841 καὶ
143 1815 263 1850 χαρὴσῃ,
281 1815 327 1842 καὶ
347 1815 507 1851 φοϐηθήσῃ,
526 1816 574 1842 καὶ
602 1815 723 1851 ἐκστήσῃ
744 1816 777 1850 τῇ
793 1823 861 1850 καρ-

72 1860 124 1896 δίᾳ.
149 1860 178 1887 '0
201 1861 250 1896 μὲν
264 1861 296 1896 δὴ
314 1860 420 1888 ταῦτα·
442 1861 498 1895 ἐγὼ
520 1861 548 1887 δὲ
573 1862 662 1888 ἐκεῖνο
683 1861 802 1896 εἴποιμι,
819 1861 861 1887 ὄτι

72 1908 118 1933 καὶ
141 1907 156 1933 6
172 1907 303 1942 ίερᾶρχης
328 1907 428 1943 ᾐδέσθη
444 1907 490 1934 τὸν
504 1907 599 1940 ἄνδρα,
619 1907 768 1942 ἀπολογίαν
781 1916 861 1942 ποιη-

72 1952 191 1988 σάμενος
206 1972 214 1984 ,
248 1953 295 1979 καὶ
319 1953 387 1989 πρὸς
414 1953 513 1980 ἕνωσιν
529 1953 751 1989 ὲκκαλεσάμενος
763 1962 770 1969 ·
784 1955 801 1989 ἥ
815 1954 862 1980 καὶ

72 1998 193 2032 γέγονεν,
208 1997 308 2033 ὲκΰολῇ
320 1998 368 2024 τοῦ
386 1998 609 2034 στεφανώσαντος
637 1999 684 2026 καὶ
708 2000 795 2034 φειδοῖ
811 1999 863 2035 τῆς

72 2044 243 2076 διαστάσεως
254 2052 261 2059 ·
275 2045 308 2079 ἢν
323 2044 365 2071 ὅτι
378 2044 497 2080 μάλιστα
512 2045 624 2080 φεύγων
641 2043 676 2081 ἦν
689 2047 702 2072 6
714 2046 861 2081 μακάριος,

73 2090 125 2117 κᾶν
142 2089 223 2124 νίκης
238 2089 355 2116 ἔπαθλον
371 2091 441 2126 πρὸς
460 2090 583 2123 ἅπαντας
601 2092 665 2123 τοὺς
683 2091 863 2123 συνελθόντας

71 2135 252 2170 ἀπηνέγκατο
265 2142 273 2149 ·
293 2134 320 2161 τί
335 2135 390 2170 γὰρ
408 2134 569 2169 φιλαίτατον
583 2135 649 2162 ἄλλο
659 2135 720 2172 Θεῷ
734 2135 863 2171 ὁμονοίας

71 2181 117 2207 καὶ
131 2180 269 2213 ἑνώσεως,
286 2180 371 2216 ἡνίκα
387 2181 404 2216 ὴ
421 2181 521 2214 ἓνωσις
540 2181 578 2217 μὴ
609 2181 720 2217 ἐντολῆς
742 2181 810 2209 Θεοῦ
824 2182 863 2209 δι·-

72 2225 177 2261 ῑπησιν
187 2233 196 2258 ;

363 2282 491 2310 ΚΕΦΑΛ.
517 2284 564 2317 ς’.

907 264 967 293 dies
984 266 1128 300 transegit,
1144 266 1218 293 velut
1234 266 1257 293 si
1275 266 1303 293 in
1318 267 1405 294 sacris
1431 267 1524 302 templi
1543 268 1632 304 adytis
1651 278 1696 298 re—

907 311 1064 345 quievisset.
1093 311 1144 344 Qui
1161 312 1232 339 enim
1248 312 1331 339 Deum
1349 320 1404 347 prae
1418 313 1506 340 oculis
1521 314 1619 347 habet,
1635 315 1697 350 ejus

907 364 972 392 erga
989 357 1078 391 ipsum
1094 365 1216 385 antorem
1228 358 1295 385 nihil
1311 362 1402 394 potest
1414 367 1553 394 superare.

944 401 990 429 30.
1008 402 1086 429 Brevi
1100 404 1194 439 elapso
1211 409 1333 439 tempore
1349 405 1490 432 sublatum
1509 406 1542 433 de
1552 406 1642 434 medio
1656 411 1698 436 cst

909 448 1094 476 adulterinum
1108 450 1175 477 illud
1190 450 1333 485 imperium
1349 451 1417 487 (l9),
1450 452 1523 486 quod
1549 452 1637 480 noluit
1655 452 1699 479 in-

908 494 1030 530 telligere
1048 499 1078 522 ιιι
1095 495 1163 523 bene
1177 501 1287 531 ageret;
1309 501 1340 524 ut
1368 497 1451 524 etiam
1472 498 1523 532 ipsi
1547 505 1625 534 reges
1653 498 1697 525 tti-

908 544 987 568 scaut
1005 540 1113 569 divinas
1130 542 1202 576 leges
1214 550 1268 569 non
1289 543 1402 574 violare,
1426 551 1514 578 neque
1526 544 1624 579 impias
1637 551 1698 579 per-

910 585 1067 613 secutiones
1083 590 1131 613 aut
1145 587 1317 621 captivitates
1333 588 1436 620 moliri,
1459 589 1635 623 quantumvis
1663 589 1698 616 ob

910 638 1060 666 purpuram
1075 631 1257 659 bonorentur.
1277 632 1372 668 Itaque
1390 633 1490 661 divina:
1507 635 1574 670 legis
1602 639 1698 663 custos

909 675 1007 710 ﬁdelis,
1024 676 1210 705 confessionis
1227 679 1345 714 egregiae
1370 678 1526 706 diademate
1541 679 1697 712 redimitus,

910 725 1040 756 tanquam
1068 722 1156 750 victor
1178 723 1264 750 exivit
1280 724 1313 751 de
1325 731 1452 757 carcere;
1467 725 1580 752 multam
1597 733 1612 753 a
1627 726 1700 752 mul-

911 767 945 795 tis
969 767 1080 794 laudem
1097 767 1228 800 referens,
1245 769 1397 804 beatusque
1414 775 1442 798 et
1453 775 1558 806 martyr
1589 778 1698 798 nuncu-

910 815 999 847 patus,
1015 812 1097 840 etiam
1113 813 1148 840 ab
1163 813 1197 840 iis
1214 814 1260 849 qui
1275 815 1325 849 ipsi
1342 819 1422 842 antea
1440 816 1613 843 insultabant
1637 816 1699 843 illu-

910 858 1076 893 debantque.
1095 857 1194 886 Sciunt
1210 860 1296 893 enim,
1317 861 1405 895 inquit
1420 860 1570 894 Gregorius
1582 861 1700 889 Theolo-

911 911 972 939 gus,
989 904 1072 931 etiam
1089 904 1195 932 inimici
1215 905 1347 933 admirari
1372 907 1502 934 virtutem
1531 907 1582 934 viri
1604 907 1698 941 fortis,

909 949 1020 984 quando
1036 950 1132 978 sedato
1148 950 1242 979 furore
1258 959 1303 979 res
1328 952 1356 979 in
1388 952 1488 987 seipsis
1515 953 1698 986 aestimantur,

909 994 960 1021 etsi
975 998 1092 1022 eatenus
1101 995 1182 1022 aliter
1195 995 1250 1023 sint
1267 996 1362 1024 locuti.
1390 996 1460 1024 Cum
1484 997 1557 1024 enim
1586 997 1698 1032 paciﬁca

909 1039 988 1068 lrene
1004 1041 1095 1068 denuo
1109 1042 1228 1076 cmpisse
1255 1042 1404 1077 imperaret
1427 1047 1454 1069 et
1468 1043 1597 1070 extollere
1617 1047 1700 1078 atque

909 1087 1023 1114 charum
1033 1087 1134 1115 habere
1148 1088 1237 1115 virum
1255 1093 1365 1123 propter
1380 1089 1562 1116 reverentiam
1595 1094 1697 1125 marty-

909 1131 958 1159 rici
973 1131 1100 1165 decoris;
1123 1140 1256 1160 conversa
1274 1137 1339 1160 sunt
1357 1133 1462 1165 omnia,
1483 1139 1512 1160 ut
1523 1133 1592 1160 solet
1605 1134 1631 1160 in
1650 1133 1700 1160 llu-

910 1176 1014 1204 minum
1041 1184 1156 1205 recursu
1175 1176 1251 1210 ﬁeri;
1276 1182 1304 1205 et
1327 1177 1350 1205 si
1381 1178 1444 1212 quis
1463 1178 1592 1205 inimicus
1620 1184 1699 1206 antea

910 1221 1009 1255 fuerat,
1024 1222 1052 1250 in
1069 1222 1190 1250 amicum
1205 1227 1234 1250 et
1245 1223 1415 1250 laudatorem
1433 1223 1590 1250 mutabatur
1607 1231 1614 1250 :
1630 1224 1700 1251 adeo

910 1271 941 1295 ut
953 1268 1013 1303 ipse
1026 1267 1108 1294 etiam
1124 1272 1220 1295 custos
1236 1267 1357 1295 carceris
1373 1267 1447 1294 humi
1465 1271 1568 1295 stratus
1589 1268 1699 1295 veniam

911 1316 1038 1347 posceret
1054 1319 1062 1338 :
1083 1310 1131 1338 sed
1149 1311 1218 1345 lapis
1233 1311 1404 1339 insensibilis
1425 1311 1551 1338 humanae
1566 1312 1700 1347 I‘ragilita-

911 1358 946 1385 tis
963 1365 1062 1392 passus
1075 1356 1172 1384 luisset
1187 1356 1270 1384 citius
1288 1364 1371 1391 quam
1388 1357 1446 1392 ipse
1462 1364 1563 1384 novum
1581 1358 1699 1393 aliquem

911 1407 1016 1430 tnotum
1043 1403 1071 1430 in
1089 1403 1122 1430 iis
1139 1409 1201 1437 qua:
1213 1401 1315 1429 ﬂebant
1325 1401 1553 1437 dicebanturque.

945 1448 1145 1482 5l.Postquam
1160 1453 1226 1474 vero
1239 1447 1321 1474 etiam
1337 1454 1388 1474 nos
1402 1447 1565 1475 revertimus
1577 1447 1612 1474 ab
1626 1447 1701 1476 εκεῖ.

910 1495 958 1527 lio,
973 1494 1019 1522 alii
1033 1494 1144 1521 aliunde
1159 1497 1357 1521 concurrentes
1383 1497 1514 1528 tanquam
1548 1493 1615 1528 pulli
1649 1494 1701 1521 sub

911 1542 979 1575 alas,
1005 1541 1193 1576 spectaculum
1211 1539 1381 1575 prmbuimus
1408 1539 1518 1575 pietatis
1548 1539 1702 1567 cultoribus

911 1585 1371 1622 admirandutu.Conjuugebantur
1384 1585 1467 1620 capiti
1503 1593 1555 1613 suo
1579 1586 1701 1613 membra

911 1634 1132 1667 audiebaturque
1156 1633 1222 1660 illud
1235 1631 1415 1659 exclamantis
1423 1632 1511 1664 Isaiae,
1529 1633 1659 1660 audacter
1674 1634 1700 1660 iu

911 1687 941 1706 re
959 1677 1087 1714 praesenti
1109 1676 1345 1712 pronuntiandum
1361 1684 1367 1703 :
1383 1675 1452 1703 Leva
1468 1677 1495 1703 in
1515 1677 1626 1704 circuito
1644 1685 1703 1704 ocu-

910 1725 950 1753 los
982 1730 1040 1751 tuos
1062 1722 1178 1753 etvide;
1201 1730 1289 1749 omnes
1311 1722 1358 1749 isti
1384 1722 1535 1757 congregati
1558 1726 1637 1755 sunt;
1657 1731 1702 1750 ve-

912 1774 1004 1797 nerunt
1019 1770 1067 1796 tibi
1093 1769 1181 1796 sancti
1197 1768 1236 1794 tui
1260 1767 1292 1794 de
1310 1767 1386 1802 longe
1403 1767 1424 1783 “
1439 1777 1445 1794 :
1466 1772 1532 1795 tunc
1553 1767 1659 1796 videbis
1675 1773 1703 1796 et

911 1815 1051 1852 gaudebis,
1088 1814 1268 1849 obstupesces
1284 1817 1312 1841 et
1336 1813 1469 1849 linqueris
1480 1813 1584 1841 animo.
1602 1813 1634 1841 Et
1645 1815 1703 1842 hare

911 1861 1022 1896 quidem
1038 1861 1083 1887 ille
1100 1870 1106 1888 :
1124 1868 1175 1895 ego
1191 1866 1257 1886 vero
1271 1859 1354 1886 etiam
1380 1859 1432 1886 hoc
1457 1858 1600 1890 addidero,
1627 1859 1703 1894 quod

911 1907 1067 1942 patriarcha
1084 1905 1140 1941 (20)
1166 1905 1258 1932 virum
1277 1904 1411 1932 reveritus
1429 1904 1454 1931 ei
1468 1912 1498 1932 se
1519 1905 1702 1939 excusaverit,

913 1953 1001 1988 ipsum
1018 1953 1051 1978 ad
1072 1951 1200 1978 unionem
1215 1950 1357 1984 inritans;
1384 1957 1447 1986 quae
1480 1955 1507 1978 et
1522 1955 1615 1978 secuta
1649 1956 1702 1984 est.

911 1999 1000 2034 ejecto
1014 1998 1049 2026 ab
1060 1997 1183 2025 Ecclesia
1192 1998 1239 2032 qui
1255 1997 1390 2025 moecham
1408 2001 1595 2030 coronaverat,
1615 1997 1647 2024 ad
1659 1997 1703 2024 [ιι-

913 2044 1041 2080 giendam
1053 2043 1234 2075 discordiam,
1248 2050 1263 2070 a
1284 2050 1338 2078 qua
1352 2042 1540 2070 alienissimus
1564 2048 1624 2070 ot-at
1641 2050 1705 2070 san-

913 2094 983 2122 ctus,
999 2089 1126 2125 quamvis
1140 2089 1264 2116 victoria!
1278 2088 1386 2115 laudem
1394 2095 1487 2115 coram
1500 2092 1558 2115 toto
1571 2096 1704 2117 consessu

913 2139 1066 2172 reportaret
1082 2144 1088 2162 :
1103 2134 1170 2161 nihil
1185 2134 1257 2161 enim
1275 2137 1329 2161 tam
1341 2133 1455 2161 charum
1473 2133 1529 2161 Deo
1553 2138 1596 2162 est
1620 2142 1703 2170 quam

914 2181 1062 2210 concordia
1080 2184 1107 2208 et
1126 2180 1203 2214 unio,
1225 2179 1307 2208 modo
1324 2179 1370 2207 illa
1385 2179 1452 2207 unio
1467 2179 1591 2207 divinam
1615 2180 1702 2216 legem

877 2225 904 2256 Ι)
918 2234 972 2254 non
987 2225 1129 2254 dissolvat.

1233 2280 1309 2310 CAP.
1336 2280 1382 2309 Vl.

194 2338 224 2366 S.
253 2339 379 2367 Platonis
408 2340 522 2367 reclusio
552 2340 787 2376 Constantinopoli
804 2349 814 2368 .'
842 2341 987 2377 Nicephori
1003 2340 1171 2376 imperatoris
1191 2343 1285 2366 contra
1301 2340 1421 2367 eumdem
1434 2341 1589 2376 asperitas;

102 2386 155 2422 λβν.
176 2385 260 2413 Ἀλλὰ
270 2386 298 2413 τί
311 2386 348 2413 τὰ
364 2387 434 2422 μετὰ
444 2387 550 2422 causa;
571 2388 604 2415 Ἢ
618 2389 673 2416 ἀπὸ
683 2389 731 2415 τοῦ
750 2389 863 2425 πρώτου

69 2432 283 2468 φροντιστηρίου
296 2432 449 2468 μετάϐασις
466 2433 548 2468 ἡμῶν
568 2434 614 2462 διὰ
632 2435 664 2461 τὸ
680 2434 758 2467 ἔθνος
773 2435 807 2471 (ἰ)
822 2436 863 2467 εἰς

103 2480 125 2496 ¹³
142 2480 197 2507 lsa.
218 2486 294 2512 nix,
310 2478 354 2506 18.

951 2390 998 2417 52.
1015 2389 1085 2422 Quid
1105 2392 1197 2416 autem
1214 2392 1276 2422 post
1288 2387 1363 2416 ista?
1390 2387 1506 2424 Propter
1523 2389 1612 2424 gentis
1639 2389 1703 2418 bar-

916 2436 991 2463 barae
1007 2434 1196 2462 incursionem
1211 2433 1268 2470 (2i)
1282 2441 1316 2460 ex
1341 2434 1427 2469 prlori
1459 2436 1627 2464 monasterio
1649 2436 1704 2464 mi-

833 2523 951 2551 NOTE.

833 2523 859 2551 Ni

103 2571 426 2608 (Ii)APerpera_m_inAms.
456 2571 660 2608 παρανομίαις·
688 2571 759 2600 forte
771 2571 859 2607 legent

913 2523 951 2551 Ε.

913 2579 918 2599 I
936 2573 996 2599 erat
1007 2570 1074 2606 παρ’
1084 2570 1201 2608 ἀνομίας
1213 2575 1322 2608 propter
1334 2572 1494 2607 iniustitiae,
1507 2573 1613 2603 scilicet
1627 2582 1704 2604 exse-

69 2605 193 2642 quendas
206 2605 255 2642 aut
269 2605 464 2642 defendendas.

115 2624 540 2680 33'"§3s'.;'i£o"r"§i;§'s§“§iiquia
555 2651 562 2669 :
581 2641 699 2677 ideoque
713 2641 795 2680 verti,
815 2646 923 2680 propter
934 2641 1158 2680 gentis_bar_barre
1170 2624 1376 2680 incursionem.
1397 2642 1514 2680 Sirletus
1535 2643 1618 2671 vertit
1629 2645 1702 2680 genti

69 2675 143 2703 iam
156 2675 239 2703 causa
257 2684 266 2703 :
281 2675 327 2703 sed
348 2676 400 2705 hoc
414 2675 493 2712 teque
510 2675 661 2705 obscurum
675 2680 727 2708 est,
741 2675 891 2711 quia’nih‘il
913 2675 1042 2712 precedit
1051 2677 1085 2705 ad
1106 2678 1179 2713 quod
1205 2678 1340 2706 releratur
1353 2678 1384 2706 τδ
1405 2678 1490 2705 illius.

104 2721 162 2756 (I9)
184 2721 266 2749 Anno
285 2722 336 2750 797
352 2723 568 2758 comprehensus
598 2727 642 2752 est
659 2723 861 2752 Constantinus

69 2761 96 2784 et
107 2761 263 2793 excaecatus
275 2776 283 2788 ,
295 2761 326 2793 ει
339 2759 421 2792 paulo
436 2762 498 2793 post
511 2758 676 2786 exstinctus.

106 2790 164 2826 (20)
180 2791 206 2828 l_s
222 2797 282 2819 erat
295 2790 502 2828 Tarasius,'qui
513 2794 602 2828 primo
625 2793 734 2821 fortiter
751 2793 861 2822 restite-
905 2794 907 2797 ’

71 2831 133 2861 rat;
146 2826 196 2854 sed
210 2831 316 2861 postea,
330 2826 504 2856 metuensite
513 2826 730 2860 Constantinus,
745 2828 862 2857 libidine

73 2860 184 2896 ardens,
199 2860 358 2898 religionem
373 2863 555 2892 orthodoxam
569 2867 716 2900 everteret,
732 2863 862 2892 dissimu-

915 2722 988 2751 labat
1003 2732 1010 2757 ;

914 2764 974 2792 cap.
994 2759 1009 2786 7

1050 2723 1150 2764 ellicern
1166 2728 1258 2752 tamen
1275 2729 1404 2753 renuerat
1420 2731 1566 2753 coronare.
1580 2723 1701 2754 Consule

951 2765 974 2792 p.
994 2763 1009 2786 7
1028 2763 1095 2786 Vitae
1108 2763 1180 2793 ejus.

951 2792 1008 2827 (2i)
1023 2793 1065 2821 0b
1078 2793 1278 2822 Saracenorum
1297 2794 1494 2828 incursionem,
1515 2794 1548 2822 ad
1562 2798 1702 2823 monaste-

914 2827 986 2855 rium
1001 2828 1090 2856 Studii
1104 2828 1207 2857 dictum
1224 2830 1295 2857 intra
1313 2831 1408 2857 urbem
1420 2827 1610 2858 transiet-unt:
1627 2829 1700 2859 sicut

915 2863 969 2892 late
989 2863 1017 2891 in
1034 2863 1094 2891 Vita
1110 2863 1139 2891 S.
1161 2863 1300 2893 Theodori
1316 2865 1477 2900 explicatur.
