1924 3077
254 127 309 160 835

842 124 872 160 S.
893 126 1087 160 THEODORI
1114 131 1287 162 STUDIT/E

1821 130 1866 164 835

257 184 395 221 gravlmus
412 183 587 220 Byzantium,
614 183 661 213 ubi
695 179 775 212 Pater
796 190 898 218 noster.
927 187 1052 215 virtutis,

1105 186 1118 212 ὸ
1137 187 1297 219 Βυζάντιον,
1314 186 1381 213 ἔνθα
1402 185 1452 222 τὴν
1476 185 1667 222 ἐγκλειστικὴν
1685 186 1774 222 ζωὴν,
1790 187 1832 214 διὰ
1839 189 1865 215 τὸ

256 229 479 263 amantissimus,
519 237 554 257 ne
583 235 729 265 cogeretur
756 237 895 258 resumere
921 231 1041 258 habenas

257 275 399 311 regiminis
407 295 416 309 ,
427 276 509 303 vitam
517 275 652 304 reclusam
661 275 811 311 elegit.Sed
823 276 886 304 vide
901 276 1042 303 humilita-

256 321 292 348 tis
311 327 428 348 summat
445 320 608 348 admirabile
631 321 773 349 inventum
789 329 797 348 :
823 326 854 349 ut
873 322 925 349 sub
941 322 1042 357 duplici

257 365 373 401 imperio
389 372 444 393 non
461 370 585 394 maneret
608 365 766 394 fraternitas
781 366 850 402 (22),
880 367 1043 395 obedientiaa

254 411 322 446 iugo
334 411 450 446 subjecit
466 419 527 439 sese
543 412 629 439 divini
658 412 780 439 imitator
800 413 929 447 exempli,
960 412 1043 447 idque

257 463 350 482 coram
366 454 481 482 testibus
504 455 538 482 ad
554 455 606 483 hoc
631 457 813 491 congregatis.
841 455 968 491 Nunquid
991 456 1043 483 mia

258 502 344 529 rabile
359 504 401 528 est
415 497 502 528 tilium
519 497 573 528 dici
589 509 662 534 eum,
675 501 722 536 qui
743 506 818 536 pater
844 507 923 529 antea
956 501 1043 529 fuerat

258 547 432 582 appellatus;
449 551 476 574 et
491 547 601 581 quidem
631 548 690 582 ejus
707 544 804 579 tilium,
833 555 914 582 quem
933 547 991 582 ipse
1014 547 1042 574 in

259 593 357 628 spiritu
372 592 516 628 genuerit?
535 593 559 620 ei
576 597 667 620 autem
684 592 795 627 subjici.
813 593 860 621 cui
891 597 972 620 antea
990 592 1043 620 im-

257 638 388 674 perarat?
406 638 487 672 idque
511 642 658 673 postianm
674 638 824 665 certamina
849 639 996 671 exantlata,
1015 639 1042 665 in

258 684 358 720 quibus
375 683 417 712 vel
442 683 531 711 solum
547 684 670 711 modeste
684 691 713 711 se
727 691 822 719 gerere
843 683 966 711 sullicere
996 684 1044 712 de-

261 731 343 759 bebat
358 731 392 758 ad
406 729 536 758 laudem?
552 730 626 758 Fecit
653 731 706 758 hoc
721 730 764 758 vir
790 730 835 758 ille
862 729 1042 761 admirabilis.

260 783 317 804 non
335 775 463 804 simulate
477 780 526 803 aut
541 776 623 803 modo
636 776 755 811 quodam
771 775 935 807 adulterino.
952 775 1042 802 solum

260 829 360 850 nomen
375 821 535 856 relinquens
558 820 681 855 praelato,
717 818 765 848 sed
791 819 904 847 omnino
938 819 1043 853 integre

262 867 419 902 divineque.
438 867 490 894 Ubi
504 866 576 894 enim
594 865 733 894 confessio
744 870 796 898 est.
813 865 869 893 illic
898 868 926 892 et
958 864 1044 892 conti-

262 913 354 941 dentia
370 916 412 940 est
426 920 434 946 ;
450 916 478 939 et
495 911 542 939 ubi
561 911 736 943 conﬁdentia,
751 911 808 939 illic
821 910 968 938 voluntatis
995 909 1044 937 ab-

261 958 380 990 scissio;
392 961 420 985 et
432 957 477 984 ubi
491 956 640 984 voluntatis
655 955 798 989 abscissio,
815 955 852 982 ibi
864 960 906 983 est
917 953 1046 990 perfectio

262 1002 436 1031 obedientiae.
453 1001 554 1029 Harum
573 998 684 1029 laudum
700 1004 784 1029 testes
818 1005 893 1034 sunt,
924 1007 1044 1035 quorum

263 1055 349 1077 causa
363 1047 467 1083 aliquid
482 1044 643 1083 postulavit.
662 1046 691 1074 Si
705 1047 777 1074 enim
807 1054 857 1081 pro
884 1046 977 1082 aliquo
994 1046 1046 1074 sibi

263 1094 418 1131 propinquo
434 1093 542 1127 orabat.
558 1099 586 1121 et
600 1093 738 1129 postulata
754 1093 926 1127 impetraret.
943 1091 1046 1127 gaude-

263 1137 311 1169 bat
324 1147 354 1168 se
365 1147 398 1167 ea
413 1138 564 1167 obtinuisse
577 1147 584 1166 :
613 1139 637 1166 si
654 1146 754 1173 rogans
769 1145 823 1166 non
836 1143 1048 1171 consequeretur

267 1187 363 1222 petita,
382 1192 437 1212 non
450 1191 520 1219 aegre
538 1184 640 1212 ferebat
656 1183 787 1219 petitione
802 1191 852 1211 sua
875 1191 905 1211 se
928 1183 1048 1211 frustra-

265 1234 324 1258 tum
339 1239 348 1262 ς
366 1229 434 1257 nihil
449 1228 523 1257 aliud
542 1235 667 1264 spectans
688 1236 769 1264 quam
801 1229 946 1256 utilitatem
971 1229 1048 1256 labo-

266 1275 366 1307 rantis,
380 1283 434 1302 non
450 1279 480 1302 ut
493 1282 571 1302 suam
598 1274 722 1309 impleret
747 1274 929 1302 voluntatem.
957 1269 1051 1302 Liceat

267 1321 334 1349 mihi
350 1320 505 1348 exclamare
527 1319 686 1355 prophetica
711 1327 778 1347 voce
792 1328 800 1347 :
817 1319 874 1346 Heu
893 1319 952 1346 me!
964 1323 1049 1353 pater,

266 1373 348 1402 quare
354 1365 464 1400 genuisti
473 1372 513 1392 me
523 1365 543 1380 ι’
554 1364 566 1391 ἵ
573 1371 626 1391 non
632 1365 830 1392 verecundatus
838 1368 942 1400 patrem
955 1371 1051 1392 vocare

268 1419 344 1444 eum.
359 1411 406 1446 qui
437 1418 490 1438 non
500 1418 576 1438 eram
590 1410 690 1445 dignus
701 1410 793 1437 vocari
803 1409 954 1438 tlliustuus.
962 1409 1052 1443 Quare

270 1456 304 1484 ad
323 1457 396 1484 hanc
413 1455 572 1491 dignitatem
584 1455 704 1483 extulisti
723 1463 777 1489 me,
790 1455 837 1490 qui
851 1463 939 1490 neque
958 1463 1052 1490 parere

1092 233 1142 265 τὰς
1154 233 1235 268 ἡνίας
1248 233 1286 268 μὴ
1305 232 1417 267 ὑπέχειν
1430 232 1482 268 τῆς
1497 231 1679 267 προστασίας,
1699 233 1714 259 ό
1731 232 1866 267 φιλάρετος

1091 276 1172 312 ἡμῶν
1189 276 1285 312 Πατὴρ
1297 276 1463 309 ἀσπάζεται.
1486 276 1559 303 Ἀλλ’
1575 277 1628 311 δρα
1645 276 1761 303 κάνθάδε
1783 284 1864 312 παραέ

1091 321 1168 354 δόξου
1192 322 1359 357 πράγματος
1378 322 1549 356 ἐπιτήδευμα
1564 329 1572 338 ·
1586 322 1628 348 δτι
1648 321 1693 349 διὰ
1710 322 1811 357 πλῆθος
1825 331 1867 350 τα-
1881 332 1885 336 ·

1092 364 1258 397 πεινώσεως.
1273 365 1321 392 καὶ
1335 365 1368 392 τὸ
1381 364 1419 401 μὴ
1439 366 1480 397 είς
1506 364 1554 392 δύο
1579 365 1667 400 ἀρχὰς
1681 365 1866 392 διαδλέπεσθιιι

1091 411 1141 447 τὴν
1153 411 1332 446 ἀδελφότητα,
1347 410 1387 446 τῷ
1398 410 1475 446 ζυγῷ
1487 410 1538 445 τῆς
1548 411 1688 446 ὑποταγῆς
1697 411 1793 438 ἐαυτὸν
1808 411 1866 438 ὐπο-

1091 455 1198 491 τίθησιν
1213 457 1228 483 ὁ
1241 456 1408 492 θεομίμητοσ
1419 464 1428 472 ·
1446 455 1494 482 καὶ
1504 455 1585 482 τοῦτο
1600 455 1654 482 ὑπὸ
1671 456 1800 491 μάρτυσι.
1817 457 1867 487 τοίς

1092 502 1133 534 εις
1151 502 1218 529 αὐτὸ
1240 501 1320 529 τοῦτο
1350 501 1569 537 συνεληλυθόσιν.
1583 499 1647 537 Ἆρ’
1670 501 1718 529 οθν
1745 502 1776 528 οὺ
1800 503 1867 535 ξένον

1092 547 1186 575 τέκνον
1199 547 1367 583 χρηματίσαι
1383 548 1428 574 τὸν
1442 548 1507 583 πρὶν
1515 547 1622 583 πατέρα
1634 547 1682 574 τοῦ
1691 545 1776 583 οὗπερ
1793 556 1868 575 πνευ-

1094 593 1216 628 ματικῶς
1229 594 1354 629 ἦνεγκεν,
1382 592 1431 619 καὶ
1446 592 1628 619 ὑποτακτικὸν
1644 593 1675 619 τὸ
1697 593 1810 628 ἀρχικὸν
1825 592 1867 620 τοῦ

1092 635 1179 673 οὗπερ
1191 636 1292 674 ἧρξενς
1312 638 1349 674 μὴ
1362 639 1404 665 ὅτι
1417 646 1449 672 γε
1477 638 1548 672 μετὰ
1573 637 1709 665 τοσούτων
1731 638 1867 673 προδιηνυέ

1094 684 1204 720 σμένων
1221 684 1320 717 ἄθλων,
1330 681 1371 716 οἷς
1385 683 1416 711 τὸ
1430 683 1587 719 μετριάζειν
1608 684 1689 718 μόνον
1702 683 1817 719 ἀρκετὸν
1834 685 1867 715 εἰς

1093 730 1213 758 Επαινον.
1222 730 1301 757 Ἀλλὰ
1309 730 1347 765 τῷ
1354 738 1385 764 γε
1393 729 1551 764 ἀειαγάστῳ
1556 729 1678 762 εὐπετῶς
1686 729 1867 764 κατώρθωται.

1093 776 1145 804 οὐκ
1158 776 1334 808 ἐπιπλάστως
1347 779 1406 808 πως
1442 776 1489 803 καὶ
1510 775 1723 810 νενοθευμένως,
1739 776 1777 807 ὡς
1792 775 1869 811 δνομι

1096 822 1176 857 μόνον
1197 822 1373 857 παμχωμῖν
1398 820 1544 856 κρατοῦντι
1569 820 1722 855 πράγματι,
1745 820 1813 847 ἀλλὰ
1827 821 1869 847 καὶ

1093 868 1154 895 λίαν
1168 867 1324 903 εἰλικρινῶς
1335 866 1382 893 καὶ
1394 865 1548 902 θεοφρόνως
1557 873 1566 881 ο
1580 862 1611 892 οὖ
1626 865 1681 901 γὰρ
1690 865 1868 900 ἐξαγόρευσις,

1094 913 1154 940 ἐκεῖ
1179 913 1226 939 καὶ
1247 911 1421 946 πεποίθησις,
1437 911 1485 938 καὶ
1508 908 1539 938 οὗ
1553 910 1727 943 πεποίθησις,
1750 911 1808 940 ἐκεῖ
1828 911 1869 938 καὶ

1095 957 1167 992 κοπὴ
1181 957 1345 991 θελήματος,
1362 956 1408 982 καὶ
1421 952 1451 982 οὗ
1466 956 1539 990 κοπὴ
1562 955 1725 991 θελήματος,
1740 956 1798 983 ικεῐ
1811 956 1868 982 ὕπο-

1094 1003 1181 1038 ταγῆς
1198 1002 1347 1033 τελείωσις.
1361 1001 1506 1036 Μάρτυρες
1522 1000 1551 1028 δέ
1574 1001 1630 1027 τῶν
1646 1000 1868 1037 κατορθώματων,

1095 1045 1133 1076 ὧν
1157 1048 1206 1075 καὶ
1228 1048 1263 1074 τὰ
1281 1048 1419 1082 αἰτήματα
1432 1055 1440 1062 ·
1459 1046 1595 1081 ἠντιϐόλει
1619 1046 1689 1082 ὑπὲρ
1711 1046 1761 1073 τοῦ
1783 1047 1869 1077 πέλας,

1097 1093 1145 1120 καὶ
1157 1092 1292 1128 ἐπιτυχὼν
1306 1092 1352 1119 τοῦ
1369 1091 1433 1127 αἰτή
1438 1099 1534 1126 ματος,
1552 1090 1662 1126 ῐχαιρεν
1676 1091 1738 1117 ἀντὶ
1755 1090 1801 1117 τοῦ
1815 1091 1871 1117 ἁπο-

1097 1140 1237 1171 λαύοντος,
1250 1139 1365 1171 ἐξαιτῶν
1377 1138 1427 1165 οὐκ
1436 1137 1629 1172 ἐπετύγχανεν,
1642 1138 1690 1164 καὶ
1700 1137 1870 1172 ἀπρακτήσας

1097 1186 1150 1212 οὐκ
1161 1185 1366 1220 ἐδυσχέραινεν·
1382 1184 1450 1219 πρὸς
1463 1183 1493 1210 ἓν
1507 1183 1586 1218 μόνον
1609 1183 1773 1210 ἀποϐλέπων
1788 1182 1817 1209 τὸ
1831 1181 1871 1208 τοῦ

1099 1231 1251 1266 κάμνοντος
1260 1230 1410 1265 ὠφέλιμον,
1425 1229 1476 1264 οὐχ
1489 1229 1563 1261 ὅπως
1582 1228 1750 1256 ἐκτελέσειεν
1765 1228 1795 1255 τδ
1818 1228 1873 1254 ἐαυ-

1099 1276 1146 1303 τοῦ
1160 1276 1276 1311 θέλημα.
1305 1276 1405 1310 Οιμοι,
1440 1276 1538 1310 πάτερ.
1554 1276 1709 1311 προφητικῇ
1730 1276 1806 1310 φωνῇ
1817 1295 1826 1308 ,
1839 1274 1873 1306 ὡς

1099 1323 1168 1350 τίνα
1191 1331 1229 1357 με
1257 1322 1368 1355 ἔτεκες,
1385 1321 1489 1357 πατέρα
1500 1321 1593 1348 καλεῖν
1613 1321 1650 1357 μὴ
1668 1322 1872 1356 αἰσχυνόμενος,

1099 1369 1145 1395 τὸν
1163 1368 1230 1404 μηδέ
1246 1368 1303 1394 υἱόν
1323 1375 1370 1393 σου
1385 1367 1567 1402 ὀνομάζεσθαι
1589 1367 1717 1400 ἐπάξιον;
1735 1367 1782 1394 καὶ
1798 1367 1838 1393 ἴνα
1851 1366 1872 1391 τί

1102 1421 1135 1449 με
1152 1414 1192 1445 εὶς
1202 1413 1263 1439 τόδε
1280 1412 1312 1439 τδ
1327 1412 1437 1447 ἀξίωμα
1451 1412 1609 1449 προήγαγες
1626 1411 1671 1438 τὸν
1689 1412 1826 1442 ἀδυνάτως
1835 1410 1875 1436 καὶ

1100 1458 1148 1486 τοῦ
1162 1457 1294 1493 ἄρχεσθαι
1306 1457 1401 1493 Ιχοντα
1412 1465 1420 1490 ;
1432 1448 1511 1483 Οἶδεν
1521 1456 1587 1488 Θεὸς
1599 1457 1647 1484 καὶ
1662 1457 1679 1492 ἠ
1689 1456 1724 1492 σὴ
1736 1457 1800 1491 ἁγία
1813 1455 1876 1491 ψυχὴ

268 1508 329 1529 sum
344 1499 479 1528 idoneus?
497 1498 578 1528 Novit
593 1499 665 1528 Deus
681 1503 708 1527 ct
721 1503 815 1527 sancta
830 1499 922 1526 anima
940 1502 986 1526 tua
998 1499 1049 1526 hu-

1103 1503 1146 1530 τὸν
1160 1503 1224 1538 περὶ
1235 1502 1330 1529 τούτου
1346 1501 1436 1535 λόγον,
1453 1501 1500 1528 καὶ
1514 1501 1552 1533 ὡς
1568 1501 1603 1528 τὰ
1627 1501 1697 1537 ὑπὲρ
1718 1501 1832 1536 δύναμιν
1843 1499 1876 1526 οῖ-

266 1546 313 1583 ]us
354 1545 393 1574 rei
425 1545 570 1578 rationem,
594 1549 621 1572 et
638 1545 711 1581 quod
741 1544 863 1572 amicitia
889 1552 937 1571 seu
960 1544 1051 1579 potius

269 1591 422 1621 obedientia
459 1591 546 1618 latnra
586 1590 623 1618 sit
665 1589 809 1625 plusquam
849 1589 921 1616 vires
945 1589 1051 1624 patien-

270 1639 327 1670 tur.
342 1641 372 1665 ut
387 1637 463 1665 brevi
479 1636 565 1664 verbo
581 1639 668 1663 totam
697 1635 742 1662 hic
773 1635 977 1663 excusationem
1004 1641 1054 1668 pce

305 1725 349 1757 35.
371 1727 425 1756 Sed
440 1727 630 1755 revertendum
647 1729 690 1754 est
717 1726 750 1754 ad
782 1723 950 1762 propositam
975 1720 1054 1754 nobis

271 1773 468 1802 narrationem.
484 1770 670 1799 Claudebatur
689 1768 769 1799 Pater
784 1779 792 1798 :
806 1771 875 1799 cella
898 1776 988 1799 autem
1005 1779 1055 1798 an-

272 1818 430 1854 gustissima
445 1822 517 1848 erat,
530 1821 558 1844 et
571 1816 662 1843 aetatis
681 1821 807 1851 tempore
820 1817 888 1843 adeo
900 1816 999 1848 calida.
1027 1821 1057 1844 ut

273 1863 359 1891 altera
375 1862 542 1898 Babylonica
555 1859 653 1888 fornax
666 1861 814 1894 videretur,
832 1867 942 1896 propter
953 1862 1058 1889 inﬂant-

274 1909 422 1937 mationem
437 1908 539 1943 plumbi
556 1915 611 1942 quo
621 1907 778 1942 tegebatur;
795 1911 901 1934 tantum
915 1915 981 1934 vcro
1005 1908 1054 1935 ab-

273 1959 335 1983 erat
349 1960 380 1982 ut
398 1961 430 1981 eo
445 1953 636 1986 oti‘enderetdr,
651 1952 681 1980 ut
693 1960 707 1980 e
730 1958 825 1980 cantra
841 1959 932 1981 oraret
954 1953 1059 1981 instan-

275 2005 328 2033 ter,
346 2000 426 2028 talem
438 1999 616 2034 imposterum
627 1998 680 2026 sibi
697 1999 799 2026 servari
818 2001 950 2033 requiem,
965 2005 1060 2026 amore

275 2046 378 2074 scilicet
406 2046 525 2073 laborem
543 2044 712 2077 sublevante,
738 2049 765 2072 et
779 2052 827 2079 spe
848 2044 919 2072 bona
943 2043 1060 2072 ditlicul-

275 2097 359 2120 tatem
374 2095 539 2118 extenuante
552 2099 560 2117 :
576 2098 608 2118 ex
631 2089 731 2125 quibus
745 2090 852 2118 duobus
864 2090 998 2125 capitibus
1007 2091 1060 2118 vir-

278 2141 350 2164 tntes
367 2137 473 2163 eximiae
488 2135 573 2163 rohur
599 2135 747 2170 accipiunt.
776 2135 876 2162 Verum
890 2143 978 2170 nequc
1008 2135 1061 2163 hoc

279 2181 430 2210 suﬂlciehat
444 2181 503 2208 viro
522 2181 645 2208 laborum
668 2180 816 2215 appetenti,
849 2181 896 2208 sed
927 2172 1096 2208 instanterc

279 2227 444 2263 operabatur
456 2226 583 2253 inanibus
595 2225 660 2258 illis,
676 2232 710 2253 ex
721 2225 822 2260 quibus
838 2226 931 2253 multa:
944 2226 1061 2254 virtutes

281 2272 474 2309 procedebant.
488 2270 640 2299 Instantius
660 2275 752 2298 autem
776 2271 944 2299 meditationi
963 2271 1064 2300 divina:

280 2318 351 2346 dans
364 2324 486 2353 operam,
500 2321 529 2344 et
550 2316 674 2352 quotidie
691 2316 823 2344 adversus
838 2318 944 2345 hostem
969 2318 1064 2346 decer-

281 2368 343 2392 tans
359 2370 443 2398 seque
460 2362 573 2390 utilitati
586 2361 714 2390 Fratrum
732 2362 883 2391 ferventius
899 2368 1007 2399 aptans,
1018 2372 1065 2392 so-

282 2410 390 2448 labatur
405 2412 543 2442 trimatum,
555 2408 724 2437 deiicientem
751 2408 914 2443 instruebat,
944 2410 1066 2445 erigebat

284 2456 401 2491 lapsum,
439 2454 557 2482 leniebat
598 2459 801 2490 exasperatum.
828 2457 1067 2491 sequerpatientis

283 2500 473 2528 conformabat
493 2499 656 2534 conditioni,
675 2500 795 2536 optimus
806 2502 960 2529 animarum
979 2502 1067 2530 medi-

283 2554 333 2574 cus
353 2551 381 2574 et
401 2545 587 2574 curandarum
603 2546 763 2581 passionum
791 2547 985 2582 peritissimus.
1012 2547 1066 2576 Sed

284 2599 374 2627 neque
388 2592 439 2620 hoc
459 2591 673 2628 pratermisero,
702 2593 834 2620 memoria
849 2593 944 2627 utique
966 2593 1070 2629 dignis-

284 2637 398 2670 simum.
416 2636 492 2673 quod
506 2641 633 2666 catenam
649 2637 767 2666 ferream
793 2638 862 2666 satis
886 2639 1068 2674 ponderosam

322 2706 343 2722 "
355 2705 455 2734 Jeretn.
471 2712 515 2738 xv,
529 2704 572 2732 lo.

1103 1557 1145 1576 σει
1160 1548 1246 1583 φιλία,
1263 1547 1312 1575 εἴτ’
1327 1545 1374 1574 οὖν
1386 1547 1504 1582 ὑπακοὴ,
1523 1547 1556 1574 ἶν’
1572 1547 1602 1574 ἐν
1623 1546 1722 1583 βραχεῖ
1747 1547 1818 1582 λόγῳ
1835 1545 1876 1579 τὴν

1102 1595 1252 1630 ἀπολογίαν
1267 1593 1384 1622 ἐνταῦθα
1395 1592 1500 1628 θείημι.

1140 1722 1193 1761 λγ’.
1217 1719 1286 1752 ’Λλλί
1300 1719 1442 1751 ἐπανιτέον
1467 1723 1507 1755 εἰς
1528 1722 1558 1749 τὸ
1580 1715 1772 1758 προκείμενον.
1794 1718 1878 1754 Ἐγκέ-

1106 1772 1214 1798 κλειστο
1229 1773 1243 1798 ὁ
1259 1770 1363 1806 Πατὴρ,
1385 1769 1432 1796 καὶ
1447 1770 1465 1804 ὴ
1481 1767 1620 1803 κάθειρξις
1642 1766 1827 1802 σμικροτάτη,
1842 1764 1880 1790 καὶ

1107 1817 1232 1844 τοσοῦτον
1249 1817 1278 1843 ἐν
1293 1815 1368 1851 θέρει
1397 1814 1564 1849 θαλπομένη,
1580 1813 1618 1845 ὡς
1642 1813 1727 1848 ἀλλην
1744 1810 1812 1839 εἶναι
1825 1810 1881 1837 swi-

1108 1871 1158 1898 την
1169 1861 1284 1897 κάμινον
1301 1859 1457 1895 Χαλδαῖκὴν
1473 1860 1505 1886 ἐκ
1514 1858 1564 1893 τῆς
1579 1858 1764 1893 ἐκπυρώσεως
1779 1857 1826 1892 τῆς
1841 1864 1881 1891 μο-

1109 1907 1229 1942 λιϐδίνης
1246 1905 1363 1941 στέγης·
1378 1905 1392 1931 ὁ
1403 1905 1432 1932 δέ
1452 1903 1580 1931 τοσοῦτον
1602 1902 1734 1938 ἀπείχετο
1755 1901 1880 1931 ἀνιᾶσθαι,

1109 1953 1146 1984 ὡς
1161 1952 1244 1988 εὐχὴν
1263 1950 1403 1987 εὔχεσθαι,
1416 1949 1581 1986 τηλικαύτην
1598 1948 1673 1984 αὑτῷ
1684 1949 1834 1975 ἀνάπαυσιν
1849 1947 1882 1976 εἰς

1109 1997 1140 2024 τὸ
1156 1997 1252 2032 μέλλον
1268 1995 1458 2031 ταμιεύεσθαι,
1479 1993 1525 2020 τοῦ
1547 1993 1629 2020 πίθου
1649 1992 1696 2019 τδν
1723 1993 1807 2019 κόπον
1828 1999 1882 2017 κου-

1111 2043 1245 2078 φίζοντος,
1259 2042 1307 2068 καὶ
1321 2041 1370 2076 τῆς
1385 2040 1493 2071 ἐλπίδος
1517 2036 1719 2073 εὐμαριξούσης
1738 2036 1788 2072 τὴν
1801 2034 1884 2069 δυσχέ-

1112 2095 1199 2124 ρειαν,
1215 2087 1245 2120 ἐξ
1260 2083 1298 2114 ὧν
1309 2087 1337 2113 αἱ
1350 2085 1466 2121 μεγάλαι
1476 2084 1573 2120 ἀρεταῒ
1582 2084 1630 2110 καὶ
1640 2082 1773 2109 πολιτεῖαι
1782 2081 1811 2108 τὸ
1824 2080 1884 2116 κρᾶ-

1112 2144 1156 2167 τος
1166 2134 1282 2170 ἔχουσιν.
1292 2132 1353 2159 Οὐδ’
1365 2131 1437 2158 οὕτω
1450 2130 1531 2158 πάλιν
1541 2128 1626 2165 άρκού
1630 2136 1720 2164 μενος,
1730 2129 1745 2155 ὸ
1755 2127 1885 2167 φιλόπονος

1115 2178 1183 2208 ἀλλὰ
1201 2179 1270 2214 τόνῳ
1289 2178 1338 2213 μέν
1353 2178 1413 2208 ταῖς
1424 2174 1518 2212 χερσὶν
1533 2173 1783 2210 ἐργαζόμενοςμαὶ
1797 2171 1885 2204 πολλῆς

1113 2226 1252 2260 δυνάμεως
1263 2223 1328 2259 παρ’
1339 2223 1435 2253 αὑταῖς
1455 2220 1646 2256 ὲξερχομένης,
1667 2218 1843 2254 εὐτονώτερον
1861 2215 1885 2242 δὲ

1114 2272 1148 2306 τῇ
1162 2269 1223 2305 θείᾳ
1235 2268 1335 2304 μελέτῃ
1350 2267 1537 2302 ἐπειγόμενος,
1554 2266 1601 2292 καὶ
1614 2263 1760 2292 πυκτεύων
1773 2263 1836 2299 πρὸς
1847 2261 1886 2287 τὸν

1115 2305 1246 2349 πολέμιον
1254 2315 1394 2345 ἑκάστοτε,
1403 2312 1569 2348 θερμότερον
1579 2310 1608 2337 δέ
1616 2311 1685 2346 πρὸς
1698 2309 1750 2345 τὴν
1760 2308 1812 2336 τῶν
1821 2305 1886 2334 ἀδελ-

1116 2361 1174 2396 φῶν
1201 2361 1295 2396 χρείαν
1316 2358 1530 2394 παριστάμενος,
1543 2356 1590 2384 καὶ
1612 2356 1657 2382 τὸν
1677 2355 1729 2390 μέν
1740 2351 1887 2390 θεραπεύων

1117 2407 1297 2442 λυπούμενον,
1312 2405 1359 2432 τὸν
1372 2404 1401 2431 δέ
1413 2401 1585 2439 ψυχαγωγῶν
1601 2400 1775 2431 ἐκλείποντα,
1793 2399 1837 2425 καὶ
1847 2396 1888 2423 HF

1117 2453 1163 2480 λον
1175 2449 1334 2488 ἐπανορθῶν
1347 2449 1565 2480 καταπίπτοντα,
1584 2446 1632 2473 καὶ
1645 2446 1740 2480 ἕτερον
1749 2443 1887 2479 γλυκαενων

1119 2498 1342 2535 πικραινόμενον,
1355 2496 1403 2523 καί
1416 2495 1450 2530 τῇ
1459 2493 1507 2520 τοῦ
1523 2492 1673 2528 πάσχοντος
1696 2490 1752 2522 ἔξει
1776 2494 1887 2535 συμμορ-

1119 2532 1264 2581 φούμενοσ,
1277 2543 1292 2570 δ
1311 2541 1452 2576 πολυειδὴς
1473 2539 1576 2571 ἐκεῖνος
1603 2537 1657 2564 τῶν
1677 2535 1775 2581 ψυχῶν
1798 2532 1886 2581 ἱειτρξς.

1120 2577 1339 2626 καὶ-θεραπεύων
1353 2587 1453 2622 ἄριστα
1463 2585 1527 2616 τοὺς
1537 2583 1701 2618 πάσχοντας.
1716 2580 1783 2608 ούδὶ
1808 2577 1888 2626 ἐκεῖνο

1121 2623 1325 2673 παραλείψομαι
1342 2630 1589 2666 ἀξιομνημόνευτον
1603 2626 1746 2662 τυγχάνον,
1756 2626 1796 2652 ὅτι
1806 2623 1888 2651 ἅλυσιν

1039 2747 1154 2777 ΝΟΤΕ.

325 2809 382 2845 (‘32)
401 2808 550 2837 Monachus
567 2807 601 2835 ad
615 2805 710 2836 decem
723 2805 862 2835 centurias
873 2805 1068 2840 propemodum
1089 2804 1248 2838 accessisse,
1263 2802 1346 2830 tradit
1358 2802 1453 2830 eadem
1469 2801 1539 2828 Vita.
