1924 3077
71 160 124 193 837

408 160 549 191 ORATIO
568 160 621 190 Χῐ.
637 173 670 178 -
683 159 875 190 LAUDATIO
895 160 925 189 S.
947 160 1132 190 PLATONIS
1156 160 1372 192 HEGUMENI.

1648 162 1700 194 838

73 217 230 255 σιδηραίαν,
245 217 342 253 ἱκανὴν
354 217 394 254 τῷ
410 218 500 254 βάρει,
525 218 564 254 τῷ
590 218 653 245 ποδὶ
676 217 809 254 περιθεὶς,
821 219 859 245 ὲν-

914 218 974 253 pedi
1004 219 1227 252 circumponens,
1261 217 1289 244 in
1313 216 1360 244 tali
1395 215 1488 244 labore
1519 219 1702 252 perseverarit

71 265 216 300 εκαρτέρει
232 264 288 296 τοῖς
300 264 394 295 πόνοις
413 264 473 298 (καὶ
486 265 517 291 τδ
534 264 656 296 κοπῶδες
671 264 744 297 ὅσον,
755 264 787 291 τὸ
802 263 861 299 μεθ’

71 309 173 345 ἑαυτῆς
195 309 352 341 καθεύδειν,
369 308 439 344 ὁμοῦ
465 318 496 336 τε
513 309 696 345 ἐγρηγορέναι
715 309 763 336 καὶ
777 309 862 345 ἐργά-

70 355 178 387 ζεσθαι,
200 356 317 392 συνορᾷν
337 355 443 388 ἔξεστιν
465 355 505 391 τῷ
524 355 678 390 ἀρτίφρονι)
693 355 744 382 οὐκ
759 355 862 382 ἑπιδει-

70 401 157 428 κτιῶν
173 401 222 436 τὴν
237 402 386 437 κάθειρξιν,
401 401 455 428 οὐδ’
467 402 499 428 οὺ
517 402 570 438 μὴν
586 401 677 436 αὒχῶν
692 401 742 437 τὴν
763 401 862 436 πρᾶξιν

70 447 110 479 ὡς
124 448 225 483 ἀρετῆς
240 446 433 484 ἐργαστήριον,
448 449 509 476 κατ’
523 448 628 475 ἐκεῖνον
651 456 704 475 που
728 447 773 474 τὸν
796 447 862 474 Χεί-

72 501 147 528 ρωνα
162 493 193 520 τὺ
210 493 372 521 Θετταλικὸν
389 494 488 530 ἄντρον
512 494 639 520 οἰκοῦντα
661 493 767 528 (πόρρω
778 493 834 529 γὰρ
847 493 862 519 ὀ

69 538 192 574 ἀθλητὴς
204 538 258 572 ζτοῦ
283 539 408 574 πάθους)·
431 539 500 566 ἀλλὰ
519 539 568 574 τὴν
590 538 639 573 μὲν
655 537 810 570 εὐτελίζων,
823 538 863 569 ὼς

70 584 102 610 οὺ
119 584 280 619 θεραπεύων
295 584 378 617 ἀξίως
389 585 438 620 τὴν
454 585 483 611 δὲ
506 584 614 620 κρύψας
632 582 716 620 τέχνῃ
735 592 862 611 ταπεινο‹

71 629 222 665 φροσύνης,
249 631 295 657 καὶ
325 630 424 666 μικροῦ
455 631 545 658 λαθὼν
572 631 707 663 ἅπαντας,
740 631 792 662 ἕως
816 631 861 658 ὅτε

71 676 215 711 προελθὼν
234 676 284 712 τῆς
297 676 396 712 κέλλης
407 676 452 703 διὰ
471 676 573 712 Κῠριον
583 698 591 710 ,
607 677 738 713 ἐγνώρισε
760 677 808 703 καὶ
824 676 861 711 μὴ

72 720 247 755 βουλόμενος.
273 721 343 756 Περὶ
373 720 422 756 μὲν
447 721 550 748 τούτων
575 721 645 754 ἅλις,
662 721 802 756 φιλοῦντος
812 720 861 748 τοῦ

70 764 209 800 ἀκροατοῦ
223 765 255 792 τὸ
271 765 394 801 μέτριον,
413 766 460 793 καὶ
471 767 520 793 οὐκ
537 767 719 803 εὐποροῦντος
731 766 779 794 τοῦ
793 767 862 803 γράμ

71 818 171 844 φοντος
186 810 329 845 ἑξηγορεῖν
349 809 561 846 πλουσιώτερον.

107 855 155 881 λδτ.
178 855 289 891 Ἐπειδὴ
297 855 326 882 δὲ
336 856 443 883 ἁπεσίω
455 856 469 882 ὀ
476 856 628 889 τηνικαῦτα
639 856 710 888 θεῖος
719 855 859 892 πρόεδρος,

71 901 195 937 ζητεῖται
209 901 299 937 ψῆφος
309 902 573 936 πατριαρχήσοντος,
587 902 634 929 καὶ
647 902 681 929 τὰ
693 902 859 938 ψηφίσματα

71 947 120 973 ἐπὶ
132 947 247 978 πολλοὺς
258 947 284 973 ot
299 947 404 978 πολλοὶ,
418 947 456 979 ὡς
470 947 585 978 ἕκαστος
599 945 671 983 εἶχεν
679 949 751 975 κατά
765 948 859 983 φιλίαν

70 992 87 1026 ἢ
103 991 253 1026 ἀλήθειαν·
271 991 395 1027 ζητεῖται
421 991 469 1018 καὶ¹
491 990 566 1026 παρά
587 991 634 1018 τοῦ
660 992 784 1028 Πατρὸς,
809 993 859 1028 οὐχ

71 1036 125 1062 ὑπὸ
135 1036 190 1062 τῶν
214 1036 263 1071 τῆς
297 1035 447 1071 ἱερωσύνης
467 1036 547 1070 μόνον
568 1036 712 1071 ὲγκρίτων,
730 1038 789 1065 ἀλλ’
808 1038 858 1074 ήδη

71 1083 120 1108 καὶ
131 1081 200 1117 πρὸς
211 1081 292 1108 αὑτοῦ
309 1081 356 1108 τοῦ
371 1081 568 1116 βασιλεύοντος.
585 1082 618 1108 Τί
626 1081 673 1110 οὖν
685 1083 749 1116 ἔδει,
761 1083 784 1110 ὦ
792 1085 859 1119 πρὸς

71 1127 123 1161 τῆς
138 1127 267 1161 ἀληθείας
282 1126 368 1161 αὐτῆς
382 1136 388 1159 ;
406 1127 466 1162 οὐχὶ
478 1129 523 1154 τὸν
540 1128 659 1155 τοσαῦτα
672 1129 740 1165 ὑπὲρ
749 1129 795 1156 τοῦ
808 1138 859 1156 κα-

70 1172 119 1199 λοῦ
140 1172 328 1205 ἑναθλήσαντα
344 1172 391 1199 καὶ
414 1172 607 1208 ὴκριϐωμένου
624 1173 682 1208 βίου
708 1175 766 1206 τοῖς
791 1177 858 1202 πᾶσι

71 1217 154 1252 νόμον
172 1217 364 1254 προκείμενον,
379 1217 501 1253 ἀψευδῶς
509 1220 596 1246 είτιεῖν
614 1219 662 1255 τὴν
684 1220 797 1248 ἐνοῦσαν
814 1222 860 1248 αὺ-

71 1264 110 1297 τῷ
122 1262 252 1296 διάθεσιν,
269 1263 338 1298 πρὸς
352 1263 383 1290 τὺ
409 1265 486 1300 κοινῇ
516 1264 656 1301 συμφέρον
685 1266 858 1300 σκοποῦντα;

72 1309 122 1341 οὐ,
135 1310 217 1344 φασὶν
228 1310 254 1336 οἱ
267 1310 301 1336 τὰ
313 1310 417 1336 ἐκείνου
428 1309 599 1341 σκώπτοντες
609 1319 639 1337 τε
654 1311 700 1338 καὶ
714 1312 861 1346 διαγελῶν-

70 1362 129 1386 τες,
143 1354 200 1380 ἀλλ’
215 1354 232 1389 ἢ
246 1353 294 1389 τὴν
321 1354 433 1387 ἄγνοιαν
453 1355 649 1390 προὸαλέσθαι,
661 1355 678 1390 ἢ
692 1358 749 1388 τοῖς
765 1357 861 1393 ἐπιζη-

71 1399 173 1433 τήσασι
186 1399 388 1434 παραχωρῆσαι
404 1399 435 1426 τὸ
450 1399 581 1435 ψήφισμα
592 1407 599 1414 ·
616 1400 690 1428 ἐστιν
709 1401 749 1433 δὲ,
765 1402 796 1428 τὺ
811 1403 860 1437 μὲν

71 1444 205 1480 πρότερον
216 1444 324 1479 ψεῦδος,
337 1445 367 1471 τὸ
381 1444 408 1471 δὲ
420 1444 547 1480 δεύτερον
562 1446 717 1481 ὑπόκρισις,
743 1448 789 1474 καὶ
804 1449 860 1483 ἀμ-

71 1490 176 1525 φότερα
188 1489 360 1517 ἀπόπτυστα.
377 1489 406 1517 '0
423 1490 473 1525 μὲν
489 1489 537 1518 οὖν
553 1492 605 1527 τὴν
619 1491 709 1526 ψῆφον
725 1492 857 1521 ἔστειλεν·

69 1536 102 1562 τὸ
127 1535 155 1562 δὲ
177 1535 219 1570 ἐφ’
233 1536 305 1570 ὅτῳ,
329 1536 409 1572 παρῶ
434 1537 523 1571 λέγειν
538 1544 546 1553 ·
571 1538 727 1565 ἐπέστειλεν
746 1539 768 1566 δ’
785 1540 860 1575 ὅμως

70 1581 175 1613 ὡς-ὑπὸ
185 1566 245 1616 est;
260 1566 390 1617 μίάίρτυρὶ.
410 1566 503 1609 Kat'ot
537 1582 586 1617 μὲν
608 1583 735 1618 ἀσμένως
752 1566 861 1617 ιδέὲαίνξ
874 1566 896 1598 C

69 1635 112 1659 το,
128 1627 179 1654 οὐκ
192 1625 242 1654 οἷδ’
264 1627 348 1663 ὁποίῳ
364 1628 458 1665 τρόπῳ
473 1628 672 1664 βεϐαιώσαντες
683 1629 714 1657 τὸ
724 1631 859 1667 γράμμα·

69 1675 86 1701 6
102 1674 132 1701 δὲ
147 1674 238 1702 λαὸὼν
260 1675 435 1708 ἀπεσείσατο,
464 1675 649 1710 μετακυλίσας
666 1676 705 1708 ὡς
731 1678 761 1704 ιν
784 1677 860 1714 κύϐῳ

69 1720 121 1752 τὰς
137 1720 257 1755 ψήφους.

915 267 1009 302 (quam
1025 271 1116 293 autem
1136 264 1284 292 molestum
1300 263 1383 291 fuerit
1397 271 1461 291 cum
1475 263 1610 298 ejusmodi
1638 265 1702 292 viu-

915 311 978 339 culo
986 311 1117 344 dormire,
1127 312 1251 347 vigilare.
1258 309 1376 346 operari,
1387 309 1464 337 facile
1477 315 1590 345 apparet
1599 311 1702 339 intelli-

915 357 1024 393 genti),‘
1034 357 1116 392 idque
1130 365 1184 385 non
1197 362 1227 385 ut
1240 357 1395 385 clausuram
1412 360 1574 388 ostentaret,
1595 361 1642 384 aut
1656 365 1703 385 ve-

915 401 955 429 lut
966 402 1075 429 virtutis
1093 401 1227 428 otiieiuam
1244 400 1371 436 jactaret.
1390 399 1530 433 quomodo
1546 399 1701 426 Cbironille

915 453 1025 476 antrum
1058 447 1249 475 Thessalicum
1279 446 1405 474 habitans
1428 445 1519 480 (longe
1549 445 1622 472 enim
1637 445 1702 472 abc-

915 499 991 522 rata
1021 494 1067 521 lali
1099 493 1189 528 vitio),
1211 492 1258 520 sed
1285 493 1414 519 virtutem
1443 491 1553 526 quidem
1568 495 1702 518 extenua-

915 540 971 574 bat,
994 546 1024 568 ut
1040 541 1086 576 qui
1102 547 1163 568 eam
1180 547 1239 567 non
1257 543 1340 574 prout
1354 546 1403 574 par
1416 543 1475 565 erat
1488 538 1591 571 coleret
1605 546 1613 570 ;
1628 542 1702 565 cate-

914 594 977 614 nam
1000 594 1065 614 vero
1079 585 1267 613 abscondehat
1281 584 1428 612 artificiosa
1441 584 1606 616 humilitate,
1632 583 1701 611 adeo

914 637 945 659 ut
965 631 1023 659 fore
1039 635 1155 660 cunctos
1182 630 1288 663 lateret,
1309 629 1403 665 quoad
1432 637 1448 656 e
1476 629 1546 656 cella
1574 636 1702 662 egressus

915 683 1024 712 propter
1041 675 1186 703 Dominum
1201 684 1210 709 ;
1228 683 1289 702 eam
1303 675 1346 702 vel
1366 674 1469 701 invitus
1483 673 1623 708 patefecit.
1648 672 1702 700 Ve-

914 730 976 750 rum
1004 722 1037 749 de
1052 721 1095 749 his
1111 728 1186 748 nune
1206 720 1284 751 satis,
1307 726 1370 746 eum
1384 723 1412 746 et
1423 717 1531 744 auditor
1552 716 1700 744 mediocri-

914 771 997 795 tatem
1013 770 1096 798 amet,
1112 769 1139 793 et
1156 765 1275 800 scriptor
1294 771 1349 791 non
1366 761 1488 790 abundet
1511 761 1644 790 facultate
1656 768 1701 789 res

914 811 1055 846 copiosius
1071 809 1231 837 enarrandi.

951 855 995 883 54.
1019 854 1139 890 Contigit
1152 858 1243 882 autem
1262 861 1294 881 ex
1308 853 1360 880 hac
1373 853 1428 880 vita
1450 853 1567 888 migrare
1577 851 1698 879 divinum

872 893 896 923 Β
911 900 972 936 ejus
989 899 1121 935 temporis
1145 899 1328 935 patriarcham
1340 897 1409 933 (25),
1424 905 1543 932 cumque
1559 897 1593 925 de
1607 896 1701 925 futuro

912 945 1031 973 Praesule
1056 945 1200 973 sententiae
1212 945 1425 980 postularentur,
1439 951 1530 979 eaeque
1546 943 1701 971 divideren-

912 996 957 1020 tur
968 992 995 1019 in
1004 991 1116 1023 multos,
1128 990 1332 1025 proutquisque
1342 989 1384 1017 vel
1395 989 1593 1017 amicitiam’vel
1608 995 1700 1016 veram

912 1038 1040 1066 Ecclesiae
1050 1037 1191 1072 spectabat
1204 1036 1348 1064 utilitatem
1362 1035 1494 1070 requisita
1503 1039 1546 1062 est
1557 1035 1640 1062 etiam
1648 1034 1699 1062 Pa-

912 1083 962 1111 tris
972 1083 1058 1111 nostri
1074 1081 1373 1114 sentenliamonsolum
1384 1080 1458 1108 abiis
1468 1079 1700 1115 quierantSacer—

912 1129 986 1156 dotio
1000 1128 1131 1163 insignes,
1147 1127 1194 1155 sed
1202 1127 1236 1154 ab
1253 1127 1312 1161 ipso
1329 1133 1438 1161 quoque
1452 1124 1621 1160 lmperatore
1631 1124 1699 1159 (Si).

912 1175 1033 1203 Obsecro
1039 1183 1086 1210 per
1093 1175 1234 1202 veritatem
1248 1173 1346 1208 ipsam,
1354 1172 1419 1206 quid
1431 1172 1645 1206 oportebateum
1657 1170 1701 1197 fa-

912 1222 995 1249 cere?
1021 1220 1148 1256 Nunquid
1167 1220 1284 1248 debebat
1299 1219 1323 1246 is
1336 1218 1383 1254 qui
1402 1223 1476 1245 tanta
1490 1221 1548 1245 erat
1568 1225 1617 1252 pro
1646 1218 1701 1244 vir-

914 1273 972 1295 tute
988 1274 1094 1302 passus,
1111 1271 1138 1294 et
1160 1267 1224 1294 vitae
1251 1265 1452 1301 probatissima:
1478 1264 1605 1299 exemplo
1627 1271 1699 1291 cun-

913 1314 964 1342 ctis
979 1313 1154 1348 pralueebat,
1170 1312 1277 1340 sincere
1293 1311 1401 1339 edicere
1424 1311 1589 1338 sententiam
1619 1317 1699 1337 suam

913 1360 1063 1394 spectando
1077 1359 1211 1394 publicam
1231 1357 1401 1385 utilitatem?
1422 1356 1542 1389 Minime,
1572 1355 1700 1390 inquiunt

913 1405 972 1440 ejus
988 1404 1201 1432 subsannatores
1224 1402 1417 1436 irrisoresque,
1434 1401 1481 1429 sed
1510 1401 1551 1428 vel
1570 1401 1700 1436 ignoran-

915 1451 981 1477 tiam
1010 1454 1158 1484 prmtexere
1185 1448 1289 1481 debuit,
1310 1452 1358 1475 aut
1385 1455 1415 1475 se
1445 1447 1699 1482 interrogantibus,

914 1496 1078 1524 sententiam
1102 1494 1274 1530 permittere.
1289 1495 1324 1521 At
1341 1496 1460 1529 primum
1475 1493 1585 1526 quidem
1599 1492 1700 1521 falsum

914 1541 1021 1574 fuisset,
1044 1541 1227 1568 adulatorium
1241 1539 1378 1572 alterum;
1398 1543 1546 1573 utrumque
1569 1546 1701 1573 respuen-

913 1587 990 1615 dum.
1005 1586 1080 1614 Misit
1095 1586 1178 1622 igitur
1195 1584 1355 1619 suffragium
1370 1592 1450 1611 suum
1467 1584 1522 1619 (cui
1538 1583 1643 1616 dattuu,
1658 1584 1700 1611 di-

914 1640 976 1661 cere
994 1631 1183 1666 supersedeo),
1201 1630 1378 1658 misitautem
1392 1629 1466 1656 velut
1483 1629 1538 1656 Deo
1552 1634 1620 1656 teste
1639 1637 1646 1656 :
1671 1632 1700 1656 et

913 1677 1042 1714 Episcopi
1051 1676 1160 1712 quidem
1169 1679 1359 1710 susceperunt,
1376 1674 1469 1701 nescio
1483 1675 1621 1710 quomodo
1632 1682 1699 1701 con-

914 1725 1055 1753 ﬁrmantes
1071 1723 1143 1759 quod
1177 1722 1346 1757 scripserat;
1367 1720 1517 1756 Imperator
1531 1729 1597 1748 vero
1624 1721 1700 1748 acci-

70 1767 150 1802 piens
174 1766 316 1803 sull'ragia,
331 1774 374 1799 ea,
396 1767 469 1795 velut
486 1768 512 1795 in
536 1768 603 1796 aleae
621 1768 697 1802 ludo,
724 1769 861 1800 invertens
895 1772 1027 1800 excussit.
1047 1771 1097 1798 Ast
1128 1769 1206 1797 Plato
1219 1768 1370 1804 (quoniam,
1398 1771 1512 1802 urgente
1537 1767 1700 1795 necessitate

71 1813 192 1848 capitis,
220 1814 434 1849 unumquodque
458 1816 643 1844 membrorum
681 1822 810 1852 praestare
843 1820 913 1848 solet
946 1819 1020 1855 quod
1053 1818 1079 1845 in
1112 1824 1142 1845 se
1169 1817 1231 1851 est)
1261 1816 1294 1843 ad
1313 1816 1460 1851 quemdam
1493 1815 1699 1843 monasticiha-

72 1859 147 1888 bitus
158 1860 259 1892 virum,
270 1859 386 1888 Caesaris
404 1865 494 1889 autem
502 1862 788 1897 propinquum,noctu
814 1865 938 1898 contulit,
948 1865 1015 1892 nihil
1027 1863 1155 1891 dubitans
1170 1862 1245 1891 foras
1259 1861 1386 1897 progredi
1401 1866 1511 1897 propter
1525 1868 1698 1889 communem

71 1909 220 1938 utilitatem
236 1917 242 1935 :
265 1916 384 1943 cumque
399 1909 424 1936 ei
439 1916 500 1944 quze
528 1909 718 1942 conveniebat,
743 1911 859 1940 dixisset
873 1911 1018 1940 confestim
1035 1909 1147 1938 domum
1164 1908 1253 1936 rediit.

106 1955 155 1981 λε’.
176 1955 232 1982 Καὶ
248 1954 263 1981 ὁ
278 1955 326 1989 μὶν
340 1955 445 1990 (ἐπειδὴ
459 1955 539 1991 χρεία
553 1956 676 1992 κεφαλῆς
695 1960 864 1994 προϊσταμὲ-

63 2009 120 2035 ⁴νης
135 2000 251 2026 ἕκαστον
259 1999 319 2026 τῶν·
332 2000 421 2034 μελῶν
432 2001 462 2027 τὸ
472 2000 533 2028 καθ’
543 2001 625 2028 ἑαυτὸ
643 2003 781 2036 εἰσοίσειν)
794 2004 862 2040 πρός

68 2055 134 2072 τινα
149 2046 204 2072 τῶν
214 2046 392 2081 ὁμοσχήμων,
405 2046 536 2081 ἀγχιστέα
547 2047 576 2074 δὲ
594 2047 640 2074 τοῦ
656 2048 806 2084 Καίσαρος,
823 2050 860 2086 μὴ

69 2091 234 2126 εὐλαϐηθεὶς
249 2091 298 2127 τὴν
308 2091 396 2124 ἔξοδον
406 2091 451 2118 διὰ
458 2091 489 2118 τδ
500 2093 577 2128 κοινῇ
589 2094 738 2129 συμφέρον,
752 2095 860 2131 νύκτωρ

69 2137 193 2170 ἄπεισιν,
208 2138 255 2165 καὶ
270 2137 458 2172 φθεγξάμενος
470 2138 505 2165 τὰ
520 2139 625 2172 εἰκότα,
639 2140 730 2166 οἴκαδε
758 2140 855 2168 θᾶττον

69 2183 222 2211 ἐπάνεισιν·
237 2183 251 2209 ὸ
265 2182 294 2209 δι
315 2182 408 2218 μαθὼν
433 2183 563 2219 ἔξεμάνη,
588 2185 635 2211 καὶ
657 2185 755 2221 μικρὸν
767 2186 856 2222 λωφή-

68 2235 120 2260 σας
135 2227 200 2254 ὅσον
219 2227 260 2258 είς
274 2227 362 2262 πέρας
381 2227 497 2262 ἀγαγεῖν
519 2227 550 2255 τὸ
575 2228 798 2265 βεϐουλευμένον,
815 2230 857 2257 αῖ-

69 2281 112 2308 ρει
126 2272 178 2299 σὺν
191 2273 256 2308 ἡμῖν
270 2272 316 2299 τὸν
332 2272 455 2308 Πατέρα,
470 2273 517 2300 καὶ
530 2275 618 2301 εῐκοσι
631 2274 700 2309 πρὸς
713 2275 858 2311 τέσσαρσιν

67 2316 191 2353 ἡμέραις
206 2317 321 2352 θέμενος
341 2318 371 2344 ιν
390 2319 489 2353 στερεᾷ
511 2318 631 2355 φυλακῇ,
657 2321 727 2347 οἴκοι
745 2321 860 2348 ἐπανελ-

68 2362 127 2389 θεῖν
138 2363 265 2397 ἀφίησιν.
277 2363 348 2390 Ὅσα
362 2364 417 2400 γὰρ
429 2364 571 2400 ἐξύϐρισεν
587 2366 658 2393 κατά
682 2365 730 2392 τοῦ
751 2366 858 2402 ἀνδρὸς,

69 2407 172 2442 μᾶλλον
185 2408 214 2434 δὲ
229 2408 290 2435 κατ’
305 2409 391 2443 αὐτῆς
404 2409 453 2444 τῆς
471 2409 600 2445 ἀληθείας
613 2410 791 2446 θυμομαχῶν,
811 2411 859 2438 καὶ¹

68 2453 267 2489 συνταράσσων
276 2453 324 2489 τὴν
334 2454 515 2490 ἀδελφότητα,
524 2456 572 2483 καὶ
581 2456 645 2488 τοὺς
660 2456 709 2490 μὲν
721 2456 858 2492 φρουρῶν,

67 2499 132 2530 τοὺς
148 2498 178 2525 δὲ
192 2498 280 2526 ἕλκων
304 2500 345 2531 είς
374 2500 554 2536 κατηγορίας,
571 2501 596 2527 εί
620 2501 668 2528 καὶ
683 2501 814 2537 ῥίψασπις
829 2503 859 2528 ἐν

68 2545 137 2571 πᾶσι
152 2544 252 2578 γέγονε
271 2545 320 2572 καὶ
339 2545 544 2580 ἀξιυγέλαστος,
563 2546 591 2573 τι
607 2547 648 2574 δεῖ
672 2547 720 2574 καὶ
748 2547 858 2582 λέγειν;

68 2590 148 2616 ἆτινα
164 2590 327 2625 παρασκευὴ
343 2588 378 2626 ἦν
399 2591 451 2625 τῆς
471 2591 657 2627 τυρευομένης
679 2592 754 2628 αὐτῷ
774 2602 858 2629 πονη-

68 2634 130 2668 ρίας
146 2635 194 2661 καὶ
204 2635 285 2663 οἱονεὶ
298 2636 466 2671 προεισόδιος
475 2636 585 2672 ἀνομία,
599 2637 737 2672 παίδευμα
746 2638 774 2664 δὲ
786 2638 857 2665 κατά

67 2680 115 2715 τὴν
133 2680 242 2707 ἑκείνου
265 2681 434 2718 φληνάφειαν
458 2682 509 2717 τῆς
529 2682 662 2718 δοκούσης
678 2684 856 2719 προπετείας.

948 1958 993 1986 55.
1012 1957 1165 1992 imperator
1180 1963 1262 1991 porr-0
1277 1955 1330 1983 hoc
1344 1955 1509 1989 intelligens.
1530 1954 1623 1983 furere
1642 1963 1701 1983 cte-

911 2004 962 2040 pit,
975 2003 1171 2037 modicumque
1185 2005 1342 2033 cunctatus,
1355 2001 1441 2028 donec
1455 2001 1616 2035 perfecisset
1626 2002 1699 2036 quod

910 2049 1030 2081 volebat,
1049 2048 1113 2075 tulit
1126 2047 1270 2075 nobiscum
1288 2046 1397 2074 Patrem
1409 2051 1532 2074 nostrum
1550 2056 1557 2074 :
1573 2052 1600 2074 et
1621 2051 1700 2082 post-

910 2102 993 2130 quam
1005 2093 1100 2129 viginti
1118 2098 1240 2128 quatuor
1263 2092 1360 2119 diebus
1377 2092 1404 2119 in
1417 2092 1486 2119 bene
1503 2092 1607 2120 munita
1634 2100 1700 2120 cus-

909 2140 982 2167 todia
1001 2138 1143 2166 habuisset
1159 2137 1284 2172 permisit
1311 2137 1400 2165 redire
1423 2137 1456 2164 ad
1486 2139 1696 2166 monasterium.

905 2183 974 2218 Quid
992 2183 1090 2211 attinet
1102 2183 1205 2215 dicere,
1220 2187 1340 2218 quantas
1363 2182 1466 2211 Sancto
1480 2204 1488 2216 .
1506 2184 1562 2212 imo
1578 2185 1629 2220 ipsi
1650 2194 1698 2213 ve-

905 2228 977 2256 ritati
993 2228 1110 2263 injurias
1122 2227 1257 2260 intulerit,
1273 2227 1414 2255 iracundia
1429 2228 1698 2265 percitustotamque

907 2274 1079 2302 conturbans
1094 2274 1335 2307 communitatem,
1350 2274 1422 2301 alios
1439 2275 1597 2303 carceribus
1609 2276 1698 2303 inclu-

908 2320 1010 2352 dcndo.
1031 2319 1100 2347 alios
1133 2319 1167 2347 ad
1193 2319 1375 2354 quaestionem
1401 2320 1557 2355 rapiendo?
1583 2329 1645 2348 cum
1669 2321 1696 2349 in

909 2365 1036 2393 omnibus
1057 2365 1166 2393 tandem
1186 2366 1278 2393 victus
1289 2370 1317 2394 et
1332 2367 1388 2393 risu
1415 2367 1514 2403 dignus
1529 2369 1697 2403 apparuerit.

911 2410 964 2438 Sed
979 2411 1036 2438 haec
1057 2411 1146 2439 solum
1162 2412 1292 2447 prmludia
1307 2413 1430 2447 quaedam
1449 2418 1527 2441 erant
1544 2414 1699 2450 iniquitatis

910 2465 992 2492 quam
1011 2457 1207 2490 meditabatur,
1226 2462 1254 2485 et
1265 2458 1339 2486 velut
1351 2459 1548 2493 prmambulare
1566 2460 1697 2497 ﬂagitium

910 2508 943 2528 ac
955 2501 1140 2529 rudimentum
1155 2502 1320 2538 nugacitatis
1331 2507 1358 2530 et
1377 2503 1544 2538 petulantiae.
1554 2505 1698 2535 Intervallo

910 2554 1030 2582 namque
1057 2548 1190 2582 temporis
1226 2548 1335 2576 modico
1369 2553 1481 2577 secutus
1519 2555 1561 2578 est
1588 2553 1699 2581 malitia:

910 2598 1113 2621 consummatae
1138 2593 1260 2622 assultus
1277 2603 1283 2621 :
1299 2594 1381 2630 idque
1399 2601 1510 2630 propter
1533 2596 1696 2632 Josephum,

911 2639 987 2665 illum
1015 2639 1062 2673 qui
1098 2639 1222 2667 moechos
1261 2639 1461 2675 conjuuxerat,
1498 2642 1599 2669 malum
1625 2643 1696 2670 intra

910 2684 1014 2712 viscera
1030 2684 1149 2718 haerens,
1171 2689 1201 2713 et
1227 2685 1356 2713 Ecclesia
1383 2686 1598 2715 turbamentum.
1619 2688 1698 2716 Post-

858 2739 975 2768 ΝΟΤΕ.

67 2823 88 2851 F
104 2789 162 2851 £25)
179 2788 303 2831 \iprtuus
317 2797 358 2819 est
374 2793 403 2820 S.
428 2793 560 2822 Tarasius
590 2801 663 2823 anno
682 2794 744 2829 806,
760 2797 804 2824 die
825 2797 860 2825 25

89 2832 104 2851 ε
125 2833 223 2852 ruam.

103 2860 162 2894 tu)
179 2860 203 2887 Is
212 2865 271 2889 erat
283 2862 464 2898 Nicephorus,
475 2864 521 2899 qui
534 2865 610 2893 lrene
621 2865 860 2902 ejectaimperinm

913 2797 1069 2833 arripuerat
1092 2799 1263 2835 anno~_802;
1276 2799 1323 2835 qui
1339 2800 1478 2834 quomodo
1496 2809 1525 2828 se
1539 2803 1653 2835 gesserit
1668 2803 1694 2830 in

916 2834 1086 2869 procuranda
1116 2833 1146 2861 S.
1165 2833 1312 2869 Nicepho'ri
1339 2833 1372 2861 ad
1403 2833 1616 2869 patriarcliatutn
1640 2838 1695 2866 cle-

915 2868 1017 2902 ctione,
1033 2868 1095 2896 vide
1106 2869 1134 2896 in
1148 2868 1306 2904 hujusVita
1322 2869 1354 2896 15
1374 2868 1462 2897 Min-lii
1475 2878 1550 2899 num.
1565 2871 1612 2900 ﬁt.
