1924 3077
75 101 121 135 841

406 100 547 131 ORATIO
566 100 620 131 XI.
633 113 668 118 —
682 99 873 130 LAUDATIO
892 99 923 130 S.
944 99 1127 130 PLATONIS
1148 100 1364 130 HEGUMENI.

1637 100 1689 133 842

77 158 234 194 μετέπειτα,
248 157 330 192 ἡνίκα
352 157 501 191 ἀπαγωγαὶ
530 158 577 183 καὶ⁸
606 157 775 191 μεταγωγαὶ,
792 157 855 182 διω-

916 156 987 190 tlura
1020 157 1102 184 etiam
1119 164 1200 192 quam
1213 157 1283 192 jussi
1299 160 1376 184 crant
1394 156 1463 183 mala
1477 157 1590 185 inclusis
1619 159 1691 186 info-

74 203 138 239 γμοὶ
153 203 201 230 καὶ
214 201 369 237 ἑξετασμοὶ,
393 202 576 238 διαχωρισμοί
595 211 625 228 τε
641 200 675 230 αὖ
701 202 749 229 καὶ
762 202 858 237 ἀφορι-

74 250 144 284 σμοὶ,
156 249 269 277 ἀπειλαί
285 257 315 276 τε
328 249 376 276 καὶ
387 249 479 285 ὀργαὶ,
493 249 642 285 ἐρωτήσεις
667 257 698 276 τε
734 249 781 276 καὶ
795 249 859 275 ἀντ-

74 290 246 331 αποκρίσεις,
267 296 315 323 καὶ
328 296 343 322 ὁ
357 295 387 322 ἐν
399 295 475 331 πάσῃ
487 296 521 330 τῇ
539 295 615 322 πόλει
627 295 811 330 κωδωνισμδς,
820 296 857 330 μή

72 341 113 372 τίς
135 349 187 368 που
198 340 347 376 κρύπτοιτο
361 339 449 366 λαθὼν
463 339 518 367 τῶν
542 340 676 375 ἀδελφῶν,
692 340 730 372 ὡς
754 341 801 367 καὶ
819 341 858 372 εὶς

73 387 141 418 ὀπὰς
165 387 216 421 τῆς
247 387 298 422 γῆς
325 385 379 413 δέει
404 385 461 413 τῶν
491 385 614 413 διωκτῶν
639 393 700 413 τινα
722 385 858 421 διασωθῆ-

73 439 127 458 ναι.

478 528 490 542 α

107 559 160 596 λη’.
173 559 228 587 Καὶ
244 559 331 586 ταῦτα
345 559 417 594 ὑπὲρ
437 559 527 592 τίνος;
541 558 638 593 (Πάλιν
661 560 716 595 γὰρ
735 560 857 595 ἀναλαμ-

74 605 164 632 ϐάνειν
180 605 311 639 ἐκπλήξει
328 604 360 631 τδ
375 604 468 639 δρᾶμα
477 604 760 640 περιπονοῦμαι.)¹’1να
772 607 786 632 ὁ
797 614 858 632 στε-

75 651 200 687 φανώσας
223 652 286 682 τοὺς
314 650 501 686 μοιχωμένους
520 650 597 685 παρὰ
625 651 656 678 τὺ
679 651 856 685 Εὐαγγέλιον,

75 698 146 724 κατὰ
160 696 297 723 ἀντίθεσιν
315 695 364 722 τοῦ
380 695 549 731 Προδρόμου,
566 695 604 727 ὡς
626 696 783 731 οῑκονομίαν
802 705 855 723 σω-

74 743 167 778 τήριον
177 743 210 777 τῇ
233 740 384 777 Ἐκκλησία
393 741 552 775 πεποιηκὼς
561 740 676 775 ἁθωωθῇ
688 742 839 777 ἱερουργεῖν
847 748 855 757 ·

75 787 123 814 καὶ
136 786 161 814 οἱ
175 785 270 812 τοῦτον
283 786 321 821 μὴ
338 785 516 821 προσιέμενοι
530 785 729 820 εὐαγγελικῶς,
745 786 857 822 ἔκνομοι

75 833 122 860 καὶ
136 831 367 868 ὴλλοτριωμένοιί
383 832 415 858 Ὤ
426 830 541 858 διώκτου
559 830 670 866 πικροῦ,
691 821 855 867 Χριστιανοῦ
873 821 893 849 Β

75 876 259 912 προσηγορίαν
272 876 390 911 ἔχοντος,
411 876 458 902 καὶ
481 875 601 910 Χριστοῦ
618 876 716 910 νόμους
731 885 856 903 καταπα-

73 922 177 949 τεῖσθαι
196 921 322 954 ζέοντοςι
340 921 373 948 Τί
386 921 458 948 οὕτω
474 921 611 957 μέμηνας,
632 921 797 957 βαρυκάρδιε
810 922 857 949 καὶ

74 966 256 1001 ἀπηνέστατε,
279 966 327 993 σὺν
347 965 387 1001 τῷ
419 966 564 1002 ὀμοτρόπῳ
586 974 633 992 σου
659 965 859 1002 σκύμνῳ;οὑκ

74 1012 152 1039 οῐσῡα
166 1013 206 1038 ὅτι
222 1012 289 1047 πρὸς
303 1012 456 1047 ἀηττήτους
482 1012 582 1047 νόμους
612 1012 681 1039 Θεοῦ
695 1013 859 1049 παραστήσῃ

74 1057 121 1089 οὓς
146 1058 234 1090 οὐδεὶς
259 1057 477 1093 βασιλευσάντων
517 1058 664 1093 νενίκηκε;
686 1057 725 1093 μὴ
745 1058 786 1084 ὃτι
827 1066 859 1092 γε

75 1103 122 1130 καὶ
150 1103 344 1139 προσκρούσας
368 1103 461 1135 αὐτοῖς
491 1103 528 1134 ὡς
548 1104 591 1135 σὺ,
617 1103 774 1139 περιφανῶς
805 1103 860 1130 ἁπ-

76 1148 170 1175 ὤλετο.

111 1289 163 1316 λθ’.
185 1288 258 1316 Ἀλλ’
272 1288 294 1315 ὥ
308 1289 314 1316 !
331 1289 390 1321 πῶς
408 1290 532 1326 ἀπήγετο
543 1289 614 1316 ὀτοῦ
628 1289 695 1316 Θεοῦ
715 1289 861 1325 θεράπων;

77 1334 122 1361 ἐπ’
137 1334 219 1361 αὐτὸν
231 1334 285 1369 γὰρ
309 1334 452 1369 ἑπανίημι.
476 1334 560 1362 Πάλιν
586 1334 797 1370 μεθοριζόμενος
817 1336 863 1360 καὶ

76 1381 160 1407 πάλιν
173 1380 362 1415 διασπώμενος
378 1380 432 1407 ὑπὸ
444 1380 516 1408 δυοῖν
532 1389 563 1407 τε
586 1380 806 1415 σκηριπτόμενος
817 1380 862 1407 διὰ

77 1428 108 1454 τὸ
124 1427 162 1462 μὴ
184 1426 285 1462 ἰσχύειν
300 1426 341 1453 ἔτι
368 1426 537 1461 προῦαίνειν,
562 1426 706 1461 ἑλκόμενος
719 1426 753 1453 αὖ
769 1434 799 1452 τε
817 1425 864 1452 καὶ

909 206 1010 229 rentes.
1039 201 1173 229 Praetereo
1191 209 1252 237 quae
1268 205 1362 236 postea
1385 200 1456 228 facta
1482 206 1558 233 sunt,
1580 204 1691 237 quando

909 246 982 273 aliud
996 247 1064 274 nihil
1079 247 1175 274 audire
1189 251 1247 274 erat
1271 254 1354 281 quam
1383 246 1571 280 abductiones,
1597 247 1691 274 tradu-

908 291 1024 323 ctioncs,
1041 292 1256 327 persecutiones,
1273 292 1447 327 quaestiones,
1482 292 1690 326 disjunctiones,

908 337 1099 372 relegationes,
1116 338 1214 371 minas,
1229 338 1346 370 furores,
1370 337 1603 372 investigationes;
1619 343 1691 365 tota-

909 389 963 417 que
975 383 1042 410 urbe
1053 387 1253 418 perstrepentes
1262 383 1500 417 proclamationes;
1512 390 1544 410 ne
1551 383 1614 418 quis
1627 383 1692 410 Fra-

908 432 980 454 trum
1001 428 1108 462 uspiam
1121 428 1207 456 latens
1222 428 1435 456 absconderetur
1449 436 1456 461 ;
1473 428 1541 455 adeo
1559 433 1589 455 ut
1606 429 1633 455 in
1645 436 1693 456 ca-

908 474 999 501 vernis
1012 479 1100 507 terrm,
1117 480 1325 510 persecutorum
1341 479 1425 506 metu,
1443 475 1559 502 salutem
1573 475 1691 509 quasie-

909 519 964 545 rint
978 519 1074 554 aliqui.

943 564 988 592 '58.
1003 564 1065 592 llaac
1074 569 1164 593 autem
1171 565 1262 593 omnia
1273 573 1327 601 qua
1339 565 1372 593 de
1381 573 1465 595 causa
1477 567 1489 594 τ’
1502 567 1610 603 (iterum
1618 567 1691 595 enim

908 617 963 645 prae
978 610 1156 638 admiratione
1178 618 1260 647 cogor
1284 619 1340 639 rem
1363 614 1521 647 exponere.)
1544 613 1580 641 Ut
1595 621 1692 648 nempe

902 653 932 682 'ls
950 655 997 689 qui
1019 655 1158 683 adulteros
1191 660 1370 684 coronaverat
1388 661 1484 684 contra
1515 657 1691 693 Evangelium

907 704 934 727 et
949 706 1046 728 contra
1058 701 1240 729 Praecursoris
1265 703 1431 736 exemplum,
1448 707 1578 738 tanquam
1596 703 1692 731 Eccle-

908 744 954 772 siae
975 744 1034 771 utili
1049 744 1213 773 discretione
1228 753 1304 779 usus,
1323 746 1433 780 impune
1449 747 1536 775 sacris
1559 755 1689 782 operare-

908 794 953 816 tur
967 797 974 815 :
990 791 1093 824 quique
1107 790 1196 823 illum,
1229 791 1394 826 evangelicis
1418 792 1561 827 praeceptis
1584 793 1691 820 obtem-

908 839 1045 869 perantes,
1071 843 1126 863 non
1158 835 1340 868 admitterent,
1360 836 1435 871 impii
1449 844 1464 864 a
1480 836 1590 873 Deoque
1603 838 1686 866 alieni

908 880 1093 913 crederentur,
1117 879 1139 908 0
1165 880 1265 908 divina:
1283 881 1350 916 legis
1374 882 1644 916 praevaricationem!
1674 891 1692 910 ο

909 924 1037 952 acerbum
1053 930 1269 960 persecutorem,
1300 926 1347 961 qui
1360 933 1459 954 nomen
1476 927 1624 956 Christiani
1654 928 1693 955 lc-

908 978 982 1003 rens.
1008 971 1110 1000 Christi
1127 972 1199 1008 leges
1228 973 1395 1001 conculcare
1423 974 1584 1010 satagebat!
1619 974 1692 1008 Quid

910 1021 984 1044 tanto
1007 1017 1100 1046 furore
1126 1019 1195 1053 agis,
1210 1026 1227 1045 ο
1248 1019 1342 1053 gravis
1366 1020 1449 1047 corde
1465 1024 1491 1047 et
1508 1020 1693 1048 inclementis-

910 1070 989 1096 sime,
1004 1071 1056 1090 una
1071 1071 1132 1090 cum
1149 1064 1229 1092 simili
1246 1064 1294 1091 tibi
1309 1065 1399 1092 catqu
1414 1065 1472 1101 (27)
1485 1065 1497 1092 ?
1522 1065 1614 1094 Nescit
1628 1068 1692 1102 quia

911 1107 1010 1134 bellum
1037 1108 1086 1135 tibi
1100 1112 1141 1136 est
1161 1109 1291 1136 adversus
1308 1109 1507 1144 insuperabiies
1539 1111 1587 1138 Dei
1607 1112 1691 1146 leges.

910 1158 1003 1180 contra
1041 1161 1110 1188 quas
1141 1157 1203 1181 ante
1226 1158 1252 1182 te
1281 1154 1474 1189 imperantium
1505 1163 1585 1183 nemo
1612 1157 1694 1184 victo-

911 1199 978 1226 riam
1005 1199 1141 1227 oblinuit‘!
1167 1200 1290 1235 quinimo
1305 1201 1476 1236 quiscunque
1501 1202 1551 1234 eis,
1579 1203 1618 1230 uti
1651 1207 1692 1236 tu,

911 1244 1028 1277 restitit,
1046 1245 1143 1272 incidit
1154 1245 1181 1272 in
1194 1244 1366 1273 manifestum
1378 1246 1501 1273 exitium.

947 1290 991 1317 39.
1007 1289 1059 1318 Sed
1080 1291 1114 1317 oi
1133 1298 1187 1325 qua
1202 1291 1308 1318 ratione
1329 1290 1463 1319 abductus
1485 1296 1528 1319 est
1547 1292 1592 1319 Dei
1607 1291 1694 1320 famu-

913 1334 1023 1361 lus?ad
1049 1334 1126 1361 illum
1143 1335 1216 1362 enim
1243 1335 1389 1362 revertitur
1416 1335 1513 1363 oratio.
1531 1335 1638 1365 Rursus
1651 1345 1695 1365 re-

913 1378 1028 1412 legatus,
1061 1386 1156 1407 rursus
1180 1380 1328 1408 distractus
1354 1387 1368 1407 a
1397 1380 1485 1413 nobis,
1502 1386 1529 1408 et
1549 1388 1564 1408 a
1589 1381 1695 1409 duobus

915 1422 1072 1450 hominibus
1091 1428 1252 1458 protrusus;
1273 1431 1306 1451 eo
1333 1425 1406 1459 quod
1435 1425 1552 1460 amplius
1570 1427 1696 1462 progredi

78 1473 306 1508 περισυράμενος,
321 1473 368 1499 καὶ
383 1471 481 1507 θρῆνον
493 1471 615 1507 ἐμποιῶν
623 1471 673 1506 τῆς
687 1471 779 1498 ἀδίκου
793 1471 863 1505 πρά-

916 1467 1048 1502 nequiret,
1075 1469 1237 1496 trahebatur
1259 1469 1368 1502 iterum,
1380 1470 1605 1507 raptabaturque,
1623 1476 1650 1498 et
1662 1473 1696 1499 ad

79 1518 147 1550 ξεως
181 1518 345 1549 καὶ-αὺτοῖς
376 1518 433 1548 τοῖς
462 1517 634 1551 ἀναισθήτοις
658 1516 753 1547 λίθοις.
769 1516 863 1542 Βοὰτω

77 1563 167 1591 ταῦτα
180 1564 194 1590 ό
206 1563 253 1589 τοῦ
269 1563 430 1598 περιϐοήτου
450 1562 588 1598 μάρτυρος
599 1562 750 1597 Μάμαντος
758 1562 862 1597 χῶρος·

78 1608 212 1644 γραφέτω
225 1607 312 1634 ταῦτα
327 1609 344 1642 ή
371 1608 564 1643 φρουρήσασα,
582 1608 653 1642 μετὰ
677 1607 726 1642 τὴν
751 1607 865 1642 πρώτην

55 1657 65 1660 ”
77 1653 127 1680 τοῦ
140 1653 256 1687 ἀδελφοῦ
272 1653 403 1688 φρουρὰν,
418 1653 464 1679 τὸν
495 1653 546 1688 τῆς
574 1652 717 1684 εὐσεόείας
744 1653 865 1687 φρουρὸν

78 1700 154 1732 ὀξεῖα
170 1700 262 1734 νῆσος.
278 1699 331 1725 Φεῦ
342 1698 392 1733 τῆς
408 1699 561 1734 ἀναλγήτου
586 1698 710 1734 καρδίας,
734 1698 798 1731 τῶν,
815 1698 866 1724 οὐκ

78 1743 128 1772 οἷδ’
138 1745 214 1776 ὅπως
228 1745 374 1780 εὐπρεπῶς
396 1744 512 1779 εῐποιμι,
527 1744 768 1779 στρατιομονάχων
780 1743 866 1777 φυλά-

80 1790 154 1817 κωνί
175 1781 287 1817 Ἐθέντο
304 1790 350 1817 τὸν
369 1790 471 1817 δίκαιον
495 1789 644 1825 μονώτατοι
666 1790 704 1822 ὼς
725 1790 753 1816 ὲν
773 1789 867 1824 λάκκῳ

80 1836 233 1871 κατωτάτῳ
249 1836 278 1862 ἔν
290 1844 342 1862 τινι
359 1835 451 1871 κέλλῃ,
473 1835 679 1871 τετρυχωμένον
697 1835 749 1870 ήδη
766 1834 804 1869 τῷ
817 1835 867 1870 γή-

81 1891 124 1917 ρει
140 1882 188 1908 καὶ
205 1882 239 1917 τῇ
255 1881 325 1916 νόσῳ
349 1881 511 1916 βαλλόμενον
523 1889 530 1896 ·
543 1881 638 1907 εἴασαν
657 1880 702 1915 ὑφ’
720 1880 761 1907 ἐνὶ
771 1880 866 1916 δούλῳ,

79 1928 105 1954 οι
123 1927 213 1953 δοῦλοι
225 1927 280 1953 τῶν
301 1928 376 1954 κάτω
402 1927 450 1954 καὶ
487 1926 534 1953 τοῦ
557 1926 706 1961 Καίσαρος,
728 1925 773 1952 τὸν
796 1926 868 1952 ὅσιον

80 1972 157 2004 ἅπαξ
169 1973 202 2007 τῇ
218 1972 309 2007 ἡμέρᾳ.
321 1972 337 2007 ἢ
354 1971 394 2003 δὶς
406 1971 610 2006 ὑπηρετεῖσθαι.
629 1970 778 1998 Ὴντιϐὀλει
795 1971 810 1997 ὁ
822 1970 869 2005 γέ-

80 2026 138 2052 ρων
155 2017 385 2052 μετακομίζεσθαι
400 2018 468 2053 πρὸς
482 2018 635 2051 ἀναγκαίαν
654 2017 749 2052 χρείαν
758 2016 805 2042 τοῦ
817 2016 869 2042 σώ-

81 2071 168 2098 ματος
180 2061 231 2098 [τι]
248 2062 296 2088 καὶ
308 2064 322 2088 ὁ
334 2062 468 2097 δυσμενὴς
479 2061 626 2093 ὠνείδιζεν·
638 2061 709 2097 ᾔτει,
722 2062 777 2087 τῶν
799 2060 870 2087 κατὰ

79 2109 132 2144 τὴν
142 2108 286 2134 ἀσθένειαν
297 2107 469 2142 ἐπιτηδείων,
483 2107 551 2140 καὶ.ηὸ
558 2107 706 2142 δύστροπος
716 2107 777 2133 κατ’
786 2105 869 2132 αὐτοῦ

915 1513 1052 1547 planctum
1068 1521 1116 1548 pro
1142 1514 1301 1550 indignitate
1320 1515 1450 1543 facinoris
1474 1517 1601 1545 movebat
1623 1518 1697 1552 ipsos

914 1558 996 1584 etiam
1015 1557 1188 1586 insensibiles
1211 1559 1325 1593 lapides.
1350 1559 1475 1588 Testetur
1499 1561 1556 1588 haec
1583 1561 1699 1597 insignis

915 1602 1041 1638 Ilartyris
1057 1603 1202 1632 Mamanlis
1230 1604 1313 1640 Regio
1327 1614 1335 1638 ;
1355 1605 1468 1638 scribat,
1482 1614 1544 1641 qua:
1567 1612 1629 1641 post
1642 1608 1697 1642 pri-

915 1656 987 1675 mam
1000 1648 1094 1676 fratris
1108 1650 1159 1677 mei
1175 1650 1328 1677 custodiam
1355 1651 1496 1678 custodem
1513 1652 1623 1686 pietatis
1641 1653 1699 1680 vin-

915 1698 988 1720 ctum
1004 1694 1109 1727 habuit,
1128 1694 1244 1729 abrupta
1254 1695 1356 1723 insula.
1373 1695 1430 1723 Vah
1451 1697 1565 1724 immitia
1579 1704 1698 1732 pectora,

916 1740 1150 1768 monachorumne
1167 1742 1267 1774 dicam,
1285 1750 1320 1769 an
1342 1742 1479 1776 militum,
1501 1743 1602 1778 quibus
1622 1751 1698 1772 com-

916 1786 1001 1813 missa
1031 1785 1125 1814 Sancti
1152 1788 1278 1816 custodia
1298 1789 1471 1817 fuitisolum
1490 1798 1564 1823 eum,
1580 1792 1654 1819 velut.
1673 1793 1700 1820 in

916 1831 977 1859 lacu
996 1832 1129 1866 inferiori,
1145 1839 1298 1868 posuerunt
1313 1835 1341 1862 in
1356 1836 1423 1864 cella
1439 1837 1568 1871 quadam,
1582 1838 1638 1872 jam
1658 1846 1702 1867 se-

917 1878 963 1905 nio
980 1878 1134 1906 confectum
1154 1884 1181 1907 et
1200 1880 1297 1907 morbo
1312 1886 1471 1915 gravatum;
1487 1882 1578 1917 ibique
1590 1891 1606 1911 a
1627 1891 1702 1911 man-

918 1924 990 1959 cipio
1005 1932 1070 1957 uno.
1084 1925 1136 1960 ipsi
1149 1925 1287 1961 mancipia
1303 1927 1398 1954 mundi
1418 1928 1600 1963 Caesarisque,
1617 1928 1702 1957 facie-

919 1969 984 1996 bant
1009 1969 1034 1997 ei
1061 1970 1210 1998 ministrari
1239 1971 1324 1999 semel
1339 1977 1388 2000 aut
1406 1972 1449 2000 bis
1473 1973 1500 2000 in
1514 1974 1569 2001 die.
1583 1974 1704 2009 Rogabat

919 2022 1001 2041 senex
1014 2014 1105 2042 allen-ri
1130 2015 1183 2042 sibi
1207 2016 1348 2051 quidpiam
1363 2017 1397 2044 ad
1417 2018 1541 2052 corporis
1556 2020 1703 2047 necessita-

919 2064 984 2091 tem,
1014 2064 1041 2087 et
1068 2060 1168 2087 efferus
1196 2061 1242 2088 ille
1267 2062 1320 2089 hoc
1334 2062 1360 2089 ei
1374 2063 1556 2097 exprobrabat
1572 2073 1578 2092 :
1595 2066 1704 2098 petebat

920 2105 1021 2140 aliquid
1044 2105 1140 2133 morbo
1166 2112 1371 2142 congruum,et
1395 2108 1497 2136 ostium
1512 2109 1537 2136 ei
1561 2110 1704 2138 claudebat

78 2154 131 2188 τὴν
151 2153 239 2188 θύραν
251 2152 356 2179 ἑκλειεν
367 2161 374 2168 ·
388 2152 436 2178 καὶ
447 2151 536 2178 ταῦτα
548 2152 743 2187 ὑφιστάμενος,
756 2150 864 2186 ἀνεξὰρ·

920 2151 1071 2179 barbarus:
1089 2156 1116 2178 et
1131 2151 1188 2179 haec
1204 2152 1343 2181 sustinens
1359 2158 1480 2186 sanctus,
1495 2154 1591 2183 firmus
1613 2156 1639 2182 in
1654 2164 1704 2184 sua

79 2208 163 2234 νητος
173 2200 225 2234 τῆς
240 2198 325 2234 καλῆς
338 2197 493 2233 ὁμολογίας,
510 2195 544 2232 ἦς
558 2197 734 2232 ὡμολόγησεν
754 2196 869 2223 ὲνὼπιον

79 2245 153 2271 Θεοῦ
180 2245 229 2271 καὶ
253 2244 414 2278 ἀνθρώπων.
435 2243 544 2278 Ἐπειδὴ
568 2243 596 2269 δὲ
625 2243 656 2268 ἐκ
678 2243 727 2277 τῆς
742 2241 870 2277 τοιαύτης

80 2290 255 2325 καθείρξεως
275 2288 467 2324 νοοηλεύεσθαι
492 2288 574 2315 αὑτὸν
603 2287 776 2314 ἐπιθανάτιον
800 2287 870 2322 ἀκή-

81 2345 148 2363 κοεν
161 2337 177 2363 ὁ
196 2336 315 2370 Καῖσαρ,
331 2335 446 2369 μετάγει
459 2335 488 2360 ὲν
503 2334 541 2369 τῷ
557 2333 696 2368 Βυζαντίῳ
723 2332 871 2367 μαλαχθεὶς

81 2382 134 2418 τὴν
148 2381 306 2416 ἀτεράμονα
325 2380 449 2415 καρδίαν,
468 2380 514 2406 καὶ
530 2379 650 2413 ἐνεγκὼν
666 2378 872 2414 παρασκευάζε-

81 2436 142 2460 ται,
156 2426 325 2462 ἐπανορθοῦν
338 2425 418 2461 δῆθεν
434 2425 466 2452 τὸ
477 2425 571 2457 κακῶς
586 2424 782 2460 γεγενημένον.
802 2423 871 2450 Ἀλλ’

922 2195 1105 2228 confessione,
1125 2204 1207 2231 quam
1221 2198 1365 2225 confessus
1386 2202 1429 2225 est
1441 2206 1534 2226 coram
1547 2199 1602 2227 Deo
1616 2205 1642 2227 et
1655 2201 1704 2228 ho-

923 2240 1043 2268 minibus
1071 2249 1213 2276 nunquam
1226 2242 1370 2277 abnegavit
1384 2243 1535 2270 veritatem.
1557 2243 1704 2279 Postquam

923 2293 986 2313 vero
1002 2286 1135 2314 intellexit
1160 2287 1311 2322 imperator
1329 2288 1397 2322 (28),
1416 2296 1449 2316 ex
1464 2289 1598 2324 ejusmodi
1613 2295 1706 2317 custo-

923 2333 967 2359 dia
992 2339 1125 2366 aegrotare
1148 2333 1235 2365 illum,
1250 2339 1277 2360 et
1290 2334 1400 2369 quidem
1417 2342 1504 2369 usque
1520 2335 1553 2362 ad
1570 2340 1683 2362 mortem
1698 2345 1705 2366 :

924 2378 1044 2404 emollita
1079 2379 1204 2405 nonnihil
1228 2379 1311 2406 animi
1344 2379 1706 2416 inclementia,Byzantium

924 2422 1066 2451 Platonem
1085 2424 1235 2458 transtulit,
1256 2429 1282 2452 et
1306 2433 1436 2461 reparare
1450 2427 1538 2455 voluit
1549 2427 1622 2461 quod
1639 2427 1708 2455 male

851 2521 966 2552 ΝΟΤᾹΞ.

86 2612 225 2641 utrosque
249 2603 372 2641 custodia
400 2603 513 2635 includi,
530 2602 576 2629 sed
601 2600 873 2641 singulos_seorsim,

86 2645 126 2671 ita
142 2636 295 2669 utinutuus
306 2639 345 2666 eis
361 2643 487 2676 aspectus
499 2641 653 2676 negaretur,
669 2636 742 2676 quod
763 2636 875 2662 unicum

86 2683 132 2704 est
149 2678 317 2711 in,carcer_e
339 2673 483 2711 solatium.
517 2672 701 2711 _The_ophan_es
717 2672 755 2697 ait
782 2677 878 2711 mense

87 2705 223 2739 Januario
253 2708 401 2737 indictione
423 2707 542 2735 secunda
576 2707 604 2733 in
616 2706 743 2734 exsilium
770 2705 877 2739 pulsos,

89 2755 165 2774 anno
183 2744 247 2773 809.

128 2781 186 2816 (ΞἹ)
207 2780 257 2806 Vix
277 2778 374 2816 dubito
389 2776 565 2816 quinioseph
581 2773 878 2816 Qiconornuslturba:

94 2808 157 2844 tuin
168 2808 265 2844 causa.
277 2808 454 2846 intelligatur.
465 2808 579 2838 Sirletus
590 2810 690 2838 leonem
703 2809 794 2842 vertit,
806 2808 879 2844 quod

269 2871 404 2902 Pamon.
426 2869 484 2899 Gn.
506 2868 613 2899 XCIX.

929 2602 990 2629 aliis
1000 2602 1175 2639 occasionem
1200 2604 1273 2631 dedit
1299 2603 1416 2631 Leonem
1425 2604 1534 2639 proprio
1548 2604 1659 2632 nomine
1673 2605 1714 2632 sic

931 2637 1106 2673 appellatum.
1137 2638 1265 2673 fortassis
1295 2637 1456 2670 Isauricum,
1471 2637 1550 2673 cujus
1574 2646 1665 2667 mores
1686 2641 1713 2666 in

930 2672 1151 2708 hocimitaretur
1165 2672 1344 2707 Nicephorus,
1366 2672 1542 2708 intelligendi.

966 2706 1023 2740 (28)
1041 2706 1067 2733 ιε
1081 2711 1123 2742 est
1136 2707 1165 2734 S.
1189 2706 1358 2742 Nicephorus
1389 2706 1612 2742 praenominatus,
1634 2708 1714 2742 cujus

930 2744 962 2779 et
973 2741 1090 2779 διῆρε-ιρι)
1107 2741 1208 2779 factum
1229 2741 1357 2779 relinquit
1372 2741 1474 2776 iudicio
1490 2743 1537 2771 Dei
1553 2743 1669 2770 Michael
1686 2743 1714 2770 in

932 2775 995 2804 Vita
1011 2775 1040 2804 S.
1054 2775 1198 2805 Theodori.

1462 2865 1503 2896 27
