1924 3077
240 127 292 159 843

840 120 869 150 S.
885 119 1081 150 THEODORI
1095 120 1266 151 STUDITJE

1807 123 1858 154 844

241 183 334 216 egerat
349 188 354 205 :
372 178 419 206 sed
435 176 565 212 quouiam
592 182 688 210 parum
709 177 782 201 recta
796 173 946 200 intentione
958 173 1025 200 feres

1087 174 1172 208 ιπειδὴ
1185 174 1235 200 οὐκ
1249 173 1304 200 ἀπὸ
1318 173 1402 208 ὀρθῆς
1419 174 1531 209 γνώμης
1551 174 1566 200 ό
1596 174 1708 207 σκοπὸς,
1734 175 1794 202 οὐδὲ
1819 177 1858 208 εις

242 228 332 256 batur.
359 224 392 252 ad
413 223 494 251 tinem
514 228 569 248 non
591 220 718 256 perduxit
743 220 814 254 quod
836 223 1024 254 proposuerat.

243 271 310 298 Nam
341 270 430 304 ipsum
450 267 572 303 quidem,
593 265 749 299 arrogantia
775 264 925 297 sublatum,
955 263 1027 291 haud

242 316 289 342 diu
306 319 367 349 post
378 313 489 340 robusta
505 312 553 339 Dei
574 310 715 343 manusad
732 309 968 345 Scythasexpulit,
987 313 1028 336 at-

242 369 296 396 que
310 367 373 387 cum
397 362 454 385 toto
479 364 530 385 suo
552 357 672 384 exercitu
693 355 810 390 perdidit
823 354 898 389 (29;;
914 355 1028 382 horren-

243 407 308 434 dum
317 403 470 439 exemplum
480 407 646 436 narratuque
663 401 783 428 terribile
793 400 929 429 secuturis
944 407 1028 435 gene-

244 450 396 478 rationibus
422 452 546 476 statnens
573 446 770 474 inevitabiliutn
786 446 954 481 judiciorum
973 452 1030 472 suae

246 494 456 531 sapientissimae
490 492 677 528 providentiam
707 492 840 518 Sanctum
867 498 930 517 vero
955 490 1030 525 gregi

245 550 297 570 suo
313 541 424 576 proprio
441 539 590 566 restituens
602 543 682 565 natus
694 537 739 573 pie
755 541 821 564 tunc
836 536 1029 571 imperantium

245 595 308 616 cum
324 587 375 614 sibi
392 593 441 620 pro
461 584 627 612 Confessore
644 583 737 611 haberi
756 582 890 618 probavit.

280 633 326 660 40.
343 631 400 659 lloc
425 635 516 658 autem
541 629 679 664 quomodo
703 628 822 656 accidit?
833 635 884 655 nec
902 628 975 655 enim
988 623 1032 654 di-

247 685 330 715 gnum
356 681 397 704 est
417 675 551 711 praeteriri
579 675 701 702 silentio.
715 675 817 702 Eorum
841 681 906 701 cura
921 673 966 708 qui
981 679 1031 700 no-

247 730 336 753 strum
349 722 448 758 agendi
460 721 584 753 modum,
595 720 688 747 animo
700 720 831 747 benevolo
845 719 925 747 nobis
933 719 1032 754 quam;

247 770 290 797 vis
318 767 467 799 contrario,
487 766 688 801 improbabant,
715 765 854 793 sublatum
867 763 1033 792 estemedio

248 816 420 848 scandalum,
439 817 550 849 propter
575 811 650 847 quod
666 819 681 838 a
697 810 857 838 Patriarcha
888 809 959 838 facta
975 813 1034 837 erat

248 862 388 894 secessio;
402 860 581 887 intercessere
608 861 720 884 orantes
739 856 880 890 Principes
894 864 902 889 ;
918 854 1033 882 sanctis-
1048 851 1069 880 Β

249 909 336 936 simus
349 905 507 933 Patriarcba
520 903 673 936 excusavit,
687 902 779 930 omnia
797 909 831 929 ex
841 901 958 936 quadam
971 900 1031 935 epi-

248 953 293 982 kia
313 956 421 988 propter
437 950 632 985 Imperatorem
645 947 716 975 facta
738 946 833 974 fuisse.
851 945 969 973 Secutus
992 950 1035 973 est

250 1004 417 1032 congressus
442 999 470 1023 et
498 993 683 1022 reconciliatio
709 1000 771 1019 cum
799 992 873 1019 dicto
895 991 1034 1018 Praesule:

249 1043 314 1077 quia
329 1042 384 1069 Deo
400 1041 467 1068 nihil
482 1044 525 1068 est
536 1039 647 1067 charius
657 1038 730 1065 bono
746 1038 820 1073 pacis
829 1042 856 1065 et
870 1037 1035 1069 concordiae,

249 1089 359 1123 quando
374 1087 419 1115 illa
433 1085 579 1114 concordia
596 1091 649 1112 non
668 1088 711 1112 est
726 1084 767 1111 vel
781 1083 949 1111 dissonantia
962 1091 977 1110 a
987 1090 1033 1110 ve-

250 1143 280 1162 ra
295 1134 358 1166 ﬁde,
369 1133 412 1160 vel
421 1131 507 1160 divini
517 1130 640 1158 mandati
655 1129 851 1165 transgressio,
864 1129 1036 1163 auldcnique

250 1179 365 1207 canonis
379 1178 497 1213 alicujus
520 1176 663 1211 abrogatio
676 1184 684 1208 ;
699 1176 807 1210 qualem
828 1174 913 1208 illam,
932 1175 966 1202 de
981 1182 1035 1209 qua

251 1231 325 1252 nunc
352 1224 470 1258 agimus,
500 1229 554 1249 non
581 1221 677 1254 fuisse,
693 1225 826 1256 quantum
855 1221 966 1255 quidem
985 1227 1035 1248 nos

251 1268 358 1301 attinet,
372 1271 444 1302 patet
460 1273 555 1294 sanam
578 1270 696 1293 mentem
720 1265 882 1293 habentibus
898 1273 905 1291 :
921 1272 983 1292 cum
1002 1272 1035 1292 ea

250 1323 313 1350 qua:
330 1314 438 1341 interim
452 1317 528 1349 gesta
543 1317 622 1340 erant
635 1311 833 1344 dimiserimus,
850 1316 980 1346 tanquatn
998 1310 1036 1338 si-

252 1360 328 1387 milia
352 1360 386 1387 iis
406 1366 467 1394 qua
488 1359 553 1386 olim
576 1358 628 1387 sub
645 1358 744 1385 divinis
762 1357 889 1385 Patribus
899 1357 1033 1389 accidere,

1077 220 1163 255 πέρας
1174 219 1236 253 ᾶγει
1246 219 1296 254 τὴν
1310 220 1448 255 πρόθεσιν.
1475 220 1526 246 Τὸν
1551 220 1601 255 μὲν
1622 221 1688 255 γὰρ,
1719 221 1767 248 ἐπὶ
1793 222 1880 265 πολὺέ

1080 265 1296 300 μετεωρισθέντα
1323 266 1358 300 τῇ
1386 265 1513 301 ἀπονοίᾳ,
1535 267 1551 300 ἠ
1573 266 1690 300 κραταιά
1724 267 1786 301 χεὶρ
1813 267 1859 293 τοῦ

1077 310 1145 336 Θεοῦ
1170 311 1210 342 είς
1235 310 1341 342 Σκύθας
1367 311 1545 342 ὲκτοπίσασα,
1577 311 1666 337 ἐκεῖσε
1695 312 1861 347 πανστρατεὶ.

1079 355 1189 388 ὤλεσεν,
1206 355 1329 391 διήγημα
1343 356 1458 391 φοϐερὸν
1481 357 1528 383 καὶ
1544 356 1653 392 λάλημα
1673 357 1788 393 φρικτὸν
1802 359 1860 389 ταῖς

1081 401 1228 437 μετέπειτα
1238 402 1345 435 γενεαῖς
1363 402 1507 437 κριμάτων
1527 402 1682 436 ἀνεφίκτων
1692 402 1744 437 τῆς
1766 403 1860 429 ἑαυτοῦ

1080 446 1241 482 σοφωτάτης
1249 447 1403 481 οἰκονομίας
1412 447 1643 482 ὲγκαταλείψασα·
1653 447 1699 474 τὸν
1708 447 1737 474 δὲ
1744 448 1792 474 σὺν
1799 448 1862 482 ἡμῖν

1081 491 1152 527 ῥοπὴ
1171 492 1225 518 τῶν
1243 492 1394 527 τηνικαῦτα
1418 493 1539 524 εὐσεϐῶς
1570 493 1800 528 βασιλευσάντων,
1824 495 1863 526 εἰς

1080 537 1129 572 τὴν
1143 537 1246 564 οἰκείαν
1258 538 1339 565 πάλιν
1361 539 1479 573 ποίμνην
1503 539 1770 574 ἅποκαταστήσασα,
1799 540 1864 575 ὀμο-

1081 583 1200 618 λογητὴν
1216 583 1322 615 ἑαυτοῖς
1338 583 1373 618 (It)
1390 583 1590 611 ἀναδείκνυσιν.

1118 628 1156 664 μ’.
1170 629 1226 656 Καὶ
1246 628 1326 655 τοῦτο
1341 629 1420 662 πῶς;
1444 629 1504 656 οὐδὲ
1523 629 1577 665 γὰρ
1597 629 1762 665 παραλιπεῖν
1778 630 1864 664 ἄξιον.

1081 673 1204 709 Φροντίδι
1216 673 1272 701 τῶν
1285 674 1511 709 ὲπισκηπτόντων
1525 674 1560 701 τὰ
1572 674 1634 702 καθ’
1644 676 1727 711 ἡμᾶς,
1736 676 1865 708 εὐνοϊκῶς

1082 727 1113 746 τε
1133 718 1149 754 ἢ
1167 720 1214 746 καὶ
1228 719 1385 752 ἀντιθέτως,
1402 720 1474 755 ἤρθη
1494 720 1526 747 ἐκ
1544 720 1628 755 μέσου
1652 721 1684 748 τὸ
1708 722 1864 755 σκάνδαλον,

1082 765 1116 792 δι’
1133 761 1164 792 οὗ
1176 766 1224 792 καὶ
1237 766 1254 801 ή
1277 765 1395 801 διαφορὰ
1416 765 1485 801 πρὸς
1507 766 1552 793 τὸν
1569 767 1748 802 ἱεραρχοῠντα
1763 775 1770 783 ’
1787 768 1865 794 ἐδυσ-

1084 811 1199 846 ώπησαν
1229 813 1254 839 οι
1271 812 1446 848 κρατοῦντες,
1472 813 1662 848 ἀπελογήσατο
1676 814 1690 840 ό
1715 814 1866 848 ἁγιώτατος

1083 858 1256 894 πατριάρχης
1272 859 1362 886 πάντα
1378 858 1414 885 τὰ
1425 859 1595 894 γεγενημένα
1610 859 1639 892 ἐξ
1658 859 1823 891 ὲπιεικείαις
1834 860 1865 894 (Ι)

1084 901 1154 930 εἶναι
1179 903 1225 930 τοῦ
1251 903 1469 938 βασιλεύσαντος.
1492 905 1650 940 Τηνικαῦτα
1677 906 1694 941 ἡ
1731 905 1864 941 σύμϐασς,

1084 949 1133 976 καὶ
1150 949 1167 983 ἡ
1185 948 1253 983 πρὸς
1268 949 1349 976 αὑτὸν
1361 949 1521 984 ἀφοσίωσις,
1542 950 1583 976 ὅτι
1609 950 1677 986 μηδὲ
1708 951 1786 985 φίλον
1809 951 1866 986 Θεῷ

1084 993 1148 1021 ἄλλο
1163 1002 1190 1020 τι
1204 993 1242 1025 ὡς
1253 994 1283 1020 τὸ
1294 994 1343 1028 τῆς
1358 995 1470 1029 είρήνης
1490 994 1540 1021 καὶ
1557 995 1683 1030 ὁμονοίας
1693 996 1787 1029 καλὸν,
1801 997 1866 1023 ὲπέιν

1085 1040 1103 1075 ή
1121 1039 1232 1074 ὁμόνοια
1251 1039 1281 1066 ού
1300 1039 1435 1074 διαφωνία
1450 1041 1581 1073 πίστεως,
1601 1041 1662 1068 οὐδὲ
1676 1042 1788 1078 ἐντολῆς
1802 1043 1866 1069 Θεοῦ

1087 1085 1255 1120 παράϐασις,
1267 1085 1323 1113 οὐδ’
1339 1086 1372 1113 οὺ
1398 1087 1452 1121 μὴν
1459 1087 1570 1118 κανόνος
1579 1087 1718 1123 ἀθέτησις,
1727 1089 1765 1120 ὡς
1773 1089 1791 1123 ἡ
1800 1098 1868 1124 παρ-

1087 1131 1155 1158 οῦσα
1166 1131 1312 1165 δέδεικται,
1324 1132 1385 1159 ὅσον
1398 1133 1429 1159 τὸ
1443 1133 1505 1159 καθ’
1519 1134 1603 1168 ἡμᾶς,
1618 1135 1675 1165 τοῖς
1692 1134 1754 1160 νοῦν
1765 1134 1867 1169 ἔχουσι,

1087 1176 1122 1203 τὰ
1139 1176 1184 1203 διὰ
1213 1177 1298 1212 μέσου
1324 1177 1431 1213 χαίρειν
1454 1178 1598 1211 ἐάσαντας,
1611 1179 1649 1210 ὡς
1661 1179 1803 1215 ὁμότροπα
1816 1181 1869 1211 τοῖς

1088 1220 1174 1248 πάλαι
1188 1221 1236 1247 ἐπὶ
1247 1221 1302 1248 τῶν
1313 1222 1452 1258 θεοφόρων
1468 1222 1597 1258 Πατέρων
1612 1224 1813 1259 συμϐεϐηκόσι,
1826 1225 1871 1251 καὶ

1089 1265 1219 1298 ὡσαύτως
1233 1268 1414 1303 οίκονομικῶς
1429 1270 1660 1305 παρεωραθέϊσιν,
1678 1271 1782 1306 μᾶλλον
1792 1272 1822 1298 δὲ
1835 1271 1870 1303 ὼς

1087 1312 1137 1347 τῆς
1163 1312 1267 1339 τούτων
1293 1314 1427 1348 ἀκριϐοῦς
1455 1315 1606 1349 ἐξετάσεως
1630 1317 1658 1343 ὲν
1681 1316 1720 1352 τῷ
1746 1317 1869 1353 μέλλοντι

1087 1356 1166 1384 αίῶνι
1181 1357 1220 1391 τῷ
1230 1357 1372 1394 άδεκάστῳ
1381 1361 1462 1395 κριτῇ
1477 1362 1695 1396 ταμιευομένοις.

252 1409 280 1433 et
293 1404 421 1433 similiter
435 1411 484 1439 per
499 1403 618 1439 epikiam
633 1401 709 1430 fuere
718 1401 911 1436 dissimulata;
941 1406 989 1430 aut
1010 1401 1102 1436 potius
1129 1402 1202 1429 velut
1232 1409 1350 1437 quorum
1373 1404 1529 1433 accuratior
1549 1405 1685 1434 discussio
1713 1406 1871 1442 incorrupto

250 1452 335 1488 judici
350 1454 505 1479 reservetur
517 1450 545 1478 in
560 1450 691 1478 saeculum
705 1449 839 1477 futurum.

542 1527 656 1556 CAPUT
681 1527 738 1556 νιι.

1381 1527 1506 1555 ΚΒΦΔΔ.
1532 1529 1568 1555 Ζ’.

655 1584 797 1612 Extremus
829 1585 916 1613 sancti
940 1584 1061 1614 Platonis
1092 1584 1214 1618 morbus,
1233 1588 1258 1611 et
1286 1584 1346 1618 pius
1381 1583 1479 1611 obitur.

287 1658 330 1685 41.
348 1656 414 1685 Post
429 1655 487 1683 haec
505 1662 557 1682 nou
577 1655 695 1690 amplius
716 1655 839 1683 inclusus
862 1655 930 1682 vixit
948 1654 1035 1686 Pater.

1125 1653 1223 1689 μα’.Τί
1236 1653 1269 1680 τὰ
1281 1653 1350 1688 μετὰ
1359 1653 1461 1686 ταύτης
1482 1653 1580 1681 οὐκέτι
1593 1655 1608 1681 6
1623 1655 1717 1691 Πατὴρ
1734 1656 1872 1691 ἐγκεκλει-

252 1711 339 1739 neque
367 1702 442 1730 enim
465 1701 539 1729 vires
564 1705 642 1729 erant
669 1701 711 1729 vel
727 1701 761 1729 ad
787 1703 839 1729 hoc
854 1701 1037 1736 utcorporeis

253 1747 465 1777 necessitatibus
482 1747 583 1774 faceret
612 1754 662 1782 per
690 1754 720 1774 se
746 1748 835 1775 satis:
866 1748 913 1776 sed
939 1751 1037 1782 partim

251 1795 352 1823 lectulo
381 1792 568 1825 recumbens,
601 1792 742 1820 solabatur
769 1800 829 1820 sese
857 1793 1039 1820 retributione

252 1840 455 1875 praeteritorum
472 1845 586 1866 suorum
601 1838 784 1865 asceticorum
803 1841 831 1866 et
847 1839 1038 1866 athleticorutn

253 1886 380 1913 laborum
392 1893 399 1917 ;
413 1883 514 1918 partim
525 1883 552 1911 in
568 1883 647 1911 sedili
663 1884 902 1918 requiescens,aut
915 1883 1039 1912 Psalmos

252 1930 397 1958 Davidicos
413 1929 546 1957 vocaliter
570 1929 713 1962 recitabat,
731 1935 779 1957 aut
803 1929 958 1957 mentaliter
977 1938 1039 1965 pre-

252 1976 368 2004 cabatur
378 1974 474 2007 Deum,
492 1978 540 2001 aut
553 1973 657 2008 aliquid
673 1973 830 2001 conferebat
842 1973 875 2000 ad
891 1974 1037 2001 utilitatem

253 2019 447 2052 fraternitatis,
470 2019 652 2052 consulendo,
673 2018 855 2052 adhortando,
865 2018 1038 2050 instruendo,

252 2067 431 2101 consolando,
442 2066 594 2095 secundum
615 2070 757 2100 paternam
769 2073 848 2093 suam
863 2064 1039 2092 benevolam»

253 2122 307 2149 que
319 2113 549 2142 consuetudinem
564 2121 570 2139 :
589 2119 644 2139 non
660 2116 752 2139 autem
766 2115 872 2146 poterat
885 2111 977 2146 operis
988 2110 1039 2138 ali-

253 2160 319 2195 quid
335 2159 437 2190 l'acere,
456 2162 503 2186 aut
521 2165 592 2193 genu
604 2157 781 2188 ﬂectere.aut
794 2156 908 2184 lectioni
922 2164 1033 2188 vacare,

256 2204 310 2232 nisi
322 2208 458 2239 quantum
473 2202 507 2230 ad
519 2202 571 2230 hoc
584 2202 737 2229 conducere
747 2206 853 2236 poterat
861 2208 944 2237 opera
955 2208 1040 2236 prope

256 2258 319 2277 eum
353 2250 467 2285 legentis
497 2248 625 2277 ministri.
642 2247 695 2275 Sed
716 2247 744 2275 in
764 2247 808 2275 bis
826 2247 1040 2275 contristabatur

257 2296 474 2332 angebaturque,
490 2295 570 2330 quasi
597 2294 717 2322 animam
739 2293 914 2329 perdidisset,
925 2293 989 2329 quia
1006 2293 1040 2320 ab

255 2342 397 2370 exercitiis
411 2341 605 2377 spiritualibus
616 2347 737 2372 cessare,
753 2343 780 2367 et
794 2347 810 2367 a
820 2339 960 2367 laboribus
975 2346 1038 2366 cor-

254 2386 395 2422 poralibus
408 2393 507 2414 vacare
523 2393 552 2413 se
563 2385 684 2412 videbat.
710 2383 739 2412 Si
763 2383 875 2419 quando
898 2391 963 2411 vero
985 2383 1039 2411 cibi

255 2431 358 2466 aliquid
371 2431 497 2459 sumebat
512 2439 596 2459 causa
614 2430 714 2462 morbi,
729 2434 777 2457 aut
795 2429 907 2457 lavacro
928 2433 1040 2464 propter

256 2477 442 2504 obedientiam
459 2476 597 2509 utebatur,
612 2476 668 2503 Deo
689 2475 800 2510 quidem
814 2474 911 2510 agebat
926 2474 1040 2509 gratias,

253 2523 364 2551 dolebat
389 2527 481 2550 tamen
507 2526 617 2558 propter
636 2521 757 2548 laxatum
773 2520 835 2548 vitae
848 2519 951 2555 prioris
966 2520 1040 2554 rigo-

255 2577 323 2598 rem.
338 2569 524 2606 Dignissimus
534 2576 601 2596 sane
618 2568 709 2599 laude,
727 2567 775 2603 qui
799 2567 943 2603 pulcbrum
960 2573 1040 2594 suum

254 2616 373 2645 stadium
391 2622 423 2644 ac
445 2622 506 2643 vere
517 2614 635 2643 solarem
657 2620 768 2641 cursum
785 2611 912 2645 absolvit,
928 2611 963 2640 ab
974 2611 1041 2638 obe-

1088 1699 1194 1734 σμένος
1208 1718 1216 1731 ,
1243 1699 1286 1725 ὃτι
1310 1698 1380 1734 μηδὲ
1400 1699 1478 1734 ἰσχὺς
1491 1699 1565 1734 αὐτῷ
1577 1701 1624 1727 καὶ
1632 1701 1681 1736 τὴν
1689 1701 1736 1728 τοῦ
1747 1702 1872 1738 σώματος

1087 1743 1241 1778 ἀναγκαίαν
1255 1743 1350 1779 χρείαν
1361 1744 1413 1776 κᾲξ
1424 1744 1508 1771 αὐτοῦ
1519 1745 1666 1773 ποιεῖσθαι*
1683 1747 1751 1774 ἀλλὰ
1768 1749 1810 1783 πῆ
1826 1750 1872 1784 μὲν

1088 1790 1136 1816 ἐπὶ
1145 1789 1239 1824 κλίνης
1251 1790 1460 1824 κατακείμενος,
1472 1791 1673 1819 άναδόσεσιτῶν
1682 1794 1872 1828 προλαϐόντων

1087 1835 1244 1870 ἀσκητικῶν
1255 1835 1302 1862 καὶ
1310 1835 1464 1871 ἀθλητικῶν
1473 1836 1556 1863 αὑτοῦ
1563 1838 1662 1864 πόνωψ
1669 1838 1707 1873 πῆ
1714 1839 1743 1865 δὲ
1754 1840 1805 1867 ἐπὶ
1810 1840 1872 1867 καθ-

1088 1881 1214 1916 ισματίου
1227 1881 1446 1916 ἀναπαυόμενος,
1460 1883 1506 1908 καὶ
1513 1882 1557 1909 διὰ
1565 1883 1691 1919 γλώσσης
1697 1885 1786 1912 τὰτοῦ
1794 1886 1873 1913 Δαυῒδ

1087 1926 1282 1962 φθεγγόμενος,
1293 1927 1341 1953 καὶ
1359 1927 1430 1954 κατὰ
1437 1928 1502 1954 νοῦν
1518 1928 1558 1963 τῷ
1573 1929 1633 1964 Θεῷ
1642 1931 1872 1967 προσευχόμενος,

1089 1971 1139 1998 ὅσα
1146 1979 1176 1998 τε
1183 1971 1251 1998 ἄλλα
1258 1972 1297 2003 εἰς
1303 1971 1429 2007 βοήθειαν
1434 1972 1484 2007 τῆς
1491 1972 1669 2009 ἀδελφότητος
1678 1977 1808 2010 συνεισφέ
1811 1985 1872 2011 ρων,

1093 2017 1283 2052 συμϐουλίαις,
1313 2017 1493 2052 ὑπομνήσεσι,
1513 2018 1679 2052 νουθεσίαις,
1701 2022 1875 2056 παρακλήσε-

1089 2070 1142 2094 σιν,
1157 2062 1228 2089 κατὰ
1244 2062 1295 2098 τὴν
1304 2062 1496 2098 προλαϐοῦσαν
1519 2063 1595 2098 αὐτῷ
1615 2065 1754 2100 πατρικὴν
1770 2067 1820 2093 καὶ
1831 2066 1875 2092 εὑο

1091 2107 1183 2143 νοῐκὴν
1200 2107 1354 2142 συνήθειαν,
1371 2108 1448 2135 οὔπω
1464 2109 1563 2144 ίσχύων
1578 2109 1618 2136 ἔτι
1631 2110 1808 2145 ἐργάζεσθαι,
1824 2112 1874 2138 οὐδ’

1092 2153 1122 2179 οὺ
1138 2154 1193 2188 μὴν
1207 2153 1272 2187 γόνυ
1286 2153 1387 2186 κλῖναι,
1414 2154 1471 2181 οὔτ’
1486 2153 1520 2181 αὖ
1532 2156 1712 2191 ἐπισκήπτειν
1721 2157 1874 2192 ἀναγνώσε-

1091 2206 1144 2231 σιν,
1159 2198 1177 2233 ἦ
1200 2198 1261 2225 ὅσον
1294 2198 1327 2225 ὲκ
1340 2198 1389 2225 τοῦ
1407 2199 1701 2234 παραναγινώσκοντος
1724 2200 1874 2236 ὑπηρέτου.

1092 2244 1147 2270 Καὶ
1161 2241 1196 2279 ἦν
1210 2244 1239 2270 ὲν
1252 2243 1358 2276 τούτοις
1367 2244 1593 2280 συλλυπούμενος
1604 2245 1651 2272 καὶ
1659 2245 1874 2281 σκυθρωπάζων,

1091 2289 1130 2321 ὼς
1145 2289 1196 2325 ἤδη
1211 2288 1396 2321 ἀπολωλεκὼς
1403 2289 1453 2324 τὴν
1461 2289 1562 2325 ψυχὴν,
1574 2289 1620 2316 διά
1627 2298 1657 2316 τε
1672 2289 1721 2326 τὴν
1731 2291 1875 2327 ἁδράνειαν

1091 2334 1146 2361 τῶν
1170 2334 1365 2370 πνευματικῶν
1385 2334 1572 2370 λειτουργιῶν,
1600 2335 1647 2362 καὶ
1671 2336 1722 2371 τὴν
1738 2336 1876 2372 ἀπραξίαν

1092 2380 1147 2406 τῶν
1167 2379 1332 2415 σωματικῶν
1351 2379 1487 2415 ἐργασιῶν
1498 2388 1506 2396 ’
1522 2380 1549 2407 εἰ
1563 2380 1614 2407 πού
1633 2389 1660 2407 τι
1680 2380 1727 2407 καὶ
1741 2381 1876 2416 μετελάμ-

1093 2426 1158 2453 ϐανε
1188 2425 1287 2462 βρῶμα
1313 2426 1481 2462 κατάλληλον
1508 2428 1541 2463 τῇ
1579 2427 1661 2463 νόσῳ,
1677 2428 1754 2463 ἧκα).
1774 2426 1877 2462 λουτρῷ

1091 2472 1154 2500 καθ’
1175 2471 1299 2507 ὑπακοὴν
1325 2472 1506 2507 κεχρημένος,
1528 2473 1688 2508 ηὺχαρίστει
1706 2473 1755 2508 μὲν
1771 2473 1812 2508 τῷ
1825 2473 1878 2499 Κυ-

1094 2517 1156 2553 ρίῳ,
1174 2517 1270 2553 ἠνιᾶτο
1287 2516 1317 2543 δὲ
1339 2517 1384 2544 διὰ
1399 2517 1448 2553 τὴν
1468 2517 1572 2545 ἄνεσιν.
1597 2518 1666 2545 ’Δλλ’
1685 2519 1770 2550 ὅντως
1797 2518 1877 2545 καλὸν

1093 2562 1201 2589 δίαυλον
1216 2562 1263 2589 καὶ
1276 2562 1390 2598 ἡλιακὸν
1401 2563 1503 2598 δρόμον
1511 2565 1526 2590 ὁ
1538 2563 1717 2599 πανεὺφημος
1727 2563 1876 2593 τετέλεκε-ι,

1095 2610 1126 2636 τὸ
1143 2609 1175 2645 δὴ
1192 2609 1353 2644 λεγόμενον,
1373 2610 1405 2642 ἐξ
1424 2611 1548 2646 ὑπακοῆς
1565 2611 1707 2644 ἀνατείλας
1721 2612 1769 2639 καὶ
1783 2612 1824 2642 εἰς
1834 2610 1877 2637 ὐπ-

1009 2676 1127 2706 NOTAE.

289 2742 325 2777 (It)
346 2741 483 2776 Scriptum
494 2743 553 2767 erat
568 2737 675 2770 ἑαυτοῦ,
691 2736 762 2773 quod
774 2735 967 2771 corrigendum
982 2735 1095 2764 credidi.

1148 2737 1181 2772 (ί)
1200 2737 1266 2766 Item
1280 2739 1415 2774 ὲπιρείας,
1428 2739 1501 2774 quod
1523 2738 1592 2766 nihil
1603 2737 1755 2772 signiﬁcat.

290 2802 347 2837 (29)
364 2801 458 2829 Census
472 2807 487 2827 a
502 2798 627 2834 Bulgaris
642 2797 812 2832 Nicepltorus
829 2795 896 2831 imp.
914 2795 949 2824 26
967 2795 1031 2824 Julii
1052 2802 1125 2825 anno
1138 2796 1200 2829 8H,
1217 2798 1261 2825 cui
1277 2798 1410 2827 successit
1428 2798 1542 2826 Michael
1556 2796 1746 2833 Curopalates.
