1924 3077
89 130 201 164 845⁴

86 235 148 270 ρινῇ
177 234 295 269 περιόδῳ
327 233 469 268 ἰσάριθμον
492 233 538 259 τὸν
559 233 614 259 τῶν
629 232 698 259 ὲτῶν
711 231 812 258 κύκλον
828 231 870 265 ἐφ’

85 281 194 316 ἑκάστῳ
209 280 295 314 ἀγῶνι
309 277 454 314 διηνυκὼς,
466 279 507 310 είς
519 278 593 314 ζωὴν
615 277 725 305 αἰώνιον
739 277 872 312 ἀδιαδόχῳ

85 327 157 361 φωτὶ
169 325 368 352 ἀναϐεϐίωκεν.
389 324 514 360 ’Δρίθμει
539 325 601 356 τοὺς
623 323 743 358 ἀγῶνας,
764 323 812 349 καὶ
827 323 872 348 εὑ-

86 372 182 407 ρήσεις
198 371 261 402 τοὺς
290 371 415 406 χρόνους,
445 370 520 396 ὀκτὼ
547 369 616 405 πρὸς
643 369 869 404 τεσσαράκοντα·

86 417 204 452 πρόσθες
217 417 281 447 τοὺς
294 416 347 450 πρὸ
361 415 410 450 τῆς
426 415 567 450 ἀπταγῆς
574 413 789 446 δισδυοκαίδεκα,
804 413 871 448 πρδς

86 463 178 494 ἄλλοις
191 462 321 496 τέσσαρσι
335 461 389 488 τῶν
410 459 548 495 διωγμῶν,
565 460 612 486 καὶ
631 459 705 494 τρισὶ
720 458 768 493 τῆς
789 459 871 484 ἀσθε-

87 507 171 539 νείας,
187 507 236 533 καὶ
248 507 375 542 εὑρήσεις
390 506 429 541 τῷ
447 504 620 540 ὀγδοηκοστῷ
641 504 698 530 ἔτει
721 504 791 540 πλὴν
814 504 874 535 ἐνὸς

87 553 190 580 τελειού
195 561 276 588 μενον
291 553 337 579 τὸν
350 553 483 588 ἀοίδιμον.

127 685 182 720 μβ¹.
203 685 272 711 Ἀλλ’
288 684 324 712 ii)!
345 685 402 717 πῶς
415 685 549 720 ἀδακρυτὶ
563 685 593 712 τὸ
605 684 700 712 τούτου
711 685 874 721 διηγήσαιμι

87 731 164 763 τέλος
175 740 182 764 ;
196 731 304 758 "Exciso
319 731 333 756 ὁ
344 731 443 766 γέρων,
454 731 548 766 ὥσπερ
556 740 582 758 τι
591 732 675 766 γέρας
685 732 786 766 τίμιον,
799 733 874 766 ἡτοι-

91 776 231 810 μασμὲνος
247 776 295 812 τὴν
315 776 404 811 ψυχὴν
418 776 486 811 πρὸς
497 776 547 811 τὴν
561 775 660 808 ἔξοδον,
679 775 725 803 καὶ
751 776 844 811 κύκλῳ
858 777 874 811 ή

89 821 239 856 ἀδελφότης
255 821 436 856 περιχυθεῖσα
447 821 538 856 ἐξῄτει
549 820 603 847 τῶν
619 820 701 855 ἱερῶν
714 821 875 856 προσευχῶν

89 867 173 893 αὐτοῦ
201 867 294 893 λαϐεῖν
320 867 350 894 τὸ
374 867 535 902 δῶρονδκαὶ
559 867 674 902 ἐπείπερ
696 866 744 893 ἕνα
759 867 873 894 ἕκαστον

88 911 241 947 ηὐλόγησεν
261 912 310 938 καὶ
335 913 541 946 κατησπάσατο,
556 914 666 940 ἄπεισιν
686 913 814 949 καὶπρὸς
828 914 874 941 τὸν

89 956 185 989 τάφον,
202 956 232 991 ὃν
244 957 276 982 ὲκ
287 956 370 982 πόθου
389 957 480 991 ἐζήτει
496 956 581 983 πάλαι
609 957 769 990 θεάσασθαι,
783 958 806 983 εί
828 958 875 984 καὶ

89 1001 141 1027 οὑκ
154 1001 338 1035 ἐπετύγχανεν
354 1001 401 1027 τοῦ
425 1001 606 1036 καταθυμίου,
625 1003 696 1037 κοπῇ
724 1002 770 1029 τοῦ
796 1002 875 1037 θελή-

92 1055 177 1082 ματος
188 1054 195 1060 ·
211 1046 241 1072 ὃν
269 1046 342 1078 ἰδὼν,
360 1046 446 1082 ἐχάρη
479 1046 550 1078 λίαν,
578 1047 825 1082 ἀνθωμολογήσατο
836 1048 876 1082 τῷ

91 1091 197 1127 Κυρίῳ,
204 1091 325 1119 ἐπειπών
335 1100 342 1107 ·
352 1093 433 1126 Αὕτη
441 1092 460 1126 ὴ
470 1092 659 1125 κατάπαυσίς
664 1102 724 1127 μου
731 1095 773 1126 εὶς
783 1093 876 1120 αἰῶνα

90 1137 214 1171 αὶῶνοψ
231 1138 424 1173 μεθηρμόσατο
449 1139 496 1164 καὶ
510 1138 559 1174 τὴν
576 1138 668 1174 φωνὴν
686 1140 806 1174 ἐκείνην·
824 1140 875 1167 Θέ-

91 1184 174 1216 ,ιημα
190 1182 250 1209 τῶν
275 1183 472 1217 φοϐουμένων
493 1184 587 1211 αὐτὸν
612 1184 732 1216 ποιήσει
756 1185 875 1219 Κύριος.

97 1227 241 1262 Ἐκίνησεν
250 1229 298 1254 καὶ
312 1229 368 1255 τῶν
381 1229 433 1261 ἔξω
457 1230 508 1257 οὐκ
529 1229 684 1264 ὀλίγους,οἶ
704 1231 751 1257 καὶ
773 1230 810 1266 μὴ
832 1230 878 1257 εὑ-

92 1271 257 1307 λασηθὲντες
270 1274 315 1300 τὸν
332 1274 428 1310 καιρὸν
441 1272 485 1310 (ἦν
499 1275 554 1310 γὰρ
571 1275 624 1302 τῶν
641 1276 722 1310 ιερῶν
743 1275 877 1310 νηστειῶν

93 1318 240 1354 περίοδος),
251 1320 419 1355 συνέδραμον
439 1321 616 1356 μοναδικοίτε
633 1322 680 1348 καὶ
694 1321 877 1357 μιγάδες,ηὐ-

93 1363 258 1399 λογήθησαν,
272 1365 451 1401 ὑπέστρεψεν,
468 1366 672 1402 ὲφοδιασθέντες
681 1367 763 1393 καλὸν
771 1367 878 1400 ἐφόδιον

92 1409 144 1444 τὴν
162 1411 268 1437 ἐκείνου
284 1411 365 1446 ἁγίαν
378 1412 540 1448 παράθεσιν.
554 1413 609 1439 Καί
618 1420 650 1446 γε
667 1413 748 1444 αὐτὸς
762 1413 776 1439 ὁ
798 1413 879 1448 ἁγιώ-

94 1462 177 1486 τατος
193 1455 368 1492 πατριάρχης
383 1457 481 1492 παρεὶς
495 1457 647 1493 ἐξῃτήσατο
661 1457 755 1493 εὐχὴν,
767 1458 815 1485 καὶ
829 1457 878 1485 λα-

95 1499 150 1525 ϐὼν
161 1500 315 1535 ⁴Ιισπάσατιι.
329 1502 441 1536 Γέγονέν
456 1503 511 1537 τεή
523 1503 581 1538 ὥρα
590 1503 693 1538 ἐκείνη,
705 1503 796 1539 πάσης
812 1504 879 1530 ὐπο-

95 1545 244 1580 νοουμένης
255 1547 384 1582 διαφορᾶς
394 1547 582 1583 ἀλεξητήριον,
598 1549 653 1575 τῶν
671 1549 734 1584 πρὶν
748 1548 877 1585 λυπηρῶν

95 1590 217 1617 ἐκποδὼν
232 1594 434 1627 γεγενημένων.
459 1593 572 1620 Πάντων
594 1592 640 1621 οὖν
658 1595 878 1630 ὑπεμνημάτισε,

94 1637 180 1662 πᾶσιν
194 1637 245 1663 ὐπε
251 1638 380 1672 ρηύξατο,
397 1639 500 1666 ἅπασιν
510 1640 634 1675 ἀφίησιν,
645 1640 802 1675 ὲχθράνασι,
818 1641 880 1668 διώ-

95 1681 167 1713 ξασι,
187 1681 352 1718 λυπήσασιν,
370 1685 384 1711 ὁ
399 1685 438 1716 ὼς
454 1685 563 1720 ἀληθῶς
579 1684 626 1711 τοῦ
650 1685 718 1712 Θεοῦ
737 1686 880 1721 ἄνθρωπος

95 1728 140 1753 καὶ
154 1727 272 1763 Χριστὸν
285 1730 336 1755 κὰν
350 1729 388 1764 τῷ
402 1728 509 1764 θανάτῳ
528 1730 706 1765 μιμούμενος.

417 133 557 164 ORATIO
576 133 629 163 XI.
647 146 681 152 —
700 132 891 163 LAUDATIO
909 132 940 162 S.
957 131 1143 162 PLATONIS
1163 132 1378 163 HEGUMENI.

85 188 170 224 ακοὴν
190 187 357 223 καταλήξας·
371 189 404 223 τῇ
413 187 581 222 δωδεκαταίᾳ
589 187 644 222 γὰρ
655 186 710 212 τῶν
717 186 796 221 ὡρῶν
807 187 873 220 ἠμε-

932 184 1024 211 lientia
1053 185 1180 212 videlicet
1207 185 1356 219 incipiens,
1371 184 1440 212 etin
1456 183 1614 212 obedientia
1632 185 1708 212 desi-
1731 201 1753 224 πὶ

1652 130 1706 162 846

1731 208 1752 232 Γ

922 237 1007 262 nens;
1028 237 1090 257 cum
1106 230 1180 256 enim
1201 231 1300 257 diurno
1326 230 1457 257 horarum
1479 229 1624 257 duodecim
1652 230 1707 257 cir-
1734 229 1740 239 ‘

922 274 984 301 culo
994 281 1086 309 parem
1104 281 1239 300 annorum
1258 274 1399 309 periodum
1420 274 1447 301 in
1462 281 1629 309 unoquoque
1646 282 1708 301 cer-

922 319 1023 346 tamine
1035 319 1275 355 (50)explevisset,
1287 321 1321 347 ad
1331 325 1460 348 aeternam
1470 320 1564 353 vitam,
1577 325 1708 355 perpetuo

923 364 1025 393 lumine
1050 365 1203 399 fruiturus,
1220 367 1374 401 emigravit.
1398 365 1518 393 Numera
1540 366 1703 398 certamina,

921 416 949 440 et
966 412 1087 440 invenies
1098 420 1185 440 annos
1201 414 1379 448 quadraginla
1389 417 1460 441 octo.
1475 412 1548 440 Tum
1559 420 1648 440 annos
1664 413 1707 440 bis

923 458 1070 486 duodecim
1085 459 1153 493 (51),
1166 463 1229 486 ante
1236 459 1502 486 abrenuntiationem
1520 458 1613 487 saeculi
1623 463 1709 490 actos,

920 504 1005 539 junge
1018 505 1080 532 aliis
1093 509 1212 540 quatuor
1227 505 1316 536 annis,
1326 512 1397 539 quos
1413 505 1440 532 in
1452 504 1707 539 persecutionibus;

922 553 949 576 et
962 550 1060 582 tribus,
1081 557 1151 584 quos
1175 550 1202 577 in
1236 550 1397 577 inﬁrmitate
1418 550 1539 577 traduxit
1564 549 1682 577 Sanctus
1701 558 1708 576 :

923 599 949 622 et
967 595 1098 628 invenies,
1114 595 1201 622 virum
1217 595 1398 622 venerabilem
1420 595 1525 622 ohiisse
1539 602 1612 622 anno
1621 595 1710 622 aetatis

924 639 995 666 unde
1009 640 1176 674 octogesimo
1191 639 1258 675 (5'2).

958 685 1003 712 42.
1026 685 1079 712 Sed
1096 686 1234 720 quomodo
1259 685 1319 713 sine
1343 685 1472 721 lacrymis
1497 691 1612 713 mortem
1637 685 1711 712 illius

925 729 1061 757 narrabo?
1074 729 1186 757 Jacebat
1200 737 1295 762 senex,
1313 729 1418 757 habens
1445 729 1565 756 animam
1586 735 1710 764 paratam

924 775 958 802 ad
989 782 1150 810 egressum,
1187 774 1261 802 velut
1295 775 1458 802 honoratum
1492 773 1629 808 quoddam
1664 781 1711 801 xe-

926 823 1002 850 nium
1020 822 1097 858 (55);
1114 826 1142 849 et
1162 821 1266 849 circum
1281 820 1369 848 aﬂusa
1388 821 1545 848 fraternitas
1562 820 1669 851 orabat.
1683 823 1712 846 ut

927 875 1028 895 munus
1055 867 1209 894 orationum
1235 867 1293 902 ejus
1315 870 1467 894 mereretur
1481 867 1616 901 accipere.
1631 865 1710 893 Post-

926 919 1008 946 quam
1025 911 1108 946 igitur
1121 911 1270 945 unicuique
1285 910 1427 946 sigillatim
1437 910 1577 938 benedixit
1586 914 1613 938 et
1628 917 1712 937 oscu-

926 956 999 983 latus
1013 960 1064 989 est,
1077 956 1145 983 abiit
1163 956 1197 983 ad
1233 956 1402 991 sepulcrum,
1437 956 1510 991 quod
1537 956 1629 984 videre
1654 955 1710 990 jam

927 1001 1031 1037 pridem
1065 1002 1193 1029 ardenter
1216 1001 1415 1036 concupierat,
1430 1001 1556 1036 quamvis
1584 1006 1648 1028 voto
1662 1008 1713 1028 suo

927 1047 1078 1074 frustratus
1102 1047 1202 1081 fuerit,
1218 1047 1283 1082 quia
1307 1054 1478 1082 prmpropera
1504 1051 1564 1074 erat
1586 1047 1648 1074 talis
1664 1054 1713 1074 vo-

928 1091 1030 1119 luntas.
1042 1091 1108 1118 Illud
1119 1097 1209 1119 autem
1219 1099 1282 1119 cum
1295 1092 1418 1124 vidisset,
1438 1092 1549 1127 gavisus
1568 1096 1610 1119 est
1624 1091 1712 1123 valde,

928 1142 956 1164 et
981 1137 1120 1164 benedixit
1151 1138 1309 1170 hominum,
1333 1137 1462 1172 inquiens
1491 1146 1498 1164 :
1521 1136 1585 1164 Ηατ
1610 1138 1713 1171 requies

928 1191 986 1210 mea
1002 1183 1030 1210 in
1044 1183 1312 1211 smaulumswculi".
1330 1183 1433 1211 Deinde
1442 1184 1521 1211 istam
1539 1191 1648 1218 quoque
1664 1190 1713 1210 vo-

929 1237 987 1257 cem
1003 1229 1161 1264 subjunxit:
1181 1229 1347 1257 Voluntatem
1359 1230 1508 1257 timentium
1522 1239 1549 1257 se
1563 1230 1642 1265 faciet
1659 1230 1715 1256 Dav

929 1275 1015 1302 minus
1028 1275 1061 1302 ⁸⁸.
1079 1275 1175 1302 Traxit
1191 1276 1273 1303 etiam
1295 1276 1329 1303 ad
1343 1283 1373 1303 se
1387 1279 1563 1303 externorum
1577 1283 1630 1303 non
1646 1282 1700 1310 pati

930 1328 977 1348 cos
991 1329 998 1347 :
1013 1321 1059 1355 qui
1077 1321 1152 1349 nulla
1179 1321 1271 1349 habita
1292 1323 1399 1349 ratione
1419 1321 1549 1356 temporis
1578 1321 1715 1356 (verteba-

930 1370 976 1393 tur
987 1367 1060 1393 enim
1083 1367 1155 1394 sacri
1182 1366 1279 1401 jejunii
1306 1367 1437 1402 circulus)
1458 1367 1639 1394 accurrebant
1658 1372 1714 1394 tam

931 1412 1058 1439 monachi
1074 1420 1156 1446 quam
1173 1412 1329 1445 saeculares,
1346 1413 1590 1448 benedictionequc
1602 1418 1714 1447 accepta

931 1457 1138 1484 revertebantur
1172 1457 1299 1485 instructi
1327 1458 1361 1485 ad
1390 1458 1442 1486 iter
1467 1458 1572 1494 optimo
1602 1459 1714 1491 viatico,

931 1507 1033 1530 saneta:
1061 1503 1166 1530 scilicet
1194 1503 1372 1538 depositionis
1387 1505 1519 1531 memoria
1543 1505 1714 1540 (54).Quin-

931 1547 986 1574 imo
1009 1547 1200 1576 sanctissimus
1216 1548 1371 1582 patriarcha
1390 1549 1478 1577 adfuit
1489 1550 1560 1585 (55),
1576 1556 1671 1585 petens
1685 1556 1715 1579 ut

930 1598 1021 1620 oraret
1036 1600 1085 1628 pro
1101 1601 1150 1626 se;
1165 1601 1253 1629 eoque
1263 1594 1420 1628 impetrato,
1435 1596 1576 1623 osculatus
1589 1600 1631 1624 est
1638 1604 1713 1624 eum.

931 1639 1025 1674 Itaque
1049 1639 1114 1666 hora
1139 1639 1185 1667 illa
1205 1640 1332 1668 omnibus
1357 1641 1571 1675 suspicantibus,
1588 1641 1713 1669 alieniori

931 1684 1005 1719 ipsos
1022 1685 1056 1711 ab
1082 1685 1195 1712 invicem
1220 1692 1282 1712 esse
1301 1685 1403 1718 animo,
1421 1685 1494 1713 facta
1510 1685 1561 1713 fuit
1577 1686 1604 1713 in
1623 1694 1714 1713 reme-

931 1729 1017 1760 dium,
1033 1729 1128 1764 procul
1144 1729 1272 1756 submota
1286 1737 1457 1764 quaecunque
1476 1734 1555 1758 antea
1573 1731 1716 1758 exstiterat

95 1774 270 1808 mgritudine.
298 1773 422 1809 Denique
439 1782 536 1802 omnes
558 1775 711 1807 admonuit,
727 1774 817 1802 oravit
845 1782 896 1810 pro
929 1774 1070 1806 omnibus,
1097 1773 1226 1800 omnibus
1251 1774 1364 1809 ignovit,
1394 1782 1513 1809 quorum
1540 1775 1714 1808 inimicitias,

95 1821 315 1857 pt-rsecutiones,
347 1822 489 1850 molestias
509 1823 619 1854 tulerat,
641 1826 734 1856 utpote
753 1829 816 1849 vere
829 1822 872 1849 vir
891 1821 948 1854 Dei,
967 1825 995 1848 et
1008 1820 1149 1848 Christum
1166 1820 1248 1848 etiam
1267 1821 1295 1848 in
1309 1827 1398 1849 morte
1412 1822 1536 1850 imitans.

131 1870 189 1901 μγ’.
207 1866 319 1902 Ἐπειδὴ
334 1866 362 1893 δὲ
381 1866 430 1893 καὶ
444 1867 577 1902 διαθήκην
598 1867 653 1893 ἔδει
672 1866 824 1898 διαθέσθαι,
839 1867 882 1898 τίς

94 1912 184 1948 aiam;
208 1912 240 1938 Ἦ
257 1912 396 1948 ὀρθόδοξος
418 1912 520 1944 πίστις,
537 1913 585 1939 καὶ
597 1913 613 1947 ἡ
627 1912 881 1948 νόμιμοςπολιτεία,

94 1956 140 1990 αἷς
155 1958 314 1992 συνέζησεν,
330 1958 378 1985 καὶ
403 1958 464 1993 μεθ’
483 1955 521 1985 ὧν
544 1958 720 1994 ἀπεδήμησεν
736 1966 744 1975 ·
756 1958 836 1985 τοῦτο
853 1959 882 1986 δὲ.

95 2005 208 2032 κάκεῖνο
231 2004 381 2039 διανέμειν,
407 2005 437 2031 οὒ
454 2005 523 2040 πρὸς
547 2005 631 2032 αὐτοῦ
649 2005 700 2040 (ὅτι
717 2005 779 2040 μηδ’
794 2006 878 2040 αὐτῆς

93 2051 145 2084 τῆς
153 2050 288 2084 ἐπωμίδος
300 2048 334 2085 ἦν
351 2050 455 2085 κύριος)
467 2049 669 2077 διατάττεσθαι.
687 2050 796 2085 ’Δμέλει
809 2051 879 2085 ὲρω-

92 2095 192 2130 τηθεὶς
207 2094 275 2129 πρὸς
288 2094 354 2129 ἐμοῦ
369 2094 416 2120 τοῦ
426 2093 554 2128 ὲλεεινοῦ,
563 2094 600 2130 μή
609 2103 634 2121 τι
648 2093 736 2129 ἔχοιεν
748 2094 881 2130 παριστά-

95 2147 180 2176 μενον
192 2146 200 2153 ·
217 2140 250 2174 τῇ
265 2139 315 2174 μὲν
333 2139 406 2174 χειρὶ
418 2139 556 2175 ἁψάμενος
586 2139 634 2167 τοῦ
661 2140 781 2175 ἱματίου,
800 2140 881 2168 τοῦτο

137 2198 160 2214 ¹³
175 2197 247 2226 Psal.
263 2205 357 2232 cmi,
373 2199 418 2226 M.
457 2199 479 2216 "
496 2198 570 2227 Psal.
585 2205 674 2232 cxuv,
689 2199 734 2229 l9.

965 1866 1010 1893 45.
1029 1865 1165 1899 Quoniam
1185 1873 1251 1894 vero
1270 1867 1393 1901 oportuit
1416 1867 1498 1894 etiam
1520 1872 1715 1897 testamentum

930 1913 1012 1940 condi
1030 1921 1036 1940 :
1052 1913 1202 1948 quodnam,
1223 1920 1328 1948 quasso,
1354 1913 1485 1948 reliquit?
1500 1913 1595 1942 Fidem
1625 1916 1717 1943 ortho-

930 1959 1030 1985 doxam
1044 1964 1070 1986 et
1083 1959 1323 1986 conversationem
1336 1960 1502 1994 regularem,
1518 1960 1545 1987 in
1557 1961 1659 1995 quibus
1674 1963 1716 1989 vi-

932 2004 971 2030 xit
985 2008 1012 2031 et
1029 2011 1090 2031 cum
1105 2005 1207 2039 quibus
1219 2005 1289 2032 obiit
1303 2014 1310 2032 :
1327 2005 1380 2032 hoc
1395 2011 1486 2033 autem
1503 2006 1544 2034 vel
1557 2007 1624 2035 illud
1651 2007 1716 2036 dis—

932 2050 1068 2076 stribucre
1081 2049 1114 2076 ad
1133 2049 1210 2076 illum
1231 2057 1285 2076 non
1313 2050 1477 2084 pertinebat,
1501 2059 1564 2079 cum
1580 2060 1668 2088 neque
1684 2053 1719 2080 de

933 2095 992 2129 ipso
1003 2095 1086 2129 pallio
1096 2100 1188 2129 posset
1209 2099 1239 2122 ut
1260 2095 1392 2123 dominus
1405 2096 1511 2124 testari.
1531 2096 1652 2125 Tandem
1670 2106 1718 2125 ro-

933 2146 1013 2176 gatus
1028 2148 1043 2168 a
1058 2148 1101 2169 me
1120 2140 1281 2174 miserabili,
1297 2148 1361 2168 num
1372 2142 1438 2176 quid
1449 2142 1563 2171 haberet
1579 2151 1718 2172 commen-

847 2269 962 2298 NOTAE.

131 2377 190 2414 (30)
205 2376 399 2414 Primumsub
420 2377 628 2414 obedientiahsi.
649 2376 810 2414 Theoctisti,
838 2387 880 2407 sc-
896 2380 919 2408 D
931 2379 1131 2413 exprimeretur
1154 2379 1215 2412 ejus
1232 2387 1294 2414 qua;
1317 2380 1344 2407 in
1357 2379 1453 2407 Graeco
1471 2385 1512 2407 est
1523 2380 1556 2407 ad
1571 2387 1666 2407 vocum
1679 2381 1719 2408 si-

93 2411 219 2440 cundum
235 2411 272 2448 in?
282 2412 416 2448 regimine
431 2412 591 2447 monasterii
606 2411 809 2448 Symbolorum,
823 2420 880 2442 ter-

93 2449 165 2475 tium
177 2448 211 2484 _in
228 2447 407 2484 gubernando
422 2448 588 2484 monasterio
601 2447 779 2482 sacudionis,
793 2457 878 2484 quar-

94 2489 154 2510 tum
170 2482 408 2516 Constantinopoli
423 2482 448 2508 in
461 2482 623 2509 reclusione.

121 2517 290 2552 (Ἥψατο
299 2516 527 2552 mammam,
545 2517 596 2544 Sed
606 2518 692 2552 prima
707 2517 809 2552 syllaba
819 2517 879 2545 Sir-

93 2551 141 2580 leti
171 2552 268 2580 oculos
296 2551 375 2584 fugit,
392 2556 422 2579 ut
446 2552 583 2579 duodecim
607 2551 735 2585 verteret,
750 2557 777 2581 et
794 2557 879 2580 totam

93 2587 286 2622 chronologize
298 2587 432 2614 rationem
445 2587 574 2614 turbavit.

131 2621 192 2657 (52)
212 2621 250 2657 Ex
277 2621 329 2649 hac
353 2622 409 2649 vita
437 2622 557 2648 excessit
583 2622 775 2650 sanctissimus
795 2621 882 2655 Plato,

93 2656 297 2696 octogesimum
306 2657 400 2696 atatis
421 2663 533 2696 artuum"
548 2664 604 2684 uno
624 2657 714 2696 minus
732 2664 827 2696 agens.
843 2657 884 2684 vir

93 2691 225 2728 pluribus
254 2691 414 2728 perfunctus
438 2691 589 2728 laboribus,
611 2692 725 2728 egregiis
751 2691 883 2720 virtutum

93 2725 179 2754 Editis
195 2726 380 2753 documentis.
397 2725 435 2752 Ita
449 2725 478 2752 S.
494 2725 638 2753 Theodori
653 2725 725 2759 Vita,

131 2762 192 2795 (55)
205 2761 299 2797 Graece
311 2760 424 2797 ἔκειτορ
437 2760 537 2797 γέρων,
550 2761 645 2796 ὥσπερ
659 2770 684 2788 τι
695 2764 779 2797 γέρας
790 2762 882 2797 τίμιον

93 2795 303 2832 ἡτοιμασμένος
326 2796 376 2831 τὴν
392 2795 550 2832 ψυχήν-νοεῖ
565 2795 655 2823 autem
672 2795 767 2832 γέρας,
786 2795 881 2830 decus,

95 2831 256 2867 praemium,
277 2837 327 2866 pro
354 2836 410 2866 quo
436 2831 568 2860 vertimus
591 2831 711 2868 senium,
726 2835 756 2860 ut
772 2832 884 2868 propius

932 2413 1114 2441 militudinem
1144 2413 1288 2442 allusionis
1318 2415 1571 2449 elegantia;quam
1598 2414 1717 2443 Sirletus

933 2449 1059 2483 neglexit,
1073 2449 1138 2476 dum
1152 2449 1188 2476 ita
1204 2449 1294 2482 vertit,
1318 2458 1328 2475 ι
1341 2448 1453 2477 Iacebat
1471 2448 1555 2477 senex
1579 2449 1624 2478 ille
1641 2451 1719 2478 senio

933 2483 1079 2510 admodum
1094 2484 1237 2511 honorato.
1251 2493 1260 2509 ι

967 2518 1024 2554 (547)
1033 2518 1126 2554 Graece
1134 2518 1294 2554 simpliciter
1302 2523 1342 2546 est
1355 2528 1363 2544 ι
1374 2523 1467 2546 sancta
1479 2519 1540 2553 ejus
1548 2519 1695 2554 depositio,
1708 2529 1718 2545 ι

932 2553 1094 2587 παράθεσις.
1111 2553 1228 2581 Sirletus
1239 2573 1246 2585 ,
1264 2555 1516 2581 commendationem
1538 2555 1619 2581 vertit
1636 2563 1643 2580 :
1668 2562 1721 2588 pu-

931 2588 987 2629 tavi
1006 2589 1091 2615 menti
1105 2590 1227 2616 auctoris
1240 2589 1353 2623 propius
1368 2596 1544 2616 accessuram
1569 2590 1721 2624 paraphra-

932 2631 996 2651 Sim.

967 2657 1024 2692 (55)
1039 2656 1100 2684 Vita
1111 2657 1139 2684 S.
1149 2657 1286 2684 Theodori
1302 2666 1309 2684 :
1326 2667 1335 2683 ι
1349 2657 1377 2684 ln
1392 2665 1425 2684 eo
1439 2658 1520 2684 etiam
1531 2657 1718 2685 abundantem

932 2693 1087 2726 patriarcha
1107 2693 1251 2720 charitatis
1268 2700 1325 2720 suae
1333 2693 1386 2719 vim
1400 2693 1538 2727 animique
1557 2697 1629 2720 recte
1642 2699 1720 2719 com-

933 2727 1012 2762 positi
1036 2727 1175 2761 specimen
1187 2727 1319 2754 exhibuit.
1336 2731 1493 2755 Accurrens
1518 2727 1633 2761 ipsemet
1653 2733 1717 2753 cum

932 2762 1064 2789 universo
1091 2762 1163 2789 clero
1175 2762 1207 2789 ad
1220 2763 1426 2794 monasterium,
1440 2762 1605 2789 moribundo
1619 2765 1717 2790 sancto

937 2798 1034 2827 astitit,
1061 2800 1134 2823 totus
1163 2796 1191 2824 in
1203 2797 1278 2824 illum
1289 2797 1407 2829 deﬁxus,
1419 2797 1541 2824 iitetnbra
1551 2796 1611 2830 ejus
1623 2795 1718 2823 omnia

937 2831 1132 2868 complectens,
1148 2832 1322 2867 suaviterque
1343 2831 1449 2867 singula
1465 2831 1639 2861 deosculaus.
1656 2839 1668 2858 ι
