1924 3077
229 115 281 146 847

843 119 870 149 S.
891 119 1087 150 THEODORI
1103 119 1273 150 STUDITE

1799 123 1857 155 843

225 171 358 204 dandum,
371 179 453 199 manu
467 178 570 201 vestem
579 174 798 209 apprehendens,
811 181 870 201 eam
878 175 1012 205 excussit,

1065 176 1233 207 κατέσεισεν,
1250 175 1288 206 ὡς
1307 174 1440 209 σύμϐολον
1468 174 1594 210 ὑπακοῆς
1620 175 1854 212 παντελευθέρου,

226 216 254 243 in
268 216 378 251 signum
401 219 614 253 expeditissima:
633 220 814 253 obedientiae;
834 225 861 247 et
878 228 945 248 voce
962 222 1011 248 ad-

226 261 338 289 modum
363 259 501 291 submissa
531 264 609 297 dixit,
639 265 709 292 nihil
736 265 846 297 habere,
872 272 905 292 eo
937 266 1010 300 quod

225 308 319 336 omnia
336 316 404 336 meae
423 310 551 344 parvitati
571 312 768 338 committeret.
797 311 882 339 Porro
897 317 1011 346 praeter-

225 353 346 380 eundum
363 361 416 381 non
436 359 479 382 est
495 355 609 390 aliquid,
621 356 675 382 vim
694 356 797 383 habens
812 357 1010 391 praedictionis,

225 399 300 433 quod
316 407 414 434 nempe
426 399 569 428 funebrem
591 405 703 428 cantum
723 401 775 429 sibi
788 403 845 436 ipse
860 406 923 430 ante
937 410 1011 430 mor-

226 450 280 473 tem
293 447 437 474 cecinerit.
453 446 522 474 Cum
539 448 612 475 enim
629 456 662 475 ex
674 453 785 483 pectore
797 449 947 482 laboraret,
966 457 1012 478 as-

225 489 362 525 siduoque
382 491 533 519 anhelitum
559 492 682 525 duceret,
706 501 738 520 ex
763 499 895 522 consueta
919 502 1010 522 rerum

225 533 381 561 divinarum
397 535 577 563 meditatione
586 538 713 565 movebat
733 538 815 570 labia,
833 539 952 566 maxime
966 546 1013 566 au-

226 583 281 606 tem
295 581 428 614 psallebat
440 581 513 608 illam
527 589 613 610 sacrae
620 584 756 611 cantionis
769 584 931 618 particulam
943 593 950 612 :
963 584 1012 611 Re-

227 630 334 660 surgent
357 627 466 659 mortui,
485 631 510 654 et
529 628 617 662 quiin
635 630 810 656 monumentis
837 634 898 657 sunt
926 631 1012 657 susci-

228 671 364 702 tabuntur.
380 676 405 699 et
428 672 591 700 ltetabuntur
615 674 660 708 qui
685 679 744 702 runt
769 675 882 703 interra
903 684 913 703 :
929 684 1011 711 quem

227 717 425 745 suavissimum
447 726 556 746 versum
587 719 751 748 hortabatur
777 726 807 748 ut
826 729 918 749 secum
933 730 1014 750 cane-

229 767 290 790 rent
316 763 362 798 qui
386 769 485 799 praesto
501 769 594 799 erant,
610 767 700 801 quoad
716 767 792 801 loqui
809 769 908 802 potuit.
920 773 947 796 et
962 776 1012 796 vo-

226 816 287 836 cem
300 809 344 836 vel
362 810 553 838 tenuissimam
565 812 700 840 emittere.
717 812 815 841 Secuta
837 820 926 842 autent
945 823 1012 843 can-

229 859 286 881 tum
301 859 345 882 est
360 863 447 888 mors,
467 861 533 884 tunc
558 857 598 884 illi
621 858 781 890 adveniens,
798 861 909 894 quando
926 861 1012 888 insta-
1028 840 1048 868 Β

228 899 275 927 bat
289 901 422 928 memoria
436 901 503 936 justi
519 902 617 930 Lazari
642 903 709 939 (56),
725 905 758 932 ad
783 913 863 940 quem
895 906 1012 934 refertur

226 950 327 974 cantus
343 947 398 979 ille,
414 952 441 975 et
455 955 517 976 cum
534 956 589 984 quo
603 957 668 985 pars
683 950 744 984 ejus
760 951 793 978 de
808 959 864 985 quo
881 953 960 980 nobis
971 957 1013 981 est

226 998 332 1019 sermo.

261 1039 309 1066 44.
323 1039 446 1074 Denique
458 1044 624 1074 extremum,
648 1041 802 1074 insurrans,
816 1042 912 1071 Estote
930 1044 1011 1078 salvi,

225 1084 385 1120 decoroque
399 1085 494 1112 habitu
507 1086 615 1121 jacens,
635 1095 698 1114 cum
713 1087 746 1114 ad
769 1087 909 1116 dexteram
932 1089 1013 1116 incli-

227 1135 321 1158 nasset
334 1134 426 1165 caput,
442 1131 551 1166 placido
564 1140 596 1159 ac
614 1132 667 1160 leni
681 1137 756 1160 motu
781 1134 917 1168 corporis,
941 1135 1013 1162 velut

227 1176 273 1211 qui
301 1176 329 1203 in
357 1177 470 1212 propria
493 1177 570 1205 abire
593 1178 841 1213 disponit,clausit
859 1180 966 1212 oculos,
980 1188 1012 1208 ea

227 1229 280 1257 qua
297 1222 338 1249 sol
355 1223 494 1250 occumbit
510 1223 590 1255 hora,
604 1228 631 1251 et
645 1224 773 1259 spiritum
792 1233 873 1252 suum
887 1231 1012 1253 sanctum

228 1266 340 1294 tradidit
362 1267 479 1302 angelis,
493 1269 582 1303 ipsum
595 1269 627 1296 ad
643 1269 727 1296 solem
743 1270 857 1304 iustitiae
878 1271 1011 1298 deductu-

227 1312 276 1339 ris.
287 1311 320 1339 Et
329 1320 402 1340 nunc
417 1313 463 1340 ille
474 1313 583 1348 quidem
597 1314 624 1341 in
639 1315 718 1342 caelis
733 1319 775 1342 est
793 1315 860 1351 (ὅδ’)
873 1315 961 1344 audeo
970 1317 1012 1344 di-

227 1365 300 1390 cere,
332 1365 387 1384 non
416 1358 507 1386 solum
531 1358 649 1386 ascetico
676 1359 805 1394 dignatus
833 1361 946 1394 ordine,
963 1362 1012 1389 sed

227 1403 419 1431 confessorum
439 1404 665 1432 adnumerandus
674 1405 782 1432 choreis
792 1415 800 1432 ε
812 1413 928 1440 quorum
938 1407 1010 1434 enim

227 1450 377 1477 certamina
400 1448 531 1485 'pertulit,
550 1450 647 1478 horum
667 1451 778 1479 indubie
797 1452 879 1479 etiam
896 1452 1012 1480 lueredi-

1062 221 1154 256 φωνὴν
1166 221 1195 247 δὲ
1207 221 1320 255 ἀφίησιν
1333 220 1392 247 λίαν
1421 220 1546 255 ἀμυδρὰν
1572 221 1633 256 μηδ’
1651 221 1742 247 ὁτιοῦν
1765 221 1855 256 ἔχειν,

1061 266 1104 292 διὰ
1117 266 1148 292 τὸ
1162 266 1252 293 πάντα
1269 265 1414 292 ἀναθέσθαι
1426 267 1459 302 τῇ
1471 266 1635 293 ταπεινώσει
1649 275 1714 301 μου.
1730 267 1785 293 Καὶ
1797 267 1857 302 μὴν

1061 312 1116 339 οὐδ’
1130 313 1218 339 ἐκεῖνο
1232 311 1448 347 παραλείψομαι,
1474 312 1653 347 προρρήσεως
1678 311 1740 347 ἔχον
1761 311 1857 347 ἔμφα-

1062 367 1114 390 σιν,
1133 359 1174 385 ὂτι
1191 358 1272 389 αὐτὸς
1285 357 1375 393 ἐαυτῷ
1391 359 1534 392 ἐπιτάφιον
1559 357 1630 393 ᾠδὴν
1648 358 1703 394 πρὸ
1731 358 1854 385 Θανάτου

1063 401 1265 436 μεμελῲδηκεν.
1288 401 1469 436 Συνεχὸμενος
1487 401 1542 437 γὰρ
1563 401 1616 428 ὑπὸ
1647 402 1695 429 τοῦ
1719 402 1851 437 θώρακος

1062 445 1109 471 καὶ
1125 444 1285 480 ἀσθμαίνων
1299 445 1449 480 ἐπάλληλα,
1473 445 1559 472 ἐκίνει
1588 446 1636 481 μὲν
1665 446 1699 473 τὰ
1715 446 1795 481 χείλη
1821 447 1855 473 ὲκ

1061 490 1110 524 τῆς
1127 489 1259 525 συνήθους
1275 489 1349 525 αὐτῷ
1366 490 1420 516 τῶν
1441 490 1521 517 θείων
1546 491 1674 526 μελέτης,
1694 491 1854 526 ὑπὲψαλλεν

1061 535 1090 562 δὲ
1105 535 1222 569 μάλιστα
1237 536 1267 562 τὸ
1285 536 1336 570 τῆς
1358 535 1431 571 ᾠδῆς
1456 536 1564 571 ἐκείνης
1589 537 1687 572 μέρος,
1709 538 1854 571 Ἀναστή-

1061 588 1168 608 σονται
1182 582 1208 607 οὶ
1221 582 1332 615 νεκροὶ,
1357 581 1407 608 καὶ
1435 582 1648 616 ἐγερθήσονται
1673 584 1700 610 al
1728 583 1764 610 ἐν
1787 584 1853 617 τοῖς

1060 626 1215 662 μνημείοις
1229 626 1278 653 καί
1293 626 1556 660 εὐφρανθήσονται
1574 629 1600 654 οί
1614 628 1649 654 ἑν
1660 627 1697 663 τῇ
1716 629 1766 663 τῇ,
1788 638 1855 656 συν-

1062 672 1137 708 ᾴδειν
1152 672 1227 707 αὐτῷ
1246 673 1467 707 προτρεπόμενος
1489 674 1682 709 συνεχέστερον
1702 675 1748 701 τὸν
1766 675 1854 702 αὐτὸν

1062 717 1114 752 ἥδη
1143 715 1233 751 στίχον
1262 717 1326 748 τοὺς
1357 717 1660 752 παρισταμένοιδς,ἐως
1685 718 1719 745 ἂν
1732 719 1854 753 ἠδύνατο

1064 761 1176 793 σθένειν,
1191 761 1237 788 καὶ
1254 761 1354 797 μικρὰν
1372 762 1480 796 ἀφιέναι
1504 763 1607 797 φωνήν.
1623 763 1678 789 Καί
1696 771 1728 797 γε
1745 765 1852 799 ἐπηκο-

1063 807 1194 841 λούθησεν
1204 807 1237 841 τῇ
1249 806 1304 842 ᾠδῇ
1319 807 1335 841 ή
1350 806 1488 842 κοίμησις,
1511 807 1571 834 τότε
1602 807 1740 842 φθάσασα,
1767 809 1852 843 ήνίκα

1063 853 1080 887 ἡ
1093 851 1140 878 τοῦ
1161 851 1265 878 δικαίου
1287 851 1416 887 Λαζάρου
1437 853 1531 888 μνήμη
1555 853 1669 888 ἐπέστη,
1684 854 1754 888 πρὸς
1775 854 1807 880 δν
1834 855 1851 889 ἡ

1062 895 1188 932 ἀναφορὰ
1200 896 1251 932 τῆς
1264 896 1350 932 ᾠδῆς,
1364 897 1411 924 καὶ
1430 897 1490 933 μεθ’
1504 894 1533 924 οὗ
1548 899 1566 934 ή
1587 899 1667 935 μερὶς
1687 899 1735 927 τοῦ
1761 897 1850 935 οὗπερ

1061 943 1076 968 ὸ
1092 942 1180 977 λόγος.

1100 1030 1152 1066 μδ’.
1173 1027 1241 1058 Εἶτα
1252 1030 1408 1057 τελευταῖον
1431 1030 1462 1057 τὸ
1487 1030 1621 1062 σώζεσθαι
1644 1030 1851 1064 ὲπιψιθυρίσας,

1063 1075 1109 1102 ἐπὶ
1125 1075 1264 1110 σχήματός
1288 1083 1319 1101 τε
1340 1073 1496 1110 εὐπρεποῦς
1524 1073 1662 1109 κείμενος,
1685 1073 1734 1108 τὴν
1759 1075 1851 1108 χάραν

1062 1121 1179 1154 δεξιόθεν
1192 1120 1385 1154 ὲπικεκλικὼς,
1412 1119 1513 1147 οὑτωσὶ
1532 1120 1635 1156 πραείᾳ
1660 1120 1708 1146 καὶ
1725 1119 1852 1154 ἠρεμαίᾳ

1062 1168 1095 1203 τῇ
1117 1168 1224 1202 κινήσει
1246 1166 1295 1193 τοῦ
1318 1166 1457 1202 σώματος,
1470 1165 1508 1197 ὡς
1530 1166 1571 1197 είς
1589 1165 1623 1192 τά
1646 1165 1699 1192 ίδια
1718 1165 1851 1200 ἀπαίρειν

1062 1212 1290 1247 προαιρούμενος,
1307 1211 1396 1246 μύσας
1409 1211 1474 1242 τοὺς
1486 1209 1643 1245 ὀφθαλμοὺς
1664 1209 1693 1236 ἑν
1718 1208 1779 1245 ὥρᾳ.
1803 1208 1853 1235 δύ-

1062 1265 1132 1289 σεως
1149 1257 1237 1292 ἡλίου,
1250 1257 1411 1293 παρέδωκεν
1429 1255 1479 1292 τὴν
1498 1255 1579 1290 άγίαν
1601 1255 1691 1290 ψυχὴν
1713 1257 1771 1286 τοῖς
1796 1255 1852 1282 ὰπ-

1062 1303 1175 1337 άγουσιν
1189 1302 1275 1338 αὐτὴν
1289 1303 1377 1337 ἁγίοις
1390 1301 1516 1336 ἀγγέλοις
1529 1301 1597 1336 πρὸς
1607 1302 1652 1327 τὸν
1660 1301 1736 1336 ἥλιον
1749 1300 1800 1335 τῆς
1814 1300 1854 1326 δι-

1062 1349 1218 1383 καιοσύνης.
1232 1349 1287 1375 Καὶ
1302 1348 1349 1375 νῦν
1371 1348 1446 1375 ἐστιν
1459 1349 1473 1375 ό
1494 1347 1543 1383 μὲν
1555 1348 1583 1374 ὲν
1598 1347 1734 1382 οὐρανοῖς,
1749 1347 1779 1373 οὐ
1803 1345 1854 1382 μό-

1062 1403 1107 1421 νον
1133 1394 1288 1430 άσκητικῆς
1313 1393 1417 1426 τάξεώς
1431 1402 1461 1420 τε
1473 1393 1521 1420 καὶ
1543 1393 1742 1428 παραστάσεως
1757 1392 1854 1427 θαρῥῶ

1062 1440 1153 1474 λέγειν
1168 1440 1329 1475 ἠξιωμένος,
1341 1438 1410 1465 ἀλλὰ
1423 1438 1477 1474 γάρ
1488 1439 1535 1465 καὶ
1545 1437 1720 1473 ὁμολογητῶν
1730 1437 1854 1472 χορείαις

227 1500 312 1523 tatem
341 1479 513 1531 participavit
532 1506 539 1524 :
556 1503 602 1524 aut
620 1497 643 1525 si
668 1497 772 1532 placet,
790 1506 853 1526 cum
878 1499 1011 1534 subjectis

1065 1479 1247 1522 ἠριθμημένος
1258 1493 1266 1501 ”
1280 1482 1318 1511 ὧν
1337 1484 1392 1519 γὰρ
1407 1484 1470 1515 τοὺς
1483 1483 1581 1515 ἄθλους
1595 1483 1722 1518 ἧνεγκεν,
1749 1481 1854 1508 τούτων

228 1541 370 1576 subjectus
394 1541 617 1576 probatissimus,
636 1542 692 1569 imo
715 1541 756 1569 bis
779 1542 912 1570 obediens
931 1550 1012 1570 coro-

229 1586 324 1613 narius
337 1595 345 1619 ;
359 1593 421 1613 cum
452 1586 584 1613 solitariis
614 1587 754 1614 solitarius
770 1587 908 1622 legitimus
923 1596 930 1621 ;
947 1586 1010 1615 cuni

228 1630 349 1665 pra-latis
370 1632 500 1667 praelatus
532 1632 724 1667 dignissimus,
742 1640 804 1660 cum
817 1633 942 1666 inclusis,
957 1641 1012 1661 non

228 1676 318 1703 solum
348 1677 482 1709 inclusus,
499 1677 547 1705 sed
557 1679 639 1705 etiam
659 1678 801 1711 subditus;
817 1679 946 1714 quodque
962 1686 1014 1706 au-

228 1727 338 1758 gustum
367 1722 510 1757 inprimis,
540 1730 602 1750 cum
634 1723 841 1751 confessoribus
870 1723 1013 1751 confessor

229 1768 378 1802 genuinus,
395 1768 484 1802 reipsa
510 1769 601 1795 verbis
616 1773 775 1796 attestante.
791 1768 847 1804 Ego
863 1775 953 1796 autent
972 1770 1013 1796 in-

230 1813 307 1845 felix,
322 1813 426 1848 optimo
436 1813 550 1840 orbatus
573 1818 669 1848 patre;
684 1815 726 1841 cui
755 1821 866 1841 manum
891 1814 1013 1849 injiciam

228 1859 324 1886 animo
344 1858 502 1886 ﬂuctuans?
520 1866 600 1893 quem
626 1859 826 1886 admonitorem
848 1859 1013 1888 inveniama

229 1909 303 1932 recta
330 1904 473 1932 declinans
496 1905 623 1932 ratione?
636 1905 776 1940 quomodo
797 1906 861 1933 mali
880 1906 1014 1935 daemonis

229 1951 372 1978 incursum
389 1950 504 1986 fugiam,
523 1959 576 1978 non
594 1951 700 1979 habens
713 1957 739 1979 te
761 1952 944 1980 domesticum
972 1953 1015 1981 in-

228 2001 396 2025 structorem
413 1997 620 2033 doctoremque.

265 2121 310 2149 45.
326 2121 385 2154 Ast,
400 2129 417 2149 0
432 2120 556 2150 divinum
577 2122 644 2148 mihi
659 2125 687 2148 ct
695 2128 803 2149 sacrum
821 2126 914 2155 caput,
931 2125 958 2147 tu
972 2128 1016 2148 me

1061 1531 1140 1567 δῆλον
1156 1530 1197 1557 ὅτι
1212 1529 1261 1556 καὶ
1274 1529 1324 1564 τῆς
1341 1529 1508 1565 κληρουχίας
1526 1528 1690 1563 μετείληφεν
1703 1535 1710 1542 ·
1726 1528 1751 1553 εί
1762 1527 1854 1562 βούλει

1061 1575 1102 1607 δὲ,
1121 1574 1190 1610 μετὰ
1206 1572 1396 1600 ὑποτακτικῶν
1417 1572 1597 1603 ὐποτακτικδς
1614 1571 1735 1605 δόκιμος,
1752 1570 1854 1605 μᾶλλον

1061 1621 1091 1648 δὲ
1104 1621 1144 1652 δίς
1158 1620 1279 1655 ὑπήκοος
1293 1618 1466 1653 στεφανίτης,
1485 1618 1545 1652 μεθ’
1570 1615 1732 1652 ἡσυχαστῶν
1748 1616 1854 1650 ἡσυχα-

1063 1666 1130 1701 στὴς
1156 1665 1277 1700 ἔννομος,
1307 1664 1378 1699 μετὰ
1400 1663 1565 1699 καθηγητῶν
1594 1661 1756 1697 καθηγητὴς
1778 1661 1855 1688 ἔνθεο

1064 1720 1142 1747 σμος,
1168 1711 1238 1746 μετὰ
1266 1710 1431 1745 ὲγκλείστων
1443 1709 1475 1736 οὐ
1494 1709 1574 1744 μόνον
1600 1707 1767 1742 ἕγκλειστος,
1784 1707 1854 1734 ἀλλὰ

1063 1756 1110 1783 καὶ
1124 1756 1324 1790 ὖποτακτήτης,
1335 1754 1350 1781 δ
1361 1754 1410 1781 καὶ
1421 1753 1581 1789 σεϐάσμιον,
1598 1752 1666 1788 μετὰ
1676 1751 1853 1787 ὀμολογητῶν

1063 1801 1234 1836 ὁμολογητὴς
1247 1800 1476 1834 άπαράγραπτος,
1500 1797 1694 1834 μαρτυρούσης
1718 1796 1760 1830 τῷ
1781 1796 1854 1830 λόγῳ

1063 1847 1114 1881 τῆς
1131 1845 1265 1880 πράξεως.
1281 1844 1352 1878 Ἐγὼ
1362 1845 1391 1871 δὲ
1407 1844 1570 1879 ὁδύστηνος,
1585 1842 1798 1878 άπορφανισθεὶς
1806 1841 1854 1868 τοῦ

1064 1890 1147 1918 καλοῦ
1164 1890 1280 1925 Πατρδς,
1294 1889 1346 1916 ποῦ
1364 1890 1444 1924 χεῖρα
1458 1888 1640 1924 άπερείσομαι
1670 1887 1743 1914 κατὰ
1764 1886 1855 1921 ψυχὴν

1065 1935 1245 1971 σαλευόμενος
1257 1943 1265 1967 ;
1277 1934 1339 1961 τίνα
1357 1933 1536 1970 ύπομνηστὴν
1555 1932 1666 1968 εὕροιμι
1687 1930 1854 1967 παραλόγως

1065 1982 1233 2018 φερόμενοςς
1252 1980 1312 2012 πῶς
1334 1979 1382 2007 τοῦ
1394 1979 1521 2016 Πονηροῦ
1544 1979 1595 2014 τὴν
1609 1978 1704 2013 ἔφοδον
1727 1977 1854 2012 φύγοιμι,

1067 2029 1105 2064 μὴ
1120 2028 1150 2055 σὲ
1165 2027 1210 2054 τὸν
1234 2026 1364 2062 νουθετὴν
1387 2027 1433 2054 καὶ
1456 2025 1604 2061 παιδευτὴν
1632 2024 1758 2060 εὐπορῶν
1779 2025 1856 2051 obto-

1067 2075 1112 2101 θεν
1123 2083 1132 2108 ;

1103 2123 1155 2156 με’.
1178 2121 1248 2148 Ἀλλ’
1264 2118 1287 2147 ὢ
1303 2119 1362 2147 θεία
1384 2127 1429 2154 μοι
1453 2118 1500 2145 καὶ
1524 2117 1586 2153 ίερὰ
1616 2117 1735 2152 κεφαλὴ.
1760 2115 1793 2142 σύ
1821 2124 1856 2151 με

229 2175 263 2196 ex
292 2169 348 2196 alto
367 2167 502 2203 propitius
528 2168 644 2202 respice,
656 2167 793 2194 labantem
821 2167 913 2202 erige.
929 2166 1013 2202 dirige

1066 2168 1228 2200 ὲποπτεὺοις
1235 2168 1338 2196 ἄνωθεν
1347 2167 1437 2198 ἵλεως,
1446 2166 1494 2193 καὶ
1503 2165 1627 2201 ἀνορθοῖς
1638 2163 1855 2193 καταπίπτοντα,

230 2213 411 2248 gradientem,
432 2220 512 2241 serva
530 2213 706 2244 incolumem,
719 2219 800 2247 pasce
821 2219 927 2239 mecum
942 2212 1015 2239 hunc

230 2267 349 2295 gregem,
367 2267 448 2295 quem
469 2259 557 2286 multo
585 2259 677 2286 labore
697 2263 724 2285 et
739 2258 840 2285 sudore
864 2257 1016 2292 collegisti;

230 2311 262 2333 ιιι
278 2307 333 2334 tuis
352 2306 483 2334 insistens
501 2305 633 2340 vestigiis,
649 2304 770 2331 ambulet
794 2311 840 2338 per
854 2303 925 2330 viam
940 2310 1017 2330 man-

229 2353 356 2380 datorum
379 2351 446 2379 Dei:
462 2351 589 2383 observa,
619 2350 690 2381 fove.
710 2357 852 2385 propugna
883 2355 938 2376 tam
957 2357 1016 2376 ma-

231 2405 299 2433 gnos
331 2405 413 2433 quam
442 2404 552 2432 parvos,
565 2396 796 2431 quemadmodum
824 2399 850 2422 te
874 2394 967 2429 rogavi
988 2395 1014 2420 in

231 2443 298 2470 hora
328 2443 418 2470 exitus
443 2443 481 2470 tui
498 2442 557 2470 :tui
585 2441 657 2469 enim
691 2445 754 2468 sunt
776 2447 883 2472 omnes,
900 2446 1016 2474 quorum

230 2489 315 2516 duces
328 2487 376 2515 ﬁlii
390 2488 431 2515 tui
444 2492 518 2520 sunt,
535 2492 582 2515 aut
595 2487 642 2514 lilii
664 2486 781 2513 ﬁliorum
801 2494 807 2512 :
824 2489 853 2512 ut
869 2485 896 2512 in
914 2483 970 2511 Deo
988 2487 1016 2511 ct

1066 2215 1113 2241 καὶ
1124 2214 1272 2246 διευθύνοις
1287 2213 1479 2248 πορευόμενον,
1488 2212 1536 2238 καὶ
1545 2211 1687 2245 συντηροῖς
1699 2209 1856 2245 ἀνεπηρέα-

1067 2268 1147 2293 στον,
1165 2259 1241 2294 ἄγοις
1271 2268 1302 2286 τε
1326 2258 1374 2285 καὶ
1396 2256 1610 2292 συμποιμαίνοις
1635 2264 1692 2290 μοι,
1706 2255 1753 2281 καὶ
1776 2254 1856 2289 τήνδε

1068 2305 1117 2340 τὴν
1146 2305 1274 2340 ποίμνην,
1295 2304 1328 2338 ἢν
1345 2302 1451 2333 πολλοῖς
1469 2302 1562 2333 πόνοις
1583 2309 1613 2327 τε
1627 2301 1673 2327 καὶ
1685 2300 1775 2334 άγῶσι
1794 2308 1856 2326 συνσ

1069 2349 1227 2384 εστήσω,ὲν
1246 2349 1332 2383 ἰχνεσι
1351 2349 1407 2378 τοῖς
1427 2347 1483 2378 σοῖς
1505 2346 1677 2381 περιπατεῖν,
1700 2345 1730 2371 ὲν
1750 2344 1857 2379 τρίϐοις

1069 2395 1124 2422 τῶν
1138 2395 1218 2421 θείων
1229 2394 1344 2421 ὲντολῶν
1366 2392 1543 2428 πορεύεσθαι,
1564 2393 1684 2423 σκέπων,
1702 2391 1855 2426 περιέπων,

1071 2439 1254 2475 προπολεμῶν
1269 2439 1322 2466 τῶν
1334 2439 1460 2474 μεγάλων
1475 2447 1522 2465 σου
1532 2438 1580 2465 καὶ
1591 2436 1698 2473 μικρῶν
1709 2436 1855 2471 ποιμνίων,

1066 2484 1158 2517 καθὼς
1171 2486 1219 2512 καὶ
1243 2484 1363 2519 ὑπέσχου
1387 2485 1416 2510 ὲν
1436 2483 1526 2520 καιρῷ
1552 2491 1600 2509 σου
1610 2482 1660 2517 τῆς
1680 2481 1792 2515 ἐξόδους
1809 2482 1855 2508 καὶ

981 2529 1099 2557 ΝΟΤιΕ.

267 2578 324 2613 (56)
339 2578 376 2605 lta
391 2579 423 2605 ad
439 2578 552 2605 verbum
569 2577 673 2604 Gneca.
697 2576 814 2603 Sirletus
829 2575 929 2613 ιὀιιὶιῖΔ
942 2574 1015 2601 Iusti

230 2610 330 2642 La'zari
346 2614 453 2648 ejusque
474 2613 526 2639 diei
552 2612 610 2646 festi
628 2613 794 2648 memoriam,
814 2611 894 2646 quale
918 2610 1017 2648 festum

232 2650 339 2676 nullum
357 2645 461 2675 habent
480 2645 566 2675 Graeci
582 2656 589 2680 ;
605 2647 650 2674 sed
669 2645 831 2681 simpliciter
845 2645 1015 2678 meritoriam,

231 2684 378 2712 occasione
405 2683 539 2716 evangelii
575 2682 662 2716 pridie
687 2681 836 2709 Dominica:
858 2681 1016 2707 l’almaruni

231 2719 359 2754 legendi,
367 2722 405 2754 utr
412 2725 501 2754 supra
510 2718 625 2754 dictum.

267 2748 332 2789 (56⁵)
344 2748 454 2789 Ἐῃᾱειιι
464 2751 532 2789 _Vila
556 2753 589 2779 de
604 2750 813 2789 sepultura_ista_
834 2750 927 2789 addit:
946 2759 954 2774 ι
968 2748 1020 2789 Cui

233 2785 362 2829 tanquam
376 2787 449 2829 Patri
464 2786 576 2828 Patrum
586 2785 660 2829 "quin
686 2786 840 2829 patriarcha
861 2785 1020 2829 innumeris

232 2819 384 2851 luminibus
397 2822 541 2857 tburisque
550 2821 640 2850 suﬂitu
650 2819 724 2855 justa
748 2819 937 2856 persolvisset,
950 2826 1021 2855 azgre

1064 2575 1175 2603 tandem
1191 2583 1293 2609 corpus
1312 2575 1440 2609 sepulcro
1456 2573 1590 2606 condidit,
1619 2572 1713 2600 multis
1727 2573 1857 2609 rundique

1065 2608 1277 2643 conﬂuentibus,
1293 2608 1409 2645 ejusque
1420 2609 1618 2645 depositionem
1643 2615 1692 2642 pro
1709 2608 1782 2634 virili
1797 2615 1858 2645 pro-

1065 2646 1238 2683 hibentibus.
1255 2643 1415 2683 ut__qui'_nec
1430 2648 1540 2683 Iliontuo
1555 2644 1673 2683 quidem
1691 2648 1790 2683 sancto
1806 2643 1858 2683 prli-

1064 2681 1122 2707 vari
1139 2681 1246 2708 vellent.
1260 2689 1269 2706 ι
1282 2677 1317 2708 Et
1329 2680 1380 2707 sub
1391 2679 1471 2706 tinem
1485 2678 1550 2705 Vita:
1564 2677 1615 2705 ista
1631 2678 1768 2704 habentur
1783 2687 1790 2704 :
1806 2687 1815 2702 ι
1830 2677 1857 2704 In

1067 2715 1155 2742 Studii
1175 2715 1342 2743 monasterio
1362 2719 1390 2742 ct
1413 2714 1504 2748 magni
1517 2713 1639 2740 Platonis
1656 2717 1683 2739 et
1704 2713 1775 2738 beati
1791 2720 1857 2747 quo-

1066 2758 1120 2784 que
1135 2751 1250 2787 dosgplti
1262 2751 1348 2787 dives
1359 2757 1422 2787 arca
1441 2749 1544 2787 pariter
1558 2752 1717 2787 asservatur
1730 2756 1738 2774 :
1751 2753 1776 2774 ct
1798 2755 1856 2774 cor-

1067 2782 1119 2820 pus
1132 2784 1161 2812 S.
1176 2782 1314 2813 Theodori
1330 2785 1357 2812 in
1372 2782 1485 2811 Patrum
1503 2786 1611 2811 thecam
1628 2782 1734 2810 illatum
1751 2787 1805 2809 est.
1826 2790 1836 2807 ι
