1924 3077
75 151 128 184 849

398 154 540 184 ORATIO
558 155 628 185 XII.
645 168 680 173 -—
693 157 886 189 LAUDATIO
901 159 931 189 S.
952 159 1110 190 ARSENII
1128 161 1402 194 ANACHORETZE.

1652 167 1705 200 850

74 210 130 242 γάρ
147 215 195 233 σου
214 206 328 241 ποίμνια
355 207 454 240 πάντα,
476 205 514 234 ὧν
537 209 609 235 εἰσιν
627 210 816 245 καθηγεμόνες
831 212 866 238 τὰ

916 216 987 249 apud
1018 215 1103 242 Deum
1125 221 1152 242 te
1166 215 1298 242 habentes
1318 220 1477 250 patronum,
1494 225 1705 252 permanenmns

73 254 109 280 σὰ
125 253 220 285 τέκνα,
241 252 287 278 καὶ
302 253 336 278 ὲκ
351 252 455 279 τέκνων
469 254 569 288 ἔγγονα
579 263 586 270 ·
600 255 638 287 ὡς
663 256 696 282 ἂν
710 256 817 292 ἔχοντές
837 267 868 285 σε

72 299 195 330 ἅπαντες
215 299 256 329 είς
279 297 348 325 Θεὸν
360 298 406 325 καὶ
420 299 489 335 πρὸς
500 300 567 326 Θεὸν
580 303 781 338 προασπιστὴν,
795 304 868 340 ἀπή-

73 353 172 380 μαντοι
190 345 368 380 διαμένοιμεν
403 345 530 381 ἀοράτων
556 355 587 373 τε
629 347 677 374 καὶ
717 349 866 385 ὁρωμένων

71 391 190 427 ἐχθρῶν,
208 391 293 426 μηδὲν
308 391 432 426 ὑφιέντες
442 391 485 419 διὰ
498 392 582 426 φόῦον
599 393 649 428 τῆς
664 393 807 429 ὀρθοδόξου
819 397 865 423 πί-

71 447 170 471 στεως,
200 437 262 474 μηδ’
277 434 311 464 αὖ
334 437 514 473 ἐκφερόμενοι
550 439 606 466 τῶν
635 439 716 468 θείων
739 440 866 475 ἐντολῶν,

71 485 137 519 μήτ’
151 482 186 511 αὖ
199 483 287 520 θύραν
302 484 458 517 ἀνοίγοντες
482 483 633 520 ἀπροσεξίᾳ
656 487 713 518 τοῖς
732 486 866 522 ὀλεθρίοις

70 528 198 560 πάθεσιν.
223 529 293 565 μήτε
316 528 370 564 μὴν
385 528 634 565 κατολιγωροῦντες
649 531 699 566 τῆς
709 531 863 567 ἀσκήσεως,

71 575 100 600 ἐν
111 574 224 609 Χριστῷ
242 573 329 609 Ἰησοῦ
346 573 385 608 τῷ
408 573 504 609 Κυρίῳ
520 573 609 609 ήμῶν,
630 571 653 609 ᾦ
669 576 686 610 ή
707 575 771 608 δόξα
784 577 831 602 καὶ
846 576 863 612 ἡ

69 621 139 655 τιμὴ
154 620 202 646 καὶ
216 619 246 646 τὸ
270 620 382 655 κράτος,
405 619 454 646 σὺν
480 618 519 654 τῷ
543 621 745 656 παντοκράτορι
764 621 861 657 Πατρὶ,

70 666 119 693 καὶ
135 665 175 701 τῷ
194 664 318 700 ζωοποιῷ
327 665 375 691 καὶ
390 664 514 699 παναγίῳ
530 665 681 701 Πνεῠματι,
693 665 741 693 νῦν
748 667 795 693 καὶ
807 667 861 701 ἀεὶ,

70 713 121 740 καὶ
136 713 176 745 εἰς
194 713 257 745 τοὺς
269 712 370 743 αἰῶνας
383 711 438 737 τῶν
452 711 569 738 αἰώνων.
593 712 689 746 Ἀμήν.

915 259 1053 288 immunes
1063 261 1098 287 ab
1112 261 1238 288 hostibus
1249 260 1404 288 visibilibus
1417 267 1444 290 et
1460 263 1654 298 invisibilibus,
1671 274 1705 294 ne

914 313 963 340 per
980 305 1106 334 timorem
1122 306 1292 334 declinemus
1311 314 1325 333 a
1347 314 1410 335 vera
1428 308 1480 336 tlde
1497 308 1524 336 in
1540 310 1645 346 aliquo,
1661 312 1705 339 vel

914 351 1062 379 efferamur
1087 357 1164 380 extra
1190 352 1237 380 Dei
1264 358 1470 389 praecepta;ne
1492 363 1540 390 per
1566 356 1703 392 ignaviam

915 398 1071 432 aperiamus
1081 397 1195 433 januam
1222 400 1314 434 pravis
1340 399 1506 434 all‘ectibus;
1527 409 1561 429 ne
1585 403 1705 438 denique

916 443 1075 472 deﬁciamus
1103 444 1130 471 in
1158 445 1356 473 exercitatione
1377 447 1529 481 propesila,
1547 447 1574 474 in
1592 447 1704 477 Christo

914 487 981 517 Jesu
1004 489 1120 517 Domino
1140 495 1245 522 nostro,
1261 490 1305 518 cui
1332 496 1374 519 est
1400 492 1498 525 gloria.
1515 493 1605 520 honor
1616 498 1643 520 et
1654 501 1704 528 po-

916 540 1009 568 testas.
1037 544 1099 564 cum
1131 536 1212 564 Patre
1233 537 1415 573 omnipotenti
1444 542 1526 573 atque
1554 539 1664 566 vivilico
1677 545 1704 568 et

913 582 1091 610 sanctissimo
1103 581 1220 617 Spiritu,
1234 591 1317 617 nunc,
1334 587 1362 612 et
1376 582 1498 620 semper,
1513 588 1540 611 et
1555 583 1582 611 in
1600 585 1703 614 szrcula

913 628 1089 656 surculorum.
1109 629 1207 657 Amen.

840 843 911 875 ΧΠ.

507 928 715 960 LAUDATIO
735 929 767 960 S.
791 928 951 960 ARSENII
974 928 1271 960 ANACHOBET/E.

70 1011 114 1038 Es
133 1015 280 1045 permuta
291 1009 380 1038 codice
395 1009 468 1038 Petri
486 1009 625 1046 Seguierii,
644 1009 768 1037 Franci]:
788 1009 953 1046 cancellarii,
972 1011 1044 1046 varie
1061 1010 1171 1046 collato.
1189 1010 1336 1046 Interprete
1353 1011 1458 1040 Joanne
1476 1011 1567 1041 Pinio.
1585 1013 1701 1042 Edidere

580 1045 774 1073 BotLanntam.
790 1044 850 1072 Act.
866 1044 960 1073 Sauct.
983 1045 1037 1073 Jul.
1051 1050 1070 1073 t.
1087 1044 1132 1078 IV,
1146 1046 1210 1074 617.

363 1250 565 1279 ΠΡΟΟΙΜΙΟΝ.
876 1257 898 1284 Β
1211 1253 1346 1282 ιιῐιοιοϐ
1351 1254 1371 1283 U
1376 1254 1404 1283 S.

107 1298 142 1326 α’.
163 1298 264 1335 Ἀστὴρ
280 1299 411 1334 ἀειφανὴς
426 1299 502 1333 ἡμῖν,
516 1299 567 1325 οὐκ
579 1299 609 1326 ὲν
622 1298 661 1333 τῷ
674 1298 799 1334 ζωδιακῷ
813 1298 862 1326 κύ-

73 1346 131 1381 κλῳ
147 1345 399 1381 κατηριθμημένος,
415 1345 473 1373 ἀλλ’
488 1347 517 1372 ἐν
539 1344 579 1380 τῷ
591 1344 643 1380 τῆς
657 1344 759 1380 ἀρετῆς
777 1345 861 1379 οὐρα-

71 1392 111 1427 νῷ
124 1392 330 1426 ὲστηριγμένος,
345 1391 389 1418 διὰ
403 1391 453 1426 τῆς
466 1391 575 1427 ἑτησίου
590 1389 674 1417 αὐτοῦ
689 1392 800 1426 μνήμης
815 1391 863 1424 σή-

74 1447 159 1474 μερον
193 1437 345 1464 ἀνατέλλων
363 1457 371 1469 ,
401 1438 472 1472 φωτὶ
498 1437 646 1472 ἀϋλωιάτῳ
677 1437 862 1472 μαρμαρυγὰς

72 1483 290 1519 ὑπερλάμπρους
304 1482 491 1517 ἀγαθοεργίας
505 1483 638 1518 ἐπαφίησι
652 1484 686 1518 τῇ
703 1483 859 1517 οἰκουμένῃ.

72 1529 122 1559 Τίς
138 1528 168 1555 δέ
184 1529 259 1555 ἐστιν
276 1525 364 1560 οὗτος,
382 1524 404 1555 ὦ
424 1527 549 1563 φιλάγιον
564 1528 719 1564 deputatus;
738 1527 768 1555 Ὀ
783 1527 862 1561 ίσάγ-

71 1574 153 1608 γελος
168 1574 315 1609 ’Δρσένιος,
330 1574 345 1600 ὸ
358 1573 409 1609 τὴν
423 1574 524 1609 ἀρετὴν
539 1574 695 1610 ἀπρόσιτος,
711 1573 742 1601 τὸ
755 1575 805 1608 τῆς
814 1580 862 1601 ταο

72 1620 230 1659 τεεινὼσεως
247 1620 324 1655 ὕψος,
337 1619 368 1646 τὺ
381 1619 432 1655 τῆς
447 1619 619 1653 κατανύξεως
633 1620 751 1657 ῥεῖθρον,
766 1618 798 1648 οὖ
815 1619 862 1647 καὶ

71 1667 89 1703 ἡ
107 1666 202 1702 μνήμη
215 1666 283 1702 μόνη
298 1666 472 1702 παράκλησίς
481 1668 556 1694 ἐστιν
567 1667 608 1698 sl;
618 1667 718 1702 ἀρετῆς
731 1666 860 1693 ἐπίδοσιν.

73 1712 129 1739 Καί
146 1721 191 1748 μοι
203 1712 354 1748 θαυμάζειν
364 1712 469 1748 ἑπίησι,
481 1712 541 1744 πῶς
551 1712 606 1740 τῶν
615 1712 704 1740 ἄλλων
719 1712 862 1747 μακαρίων

72 1755 190 1790 ἀνδρῶν,
207 1755 284 1790 παρὰ
302 1755 356 1782 τῶν
371 1755 442 1783 κατὰ
456 1757 553 1792 καιρὸν
572 1757 622 1792 τῆς
635 1756 738 1792 ἀρετῆς
751 1757 861 1785 ἐπαινε-

71 1801 138 1832 τῶν,
153 1801 209 1828 τῶν
224 1801 289 1836 βίων
304 1801 569 1837 ἀναγεγραμμένων,
590 1802 638 1829 καὶ
655 1803 716 1834 ταῖς
737 1803 792 1829 τῶν
812 1803 861 1837 ιγ-

72 1847 187 1882 ιιωμίων
210 1846 297 1882 βολισι
321 1848 595 1883 καταστραπτόντων,
610 1848 689 1875 τοῦδε
711 1848 760 1875 τοῦ
783 1857 862 1884 τρισ-

72 1893 200 1927 μάκαρος
219 1894 235 1920 ό
258 1892 315 1927 βίος
329 1893 506 1928 ἀνιστόρητος
517 1893 608 1929 elder].
629 1893 700 1929 πλὴν
715 1893 778 1920 ὅσον
792 1902 859 1920 στω-

71 1923 160 1974 ρἀηὲ
186 1923 264 1975 nupti.
290 1923 373 1967 τινων
401 1923 638 1976 δὲιιζινῂατιρών
665 1923 895 1976 δεδτιλωμένος,ίΞ

70 1986 176 2022 καίπερ
190 1986 229 2022 μὴ
242 1986 529 2021 ὲναπολιμπανόμενος
539 1985 591 2021 τῆς
607 1986 736 2022 ἐναρέτου
750 1987 862 2014 ἐκείνων

70 2033 292 2068 λαμπροφορίας,
307 2033 348 2059 ὅτι
365 2031 402 2068 μὴ
419 2033 466 2059 καὶ
479 2031 580 2068 μᾶλλον
592 2032 648 2058 τῶν
661 2031 768 2060 πολλῶν
780 2033 863 2068 ὑπερ-

70 2078 190 2114 λάμπων
205 2078 266 2111 ταῖς
280 2078 380 2113 αὐγαῖς
393 2079 449 2105 τῶν
464 2078 544 2106 θείων
554 2076 637 2104 αὐτοῦ
649 2077 863 2114 ἀνδραγαθημά-

69 2132 137 2150 των.

107 2169 142 2204 β’.
158 2169 192 2196 Τί
209 2169 271 2202 οὖνς
285 2169 519 2205 Συνδιαμείψομεν
532 2170 582 2197 καὶ
596 2171 677 2205 ἡμεῖς
690 2170 749 2202 τοῖς
759 2169 862 2205 προλα-

69 2215 149 2241 ϐοῦσι
163 2214 212 2242 τὸν
226 2215 332 2250 χρόνον,
349 2215 398 2242 καὶ
413 2215 522 2250 οἴσομεν
543 2215 704 2252 τηλικοῦτον
726 2215 864 2251 θησαυρὸν

70 2261 126 2287 ὑπὸ
138 2261 189 2296 τῆς
199 2261 280 2296 σιγῆς
294 2261 498 2295 καλύπτεσθαι;
513 2261 654 2297 οὐμενοῦν
665 2270 673 2277 ·
687 2261 753 2288 ἀλλὰ
768 2261 862 2288 πειθό-

71 2313 149 2339 μενοι
166 2306 223 2337 τοῖς
238 2305 286 2332 ἐπὶ
301 2305 379 2332 τοῦτο
394 2306 592 2341 παρορμήσασι
606 2306 756 2342 Πατράσιν,
772 2306 798 2332 εί
816 2305 864 2332 καὶ

70 2351 183 2385 ἄμοιροι
195 2349 243 2376 τοῦ
255 2350 440 2385 προσήκοντος
454 2350 545 2385 λόγου,
555 2351 702 2386 ἠλπικότες
711 2359 741 2377 τε
756 2350 864 2378 ἐπίκου-

71 2404 119 2430 ρον
132 2395 262 2428 δέξασθαι
279 2395 333 2422 ⁵τοῦ
349 2396 550 2431 ἐγχειρήματος
566 2396 648 2423 αὑτὸν
668 2397 716 2423 τὸν
737 2397 777 2428 είς
795 2396 863 2423 ὑπό-

71 2442 148 2468 θεσιν
160 2441 208 2468 τοῦ
225 2441 284 2476 βίου
297 2441 489 2476 προκείμενον,
507 2441 686 2478 ἀπαρξόμεθα
699 2442 747 2468 τοῦ
762 2441 862 2476 λέγειν,

70 2487 148 2514 οὐδὲν
162 2487 382 2520 ξενοδεκτοῦντες
395 2487 470 2522 παρὰ
480 2487 510 2514 τὸ
526 2487 636 2523 ἀληθὲς,
651 2488 702 2514 ὅσα
718 2487 746 2514 δὲ
759 2488 793 2514 ἐκ
808 2487 864 2514 τῶν

71 2534 137 2568 περὶ
153 2532 239 2559 αὑτοῦ
254 2533 502 2568 περικεχομμένως
525 2533 679 2568 εἰρημένων
692 2528 861 2568 ἀναλέγόμε-

71 2588 122 2611 vos,
137 2579 163 2606 εί
179 2579 227 2605 καὶ
250 2578 295 2605 διὰ
321 2578 447 2614 ἀρῥάφου
462 2579 626 2614 διηγήσεως,
645 2580 686 2611 είς
708 2580 862 2616 ὑπόμνησιν

71 2626 213 2661 φέροντες,
242 2625 289 2652 καὶ
312 2625 401 2653 ταῦτα
424 2626 507 2653 οἱονεὶ
529 2627 748 2661 συνυφαίνοντες,
765 2628 813 2655 καὶ
831 2628 864 2655 ἐκ

69 2671 177 2698 τούτων
190 2672 252 2703 ταῖς
269 2671 427 2705 ἀκολούθοις
439 2672 555 2704 ἐννοίαις
573 2671 629 2698 ἐσθ’
642 2673 686 2699 ἅτε
703 2672 864 2708 προσθήκην

71 2716 231 2751 ποιούμενοι
246 2716 308 2743 καθ’
319 2717 428 2753 εἱρμὸν,
439 2718 628 2753 πειρασόμεθα
637 2717 684 2744 τὸν
698 2717 756 2753 βίον
771 2718 863 2754 ἀπαρ-

70 2762 211 2794 τίσασθαι,
237 2763 450 2799 ἀφουσιοὺμενοι
480 2763 528 2791 τδν
558 2763 650 2798 πόθον,
674 2762 704 2791 ὃν
726 2764 790 2799 περὶ
816 2764 863 2791 τοῦ

73 2808 262 2843 παμμάκαρος
278 2808 387 2844 ἔχουσιν
402 2810 427 2836 οἱ
444 2809 593 2846 φιλάρετοι.

948 1300 974 1328 1.
997 1300 1079 1328 Stella
1095 1304 1227 1336 perpetuo
1244 1300 1325 1328 nobis
1347 1308 1494 1336 apparens,
1518 1308 1573 1328 non
1590 1300 1702 1328 zodiacn

912 1346 1016 1374 circulo
1024 1350 1214 1379 annumerata,
1225 1345 1271 1374 sed
1281 1345 1309 1373 in
1319 1346 1428 1374 virtutis
1441 1347 1513 1375 (ιωιο
1522 1346 1642 1378 ﬁrmata,
1654 1355 1703 1381 per

912 1392 1128 1420 anniversariam
1161 1399 1239 1419 suam
1263 1392 1425 1420 memoriam
1456 1392 1536 1419 hodie
1565 1393 1703 1424 exoriens,

912 1437 1149 1472 splendidissimas
1162 1437 1295 1464 bonorum
1309 1444 1423 1472 operum
1435 1438 1641 1466 coruscationes
1654 1438 1703 1465 de-

913 1483 1083 1510 faecatiss'una
1095 1482 1155 1510 luce
1168 1482 1292 1509 immittit
1302 1482 1362 1510 orbi
1377 1487 1524 1510 terrarum.
1536 1483 1570 1510 At
1578 1491 1704 1518 quaenam

913 1528 958 1555 illa
978 1533 1030 1559 est,
1047 1536 1063 1555 o
1083 1528 1238 1556 sanctitatis
1258 1532 1382 1556 amantes
1399 1528 1557 1557 auditores?
1572 1529 1705 1557 Arsenius

911 1578 963 1605 est,
979 1573 1082 1609 angelis
1101 1581 1160 1609 par,
1179 1573 1279 1600 virtute
1300 1573 1469 1606 inaccessus,
1482 1573 1646 1602 humilitatis
1665 1575 1704 1601 al-

913 1619 1011 1651 titudo,
1027 1620 1152 1647 ascetica:
1165 1618 1317 1652 disciplina:
1326 1619 1424 1653 gloria,
1439 1619 1596 1647 solitudinis
1609 1619 1704 1650 robur.

913 1663 1133 1699 compunctionis
1155 1662 1306 1696 ﬂuentum;
1327 1663 1406 1698 cujus
1424 1663 1466 1691 vel
1490 1664 1548 1691 sola
1572 1664 1705 1692 memoria

912 1710 945 1737 ad
958 1717 1132 1745 progressum
1148 1709 1176 1736 in
1192 1709 1292 1736 virtute
1307 1709 1514 1737 incitamentum
1529 1713 1581 1737 est.
1596 1710 1628 1737 Et
1639 1717 1704 1737 vero

913 1757 1006 1784 mirari
1027 1757 1111 1790 subit,
1126 1757 1192 1792 quid
1207 1756 1254 1791 sil,
1268 1757 1353 1792 quod.
1369 1762 1514 1792 postquam
1530 1757 1645 1784 aliorum
1664 1757 1706 1784 vi-

912 1808 1005 1829 rorum
1024 1802 1176 1835 beatorum,
1196 1802 1307 1830 virtutis
1324 1809 1409 1829 causa
1432 1802 1621 1834 laudabilium,
1644 1803 1706 1830 vitae

913 1849 1074 1883 conscripta:
1103 1853 1178 1881 sunt,
1214 1848 1414 1883 praeconiorum
1444 1848 1530 1875 radiis
1561 1848 1705 1883 fulgentes,

914 1894 987 1921 nulla
1000 1894 1035 1922 de
1053 1894 1204 1922 beatissimi
1216 1894 1332 1929 hujusce
1348 1894 1404 1921 vita
1421 1893 1454 1921 ad
1472 1898 1598 1928 posteros
1617 1898 1706 1921 trans-

914 1940 975 1968 ierit
984 1940 1109 1972 historia,
1122 1944 1221 1974 praeter
1234 1947 1307 1972 eam,
1320 1947 1382 1974 qua;
1394 1947 1408 1966 a
1422 1939 1587 1974 quibusdam
1601 1941 1705 1968 sanctis

912 1986 1040 2014 Patribus
1054 1985 1173 2019 sparsim
1188 1985 1317 2016 indicata,
1335 1985 1447 2019 insigni,
1468 1992 1521 2020 qua
1535 1985 1645 2019 pollent,
1661 1993 1705 2013 res

913 2031 1068 2060 illustrandi
1080 2031 1219 2063 facultate,
1233 2037 1287 2058 non
1300 2030 1413 2057 inl‘erior
1422 2035 1476 2062 est,
1491 2031 1547 2058 imo
1556 2037 1623 2058 vero
1634 2031 1706 2058 mul-

913 2079 949 2106 tis
977 2077 1069 2113 potius
1096 2077 1159 2104 aliis
1183 2075 1325 2111 praefulget
1351 2076 1387 2103 ob
1412 2075 1520 2104 divinos
1544 2077 1653 2104 Arsenii
1672 2084 1705 2105 ac

913 2124 1051 2152 masculos
1065 2128 1206 2159 gestorum
1223 2122 1392 2157 splendores.

947 2172 975 2199 '2.
989 2171 1060 2205 Quid
1071 2171 1174 2207 igitur?
1183 2171 1223 2198 An
1235 2178 1288 2198 nos
1300 2170 1383 2197 etiam
1394 2177 1456 2198 cum
1469 2170 1513 2203 iis,
1526 2170 1573 2205 qui
1583 2175 1706 2205 tempore

913 2221 1122 2253 praecesserunt.
1138 2216 1372 2245 commutabimus
1386 2216 1462 2243 vices
1473 2220 1635 2251 tantumque
1649 2215 1706 2243 the-

914 2271 1026 2291 saurum
1052 2263 1189 2298 patiemur
1212 2262 1264 2290 sub
1291 2261 1402 2289 silentio
1426 2262 1576 2290 abscondi?
1596 2262 1705 2296 Nequa-

914 2319 997 2346 quam
1012 2320 1019 2338 :
1037 2316 1064 2338 at
1074 2309 1186 2338 Patrum
1203 2309 1328 2344 exemplo
1342 2308 1457 2340 incitati,
1477 2307 1587 2336 tametsi
1603 2315 1704 2335 conve-

914 2356 1005 2383 niente
1016 2355 1140 2382 oratione
1147 2354 1288 2387 destituti;
1303 2354 1429 2389 (relique,
1443 2353 1546 2381 auxilio
1561 2357 1703 2381 venturum

913 2401 1040 2436 praesenti
1054 2401 1165 2428 conualui
1178 2400 1253 2428 illum
1270 2401 1371 2435 ipsum,
1388 2399 1468 2434 cujus
1483 2399 1563 2427 nobis
1578 2400 1699 2435 proposi-

913 2449 972 2472 tum
984 2450 1027 2472 est
1039 2445 1102 2472 vita:
1110 2450 1312 2480 argumentum,
1322 2444 1429 2471 dicendi
1443 2444 1549 2471 initium
1562 2443 1704 2477 faciemus,

914 2491 982 2519 nihil
997 2492 1169 2526 peregrinum
1183 2496 1210 2518 et
1224 2499 1240 2518 a
1254 2498 1317 2518 vero
1329 2491 1447 2518 alienum
1464 2491 1641 2526 adoptantes;
1657 2491 1704 2518 sed

914 2544 1086 2572 quaecunque
1108 2536 1301 2571 compendiose
1314 2536 1348 2564 de
1365 2536 1425 2572 ipso
1444 2536 1517 2564 dicta
1533 2541 1609 2568 sunt,
1627 2536 1706 2563 colli-

879 2598 902 2626 υ
916 2586 1021 2618 gentes,
1036 2586 1064 2609 et
1078 2581 1185 2610 etiamsi
1202 2582 1359 2610 narratione
1372 2589 1425 2609 non
1437 2581 1591 2609 cohaerente
1606 2582 1632 2608 in
1647 2589 1691 2609 me
1702 2595 1708 2602 -

918 2628 1032 2656 moriam
1050 2631 1219 2660 revocantes,
1234 2632 1316 2663 atque
1338 2627 1396 2655 haec
1415 2627 1620 2662 quodammodo
1641 2635 1708 2655 con-

917 2677 1049 2705 texentes,
1059 2673 1164 2708 adjecto
1179 2673 1272 2704 etiam,
1284 2673 1329 2700 ubi
1342 2679 1385 2700 res
1398 2671 1476 2704 feret,
1487 2679 1520 2699 ex
1533 2671 1708 2707 cogitationi-

915 2719 967 2746 bus
992 2719 1056 2746 inde
1084 2719 1317 2753 consequentibus
1345 2717 1550 2749 additamento,
1578 2724 1634 2751 quo
1664 2725 1708 2744 res

915 2763 1079 2796 coluereaul,
1092 2763 1174 2790 vitam
1186 2764 1328 2791 absolvere
1339 2763 1509 2794 conabimur,
1523 2761 1707 2796 gratiﬁcantes

916 2809 1063 2842 desiderio,
1091 2817 1147 2844 quo
1172 2817 1236 2843 erga
1266 2808 1454 2837 beatissimum
1480 2807 1553 2836 hunc
1583 2810 1708 2834 tenentur

917 2856 1026 2883 virtutis
1043 2859 1176 2883 amantes.
