1924 3077
209 161 262 195 851

477 220 593 250 CAPUT
611 221 760 250 PRIMUM.

811 167 841 197 S.
860 166 1059 197 THEODORI
1075 165 1250 197 STUDIT/E

1802 161 1858 193 852

1273 219 1473 247 ΚΕΦΔΛΔΙΟΝ
1487 219 1637 248 ΠΡΩΤΟΝ.

212 279 306 307 δοκιιί
319 279 420 315 patria,
435 280 557 314 natales;
572 281 626 308 vita
642 280 779 309 saecularis
792 287 852 307 cum
875 280 999 342 soli/ario
1027 279 1117 350 divian
1132 279 1235 306 monitu
1261 283 1444 312 commutata;
1458 279 1574 314 insignes
1588 279 1617 306 in
1631 286 1663 307 ea
1675 284 1857 313 progressu;

929 323 1056 343 tommum
1088 323 1150 350 uga.

929 323 1056 343 tommum
1075 323 1150 350 luga.

248 371 277 400 3.
290 371 383 400 Genus
401 370 520 405 Arsenii,
540 376 570 399 ut
583 371 673 400 dicam
695 372 722 400 id
744 372 818 408 quod
843 379 887 401 res
909 377 962 404 est,
980 376 1007 399 et

214 418 336 446 amnium
368 419 524 452 multitudo,
553 419 638 447 virtus
664 418 732 452 fuit;
759 419 876 455 ejusque
899 419 1007 447 incendi

215 464 314 492 studiis
329 471 361 492 ac
378 464 502 500 insigniri
522 465 744 498 characteribus;
762 464 891 500 quoniam
911 472 976 492 vero
992 472 1007 491 a

216 509 349 545 sanguine
358 509 383 538 id
395 514 522 545 repetunt
531 510 648 544 eruditi;
657 511 745 546 patria
753 511 777 539 ei
790 511 842 538 fuit
852 511 1006 543 civitatum,

216 562 279 589 quae
295 555 347 583 sub
363 555 433 584 ctnlo
452 560 527 589 sunt,
545 556 681 591 princeps,
702 556 802 589 Roma,
823 556 947 592 inquam,
963 562 1008 583 ce-

218 599 363 627 leberrima
384 608 400 628 a
414 608 468 635 qua
480 605 693 636 cognomentum
714 606 878 637 acceperunt
893 601 944 632 illi,
963 600 1009 635 qui

218 645 325 680 imperii
343 650 478 681 sceptrum
501 647 688 675 moderantur.
711 647 844 675 Surculus
865 647 916 674 fuit
933 647 1011 674 nobi-

218 691 290 724 lium
297 695 451 725 parentum,
466 692 619 728 opibusque
630 700 662 721 ac
674 693 779 728 reliquo
791 693 853 720 vita:
865 693 1011 727 splendOre

1091 375 1126 406 γ’.
1140 371 1220 403 Γένος
1232 371 1284 406 μὲν
1297 370 1447 406 ’Λρσενίου,
1456 370 1574 406 τάληθὲς
1582 371 1681 404 εἰπεῖν,
1689 369 1737 397 καὶ
1746 370 1779 396 οὐ
1788 369 1861 396 σπά-

1056 427 1108 445 νιοι
1120 419 1144 444 οί
1161 418 1332 453 μετέχοντες.
1346 419 1363 453 ἡ
1381 418 1465 453 ἀρετή
1479 426 1486 433 ·
1501 418 1549 444 καὶ
1560 417 1592 443 τὸ
1608 417 1714 444 ἐκεῖθεν
1730 416 1855 450 κατάγε-

1057 464 1119 491 σθαι
1132 464 1180 491 καὶ
1191 463 1444 500 χαρακτηρίζεσθαι
1453 470 1461 477 ·
1479 463 1573 499 ἐπειδὴ
1586 463 1615 489 δὲ
1632 463 1662 489 τὸ
1678 462 1725 497 ἀφ’
1739 462 1857 497 αἴμασιν

1056 511 1113 542 τοῖς
1126 509 1306 544 φιλοπαθέσιν
1328 508 1511 545 ὲπιζητεϊταν
1533 510 1550 545 ἡ
1567 508 1664 544 πρώτη
1693 508 1749 534 τῶν
1767 508 1856 534 ὑπου-

1059 555 1160 590 ρανίων
1191 554 1296 581 πόλεων
1324 554 1413 590 τούτῳ
1438 555 1549 590 πατρὶς,
1571 554 1682 591 Ῥώμην
1705 555 1779 589 λέγω
1805 555 1858 590 τὴν

1058 601 1221 637 περιῦόητον
1231 608 1238 616 °
1252 600 1299 636 ἀφ’
1311 598 1346 636 ἦς
1358 600 1408 636 τὴν
1424 601 1615 637 προσηγορίαν
1628 602 1654 628 oi
1670 601 1701 628 τὸ
1714 601 1858 636 βασιλικὸν

1059 647 1200 681 σκῆπτρον
1216 646 1378 682 κατέχοντες
1395 645 1572 682 ἂξειᾘιφασιν
1583 655 1591 662 ·
1617 647 1737 681 εὐγενῶν
1754 655 1857 682 γεννη-

1058 693 1147 728 τόρων
1165 692 1301 727 στέλεχος,
1318 691 1426 727 πλούτῳ
1441 701 1472 719 τε
1499 691 1648 728 κομώντων
1661 693 1709 720 καὶ
1724 694 1758 728 τῇ
1773 692 1858 727 λοιπῇ

219 736 385 764 ﬂorentium.
411 736 524 764 Familia
545 738 631 772 ipsius
650 737 685 766 ad
711 739 763 765 hoc
789 746 877 773 usque
903 743 1010 773 tempus

1077 738 1107 765 οὖ
1125 738 1183 773 βίου
1200 738 1384 774 περιφανείᾳ·
1400 735 1431 766 οὗ
1448 738 1526 765 ἑστία
1542 738 1624 774 μέχρι
1643 738 1690 765 τοῦ
1704 738 1753 766 νῦν
1773 739 1858 774 περί-

219 782 324 817 integra
339 790 392 809 non
406 788 531 818 superest
545 784 676 818 (quonam
691 783 764 811 enim
783 788 863 819 pacto
879 787 920 812 tot
931 784 1012 812 annis

219 833 324 856 servata
339 828 454 864 fuerit?)
468 829 514 857 sed
529 829 654 865 vestigia,
669 829 716 857 tali
728 829 915 864 magnitudine
926 830 1013 857 excel-

220 873 314 906 lentia,
343 874 436 902 divisit
466 875 668 903 habitatoribus
694 875 768 903 velut
797 875 823 903 in
851 875 933 904 cellas
962 875 1012 902 tri-

220 921 295 954 ginta
314 920 381 956 (57).
397 921 487 956 Atque
503 921 556 949 hoc
576 921 686 953 sutlicil,
702 926 732 949 ut
745 921 914 954 ostendatur,
928 929 1011 956 quam

221 967 337 994 illustris
348 974 379 994 ac
391 967 575 1002 undequaque
586 968 682 995 beatus
696 967 780 995 fuerit
791 968 831 995 vir
845 967 895 995 iste
910 975 1012 996 memo-

221 1012 332 1047 rabilis;
344 1020 462 1048 cumque
477 1018 567 1042 tantus
577 1017 660 1046 esset.
672 1013 796 1041 doctrina
813 1013 895 1041 altius
909 1013 1013 1042 cmine-

221 1058 277 1092 bat,
289 1058 382 1086 Graeca
394 1066 426 1087 ac
435 1058 558 1086 Romana
568 1059 669 1094 pariter
681 1059 814 1094 sapientia
825 1059 1012 1087 admirandus.

257 1104 283 1132 4.
300 1104 365 1140 Ejus
385 1104 478 1140 itaque
495 1105 567 1132 fama
581 1106 615 1132 ad
631 1112 712 1133 aures
735 1109 800 1133 tunc
818 1105 907 1132 delata
923 1105 1014 1140 magni

222 1150 368 1178 Theodosii
386 1151 572 1185 imperatoris,
597 1151 744 1186 quaerentis
764 1151 844 1178 talem
870 1151 934 1178 tiliis
956 1151 1015 1178 suis

223 1197 341 1224 Arcadio
353 1201 381 1224 et
400 1195 522 1224 Honorio
535 1197 698 1233 magistrum
721 1197 870 1231 praeﬁcere,
886 1197 935 1232 qui
956 1204 1015 1224 ma-

222 1241 283 1275 jore
295 1249 351 1276 pne
364 1242 492 1269 omnibus
506 1242 532 1269 id
550 1249 640 1277 opera:
654 1242 742 1278 pretio
757 1242 867 1275 faceret,
883 1242 1016 1271 Arsenius

225 1287 314 1315 accitur
337 1288 510 1323 imperatoris
538 1288 698 1323 Byzantium
722 1289 872 1322 contendit,
894 1293 922 1317 et
938 1297 1017 1317 assu-

225 1341 304 1361 mens
327 1334 422 1362 ambos
447 1342 558 1369 pueros.
577 1335 701 1363 moribus
719 1343 752 1363 ac
771 1335 924 1370 disciplinis
940 1335 1016 1370 ipsos

225 1378 395 1412 informavit,
410 1383 440 1406 ut
455 1379 573 1414 optimos
584 1387 632 1407 eos
648 1387 710 1408 esse
722 1381 880 1408 ostenderet
901 1380 928 1408 in
941 1385 1017 1408 utra-

1063 793 1137 811 εστιν
1159 785 1209 819 οὐχ
1229 784 1394 820 ὁλόκληρον
1410 785 1470 817 πῶς
1491 785 1546 820 γὰρ
1567 785 1601 812 ἃν
1626 785 1674 812 καὶ
1691 785 1859 812 διεσέσωστο

1061 829 1199 861 τοσούτοις
1216 829 1322 863 ἐτεσιν;
1344 829 1406 865 ἴχνη
1420 829 1448 856 δὲ
1463 830 1510 857 καὶ
1527 829 1648 866 τοσούτῳ
1669 829 1782 866 μεγέθει
1797 829 1858 856 δια-

1062 875 1191 911 φέροντα,
1215 875 1252 907 ὡς
1268 876 1298 902 ἐν
1312 875 1485 911 τριακοσίαις
1505 875 1614 908 κέλλαις
1634 876 1778 911 διαιροῦσα
1801 877 1860 908 τοῖς

1061 922 1215 957 οἰκήτορσι.
1237 920 1432 956 Ἐξαρκοῦντος
1446 921 1542 949 τούτου
1554 922 1733 958 ὲπιδηλῶσαι,
1747 922 1811 953 ὅσος
1824 920 1860 957 ἦν

1063 968 1217 1002 περιφανὴς
1240 967 1288 994 καὶ
1319 966 1468 999 πολύολὸος
1481 968 1496 994 ὁ
1518 967 1658 1003 ἀοίδιμοςο
1684 967 1808 999 τοιοῦτός
1829 975 1859 994 τε

1063 1013 1113 1046 ὢν,
1129 1013 1236 1049 ὑπῆρχε
1254 1013 1302 1040 καὶ
1314 1014 1347 1049 τῇ
1364 1013 1505 1040 παιδεύσει
1525 1014 1691 1049 ὑπέρτερος,
1710 1013 1859 1049 Ἑλληνικῇ

1063 1069 1093 1087 τε
1112 1059 1159 1086 καὶ
1175 1059 1318 1095 Ῥωμαῖκῇ
1333 1059 1417 1095 σοφίᾳ
1432 1059 1651 1095 θαυμαζόμενος.

1099 1106 1131 1133 δ’.
1154 1105 1231 1132 Ἐπεὶ
1252 1103 1299 1132 οὗν
1313 1105 1343 1132 τὸ
1363 1105 1516 1141 τηνικαῦτα
1538 1105 1670 1141 Θεοδοσίῳ
1686 1105 1725 1141 τῷ
1747 1105 1861 1140 μεγάλῳ

1066 1151 1235 1188 βασιλεύοντι
1247 1151 1400 1187 ἐξηκούσθη
1415 1151 1450 1179 τὰ
1464 1151 1530 1186 περὶ
1543 1151 1637 1183 αὑτοῦ,
1653 1151 1779 1186 ζητοῦντι
1793 1159 1860 1178 παι-

1065 1197 1164 1232 δευτὴν
1176 1196 1296 1224 τοιοῦτον
1310 1197 1457 1232 ἐπιστῆσαι
1477 1197 1546 1229 υῐοίς
1559 1197 1643 1224 αὐτοῦ
1663 1197 1800 1233 ’Δρκαδίῳ
1813 1198 1861 1224 καὶ

1072 1243 1195 1278 Ὠνορίῳ,
1216 1243 1245 1274 ὃς
1266 1243 1309 1278 εῐη
1323 1242 1552 1279 προὺργιέστερος
1573 1243 1712 1271 ἁπάντωνδ
1728 1243 1828 1277 ἄγεται
1848 1244 1863 1269 ὁ

1073 1289 1211 1324 ’Δρσένιος
1228 1289 1261 1324 τῇ
1278 1288 1326 1315 τοῦ
1340 1289 1506 1324 κρατοῦντος
1522 1289 1593 1324 ῥοπῇ
1609 1289 1638 1316 ὲν
1653 1288 1693 1324 τῷ
1708 1289 1862 1323 Βυζαντίῳ,

1067 1335 1114 1362 καὶ
1129 1334 1296 1370 παραλαϐὼν
1307 1335 1481 1370 ἀμφοτέρους
1493 1334 1558 1366 τοὺς
1571 1335 1680 1367 παῖδας,
1695 1335 1798 1370 ἀνῆγεν
1814 1335 1864 1361 αὺ-

1068 1381 1132 1412 τοὺς
1148 1380 1177 1407 ἔν
1188 1388 1218 1406 τε
1230 1380 1325 1415 ἥθεσιν
1336 1381 1383 1407 καὶ
1394 1379 1590 1415 παιδεύμασιν,
1607 1380 1736 1415 ἀρίστους
1749 1379 1863 1406 ἀποδει-

226 1432 281 1460 qne
296 1423 433 1453 facultate.
446 1424 487 1451 Ad
501 1423 738 1459 quadragesimum
757 1433 843 1460 usque
856 1426 944 1453 aetatis
959 1433 1015 1454 suae

1075 1426 1133 1457 ινὺς
1161 1424 1369 1460 ἀμφοτέρωθεν.
1394 1425 1484 1460 Μέχρι
1508 1424 1538 1452 δὲ
1559 1424 1607 1451 τοῦ
1633 1424 1863 1460 τεσσαρακοστοῦ

226 1478 330 1498 annum
347 1470 374 1498 in
394 1471 456 1498 aula
480 1470 590 1498 assidue
603 1474 730 1498 versatus
743 1475 785 1499 est
800 1471 894 1507 (57");
914 1471 1016 1507 Deique

227 1516 355 1543 timorem
374 1516 400 1543 in
417 1522 508 1544 mente
533 1516 647 1548 habens,
664 1516 809 1552 ingemuit,
832 1522 860 1545 et
875 1517 1018 1546 invocabat

228 1561 312 1589 [leum
332 1570 393 1589 cum
411 1562 539 1597 lacrymis
553 1562 647 1590 dicens
660 1571 668 1589 :
685 1563 810 1596 Domine,
825 1563 939 1592 ostende
951 1564 1017 1591 mihi

228 1609 310 1642 viam,
327 1608 353 1635 in
367 1615 421 1642 qua
440 1608 534 1636 salvus
556 1608 631 1636 tiam.
651 1609 685 1636 Et
701 1616 777 1642 vero,
800 1610 865 1637 dum
884 1610 928 1638 die
941 1614 1019 1645 :qua-

227 1655 289 1682 dam
303 1655 330 1682 in
343 1655 405 1682 aula
420 1659 502 1689 esset,
527 1655 631 1683 audivit
652 1655 772 1683 divinam
794 1663 901 1688 vocem,
919 1663 980 1690 qua:
994 1655 1019 1682 ei

227 1701 329 1729 diceret
347 1710 353 1728 :
374 1702 482 1733 Arseni,
502 1701 525 1729 si
539 1701 639 1737 .salvus
653 1708 714 1731 esse
729 1701 782 1736 vis,
804 1701 866 1736 fuge
882 1701 1018 1732 homines.

227 1751 256 1773 et
269 1746 420 1774 salvaberis
437 1746 504 1781 (58).

264 1791 291 1818 5.
306 1791 370 1818 Haec
381 1791 473 1826 itaque
485 1791 531 1818 ubi
549 1791 670 1819 audisset
687 1789 832 1824 Arsenius,
841 1790 898 1826 iam
915 1791 1020 1826 pridem

228 1836 322 1863 divino
341 1835 478 1864 desiderio
497 1836 647 1869 sauciatus,
665 1837 741 1864 omni
765 1845 829 1866 mox
844 1837 965 1865 humana
989 1845 1022 1864 ar.

229 1881 331 1909 caduca
349 1881 435 1916 gloria
459 1886 629 1916 contempta;
646 1883 845 1919 splendoreque
866 1891 898 1911 ac
917 1883 1022 1911 deliciis

228 1927 365 1961 corporis,
379 1926 510 1962 omnique
521 1927 574 1954 alia
590 1927 702 1955 honoris
718 1928 881 1963 appetentia,
897 1928 1022 1963 aulisque

231 1973 430 2007 imperatorum
446 1981 496 2008 pro
518 1973 605 2001 nihilo
620 1975 731 2009 putatis,
749 1975 816 2001 nihil
832 1975 959 2009 cuiquam
982 1974 1023 2001 lo-

230 2023 311 2046 cutus
335 2018 530 2047 Alexandriam
555 2019 685 2056 navigat;
708 2020 825 2055 indeque
848 2020 972 2055 pervenit
995 2021 1021 2047 in

230 2065 349 2098 Scetim;
364 2070 391 2093 et
409 2065 552 2094 ecclesiam
570 2066 711 2101 ingressus
727 2066 842 2095 clericos
858 2066 931 2103 (58")
944 2074 1023 2094 acce-

231 2110 284 2142 dit.
298 2110 394 2138 dicens
410 2121 418 2138 :
436 2111 488 2139 Per
505 2111 664 2145 Dominum,
681 2112 763 2140 facile
779 2120 824 2140 me
844 2113 1019 2145 monachum,

232 2163 266 2184 ac
284 2157 354 2183 viam
372 2156 438 2184 mihi
449 2157 596 2190 ostendite,
615 2157 660 2185 ubi
674 2158 765 2186 salvus
781 2158 854 2186 tiam.
874 2157 914 2185 Illi
929 2163 1019 2186 autem

234 2202 287 2229 viri
311 2202 481 2230 nobilitatem
505 2211 538 2230 ex
554 2204 690 2237 moribus,
713 2209 741 2232 et
758 2204 833 2232 vultu
851 2209 879 2232 et
901 2205 1023 2240 alloquio

233 2248 430 2282 conjectantes,
451 2249 611 2284 quaerebant
631 2257 665 2277 ex
685 2257 729 2282 eo,
750 2250 876 2285 quisnam
898 2255 925 2278 et
945 2251 1024 2286 cujus

232 2298 316 2322 esset.
335 2293 361 2322 Is
377 2302 440 2322 cum
463 2295 553 2329 primo
568 2295 710 2328 abnueret,
732 2295 889 2331 diceretque
910 2305 917 2323 :
935 2296 1024 2324 Homo

233 2347 294 2368 sum
310 2340 470 2376 peregrinus
483 2345 509 2368 et
524 2340 658 2375 abjectus,
673 2342 719 2376 qui
734 2342 827 2370 salvus
842 2342 899 2370 lieri
915 2351 1023 2378 quam;

233 2385 277 2413 vix
293 2385 403 2414 tandem
419 2386 445 2414 ei
463 2387 628 2422 persuadere
643 2393 791 2423 potuerunt
807 2393 846 2422 ut,
866 2396 928 2424 quae
941 2389 975 2417 ad
995 2396 1026 2418 se

1068 1471 1144 1502 ἔτους
1159 1471 1209 1506 τῆς
1225 1470 1333 1506 ἡλικίας
1356 1469 1441 1496 αὐτοῦ
1462 1470 1491 1496 ὲν
1506 1469 1546 1504 τῷ
1567 1469 1692 1504 παλατίῳ
1711 1468 1863 1504 διηνυκὼς,

1068 1516 1175 1544 καὶτὸν
1189 1516 1272 1550 φόϐον
1284 1515 1332 1543 τοῦ
1345 1515 1413 1542 Θεοῦ
1427 1515 1499 1542 κατὰ
1509 1515 1629 1543 διάνοιαν
1640 1515 1720 1550 ἔχων,
1732 1515 1865 1547 ἐστέναξε

1069 1563 1116 1589 καὶ
1131 1562 1283 1597 παρεκάλει
1294 1561 1340 1589 τὸν
1352 1561 1418 1589 Θεὸν
1433 1561 1503 1597 μετὰ
1515 1561 1640 1597 δακρύων
1653 1561 1741 1595 λέγων
1752 1568 1760 1576 “
1774 1561 1865 1597 Κύριε

1069 1608 1204 1644 ὸδήγησόν
1221 1616 1265 1644 με,
1281 1607 1341 1639 πῶς
1356 1605 1447 1634 σωθῶ.
1457 1607 1513 1634 Καὶ
1527 1607 1560 1643 δὴ
1572 1607 1601 1634 ἐν
1619 1608 1669 1643 μιᾷ
1685 1607 1763 1639 ὄντος
1779 1607 1866 1634 αὑτοῦ

1070 1655 1099 1681 ἐν
1113 1653 1152 1688 τῷ
1167 1653 1302 1688 παλατίῳ,
1317 1651 1412 1679 ἀκούει
1426 1651 1502 1684 θείας
1516 1653 1620 1687 φωνῆς,
1632 1651 1766 1687 λεγούσης
1776 1652 1864 1686 αὐτῷ·

1077 1698 1210 1734 Ἀρσένιε,
1226 1698 1251 1725 ει
1262 1697 1350 1729 θέλεις
1364 1697 1495 1733 σωθῆναι,
1513 1698 1598 1732 φεῦγε
1613 1698 1677 1730 τοὺς
1688 1697 1866 1734 ἀνθρώπους,

1071 1745 1119 1773 καὶ
1133 1745 1219 1781 σώσῃ.

1107 1799 1139 1823 ε’.
1153 1794 1264 1821 Τούτων
1279 1791 1325 1821 οὖν
1344 1793 1466 1825 ἀκούσας
1481 1793 1495 1819 ὁ
1512 1792 1662 1827 Ἀρσένιος,
1680 1790 1729 1817 καὶ
1746 1790 1866 1817 ἐπιπολῦ

1071 1841 1111 1877 τῷ
1131 1842 1196 1876 θείῳ
1210 1840 1287 1875 πόθῳ
1307 1839 1433 1875 τρωθεὶς,
1447 1839 1539 1873 πάσης
1552 1836 1633 1868 εὐθὺς
1652 1837 1867 1872 καταφρονήσας

1072 1886 1247 1923 ἀνθρωπίνης
1269 1885 1316 1912 καὶ
1329 1885 1499 1921 προσκαίρου
1522 1883 1665 1915 αἰνέσεως,
1680 1883 1727 1909 καὶ
1743 1891 1867 1918 περιφα-

1072 1934 1158 1965 νείας,
1173 1931 1280 1968 τρυφῆς
1295 1939 1326 1958 τε
1343 1930 1503 1966 σωματικῆς
1514 1929 1562 1956 καὶ
1576 1929 1668 1963 πάσης
1683 1928 1768 1963 ἄλλης
1790 1928 1867 1963 φιλο-

1071 1978 1172 2012 δοξίας,
1188 1978 1236 2004 καὶ
1264 1976 1418 2012 βασιλείους
1447 1975 1532 2006 αὐλὰς
1551 1975 1592 2006 εἰς
1612 1974 1688 2001 οὐδὲν
1707 1974 1867 2008 διαλογισᾶ-

1075 2033 1170 2060 μενος,
1203 2023 1299 2059 μηδενὶ
1327 2022 1411 2057 μηδὲν
1444 2020 1565 2056 εἰρηκὼς
1589 2019 1723 2047 ἀποπλέει
1745 2020 1795 2046 ἐπὶ
1818 2020 1868 2054 τὴν

1080 2069 1298 2104 ’Δλεξάνδρειαν,
1323 2067 1452 2094 κάκεῖθεν
1477 2066 1588 2102 ἔρχεται
1615 2065 1655 2097 εις
1673 2065 1793 2100 Σκῆτιν·
1820 2064 1869 2091 καὶ

1075 2115 1204 2144 εἰσελθὼν
1216 2116 1245 2142 ὲν
1259 2115 1292 2150 τῇ
1305 2113 1448 2149 ἐκκλησία,
1463 2113 1646 2148 προσέρχεται
1657 2113 1714 2142 τοῖς
1725 2111 1867 2146 κληρικοίς

1075 2163 1163 2197 λέγων
1174 2170 1181 2178 '
1204 2161 1254 2188 Διὰ
1272 2161 1318 2187 τὸν
1335 2159 1449 2196 Κύριον,
1464 2157 1597 2193 ποιήσατέ
1620 2165 1654 2192 με
1677 2156 1808 2191 μοναχὸν,
1821 2156 1867 2182 καὶ

1074 2206 1228 2243 ὁδηγήσατέ
1244 2213 1278 2240 με
1295 2203 1353 2235 πῶς
1369 2202 1459 2230 σωθῶ.
1481 2203 1513 2229 0i.
1535 2202 1566 2228 δὲ
1586 2202 1637 2236 τὴν
1653 2201 1798 2235 εὐγένειαν
1820 2200 1867 2226 τοῦ

1076 2253 1173 2288 ἀνδρὸς
1188 2253 1222 2279 ὲκ
1236 2251 1283 2278 τοῦ
1298 2249 1392 2286 ἦθους,
1421 2249 1469 2276 καὶ
1497 2248 1544 2275 τοῦ
1569 2248 1729 2283 προσώπου,
1751 2247 1800 2273 καὶ
1819 2246 1868 2280 τῆς

1078 2298 1222 2334 συντυχίας
1235 2296 1434 2332 στοχασάμενοι
1446 2294 1578 2330 ἐξήταζον
1591 2294 1683 2326 αὑτὸν,
1701 2293 1745 2324 τίς
1763 2294 1807 2328 εῐη
1823 2293 1870 2318 καὶ

1078 2344 1171 2372 πόθεν.
1193 2341 1374 2379 ’Δρνουμένου
1390 2341 1420 2368 δὲ
1433 2341 1515 2368 αὑτοῦ
1532 2340 1568 2367 τὰ
1584 2340 1691 2375 πρῶτα,
1711 2339 1761 2366 καὶ
1775 2339 1870 2372 λέγον-

1078 2399 1140 2423 τος,
1151 2391 1193 2418 ὅτι
1209 2388 1372 2424 Ἄνθρωπός
1386 2387 1444 2423 ειμι
1458 2386 1534 2421 ξένος
1547 2386 1594 2414 καὶ
1605 2384 1733 2416 ταπεινὸς
1749 2383 1871 2420 σωθῆναι

992 2492 1109 2522 nom.
1157 2522 1167 2531 ,

270 2596 328 2634 (57)
349 2596 463 2634 Videtur
475 2602 569 2626 auctor
584 2598 651 2625 nihil
667 2599 739 2626 aliud
759 2599 840 2631 velle,
852 2606 934 2634 quam
948 2598 1028 2633 stipi-

234 2638 289 2661 tem
307 2633 417 2669 familia;
433 2633 520 2669 sancti
547 2634 707 2668 primtevum
723 2635 751 2662 in
766 2633 968 2669 plures’postea
982 2641 1027 2660 ra-

235 2676 297 2696 mos
323 2667 577 2704 divisumrl‘uisse;
605 2676 672 2696 uSus
700 2667 916 2704 him-quantum
935 2670 1027 2704 suspi-

234 2711 294 2744 cor,
307 2702 350 2744 vel
370 2703 462 2738 pbrasi
492 2702 572 2731 istius
589 2705 730 2740 temporis,
753 2702 798 2732 vel
819 2705 953 2740 parmmia
967 2702 1025 2732 tum

236 2743 347 2766 usitata.

271 2773 345 2810 (737‘)
361 2773 513 2810 Atnvsrxd'ic'
529 2774 646 2802 subaudi
664 2774 767 2810 ἔμεινε,
782 2774 820 2810 ὢν
841 2774 885 2802 vel
909 2774 978 2810 quid
990 2774 1027 2801 si-

237 2809 312 2845 mile.
322 2809 404 2845 _Apud
425 2809 589 2845 Cotelerium
604 2809 756 2845 ΙοιςαέἚτι
775 2809 813 2836 ὢν
832 2810 862 2837 ὲν
875 2810 914 2845 τῷ
933 2809 1022 2835 παλα-

238 2843 301 2879 ιιίῳὲ
315 2843 381 2879 Cum
395 2844 540 2879 etiamnum
555 2850 622 2871 esset
632 2843 669 2872 ‘in
683 2845 795 2879 palatio.

274 2877 332 2912 (ὃὸ)
354 2878 421 2906 Vide
435 2878 510 2908 Vitas
524 2880 636 2909 Patrum
650 2877 722 2916 apud
734 2880 916 2916 Rosweydum
932 2880 981 2908 lib.
997 2888 1023 2913 ν,

1077 2606 1139 2634 cap.
1171 2597 1199 2634 2,
1228 2597 1489 2634 pag.r__563,_nun1.
1512 2591 1773 2634 2.__Damal_evicius
1807 2590 1872 2634 Viue

1077 2629 1167 2662 sancti
1183 2629 1448 2667 Boﬁiimilieremita:
1462 2629 1681 2667 Camaldulensis
1699 2631 1810 2667 aucloy‘.
1829 2631 1871 2667 l9—

1079 2668 1159 2697 moll
1176 2665 1261 2700 Junii,
1280 2675 1341 2703 pag.
1357 2667 1421 2699 356,
1445 2674 1522 2694 num.
1541 2665 1586 2697 56,
1607 2670 1749 2692 secessnm
1767 2665 1827 2702 eius
1846 2665 1871 2688 in

1078 2712 1202 2732 eremum
1223 2704 1426 2731 Dobrovensem
1457 2705 1563 2732 narrat,
1589 2709 1598 2726 ι
1613 2705 1744 2733 tanquam
1772 2705 1795 2724 si
1811 2705 1872 2724 san-

1079 2744 1140 2767 ctus
1158 2746 1252 2766 vocem
1273 2737 1379 2773 lapsam
1404 2737 1538 2773 divinitus
1559 2735 1593 2762 ad
1616 2733 1764 2773 arsenium
1781 2733 1808 2759 in
1824 2740 1871 2773 sua

1079 2775 1223 2802 vocatione
1236 2767 1386 2801 audivisset
1401 2782 1408 2799 :
1424 2771 1525 2800 Arseni
1536 2769 1672 2798 tumultus
1686 2767 1762 2804 iuge,
1778 2772 1806 2796 et
1817 2769 1870 2795 sal-

1075 2809 1193 2837 vaberis.
1218 2819 1227 2835 ι

1111 2844 1184 2880 (38")
1197 2844 1247 2872 Per
1262 2842 1513 2880 clericosjntellige
1530 2841 1575 2880 |_Iic
1584 2839 1753 2880 monachos.
1769 2838 1866 2867 Eum-

1075 2875 1120 2916 pla
1137 2875 1183 2910 dat
1197 2880 1318 2916 Cangius
1335 2880 1362 2908 in
1377 2875 1513 2906 Clanario
1528 2875 1634 2904 Latino.

1884 2902 1894 2918 \
