1924 3077
206 155 260 188 859

774 149 805 180 S.
821 147 1018 179 THEODORI
1042 143 1215 176 STUDIT/E

1778 138 1833 169 860

206 220 288 247 quam
307 211 331 239 si
352 218 406 238 non
426 217 489 238 cum
516 209 577 244 ipso
590 207 744 236 collocutus
765 205 853 234 fuero.
868 205 1018 241 Miserum1

1071 203 1127 237 ὐτῷ
1146 200 1308 236 ἁπαντήσω.
1329 196 1479 233 Ἔπεμψαν
1503 193 1550 223 οὖν
1572 194 1642 230 μετὰ
1661 193 1708 221 τοῦ
1728 194 1848 230 ἀδελφοῦ

208 259 291 293 igitur
311 255 430 292 aliquem
456 263 519 283 cum
539 254 635 286 fratre,
661 253 706 288 qui
738 253 827 287 ipsum
849 251 883 278 ad
902 250 1001 278 cellam

208 305 331 335 duceret,
348 302 412 336 quia
427 302 508 335 longe
529 300 659 328 distabat.
681 298 715 326 Et
730 298 838 333 pulsato
863 297 945 328 ostio,
961 295 1003 323 in—

210 349 297 384 gressi
324 353 404 381 sunt;
429 348 603 381 salutatoque
620 345 701 376 Sene,
716 343 847 371 sederunt
873 343 901 370 in
918 342 1003 370 silen—

212 396 261 422 tio.
278 394 350 421 Dixit
368 394 460 428 itaque
478 393 523 419 ille
539 391 662 419 ecclesiae
673 389 758 417 frater
774 398 780 415 :
798 389 897 423 Surgo.
912 388 1004 415 disce-

212 439 259 473 do,
275 443 352 467 orate
369 446 418 473 pro
434 445 486 465 me.
501 438 534 464 At
545 436 627 463 frater
639 435 810 470 peregrinus,
825 441 879 460 non
894 433 1004 460 inventa

213 492 276 512 cum
287 484 358 511 Seue
369 482 539 517 colloquendi
555 482 690 513 libertate,
711 480 780 507 dixit
796 479 874 506 fratri
891 488 897 506 :
918 477 1005 505 Venio

214 534 242 557 et
257 537 308 563 ego
325 534 423 556 tecum.
436 527 469 554 Et
482 527 584 562 egressi
598 529 663 554 sunt
680 524 773 552 simul.
789 523 907 559 Rogavit
924 530 1006 557 porro

216 574 307 608 ipsum
332 572 492 607 peregrinus
517 571 634 598 dicens:
662 570 720 597 Duc
750 577 794 596 me
820 569 854 596 ad
879 568 1006 595 abbatem

216 619 338 654 Moysen,
368 626 401 645 ex
430 617 583 644 latronibus
600 623 765 643 conversum
780 615 846 650 (59).
864 614 904 642 Ad
926 621 1007 649 quem

218 669 361 698 postquam
387 663 544 693 venissent,
565 661 687 697 suscepit
705 662 793 695 ipsum
818 668 880 688 cum
896 660 1008 695 gaudio,

218 713 246 735 et
273 709 402 735 exhibitis
424 707 619 742 hospitalitatis
641 706 737 734 oﬂieiis
764 707 878 734 dimisit.
897 706 967 733 Tum
986 707 1009 734 is

219 755 266 787 qui
284 754 369 781 alium
385 754 511 784 duxerat,
537 754 576 781 sic
591 753 675 780 iniit:
704 752 785 786 Ecce,
807 753 905 779 adduxi
931 756 956 779 te
976 752 1009 779 ad

220 799 389 836 [Arseniutn]
422 799 586 826 monachum
614 803 786 831 extraneum,
815 804 843 825 et
872 798 905 825 ad
929 797 1010 833 [Egy-

221 846 307 880 ptium
322 854 329 872 :
347 849 407 872 uter
427 845 512 879 magis
527 844 630 879 placuit
653 844 718 871 tibi?
737 844 787 871 Cui
803 844 886 871 frater
903 853 910 871 τ
925 843 1011 879 [Egy-

222 891 294 925 ptins
308 891 406 924 placuit
419 890 485 917 mihi
504 890 615 917 Patrum
631 890 744 925 aliquis,
758 890 800 917 his
816 890 928 922 auditis,
946 897 1011 917 ora-

223 937 261 963 vit
275 936 371 968 Dcum,
384 936 478 963 dicens
494 945 500 962 :
516 936 641 968 Domine,
658 943 715 963 rem
731 935 802 963 hanc
813 935 1010 963 mihiostende.

223 980 275 1008 Iste
291 982 362 1009 enim
394 981 463 1016 fugit
483 985 593 1016 propter
611 988 712 1008 nomen
741 984 827 1011 tuum,
845 980 891 1007 ille
904 987 968 1008 vero
984 980 1010 1007 in

223 1029 303 1055 ulnas
316 1028 414 1062 accipit
441 1031 550 1062 propter
565 1034 663 1053 nomen
684 1032 773 1054 tuum.
796 1024 828 1052 Et
843 1031 960 1053 ostensa:
973 1025 1012 1053 illi

223 1078 288 1101 sunt
306 1074 365 1100 dua:
380 1080 463 1100 naves
485 1080 590 1106 magna!
609 1081 616 1105 ;
643 1075 670 1098 et
688 1072 714 1098 in
733 1079 787 1099 una
813 1071 923 1106 quidem
944 1079 1013 1098 con-

224 1118 372 1153 templatur
384 1118 510 1144 abbatem
525 1117 670 1143 Arsenium
684 1121 712 1143 et
733 1116 860 1151 spiritum
875 1115 922 1142 Dei
938 1115 1014 1142 navi-

225 1170 319 1199 gantes
333 1164 359 1191 in
372 1163 478 1198 quiete;
493 1167 520 1190 et
534 1163 618 1189 abbas
633 1161 740 1197 Moyses
759 1166 787 1188 et
799 1162 888 1197 angeli
902 1161 949 1188 Dei
966 1169 1014 1188 na-

225 1211 356 1245 vigabant
369 1210 395 1236 in
411 1209 508 1239 altera,
531 1208 653 1235 favorum
673 1208 763 1236 mellis
777 1209 924 1243 particulas
940 1208 966 1235 in
983 1215 1014 1235 os

225 1255 286 1289 ejus
302 1257 452 1281 inserentes
468 1253 534 1288 (60).
556 1253 602 1280 Sic
627 1253 671 1280 ille
686 1254 817 1281 secedens
832 1254 953 1280 virorum
967 1261 1015 1281 ac—

226 1299 315 1327 cessui
338 1299 496 1329 indulgebat
520 1298 742 1332 aliquantulum;
776 1299 922 1326 mulierqu
951 1307 1016 1326 vero

228 1354 262 1373 ne
275 1345 314 1372 vel
331 1345 466 1372 tantillum
489 1344 600 1379 quidem
618 1353 625 1371 :
643 1348 715 1372 totus
731 1345 833 1379 quippe
852 1350 912 1372 erat
926 1352 1015 1379 asper.

227 1397 254 1418 et
272 1399 287 1418 a
306 1390 433 1419 liberiore
446 1398 573 1418 sermone
586 1390 705 1423 alienus,
725 1397 819 1417 amore
835 1390 881 1418 Dei
899 1397 1017 1426 occupa—

228 1438 320 1465 batur.

265 1483 310 1510 12.
331 1483 427 1510 Mulier
454 1483 548 1518 itaque
574 1482 699 1518 quadam
730 1482 869 1510 senatoria
896 1481 1018 1510 Romana

229 1529 370 1564 Canopum
396 1529 564 1556 Alexandria:
594 1529 712 1561 devenit,
732 1528 810 1556 dives
842 1529 920 1556 valde
939 1536 971 1555 ac
986 1529 1020 1555 ti-

233 1583 309 1602 mens
331 1574 427 1607 Deum,
439 1579 562 1602 sanctmn
581 1574 728 1602 Arsenium
746 1574 838 1602 videre
852 1574 1021 1602 desiderans.

233 1619 345 1655 Excepit
371 1619 446 1646 illam
478 1618 647 1653 Theophilus
676 1619 915 1654 archiepiscopus;
942 1627 1023 1654 quem

232 1666 349 1700 rogavit,
376 1666 553 1700 persuaderet
579 1665 655 1698 Seni,
682 1669 712 1692 ut
743 1673 772 1693 se
797 1666 963 1694 admitteret.
992 1665 1026 1693 Et

234 1716 378 1747 postquam
395 1712 428 1739 ad
440 1719 503 1739 eum
518 1712 639 1739 venisset
667 1712 902 1747 arcltiepiscOpus,
921 1712 1027 1747 rogmil

235 1763 265 1785 ut
288 1766 348 1785 eam
377 1758 544 1785 admitteret.
575 1757 664 1788 Senex
696 1766 759 1785 vero
784 1758 950 1793 colloquium
976 1758 1026 1793 ipsi

233 1804 383 1831 recusavit.
398 1803 506 1836 Quibus
518 1803 600 1830 rebus
613 1804 638 1830 ei
654 1803 832 1836 denuntiatis,
849 1803 927 1838 jubet
941 1803 1027 1830 sterni

235 1848 359 1883 iumenta
374 1856 434 1880 sua,
453 1848 546 1875 dicens
561 1857 568 1875 :
586 1848 703 1875 Conﬁdo
723 1848 777 1876 Deo
805 1848 864 1876 fore
881 1853 910 1876 ιιι
921 1849 1027 1876 videant

238 1895 327 1929 ipsum
345 1902 353 1920 :
379 1900 468 1928 neque
490 1893 563 1920 enim
591 1894 652 1920 veni
673 1894 764 1921 visura
786 1894 924 1922 hominem
941 1894 1030 1930 (multi

237 1940 310 1967 enim
327 1939 524 1967 hominessunt
544 1939 571 1966 in
591 1939 700 1967 civitate
714 1941 833 1973 nostra),
852 1940 899 1967 sed
913 1941 1031 1975 prophe-

239 1989 295 2012 tam
314 1985 406 2012 visura
432 1985 504 2012 veni.
520 1984 610 2020 thue
625 1986 658 2013 ad
676 1986 773 2013 cellam
791 1985 871 2013 Senis
891 1986 1030 2020 pervenit;

239 2036 315 2059 extra
332 2031 417 2063 illam,
434 2031 490 2059 Deo
517 2031 555 2059 ita
571 2031 744 2066 disponente,
767 2032 884 2059 vacabat
916 2031 1003 2059 Senex
1020 2041 1028 2060 :

240 2085 321 2112 quem
334 2077 504 2112 conspicata,
517 2077 635 2112 procidit
646 2078 679 2105 ad
694 2077 778 2113 pedes
795 2077 869 2112 ejus;
889 2078 1031 2113 erexitque

241 2124 315 2151 illam
334 2131 396 2151 cum
411 2124 453 2151 ira
469 2130 495 2157 ε,
515 2123 557 2151 his
578 2123 661 2151 dictis
683 2123 710 2150 in
735 2131 796 2151 eam
821 2123 966 2152 intendens
981 2133 988 2152 :
1003 2123 1032 2151 Si

242 2169 339 2196 faciem
367 2177 455 2197 meam
469 2168 563 2196 videre
593 2169 649 2203 vis;
670 2177 715 2202 en,
735 2169 806 2197 vide.
828 2170 874 2197 llla
898 2177 964 2197 vero
979 2178 1034 2205 prie

1052 247 1227 282 καταστῆσαι
1255 244 1346 277 αὑτὸν,
1363 244 1406 270 ὅτι
1431 241 1541 277 μακρὰν
1560 238 1595 276 ἦν
1609 241 1626 274 ἡ
1644 239 1728 266 κέλλα
1743 240 1829 266 αὐτοῦ
1841 247 1848 255 ·

1053 295 1100 321 καὶ
1111 293 1278 329 κρούσαντες
1288 290 1338 325 τὴν
1360 289 1458 324 θύραν,
1471 287 1606 322 εἰσῆλθονο
1620 286 1668 314 καὶ
1681 285 1847 320 ἀσπασάμε-

1053 349 1094 368 νοι
1115 339 1162 365 τὸν
1186 337 1303 373 γέροντα
1324 335 1458 363 ἐκάθισαν
1484 333 1652 364 σιωπῶντες.
1668 330 1753 358 Εἶπεν
1772 329 1820 358 οὖν
1835 333 1850 358 ὁ

1054 385 1168 421 ἀδελφὸς
1187 386 1201 412 ὁ
1220 384 1272 418 τῆς
1289 381 1455 417 ἐκκλησίας·
1477 379 1647 414 Ἐγείρομαι,
1673 378 1783 412 ὑπάγω,
1801 377 1847 404 εὖ-

1056 433 1138 466 ξασθε
1162 431 1233 466 ὑπὲρ
1250 429 1328 465 ἐμοῦ.
1350 428 1380 455 '0
1401 427 1432 455 δέ
1454 426 1529 459 ξένος
1548 424 1674 459 ἁδελφὸς,
1695 424 1732 460 μὴ
1759 423 1850 459 εὑρὼν

1056 476 1214 514 παρρησίαν
1242 474 1312 510 πρὸς
1335 473 1382 500 τὸν
1404 472 1539 507 γέροντα,
1564 468 1643 497 εἶπεν
1666 469 1705 504 τῷ
1723 469 1848 504 ἀδελφῷ·

1058 524 1195 558 Ἔρχομαι
1215 520 1293 555 κάγὼ
1313 519 1382 556 μετὰ
1397 518 1456 546 σοῦ.
1471 518 1525 546 Καὶ
1542 516 1654 552 ἐξῆλθον
1675 516 1756 552 ὁμοῦ.
1775 516 1851 550 Παρ-

1056 570 1189 597 εκᾰλεσεν
1202 568 1249 595 οὖν
1262 566 1355 597 αὑτὸν.
1370 565 1476 599 λέγων·
1498 563 1572 590 Λάϐε
1592 571 1626 598 με
1647 563 1695 590 καὶ
1715 562 1786 597 πρὸς
1805 562 1852 588 τὸν

1057 615 1145 644 ἀὸὃᾶν
1157 613 1262 649 Μωσῆν
1275 612 1322 640 τδν
1347 611 1401 639 ἀπὸ
1411 610 1529 646 λῃστῶν.
1545 609 1602 636 Kal.
1616 609 1748 636 ἐλθόντων
1760 607 1852 635 αὐτῶν

1059 661 1129 697 πρὸς
1142 660 1235 692 αὑτὸν,
1250 658 1360 691 ἐδέξατο
1374 657 1457 684 αὑτὸν
1473 655 1543 691 μετὰ
1558 656 1658 691 χαρᾶς,
1674 654 1723 681 καὶ
1740 653 1851 688 φιλοξε-

1059 706 1161 738 νίσαςᾶ
1183 705 1329 733 ἀπέλυσεν.
1353 704 1407 730 Kal.
1421 702 1497 736 λέγει
1516 702 1531 728 ὁ
1553 700 1674 735 ἐνεγκὼν
1697 700 1744 727 τὸν
1757 699 1853 734 ἕτερον

1060 753 1175 788 ἀδελφός
1186 760 1194 769 ⁸
1216 751 1284 778 Ἰδοὺ
1296 749 1443 783 ἀπήνεγκά
1457 756 1487 775 σε
1500 747 1568 782 πρὸς
1584 747 1630 774 τὺν
1647 745 1752 778 ξενικὸν
1768 753 1854 780 μονα-

1061 799 1108 835 χὸν
1125 798 1172 825 καὶ
1191 797 1260 833 πρὸς
1274 795 1319 822 τὸν
1336 794 1486 828 Αἰγύπτιον
1496 801 1505 809 '
1527 792 1569 824 τις
1584 792 1617 818 ἐκ
1630 791 1686 818 τῶν
1700 791 1748 817 δύο
1768 790 1853 825 ἠρεσὲ

1063 853 1124 878 σοις
1150 844 1232 877 Λέγει
1254 843 1269 869 ὁ
1294 839 1426 874 ἀδελφός·
1457 839 1487 866 '0
1512 837 1662 872 Αἰγύπτιος
1685 835 1769 872 ἦρεσὲ
1796 844 1851 871 μοι.

1069 889 1203 921 Ἀκούσας
1210 888 1239 915 δέ
1250 896 1292 919 τις
1303 886 1359 913 τῶν
1371 885 1503 920 Πατέρων
1512 883 1610 915 ταῦτα,
1620 882 1723 918 ηὔξατο
1731 881 1771 916 τῷ
1781 881 1852 915 Θεῷ,

1063 935 1151 969 λέγων
1161 942 1168 949 ·
1183 931 1281 967 Κύριε,
1295 931 1383 963 δεῖξόν
1408 938 1454 965 μοι
1476 928 1507 955 τὸ
1527 928 1645 963 πρᾶγμα
1660 926 1754 953 τοῦτο·
1769 926 1811 952 ὅτι
1825 926 1855 957 ὃς

1065 981 1115 1016 μὲν
1127 979 1224 1015 φεύγει
1236 978 1281 1005 διὰ
1295 977 1325 1004 τὺ
1337 975 1424 1011 ὄνομά
1440 983 1498 1006 σου,
1509 974 1538 1005 ὃς
1549 973 1578 1000 δέ
1591 971 1801 1006 ἐναγκαλίζεται
1811 971 1857 998 διὰ

1064 1024 1095 1050 τὺ
1110 1023 1196 1058 όνομά.
1209 1030 1268 1048 σου.
1282 1020 1338 1048 Kal.
1352 1018 1459 1054 ἐδείχθη
1475 1017 1550 1052 αὐτῷ
1564 1016 1612 1044 δύο
1627 1016 1708 1043 πλοῖα
1727 1016 1837 1051 μεγάλα
1847 1025 1854 1032 ·

1065 1069 1113 1096 καὶ
1131 1068 1229 1103 θεωρεῖ
1241 1067 1287 1093 τδν
1306 1065 1394 1092 ὰὸὁᾶν
1411 1063 1550 1098 Ἀρσένιον
1562 1062 1610 1089 καὶ
1631 1062 1663 1088 τὸ
1678 1061 1793 1096 Πνεῦμα
1807 1060 1856 1087 τοῦ

1066 1113 1134 1141 Θεοῦ
1154 1113 1282 1143 πλέοντες
1298 1112 1327 1138 ἐν
1341 1110 1445 1146 ἡσυχίᾳ
1464 1109 1504 1140 εἰς
1519 1108 1548 1134 ἐν
1566 1113 1578 1128 ο
1596 1108 1645 1135 καὶ
1660 1108 1675 1134 ό
1687 1107 1775 1138 sese;
1791 1107 1857 1134 Μω-

1067 1161 1117 1195 σῆς
1127 1159 1175 1186 καὶ
1189 1159 1214 1185 ol
1239 1156 1350 1191 ἄγγελοι
1371 1155 1418 1182 τοῦ
1438 1154 1507 1181 Θεοῦ
1529 1153 1656 1185 πλέοντες
1673 1153 1712 1184 εἰς
1726 1153 1757 1179 ἓν
1770 1152 1793 1185 ί,
1807 1153 1857 1179 καὶ

1066 1203 1206 1240 ἐψώμιξον
1222 1201 1402 1238 μελικηρίδας
1416 1208 1422 1214 ·
1436 1199 1507 1226 οὕτω
1521 1198 1550 1225 δέ
1571 1197 1721 1233 ὑποχωρῶν
1738 1197 1788 1228 τὰς
1800 1197 1857 1224 τῶν

1067 1250 1171 1285 ἀνδρῶν
1193 1248 1303 1284 ὁμιλίας
1325 1247 1454 1278 ἐνεδίδου,
1477 1245 1526 1276 τὰς
1538 1244 1593 1271 τῶν
1610 1243 1750 1278 γυναικῶν
1767 1241 1860 1269 ὁτιοῦν

1068 1295 1211 1331 οὐδαμῶς·
1230 1293 1329 1330 δριμὺς
1350 1293 1406 1327 γὰρ
1421 1289 1454 1328 ἦν
1473 1291 1534 1322 ὂλος
1557 1289 1605 1317 xal.
1621 1289 1860 1325 ἀπαρρησίαστος,

1070 1339 1211 1377 ἐρωτικῶς
1223 1339 1291 1374 πρὸς
1308 1338 1375 1365 Θεὸν
1391 1336 1575 1373 διακείμενος.

1108 1475 1151 1511 ιβ’.
1165 1474 1294 1502 Ἐλθοῦσα
1308 1471 1455 1509 τοιγαροῦν
1467 1472 1508 1504 εις
1519 1471 1565 1498 τὸν
1582 1471 1716 1498 Κάνωπον
1733 1468 1866 1501 ’Δλεξαν-

1036 1543 1058 1572 c
1072 1522 1165 1558 δρειας
1176 1521 1234 1572 Λμιὰ
1252 1519 1422 1572 συγκλητικῇ
1434 1518 1488 1546 ἀπὸ
1500 1518 1609 1572 ’ςῶμης
1622 1515 1739 1572 Ellendt?
1747 1515 1866 1572 σφόδρα,

1075 1567 1122 1594 καὶ
1139 1565 1295 1601 φοϐουμένη
1310 1564 1355 1591 τὸν
1370 1564 1447 1596 Θεὸν,
1467 1561 1589 1589 ποθοῦσα
1622 1561 1686 1587 ἰδεῖν
1698 1559 1791 1591 αὑτὸν,
1811 1559 1868 1585 ὑπ-

1074 1613 1184 1646 εδέξατο
1196 1612 1280 1647 αὐτὴν
1290 1612 1305 1638 ὁ
1317 1611 1446 1646 Θεόφιλος
1460 1611 1475 1637 ὀ
1488 1608 1715 1645 ἀρχιεπῐσκοπος,
1729 1606 1779 1633 καὶ
1794 1615 1869 1642 παρ-

1077 1659 1207 1687 εκάλεσεν
1222 1658 1304 1684 αὑτὸν
1317 1657 1362 1684 ἶνα
1380 1656 1463 1692 πείσῃ
1476 1655 1523 1682 τδν
1537 1655 1653 1690 γέροντα
1667 1652 1798 1686 δέξασθαι
1815 1652 1870 1679 αὒ-

1078 1706 1138 1741 τήν.
1154 1704 1210 1731 Kal
1227 1703 1312 1730 ἐλθὼν
1328 1703 1342 1730 ὁ
1365 1701 1581 1738 ἀρχιεπίσκοπος
1596 1699 1666 1735 πρὸς
1683 1698 1775 1731 αὐτὸν,
1795 1705 1872 1732 παρα

1079 1751 1172 1778 εκάλει
1186 1749 1314 1782 δέξασθαι
1328 1747 1425 1782 αὐτήν.
1448 1746 1479 1773 '0
1498 1746 1526 1773 δέ
1547 1745 1638 1780 γέρων
1658 1744 1689 1771 οὐ
1705 1742 1872 1775 κατεδέξατο

1077 1796 1244 1831 ἀπαντῆσαι.
1261 1795 1306 1826 Ὠς
1326 1790 1373 1820 οὖν
1393 1791 1533 1827 ἀνηγγέλη
1558 1791 1628 1826 αὐτῇ
1643 1789 1742 1822 ταῦτα,
1762 1788 1872 1814 κελεύει

1079 1841 1234 1877 στρωθῆναι
1255 1840 1290 1867 τὰ
1316 1840 1403 1875 κτήνη
1424 1839 1520 1872 αὐτῆς,
1536 1837 1672 1871 λέγουσαο
1691 1834 1818 1861 Πιστεύω
1833 1834 1874 1869 τῷ

1078 1886 1139 1922 Θεῷ
1156 1886 1220 1913 ἰδεῖν
1237 1886 1318 1913 αὐτόν
1329 1892 1336 1900 ·
1352 1885 1383 1911 οὺ
1397 1885 1452 1919 γὰρ
1463 1883 1609 1919 ἄνθρωπον
1619 1879 1702 1917 ἦλθον
1719 1880 1783 1907 ἰδεῖν
1793 1888 1801 1896 ·
1817 1880 1874 1906 εἰσὶ

1080 1933 1135 1968 γὰρ
1156 1932 1203 1959 καὶ
1226 1932 1255 1958 ἐν
1272 1932 1306 1966 τῇ
1329 1930 1405 1957 πόλει
1424 1929 1503 1965 ἡμῶν
1519 1928 1613 1955 πολλοὶ
1628 1927 1767 1962 ἄνθρωποι
1778 1935 1785 1941 -
1803 1925 1875 1952 ἀλλὰ

1084 1978 1228 2014 προφήτην
1241 1974 1324 2011 ἦλθον
1339 1975 1414 2002 ἰδεῖν.
1425 1973 1482 2001 Kal.
1496 1973 1534 2005 ὡς
1549 1973 1650 2007 ἔφθασε
1666 1971 1731 2007 περὶ
1745 1971 1796 2006 τὴν
1811 1970 1875 1996 κέλ-

1083 2022 1133 2049 λαν
1147 2022 1194 2048 τοῦ
1210 2022 1348 2056 γέροντος,
1362 2020 1423 2047 κατ’
1436 2019 1593 2054 οἰκονομίαν
1615 2016 1682 2044 Θεοῦ
1701 2016 1876 2052 ηὑκαίρησεν

1084 2068 1136 2100 ἔξω
1157 2069 1207 2103 τῆς
1231 2067 1330 2102 χέλλης
1351 2067 1366 2092 ὁ
1381 2066 1487 2101 γέρων·
1500 2064 1549 2091 καὶ
1564 2064 1656 2090 ἰδοῦσα
1671 2062 1766 2094 αὑτὸν,
1789 2070 1876 2096 προσ-

1085 2114 1167 2141 έπεσε
1180 2114 1236 2144 τοῖς
1249 2112 1329 2138 ποσὶν
1346 2110 1440 2143 αὑτοῦ,
1456 2111 1503 2137 καὶ
1521 2110 1634 2145 ἠγειρεν
1648 2108 1733 2143 αὐτὴν
1751 2107 1812 2142 μετ’
1828 2108 1875 2141 ὀρ-

1086 2160 1148 2195 γῆς,
1166 2158 1215 2185 καὶ
1235 2158 1387 2193 προσέσχεν
1412 2156 1482 2191 αὐτῇ
1509 2155 1614 2190 λέγων·
1631 2155 1663 2181 Et
1678 2153 1710 2180 τδ
1725 2152 1876 2188 πρόσωπόν

242 2213 406 2241 verecundia
429 2213 528 2240 faciem
557 2213 646 2248 ipsius
672 2213 856 2248 contemplata
880 2213 935 2240 non
966 2198 1018 2240 fuit

1084 2214 1134 2241 μου
1153 2204 1240 2235 θέλεις
1257 2203 1331 2236 ἰδεῖν,
1349 2202 1415 2233 ἰδοὺ,
1433 2201 1525 2236 βλέπε.
1548 2200 1582 2227 Ἦ
1604 2199 1634 2226 δέ
1658 2198 1712 2226 ἀπὸ
1737 2198 1876 2232 αἰσχύνης

243 2259 312 2287 Tum
330 2260 468 2287 Sanctus:
486 2258 582 2287 Nonne
596 2267 680 2294 opera
699 2267 760 2287 mea
775 2260 898 2287 audisti?
914 2259 1031 2287 Necesse

242 2311 302 2334 erat
326 2306 372 2333 illa
403 2305 590 2333 considerare.
616 2305 760 2338 Quomodo
789 2310 882 2333 autem
903 2310 957 2332 tam
974 2312 1032 2331 ma-

245 2360 324 2388 gnam
337 2351 538 2386 navigationem
552 2351 695 2379 instituere
707 2359 775 2379 ausa
790 2359 819 2379 es
830 2351 842 2377 ?
855 2351 895 2378 An
909 2350 1030 2386 ignoras,

245 2398 318 2433 quod
337 2397 436 2425 mulier
450 2398 500 2431 sis,
520 2402 546 2426 et
560 2398 633 2432 quod
642 2405 782 2433 nunquam
796 2397 897 2426 debeas
905 2397 1033 2432 prodire?

245 2442 316 2471 Num
333 2443 402 2471 forte
416 2444 468 2471 huc
486 2443 595 2474 venisti,
612 2447 644 2470 ut
657 2443 740 2470 abeas
761 2443 887 2475 Romam,
907 2448 935 2470 et
958 2443 1033 2469 dicas

247 2490 429 2518 mulieribus:
458 2489 517 2517 Vidi
536 2489 701 2522 Arsenium;
729 2496 762 2516 ac
786 2489 908 2523 pervium
930 2487 1033 2515 faciant

248 2543 325 2564 mare
338 2537 466 2564 mulieres
483 2535 518 2563 ad
535 2543 577 2563 me
597 2534 781 2563 ventitantes?
801 2533 951 2568 Respondit
966 2533 1011 2560 illa
1025 2541 1033 2560 :

247 2582 279 2611 Si
296 2582 412 2610 Domino
425 2581 570 2617 placuerit,
587 2581 725 2609 neminem
741 2580 795 2608 huc
814 2580 907 2607 venire
922 2578 1037 2614 permit-

1085 2251 1115 2277 οὺ
1131 2248 1279 2284 κατενόησε
1293 2247 1325 2274 τὸ
1344 2246 1490 2282 πρόσωπον
1507 2244 1602 2272 αὐτοῦ.
1621 2244 1676 2271 Kal.
1690 2243 1767 2277 λέγει
1781 2243 1853 2277 αὐτῇ
1867 2250 1875 2257 ·

1085 2297 1142 2323 Οὐκ
1151 2296 1271 2330 ἧκουσας
1283 2293 1317 2320 τὰ
1328 2293 1396 2328 ἔργα
1408 2300 1459 2327 μου
1471 2299 1479 2324 ;
1489 2287 1702 2325 Ταῦταίβλὲπειν
1715 2289 1875 2322 ἀναγκαῖον.

1085 2345 1149 2376 Πῶς
1161 2344 1190 2370 δέ
1208 2343 1256 2370 καὶ
1270 2341 1423 2376 ἐτόλμησας
1433 2340 1546 2374 ποιῆσαι
1560 2339 1687 2365 τοσοῦτον
1703 2336 1789 2363 πλοῦν
1800 2344 1808 2367 ;
1820 2335 1879 2361 Οὑιι

1085 2389 1169 2422 οἶδας,
1187 2390 1230 2416 ὅτι
1251 2388 1320 2423 γυνὴ
1337 2385 1372 2420 εἴ,
1391 2385 1439 2412 καὶ
1458 2385 1508 2411 οὐκ
1529 2383 1648 2417 ὀφείλεις
1672 2380 1878 2417 προσέρχεσθαι

1085 2436 1214 2468 πώποτε;
1227 2433 1244 2469 ἢ
1265 2433 1309 2460 ἵνα
1324 2431 1446 2468 ἀπέλθῃς
1459 2430 1500 2462 εἰς
1517 2428 1641 2464 Ῥώμην,
1656 2427 1705 2455 καὶ
1718 2427 1802 2462 εἴπῃς
1817 2426 1880 2455 ταῖς

1085 2482 1219 2517 γυναιξὶν,
1230 2481 1271 2507 ὅτι
1294 2479 1422 2514 Ἑώρακα
1441 2476 1592 2512 Ἀρσένιον,
1606 2475 1655 2502 καὶ
1669 2474 1815 2509 ποιήσουσι
1829 2472 1880 2506 τὴν

1087 2529 1226 2555 θάλασσαν
1249 2526 1320 2558 ὁδὸν,
1339 2523 1479 2559 γυναικῶν
1502 2521 1659 2558 ἐρχομένων
1677 2519 1747 2555 πρός
1765 2525 1823 2553 με;
1846 2517 1880 2542 Ἦ

1087 2575 1116 2601 δὲ
1138 2570 1232 2600 εἶπεν·
1259 2571 1322 2598 Ἐὰν
1346 2569 1412 2606 θέλῃ
1433 2568 1546 2604 Κύριος,
1560 2568 1612 2595 οὐκ
1626 2566 1688 2602 ἀφῶ
1711 2571 1775 2592 τινα
1791 2564 1880 2591 ἐλθεῖν

904 2632 1021 2660 VARUS
1040 2627 1231 2659 LECTIONES

286 2688 298 2704 ε
319 2683 372 2711 Vit.
386 2682 444 2710 PP.
472 2691 482 2708 ε
503 2682 572 2710 Cum
590 2681 785 2714 festinatione;
814 2687 877 2708 cum
903 2679 1098 2714 indignatione.
1121 2686 1130 2702 ι
1169 2674 1183 2695 ἀ
1200 2673 1288 2702 Cotel.
1304 2672 1508 2708 φιλοφρονήσεις
1521 2669 1631 2701 αὺτούς.

253 2721 266 2740 ί
282 2719 368 2748 Cotel.
387 2719 446 2745 ἕνα.

1680 2674 1692 2688 θ
1708 2668 1800 2696 Cotcl.
1820 2668 1877 2694 ἱνα.

1005 2767 1124 2797 ΝΟΤᾸΕ.

287 2825 345 2861 (59)
365 2826 402 2852 De
422 2824 514 2887 Mogse
533 2833 548 2853 c
569 2824 675 2852 latrone
698 2828 832 2850 converso
856 2819 911 2855 agit
934 2818 1036 2848 (30min.

287 2868 332 2887 ita.
347 2867 424 2887 num.
439 2859 456 2887 2
478 2878 485 2886 .

252 2859 340 2888 ωιτν(
347 2867 424 2888 num.
439 2859 485 2887 28.

1128 2814 1184 2850 (ϐο)
1203 2813 1259 2841 Res
1271 2812 1338 2850 haec
1346 2815 1421 2847 gesta
1434 2807 1603 2850 narraturi"
1623 2806 1675 2834 Vit.
1695 2805 1817 2850 ι’]ςῶιιι).
1831 2810 1877 2834 vn,

1092 2841 1153 2886 cap.
1171 2841 1212 2883 f8,
1229 2855 1305 2877 num.
1323 2841 1361 2880 Ξῖ
1371 2851 1399 2874 et
1413 2846 1486 2882 apud
1500 2843 1619 2873 Coteler.
1633 2850 1697 2878 pag.
1713 2841 1779 2870 368.
