1924 3077
94 172 143 205 861

397 171 539 202 ORATIO
557 171 627 201 XII.
641 185 676 190 —
694 171 886 202 LAUDATIO
904 171 935 201 S.
954 170 1112 200 ARSENII
1130 170 1404 202 ANACHORET/E.

1670 173 1723 205 862

95 215 143 246 ὦδε
156 225 162 231 ·
172 216 229 243 ἀλλ’
247 215 328 251 εὔχου
345 215 416 251 ὑπὲρ
432 215 512 250 ἐμοῦ,
528 215 575 241 καὶ
591 215 744 250 μνημόνευε
759 223 810 250 μου
824 215 881 241 δια-

936 218 1001 240 tam.
1017 214 1067 241 Ast
1094 222 1141 241 ora
1158 222 1207 248 pro
1224 222 1278 247 me,
1304 222 1466 249 semperque
1487 216 1541 244 mei
1561 218 1722 246 memoriam

95 262 204 293 παντός.
226 261 257 288 '0
275 261 304 288 δὲ
320 261 491 296 ἀποκριθεὶς,
509 260 586 288 εἶπεν
606 262 685 297 αὐτῇ.
703 260 826 296 Εὖχομαι
842 260 881 294 τῷ

94 309 162 344 Θεῷ,
178 308 222 335 ἵνα
243 307 388 342 ἐξαλειφθῇ
408 307 439 333 τὺ
456 307 629 342 μνημόσυνόν
644 315 691 333 σου
707 307 740 333 ὲκ
754 307 802 341 τῆς
822 307 882 333 δια-

95 355 167 386 νοίας
186 362 248 389 μου.
267 353 362 380 Ταῦτα
375 353 525 385 ἀκούσασα,
544 353 657 387 ἐξῆλθεν
676 352 881 388 τεταραγμένη.

96 401 149 427 Kal
161 400 198 432 ὡς
210 397 293 435 ἦλθεν
306 399 347 430 είς
358 398 407 434 τὴν
420 399 507 432 πόλιν,
519 399 572 426 ἀπὸ
587 399 675 434 λύπης
687 398 766 425 ἔϐαλε
781 399 882 433 πυρέτ-

96 455 159 473 τειν.
173 446 228 472 Καὶ
242 445 383 481 ἀνηγγέλη
396 444 435 480 τῷ
448 445 539 480 πάπᾳ,
564 445 605 471 ὃτι
623 444 742 472 ἀσθενεῖ.
765 444 821 471 Kal
835 443 880 470 ἑλ-

96 492 148 518 θὼν
163 492 231 526 πρὸς
251 490 350 526 αὐτὴν,
365 490 516 524 παρεκάλει
531 489 627 524 μαθεῖν
640 489 666 516 τί
682 490 767 519 ἐστιν,
782 488 796 514 ὃ
812 489 880 523 ἔχει.

100 538 130 564 Ἦ
143 537 171 564 δὲ
181 535 260 563 εἶπεν
276 535 366 570 αὐτῷ·
380 534 444 562 Εἴθε
456 535 493 570 μὴ
507 535 652 570 ἀπήντησα
665 532 716 561 ὧδε
729 543 736 551 ·
750 533 814 560 εἶπα
827 533 880 569 γὰρ

95 583 132 617 τῷ
146 583 274 617 γέροντι·
300 581 464 616 Μνημονευέ
490 589 560 615 μου·
578 580 626 606 καὶ
654 579 716 606 εἱπέ
741 588 806 615 μοι,
839 579 881 605 ὃτι

96 627 216 661 Εὕχομαι
233 625 272 661 τῷ
285 625 355 660 Θεῷ,
374 625 417 651 Eva
432 623 578 659 ἐξαλειφθῇ
592 623 624 649 τὺ
640 622 814 658 μνημόσυνόν
833 630 880 648 σου

97 673 127 698 ὲκ
151 672 202 706 τῆς
220 670 342 702 διανοίας
368 678 430 705 μου.
447 669 502 696 Kal
524 669 578 696 ἰδοὺ
593 668 649 702 ἐγὼ
663 667 827 702 ἀποθνήσκω
848 667 881 692 ὲκ

95 717 141 752 τῆς
159 716 258 750 λύπης.
279 715 335 742 Kal
351 715 427 749 λέγει
447 715 516 750 αὐτῇ
537 715 551 741 ὁ
570 713 795 749 ἀρχιεπίσκοπος.
823 712 880 738 Οὐκ

94 761 165 793 οἶδας
177 762 219 788 ὅτι
236 761 305 796 γυνὴ
320 758 356 793 εἴ,
370 761 416 787 καὶ
430 759 444 786 ὁ
458 759 554 794 ἐχθρὸς
565 758 687 789 διάὸολος
704 757 749 784 διὰ
762 757 817 783 τῶν
829 765 878 790 γυ-

95 807 194 834 ναικῶν
209 807 323 842 πολεμεῖ
346 806 410 837 τοὺς
425 805 537 839 ἁγίους;
557 804 612 831 Καὶ
629 803 673 830 διὰ
683 802 764 830 τοῦτο
776 799 852 828 εἷπεν
865 802 880 828 ὁ

94 853 182 889 γέρων
192 861 200 868 ·
224 853 289 887 περὶ
303 852 356 887 γὰρ
370 853 419 887 τῆς
432 851 520 887 ψυχῆς
534 859 580 877 σου
599 850 708 885 εὔχεται
721 848 878 880 διαπαντός.

94 900 148 926 Καὶ
160 898 247 930 οὕτως
258 897 430 933 ἐθεραπεύθη
442 898 456 923 ὁ
467 896 596 931 λογισμὸς
611 895 706 930 αὐτῆς,
718 895 766 921 καὶ
775 893 881 928 ἀπῆλθε

96 945 164 979 μετὰ
177 944 267 978 χαρᾶς
286 944 327 975 είς
346 944 380 969 τὰ
396 942 460 970 ἴδια.
486 942 519 968 Ἦ
537 942 587 977 μὲν
600 939 647 968 οὖν
667 940 778 977 ἡσυχία,
801 940 880 976 καὶὴ

94 990 246 1024 ἀπάντησις
259 989 372 1024 τοιαύτη
385 988 433 1015 τοῦ
457 987 610 1022 Ἀρσενίου.

392 1044 519 1072 ΚΕΦΑΛ.
540 1043 577 1070 B’.

934 259 1014 286 habe.
1039 260 1092 292 Qui
1110 260 1288 295 respondens,
1306 261 1375 288 dixit
1393 261 1450 288 illi:
1473 261 1565 290 Orabo
1579 262 1676 296 Deum,
1692 269 1723 292 ut

932 306 1064 333 memoria
1090 307 1128 333 tui
1162 306 1284 333 deleatur
1298 315 1331 334 ex
1350 308 1442 334 animo
1471 315 1542 335 meo.
1571 308 1633 337 llaec
1658 318 1720 338 cum

931 351 1073 383 audiisset,
1089 352 1174 378 exivit
1188 353 1362 379 conturbata.
1385 353 1474 387 Atque
1489 359 1517 380 ut
1532 355 1657 388 pervenit
1686 356 1721 383 ad

932 395 1083 428 civitatem,
1106 404 1161 430 prae
1186 397 1294 424 tristitia
1318 398 1345 424 in
1372 397 1469 425 febrim
1487 398 1603 426 incidit:
1620 407 1721 427 renun-

933 440 1088 475 tiatumque
1110 447 1151 469 est
1166 450 1242 477 papa:
1254 442 1320 478 (6i),
1334 444 1405 478 quod
1418 449 1580 479 argrotaret;
1599 446 1646 480 qui
1659 453 1720 473 eam

931 487 1075 520 accedens,
1097 488 1209 522 rogabat
1242 489 1385 517 certiorem
1401 498 1430 517 se
1445 491 1530 523 reddi,
1552 499 1608 526 quo
1626 492 1722 520 morbo

934 531 1081 559 laboraret.
1123 533 1246 568 Subjecit
1268 534 1336 562 illa:
1367 534 1474 562 Utinam
1504 544 1643 571 nunquam
1668 537 1722 565 huc

930 578 1084 605 venissem!
1099 579 1155 606 dixi
1170 581 1270 607 etenim
1288 580 1352 607 Seni
1367 590 1375 610 ;
1391 581 1550 608 Memoriam
1567 582 1620 609 mei
1639 582 1720 616 habe,

931 627 958 650 et
972 624 1113 658 respondit
1127 634 1134 651 :
1158 624 1247 652 Orabo
1267 625 1364 659 Deum,
1379 631 1408 653 ut
1429 627 1560 654 memoria
1577 628 1614 654 tui
1629 627 1720 655 delea-

929 672 974 695 tur
1005 676 1040 695 ex
1065 669 1156 696 animo
1177 677 1247 697 meo.
1272 669 1306 697 Et
1327 678 1389 698 ecce
1402 672 1503 698 morior
1517 679 1567 707 ego
1586 679 1641 706 pra;
1670 673 1720 699 tri-

929 713 1016 746 stitia,
1034 713 1152 741 Rursum
1178 715 1426 750 archiepiscopus:
1456 716 1513 744 Non
1536 718 1619 750 nosti,
1647 718 1719 752 quod

929 759 1029 786 mulier
1057 759 1106 791 sis,
1127 763 1154 786 et
1176 760 1248 794 quod
1275 761 1363 788 hostis
1387 762 1513 790 diabolus
1527 770 1575 801 per
1589 763 1719 791 mulieres

930 804 1069 839 impugnet
1099 806 1227 833 sanctos!
1246 806 1331 840 quue
1353 807 1414 834 ideo
1429 807 1498 835 dixit
1517 808 1605 836 Senex
1624 817 1631 835 :
1654 817 1718 836 nam

929 856 979 884 pro
1003 850 1095 877 anima
1118 855 1163 877 tua
1176 851 1287 878 assidue
1311 857 1381 878 orat.
1396 852 1430 879 Et
1451 853 1492 880 sic
1506 861 1584 880 mens
1601 853 1661 888 ejus
1677 861 1719 881 re-

932 899 1022 922 creata
1038 900 1097 930 est;
1112 901 1138 923 et
1153 904 1215 924 cum
1231 897 1330 932 gaudio
1345 898 1469 926 discessit
1483 898 1515 925 ad
1528 899 1637 933 propria
1648 899 1716 934 (62).

932 937 966 968 Et
1002 941 1065 969 talis
1097 942 1207 977 quidem
1239 943 1346 971 Arsenii
1373 951 1497 971 secessus
1523 949 1551 972 et
1579 952 1712 973 occursus

931 986 994 1014 fuit.

1239 1043 1353 1073 CAPUT
1372 1045 1405 1073 ll.

104 1103 209 1131 Donum
224 1101 353 1129 orationis
367 1104 392 1128 et
407 1102 601 1136 Iacrymarum;
619 1099 726 1138 vigilite,
747 1099 915 1138 documenta,
936 1099 1013 1138 labor
1026 1107 1175 1138 summumi
1195 1102 1379 1137 mortiﬁcatio,
1398 1106 1559 1138 paupertas;
1574 1103 1719 1138 discipulo-

572 1143 632 1161 rum
647 1135 780 1168 dimiuio,
795 1139 820 1161 et
841 1134 986 1168 advitiuio;
999 1136 1097 1162 reditus
1111 1136 1138 1162 in
1153 1135 1248 1164 Troen.

130 1199 174 1231 ιγ’.
190 1195 282 1230 Εὺχῆς
297 1193 326 1220 δὲ
341 1194 388 1221 καὶ
401 1192 650 1228 ταπεινοφροσύνης
664 1192 757 1227 χάρισι
773 1192 815 1224 τίς
831 1191 874 1219 οὔ·

93 1252 147 1274 τως
165 1241 354 1276 ὲκεκόσμητο;
382 1239 438 1266 Καί
464 1247 507 1270 τις
532 1239 582 1274 μὲν
608 1239 713 1274 μάρτυς
734 1240 748 1265 ὸ
766 1238 880 1272 ἁδελφὸς

94 1290 208 1320 nam,
223 1288 237 1313 ὁ
254 1285 418 1322 παραϐαλὼν
429 1286 457 1311 ὲν
471 1285 510 1320 τῷ
527 1284 625 1318 κελλίῳ
639 1284 687 1310 τοῦ
702 1284 839 1320 γέροντος,
850 1284 880 1316 ὃς

94 1333 222 1370 προσχὼν
238 1333 282 1359 διὰ
293 1333 342 1367 τῆς
355 1331 463 1367 θυρίδος
482 1331 566 1363 ἐνδον;
585 1330 684 1364 θεωρεῖ
704 1330 750 1356 τὸν
765 1329 882 1364 γέροντα

94 1381 154 1407 ελον
170 1379 208 1410 ὼς
222 1377 287 1413 πῦρ.
304 1375 357 1404 Ἦν
373 1377 419 1403 καὶ
434 1376 510 1409 ἄξιος
521 1377 535 1402 ὁ
548 1375 661 1409 ἀδελφὸς
674 1375 721 1401 τοῦ
738 1375 809 1402 ἰδεῖν.
827 1375 882 1402 Kal

94 1426 132 1457 ὡς
147 1425 288 1460 ἔκρουσεν,
306 1423 418 1458 ἐξῆλθεν
441 1423 456 1448 ὁ
473 1422 562 1457 γέρων
574 1429 581 1437 '
599 1422 645 1448 καὶ
668 1420 730 1448 ἰδὼν
744 1421 790 1447 τὸν
807 1420 883 1447 ἁδελ-

94 1471 145 1505 φὸν
174 1469 322 1505 ἕκθαμὸον,
347 1468 422 1503 λέγει
447 1467 536 1503 αὐτῷ’
567 1467 661 1502 Ἔχεις
685 1466 786 1501 πολλὴν
806 1465 882 1501 ὤραν

963 1191 1010 1220 l5.
1029 1192 1089 1220 lam
1101 1201 1166 1221 vero
1178 1194 1240 1229 quis
1254 1195 1386 1224 orationis
1394 1200 1421 1223 et
1433 1196 1596 1224 humilitatis
1608 1196 1718 1225 dotibus

932 1237 1059 1265 ornatior
1076 1238 1122 1265 illo
1151 1239 1275 1267 exslitit?
1295 1240 1380 1275 Cujus
1404 1241 1513 1275 quidem
1532 1242 1569 1268 rei
1585 1243 1662 1269 testis
1676 1246 1719 1269 est

931 1282 1014 1310 frater
1042 1283 1097 1315 ille,
1115 1284 1161 1318 qui
1182 1284 1216 1312 ad
1241 1285 1337 1313 cellam
1364 1285 1439 1314 senis
1458 1286 1609 1321 digressus,
1625 1291 1652 1315 et
1666 1287 1718 1314 ob-

933 1334 1045 1355 servans
1059 1335 1108 1362 per
1121 1328 1268 1357 fenestram
1284 1337 1325 1362 ea,
1343 1338 1405 1365 qua:
1427 1331 1528 1358 ﬁebant
1547 1331 1634 1362 intus,
1645 1331 1719 1360 videt

933 1379 1024 1399 senem
1049 1376 1148 1405 totum,
1175 1373 1255 1408 quasi
1282 1374 1372 1409 ignem
1402 1375 1441 1410 (et
1466 1382 1533 1403 sane
1547 1376 1647 1411 dignus
1659 1381 1719 1404 erat

932 1415 1017 1444 frater
1039 1418 1090 1445 ista
1103 1418 1217 1453 videre).
1245 1419 1334 1447 Simul
1349 1424 1432 1454 atque
1444 1421 1468 1448 is
1482 1421 1611 1455 pulsavit,
1626 1429 1720 1457 egres-

933 1470 979 1490 sus
991 1467 1033 1491 est
1046 1471 1140 1495 senex,
1156 1465 1307 1500 vidensque
1327 1465 1439 1493 fratrem
1458 1471 1570 1500 stupore
1585 1466 1718 1499 deﬁxum,

94 1515 220 1552 κρούωνς
244 1515 290 1551 Μή
311 1514 338 1540 τί
355 1521 421 1540 ποτε
436 1512 506 1545 εἶδες
528 1509 596 1546 ὦδε;
616 1512 672 1539 Kal
689 1510 780 1538 εἶπεν·
802 1511 880 1546 Οὐχί.

934 1509 996 1536 dicit
1009 1510 1035 1536 ei
1053 1518 1060 1536 :
1079 1509 1120 1536 An
1137 1517 1152 1536 a
1174 1510 1261 1537 multo
1287 1515 1407 1545 tempore
1433 1511 1565 1546 pulsasti?
1584 1511 1719 1540 Numnam

94 1562 150 1589 Kal
174 1561 296 1596 λαλήσας
315 1559 399 1594 αὐτῷ,
413 1559 558 1586 ἀπέλυσεν.
587 1558 636 1589 Τὶς
652 1558 681 1584 δὲ
697 1559 711 1584 ὁ
728 1556 822 1589 εἰπὼν,
842 1557 882 1583 ὅτι

93 1607 190 1642 ὥσπερ
209 1605 296 1636 οὐδεὶς
315 1604 363 1631 τοῦ
386 1604 517 1631 παλατίου
540 1604 633 1639 ἐφόρει
657 1603 781 1638 βελτίονα
799 1602 882 1629 αὑτοῦ

93 1652 197 1687 ἐσθῆτα
221 1651 251 1677 ὲν
272 1651 327 1681 τοῖς
343 1649 489 1685 βασιλείοις
503 1649 615 1683 διάγων,
632 1649 717 1679 οὕτως
730 1648 791 1675 οὐδὲ
807 1649 835 1674 ἐν
849 1649 882 1683 τῇ

94 1697 228 1733 ἐκκλησίᾳ
248 1697 298 1732 τῆς
322 1695 447 1731 Σκητεως
462 1694 680 1730 προσερχόμενος
691 1692 884 1726 εὐτελεστέραν

93 1742 178 1770 αὐτοῦ
192 1742 273 1773 ἄλλος
288 1741 433 1776 ὲιρόρησεν.
450 1740 516 1766 Ὅτε
529 1739 577 1765 καὶ
590 1738 669 1773 ἐδόθη
685 1737 751 1764 ποτὲ
764 1738 804 1769 εἰς
816 1737 884 1771 Σκῆ-

92 1797 136 1815 Δειν
151 1788 222 1823 πρὸς
238 1787 316 1820 ὀλίγα
333 1786 450 1821 ἰσχάδια,
467 1785 515 1812 καὶ
533 1784 570 1816 ὡς
587 1783 670 1819 μηδὲν
687 1783 751 1810 ὅντα
764 1783 815 1810 οὐκ
829 1784 883 1809 ὰπ-

93 1833 214 1860 ἐστειλεν
230 1832 270 1868 τῷ
289 1831 431 1867 ’Δρσενίῳ,
445 1831 482 1861 ὡς
495 1830 539 1857 ῐνα
556 1829 593 1865 μὴ
611 1828 690 1864 ὕϐριν
706 1828 790 1865 πάθῃ.
808 1828 838 1855 '0
854 1829 883 1855 δὲ

92 1880 184 1915 γέρων
201 1878 338 1910 ἀκούσας,
355 1877 405 1903 οὐκ
419 1873 500 1911 ἦλθεν
515 1876 555 1906 είς
570 1874 621 1910 τὴν
635 1874 755 1907 σύναξιν,
776 1873 863 1907 λέγων
873 1881 881 1889 ο

99 1922 266 1958 Ἠφορίσατέ
284 1930 329 1956 μοι
344 1920 391 1947 τοῦ
414 1919 451 1955 μὴ
464 1918 556 1945 δοῦναί
576 1926 621 1953 μοι
632 1917 683 1952 τὴν
697 1917 832 1951 εὐλογίαν,
849 1917 882 1951 ἠν

92 1967 218 2002 ἐπεμψεν
228 1968 242 1994 ὁ
255 1966 321 1997 Θεὸς
332 1967 388 1997 τοῖς
407 1964 541 1999 ἀδελφοῖς,
559 1964 592 1999 ἢν
607 1963 658 1989 οὐκ
671 1963 730 1998 εἰμὶ
744 1963 818 1995 ἄξιος
834 1962 882 1988 λα-

91 2014 162 2040 ϐεῖν.
179 2013 234 2039 Καὶ
248 2013 368 2048 ἦκουσαν
382 2011 492 2041 πάντες,
509 2008 557 2035 καὶ
577 2007 759 2043 ὠφελήθησαν
781 2007 821 2038 εις
832 2007 883 2042 τὴν

90 2059 259 2085 ταπείνωσιν
287 2057 333 2083 τοῦ
362 2056 501 2091 γέροντος.
534 2054 590 2081 Kal
615 2052 741 2080 ἀπελθὼν
771 2053 786 2079 ὁ
816 2061 883 2088 πρε-

91 2103 227 2138 σϐύτερος
253 2102 357 2136 ἤγαγεν
380 2101 462 2128 αὑτὸν
483 2100 522 2131 είς
542 2099 592 2134 τὴν
614 2097 724 2130 σύναξιν
743 2097 812 2133 μετὰ
831 2106 882 2133 χα-

91 2149 155 2185 ρᾶς-

127 2236 172 2263 ιδν.
190 2234 228 2262 Τδ
241 2234 270 2261 δὲ
288 2234 421 2270 διερωτᾷν
436 2234 528 2266 αὐτὸν,
546 2234 594 2261 καὶ
609 2234 646 2270 μὴ
667 2235 781 2269 στοιχεῖν
795 2234 826 2260 ἐν
844 2233 882 2269 τῷ

93 2282 155 2316 ἰδίῳ
171 2280 277 2316 σκοπῷ,
293 2281 323 2306 οὐ
337 2279 529 2311 ταπεινώσεως
540 2281 638 2314 ἑργονς
654 2280 756 2316 καίπερ
771 2280 883 2314 γνώσει,

91 2327 143 2354 καὶ
157 2326 269 2353 συνέσει
288 2326 335 2352 καὶ
349 2326 430 2361 σοφίᾳ
445 2325 690 2360 κατηγλαῖσμένος.
702 2325 798 2353 Τοίνυν
815 2335 883 2353 πυν-

91 2373 247 2407 θανόμενον
261 2371 341 2398 αὐτόν
354 2371 418 2398 ποτέ
429 2380 490 2398 τινα
501 2371 651 2405 Αίγύπτιον
663 2371 728 2406 περὶ
741 2372 795 2399 τῶν
811 2371 884 2399 ίδίων

90 2417 246 2452 Αογισμῶν,
271 2416 334 2443 ἰδὼν
355 2416 437 2443 αὑτὸν
455 2416 548 2452 ἕτερος
567 2416 621 2443 τῶν
637 2416 770 2451 ἀδελφῶν,
788 2414 882 2444 εἶπεν

95 2463 189 2491 ’Δὸδᾶ
208 2463 342 2498 Ἀρσένιε,
363 2462 422 2495 πῶς
444 2462 579 2497 τοσαύτην
600 2462 741 2490 παίδευσιν
765 2463 884 2498 Ῥωμαῖ-

933 1554 1035 1588 aliquid
1052 1554 1096 1581 hic
1112 1555 1224 1582 vidisti?
1245 1554 1297 1588 Qui
1312 1556 1380 1582 dixit
1396 1565 1403 1583 :
1419 1555 1610 1591 Nequaquam.
1624 1557 1657 1585 Et
1675 1557 1719 1592 ip-

932 1607 993 1626 sum
1018 1599 1163 1632 allocutus,
1192 1600 1300 1628 dimisit
1324 1601 1445 1635 (63-64).
1473 1602 1537 1630 Fuit
1564 1604 1611 1637 qui
1639 1603 1719 1636 dixit,

932 1644 1015 1679 quod,
1030 1644 1102 1671 sicut
1116 1651 1196 1671 nemo
1210 1644 1238 1672 in
1257 1646 1357 1680 palatio
1373 1650 1491 1681 gestaret
1507 1647 1719 1681 splendidiorem

932 1693 1047 1723 vestem,
1064 1697 1147 1724 quam
1163 1690 1233 1725 ipse.
1252 1691 1363 1726 quando
1377 1692 1492 1726 degebat
1507 1694 1534 1720 in
1556 1693 1616 1720 aula
1637 1693 1720 1728 impe-

932 1736 1048 1769 ratoris;
1062 1736 1102 1763 sic
1117 1744 1199 1764 nemo
1215 1745 1271 1772 pra:
1294 1738 1353 1772 ipso
1370 1738 1441 1766 alius
1458 1739 1570 1774 gestarit
1583 1739 1719 1772 viliorem,

931 1785 1074 1816 postquam
1085 1782 1118 1809 ad
1135 1786 1236 1809 coetum
1258 1781 1379 1810 Si'eticos
1394 1783 1557 1811 accessisset
1569 1784 1625 1819 (65)
1649 1785 1719 1812 Cum

931 1826 1077 1861 aliquando
1091 1827 1118 1853 in
1133 1826 1206 1854 Sceti
1223 1827 1345 1861 pauculae
1359 1828 1456 1855 caricae
1472 1827 1714 1864 distribuerentur;

931 1879 978 1899 eas
1006 1876 1136 1906 tanquam
1162 1879 1206 1899 res
1230 1872 1309 1899 nihili
1332 1873 1447 1900 Arsenio
1462 1880 1514 1900 non
1531 1873 1672 1906 miserunt,
1690 1878 1720 1901 ut

932 1924 966 1944 ne
994 1917 1093 1951 injuria
1116 1917 1278 1944 afﬁceretur.
1297 1917 1357 1950 Quo
1386 1918 1491 1951 audito,
1519 1926 1574 1945 non
1598 1919 1672 1946 venit
1685 1919 1720 1947 ad

931 1963 1073 1990 collectam
1105 1970 1198 1996 senex,
1226 1963 1342 1990 dicens:
1370 1962 1540 1998 Segregastis
1570 1971 1633 1996 me,
1663 1971 1719 1992 non

932 2007 1022 2035 dando
1041 2008 1106 2034 mihi
1131 2008 1267 2042 eulogiam
1285 2007 1352 2042 (66),
1379 2015 1460 2042 quam
1481 2008 1557 2035 misit
1571 2007 1644 2035 Deus
1660 2008 1718 2036 fra-

932 2052 1040 2086 tribus;
1061 2059 1142 2086 quam
1159 2059 1214 2079 non
1231 2059 1291 2079 sum
1311 2052 1412 2086 dignus
1426 2052 1562 2086 accipere.
1578 2052 1610 2080 Et
1627 2053 1720 2080 audiec

932 2102 998 2125 runt
1014 2105 1119 2129 omnes,
1134 2096 1316 2131 aedificatique
1337 2101 1401 2125 sunt
1422 2097 1449 2124 in
1465 2097 1621 2124 humilitate
1633 2099 1719 2127 senis.

932 2143 967 2171 Et
986 2143 1080 2171 abiens
1095 2142 1237 2178 presbyter
1251 2142 1309 2179 (67)
1322 2143 1401 2170 duxit
1420 2143 1509 2179 ipsum
1526 2143 1560 2170 ad
1576 2144 1719 2172 collectam

897 2188 919 2216 Ι)
932 2197 995 2217 cum
1008 2189 1117 2224 gaudio.

970 2234 1014 2261 M.
1034 2235 1075 2262 Ad
1099 2235 1167 2268 hac,
1199 2235 1272 2270 quod
1304 2235 1483 2270 interrogaret
1509 2235 1587 2269 alios,
1614 2243 1720 2271 suoque

930 2279 1091 2314 neutiquam
1105 2279 1241 2307 arbitratu
1253 2279 1426 2314 procederet,
1446 2287 1537 2307 nonne
1555 2280 1719 2308 humilitatis

934 2329 975 2352 est
988 2324 1079 2359 opus?
1099 2324 1208 2352 tametsi
1224 2325 1332 2356 notitia,
1350 2324 1527 2359 intelligentia
1541 2331 1574 2351 ac
1585 2324 1719 2359 sapientia

934 2369 1130 2398 ornatissimus
1143 2369 1223 2397 foret.
1252 2369 1319 2396 Dum
1346 2369 1440 2404 itaque
1458 2369 1578 2403 quodam
1597 2374 1720 2404 tempore

934 2415 1093 2451 Egyptium
1125 2415 1244 2451 aliquem
1275 2419 1483 2449 percontaretur
1494 2415 1528 2442 de
1550 2415 1721 2450 cogitationi—

933 2461 985 2490 bus
997 2461 1068 2494 suis,
1082 2461 1152 2490 alius
1164 2461 1275 2497 quidam
1290 2462 1406 2489 fratrum
1428 2461 1518 2496 ipsum
1531 2462 1719 2497 conspicatus,

853 2528 972 2557 ΝΟΤιΕ.

127 2587 191 2622 (6|)
209 2586 257 2622 Τῷ
267 2585 407 2622 πάπαζιιο
416 2591 530 2614 vocatus
540 2586 591 2622 fuit
599 2586 754 2622 patriarcha
765 2587 883 2622 Alexan-

90 2621 204 2650 drinus.
225 2621 331 2649 Videsis
352 2621 517 2648 Glossarium
537 2621 658 2649 ercum
680 2622 787 2656 Cangii.
802 2621 883 2649 Cote-

91 2657 143 2685 ler.
167 2657 252 2692 habet
270 2656 454 2692 tqiqtaxapltp
473 2656 595 2691 Θεοφίλῳ
610 2657 649 2692 τῷ
664 2656 880 2692 ἀρχιεπισκόπῳ.

129 2691 206 2727 (62)“
223 2690 275 2718 Vit.
294 2690 364 2727 'PP,
379 2690 447 2727 _lib.:
463 2698 505 2724 ut,
527 2690 589 2726 pag;
611 2690 727 2727 ρᾚίὲι
746 2691 831 2719 libell.
852 2690 881 2725 2,

92 2725 175 2754 num.
191 2725 207 2751 'l
222 2735 234 2761 :7
246 2725 491 2761 etrapud_Coteler.
507 2725 574 2761 pagi
586 2726 648 2753 560.

128 2760 240 2796 (eset)
262 2759 319 2796 vit,
335 2759 394 2787 PP.
416 2760 464 2788 lib.
479 2759 609 2793 v,’libell.
631 2761 674 2795 ιδ,
692 2768 769 2788 num.
786 2760 879 2794 l,Co-

94 2795 175 2823 leler.
192 2802 253 2830 pag.
272 2795 335 2830 566.

130 2803 368 2869 ῗέὲῖᾝιῗῗῖίρ.
385 2828 512 2869 lib.__n_i,
536 2838 598 2866 pag.
624 2830 686 2865 506,
715 2830 800 2859 libell.
828 2831 878 2865 is,

93 2873 175 2894 num.
189 2865 217 2900 6,
229 2864 346 2894 Coteler.
363 2872 423 2901 pag.
438 2865 499 2892 555.

972 2588 1029 2624 (66)
1049 2588 1192 2623 Εὑλογίαν.
1207 2587 1257 2615 llic
1267 2586 1386 2623 intellige
1396 2585 1720 2624 edulium__hencdict_ione

936 2621 1088 2652 sacerdotis
1112 2621 1313 2656 consecratum,
1332 2621 1404 2657 quod
1429 2627 1490 2656 post
1515 2621 1611 2648 Missas
1637 2622 1719 2649 alicui

935 2658 1000 2686 dare
1027 2659 1069 2686 vel
1093 2659 1290 2689 transmittere,
1308 2656 1367 2684 erat
1386 2657 1493 2690 signum
1515 2656 1719 2684 communionis

934 2698 961 2720 et
975 2693 1130 2734 charitatis,
1146 2693 1184 2720 uti
1201 2692 1304 2720 videsis
1318 2692 1390 2727 apud
1406 2691 1586 2726 Rosweydum
1599 2690 1627 2718 in
1643 2690 1719 2719 Ono-

933 2734 1057 2755 manica.

969 2763 1025 2798 (67)
1045 2762 1162 2798 Coteler:
1179 2769 1241 2798 pag.
1256 2761 1312 2798 356
1326 2761 1423 2798 additu:
1443 2770 1452 2787 ι
1469 2760 1580 2798 (larices
1597 2760 1624 2798 gi
1638 2760 1718 2798 detu-

932 2793 979 2831 liti
994 2807 1003 2822 ι
1014 2793 1041 2824 'et
1057 2797 1109 2824 Vit.
1121 2793 1236 2824 PPilib.
1249 2804 1276 2831 v,
1286 2796 1369 2825 libell.
1383 2795 1428 2830 55,
1440 2803 1516 2823 num.
1527 2795 1561 2823 8:
1574 2805 1583 2822 ι
1595 2793 1718 2823 Portavit

931 2833 956 2860 ei
972 2832 1006 2861 de
1018 2832 1117 2860 caricis
1135 2831 1199 2859 iHis.
1214 2841 1223 2858 ι
