1924 3077
220 149 275 181 863

219 205 287 233 dixit
301 213 308 232 :
336 202 411 230 Abba
435 203 543 236 Arscni,
563 203 702 238 quomodo
716 206 756 236 tu,
775 202 823 236 qui
839 205 914 228 tanta
929 201 1003 228 vales
1019 205 1040 229 Α

219 251 373 279 eruditione
388 251 509 277 Romana
532 258 563 277 ac
575 250 680 282 Graeca,
697 253 832 284 agrestem
848 249 929 276 istum
946 256 1003 283 per-

220 297 344 325 contaris
370 297 403 323 de
428 297 481 323 tuis
495 295 727 330 cogitationibus?
744 295 794 322 Cui
811 294 905 321 beatus
924 302 931 319 :
947 293 1002 320 Bo-

221 351 329 371 Inanam
351 342 461 378 quidem
479 347 506 368 et
519 342 639 369 Graecam
661 342 832 376 disciplinam
847 340 903 376 (68)
919 340 981 374 novi
995 349 1002 373 ;

220 389 395 423 alphabetum
416 396 480 415 vero
492 388 576 422 hujus
598 389 712 423 agrestis
732 387 846 414 necdum
860 387 953 414 didici.
973 386 1005 413 Et

219 443 283 461 vero
295 435 422 468 quidnam
437 440 548 461 sanctus
561 434 698 469 signiﬁcat
718 433 769 461 hac
787 433 833 460 re?
847 432 934 466 Quod,
953 432 1005 460 nisi

219 481 280 514 quis
296 489 343 515 per
368 488 458 507 veram
484 481 662 507 humilitatem
687 485 749 507 ante
765 479 857 507 omnia
877 479 1004 514 alphabe-

220 531 276 552 tum
292 526 388 556 diseat.
405 526 431 552 in
447 526 574 553 secundis
594 534 698 560 poni-ns
720 531 849 560 tanquam
868 525 893 552 in
913 532 1006 552 acces-

218 570 294 597 sorio
320 577 427 596 omnem
452 570 618 597 mundanam
644 570 827 604 sapientiam,
856 569 963 597 etiamsi
979 569 1004 596 in

219 616 292 643 omni
313 616 477 643 exercitatus
496 616 578 643 fuerit
593 616 748 650 disciplina,
768 623 861 642 revera
886 615 963 642 rudis
978 619 1006 642 et

219 660 424 688 indoctissimus
440 661 485 688 sit.
503 661 601 688 lterum
618 662 709 695 itaque
731 661 907 695 interrogavit
920 668 982 688 eum
997 670 1003 688 :

217 706 361 739 Quomodo
375 715 422 734 nos
435 714 467 734 ex
480 711 553 734 tanta
567 707 719 734 eruditione
730 711 757 734 et
780 707 923 741 sapientia,
939 706 1006 734 nihil

219 751 308 787 [boni]
326 751 478 785 habemus;
507 751 626 787 [Egyptii
647 757 735 778 autem
757 751 800 778 isti
818 755 906 779 tantas
918 751 1006 786 possi-

218 798 283 824 dent
302 798 436 825 virtutes?
466 798 621 832 Respondet
659 797 790 825 Arscnins
807 806 813 823 ε
838 796 893 824 Nos
913 804 946 823 ex
962 804 1007 824 sa—

219 843 319 878 pientia
351 844 444 870 mundi
473 843 540 870 nihil
575 844 731 871 habemus:
756 848 797 870 ast
833 843 869 870 illi
888 842 1005 878 (Egyptii

218 893 245 915 et
267 889 356 916 idiota:
382 897 416 916 ex
445 889 505 917 suis
529 889 668 917 laboribus
698 893 892 923 compararunt
922 890 1007 916 virtu-

218 936 258 960 tes
271 933 339 967 (69).

255 978 299 1006 l5.
318 978 418 1005 Praeter
439 978 630 1010 humilitatem,
653 986 756 1013 pernox
771 979 852 1006 etiam
867 983 926 1006 erat
940 987 1005 1007 san-

218 1029 290 1055 ctus,
307 1028 428 1051 sam-tam
440 1024 543 1059 jugiter
557 1024 707 1059 lacrymam
723 1031 801 1052 suam
816 1024 984 1059 profundens
997 1033 1004 1051 :

218 1069 293 1096 omni
318 1069 418 1103 quippe
438 1073 559 1104 tempore
587 1069 650 1096 vitae
663 1076 732 1102 sum,
746 1077 802 1105 quo
819 1070 852 1097 ad
866 1077 935 1104 opus
947 1077 1007 1097 ma-

219 1122 305 1141 nuum
320 1115 441 1146 sedebat,
458 1122 579 1148 pannum
597 1116 725 1150 gestabat
749 1116 775 1142 in
792 1116 854 1143 sinu
871 1115 1007 1151 laeryma-

219 1169 279 1189 rum
293 1169 388 1194 causa,
405 1168 437 1188 ex
451 1161 541 1189 oculis
561 1161 621 1196 ejus
635 1162 791 1189 cadentium
810 1162 878 1197 (70).
893 1163 934 1190 Ad
949 1163 1006 1191 haec

220 1207 308 1234 inerat
320 1207 370 1241 ipsi
391 1207 545 1242 vigiliarum
563 1210 650 1242 gratia
676 1215 759 1242 supra
776 1216 858 1243 quam
875 1209 928 1235 diei
945 1217 1006 1243 pos-

219 1251 265 1279 sit.
282 1251 434 1286 Aliquando
452 1251 534 1286 igitur
548 1252 654 1279 vocavit
669 1252 727 1288 (7i)
742 1253 868 1280 abbatem
885 1253 1006 1280 Alexan-

219 1297 298 1324 drum
326 1304 359 1324 ac
385 1296 502 1330 Zoilum,
530 1297 683 1331 discipulos
714 1305 790 1330 suos.
808 1306 893 1333 seque
918 1299 1006 1333 ipsum

220 1341 377 1375 humiliaus,
395 1342 484 1369 dixit:
507 1341 733 1377 Quandoquidem
756 1343 894 1371 daemones
917 1343 1006 1378 impn-

219 1392 303 1422 gnant
316 1394 368 1420 me,
393 1395 426 1415 ac
442 1387 536 1415 nescio
548 1395 582 1414 an
602 1388 630 1415 in
647 1395 745 1416 somno
759 1389 827 1416 mihi
838 1389 1005 1424 subrepant;

220 1438 326 1459 noctem
344 1432 415 1460 hanc
442 1433 551 1467 vigilate
576 1440 696 1464 mecum,
716 1438 744 1461 et
766 1434 922 1467 observate,
941 1443 1006 1462 num

220 1477 247 1504 in
261 1470 402 1512 pervigilio
412 1477 567 1505 dormitem.
585 1478 669 1512 Igitur
682 1485 697 1504 a
716 1478 870 1512 vespertino
887 1481 1008 1511 tempore

219 1522 350 1549 sederunt
375 1521 466 1555 taciti,
486 1530 556 1549 unus
571 1530 586 1549 a
607 1523 710 1550 dextris
734 1523 818 1556 illius.
830 1523 899 1551 alter
912 1531 928 1551 a
941 1524 1007 1551 siui-
1021 1538 1042 1567 α

219 1566 284 1594 stris
300 1576 306 1593 :
337 1571 363 1594 et
382 1567 450 1594 dixit
472 1572 602 1602 uterque:
624 1567 681 1595 Nos
695 1569 886 1601 dormivimus,
901 1573 929 1596 et
943 1576 1007 1596 sur-

219 1613 352 1645 reximus,
382 1621 470 1648 neque
498 1614 642 1642 sensimus
659 1622 722 1642 eum
750 1615 912 1642 nictantem.
929 1615 1008 1643 Mane

221 1662 311 1684 autem
326 1657 409 1690 (Dens
426 1658 501 1685 novit
517 1664 606 1685 utrum
623 1660 681 1693 ipse
695 1659 843 1692 simularit,
858 1667 913 1694 quo
933 1665 1008 1694 puta-

220 1710 322 1735 remus,
333 1703 422 1737 ipsum
429 1703 640 1736 dormituriisse,
649 1712 698 1732 seu
708 1712 741 1731 an
751 1705 883 1733 naturalis
893 1713 1007 1733 somnus

219 1755 284 1775 vere
308 1748 333 1774 ei
352 1748 516 1782 obrepserit)
537 1754 578 1776 ter
596 1749 680 1782 llavit,
699 1757 731 1777 ac
748 1758 810 1777 mox
824 1751 953 1783 surrexit,
967 1751 1007 1778 di-

218 1800 307 1820 cens:
334 1792 511 1820 Dormilurivi
535 1795 606 1821 enim
636 1802 710 1822 vero.
741 1795 773 1822 Et
795 1798 1005 1831 respondimus:

219 1837 276 1865 Nos
291 1840 439 1865 nescimus.
455 1838 589 1866 Caeterum
605 1844 713 1867 noctem
727 1840 784 1875 (72)
799 1845 885 1868 totam
903 1843 1006 1870 transi-

219 1883 300 1917 gebat
328 1883 392 1918 vigil
406 1892 413 1916 ;
438 1888 466 1911 et
481 1885 597 1919 quando
612 1893 702 1919 mane,
718 1891 814 1914 natura
829 1887 865 1914 ita
882 1893 1005 1922 cogente,

221 1927 345 1954 veniebat
366 1927 545 1960 dormiturus,
567 1929 674 1957 dicebat
700 1937 797 1958 somno
818 1939 825 1958 :
855 1931 1005 1966 Adesdum,

219 1979 298 2000 serve
311 1980 428 2007 nequam
442 1981 449 2006 ;
465 1974 581 2008 adjuva;
598 1975 744 2010 somnique
769 1976 882 2010 paulum
911 1985 1006 2013 carpe-

221 2018 277 2050 bat,
293 2018 403 2050 sedens,
413 2024 441 2046 et
451 2019 542 2046 statim
558 2020 770 2055 expergeﬂebat.
783 2020 903 2056 Vespere
915 2028 1006 2050 autent

221 2062 414 2096 Sabbatoruln,
437 2067 580 2098 postquam
593 2065 648 2099 ('15)
667 2065 840 2094 illucescebat
854 2067 1005 2100 Dominica,

220 2107 378 2135 demittebat
406 2108 490 2135 solem
521 2114 581 2143 pest
610 2117 650 2142 se,
675 2115 703 2137 et
726 2112 889 2139 extendebat
908 2119 1006 2140 manus

220 2159 285 2179 suas
301 2152 326 2178 in
339 2153 441 2179 coelum
456 2160 550 2185 orans,
566 2154 654 2181 donec
669 2155 766 2183 iterum
783 2156 824 2183 sol
837 2156 934 2184 faciem
945 2157 1006 2192 ejus

824 147 854 176 S.
874 144 1071 176 TIIEODORI
1097 143 1269 174 STUDlT/E

1023 873 1044 901 B

1793 143 1846 175 864

1054 198 1104 234 κὴν
1119 199 1166 225 καὶ
1184 197 1345 234 Ἑλληνικὴν
1366 199 1559 234 ἐπιστάμενος,
1574 198 1668 226 τοῦτον
1682 198 1730 225 τὸν
1750 199 1846 234 ἀγροῖ-

1054 253 1101 271 κον
1116 244 1181 279 περὶ
1192 244 1247 270 τῶν
1269 244 1324 271 σῶν
1338 245 1443 280 ἐρωτᾷς
1453 244 1592 279 λογισμῶν
1602 253 1610 278 ;
1622 245 1677 271 Kctl
1687 245 1701 270 ό
1713 245 1847 280 μακάριος

1054 289 1105 324 ἔφη
1118 297 1126 305 ’
1141 290 1198 325 Τὴν
1215 290 1263 324 μὲν
1284 290 1443 326 Ῥωμαϊκὴν
1457 289 1507 316 καὶ
1528 290 1690 326 Ἑλληνικὴν
1705 290 1848 316 παίδευσιν

1054 333 1179 369 ίσταμαι,
1191 333 1237 360 τὸν
1249 334 1277 360 δὲ
1289 334 1444 369 ἁλφάϐητον
1454 333 1502 360 τοῦ
1517 334 1647 369 ἀγροίκου
1661 334 1758 360 τούτου
1771 333 1849 360 οὔπω

1056 378 1214 413 μεμάθηκα.
1230 378 1263 404 Τί
1294 378 1369 413 δηλοί
1399 379 1414 405 ό
1430 378 1506 412 ἅγιος
1535 379 1563 405 ὲν
1587 378 1691 413 τούτῳ;
1711 378 1772 405 Ὀτι
1796 379 1849 405 κᾶν

1055 425 1145 450 πᾶσαν
1166 423 1306 450 παίδευσιν
1369 432 1412 456 τις
1428 424 1599 460 ἐξησκηκὼς,
1619 425 1657 460 μὴ
1671 425 1721 459 τὴν
1740 424 1785 451 διὰ
1798 433 1848 452 τα-

1055 469 1210 502 πεινώσεως
1229 469 1346 505 ἀληθοῦς
1358 470 1517 505 ἀλφάόητον
1533 471 1562 497 ἐν
1576 470 1695 506 πρώτοις
1712 471 1805 505 μάθοι,
1819 472 1849 496 ἐν

1059 514 1178 550 δευτέρῳ
1193 515 1279 545 τιθεὶς
1289 515 1327 547 ὼς
1337 517 1366 542 ἐν
1381 516 1513 551 παρέργῳ
1529 517 1620 543 πᾶσαν
1636 516 1733 550 σοφίαν
1750 525 1849 551 κοσμι-

1055 559 1117 595 κὴν,
1131 560 1293 592 ἀπαίδευτός
1309 562 1368 588 ἐστι
1382 561 1421 596 τῷ
1434 561 1501 593 ὄντι,
1515 562 1561 589 καὶ
1575 562 1774 597 ἀμαθέστατος.
1792 562 1849 589 Πά-

1055 605 1098 632 λιν
1114 603 1160 632 οὗν
1173 606 1351 641 ἐπηρώτησεν
1362 607 1454 634 αὐτόν·
1473 607 1535 639 Πῶς
1546 608 1627 642 ἡμετς
1642 607 1695 634 ἀπὸ
1711 607 1849 643 τοσαύτης

1056 651 1222 684 παιδεύσεως
1250 653 1298 679 καὶ
1322 653 1420 687 σοφίας
1444 653 1520 680 οὐδὲν
1544 653 1663 689 ἔχομεν,
1677 650 1751 681 οὗτοι
1769 654 1799 680 δὲ
1822 655 1847 680 ot

1055 697 1199 730 Αἰγύπτιοι
1213 698 1347 730 τοσαύτας
1362 697 1462 733 ἀρετὰς
1475 698 1621 733 κέκτηνται
1633 708 1640 732 ;
1652 699 1735 733 Λέγει
1746 699 1822 734 αὐτῷ
1834 701 1848 726 ὁ

1062 742 1216 778 Ἀρσὲνιος-
1238 743 1335 778 Ἡμεῖς
1351 744 1405 770 ἀπὸ
1420 744 1470 778 τῆς
1490 744 1536 770 τοῦ
1554 745 1657 779 κόσμου
1676 745 1849 776 παιδεύσεως

1056 783 1133 815 οὐδὲν
1147 788 1246 823 ἔχομεν
1256 797 1263 804 ·
1280 786 1354 816 οὗτοι
1367 789 1395 816 δὲ
1408 790 1434 816 οί
1451 790 1596 824 Αἰγύπτιοι
1612 791 1661 817 καὶ
1673 790 1779 818 ἰδιῶται
1794 791 1849 818 ἀπὸ

1059 832 1132 860 [δίων
1147 834 1240 860 κόπων
1254 834 1405 868 ἐκτήσαντο
1420 835 1469 866 τὰς
1481 835 1591 871 ἀρετάς.

1093 975 1135 1002 ιε’.
1152 975 1223 1009 Πρὸς
1245 975 1274 1002 δὲ
1294 975 1342 1012 τὴν
1357 978 1621 1013 ταπεινοφροσύνην,
1638 978 1684 1005 καὶ
1698 978 1850 1005 εὖκατάνυ-

1057 1029 1120 1053 κτος
1140 1019 1175 1056 ἦν
1191 1022 1205 1048 ὁ
1219 1021 1306 1055 ἅγιος,
1320 1022 1446 1057 προχέων
1469 1022 1590 1055 ἀεννὰως
1604 1023 1636 1050 τὸ
1650 1024 1723 1059 ἱερὸν
1741 1024 1849 1050 ἐκείνου

1055 1065 1174 1100 δάκρυον
1186 1074 1192 1080 ·
1208 1065 1270 1092 ὅλον
1285 1066 1341 1101 γὰρ
1360 1066 1406 1092 τὸν
1417 1067 1512 1102 χρόνον
1530 1067 1580 1102 τῆς
1593 1067 1667 1102 ζωῆς
1681 1067 1766 1095 αὐτοῦ
1783 1068 1850 1096 καθ-

1056 1111 1185 1146 εζόμενος
1198 1112 1239 1143 εις
1253 1111 1284 1139 τὸ
1298 1112 1456 1147 ἐρχόμενον,
1471 1114 1553 1148 ῥάκος
1569 1111 1643 1149 εῖχεν
1658 1115 1687 1140 ἒν
1698 1114 1738 1149 τῷ
1752 1115 1848 1149 κόλπῳ

1056 1156 1136 1192 χάριν
1149 1156 1204 1183 τῶν
1217 1157 1354 1193 δακρύων,
1366 1158 1421 1185 τῶν
1433 1159 1589 1186 πιπτόντων
1610 1159 1664 1186 ἀπὸ
1676 1159 1733 1186 τῶν
1751 1160 1851 1194 ὀφθαλ-

1059 1202 1117 1236 μῶν
1129 1202 1223 1230 αὑτοῦ.
1245 1203 1355 1239 Προσῆν
1371 1204 1399 1230 δὲ
1414 1204 1490 1239 αὐτῷ
1511 1205 1558 1232 καὶ
1577 1205 1608 1232 τδ
1622 1206 1673 1241 τῆς
1693 1206 1850 1241 ἀγρυπνίας

1057 1249 1181 1283 χάρισμα
1199 1249 1357 1283 ὑπερφυῶς.
1375 1249 1443 1276 ῐιοτὲ
1464 1249 1511 1277 οὖν
1533 1250 1646 1277 ἐκάλεσε
1658 1252 1703 1277 τόν
1715 1260 1746 1278 τε
1762 1252 1851 1279 ἀὸϐἇν

1064 1293 1236 1328 Ἀλέξανδρον
1256 1296 1302 1321 καὶ
1324 1295 1435 1327 Ζὼῖλον,
1453 1296 1517 1328 τοὺς
1541 1297 1666 1331 μαθητὰς
1686 1297 1783 1330 αὑτοῦ,
1801 1298 1851 1324 καὶ

1057 1339 1194 1366 ταπεινῶν
1210 1340 1318 1373 ἑαυτὸν,
1331 1340 1459 1376 εἴρηκεν·
1483 1342 1594 1378 Ἐπειδὴ
1609 1343 1633 1370 οἱ
1651 1343 1780 1378 δαίμονες
1799 1353 1851 1371 πο-

1057 1384 1170 1419 λεμοῦσί
1185 1394 1231 1420 με,
1244 1387 1291 1412 καὶ
1307 1387 1358 1413 οὐκ
1380 1384 1440 1414 οἶδα
1456 1388 1480 1414 εἰ
1495 1388 1641 1415 κλέπτουσι
1658 1398 1691 1424 με
1707 1390 1737 1416 ἐν
1758 1390 1849 1426 ὕπνῳ,

1057 1430 1107 1465 τὴν
1117 1430 1200 1457 νύκτα
1212 1431 1313 1466 ταύτην
1325 1432 1475 1459 κοπιάσατε
1488 1434 1547 1468 μετ’
1559 1433 1639 1467 ἐμοῦ,
1649 1435 1697 1461 καὶ
1712 1436 1853 1470 τηρήσατέ

1059 1484 1104 1511 με,
1119 1478 1144 1502 εἰ
1156 1476 1279 1509 νυστάξω
1293 1477 1323 1504 ἐν
1337 1479 1370 1514 τῇ
1387 1478 1538 1514 ἀγρυπνίᾳ.
1552 1479 1608 1506 Kal
1621 1480 1752 1507 ἐκάθισαν
1769 1478 1811 1513 εἷς
1820 1483 1854 1508 ὲκ

1057 1520 1152 1553 δεξιῶν
1165 1521 1259 1555 αὐτοῦ,
1275 1523 1323 1549 καὶ
1340 1520 1384 1555 εἷς
1402 1524 1432 1557 ἐξ
1453 1524 1602 1559 εὐωνύμων
1621 1525 1704 1553 αὑτοῦ
1726 1526 1782 1553 ἀπὸ
1801 1527 1853 1561 ὀψὲ

1058 1566 1266 1602 σιωπήσαντες,
1293 1568 1341 1595 καὶ
1373 1567 1449 1597 εἶπον
1473 1570 1645 1606 ἀμφότεροι,
1674 1572 1716 1598 ὅτι
1755 1572 1853 1607 Ἡμεῖς

1057 1612 1261 1649 ἑκοιμήθημεν,
1287 1614 1335 1640 καὶ
1355 1615 1521 1652 ἁνέστημεν,
1538 1617 1587 1643 καὶ
1604 1617 1655 1644 οὐκ
1674 1617 1854 1654 ῂσθάνθημεν

1056 1657 1138 1684 αὑτὸν
1157 1659 1339 1692 νυστάξαντα,
1359 1661 1405 1687 καὶ
1419 1661 1467 1688 ἔπὶ
1477 1661 1517 1696 τῷ
1532 1662 1615 1697 πρωῒ,
1632 1663 1647 1689 ὁ
1659 1663 1726 1694 Θεὸς
1743 1661 1815 1690 οἶδεν
1833 1665 1849 1700 ἢ

1056 1702 1098 1728 ὅτι
1112 1703 1158 1737 ἀφ’
1171 1703 1267 1730 ἑαυτοῦ
1290 1704 1428 1740 ἐποίησεν,
1447 1706 1491 1733 ἵνα
1511 1707 1654 1743 νοήσωμεν
1675 1708 1716 1735 ὅτι
1736 1708 1854 1736 ἐνύστα-

1059 1747 1114 1779 εεν,
1128 1747 1145 1782 ἢ
1164 1747 1206 1774 ὅτι
1223 1749 1283 1775 κατ’
1303 1749 1434 1785 ἀλήθειαν
1457 1752 1473 1786 ἡ
1489 1753 1571 1786 φύσις
1594 1753 1642 1780 τοῦ
1657 1753 1743 1781 ὕπνου
1757 1753 1852 1791 ἦλθεν,

1057 1791 1176 1826 ὲκύσηιτε
1203 1793 1278 1827 τρεῖς
1308 1794 1403 1826 πνοὰς,
1431 1795 1478 1822 καὶ
1505 1796 1586 1829 εὐθὺς
1609 1798 1721 1834 ἀνέστη,
1741 1799 1850 1834 λέγων·

1063 1835 1228 1870 Ἐνύσταξα,
1248 1838 1305 1865 ναί.
1321 1840 1378 1866 Kal
1387 1840 1587 1877 ἀπεκρίθημεν·
1607 1842 1701 1878 Ἡμεῖς
1716 1845 1768 1872 οὐκ
1782 1846 1853 1873 οἶδα-

1058 1891 1119 1918 μεν.
1140 1883 1213 1919 Πλὴν
1231 1884 1296 1919 ὅλην
1317 1885 1368 1920 τὴν
1386 1887 1472 1914 νύκτα
1493 1887 1606 1915 διετέλει
1622 1889 1785 1924 ἀγρυπνῶν,
1803 1893 1852 1919 καὶ

1056 1929 1100 1955 ὅτε
1114 1926 1181 1964 ἦλθε
1197 1928 1237 1965 τῷ
1253 1930 1325 1966 τιρωῖ
1338 1931 1382 1958 διὰ
1398 1932 1448 1967 τὴν
1461 1932 1542 1967 φύσιν
1559 1935 1736 1970 καθευδῆσαι,
1755 1937 1852 1972 ἔλεγεν

1055 1973 1094 2008 τῷ
1111 1973 1199 2009 ὕπνῳ’
1225 1975 1321 2010 Δεῦρο,
1345 1977 1414 2004 κακὲ
1424 1978 1512 2012 δοῦλε,
1531 1979 1714 2015 ὑπούργησον·
1736 1983 1783 2009 καὶ
1797 1984 1851 2018 ἢρ-

1056 2020 1124 2052 παξε
1137 2021 1235 2055 μικρὸν
1247 2021 1440 2057 καθεζόμενος,
1453 2025 1501 2051 καὶ
1514 2025 1616 2057 εὐθέως
1628 2027 1766 2062 ἠγείρετο.
1786 2029 1851 2064 Ὀψὲ

1055 2064 1213 2099 Σαὸὁάτων,
1228 2067 1440 2104 ἑπιφωσκούσης
1465 2070 1606 2106 Κυριακῆς
1621 2072 1685 2107 ἦφιε
1708 2072 1755 2100 τὸν
1773 2074 1850 2109 ἥλιον

1055 2110 1144 2137 ὀπίσω
1157 2111 1252 2144 αὐτοῦ,
1276 2112 1324 2138 καὶ
1348 2112 1432 2141 ἔτεινε
1452 2115 1502 2147 τὰς
1526 2117 1620 2151 χεῖρας
1638 2117 1721 2144 αὐτοῦ
1744 2120 1785 2150 είς
1803 2120 1850 2147 τὸν

1054 2157 1169 2192 οὐρανὸν
1192 2158 1347 2193 εὐχόμενος,
1372 2160 1425 2192 ἕως
1450 2158 1481 2188 οὗ
1508 2162 1590 2189 πάλιν
1613 2164 1627 2189 ό
1655 2163 1734 2198 ἥλιος,-
1760 2165 1849 2201 ἐλαμο

219 2197 417 2231 collustraret;
441 2203 469 2226 et
489 2199 538 2232 sic,
556 2200 630 2234 quod
644 2205 703 2229 erat
723 2201 871 2237 reliquum,
887 2203 1004 2230 sedendo

1060 2201 1108 2237 ψεν
1126 2203 1166 2234 είς
1181 2202 1212 2230 τὸ
1226 2203 1374 2239 πρόσωπον
1386 2205 1482 2239 αὐτοῦ,
1501 2207 1549 2234 καὶ
1565 2207 1638 2235 οὕτω
1651 2197 1746 2237 λοιπὸν
1764 2197 1849 2239 ἐκαθ-

219 2243 385 2271 insumebat.

254 2301 300 2328 16.
321 2301 439 2329 Είΐιιιυηι
465 2307 557 2330 autem
585 2303 638 2332 hoc
663 2305 743 2333 beato
765 2310 825 2334 erat
849 2306 1003 2335 lamiliare:

218 2347 294 2381 quod
309 2347 367 2383 (Ἠ)
384 2348 519 2376 sulliceret
530 2351 666 2378 monacho
679 2359 727 2386 per
734 2359 816 2379 unam
832 2353 926 2380 horam
939 2354 1003 2382 dor-

218 2393 298 2424 mire,
314 2393 395 2420 modo
408 2394 505 2429 pugilis
517 2396 540 2422 is
552 2403 652 2424 nomen
667 2402 830 2426 mereretur.
844 2398 883 2427 Ac
893 2400 983 2427 denuo
995 2410 1002 2429 :

218 2437 369 2467 Ilonachus
391 2441 552 2476 peregrinus
567 2442 623 2478 (75)
647 2443 674 2470 in
694 2445 806 2479 regione
824 2445 924 2479 aliena,
936 2447 1003 2476 nulli

1057 2247 1144 2279 έζετο.

1093 2306 1142 2339 ις’.
1159 2307 1253 2343 Φέρων
1263 2308 1292 2335 δὲ
1301 2306 1335 2344 ἦν
1346 2309 1390 2336 διὰ
1405 2309 1531 2346 γλώσσης
1543 2311 1558 2337 6
1578 2311 1714 2348 μακάριος
1725 2313 1848 2341 καὶτοῦ-

1056 2360 1087 2378 το
1098 2359 1105 2367 ·
1118 2352 1159 2379 ὅτι
1171 2353 1287 2388 ἀρκετὸν
1300 2353 1338 2388 τῷ
1351 2355 1470 2390 μοναχῷ,
1484 2355 1528 2382 ενα
1541 2357 1671 2392 κοιμᾶται
1684 2358 1748 2393 μίαν
1760 2359 1847 2396 ὤραν,

1058 2396 1106 2423 δάν
1119 2396 1194 2423 ἐστιν
1209 2397 1374 2433 ἀγωνιστής.
1393 2399 1450 2426 Καὶ
1468 2400 1550 2428 πάλιν
1563 2422 1571 2434 ,
1591 2402 1632 2428 ὄτι
1660 2402 1742 2434 Ξένος
1765 2413 1849 2438 μονα-

1057 2441 1105 2477 χὺς
1117 2442 1159 2475 εἰς
1174 2443 1320 2479 ἀλλοτρίαν
1336 2444 1429 2480 χώραν
1441 2446 1534 2482 Δμηδὲν
1547 2448 1697 2482 μεσαζέτω,
1712 2449 1760 2476 καὶ
1781 2451 1849 2477 ἀνα-

973 2493 1090 2526 NOTAE.

254 2530 312 2569 ges)
336 2531 391 2560 vn.
408 2532 463 2569 pr.
481 2520 528 2569 lib.
541 2540 568 2565 ν,
584 2533 669 2562 libell.
684 2535 729 2569 ιδ,
745 2543 823 2563 num.
836 2536 866 2569 7,
880 2537 1003 2567 addunt:

220 2575 232 2592 ι
246 2566 385 2598 Quantum
398 2567 430 2594 ad
447 2567 589 2595 saxulum.
605 2577 615 2594 ι

253 2601 324 2638 (ίξῼλγ
336 2601 389 2632 Vit,
405 2601 464 2638 PP.
481 2602 529 2629 lib.
548 2610 575 2638 ν,
592 2603 676 2631 libell.
693 2604 737 2638 10,
761 2612 838 2632 num.
855 2605 872 2633 5
892 2614 1005 2636 narrant

217 2643 250 2677 ea
260 2636 535 2677 _d_i.xisse1.abbat_.em
546 2637 705 2677 Evagrium.
718 2636 734 2665 ι’
743 2638 863 2677 Co_teler1
877 2649 939 2677 pag.
953 2643 1005 2670 553

217 2675 245 2697 et
260 2670 335 2698 554:
353 2680 362 2696 ι
377 2670 450 2699 Dixit
468 2672 568 2707 aliquis
589 2670 668 2701 beato
691 2674 808 2702 Arsenio
822 2684 829 2703 :
846 2670 1004 2708 Quovmodo

218 2713 278 2736 nos,
297 2714 306 2730 ι
322 2710 376 2732 etc.

254 2739 311 2775 (70)
338 2740 398 2775 Vit.
413 2739 473 2767 PP.
491 2741 539 2768 lib.
554 2749 580 2773 ν,
597 2743 680 2771 libell.
695 2744 722 2775 5,
739 2752 815 2772 num.
838 2745 863 2772 1.
880 2746 988 2774 Cntcler

254 2739 321 2801 (7οἒ
338 2740 390 2767 γει.
413 2739 473 2767 ΡΡ.
491 2741 539 2768 lib.
554 2749 580 2773 ν,
597 2743 680 2771 libell.
695 2744 722 2784 β,
739 2752 815 2786 num.
838 2745 863 2772 1.
880 2746 988 2774 Cntcler

381 2774 720 2836 εῗξηίιιὲῗῗυιῗιὺηὲὶὲὴωω
743 2787 770 2807 m
794 2779 896 2807 comm.
919 2789 997 2815 pm”.

217 2816 294 2836 num.
311 2811 362 2842 45;
381 2815 409 2838 ct
423 2811 492 2838 inl'ra
510 2819 585 2839 nqu.
599 2813 645 2839 25.
919 2811 924 2815 ’

254 2843 310 2879 (71)
330 2845 392 2873 Haec
407 2854 416 2871 ι
436 2846 559 2873 narravit
582 2847 665 2876 abbas
681 2848 777 2876 Daniel
795 2858 803 2875 ι
830 2850 900 2884 apud
920 2849 998 2878 Cote-

1057 2543 1106 2571 ler.
1123 2551 1184 2572 nam
1201 2545 1264 2572 571.

1092 2551 1289 2617 (Ἱξῗὸἀοῗῇέτ.
1309 2588 1382 2617 ἤρας.
1399 2580 1452 2617 556
1467 2590 1474 2609 :
1489 2590 1500 2607 ι
1515 2581 1622 2612 Retulit
1645 2586 1730 2614 abbas
1750 2586 1848 2617 Daniel

1057 2613 1206 2652 de_abh_ate
1218 2613 1345 2652 Arsenio,
1356 2613 1434 2652 quod
1453 2622 1561 2652 noctem
1580 2624 1676 2652 totam,
1692 2630 1701 2647 ι
1717 2613 1780 2649 etc.
1793 2613 1847 2652 Vit.

1057 2647 1113 2686 ηρ.
1135 2648 1183 2676 lib.
1202 2657 1229 2686 γ,
1246 2647 1378 2683 libell.},
1394 2658 1472 2678 num.
1485 2651 1503 2678 2
1517 2654 1599 2681 etiam
1620 2647 1728 2684 Danicli
1737 2647 1848 2686 3...;

1056 2683 1157 2710 tionem
1178 2684 1211 2710 tri
1218 2684 1314 2711 buunt.

1089 2718 1147 2762 (ΖΞ)
1170 2717 1224 2762 Κὶἷ·
1244 2719 1302 2762 ίῖίῖ·
1313 2720 1397 2762 like.”-
1412 2722 1439 2762 ἐι
1453 2723 1559 2762 ημξπιτέ
1569 2723 1686 2762 CUM";
1701 2733 1766 2762 pat-
1780 2727 1844 2755 556-

1090 2753 1146 2788 (76)
1171 2753 1224 2788 Vit.
1241 2754 1301 2781 PP.
1319 2755 1397 2788 ibid.,
1413 2756 1497 2785 libell.
1516 2758 1561 2788 11).
1574 2766 1650 2786 num.
1665 2759 1691 2786 6.

1088 2787 1226 2826 (75_)_‘_Vit.
1240 2789 1297 2816 PP.
1320 2790 1399 2824 ibid.,
1419 2792 1506 2820 libcll.
1526 2793 1570 2826 11,
1588 2802 1665 2822 num.
1689 2795 1700 2821 l
1723 2796 1843 2825 Coteler.

1052 2828 1113 2857 pag.
1129 2822 1190 2850 555.
