1924 3077
84 147 137 180 865

397 144 538 175 οιιΑΤιΟ
556 143 625 173 ΧΙῐ.
638 154 673 159 --
689 138 879 171 LAUDA'l‘lO

943 136 1100 167 ARSENII
1126 134 1398 165 ANACHORET/E.

1664 133 1716 165 866

86 203 214 231 παύεται.
226 201 283 228 Καὶ
293 200 375 227 πάλιν
385 198 475 226 εἶπεν*
495 198 557 225 Ἐὰν
568 198 615 224 τὸν
625 196 691 223 Θεὸν
702 195 875 231 ζητήσωμεν,

931 199 957 219 se
971 191 1082 225 negotio
1097 189 1216 217 medium
1243 188 1409 222 interponat,
1427 190 1455 214 et
1473 186 1582 222 quietus
1606 187 1668 214 erit.
1685 188 1717 215 Et

85 248 236 283 φανήσεται
253 246 331 280 ἡμῖν,
348 244 395 271 καὶ
413 243 460 270 ἐὰν
474 242 557 269 αὑτὸν
569 241 764 275 κατάσχωμεν,
786 248 873 275 παρα-

87 293 163 328 μένει
177 293 256 327 ἡμῖν.
270 289 420 325 Είργάζετο
441 288 470 315 δὲ
488 287 536 314 καὶ
557 288 618 318 ταῖς
637 286 731 322 χερσὶν
747 287 762 312 ὸ
781 284 876 321 Ἀρσέ-

85 348 151 370 νιος,
172 335 344 370 ἀποστολικῷ
365 335 524 370 καυχήματι
544 332 758 368 σεμνυνόμενος’
776 330 875 357 ἕπλεκε

86 385 140 418 γὰρ
156 383 206 417 τὴν
222 381 327 416 σειρὰν,
342 380 392 407 καὶ
403 380 540 415 ἑρραπτεν
554 378 606 409 ἕως
621 377 694 413 ὥρας
713 377 811 410 ἕκτης·
827 375 876 403 καὶ

85 429 117 455 τὸ
131 428 165 463 δὴ
178 425 345 462 θαυμαστὸν,
366 425 408 451 ὅτι
427 425 451 451 εί
468 423 506 459 μὴ
523 423 598 456 ἅπαξ
619 423 667 449 τοῦ
687 421 812 449 ἐνιαυτοῦ
826 421 877 448 οὐκ

86 473 223 508 ἧλλασσεν
243 471 298 498 τῶν
316 471 400 505 βαῖων
413 470 444 497 τὸ
457 469 541 504 ὕδωρ,
555 469 656 504 μᾶλλον
671 468 700 496 δὲ
715 467 875 502 προσετίθη.

87 518 143 545 Καὶ
157 516 330 551 παρεκάλουν
341 515 424 542 αὐτόν
436 522 507 545 τινες
517 514 572 540 τῶν
585 513 725 548 Πατέρων,
739 512 875 545 λέγοντες·

88 563 138 590 Διά
163 562 190 590 τί
209 563 258 589 οὐκ
273 562 419 592 ἀλλάσσεις
433 560 488 586 τῶν
509 559 593 594 βαῖων
606 559 638 586 τὸ
652 558 723 594 ὕδωρ
736 567 744 592 ;
759 559 799 585 ὅτι
809 558 875 590 ὖζει.

88 608 145 635 Καὶ
155 607 247 640 ἔλεγεν
257 606 349 637 αὐτοῖς
362 613 369 620 ·
394 605 467 631 ’Δντὶ
477 603 531 630 τῶν
546 603 728 638 θυμιαμάτων
740 603 753 622 ⁸
765 601 878 628 καὶτῶν

90 652 195 688 μύρων,
213 648 250 678 ὢν
266 650 413 685 ἀπήλαυσα
424 650 454 676 ὲν
470 648 509 684 τῷ
520 649 626 683 κόσμῳ,
639 648 717 683 χρεία
731 646 878 675 ἀπολαύειν

91 706 125 733 με
134 698 184 732 τῆς
196 696 328 728 δυσωδίας
338 695 440 730 ταύτης
449 703 456 710 ·
468 695 499 722 ού
512 694 550 728 μὴ
561 695 635 729 παρῇ
647 693 733 720 καὶτὸ
746 692 878 728 ἐγκρατὲς

89 744 121 771 ὲν
147 743 188 778 τῷ
209 741 323 777 τοιούτῳ
345 740 449 776 σκοπῷ,
476 740 534 767 ἀλλ’
558 739 718 771 ύωπιάζων
740 739 770 766 τὸ
786 739 878 773 σῶμα,

91 786 274 820 ἐδουλαγὼγει
284 784 391 817 ἑαυτὸν,
402 784 439 816 ὡς
451 784 562 819 ἀριστος
572 783 761 818 πωλοδάμνης,
770 783 879 817 φεύγων

92 833 142 867 μὲν
157 832 204 858 τὸν
218 831 309 867 κόρον,
323 830 362 862 ὡς
376 829 509 865 ὐὸριστὴν
537 829 638 856 πῶλον.
652 828 708 863 Τῆς
724 827 834 863 ὀπώρας
850 827 880 854 δὲ

928 237 1029 264 iterum
1042 235 1129 263 dixit:
1152 234 1180 261 Si
1195 234 1279 261 Deum
1293 234 1348 269 (76)
1364 234 1583 269 quaesiverimus,
1602 242 1718 269 appare-

927 282 968 309 bit
982 281 1062 309 nobis
1077 289 1084 308 :
1107 284 1136 308 et
1159 281 1181 307 si
1198 288 1260 307 eum
1287 280 1464 312 tenuerimus,
1483 280 1653 314 permanebit
1669 287 1719 306 tto-

928 327 1046 356 biscum.
1062 325 1190 354 Manibus
1201 326 1283 353 etiam
1296 325 1428 352 ArSenius
1445 325 1596 357 laborabat,
1615 326 1717 359 gloria-

928 373 1003 401 tione
1035 372 1184 407 apostolica
1221 371 1422 399 condecoratus
1441 371 1598 405 :plectebat
1620 371 1719 406 quippe

928 424 956 446 et
967 419 1119 446 consuebat
1134 425 1222 452 usque
1242 418 1275 444 ad
1293 417 1389 444 lteram
1406 421 1513 444 sextam
1531 426 1538 444 :
1555 423 1636 452 atque
1651 417 1718 444 illud

929 463 1065 496 mirabile,
1083 463 1156 498 quod
1179 470 1234 490 non
1250 467 1368 490 mutaret
1383 470 1482 498 aquam
1500 463 1651 497 palmarum
1666 463 1718 489 nisi

929 509 1013 537 semel
1037 509 1065 535 in
1087 515 1172 541 anno,
1189 507 1235 535 sed
1258 508 1348 542 potius
1371 508 1451 535 aliam
1476 508 1614 542 adjiceret.
1633 509 1720 542 ltoga-

935 554 1057 589 bantque
1080 561 1142 581 eum
1161 553 1270 588 quidam
1285 560 1301 580 θ
1318 553 1453 587 patribus.
1470 553 1589 580 dicentes
1608 562 1614 580 :
1631 553 1721 586 Quare

929 607 986 627 non
996 604 1086 627 mutas
1098 607 1198 634 aquam
1218 599 1392 634 palmarum?
1408 600 1472 633 quia
1496 599 1571 626 fetet.
1594 599 1720 633 Dixitque

931 645 985 673 illis
1002 654 1010 672 :
1034 646 1086 673 Pro
1101 645 1273 678 sullimentis,
1292 649 1319 672 ct
1344 646 1501 680 unguentis,
1514 646 1615 680 quibus
1630 647 1655 672 in
1672 653 1720 673 sm-

931 692 994 719 culo
1016 691 1138 724 fruebar,
1165 696 1273 726 oportet
1298 698 1341 718 me
1366 692 1405 718 uti
1433 691 1486 718 isto
1507 691 1602 718 fetore.
1627 691 1721 726 Neque

931 737 1137 771 temperantiam
1165 736 1191 764 in
1216 737 1266 764 hac
1280 744 1310 764 re
1333 736 1386 764 sibi
1402 737 1570 771 propositam
1593 737 1718 769 habebat,

931 783 979 811 sed
990 783 1127 818 castigans
1142 790 1252 817 corpus,
1266 782 1294 809 in
1309 783 1470 810 servitutem
1487 783 1552 810 illud
1569 783 1656 817 ipsum
1676 791 1719 810 re-

932 828 1052 862 digebat,
1070 833 1198 863 tanquam
1223 829 1345 862 optimus
1365 829 1427 863 equi
1453 829 1593 861 domitor;
1612 829 1719 864 fugit-ns

89 880 183 914 πάντη
198 879 368 914 ἀπεχόμενος
384 876 429 912 ἦν.
442 878 531 904 Μόνον
545 877 584 909 ὡς
599 877 726 912 ἤκουσεν,
739 877 781 903 ὅτι
792 875 879 902 ἐτέλε-

931 875 1095 906 satietatem,
1117 883 1171 902 non
1190 882 1270 901 secus
1284 882 1315 902 ac
1334 875 1494 901 insolentem
1519 875 1631 908 pullum.
1649 875 1719 902 Fru-

90 935 139 953 σεν
154 926 170 945 h
183 925 238 952 πᾶν
250 925 374 960 γέννημα
390 923 512 958 ὀπώρας,
527 923 620 956 ἔλεγεν
633 923 680 957 ἀφ’
696 921 793 948 ἑαυτοῦ
804 930 811 937 ·
826 921 878 948 Φέ-

90 970 155 1006 ρετέ
167 978 214 1005 μοι
224 977 232 985 ·
250 969 297 996 καὶ
306 968 417 1002 ἐγεύετο
432 967 506 1000 ἅπαξ
522 966 577 994 ἀπὸ
590 967 701 994 πάντων
714 966 822 1002 μικρὸν,
835 965 880 992 εὐ-

90 1015 231 1051 χαριστῶν
262 1014 302 1049 τῷ
333 1013 403 1048 Θεῷ.
433 1013 531 1047 Ἔλεγε
561 1013 591 1040 δὲ
619 1013 634 1040 ὁ
664 1012 752 1044 ἀὸὁᾶς
779 1011 879 1047 Δανιὴλ

59 1081 64 1086 .
90 1062 159 1097 περὶ
193 1061 277 1088 αὐτοῦ
288 1080 298 1093 ,
312 1060 354 1087 ἂτι
375 1059 499 1086 Τοσαῦτα
515 1058 563 1093 ἔτη
586 1057 694 1093 ἔμεινεν
712 1058 772 1093 μεθ’
789 1057 878 1092 ἡμῶν,

92 1107 175 1142 μόνον
197 1106 291 1133 θαλλὶν
316 1105 390 1132 σίτου
411 1104 558 1139 ἐποιοῦμεν
575 1102 650 1139 αύτῷ
673 1102 720 1130 τοῦ
742 1102 878 1134 ἐνιαυτοῦ,

91 1152 142 1179 καὶ
160 1153 206 1179 ὅτε
222 1150 413 1188 παρεϐάλομεν
430 1149 498 1185 πρὸς
517 1148 611 1184 αὐτὸν,
633 1149 664 1182 ἐξ
684 1147 767 1176 αὐτοῦ
787 1147 881 1183 holito-

93 1205 154 1232 μεν.

131 1285 175 1316 ιζ’.
200 1283 282 1311 Ἀλλά
299 1283 353 1319 γὰρ
377 1282 426 1310 καὶ
448 1282 581 1318 ἀκτήμων
605 1279 640 1318 ἦν
663 1282 677 1309 ὀ
701 1281 850 1317 ’Δρσένιος,
867 1282 881 1308 ὸ

92 1330 180 1361 ὃντως
194 1330 224 1356 ὲν
238 1329 350 1363 ἀγαθοῖς
362 1327 499 1360 πλούσιος.
514 1327 650 1363 Ἔχρῃζον
663 1325 710 1355 οὖν
720 1327 881 1362 πράγματος

92 1372 149 1404 ἕως
165 1372 224 1403 ὲνὺς
240 1371 332 1397 λικνοῦ
352 1371 374 1404 i,
392 1372 439 1397 καὶ
464 1371 503 1406 μὴ
527 1370 606 1406 ἔχων,
626 1371 709 1398 πόθεν
733 1371 880 1407 ἀγοράσαι,

93 1419 178 1446 ἔλαϐε
200 1418 276 1454 παρά
293 1426 365 1449 τινος
388 1418 510 1454 ἀγάπην,
529 1419 578 1445 καὶ
600 1416 695 1445 εἶπεν·
720 1418 882 1454 Εὐχαριστῶ

94 1473 150 1497 σοι,
166 1463 264 1498 Κύριε,
279 1464 321 1490 ὅτι
334 1464 454 1499 ὴξίωσάς
476 1472 511 1500 με
535 1464 628 1491 λαὸεῖν
652 1464 762 1500 ἀγάπην
784 1465 829 1492 διὰ
851 1464 882 1492 τὸ

94 1509 184 1543 δνομά
201 1517 258 1535 σου.
273 1505 335 1535 Οἷον
350 1508 377 1535 δὲ
391 1509 438 1535 καὶ
451 1508 481 1534 τὸ
495 1508 582 1544 παρὸν
596 1509 730 1541 ἀπαθείας
742 1508 781 1536 ὢν
797 1510 881 1545 ἀκρο-

93 1554 183 1588 τάτης
205 1553 327 1580 λεκτέον.
341 1551 428 1580 *Ηλθε
451 1551 497 1580 οὖν
522 1562 588 1580 ποτε
607 1554 677 1589 πρὸς
697 1554 781 1582 αὑτὸν
801 1563 882 1590 μαγι-

95 1598 235 1634 στριανδς,
247 1598 338 1634 φέρων
352 1598 427 1634 αὑτῷ
439 1599 572 1635 διαθήκην
590 1599 774 1634 συγκλητικοῦ
788 1599 882 1633 αὐτοῦ,

95 1644 126 1676 ὃς
163 1644 312 1671 κατέλιπεν
337 1644 412 1679 αὺτῷ
437 1644 622 1680 κληρονομίαν
647 1645 746 1681 πολλὴν
770 1646 883 1681 σφόδρα.

94 1691 153 1716 Καὶ
164 1690 256 1717 λαϐὼν
279 1690 364 1726 αὐτὴν
383 1690 479 1726 ἤθελεν
491 1692 593 1726 σχίσαι.
612 1691 713 1718 Ἐπεσε
729 1692 758 1718 δὲ
772 1693 786 1719 ό
802 1701 884 1726 μαγι-

97 1735 226 1771 στριανὺς
249 1736 289 1767 εἰς
302 1737 367 1766 τοὺς
387 1736 471 1768 πόδας
484 1736 566 1764 αὑτοῦ
585 1736 673 1771 λέγων
684 1745 692 1752 ·
706 1737 808 1772 Δέομαί
825 1746 884 1771 σου,

97 1780 139 1816 μὴ
154 1780 251 1816 σχίσῃς
267 1779 362 1816 αὐτὴν,
380 1780 419 1816 μὴ
442 1780 598 1817 δεξάμενος.
619 1781 691 1817 Πρὸς
712 1781 816 1814 τούτοις
835 1783 882 1810 καὶ

928 920 1019 948 ctibus
1032 920 1089 955 (77)
1106 920 1220 948 omnino
1239 920 1404 952 abstinebat.
1426 924 1607 956 praeterquam
1634 922 1719 956 quod,

929 965 976 992 ubi
1008 965 1144 996 audierat,
1178 973 1259 993 onme
1282 966 1423 994 fructuum
1448 973 1534 1000 genus
1545 967 1720 1000 maturuisse,

928 1017 962 1038 ex
975 1018 1005 1038 se
1018 1010 1120 1038 diceret
1134 1020 1141 1038 :
1167 1011 1268 1039 Afferte
1292 1012 1370 1039 mihi.
1387 1012 1420 1038 Et
1437 1012 1522 1039 semel
1537 1019 1570 1039 ex
1590 1013 1720 1039 omnibus

929 1056 1067 1084 modicum
1086 1057 1150 1091 quid
1166 1057 1305 1092 gustabat,
1320 1058 1424 1093 gratias
1445 1065 1529 1093 agens
1551 1058 1616 1085 Deo.
1630 1058 1723 1086 Abbas

929 1101 1024 1130 Daniel
1042 1103 1076 1130 de
1087 1102 1147 1137 ipso
1159 1103 1251 1130 retulit
1266 1113 1273 1130 :
1289 1103 1436 1131 Totannos
1450 1104 1551 1132 mansit
1563 1104 1720 1138 nobiscum,

929 1151 958 1174 et
969 1146 1078 1174 unicum
1098 1147 1195 1175 tltallin
1214 1148 1270 1183 (78)
1298 1148 1429 1177 frumenti
1445 1150 1591 1183 quotannis
1604 1149 1655 1184 ipsi
1672 1149 1722 1176 da-

930 1192 1056 1221 bamus:
1096 1197 1123 1221 et
1154 1195 1264 1229 quando
1295 1195 1528 1223 conveniebamus
1560 1196 1661 1230 ipsutu,
1689 1203 1722 1222 ex

930 1238 1025 1265 eodem
1041 1239 1221 1267 comedimus.

968 1284 1013 1311 17.
1030 1283 1064 1311 Εῑ
1081 1292 1146 1312 vero
1174 1292 1332 1320 quanquam
1358 1285 1424 1312 nihil
1450 1285 1579 1314 Arscnins
1597 1286 1723 1321 posside-

931 1329 988 1360 bat,
1010 1337 1074 1357 vere
1095 1332 1184 1358 tamen
1209 1331 1288 1358 bonis
1308 1331 1476 1358 abundabat.
1497 1331 1582 1359 Tanta
1606 1339 1667 1359 cum
1684 1332 1723 1359 la-

931 1375 1040 1402 boraret
1067 1376 1124 1411 (79)
1150 1384 1241 1404 rerum
1267 1376 1370 1411 inopia,
1400 1382 1430 1404 ut
1455 1376 1496 1404 vel
1523 1385 1576 1404 una
1606 1377 1723 1405 interula

931 1422 1003 1450 linea
1016 1423 1073 1457 (80)
1090 1423 1233 1458 indigeret,
1251 1431 1340 1459 neque
1355 1424 1467 1451 haberet
1483 1424 1555 1451 unde
1571 1431 1630 1451 eam
1646 1431 1723 1451 emc-

931 1472 994 1500 ret;
1023 1468 1128 1504 accepit
1157 1469 1192 1496 ab
1211 1469 1303 1504 aliquo
1330 1470 1544 1505 eleemosynam,
1574 1470 1722 1505 dixitque:

931 1512 1040 1541 Gratias
1066 1514 1114 1542 tibi
1138 1522 1199 1549 ago,
1226 1515 1350 1548 Domine,
1377 1515 1449 1550 quod
1480 1515 1608 1549 dignatus
1628 1523 1670 1542 me
1684 1517 1723 1543 sis

931 1559 1103 1594 eleemosyna
1126 1567 1238 1595 propter
1271 1568 1370 1588 nomen
1395 1566 1482 1589 tuum.
1518 1561 1596 1588 Nunc
1631 1566 1723 1588 autem

931 1603 1004 1638 quod
1024 1603 1058 1631 ad
1076 1604 1303 1632 sublimissimam
1330 1605 1414 1632 animi
1428 1613 1444 1633 a
1463 1606 1718 1640 perturbationibus

931 1649 1008 1676 liberi
1029 1649 1224 1684 perfectionem
1252 1651 1416 1686 pervenerit.
1444 1651 1526 1678 modo
1553 1652 1653 1686 pariter
1675 1653 1720 1678 di-

932 1694 1061 1724 cendum.
1082 1695 1162 1723 Venit
1177 1697 1233 1731 (8i)
1252 1697 1285 1724 ad
1305 1704 1368 1724 eum
1385 1697 1534 1732 aliquando
1564 1698 1722 1732 magistria-

933 1747 985 1768 nus
1005 1741 1073 1776 (εξ),
1097 1742 1222 1770 deferens
1245 1743 1269 1770 ei
1294 1747 1489 1770 testamentum
1524 1743 1575 1770 viri
1605 1744 1722 1778 alicujus

937 1787 1068 1822 senatorii
1088 1788 1205 1822 ordinis,
1226 1789 1335 1824 cognati
1349 1789 1422 1823 ejus,
1443 1789 1490 1824 qui
1507 1789 1654 1824 reliquerat
1671 1790 1722 1825 ipsi

714 1837 835 1866 VARUE
861 1839 1066 1871 LECTlONES.

140 1882 154 1902 ε
165 1880 284 1910 Coteler.
300 1863 465 1917 ἀρωμάτων.
502 1881 517 1902 ιι
529 1881 617 1910 Cotel.
633 1863 929 1919 ιπλιέόὲᾖωῆἦῷ

856 1940 974 1970 NOTAE.

134 1983 193 2019 (76)
214 1983 333 2010 Ἔπλεκε
347 1984 402 2019 γάρ
414 1983 463 2019 τὴν
484 1984 587 2019 σειράν.
607 1984 661 2011 Vt't.
676 1983 735 2011 PP.
753 1985 832 2019 ibid.,
848 1986 884 2013 li-

134 1991 193 2019 (Itj)
214 1991 333 2010 ἮπΛεκε
342 1991 402 2046 ἔαρ
414 1991 463 2017 την
484 1991 587 2019 σειραν.
609 1991 661 2011 Vtt.
676 1991 735 2011 PP.
753 1991 832 2019 Ibid.,
849 1991 882 2013 li-

98 2019 165 2046 bell.
190 2018 333 2054 Linum;
377 2027 383 2045 :
402 2028 411 2044 ι
431 2018 558 2046 Faciebat
579 2019 706 2054 plectam.
724 2029 734 2045 ι
765 2020 882 2049 Coteler.

99 2061 165 2090 pag.
188 2053 242 2080 357
256 2061 289 2090 :_t
306 2052 425 2090 Plectam
454 2054 571 2090 texebat.
579 2052 598 2080 ⁷»
618 2053 676 2090 V0}:
693 2054 798 2088 plecla,
824 2063 884 2090 qtue

98 2087 212 2115 videtur
223 2095 238 2123 ιι
253 2087 348 2123 Graeco
361 2087 500 2121 (πλεκτὸν,
516 2088 609 2115 πλέκω
624 2087 724 2123 quippe
735 2087 886 2123 est,necto,

98 2122 232 2159 contexo)
259 2121 371 2148 formari
397 2129 494 2159 posse,
517 2121 639 2150 habente
656 2121 720 2150 sunt
741 2131 756 2150 e
780 2121 887 2159 palma;

99 2157 199 2192 junco,
225 2161 321 2192 sparto
343 2161 389 2183 aut
409 2157 492 2192 simili
514 2164 544 2184 re
566 2162 709 2190 contextae,
735 2165 767 2185 ex
781 2157 888 2192 quibus

99 2190 216 2253 prome,
239 2190 371 2231 canistra,
399 2191 509 2226 aliaque
531 2192 664 2253 ιζέυξιιιοιιί
693 2190 886 2233 conficiuntur.

125 2233 159 2252 as
170 2225 292 2253 Εενοιιι
308 2226 401 2253 σειρὰς
415 2231 524 2253 vouaut.
563 2227 632 2253 dtsus
649 2227 791 2253 Roswuvdt
808 2233 886 2253 notas

125 2233 159 2263 as
170 2225 292 2263 Egyptii
308 2226 401 2263 σειρᾲς
415 2225 791 2263 vocabuﬁdisishoswoydi
808 2233 888 2256 notas

100 2260 129 2287 in
148 2259 343 2296 huncilocum.
353 2259 474 2295 Hispani
487 2261 647 2296 hujusmodi
664 2259 785 2289 haben'as
798 2264 889 2290 nomi-

100 2299 173 2322 nant
205 2294 308 2328 pleytas
316 2313 324 2325 ,
352 2299 379 2321 et
390 2314 399 2327 ,

100 2329 206 2360 scelle,
226 2334 294 2361 etc.,
311 2337 394 2356 seras.
413 2328 482 2357 Vide
497 2335 574 2358 notas
588 2331 727 2358 Ciacconii
741 2332 768 2358 in
781 2333 888 2359 Cassia-

101 2371 185 2399 num,
211 2371 274 2398 pag.
296 2362 358 2390 687.
383 2363 464 2392 Locis
483 2372 566 2399 supra
591 2365 636 2392 hic
661 2365 752 2394 citatis
770 2366 889 2394 refertur

101 2398 211 2425 factum
225 2405 347 2443 praesens
362 2406 396 2425 ex
409 2406 457 2426 ore
475 2398 582 2427 abbatis
596 2399 724 2428 Danielis.

141 2432 197 2443 ΙἿηὶ
234 2431 351 2443 t'\__’____
385 2432 426 2443 IIE.
459 2433 501 2443 nn
530 2434 564 2443 ἰε
576 2435 582 2443 l
626 2434 657 2443 I-L
681 2434 696 2443 II

139 2432 199 2468 (77)
216 2431 361 2468 ΑὈπὼρας.
385 2432 437 2468 Vit.
455 2433 511 2460 PP.
530 2434 606 2466 ibid.,
625 2434 708 2461 libell.
723 2434 751 2466 4,
768 2443 845 2462 ηιιιιι.
860 2436 888 2468 6,

102 2471 131 2494 et
145 2466 271 2504 Coteler.
281 2466 407 2504 1.33.557
422 2472 533 2504 vertunt
546 2476 693 2504 pomorum.
710 2469 823 2497 Factum
837 2466 890 2498 hoc

103 2509 238 2529 narrasse
255 2501 405 2534 Danielem,
424 2501 554 2531 habemus
570 2504 702 2531 indidem.

140 2536 198 2571 (78)
219 2536 319 2562 Θαλλὶν
331 2536 404 2563 σίτου
424 2536 477 2564 Vit.
492 2536 549 2565 PP.
564 2538 630 2565 ibid.
645 2545 720 2565 num.
734 2539 751 2565 4
764 2547 771 2565 :
791 2548 800 2564 ι
816 2537 891 2566 Men-

102 2578 200 2598 suratn
214 2578 326 2605 parvam
343 2572 441 2598 victus.
457 2581 466 2597 ι
484 2571 601 2599 Coteler.
623 2582 632 2598 t
651 2572 739 2599 Unum
754 2573 889 2605 thallittm,

102 2612 264 2641 mensuram
290 2604 430 2633 frumenti.
447 2615 457 2632 ι
483 2607 561 2641 Apud
586 2607 696 2634 Surium
726 2615 801 2634 num.
831 2604 889 2635 18ξ

104 2648 115 2676 ξ
131 2638 271 2676 Thallium
287 2647 294 2666 :
311 2645 418 2674 oportet
434 2638 515 2668 enim.
532 2642 574 2669 bis
596 2643 634 2669 uti
654 2642 750 2676 patriis
774 2643 891 2669 nomini-

99 2674 168 2712 bus.
185 2684 194 2699 Ι
218 2673 345 2712 Mensura
365 2675 457 2712 itaque
476 2677 534 2703 baac
552 2682 610 2703 erat
628 2673 703 2712 apud
718 2676 859 2712 Aigyptios
876 2685 892 2704 ο

102 2708 181 2747 loliis
200 2709 317 2747 palmeis
333 2708 474 2747 confecta;
498 2716 577 2745 prout
593 2708 730 2747 colligitur
750 2708 891 2747 cii-etymo

101 2743 359 2804 ηιῖῗιξιὸῗἏὲἷληὲιο
370 2743 505 2779 Ειιιιιςιιιεξ
524 2750 551 2773 et
562 2743 678 2774 inferius
691 2746 736 2774 hic
747 2743 890 2780 num.'l7;

147 2786 154 2803 I
172 2784 226 2804 V01
241 2784 348 2805 υαλΛια.

144 2811 201 2846 (79)
226 2812 356 2849 νέξ-ξι).
371 2814 420 2843 lib.
435 2823 463 2849 v,
480 2815 563 2843 libell.
582 2815 609 2848 6,
626 2823 702 2843 num.
717 2817 745 2849 '5,
761 2820 789 2844 ct
810 2816 891 2844 Cote-

104 2845 161 2874 ler.
177 2854 241 2882 pag.
258 2847 322 2875 557.

431 2303 493 2335 qua:
520 2291 554 2323 ex
580 2297 617 2335 iis
643 2297 827 2335 coniiciuntur
849 2298 887 2335 _ti-
903 2291 927 2321 D

973 1987 1030 2026 (βοὶ
1049 1988 1141 2026 Λίνον,
1157 1991 1230 2025 quod
1253 1991 1400 2022 substituo,
1426 1991 1497 2018 inter
1517 1991 1570 2019 alia
1589 1991 1724 2026 signiﬁcat

937 2023 1093 2060 carbosum.
1114 2023 1180 2060 Nos:
1192 2033 1253 2052 cum
1274 2026 1410 2053 Cotelerio
1427 2032 1487 2060 pag.
1511 2026 1563 2053 557
1584 2023 1628 2053 ltié
1642 2027 1723 2054 intol-

937 2057 1047 2090 ligimus
1069 2066 1125 2086 rem
1151 2059 1271 2095 allinem.
1296 2060 1347 2087 Vit.
1372 2057 1433 2088 PP.
1456 2057 1512 2087 rem
1533 2061 1610 2095 plane
1632 2062 1724 2089 diver-

938 2099 997 2130 sam
1015 2097 1129 2130 ponunt
1162 2094 1209 2122 lib.
1237 2103 1272 2127 v,
1300 2095 1382 2122 libell.
1408 2095 1443 2128 6,
1468 2094 1545 2122 num.
1571 2096 1634 2122 4n
1650 2095 1725 2130 Opus

939 2126 1041 2165 habuit
1053 2127 1080 2165 in_
1102 2130 1265 2165 necessitate
1279 2137 1328 2156 sua
1344 2126 1478 2165 usquead
1495 2137 1575 2156 unam
1591 2126 1723 2165 siliquam

938 2162 1042 2199 nummi
1054 2162 1099 2197 (de
1113 2171 1167 2198 qua
1181 2164 1301 2199 Cangius
1317 2165 1344 2191 in
1360 2162 1447 2192 Glou.
1462 2163 1536 2199 Lat.)
1548 2169 1574 2191 ιιι
1590 2162 1656 2192 οιιιιῐ
1669 2174 1726 2193 ιιοιι

939 2196 1084 2235 ξιινειιιιςει,
1101 2196 1207 2235 accepit
1223 2196 1462 2235 a‘quodaturt'elut
1479 2196 1693 2235 eleemosynam.
1711 2210 1722 2226 ι

940 2229 1023 2269 Vetus
1038 2229 1279 2269 interpres‘rlegerit
1289 2234 1341 2265 ἕως
1353 2234 1436 2268 νόμου
1448 2233 1518 2265 ἑνός,
1534 2229 1643 2269 quando
1655 2236 1724 2262 scri-

939 2266 994 2299 psit
1019 2275 1028 2291 t
1044 2266 1190 2303 usquead
1205 2266 1288 2295 tinam
1313 2266 1440 2303 siliquam
1467 2266 1581 2295 nummi.
1597 2278 1607 2295 ›
1631 2269 1724 2297 Codex

940 2305 1031 2336 noster
1045 2301 1078 2329 de
1092 2301 1161 2330 Vitis
1176 2302 1288 2330 Patrum
1300 2301 1539 2336 metn'branaceus,
1557 2303 1653 2330 litteris
1671 2312 1722 2330 un-

940 2334 1056 2372 cialibus
1074 2343 1120 2363 seu
1134 2337 1275 2372 quadratis
1294 2337 1364 2365 forte
1386 2346 1401 2365 a
1426 2338 1498 2365 mille
1513 2334 1622 2365 circiter
1642 2339 1723 2366 annis

941 2369 1075 2407 scriptus,
1104 2369 1155 2407 sub
1182 2374 1293 2400 nomine
1321 2372 1432 2399 Caesarii
1458 2380 1522 2407 cp.,
1554 2380 1586 2400 ac
1614 2377 1723 2400 notatus

941 2403 964 2444 0_
979 2404 1029 2444 Ms.
1043 2405 1087 2438 10,
1106 2406 1169 2442 legit
1184 2416 1190 2434 :
1207 2416 1216 2432 ι
1230 2406 1304 2444 Opus
1321 2407 1413 2444 habuit
1427 2408 1454 2434 in
1473 2403 1600 2435 cessitate
1616 2408 1724 2441 (ncces-

942 2440 1032 2476 sitate)
1045 2447 1094 2476 sua
1108 2440 1195 2476 usque
1212 2442 1245 2468 ad
1253 2440 1344 2469 'unant
1362 2443 1490 2476 siliquam
1505 2450 1642 2470 nummos.
1659 2453 1668 2469 ι

978 2473 1105 2510 (81)]ειο
1122 2473 1269 2503 narrantur
1289 2477 1316 2504 in
1340 2476 1391 2504 Vit.
1417 2473 1475 2504 ΡΡ.
1498 2476 1577 2508 ibid.,
1594 2477 1677 2505 libell.
1694 2478 1721 2510 6,

941 2509 1062 2546 nurui},
1072 2514 1111 2546 iet
1122 2511 1193 2544 apud
1205 2511 1322 2538 Coteler.
1338 2519 1401 2546 pag.
1412 2511 1464 2539 562
1477 2518 1510 2538 ex
1527 2520 1575 2539 ore
1592 2509 1721 2539 Danielis.

978 2544 1044 2586 (82L
1053 2544 1479 2586 Maytgﬁpthdgﬂmagistrianus
1498 2546 1540 2586 vel
1550 2547 1721 2586 magisteria-

942 2587 1001 2606 mu.
1024 2580 1109 2606 Erant
1133 2580 1170 2615 illi
1189 2588 1226 2615 ex,
1245 2580 1342 2608 ofﬁcio
1355 2581 1460 2608 militia:
1475 2580 1610 2615 palatinas,
1632 2581 1677 2615 qui
1695 2586 1722 2608 et

942 2618 1046 2650 agentes
1059 2614 1087 2640 in
1106 2614 1192 2650 rebus.
1210 2614 1288 2642 Varia
1310 2616 1343 2642 de
1358 2616 1391 2642 iis
1408 2614 1516 2650 collegit
1538 2614 1722 2650 llosvweytltts

941 2649 969 2676 in
981 2648 1168 2685 Onomastico.
1184 2649 1288 2685 Cangio
1302 2655 1344 2677 est
1357 2648 1612 2685 ofﬁcialisjtagistri
1627 2648 1721 2684 ofﬁcio-

943 2691 1000 2709 rum
1015 2682 1067 2709 :ln
1092 2683 1202 2711 (lodicis
1224 2682 1399 2717 régularuni',
1425 2685 1459 2711 ah
1482 2682 1624 2712 Holitenio
1643 2682 1721 2717 Editi,

941 2722 1019 2752 parte
1035 2725 1065 2749 ιι,
1084 2725 1143 2753 pag.
1165 2719 1228 2751 477,
1253 2719 1428 2750 Grimlaicus,
1452 2719 1521 2746 ideut
1538 2719 1638 2746 factum
1659 2727 1722 2746 nar-

942 2760 1008 2780 rans
1024 2761 1031 2779 τ
1050 2761 1059 2777 ι
1077 2753 1168 2789 Venit,
1183 2754 1282 2789 inquit,
1303 2755 1413 2789 quidam
1431 2755 1521 2787 homo,
1538 2754 1648 2780 nomine
1664 2754 1722 2780 Ma-

943 2789 1086 2822 gistratus,
1102 2797 1112 2813 ι
1137 2788 1319 2824 ineptissime
1333 2796 1439 2823 ponens
1462 2796 1562 2816 nomen
1583 2789 1723 2824 appellati-

942 2830 1006 2850 vum
1020 2830 1070 2857 pro
1086 2823 1196 2851 nomine
1209 2824 1327 2859 proprio.
