1924 3077
216 113 269 144 867

833 111 862 140 S.
876 110 929 140 ΤΗ
935 107 1079 140 EODORI
1100 107 1276 139 STUDITAE

1807 109 1856 142 868

216 169 401 197 hereditatem
417 167 496 195 valde
511 174 638 202 magnam
656 175 664 195 ε
685 171 830 202 postquam
849 167 874 194 id
887 168 1009 202 accepis-

1064 165 1229 200 Βιακριτικὺς
1250 164 1384 200 ὑπῆρχεν,
1395 164 1423 191 ετ
1449 172 1516 191 ποτε
1535 164 1618 200 ἤρετό
1631 173 1684 196 τις.
1701 165 1856 201 Πυθομένου

216 221 269 246 set.
295 215 382 242 voluit
398 214 535 241 scindere.
555 213 676 241 Proeidit
702 217 793 240 autem
817 213 1012 248 magistrianns

216 261 250 288 ad
268 260 351 295 pedes
361 259 433 293 ejus,
446 259 539 285 dicens
550 257 621 285 :Oro
634 263 670 289 te,
682 264 716 285 ne
731 257 842 285 scindas
860 257 927 284 illud
941 257 1011 292 (85),

215 306 238 334 si
262 306 407 333 admittere
430 312 553 332 recusas.
575 303 710 331 Praeterea
728 303 903 331 discernendi
923 302 1012 330 facul-

216 356 272 378 tate
291 351 422 386 pollebat,
437 351 460 378 si
478 350 540 384 quis
559 357 622 377 eum
643 349 832 385 interrogaret.
848 349 1013 376 Sciscitante

215 398 299 432 igitur
316 398 414 424 abbate
431 396 519 423 Marco
535 396 603 431 (84),
622 400 649 423 et
664 396 773 423 dicente
792 404 798 422 :
816 395 894 422 Anne
908 395 1012 422 bonum

215 449 268 474 est,
281 443 400 478 aliquem
418 443 486 469 nihil
505 442 605 469 habere
617 441 705 469 solatii
718 441 745 468 in
753 441 821 468 cella
832 440 894 468 sua?
906 439 1012 467 Etenim

216 489 272 516 vidi
298 488 410 515 fratrem
441 487 542 515 habere
559 494 642 522 parva
668 487 754 519 olera,
779 493 869 521 eaque
883 485 1010 513 evellere.

215 534 267 562 Cui
293 541 399 562 senex:
420 533 532 560 Bonum
553 533 694 560 enimvero
720 537 784 560 est:
808 539 903 559 verum
930 535 1012 566 prout

216 580 338 607 hominis
364 580 448 606 fuerit
473 579 603 606 allectio:
634 578 737 606 etenim
763 579 786 607 si
811 586 866 606 non
884 578 1013 606 habuerit

217 626 302 652 robur
321 625 348 652 in
370 625 418 652 tali
437 625 517 652 modo
538 624 648 660 agendi,
673 625 772 652 iterum
788 625 924 660 plantabit
943 625 1009 652 alia.

217 671 292 698 Alias
322 679 433 698 rursum
477 678 560 698 senex
597 671 668 698 dixit
702 671 795 699 abbati
831 671 1010 699 Alexandro:

217 718 332 751 Quando
361 717 511 745 abscideris
533 717 655 751 palmeos
670 722 732 745 tuos
759 725 850 745 ranms
864 718 931 752 (85),
951 715 1012 745 veni

216 769 249 791 ut
266 771 373 792 mecum
399 763 540 790 comedas.
557 763 649 791 Abbas
665 768 754 791 autem
771 763 926 791 Alexander
940 764 1012 791 lente

217 809 361 837 laborabat
384 816 417 835 ac
444 809 591 835 moderate.
621 809 709 844 thue
723 808 811 836 adfuit
826 814 946 844 tempus,
963 809 1012 836 ha-

1060 208 1108 238 οὖν
1131 210 1180 238 τοῦ
1203 210 1276 237 ἀσὸᾶ
1292 210 1407 245 Μάρκου
1424 210 1472 238 καὶ
1485 211 1630 245 λέγοντος·
1650 211 1743 239 Καλὸν
1765 212 1798 239 τὸ
1823 214 1857 248 μὴ

1062 257 1134 292 ἔχειν
1147 258 1209 284 τινὰ
1222 258 1397 293 παράκλησιν
1412 258 1442 284 ὲν
1455 258 1494 293 τῷ
1510 258 1609 294 κελλίῳ
1623 258 1724 292 αὑτοῢ;
1739 260 1789 286 καὶ
1804 259 1856 295 γὰρ

1062 303 1134 331 εἶδον
1153 303 1269 338 ἀδελφὸν
1288 304 1386 339 ἔχοντα
1405 304 1493 339 μικρὰ
1505 304 1609 340 λάχανα
1630 305 1680 332 καὶ
1695 306 1857 341 ὲκριςοῦντα

1062 350 1144 377 αὐτὰ.
1166 347 1253 377 Εἴπεν
1273 351 1288 377 ὁ
1303 350 1408 385 γέρων·
1421 350 1510 377 Καλὸν
1526 351 1576 385 μέν
1592 352 1684 378 ἐστιν·
1701 351 1771 378 ἀλλὰ
1793 352 1860 388 πρὸς

1061 396 1111 431 τὴν
1123 396 1180 428 ἕξιν
1194 395 1242 422 τοῦ
1253 395 1400 432 ἀνθρώπου
1412 405 1421 412 ·
1435 396 1484 423 ἑὰν
1496 396 1552 431 γὰρ
1566 397 1604 432 μὴ
1619 396 1670 432 ἔχῃ
1689 398 1768 432 ἰσχὺν
1783 398 1812 425 ὲν
1822 399 1859 433 τῷ

1062 441 1176 476 τοιούτῳ
1193 443 1298 477 τρόπῳ,
1315 441 1398 468 πάλιν
1413 442 1524 476 φυτεύει
1539 442 1617 470 ἄλλα.
1634 442 1748 470 Ἀλλοτε
1774 443 1855 470 πάλιν

1063 486 1140 514 εἶπεν
1161 488 1175 514 ὁ
1186 487 1276 522 γέρων
1290 486 1329 522 τῷ
1340 486 1413 522 ἀὸὁᾷ
1427 487 1607 522 ’Δλεξάνδρῳ·
1621 487 1682 514 Ὀτ“
1693 488 1727 514 ἂν
1745 488 1859 523 ἀποσχί-

1063 539 1114 567 σῃς
1129 532 1164 558 τὰ
1177 532 1273 558 θαλλια
1290 538 1297 557 ι
1313 541 1371 564 σου,
1387 531 1467 567 δεῦρο
1482 532 1580 566 γεῦσαι
1595 533 1654 567 μετ’
1669 533 1748 568 ἐμοῦ.
1772 533 1803 560 ὐ
1814 531 1859 560 οὖν

1063 578 1150 609 ὰσϐἄς
1173 578 1349 613 Ἀλέξανδρος
1363 578 1474 613 ὁμαλῶς
1488 579 1633 614 εἰργάζετο
1651 579 1698 606 καὶ
1715 580 1859 612 ἐπιεικῶς,

1063 624 1110 651 καὶ
1123 624 1161 655 ὡς
1178 623 1322 658 γεγόνασιν
1337 624 1355 659 ἠ
1369 623 1439 660 ὥρα,
1450 624 1544 660 ἀκμὴν
1559 622 1616 660 εἶχε
1632 624 1740 658 θαλλια,
1757 626 1807 653 καὶ
1817 626 1860 652 θέ-

1064 670 1118 697 λων
1135 670 1254 706 τηρῆσαι
1269 669 1316 697 τὸν
1331 670 1410 704 λόγον
1432 670 1480 696 τοῦ
1500 670 1638 706 γέροντος,
1651 671 1780 706 ἀνέμεινε
1794 672 1861 707 πλη-

1065 716 1151 751 ρῶσαι
1167 716 1249 743 αὐτά.
1271 715 1302 742 Ὀ
1324 714 1372 743 οὖν
1393 715 1481 747 ἁὸὁᾱς
1503 716 1643 751 Ἀρσένιος
1664 716 1702 748 ὡς
1722 715 1794 744 εἶδεν
1818 718 1859 744 ὅτι

1064 762 1197 797 ἑχρόνισε,
1213 761 1393 796 λογισάμενος
1409 762 1514 797 μήποτε
1532 761 1625 795 ξένους
1641 761 1730 797 ἔσχεν,
1744 762 1860 797 ἐγεύσα-

1063 817 1104 835 το.
1128 807 1157 834 '0
1178 807 1207 834 δὲ
1233 806 1419 842 Ἀλέξανδρος,
1442 807 1480 840 ὡς
1510 807 1642 840 ἐτέλεσεν,
1666 808 1716 843 ὀψὲ
1739 809 1857 843 ἀπῆλθε·

218 856 277 883 buit
291 856 441 882 etiamnum
461 855 583 889 palineos
605 863 718 883 ramos:
736 856 886 891 volensque
900 856 1009 883 obtem-

1064 854 1111 880 καὶ
1126 853 1201 887 λέγει
1218 853 1292 888 αὺτῷ
1310 853 1326 878 ὁ
1348 841 1456 889 γέρωνο
1473 853 1571 885 Ξένους
1584 841 1752 889 ἔσχες-Καὶ
1766 841 1857 889 λέγει·

218 908 315 936 pcrare
334 900 453 928 sermoni
471 900 560 931 Senis,
583 901 732 934 permansit
752 908 839 936 usque
864 901 929 928 dum
951 909 1008 929 rem

221 952 303 974 totam
325 947 497 981 explevisset.
523 947 614 974 Abhas
631 946 722 981 itaque
740 947 874 974 Arsenius
891 951 922 974 ut
943 948 1010 975 vidit

218 999 281 1018 eum
317 998 409 1018 moras
446 990 565 1022 trahere,
599 991 723 1025 cogitans
752 991 776 1018 si
803 991 872 1018 forte
898 992 1011 1019 haberet

218 1037 349 1072 hospites,
365 1036 550 1063 manducavit.
569 1036 620 1064 Ast
645 1036 799 1064 Alexander
820 1036 866 1064 ubi
882 1037 1008 1069 absolvit,

217 1091 330 1118 vespere
353 1083 444 1110 rediit.
467 1083 517 1110 Cui
543 1090 647 1110 senex:
671 1083 713 1109 An
729 1083 850 1118 hospites
869 1083 1012 1111 habuisti?

218 1128 288 1156 Ille:
312 1128 500 1163 Nequaquam,
521 1128 621 1162 inquit.
645 1126 714 1154 Tum
737 1134 842 1154 senex:
869 1126 928 1154 Cur
956 1133 1009 1153 non

217 1174 338 1201 venisti?
359 1173 532 1208 Respondet:
566 1172 636 1205 Quia
663 1172 758 1200 dixisti
786 1172 864 1204 mihi,
893 1171 1009 1205 Quando

217 1218 369 1246 abscideris
385 1222 447 1245 tuos
468 1225 571 1250 ramos,
584 1217 664 1244 veni:
680 1222 708 1244 et
727 1217 877 1245 observans
895 1217 1007 1244 manda-

1063 899 1141 934 Οὐχί.
1158 897 1242 926 Εἶπον
1256 897 1304 926 οὖν
1316 899 1408 934 αὐτῷ·
1423 899 1487 930 Πῶς
1499 899 1549 926 οὐκ
1559 897 1642 935 ἦλθες
1654 908 1661 933 ;
1683 900 1712 927 ’0
1728 900 1758 927 δὲ
1771 901 1856 934 λέγει·

1064 945 1126 971 Ὀτι
1150 943 1228 976 εἶπές
1251 952 1309 980 μοι·
1329 944 1389 971 Ὅτ*
1404 944 1438 972 ἃν
1463 945 1617 981 ἀποσχίσῃς
1636 945 1671 971 τὰ
1689 945 1785 972 θαλλια
1798 955 1857 978 σου,

1063 989 1135 1022 ὲλθὲ,
1150 990 1199 1017 καὶ
1214 990 1307 1025 τηρῶν
1321 998 1368 1016 σου
1387 990 1434 1018 τὸν
1448 989 1538 1024 λόγον,
1554 991 1605 1018 οὐκ
1622 989 1718 1027 ἦλθον,
1735 991 1777 1018 ὅτι
1795 991 1858 1028 ἄρτι

1063 1035 1222 1071 ὲπλήρωσα.
1240 1036 1294 1062 Kal
1316 1035 1473 1071 ἐθαύμαζεν
1495 1037 1510 1062 ὁ
1526 1036 1616 1072 γέρων
1641 1037 1690 1071 τὴν
1711 1037 1875 1073 ἀκρίδειαν”

1066 1079 1160 1113 αὐτοῦ,
1176 1079 1224 1106 καὶ
1235 1079 1310 1114 λέγει
1321 1080 1411 1116 αὑτῷ-
1428 1081 1593 1117 Ταχυτέρως
1607 1082 1737 1115 κατάλυε,
1754 1082 1800 1109 ἶνα
1813 1083 1859 1109 καὶ

1063 1125 1115 1161 τὴν
1135 1125 1246 1159 σύναξίν
1267 1134 1314 1152 σου
1331 1125 1416 1162 βάλῃς
1432 1126 1457 1160 Ιί,
1475 1127 1523 1153 καὶ
1536 1127 1583 1154 τοῦ
1595 1127 1691 1160 ὕδατός
1712 1136 1760 1154 σου
1772 1136 1859 1163 μετα-

1061 1170 1216 1207 λαμϐάνῃς’
1230 1172 1255 1198 εἰ
1271 1171 1301 1198 δὲ
1323 1172 1408 1208 μήγε,
1424 1172 1531 1207 ταχέως
1558 1172 1614 1209 ἔχει
1640 1173 1671 1200 τὸ
1695 1173 1777 1209 σῶμά
1807 1182 1854 1200 σου

1059 1216 1220 1253 ἀσθενῆσαι.

219 1269 276 1291 tum
296 1267 372 1290 tuum
395 1262 500 1298 [citius]
517 1270 571 1290 non
586 1263 649 1291 veni
665 1272 673 1291 ι
693 1263 773 1291 modo
785 1264 859 1291 enim
882 1264 1002 1291 laborem
1022 1264 1167 1299 complevi.
1189 1264 1223 1292 Et
1255 1264 1371 1294 miratus
1404 1270 1447 1294 est
1459 1273 1544 1294 senex
1560 1266 1769 1294 accurationem
1784 1266 1858 1302 eius,

218 1313 247 1337 et
260 1309 326 1336 dicit
349 1308 394 1336 ei:
415 1307 497 1336 Ocius
515 1308 616 1336 diverte
630 1309 699 1344 (86),
712 1316 742 1337 ut
762 1309 877 1345 synaxin
891 1309 948 1345 (87)
960 1308 1108 1344 persolvas,
1136 1315 1164 1338 et
1191 1317 1290 1346 aquam
1303 1315 1377 1338 tuam
1395 1311 1451 1346 (88)
1467 1319 1582 1339 sumas:
1598 1311 1642 1339 sin
1676 1312 1781 1345 minus,
1803 1318 1862 1341 sta-

219 1355 268 1382 tim
281 1362 381 1388 corpus
393 1358 469 1381 tuum
488 1354 589 1382 incidet
601 1355 628 1382 in
643 1355 838 1383 inlirmitatem.

256 1402 300 1429 48.
322 1401 380 1430 Non
423 1402 569 1430 verebatur
606 1401 703 1430 beatus
739 1402 857 1437 quodam
890 1406 1013 1437 tempore

219 1447 358 1476 humiliari
381 1455 472 1475 coram
506 1446 648 1481 discipulis
679 1446 750 1474 suis.
772 1445 841 1474 Dum
865 1446 1013 1481 aliquando

1099 1401 1146 1434 ιη’.
1167 1399 1224 1426 Θὺκ
1245 1399 1331 1426 ἐδεῖτο
1354 1400 1384 1428 δὲ
1397 1401 1595 1430 ταπεινοῦσθαι
1616 1401 1706 1438 καιρῷ
1725 1411 1781 1430 τινι
1803 1403 1863 1434 τοῖς

1063 1445 1160 1472 ἑαυτοῦ
1190 1445 1326 1481 μαθηταῖς
1349 1446 1364 1473 6
1403 1447 1538 1484 μακάριος
1561 1447 1746 1484 καθεζομένου
1774 1448 1863 1475 αὑτοῦ

221 1494 354 1522 resideret
367 1493 394 1520 in
412 1493 588 1520 inferioribus
607 1492 732 1527 partibus
755 1492 784 1513 ί*
800 1496 828 1520 et
837 1492 1010 1525 turbaretur.

1064 1498 1128 1516 ποτε
1151 1490 1182 1517 ὲν
1204 1491 1261 1522 τοῖς
1292 1491 1368 1518 κάτω
1387 1492 1494 1527 μέρεσι,
1510 1495 1558 1519 καὶ
1574 1493 1748 1529 ὀχλουμένου,
1769 1494 1865 1527 ἔδοξεν

220 1538 309 1564 visum
323 1541 364 1564 est
374 1537 398 1564 ei
412 1537 509 1564 cellam
524 1537 698 1575 relinquere;
723 1537 790 1564 nihil
805 1545 838 1565 ex
850 1537 896 1564 illa
916 1544 1009 1565 secum

221 1582 317 1610 ferenti
333 1592 339 1610 :
352 1582 547 1617 profectusque
563 1587 606 1611 est
618 1582 652 1610 ad
665 1582 815 1618 discipulos
827 1590 893 1611 suos
910 1583 1011 1611 Phara-

221 1627 293 1654 nitas
317 1627 500 1654 Alexandrum
523 1634 556 1654 ac
581 1627 700 1655 Zoilum.
721 1627 793 1654 Dixit
811 1635 876 1662 ergo
891 1628 1011 1655 Alexan-

220 1673 289 1700 dro:
310 1673 406 1707 Surge,
422 1678 449 1700 et
465 1672 573 1708 naviga.
589 1672 623 1700 Et
645 1679 748 1700 morem
766 1674 860 1707 gessit.
883 1674 922 1700 Ac
935 1673 1011 1700 Zoilo

220 1717 314 1745 dixit:
336 1716 401 1744 Veni
434 1723 540 1744 mecum
566 1723 653 1751 usque
671 1715 706 1743 ad
731 1716 842 1748 flumen,
868 1721 894 1743 et
919 1723 1012 1750 quaere

221 1762 287 1791 mihi
300 1769 408 1793 navem,
425 1769 484 1796 quae
503 1761 695 1788 Alexandriam
714 1769 809 1789 versus
830 1762 889 1789 vela
912 1761 1008 1789 faciat:

222 1807 316 1841 sicque
331 1810 359 1833 tu
378 1805 412 1833 ad
433 1806 546 1833 fratrem
575 1810 653 1834 tuum
679 1805 786 1840 naviga.
803 1805 896 1834 Zoilus
920 1810 1012 1833 autem

1064 1535 1139 1571 αὺτῷ
1154 1535 1315 1563 καταλιπεῖν
1330 1537 1360 1564 τὸ
1375 1537 1493 1572 κελλίον,
1514 1538 1599 1574 μηδὲν
1613 1538 1644 1571 ἐξ
1656 1539 1740 1566 αὑτοῦ
1757 1539 1863 1566 λαϐὼν.

1064 1582 1119 1608 Καὶ
1135 1581 1273 1618 ἐπορεύθη
1294 1582 1364 1618 πρὸς
1377 1583 1441 1615 τοὺς
1454 1584 1552 1611 ἑαυτοῦ
1567 1584 1705 1620 μαθητὰς,
1723 1585 1790 1618 τοὺς
1809 1587 1865 1613 Φα-

1066 1627 1190 1663 ρανιτας,
1212 1627 1389 1665 Ἀλέξανδρον
1404 1630 1452 1657 καὶ
1467 1629 1579 1657 Ζώῐλον.
1595 1628 1681 1658 Εἶπεν
1697 1628 1747 1658 οὖν
1764 1631 1863 1665 Ἀλεξ-

1065 1674 1170 1709 άνδρῳ·
1189 1674 1316 1707 Ἀνάστα,
1332 1676 1512 1704 ἁνάπλευσον,
1531 1677 1586 1704 Καὶ
1605 1678 1735 1713 εποίησεν
1760 1678 1863 1711 οὕτως.

1065 1720 1120 1747 Καὶ
1134 1720 1174 1756 τῷ
1188 1720 1283 1755 Ζωΐλῳ
1299 1712 1376 1749 εῐτέεν
1386 1729 1395 1739 ⁶
1413 1723 1500 1758 Δεῦρο
1514 1724 1575 1759 μετ’
1588 1724 1656 1760 ἐμοῦ
1675 1712 1730 1756 ἕως
1744 1725 1795 1752 τοῦ
1811 1734 1864 1752 πο-

1063 1766 1162 1801 ταμοῦ,
1173 1767 1221 1794 καὶ
1235 1767 1355 1803 ζήτησον
1370 1777 1415 1804 μοι
1427 1769 1520 1796 πλοῖον
1531 1770 1578 1796 ἐπὶ
1592 1770 1642 1805 τὴν
1651 1771 1865 1807 Ἀλεξάνδρειαν

1066 1811 1211 1840 ἀναπλέον.
1227 1813 1284 1840 Καὶ
1303 1813 1391 1846 οὕτως
1412 1815 1460 1842 καὶ
1484 1815 1518 1842 σὺ
1539 1816 1710 1845 ἁνάπλευσον
1726 1817 1797 1853 πρὸς
1816 1818 1865 1844 τὸν

873 1876 992 1905 VARIIE
1010 1878 1214 1910 LECTIONES.

261 1934 283 1954 ί·
301 1933 354 1961 Vit.
385 1932 445 1960 PP.
477 1931 526 1960 lib.
541 1939 568 1966 v,
583 1931 666 1961 libell.
693 1932 739 1966 l5,
771 1940 847 1961 num.
860 1932 900 1966 -9,
921 1934 1027 1963 addunt
1042 1935 1166 1972 zEgypti.
1207 1944 1215 1964 J
1235 1938 1272 1967 al.
1291 1939 1366 1975 βαΐα.
1404 1940 1418 1961 ιι
1432 1941 1468 1968 al.
1487 1941 1569 1976 ποιῇς
1586 1941 1746 1977 ἀταράχως.

987 1991 1102 2022 ΝΟΤᾸΕ.

255 2048 312 2084 (85)
333 2048 465 2076 Subditur
479 2048 506 2075 in
524 2048 578 2075 Vit.
602 2047 659 2075 PP.
679 2057 688 2074 ι
704 2048 931 2084 ρυῑοίῑηοίᾶειιιι·
942 2048 1010 2076 mihi

219 2089 311 2118 caput.
330 2083 363 2110 Et
377 2083 444 2110 dicit
457 2083 482 2110 ei
500 2084 586 2119 ahhas
598 2084 732 2111 Arsenius
748 2093 754 2111 :
771 2083 828 2118 Ego
842 2085 920 2119 prius
935 2092 1011 2111 mor-

1065 2058 1135 2086 opus
1156 2052 1213 2093 iam
1241 2053 1277 2080 ita
1304 2053 1476 2093 impleverat,
1494 2059 1532 2093 ‘ut
1553 2063 1608 2093 non
1634 2055 1733 2093 fuisset
1754 2058 1866 2093 reditu-

1065 2093 1112 2114 rus
1141 2089 1195 2125 nisi
1222 2093 1367 2125 postquam
1397 2090 1464 2125 illud
1494 2089 1675 2125 implevisset.
1704 2090 1865 2122 Cotelerins

221 2124 284 2146 tuus
301 2126 374 2150 sum,
390 2125 473 2153 quam
492 2118 553 2151 ille;
580 2118 587 2145 i
610 2125 639 2146 se
665 2123 757 2146 autem
779 2118 861 2146 modo
882 2123 1008 2147 mortuus
1063 2128 1127 2157 pag.
1141 2121 1194 2149 559
1207 2118 1378 2151 v'ertit'solue
1395 2118 1541 2159 (addens,.
1560 2125 1606 2153 uid
1621 2126 1646 2152 vi
1663 2118 1740 2154 verbi
1750 2118 1865 2155 ⁷8ὲάλῶ

221 2158 277 2187 est;
296 2154 434 2187 quomodo
456 2160 499 2180 me
516 2126 742 2181 fecitgneredem.
758 2153 792 2182 Et
807 2154 914 2182 remisit
929 2158 1012 2181 testa-
1025 2153 1051 2184 D
1064 2163 1119 2183 non
1142 2157 1317 2187 importatur)
1338 2159 1477 2187 ieiunium.
1496 2133 1584 2187 Adge.
1600 2160 1675 2187 quod
1693 2162 1864 2187 solvendum

217 2158 277 2187 est;
296 2154 499 2193 quomod9__me
516 2153 581 2193 fecit
595 2153 742 2193 haeredein.
758 2153 792 2182 Et
801 2154 914 2193 _remisit
929 2158 1012 2193 testa-
1025 2153 1051 2184 D
1064 2153 1119 2193 inqu
1142 2157 1317 2193 importatur)
1333 2153 1477 2193 jejunium.
1496 2153 1538 2187 Ad

217 2187 360 2221 mentum;
391 2188 459 2224 nihil
486 2188 636 2224 accipiens,
653 2198 663 2214 ›
694 2187 775 2224 (Hunc
801 2188 892 2216 locum
921 2189 1009 2224 tangit

217 2224 383 2285 hiographus
408 2222 479 2263 infra
501 2231 578 2250 num.
600 2223 636 2250 ‘26
658 2223 710 2251 sub
726 2223 828 2258 linem;
851 2227 883 2252 ut
905 2222 1006 2252 mirum

218 2259 255 2285 sit
288 2259 313 2285 ie
331 2260 431 2285 omitti.

218 2261 255 2286 sit
268 2261 313 2285 hic
331 2261 431 2285 omitti.

252 2293 435 2330 (8t)~ldemne
448 2291 627 2330 illeMarcus,
642 2293 690 2328 qui
710 2300 885 2330 supranum.
903 2294 919 2330 7
936 2295 1006 2330 (not.

217 2329 289 2365 45H.
311 2327 348 2356 De
369 2327 832 2365 sancto_homonymo,monacho
855 2329 882 2356 in
901 2327 1006 2363 Scethi.

217 2363 279 2391 cuiu
298 2363 403 2398 cpocha
424 2363 488 2390 anni
513 2363 624 2390 circiter
638 2363 702 2395 400,
721 2368 812 2390 actum
831 2365 875 2391 die
897 2365 914 2392 5
931 2366 1007 2393 Mar-

217 2399 259 2429 tii.
276 2397 337 2433 pag.
356 2397 426 2434 56777;
445 2398 490 2425 ubi
505 2398 576 2434 etde
591 2398 697 2434 duobus
715 2398 777 2427 aliis
797 2406 859 2434 pag.
874 2399 937 2426 568.
949 2400 1007 2428 Cae-

217 2439 306 2468 terum
324 2433 429 2468 resiliic
451 2440 467 2460 a
488 2433 622 2467 scriptore
646 2433 714 2460 Viue
730 2433 874 2468 expressa,
890 2434 1007 2462 habetur

217 2469 255 2512 ini
271 2467 466 2512 l’iitaPﬁhlib.
482 2476 510 2501 v,
527 2468 612 2496 libell.
629 2469 674 2503 10,
697 2467 775 2496 num.
791 2468 825 2502 7;
838 2469 912 2504 apud
926 2470 1007 2498 Cote-

217 2503 267 2532 ler.
283 2511 346 2552 pag.
361 2503 431 2544 _558.
761 2539 768 2546 .
957 2540 963 2546 _
986 2541 992 2547 .

218 2573 237 2579 Π
254 2538 310 2579 (8.))
335 2537 386 2565 Vat.
402 2537 461 2579 P_P.
476 2539 623 2579 palmulas.
641 2538 732 2579 Edita
746 2539 866 2579 simplici
879 2539 895 2566 λ
910 2540 1007 2579 scriint

216 2573 350 2610 Cangius.
364 2574 437 2610 quod
454 2583 463 2600 ε
478 2573 506 2601 in
527 2573 639 2610 Lexico,
656 2574 757 2610 inquit,
772 2573 823 2602 Ms.
836 2575 1004 2607 Nicomedis,

267 2608 366 2650 ’φύλλα
385 2609 440 2635 τῶν
461 2610 602 2644 φοινίκων,
626 2608 702 2636 folia’
710 2609 875 2644 palmarum.
892 2619 902 2635 ι
923 2610 1005 2639 Plura

216 2644 400 2712 ""(§'&~.‘}"v....
415 2677 469 2706 ιιρ.
488 2679 536 2706 lib.
554 2686 581 2711 ν,
604 2679 688 2707 libell.
704 2679 748 2712 H,
769 2688 847 2708 num.
863 2681 876 2708 ι
894 2690 901 2709 :
918 2690 927 2707 ε
942 2681 1005 2709 Dis-

214 2713 328 2749 jungere
341 2713 487 2749 (interpres
503 2715 596 2749 legerit
610 2714 756 2748 καταλύου)
771 2716 806 2743 ab
817 2723 901 2751 opere
914 2720 977 2750 tuo;
992 2726 1002 2743 ι

216 2749 263 2786 s_ed
285 2758 296 2786 ε
311 2749 409 2786 inscite
430 2753 457 2775 et
473 2750 566 2786 alieno
583 2750 663 2786 plane
677 2757 772 2781 sensu,
790 2759 799 2776 ι
817 2751 907 2786 inquit
931 2757 1005 2779 recte

216 2783 370 2819 _Cotelerius
393 2784 420 2810 in
441 2785 512 2811 uotis
526 2783 643 2812 col.’799
657 2793 664 2811 :
678 2785 818 2819 quomodo
832 2783 905 2814 enim
923 2796 932 2812 ι
947 2787 1004 2814 dis—

215 2817 292 2853 jungi
316 2819 350 2846 ab
373 2825 466 2855 opere,
481 2828 490 2845 ι
517 2827 564 2849 seu
589 2827 660 2856 opus
683 2817 791 2850 mittere
805 2820 933 2857 iubetur,
957 2822 1004 2858 qui

1067 2163 1119 2200 inin
1142 2160 1323 2200 impoi-ta‘turi
1333 2160 1675 2200 jejunium.__Adde,_quod
1693 2162 1865 2200 soivendum

1063 2192 1200 2225 jejunium
1222 2192 1457 2231 indicet'potius;
1481 2195 1507 2222 id
1522 2195 1595 2230 quod
1608 2192 1637 2222 in
1655 2197 1786 2231 proximo
1806 2203 1863 2229 est.

1062 2234 1072 2266 _t
1089 2234 1188 2266 aquam
1202 2232 1276 2255 tuam
1286 2236 1391 2266 sumas.
1404 2229 1523 2265 ultaque
1531 2229 1676 2265 praeplacét
1688 2231 1832 2266 «diverte;
1850 2244 1861 2258 ι

1060 2260 1122 2301 hoc
1135 2263 1208 2289 enim
1230 2263 1359 2301 καταλρω
1373 2260 1425 2301 per
1441 2260 1514 2293 se'et
1568 2260 1648 2301 vocis
1665 2260 1866 2301 signiﬁcag'et

1057 2296 1179 2336 cpharet
1195 2304 1261 2336 _curn
1284 2296 1423 2336 adiunctis
1438 2309 1445 2326 :
1462 2300 1542 2334 quasi
1558 2300 1636 2328 dicas
1650 2309 1657 2327 :
1672 2296 1746 2328 invtro
1763 2306 1792 2329 te
1811 2296 1865 2330 re-

1058 2332 1131 2370 cipe,
1155 2332 1272 2370 quiesce;
1284 2332 1446 2370 paululum,
1466 2332 1495 2362 ut
1519 2335 1634 2370 synaxin
1658 2343 1708 2363 seu
1735 2336 1865 2365 ofﬁcium

1058 2367 1158 2406 recites
1173 2366 1211 2400 (et
1227 2366 1548 2406 quidemtprouthahe't
1560 2371 1612 2397 alia
1631 2370 1715 2398 lectio
1729 2372 1765 2398 ad
1783 2380 1865 2399 mar-

1058 2404 1148 2440 ginem
1177 2406 1274 2442 textus
1291 2404 1363 2442 apud
1386 2404 1553 2442 Coteleriuin
1579 2407 1865 2442 Itolatti_d1apa'xw;,

1057 2438 1114 2476 sine
1126 2438 1346 2476 perturbatione),
1361 2443 1389 2466 et
1403 2440 1502 2466 deinde
1518 2439 1617 2476 famem
1632 2440 1728 2473 pellas,
1747 2438 1866 2470 relicias

1058 2474 1147 2508 vires,
1180 2474 1315 2500 sumendo
1334 2481 1434 2508 aquam
1467 2479 1556 2507 tuam;
1585 2475 1635 2501 Sin
1661 2476 1767 2507 minus.
1802 2481 1864 2505 etc.

1092 2506 1149 2544 (87)
1169 2508 1292 2542 Synaxis
1307 2506 1407 2543 praeter
1430 2509 1483 2536 alia
1501 2509 1640 2544 significat
1663 2510 1788 2538 cilicium
1812 2519 1867 2538 ec-

1057 2540 1261 2579 ciesiastieurti,
1279 2540 1315 2569 ut'
1330 2544 1433 2571 videsis
1448 2540 1670 2579 apudL‘angium
1694 2545 1723 2572 in
1743 2544 1866 2573 Glossa-

1057 2577 1097 2602 rio
1108 2575 1218 2605 Latino.
1235 2577 1390 2606 Cotelerius
1411 2575 1474 2612 pag:
1490 2579 1563 2607 559:
1581 2575 1667 2612 (Quo
1685 2584 1713 2607 et
1725 2580 1864 2609 Ofﬁcium

1057 2587 1097 2602 rw
1108 2587 1218 2605 panno.
1235 2587 1390 2606 uorererius
1429 2587 1444 2606 a
1466 2599 1473 2606 .
1490 2587 1563 2607 cna:
1581 2588 1591 2605 ι
1606 2587 1667 2612 uua
1685 2587 1713 2607 et
1725 2587 1864 2609 umerum

1056 2615 1134 2652 tuum
1149 2614 1259 2652 recites.
1276 2622 1285 2638 ι
1312 2612 1365 2652 Vit.
1380 2587 1516 2652 iioco
1530 2614 1654 2652 proxime
1667 2615 1776 2652 citato;
1794 2625 1805 2641 ‹
1822 2615 1865 2644 Ut

1056 2651 1084 2674 et
1095 2648 1279 2676 ministerium
1298 2648 1430 2682 psallendi
1452 2648 1547 2677 facias.
1564 2659 1573 2675 ι
1592 2648 1682 2676 Malim
1698 2658 1707 2674 ι
1723 2649 1862 2679 Ofﬁcium

1055 2685 1133 2719 tuum
1157 2683 1282 2719 perficias
1300 2684 1344 2710 vel
1362 2684 1475 2719 recites;
1493 2693 1502 2710 ι
1521 2684 1586 2719 quid
1603 2684 1676 2711 enim
1699 2684 1746 2713 hic
1769 2686 1863 2713 mini-

1056 2717 1171 2745 sterium
1197 2718 1343 2753 psallendi.
1368 2717 1422 2746 etc.
1446 2727 1509 2746 cum
1525 2717 1613 2747 vacuo
1633 2719 1802 2751 ventriculo,
1829 2727 1864 2749 et.

1056 2759 1163 2791 sumina
1182 2753 1334 2791 debilitate,
1353 2753 1474 2781 indicata
1488 2761 1534 2790 per
1557 2755 1587 2780 τὸ
1600 2753 1647 2782 Sin
1660 2755 1761 2788 minus,
1785 2762 1862 2791 etc.,

1056 2787 1129 2821 quod
1149 2787 1292 2821 sequitur?

1095 2822 1152 2857 (88)
1170 2822 1231 2852 Non
1245 2824 1339 2859 utique
1357 2832 1454 2860 aquam
1478 2831 1600 2861 meram;
1620 2832 1682 2861 qua:
1702 2825 1772 2855 nihil
1787 2833 1861 2861 pro-
