  <div class='ocr_page' id='page_1' title='image "/cluster/home/n/w/nwhite01/storage/ocr_20150623/99/njp.32101010943858/464.png"; bbox 0 0 1924 3077; ppageno 0'>
   <div class='ocr_carea' id='block_1_1' title="bbox 86 144 143 176">
    <p class='ocr_par' dir='ltr' id='par_1_1' title="bbox 86 144 143 176">
     <span class='ocr_line' id='line_1_1' title="bbox 86 144 143 176; baseline 0 -1"><span class='ocrx_word' id='word_1_1' title='bbox 86 144 143 176; x_wconf 82' lang='lat'><strong>869</strong></span> 
     </span>
    </p>
   </div>
   <div class='ocr_carea' id='block_1_2' title="bbox 425 137 1430 171">
    <p class='ocr_par' dir='ltr' id='par_1_2' title="bbox 425 137 1430 171">
     <span class='ocr_line' id='line_1_2' title="bbox 425 137 1430 171; baseline -0.002 0"><span class='ocrx_word' id='word_1_2' title='bbox 425 141 566 171; x_wconf 80' lang='lat' dir='ltr'><strong>ORATIO</strong></span> <span class='ocrx_word' id='word_1_3' title='bbox 586 140 654 170; x_wconf 82' lang='grc' dir='ltr'><strong>ΧΠ.</strong></span> <span class='ocrx_word' id='word_1_4' title='bbox 672 152 706 158; x_wconf 74' lang='grc'><strong>’-</strong></span> <span class='ocrx_word' id='word_1_5' title='bbox 725 137 915 169; x_wconf 82' lang='lat' dir='ltr'><strong>LAUDATIO</strong></span> <span class='ocrx_word' id='word_1_6' title='bbox 928 137 958 167; x_wconf 88' lang='lat' dir='ltr'><strong>S.</strong></span> <span class='ocrx_word' id='word_1_7' title='bbox 978 138 1135 168; x_wconf 81' lang='lat' dir='ltr'><strong>ARSENII</strong></span> <span class='ocrx_word' id='word_1_8' title='bbox 1157 137 1430 169; x_wconf 79' lang='lat' dir='ltr'><strong>ANACHORET/E.</strong></span> 
     </span>
    </p>
   </div>
   <div class='ocr_carea' id='block_1_3' title="bbox 1666 135 1720 168">
    <p class='ocr_par' dir='ltr' id='par_1_3' title="bbox 1666 135 1720 168">
     <span class='ocr_line' id='line_1_3' title="bbox 1666 135 1720 168; baseline 0 -1"><span class='ocrx_word' id='word_1_9' title='bbox 1666 135 1720 168; x_wconf 76' lang='lat'><strong>870</strong></span> 
     </span>
    </p>
   </div>
   <div class='ocr_carea' id='block_1_4' title="bbox 87 192 883 233">
    <p class='ocr_par' dir='ltr' id='par_1_4' title="bbox 87 192 881 233">
     <span class='ocr_line' id='line_1_4' title="bbox 87 192 881 233; baseline -0.009 -7"><span class='ocrx_word' id='word_1_10' title='bbox 87 198 205 233; x_wconf 75' lang='grc' dir='ltr'>ἀδελφόν</span> <span class='ocrx_word' id='word_1_11' title='bbox 219 205 281 224; x_wconf 89' lang='grc' dir='ltr'>σου.</span> <span class='ocrx_word' id='word_1_12' title='bbox 299 196 327 223; x_wconf 88' lang='lat'><strong>&#39;0</strong></span> <span class='ocrx_word' id='word_1_13' title='bbox 341 196 369 224; x_wconf 80' lang='grc' dir='ltr'><strong>δὲ</strong></span> <span class='ocrx_word' id='word_1_14' title='bbox 383 196 482 228; x_wconf 72' lang='grc' dir='ltr'>Ζώῖλος</span> <span class='ocrx_word' id='word_1_15' title='bbox 510 197 558 223; x_wconf 69' lang='grc' dir='ltr'><strong>ἐπὶ</strong></span> <span class='ocrx_word' id='word_1_16' title='bbox 573 195 612 230; x_wconf 81' lang='grc' dir='ltr'>τῷ</span> <span class='ocrx_word' id='word_1_17' title='bbox 632 195 704 229; x_wconf 83' lang='grc' dir='ltr'>λόγῳ</span> <span class='ocrx_word' id='word_1_18' title='bbox 723 192 881 229; x_wconf 81' lang='grc' dir='ltr'>ταραχθεὶς,</span> 
     </span>
    </p>
   </div>
   <div class='ocr_carea' id='block_1_5' title="bbox 935 192 1721 233">
    <p class='ocr_par' dir='ltr' id='par_1_5' title="bbox 936 192 1721 228">
     <span class='ocr_line' id='line_1_5' title="bbox 936 192 1721 228; baseline 0.004 -10"><span class='ocrx_word' id='word_1_19' title='bbox 936 192 978 219; x_wconf 85' lang='lat' dir='ltr'><strong>his</strong></span> <span class='ocrx_word' id='word_1_20' title='bbox 996 192 1078 220; x_wconf 85' lang='lat' dir='ltr'><strong>dictis</strong></span> <span class='ocrx_word' id='word_1_21' title='bbox 1090 194 1226 226; x_wconf 83' lang='lat' dir='ltr'><strong>turbatus,</strong></span> <span class='ocrx_word' id='word_1_22' title='bbox 1241 194 1344 221; x_wconf 88' lang='lat' dir='ltr'><strong>tacuit:</strong></span> <span class='ocrx_word' id='word_1_23' title='bbox 1359 198 1441 228; x_wconf 84' lang='lat' dir='ltr'><strong>atque</strong></span> <span class='ocrx_word' id='word_1_24' title='bbox 1455 193 1492 221; x_wconf 88' lang='lat' dir='ltr'><strong>ita</strong></span> <span class='ocrx_word' id='word_1_25' title='bbox 1507 192 1577 221; x_wconf 91' lang='lat' dir='ltr'><strong>alter</strong></span> <span class='ocrx_word' id='word_1_26' title='bbox 1587 193 1622 221; x_wconf 83' lang='lat' dir='ltr'><strong>ab</strong></span> <span class='ocrx_word' id='word_1_27' title='bbox 1634 194 1721 222; x_wconf 87' lang='lat' dir='ltr'><strong>altero</strong></span> 
     </span>
    </p>
   </div>
   <div class='ocr_carea' id='block_1_6' title="bbox 87 239 879 279">
    <p class='ocr_par' dir='ltr' id='par_1_6' title="bbox 87 239 879 279">
     <span class='ocr_line' id='line_1_6' title="bbox 87 239 879 279; baseline -0.008 -8"><span class='ocrx_word' id='word_1_28' title='bbox 87 244 241 279; x_wconf 74' lang='grc' dir='ltr'><strong>ἐσιώπησε,</strong></span> <span class='ocrx_word' id='word_1_29' title='bbox 270 242 318 269; x_wconf 75' lang='grc' dir='ltr'>καὶ</span> <span class='ocrx_word' id='word_1_30' title='bbox 345 241 431 273; x_wconf 76' lang='grc' dir='ltr'>οὕτως</span> <span class='ocrx_word' id='word_1_31' title='bbox 461 241 649 277; x_wconf 70' lang='grc' dir='ltr'>ἐχωρίσθησαν</span> <span class='ocrx_word' id='word_1_32' title='bbox 677 241 725 267; x_wconf 74' lang='grc' dir='ltr'>ἀπ’</span> <span class='ocrx_word' id='word_1_33' title='bbox 747 239 879 274; x_wconf 78' lang='grc' dir='ltr'>ἀλλήλων.</span> 
     </span>
    </p>
   </div>
   <div class='ocr_carea' id='block_1_7' title="bbox 87 285 881 324">
    <p class='ocr_par' dir='ltr' id='par_1_7' title="bbox 87 285 881 324">
     <span class='ocr_line' id='line_1_7' title="bbox 87 285 881 324; baseline -0.005 -8"><span class='ocrx_word' id='word_1_34' title='bbox 87 288 235 324; x_wconf 79' lang='grc' dir='ltr'>Κατῆλθεν</span> <span class='ocrx_word' id='word_1_35' title='bbox 256 285 304 314; x_wconf 82' lang='grc' dir='ltr'>οὖν</span> <span class='ocrx_word' id='word_1_36' title='bbox 327 289 341 314; x_wconf 84' lang='grc' dir='ltr'><strong>ὁ</strong></span> <span class='ocrx_word' id='word_1_37' title='bbox 361 287 451 323; x_wconf 85' lang='grc' dir='ltr'>γέρων</span> <span class='ocrx_word' id='word_1_38' title='bbox 467 287 515 313; x_wconf 73' lang='grc' dir='ltr'><strong>ἐπὶ</strong></span> <span class='ocrx_word' id='word_1_39' title='bbox 533 286 569 313; x_wconf 79' lang='grc' dir='ltr'>τὰ</span> <span class='ocrx_word' id='word_1_40' title='bbox 584 287 656 321; x_wconf 87' lang='grc' dir='ltr'>μέρη</span> <span class='ocrx_word' id='word_1_41' title='bbox 675 285 816 319; x_wconf 73' lang='grc' dir='ltr'><strong>Θηϐαΐδος.</strong></span> <span class='ocrx_word' id='word_1_42' title='bbox 833 285 881 312; x_wconf 80' lang='grc' dir='ltr'>καὶ</span> 
     </span>
    </p>
   </div>
   <div class='ocr_carea' id='block_1_8' title="bbox 86 331 881 370">
    <p class='ocr_par' dir='ltr' id='par_1_8' title="bbox 86 331 881 370">
     <span class='ocr_line' id='line_1_8' title="bbox 86 331 881 370; baseline -0.005 -9"><span class='ocrx_word' id='word_1_43' title='bbox 86 334 242 370; x_wconf 69' lang='grc' dir='ltr'>ἠσθένησεν</span> <span class='ocrx_word' id='word_1_44' title='bbox 265 332 423 369; x_wconf 72' lang='grc' dir='ltr'>ἀρρωστίαν</span> <span class='ocrx_word' id='word_1_45' title='bbox 439 332 571 367; x_wconf 81' lang='grc' dir='ltr'>μεγάλην.</span> <span class='ocrx_word' id='word_1_46' title='bbox 588 332 620 358; x_wconf 88' lang='grc' dir='ltr'>Οἱ</span> <span class='ocrx_word' id='word_1_47' title='bbox 634 332 663 359; x_wconf 80' lang='grc' dir='ltr'><strong>δὲ</strong></span> <span class='ocrx_word' id='word_1_48' title='bbox 675 331 771 358; x_wconf 87' lang='grc' dir='ltr'>τούτου</span> <span class='ocrx_word' id='word_1_49' title='bbox 788 331 881 358; x_wconf 86' lang='grc' dir='ltr'>διακο-</span> 
     </span>
    </p>
   </div>
   <div class='ocr_carea' id='block_1_9' title="bbox 87 376 880 415">
    <p class='ocr_par' dir='ltr' id='par_1_9' title="bbox 87 376 880 415">
     <span class='ocr_line' id='line_1_9' title="bbox 87 376 880 415; baseline -0.003 -10"><span class='ocrx_word' id='word_1_50' title='bbox 87 379 172 415; x_wconf 78' lang='grc' dir='ltr'>νηταὶ</span> <span class='ocrx_word' id='word_1_51' title='bbox 188 376 266 405; x_wconf 77' lang='grc' dir='ltr'>εἶπον</span> <span class='ocrx_word' id='word_1_52' title='bbox 279 378 348 414; x_wconf 75' lang='grc' dir='ltr'>πρὸς</span> <span class='ocrx_word' id='word_1_53' title='bbox 366 377 498 413; x_wconf 81' lang='grc' dir='ltr'><strong>ἀλλήλους</strong></span> <span class='ocrx_word' id='word_1_54' title='bbox 510 386 517 393; x_wconf 89' lang='grc'><strong>·</strong></span> <span class='ocrx_word' id='word_1_55' title='bbox 532 378 579 412; x_wconf 83' lang='grc' dir='ltr'><strong>Μὴ</strong></span> <span class='ocrx_word' id='word_1_56' title='bbox 595 377 651 413; x_wconf 81' lang='grc' dir='ltr'><strong>ἆρά</strong></span> <span class='ocrx_word' id='word_1_57' title='bbox 667 385 710 409; x_wconf 82' lang='grc' dir='ltr'><strong>τις</strong></span> <span class='ocrx_word' id='word_1_58' title='bbox 724 377 803 412; x_wconf 78' lang='grc' dir='ltr'>ἡμῶν</span> <span class='ocrx_word' id='word_1_59' title='bbox 818 376 880 403; x_wconf 83' lang='grc' dir='ltr'><strong>ὲλύ-</strong></span> 
     </span>
    </p>
   </div>
   <div class='ocr_carea' id='block_1_10' title="bbox 87 422 880 461">
    <p class='ocr_par' dir='ltr' id='par_1_10' title="bbox 87 422 880 461">
     <span class='ocr_line' id='line_1_10' title="bbox 87 422 880 461; baseline -0.004 -9"><span class='ocrx_word' id='word_1_60' title='bbox 87 434 162 461; x_wconf 79' lang='grc' dir='ltr'>πησε</span> <span class='ocrx_word' id='word_1_61' title='bbox 188 425 236 452; x_wconf 80' lang='grc' dir='ltr'>τὸν</span> <span class='ocrx_word' id='word_1_62' title='bbox 262 424 393 460; x_wconf 86' lang='grc' dir='ltr'>γέροντα,</span> <span class='ocrx_word' id='word_1_63' title='bbox 417 424 466 451; x_wconf 78' lang='grc' dir='ltr'><strong>καὶ</strong></span> <span class='ocrx_word' id='word_1_64' title='bbox 491 424 536 451; x_wconf 81' lang='grc' dir='ltr'><strong>διὰ</strong></span> <span class='ocrx_word' id='word_1_65' title='bbox 560 424 641 451; x_wconf 77' lang='grc' dir='ltr'>τοῦτο</span> <span class='ocrx_word' id='word_1_66' title='bbox 667 423 805 458; x_wconf 65' lang='grc' dir='ltr'>ἐχωρίσθη</span> <span class='ocrx_word' id='word_1_67' title='bbox 833 422 880 457; x_wconf 84' lang='grc' dir='ltr'><strong>ἀφ’</strong></span> 
     </span>
    </p>
   </div>
   <div class='ocr_carea' id='block_1_11' title="bbox 86 466 880 506">
    <p class='ocr_par' dir='ltr' id='par_1_11' title="bbox 86 466 880 506">
     <span class='ocr_line' id='line_1_11' title="bbox 86 466 880 506; baseline -0.003 -9"><span class='ocrx_word' id='word_1_68' title='bbox 86 472 104 506; x_wconf 78' lang='grc' dir='ltr'><strong>ἡ</strong></span> <span class='ocrx_word' id='word_1_69' title='bbox 109 471 169 506; x_wconf 83' lang='grc' dir='ltr'>μῶν</span> <span class='ocrx_word' id='word_1_70' title='bbox 181 478 190 504; x_wconf 81' lang='grc'>;</span> <span class='ocrx_word' id='word_1_71' title='bbox 208 470 264 497; x_wconf 75' lang='grc' dir='ltr'><strong>Καὶ</strong></span> <span class='ocrx_word' id='word_1_72' title='bbox 276 471 326 505; x_wconf 81' lang='grc' dir='ltr'><strong>οὐχ</strong></span> <span class='ocrx_word' id='word_1_73' title='bbox 346 466 426 505; x_wconf 78' lang='grc' dir='ltr'>εὖρον</span> <span class='ocrx_word' id='word_1_74' title='bbox 438 470 467 496; x_wconf 83' lang='grc' dir='ltr'>ὲν</span> <span class='ocrx_word' id='word_1_75' title='bbox 479 469 586 501; x_wconf 79' lang='grc' dir='ltr'>ἑαυτοῖς</span> <span class='ocrx_word' id='word_1_76' title='bbox 602 468 688 496; x_wconf 83' lang='grc' dir='ltr'>οὐδέν.</span> <span class='ocrx_word' id='word_1_77' title='bbox 709 468 837 503; x_wconf 83' lang='grc' dir='ltr'>’Υγιάνας</span> <span class='ocrx_word' id='word_1_78' title='bbox 851 469 880 496; x_wconf 78' lang='grc' dir='ltr'><strong>δὲ</strong></span> 
     </span>
    </p>
   </div>
   <div class='ocr_carea' id='block_1_12' title="bbox 87 513 878 551">
    <p class='ocr_par' dir='ltr' id='par_1_12' title="bbox 87 513 878 551">
     <span class='ocr_line' id='line_1_12' title="bbox 87 513 878 551; baseline -0.003 -9"><span class='ocrx_word' id='word_1_79' title='bbox 87 517 103 542; x_wconf 85' lang='grc' dir='ltr'><strong>ό</strong></span> <span class='ocrx_word' id='word_1_80' title='bbox 115 516 208 551; x_wconf 89' lang='grc' dir='ltr'>γέρων</span> <span class='ocrx_word' id='word_1_81' title='bbox 221 513 314 542; x_wconf 58' lang='grc' dir='ltr'>εἶπεν</span> <span class='ocrx_word' id='word_1_82' title='bbox 328 515 502 550; x_wconf 86' lang='grc' dir='ltr'>Πορεύσομαι</span> <span class='ocrx_word' id='word_1_83' title='bbox 515 514 584 549; x_wconf 81' lang='grc' dir='ltr'>πρὸς</span> <span class='ocrx_word' id='word_1_84' title='bbox 598 515 661 545; x_wconf 83' lang='grc' dir='ltr'>τοὺς</span> <span class='ocrx_word' id='word_1_85' title='bbox 676 514 798 549; x_wconf 75' lang='grc' dir='ltr'>πατέρας</span> <span class='ocrx_word' id='word_1_86' title='bbox 817 522 878 549; x_wconf 89' lang='grc' dir='ltr'>μου.</span> 
     </span>
    </p>
   </div>
   <div class='ocr_carea' id='block_1_13' title="bbox 89 558 880 596">
    <p class='ocr_par' dir='ltr' id='par_1_13' title="bbox 89 558 880 596">
     <span class='ocr_line' id='line_1_13' title="bbox 89 558 880 596; baseline -0.003 -8"><span class='ocrx_word' id='word_1_87' title='bbox 89 562 147 588; x_wconf 78' lang='grc' dir='ltr'><strong>Καὶ</strong></span> <span class='ocrx_word' id='word_1_88' title='bbox 161 561 249 593; x_wconf 79' lang='grc' dir='ltr'>οὕτως</span> <span class='ocrx_word' id='word_1_89' title='bbox 263 561 438 592; x_wconf 83' lang='grc' dir='ltr'><strong>ἀναπλεύσας</strong></span> <span class='ocrx_word' id='word_1_90' title='bbox 452 558 535 596; x_wconf 78' lang='grc' dir='ltr'>ἦλθεν</span> <span class='ocrx_word' id='word_1_91' title='bbox 556 560 596 592; x_wconf 77' lang='grc' dir='ltr'>εἰς</span> <span class='ocrx_word' id='word_1_92' title='bbox 611 559 662 594; x_wconf 84' lang='grc' dir='ltr'>τὴν</span> <span class='ocrx_word' id='word_1_93' title='bbox 676 559 794 594; x_wconf 82' lang='grc' dir='ltr'><strong>Πέτραν,</strong></span> <span class='ocrx_word' id='word_1_94' title='bbox 812 560 880 587; x_wconf 86' lang='grc' dir='ltr'>ὅπου</span> 
     </span>
    </p>
   </div>
   <div class='ocr_carea' id='block_1_14' title="bbox 88 604 879 643">
    <p class='ocr_par' dir='ltr' id='par_1_14' title="bbox 88 604 879 643">
     <span class='ocr_line' id='line_1_14' title="bbox 88 604 879 643; baseline -0.005 -9"><span class='ocrx_word' id='word_1_95' title='bbox 88 605 160 643; x_wconf 77' lang='grc' dir='ltr'>ἦσαν</span> <span class='ocrx_word' id='word_1_96' title='bbox 171 608 196 634; x_wconf 75' lang='grc' dir='ltr'><strong>οι</strong></span> <span class='ocrx_word' id='word_1_97' title='bbox 209 607 330 642; x_wconf 73' lang='grc' dir='ltr'>μαθηταὶ</span> <span class='ocrx_word' id='word_1_98' title='bbox 341 605 438 634; x_wconf 78' lang='grc' dir='ltr'>αὑτοῦ.</span> <span class='ocrx_word' id='word_1_99' title='bbox 454 607 550 638; x_wconf 84' lang='grc' dir='ltr'>Ὀντος</span> <span class='ocrx_word' id='word_1_100' title='bbox 564 605 593 633; x_wconf 80' lang='grc' dir='ltr'><strong>δὲ</strong></span> <span class='ocrx_word' id='word_1_101' title='bbox 607 605 691 632; x_wconf 78' lang='grc' dir='ltr'>αὐτοῦ</span> <span class='ocrx_word' id='word_1_102' title='bbox 707 604 820 640; x_wconf 81' lang='grc' dir='ltr'><strong>πλησίον</strong></span> <span class='ocrx_word' id='word_1_103' title='bbox 833 604 879 631; x_wconf 82' lang='grc' dir='ltr'>τοῦ</span> 
     </span>
    </p>
   </div>
   <div class='ocr_carea' id='block_1_15' title="bbox 88 650 880 688">
    <p class='ocr_par' dir='ltr' id='par_1_15' title="bbox 88 650 880 688">
     <span class='ocr_line' id='line_1_15' title="bbox 88 650 880 688; baseline -0.004 -9"><span class='ocrx_word' id='word_1_104' title='bbox 88 652 228 687; x_wconf 74' lang='grc' dir='ltr'>ποταμοῦ,</span> <span class='ocrx_word' id='word_1_105' title='bbox 252 652 385 688; x_wconf 80' lang='grc' dir='ltr'><strong>παιδίσκη</strong></span> <span class='ocrx_word' id='word_1_106' title='bbox 402 660 444 683; x_wconf 85' lang='grc' dir='ltr'><strong>τις</strong></span> <span class='ocrx_word' id='word_1_107' title='bbox 460 651 625 678; x_wconf 69' lang='lat' dir='ltr'><strong>Ateio-maca.</strong></span> <span class='ocrx_word' id='word_1_108' title='bbox 646 650 771 682; x_wconf 78' lang='grc' dir='ltr'>ἐλθοῦσα,</span> <span class='ocrx_word' id='word_1_109' title='bbox 791 650 880 686; x_wconf 81' lang='grc' dir='ltr'>ἥψατο</span> 
     </span>
    </p>
   </div>
   <div class='ocr_carea' id='block_1_16' title="bbox 91 697 880 733">
    <p class='ocr_par' dir='ltr' id='par_1_16' title="bbox 91 697 880 733">
     <span class='ocr_line' id='line_1_16' title="bbox 91 697 880 733; baseline -0.003 -9"><span class='ocrx_word' id='word_1_110' title='bbox 91 698 224 733; x_wconf 74' lang='grc' dir='ltr'>μηλυηῆς</span> <span class='ocrx_word' id='word_1_111' title='bbox 244 698 338 725; x_wconf 80' lang='grc' dir='ltr'>αὐτοῦ.</span> <span class='ocrx_word' id='word_1_112' title='bbox 355 697 386 724; x_wconf 91' lang='lat'><strong>&#39;0</strong></span> <span class='ocrx_word' id='word_1_113' title='bbox 401 698 430 725; x_wconf 76' lang='grc' dir='ltr'><strong>δὲ</strong></span> <span class='ocrx_word' id='word_1_114' title='bbox 444 697 534 733; x_wconf 89' lang='grc' dir='ltr'>γέρων</span> <span class='ocrx_word' id='word_1_115' title='bbox 554 697 721 732; x_wconf 80' lang='grc' dir='ltr'><strong>ἐπετίμησεν</strong></span> <span class='ocrx_word' id='word_1_116' title='bbox 744 697 823 731; x_wconf 73' lang='grc' dir='ltr'>αὐτῇ.</span> <span class='ocrx_word' id='word_1_117' title='bbox 847 697 880 722; x_wconf 83' lang='grc' dir='ltr'>Ἡ</span> 
     </span>
    </p>
   </div>
   <div class='ocr_carea' id='block_1_17' title="bbox 89 740 881 778">
    <p class='ocr_par' dir='ltr' id='par_1_17' title="bbox 89 740 881 778">
     <span class='ocr_line' id='line_1_17' title="bbox 89 740 881 778; baseline -0.005 -7"><span class='ocrx_word' id='word_1_118' title='bbox 89 742 137 772; x_wconf 79' lang='grc' dir='ltr'>οὖν</span> <span class='ocrx_word' id='word_1_119' title='bbox 150 743 280 778; x_wconf 78' lang='grc' dir='ltr'><strong>παιδίσκη</strong></span> <span class='ocrx_word' id='word_1_120' title='bbox 293 743 367 777; x_wconf 84' lang='grc' dir='ltr'>λέγει</span> <span class='ocrx_word' id='word_1_121' title='bbox 379 743 466 778; x_wconf 78' lang='grc' dir='ltr'>αὐτῷ’</span> <span class='ocrx_word' id='word_1_122' title='bbox 480 743 513 770; x_wconf 77' lang='lat' dir='ltr'><strong>Et</strong></span> <span class='ocrx_word' id='word_1_123' title='bbox 528 742 645 778; x_wconf 77' lang='grc' dir='ltr'>μοναχὸς</span> <span class='ocrx_word' id='word_1_124' title='bbox 657 740 692 773; x_wconf 80' lang='grc' dir='ltr'>εἴ,</span> <span class='ocrx_word' id='word_1_125' title='bbox 710 741 826 777; x_wconf 83' lang='grc' dir='ltr'><strong>πορεύου</strong></span> <span class='ocrx_word' id='word_1_126' title='bbox 840 742 881 773; x_wconf 84' lang='grc' dir='ltr'><strong>είς</strong></span> 
     </span>
    </p>
   </div>
   <div class='ocr_carea' id='block_1_18' title="bbox 88 787 881 825">
    <p class='ocr_par' dir='ltr' id='par_1_18' title="bbox 88 787 881 825">
     <span class='ocr_line' id='line_1_18' title="bbox 88 787 881 825; baseline -0.003 -9"><span class='ocrx_word' id='word_1_127' title='bbox 88 789 120 816; x_wconf 77' lang='grc' dir='ltr'>τὸ</span> <span class='ocrx_word' id='word_1_128' title='bbox 134 789 210 824; x_wconf 78' lang='grc' dir='ltr'>ὅρος.</span> <span class='ocrx_word' id='word_1_129' title='bbox 231 789 260 816; x_wconf 89' lang='lat'><strong>&#39;0</strong></span> <span class='ocrx_word' id='word_1_130' title='bbox 274 789 302 815; x_wconf 80' lang='grc' dir='ltr'><strong>δὲ</strong></span> <span class='ocrx_word' id='word_1_131' title='bbox 315 789 407 825; x_wconf 83' lang='grc' dir='ltr'>γέρων</span> <span class='ocrx_word' id='word_1_132' title='bbox 422 789 470 816; x_wconf 76' lang='grc' dir='ltr'><strong>ἐπὶ</strong></span> <span class='ocrx_word' id='word_1_133' title='bbox 484 788 523 824; x_wconf 82' lang='grc' dir='ltr'><strong>τῷ</strong></span> <span class='ocrx_word' id='word_1_134' title='bbox 541 789 613 824; x_wconf 83' lang='grc' dir='ltr'>λόγῳ</span> <span class='ocrx_word' id='word_1_135' title='bbox 626 787 801 822; x_wconf 77' lang='grc' dir='ltr'>κατανυγεὶς,</span> <span class='ocrx_word' id='word_1_136' title='bbox 821 788 881 814; x_wconf 79' lang='grc' dir='ltr'>ἕλε-</span> 
     </span>
    </p>
   </div>
   <div class='ocr_carea' id='block_1_19' title="bbox 89 832 881 869">
    <p class='ocr_par' dir='ltr' id='par_1_19' title="bbox 89 832 881 869">
     <span class='ocr_line' id='line_1_19' title="bbox 89 832 881 869; baseline -0.001 -8"><span class='ocrx_word' id='word_1_137' title='bbox 89 843 137 868; x_wconf 85' lang='grc' dir='ltr'><strong>γεν</strong></span> <span class='ocrx_word' id='word_1_138' title='bbox 153 835 183 861; x_wconf 85' lang='grc' dir='ltr'>ὲν</span> <span class='ocrx_word' id='word_1_139' title='bbox 201 834 303 869; x_wconf 81' lang='grc' dir='ltr'><strong>ἐαυτῷ·</strong></span> <span class='ocrx_word' id='word_1_140' title='bbox 324 835 457 869; x_wconf 79' lang='grc' dir='ltr'>Ἀρσένιε,</span> <span class='ocrx_word' id='word_1_141' title='bbox 475 835 501 861; x_wconf 82' lang='grc' dir='ltr'>ει</span> <span class='ocrx_word' id='word_1_142' title='bbox 525 834 641 869; x_wconf 84' lang='grc' dir='ltr'>μοναχδς</span> <span class='ocrx_word' id='word_1_143' title='bbox 655 832 690 866; x_wconf 74' lang='grc' dir='ltr'>εἴ,</span> <span class='ocrx_word' id='word_1_144' title='bbox 702 833 819 868; x_wconf 85' lang='grc' dir='ltr'><strong>πορεύου</strong></span> <span class='ocrx_word' id='word_1_145' title='bbox 839 834 881 865; x_wconf 86' lang='grc' dir='ltr'>εἰς</span> 
     </span>
    </p>
   </div>
   <div class='ocr_carea' id='block_1_20' title="bbox 88 879 882 915">
    <p class='ocr_par' dir='ltr' id='par_1_20' title="bbox 88 879 882 915">
     <span class='ocr_line' id='line_1_20' title="bbox 88 879 882 915; baseline -0.001 -8"><span class='ocrx_word' id='word_1_146' title='bbox 88 881 119 907; x_wconf 72' lang='grc' dir='ltr'>τὸ</span> <span class='ocrx_word' id='word_1_147' title='bbox 133 881 199 915; x_wconf 76' lang='grc' dir='ltr'>ὅρος</span> <span class='ocrx_word' id='word_1_148' title='bbox 211 889 219 896; x_wconf 91' lang='grc'>·</span> <span class='ocrx_word' id='word_1_149' title='bbox 235 881 284 907; x_wconf 81' lang='grc' dir='ltr'>καὶ</span> <span class='ocrx_word' id='word_1_150' title='bbox 297 880 345 907; x_wconf 70' lang='grc' dir='ltr'><strong>ἐπὶ</strong></span> <span class='ocrx_word' id='word_1_151' title='bbox 358 880 613 915; x_wconf 77' lang='grc' dir='ltr'>τοῦτο’ἀπήντησαν</span> <span class='ocrx_word' id='word_1_152' title='bbox 628 879 702 915; x_wconf 84' lang='grc' dir='ltr'>αὺτῷ</span> <span class='ocrx_word' id='word_1_153' title='bbox 712 880 726 907; x_wconf 85' lang='grc' dir='ltr'><strong>ὃ</strong></span> <span class='ocrx_word' id='word_1_154' title='bbox 739 888 769 906; x_wconf 87' lang='grc' dir='ltr'><strong>τε</strong></span> <span class='ocrx_word' id='word_1_155' title='bbox 791 880 882 913; x_wconf 79' lang='grc' dir='ltr'>Ἀλέξ-</span> 
     </span>
    </p>
   </div>
   <div class='ocr_carea' id='block_1_21' title="bbox 89 925 882 961">
    <p class='ocr_par' dir='ltr' id='par_1_21' title="bbox 89 925 882 961">
     <span class='ocr_line' id='line_1_21' title="bbox 89 925 882 961; baseline -0.003 -8"><span class='ocrx_word' id='word_1_156' title='bbox 89 927 189 961; x_wconf 84' lang='grc' dir='ltr'>ανδρος</span> <span class='ocrx_word' id='word_1_157' title='bbox 200 926 247 952; x_wconf 79' lang='grc' dir='ltr'><strong>καὶ</strong></span> <span class='ocrx_word' id='word_1_158' title='bbox 261 925 372 958; x_wconf 83' lang='grc' dir='ltr'>Ζὼἴλος,</span> <span class='ocrx_word' id='word_1_159' title='bbox 385 926 433 952; x_wconf 77' lang='grc' dir='ltr'>καὶ</span> <span class='ocrx_word' id='word_1_160' title='bbox 444 925 631 952; x_wconf 75' lang='grc' dir='ltr'>ἐπιπεσόντων</span> <span class='ocrx_word' id='word_1_161' title='bbox 644 925 736 952; x_wconf 85' lang='grc' dir='ltr'>αὐτῶν</span> <span class='ocrx_word' id='word_1_162' title='bbox 748 926 804 957; x_wconf 80' lang='grc' dir='ltr'>τοῖς</span> <span class='ocrx_word' id='word_1_163' title='bbox 818 925 882 952; x_wconf 79' lang='grc' dir='ltr'>ποσὶ</span> 
     </span>
    </p>
   </div>
   <div class='ocr_carea' id='block_1_22' title="bbox 88 970 882 1007">
    <p class='ocr_par' dir='ltr' id='par_1_22' title="bbox 88 970 882 1007">
     <span class='ocr_line' id='line_1_22' title="bbox 88 970 882 1007; baseline -0.001 -9"><span class='ocrx_word' id='word_1_164' title='bbox 88 971 187 1002; x_wconf 83' lang='grc' dir='ltr'>αὑτοῦ.</span> <span class='ocrx_word' id='word_1_165' title='bbox 203 971 315 1007; x_wconf 71' lang='grc' dir='ltr'>ἔρριψεν</span> <span class='ocrx_word' id='word_1_166' title='bbox 335 971 430 998; x_wconf 84' lang='grc' dir='ltr'>ὲαυτδν</span> <span class='ocrx_word' id='word_1_167' title='bbox 445 971 461 998; x_wconf 84' lang='grc' dir='ltr'><strong>ό</strong></span> <span class='ocrx_word' id='word_1_168' title='bbox 479 971 571 1006; x_wconf 82' lang='grc' dir='ltr'>Γέρων</span> <span class='ocrx_word' id='word_1_169' title='bbox 581 979 588 986; x_wconf 90' lang='grc'>·</span> <span class='ocrx_word' id='word_1_170' title='bbox 603 971 650 998; x_wconf 81' lang='grc' dir='ltr'><strong>καὶ</strong></span> <span class='ocrx_word' id='word_1_171' title='bbox 665 970 803 998; x_wconf 75' lang='grc' dir='ltr'><strong>ἔκλαυσαν</strong></span> <span class='ocrx_word' id='word_1_172' title='bbox 826 971 882 1005; x_wconf 83' lang='grc' dir='ltr'>ἀμ-</span> 
     </span>
    </p>
   </div>
   <div class='ocr_carea' id='block_1_23' title="bbox 88 1015 883 1051">
    <p class='ocr_par' dir='ltr' id='par_1_23' title="bbox 88 1015 883 1051">
     <span class='ocr_line' id='line_1_23' title="bbox 88 1015 883 1051; baseline -0.001 -8"><span class='ocrx_word' id='word_1_173' title='bbox 88 1016 212 1051; x_wconf 81' lang='grc' dir='ltr'>φότεροι.</span> <span class='ocrx_word' id='word_1_174' title='bbox 227 1015 311 1043; x_wconf 75' lang='grc' dir='ltr'>Εἶπεν</span> <span class='ocrx_word' id='word_1_175' title='bbox 322 1016 351 1043; x_wconf 81' lang='grc' dir='ltr'><strong>δὲ</strong></span> <span class='ocrx_word' id='word_1_176' title='bbox 365 1017 379 1042; x_wconf 83' lang='grc' dir='ltr'><strong><em>ὸ</em></strong></span> <span class='ocrx_word' id='word_1_177' title='bbox 392 1016 482 1051; x_wconf 87' lang='grc' dir='ltr'>γέρων</span> <span class='ocrx_word' id='word_1_178' title='bbox 492 1024 499 1031; x_wconf 88' lang='grc'><strong>·</strong></span> <span class='ocrx_word' id='word_1_179' title='bbox 514 1016 572 1042; x_wconf 82' lang='grc' dir='ltr'><strong>Οὐκ</strong></span> <span class='ocrx_word' id='word_1_180' title='bbox 585 1015 734 1050; x_wconf 70' lang='grc' dir='ltr'>ἠκούσατε,</span> <span class='ocrx_word' id='word_1_181' title='bbox 745 1016 787 1043; x_wconf 84' lang='grc' dir='ltr'>ὅτι</span> <span class='ocrx_word' id='word_1_182' title='bbox 800 1016 883 1043; x_wconf 80' lang='grc' dir='ltr'>ἀσθε-</span> 
     </span>
    </p>
   </div>
   <div class='ocr_carea' id='block_1_24' title="bbox 89 1059 884 1098">
    <p class='ocr_par' dir='ltr' id='par_1_24' title="bbox 89 1059 884 1098">
     <span class='ocr_line' id='line_1_24' title="bbox 89 1059 884 1098; baseline 0.001 -10"><span class='ocrx_word' id='word_1_183' title='bbox 89 1062 128 1088; x_wconf 82' lang='grc' dir='ltr'>νῶ</span> <span class='ocrx_word' id='word_1_184' title='bbox 141 1070 149 1094; x_wconf 86' lang='lat'><strong>;</strong></span> <span class='ocrx_word' id='word_1_185' title='bbox 163 1062 220 1088; x_wconf 79' lang='grc' dir='ltr'><strong>Καὶ</strong></span> <span class='ocrx_word' id='word_1_186' title='bbox 239 1059 317 1088; x_wconf 76' lang='grc' dir='ltr'>εἷπον</span> <span class='ocrx_word' id='word_1_187' title='bbox 333 1060 408 1096; x_wconf 83' lang='grc' dir='ltr'><strong>αὐτῷ</strong></span> <span class='ocrx_word' id='word_1_188' title='bbox 418 1069 425 1076; x_wconf 91' lang='grc'><strong>·</strong></span> <span class='ocrx_word' id='word_1_189' title='bbox 439 1061 503 1088; x_wconf 88' lang='grc' dir='ltr'><strong>Ναί.</strong></span> <span class='ocrx_word' id='word_1_190' title='bbox 520 1061 576 1088; x_wconf 78' lang='lat' dir='ltr'><strong>Kal.</strong></span> <span class='ocrx_word' id='word_1_191' title='bbox 589 1061 663 1096; x_wconf 80' lang='grc' dir='ltr'>λέγει</span> <span class='ocrx_word' id='word_1_192' title='bbox 681 1063 696 1088; x_wconf 78' lang='grc' dir='ltr'><em>ὁ</em></span> <span class='ocrx_word' id='word_1_193' title='bbox 710 1062 812 1098; x_wconf 82' lang='grc' dir='ltr'><strong>Γέρων·</strong></span> <span class='ocrx_word' id='word_1_194' title='bbox 828 1063 884 1089; x_wconf 81' lang='grc' dir='ltr'><strong>Καὶ</strong></span> 
     </span>
    </p>
   </div>
   <div class='ocr_carea' id='block_1_25' title="bbox 90 1106 885 1142">
    <p class='ocr_par' dir='ltr' id='par_1_25' title="bbox 90 1106 885 1142">
     <span class='ocr_line' id='line_1_25' title="bbox 90 1106 885 1142; baseline 0 -8"><span class='ocrx_word' id='word_1_195' title='bbox 90 1107 135 1134; x_wconf 74' lang='grc' dir='ltr'><strong>διὰ</strong></span> <span class='ocrx_word' id='word_1_196' title='bbox 162 1107 190 1132; x_wconf 83' lang='grc' dir='ltr'><strong>τί</strong></span> <span class='ocrx_word' id='word_1_197' title='bbox 215 1106 266 1133; x_wconf 78' lang='grc' dir='ltr'><strong>οὐκ</strong></span> <span class='ocrx_word' id='word_1_198' title='bbox 295 1106 392 1141; x_wconf 73' lang='grc' dir='ltr'>ήλθετε</span> <span class='ocrx_word' id='word_1_199' title='bbox 418 1106 499 1133; x_wconf 50' lang='grc' dir='ltr'>ίδεῖνκ</span> <span class='ocrx_word' id='word_1_200' title='bbox 509 1115 563 1142; x_wconf 85' lang='grc' dir='ltr'>με;</span> <span class='ocrx_word' id='word_1_201' title='bbox 579 1107 635 1134; x_wconf 77' lang='grc' dir='ltr'>Καὶ</span> <span class='ocrx_word' id='word_1_202' title='bbox 663 1107 738 1141; x_wconf 88' lang='grc' dir='ltr'>λέγει</span> <span class='ocrx_word' id='word_1_203' title='bbox 761 1108 775 1134; x_wconf 81' lang='grc' dir='ltr'><strong>ό</strong></span> <span class='ocrx_word' id='word_1_204' title='bbox 798 1108 885 1140; x_wconf 77' lang='grc' dir='ltr'>ἀϐὃᾶς</span> 
     </span>
    </p>
   </div>
   <div class='ocr_carea' id='block_1_26' title="bbox 97 1151 885 1188">
    <p class='ocr_par' dir='ltr' id='par_1_26' title="bbox 97 1151 885 1188">
     <span class='ocr_line' id='line_1_26' title="bbox 97 1151 885 1188; baseline 0.001 -9"><span class='ocrx_word' id='word_1_205' title='bbox 97 1152 275 1187; x_wconf 82' lang='grc' dir='ltr'>Ἀλέξανδρος</span> <span class='ocrx_word' id='word_1_206' title='bbox 285 1159 292 1167; x_wconf 70' lang='grc' dir='ltr'>ο</span> <span class='ocrx_word' id='word_1_207' title='bbox 307 1151 368 1178; x_wconf 82' lang='grc' dir='ltr'>’Ότι</span> <span class='ocrx_word' id='word_1_208' title='bbox 386 1152 401 1177; x_wconf 84' lang='grc' dir='ltr'><strong>ό</strong></span> <span class='ocrx_word' id='word_1_209' title='bbox 416 1151 556 1187; x_wconf 85' lang='grc' dir='ltr'>χωρισμός</span> <span class='ocrx_word' id='word_1_210' title='bbox 568 1160 615 1179; x_wconf 81' lang='grc' dir='ltr'>σου</span> <span class='ocrx_word' id='word_1_211' title='bbox 631 1152 678 1187; x_wconf 81' lang='grc' dir='ltr'><strong>ἀφ’</strong></span> <span class='ocrx_word' id='word_1_212' title='bbox 695 1153 774 1188; x_wconf 87' lang='grc' dir='ltr'>ήμῶν</span> <span class='ocrx_word' id='word_1_213' title='bbox 788 1153 818 1180; x_wconf 86' lang='grc' dir='ltr'><strong>οὑ</strong></span> <span class='ocrx_word' id='word_1_214' title='bbox 835 1154 885 1188; x_wconf 88' lang='grc' dir='ltr'>γέ-</span> 
     </span>
    </p>
   </div>
   <div class='ocr_carea' id='block_1_27' title="bbox 91 1196 883 1233">
    <p class='ocr_par' dir='ltr' id='par_1_27' title="bbox 91 1196 883 1233">
     <span class='ocr_line' id='line_1_27' title="bbox 91 1196 883 1233; baseline 0.003 -9"><span class='ocrx_word' id='word_1_215' title='bbox 91 1206 155 1232; x_wconf 83' lang='grc' dir='ltr'>γονε</span> <span class='ocrx_word' id='word_1_216' title='bbox 170 1196 295 1229; x_wconf 81' lang='grc' dir='ltr'>πιθανὸς,</span> <span class='ocrx_word' id='word_1_217' title='bbox 310 1197 358 1224; x_wconf 75' lang='grc' dir='ltr'>καὶ</span> <span class='ocrx_word' id='word_1_218' title='bbox 373 1197 467 1223; x_wconf 75' lang='grc' dir='ltr'><strong>πολλοὶΙ</strong></span> <span class='ocrx_word' id='word_1_219' title='bbox 480 1197 533 1224; x_wconf 90' lang='grc' dir='ltr'>οὐκ</span> <span class='ocrx_word' id='word_1_220' title='bbox 543 1197 736 1233; x_wconf 78' lang='grc' dir='ltr'>ὠφελήθησαν,</span> <span class='ocrx_word' id='word_1_221' title='bbox 748 1198 883 1232; x_wconf 85' lang='grc' dir='ltr'>λέγοντες·</span> 
     </span>
    </p>
   </div>
   <div class='ocr_carea' id='block_1_28' title="bbox 92 1241 886 1279">
    <p class='ocr_par' dir='ltr' id='par_1_28' title="bbox 92 1241 886 1279">
     <span class='ocr_line' id='line_1_28' title="bbox 92 1241 886 1279; baseline 0.003 -10"><span class='ocrx_word' id='word_1_222' title='bbox 92 1243 155 1270; x_wconf 81' lang='grc' dir='ltr'>ὀτι</span> <span class='ocrx_word' id='word_1_223' title='bbox 168 1243 193 1269; x_wconf 83' lang='grc' dir='ltr'><strong>εί</strong></span> <span class='ocrx_word' id='word_1_224' title='bbox 207 1241 246 1277; x_wconf 80' lang='grc' dir='ltr'>μὴ</span> <span class='ocrx_word' id='word_1_225' title='bbox 262 1243 442 1277; x_wconf 82' lang='grc' dir='ltr'>παρήκουσαν</span> <span class='ocrx_word' id='word_1_226' title='bbox 460 1242 508 1269; x_wconf 81' lang='grc' dir='ltr'><strong>τοῦ</strong></span> <span class='ocrx_word' id='word_1_227' title='bbox 523 1243 659 1278; x_wconf 76' lang='grc' dir='ltr'>γέροντος,</span> <span class='ocrx_word' id='word_1_228' title='bbox 675 1243 726 1271; x_wconf 84' lang='grc' dir='ltr'>οὐκ</span> <span class='ocrx_word' id='word_1_229' title='bbox 742 1243 775 1271; x_wconf 78' lang='grc' dir='ltr'>ἄν</span> <span class='ocrx_word' id='word_1_230' title='bbox 788 1244 886 1279; x_wconf 79' lang='grc' dir='ltr'><strong>ἐχωρί-</strong></span> 
     </span>
    </p>
   </div>
   <div class='ocr_carea' id='block_1_29' title="bbox 94 1287 885 1323">
    <p class='ocr_par' dir='ltr' id='par_1_29' title="bbox 94 1287 885 1323">
     <span class='ocr_line' id='line_1_29' title="bbox 94 1287 885 1323; baseline 0.003 -9"><span class='ocrx_word' id='word_1_231' title='bbox 94 1288 146 1323; x_wconf 86' lang='grc' dir='ltr'><strong>σθη</strong></span> <span class='ocrx_word' id='word_1_232' title='bbox 163 1287 213 1314; x_wconf 82' lang='grc' dir='ltr'><strong>ἀπ’</strong></span> <span class='ocrx_word' id='word_1_233' title='bbox 233 1287 336 1314; x_wconf 80' lang='grc' dir='ltr'>αὐτῶν.</span> <span class='ocrx_word' id='word_1_234' title='bbox 361 1287 416 1314; x_wconf 83' lang='grc' dir='ltr'><strong>Καὶ</strong></span> <span class='ocrx_word' id='word_1_235' title='bbox 442 1287 517 1321; x_wconf 85' lang='grc' dir='ltr'>λέγει</span> <span class='ocrx_word' id='word_1_236' title='bbox 544 1287 652 1318; x_wconf 79' lang='grc' dir='ltr'><strong>αὐτοῖς’</strong></span> <span class='ocrx_word' id='word_1_237' title='bbox 677 1288 763 1322; x_wconf 81' lang='grc' dir='ltr'><strong>Κάγὼ</strong></span> <span class='ocrx_word' id='word_1_238' title='bbox 781 1289 885 1323; x_wconf 78' lang='grc' dir='ltr'>ἔγνων·</span> 
     </span>
    </p>
   </div>
   <div class='ocr_carea' id='block_1_30' title="bbox 92 1330 886 1371">
    <p class='ocr_par' dir='ltr' id='par_1_30' title="bbox 92 1330 886 1371">
     <span class='ocr_line' id='line_1_30' title="bbox 92 1330 886 1371; baseline 0.001 -10"><span class='ocrx_word' id='word_1_239' title='bbox 92 1334 176 1361; x_wconf 78' lang='grc' dir='ltr'>πάλιν</span> <span class='ocrx_word' id='word_1_240' title='bbox 198 1330 247 1360; x_wconf 79' lang='grc' dir='ltr'>οὖν</span> <span class='ocrx_word' id='word_1_241' title='bbox 269 1332 413 1368; x_wconf 68' lang='grc' dir='ltr'>μέλλουσιν</span> <span class='ocrx_word' id='word_1_242' title='bbox 432 1333 522 1367; x_wconf 72' lang='grc' dir='ltr'>λέγειν</span> <span class='ocrx_word' id='word_1_243' title='bbox 541 1333 567 1359; x_wconf 90' lang='lat' dir='ltr'><strong>oi</strong></span> <span class='ocrx_word' id='word_1_244' title='bbox 590 1333 749 1368; x_wconf 67' lang='grc' dir='ltr'>ἄνθρωπον</span> <span class='ocrx_word' id='word_1_245' title='bbox 770 1335 831 1362; x_wconf 82' lang='grc' dir='ltr'>Ὅτι</span> <span class='ocrx_word' id='word_1_246' title='bbox 848 1335 886 1371; x_wconf 87' lang='grc' dir='ltr'>μὴ</span> 
     </span>
    </p>
   </div>
   <div class='ocr_carea' id='block_1_31' title="bbox 92 1378 887 1417">
    <p class='ocr_par' dir='ltr' id='par_1_31' title="bbox 92 1378 887 1417">
     <span class='ocr_line' id='line_1_31' title="bbox 92 1378 887 1417; baseline 0.003 -11"><span class='ocrx_word' id='word_1_247' title='bbox 92 1379 215 1414; x_wconf 77' lang='grc' dir='ltr'><strong>εὑροῦσα</strong></span> <span class='ocrx_word' id='word_1_248' title='bbox 234 1379 252 1413; x_wconf 81' lang='grc' dir='ltr'><strong>ἡ</strong></span> <span class='ocrx_word' id='word_1_249' title='bbox 273 1379 423 1414; x_wconf 80' lang='grc' dir='ltr'>περιστερὰ</span> <span class='ocrx_word' id='word_1_250' title='bbox 442 1378 597 1406; x_wconf 77' lang='grc' dir='ltr'>ἀνάπαυσιν</span> <span class='ocrx_word' id='word_1_251' title='bbox 617 1380 673 1411; x_wconf 79' lang='grc' dir='ltr'>τοῖς</span> <span class='ocrx_word' id='word_1_252' title='bbox 694 1381 775 1407; x_wconf 76' lang='grc' dir='ltr'>ποσὶν</span> <span class='ocrx_word' id='word_1_253' title='bbox 790 1381 887 1417; x_wconf 81' lang='grc' dir='ltr'>αὐτῆς,</span> 
     </span>
    </p>
   </div>
   <div class='ocr_carea' id='block_1_32' title="bbox 92 1424 888 1460">
    <p class='ocr_par' dir='ltr' id='par_1_32' title="bbox 92 1424 888 1460">
     <span class='ocr_line' id='line_1_32' title="bbox 92 1424 888 1460; baseline 0.004 -9"><span class='ocrx_word' id='word_1_254' title='bbox 92 1424 261 1460; x_wconf 76' lang='grc' dir='ltr'>ἀνέστρεψεν</span> <span class='ocrx_word' id='word_1_255' title='bbox 274 1425 342 1460; x_wconf 77' lang='grc' dir='ltr'>πρὸς</span> <span class='ocrx_word' id='word_1_256' title='bbox 363 1425 425 1452; x_wconf 84' lang='grc' dir='ltr'><strong>Νῶε</strong></span> <span class='ocrx_word' id='word_1_257' title='bbox 450 1425 491 1456; x_wconf 82' lang='grc' dir='ltr'><strong>είς</strong></span> <span class='ocrx_word' id='word_1_258' title='bbox 513 1424 563 1460; x_wconf 85' lang='grc' dir='ltr'>τὴν</span> <span class='ocrx_word' id='word_1_259' title='bbox 584 1425 711 1453; x_wconf 75' lang='grc' dir='ltr'>κιϐωτόν.</span> <span class='ocrx_word' id='word_1_260' title='bbox 732 1427 788 1454; x_wconf 81' lang='grc' dir='ltr'><strong>Καὶ</strong></span> <span class='ocrx_word' id='word_1_261' title='bbox 801 1427 888 1460; x_wconf 78' lang='grc' dir='ltr'>οὓτως</span> 
     </span>
    </p>
   </div>
   <div class='ocr_carea' id='block_1_33' title="bbox 92 1470 888 1509">
    <p class='ocr_par' dir='ltr' id='par_1_33' title="bbox 92 1470 888 1509">
     <span class='ocr_line' id='line_1_33' title="bbox 92 1470 888 1509; baseline 0.005 -12"><span class='ocrx_word' id='word_1_262' title='bbox 92 1470 339 1505; x_wconf 75' lang='grc' dir='ltr'>ἐθεραπεύθησαν,</span> <span class='ocrx_word' id='word_1_263' title='bbox 360 1470 409 1498; x_wconf 83' lang='grc' dir='ltr'>καὶ</span> <span class='ocrx_word' id='word_1_264' title='bbox 431 1470 543 1505; x_wconf 75' lang='grc' dir='ltr'>ἔμειναν</span> <span class='ocrx_word' id='word_1_265' title='bbox 565 1472 625 1506; x_wconf 70' lang='grc' dir='ltr'>μετ’</span> <span class='ocrx_word' id='word_1_266' title='bbox 639 1471 746 1499; x_wconf 80' lang='grc' dir='ltr'>αὐτοῠι</span> <span class='ocrx_word' id='word_1_267' title='bbox 767 1472 820 1506; x_wconf 77' lang='grc' dir='ltr'>ἓως</span> <span class='ocrx_word' id='word_1_268' title='bbox 838 1474 888 1509; x_wconf 80' lang='grc' dir='ltr'>τῆς</span> 
     </span>
    </p>
   </div>
   <div class='ocr_carea' id='block_1_34' title="bbox 93 1516 340 1551">
    <p class='ocr_par' dir='ltr' id='par_1_34' title="bbox 93 1516 340 1551">
     <span class='ocr_line' id='line_1_34' title="bbox 93 1516 340 1551; baseline 0.008 -9"><span class='ocrx_word' id='word_1_269' title='bbox 93 1516 226 1551; x_wconf 75' lang='grc' dir='ltr'>τελευτῆς</span> <span class='ocrx_word' id='word_1_270' title='bbox 243 1516 340 1544; x_wconf 79' lang='grc' dir='ltr'>αὑτοῦ.</span> 
     </span>
    </p>
   </div>
   <div class='ocr_carea' id='block_1_35' title="bbox 410 1572 588 1600">
    <p class='ocr_par' dir='ltr' id='par_1_35' title="bbox 410 1572 588 1600">
     <span class='ocr_line' id='line_1_35' title="bbox 410 1572 588 1600; baseline 0.006 -1"><span class='ocrx_word' id='word_1_271' title='bbox 410 1572 524 1600; x_wconf 82' lang='grc' dir='ltr'>ΚΕΦΔΛ</span> <span class='ocrx_word' id='word_1_272' title='bbox 530 1591 537 1600; x_wconf 93' lang='grc'><strong>.</strong></span> <span class='ocrx_word' id='word_1_273' title='bbox 550 1573 588 1600; x_wconf 84' lang='lat' dir='ltr'><strong>I&quot;.</strong></span> 
     </span>
    </p>
   </div>
   <div class='ocr_carea' id='block_1_36' title="bbox 933 237 1722 274">
    <p class='ocr_par' dir='ltr' id='par_1_36' title="bbox 933 237 1722 274">
     <span class='ocr_line' id='line_1_36' title="bbox 933 237 1722 274; baseline 0.003 -9"><span class='ocrx_word' id='word_1_274' title='bbox 933 237 1051 272; x_wconf 87' lang='lat' dir='ltr'><strong>sejuncti</strong></span> <span class='ocrx_word' id='word_1_275' title='bbox 1063 244 1138 266; x_wconf 89' lang='lat' dir='ltr'><strong>sunt.</strong></span> <span class='ocrx_word' id='word_1_276' title='bbox 1154 238 1297 266; x_wconf 79' lang='lat' dir='ltr'><strong>Descendit</strong></span> <span class='ocrx_word' id='word_1_277' title='bbox 1312 239 1394 274; x_wconf 87' lang='lat' dir='ltr'><strong>igitur</strong></span> <span class='ocrx_word' id='word_1_278' title='bbox 1403 247 1486 267; x_wconf 83' lang='lat' dir='ltr'><strong>senex</strong></span> <span class='ocrx_word' id='word_1_279' title='bbox 1504 239 1532 267; x_wconf 92' lang='lat' dir='ltr'><strong>in</strong></span> <span class='ocrx_word' id='word_1_280' title='bbox 1546 244 1638 274; x_wconf 86' lang='lat' dir='ltr'><strong>partes</strong></span> <span class='ocrx_word' id='word_1_281' title='bbox 1649 239 1722 268; x_wconf 82' lang='lat' dir='ltr'><strong>The-</strong></span> 
     </span>
    </p>
   </div>
   <div class='ocr_carea' id='block_1_37' title="bbox 933 285 1720 321">
    <p class='ocr_par' dir='ltr' id='par_1_37' title="bbox 933 285 1720 321">
     <span class='ocr_line' id='line_1_37' title="bbox 933 285 1720 321; baseline 0.001 -9"><span class='ocrx_word' id='word_1_282' title='bbox 933 285 1021 312; x_wconf 85' lang='lat' dir='ltr'><strong>baidis</strong></span> <span class='ocrx_word' id='word_1_283' title='bbox 1047 285 1115 320; x_wconf 89' lang='lat'><strong>(89),</strong></span> <span class='ocrx_word' id='word_1_284' title='bbox 1143 286 1272 321; x_wconf 77' lang='lat' dir='ltr'><strong>gravique</strong></span> <span class='ocrx_word' id='word_1_285' title='bbox 1299 285 1458 313; x_wconf 85' lang='lat' dir='ltr'><strong>inﬁrmitate</strong></span> <span class='ocrx_word' id='word_1_286' title='bbox 1497 290 1641 321; x_wconf 80' lang='lat' dir='ltr'><strong>correptus</strong></span> <span class='ocrx_word' id='word_1_287' title='bbox 1667 291 1720 314; x_wconf 86' lang='lat' dir='ltr'><strong>est.</strong></span> 
     </span>
    </p>
   </div>
   <div class='ocr_carea' id='block_1_38' title="bbox 933 331 1722 367">
    <p class='ocr_par' dir='ltr' id='par_1_38' title="bbox 933 331 1722 367">
     <span class='ocr_line' id='line_1_38' title="bbox 933 331 1722 367; baseline 0.001 -9"><span class='ocrx_word' id='word_1_288' title='bbox 933 331 1152 359; x_wconf 80' lang='lat' dir='ltr'><strong>Ministriautem</strong></span> <span class='ocrx_word' id='word_1_289' title='bbox 1173 331 1233 366; x_wconf 87' lang='lat' dir='ltr'><strong>ejus</strong></span> <span class='ocrx_word' id='word_1_290' title='bbox 1253 332 1383 359; x_wconf 89' lang='lat' dir='ltr'><strong>dixerunt</strong></span> <span class='ocrx_word' id='word_1_291' title='bbox 1399 332 1470 359; x_wconf 88' lang='lat' dir='ltr'><strong>inter</strong></span> <span class='ocrx_word' id='word_1_292' title='bbox 1486 339 1537 359; x_wconf 88' lang='lat' dir='ltr'><strong>se:</strong></span> <span class='ocrx_word' id='word_1_293' title='bbox 1560 331 1601 358; x_wconf 87' lang='lat' dir='ltr'><strong>An</strong></span> <span class='ocrx_word' id='word_1_294' title='bbox 1623 332 1722 367; x_wconf 76' lang='lat' dir='ltr'><strong>aliquis</strong></span> 
     </span>
    </p>
   </div>
   <div class='ocr_carea' id='block_1_39' title="bbox 933 377 1720 412">
    <p class='ocr_par' dir='ltr' id='par_1_39' title="bbox 933 377 1720 412">
     <span class='ocr_line' id='line_1_39' title="bbox 933 377 1720 412; baseline 0 -7"><span class='ocrx_word' id='word_1_295' title='bbox 933 382 1057 405; x_wconf 86' lang='lat' dir='ltr'><strong>nostrum</strong></span> <span class='ocrx_word' id='word_1_296' title='bbox 1075 377 1250 405; x_wconf 86' lang='lat' dir='ltr'><strong>contrislavit</strong></span> <span class='ocrx_word' id='word_1_297' title='bbox 1269 385 1374 410; x_wconf 87' lang='lat' dir='ltr'><strong>senem,</strong></span> <span class='ocrx_word' id='word_1_298' title='bbox 1391 385 1479 412; x_wconf 86' lang='lat' dir='ltr'><strong>eaque</strong></span> <span class='ocrx_word' id='word_1_299' title='bbox 1494 378 1528 405; x_wconf 91' lang='lat' dir='ltr'><strong>de</strong></span> <span class='ocrx_word' id='word_1_300' title='bbox 1540 385 1623 405; x_wconf 76' lang='lat' dir='ltr'><strong>causa</strong></span> <span class='ocrx_word' id='word_1_301' title='bbox 1641 386 1655 405; x_wconf 92' lang='lat' dir='ltr'><strong>a</strong></span> <span class='ocrx_word' id='word_1_302' title='bbox 1670 385 1720 405; x_wconf 91' lang='lat' dir='ltr'><strong>no-</strong></span> 
     </span>
    </p>
   </div>
   <div class='ocr_carea' id='block_1_40' title="bbox 931 423 1722 458">
    <p class='ocr_par' dir='ltr' id='par_1_40' title="bbox 931 423 1722 458">
     <span class='ocr_line' id='line_1_40' title="bbox 931 423 1722 458; baseline 0 -8"><span class='ocrx_word' id='word_1_303' title='bbox 931 423 975 450; x_wconf 87' lang='lat' dir='ltr'><strong>bis</strong></span> <span class='ocrx_word' id='word_1_304' title='bbox 998 423 1136 455; x_wconf 86' lang='lat' dir='ltr'><strong>sejunctus</strong></span> <span class='ocrx_word' id='word_1_305' title='bbox 1155 424 1215 451; x_wconf 90' lang='lat' dir='ltr'><strong>est?</strong></span> <span class='ocrx_word' id='word_1_306' title='bbox 1229 423 1262 450; x_wconf 89' lang='lat' dir='ltr'><strong>Et</strong></span> <span class='ocrx_word' id='word_1_307' title='bbox 1276 431 1329 450; x_wconf 88' lang='lat' dir='ltr'><strong>non</strong></span> <span class='ocrx_word' id='word_1_308' title='bbox 1348 423 1510 450; x_wconf 86' lang='lat' dir='ltr'><strong>invenerunt</strong></span> <span class='ocrx_word' id='word_1_309' title='bbox 1532 423 1679 458; x_wconf 82' lang='lat' dir='ltr'><strong>quidquam</strong></span> <span class='ocrx_word' id='word_1_310' title='bbox 1696 423 1722 450; x_wconf 93' lang='lat' dir='ltr'><strong>in</strong></span> 
     </span>
    </p>
   </div>
   <div class='ocr_carea' id='block_1_41' title="bbox 932 467 1721 503">
    <p class='ocr_par' dir='ltr' id='par_1_41' title="bbox 932 467 1721 503">
     <span class='ocr_line' id='line_1_41' title="bbox 932 467 1721 503; baseline 0.001 -8"><span class='ocrx_word' id='word_1_311' title='bbox 932 475 962 496; x_wconf 87' lang='lat' dir='ltr'><strong>se</strong></span> <span class='ocrx_word' id='word_1_312' title='bbox 987 468 1083 503; x_wconf 69' lang='lat' dir='ltr'><strong>culpae.</strong></span> <span class='ocrx_word' id='word_1_313' title='bbox 1106 467 1223 496; x_wconf 88' lang='lat' dir='ltr'><strong>Sauitali</strong></span> <span class='ocrx_word' id='word_1_314' title='bbox 1245 474 1336 496; x_wconf 83' lang='lat' dir='ltr'><strong>autem</strong></span> <span class='ocrx_word' id='word_1_315' title='bbox 1357 469 1500 496; x_wconf 65' lang='lat' dir='ltr'><strong>restitutus</strong></span> <span class='ocrx_word' id='word_1_316' title='bbox 1519 476 1613 500; x_wconf 80' lang='lat' dir='ltr'><strong>senex,</strong></span> <span class='ocrx_word' id='word_1_317' title='bbox 1630 469 1721 496; x_wconf 88' lang='lat' dir='ltr'><strong>dixit:</strong></span> 
     </span>
    </p>
   </div>
   <div class='ocr_carea' id='block_1_42' title="bbox 936 506 1723 548">
    <p class='ocr_par' dir='ltr' id='par_1_42' title="bbox 936 506 1723 548">
     <span class='ocr_line' id='line_1_42' title="bbox 936 506 1723 548; baseline 0.003 -8"><span class='ocrx_word' id='word_1_318' title='bbox 936 513 981 541; x_wconf 89' lang='lat' dir='ltr'><strong>Ibo</strong></span> <span class='ocrx_word' id='word_1_319' title='bbox 1000 514 1032 541; x_wconf 87' lang='lat' dir='ltr'><strong>ad</strong></span> <span class='ocrx_word' id='word_1_320' title='bbox 1055 518 1147 548; x_wconf 79' lang='lat' dir='ltr'><strong>patres</strong></span> <span class='ocrx_word' id='word_1_321' title='bbox 1162 522 1258 547; x_wconf 90' lang='lat' dir='ltr'><strong>meos;</strong></span> <span class='ocrx_word' id='word_1_322' title='bbox 1273 519 1299 542; x_wconf 91' lang='lat' dir='ltr'><strong>et</strong></span> <span class='ocrx_word' id='word_1_323' title='bbox 1315 515 1356 542; x_wconf 84' lang='lat' dir='ltr'><strong>sic</strong></span> <span class='ocrx_word' id='word_1_324' title='bbox 1375 515 1438 542; x_wconf 87' lang='lat' dir='ltr'><strong>navi</strong></span> <span class='ocrx_word' id='word_1_325' title='bbox 1460 506 1586 542; x_wconf 75' lang='lat' dir='ltr'><strong>revectus</strong></span> <span class='ocrx_word' id='word_1_326' title='bbox 1605 516 1679 542; x_wconf 87' lang='lat' dir='ltr'><strong>venit</strong></span> <span class='ocrx_word' id='word_1_327' title='bbox 1695 515 1723 542; x_wconf 92' lang='lat' dir='ltr'><strong>in</strong></span> 
     </span>
    </p>
   </div>
   <div class='ocr_carea' id='block_1_43' title="bbox 932 559 1724 594">
    <p class='ocr_par' dir='ltr' id='par_1_43' title="bbox 932 559 1724 594">
     <span class='ocr_line' id='line_1_43' title="bbox 932 559 1724 594; baseline -0.001 -8"><span class='ocrx_word' id='word_1_328' title='bbox 932 559 1041 587; x_wconf 87' lang='lat' dir='ltr'><strong>Petram</strong></span> <span class='ocrx_word' id='word_1_329' title='bbox 1055 559 1123 594; x_wconf 87' lang='lat'><strong>(90),</strong></span> <span class='ocrx_word' id='word_1_330' title='bbox 1139 560 1184 588; x_wconf 89' lang='lat' dir='ltr'><strong>ubi</strong></span> <span class='ocrx_word' id='word_1_331' title='bbox 1211 563 1290 587; x_wconf 89' lang='lat' dir='ltr'><strong>erant</strong></span> <span class='ocrx_word' id='word_1_332' title='bbox 1307 559 1434 594; x_wconf 87' lang='lat' dir='ltr'><strong>discipuli</strong></span> <span class='ocrx_word' id='word_1_333' title='bbox 1461 559 1533 594; x_wconf 90' lang='lat' dir='ltr'><strong>ejus.</strong></span> <span class='ocrx_word' id='word_1_334' title='bbox 1561 559 1629 586; x_wconf 80' lang='lat' dir='ltr'><strong>Cum</strong></span> <span class='ocrx_word' id='word_1_335' title='bbox 1658 567 1724 586; x_wconf 84' lang='lat' dir='ltr'><strong>vero</strong></span> 
     </span>
    </p>
   </div>
   <div class='ocr_carea' id='block_1_44' title="bbox 932 604 1722 640">
    <p class='ocr_par' dir='ltr' id='par_1_44' title="bbox 932 604 1722 640">
     <span class='ocr_line' id='line_1_44' title="bbox 932 604 1722 640; baseline 0.001 -9"><span class='ocrx_word' id='word_1_336' title='bbox 932 612 1016 639; x_wconf 85' lang='lat' dir='ltr'><strong>prope</strong></span> <span class='ocrx_word' id='word_1_337' title='bbox 1040 604 1151 632; x_wconf 83' lang='lat' dir='ltr'><strong>ﬂuviqu</strong></span> <span class='ocrx_word' id='word_1_338' title='bbox 1178 610 1260 636; x_wconf 83' lang='lat' dir='ltr'><strong>esset,</strong></span> <span class='ocrx_word' id='word_1_339' title='bbox 1282 605 1371 639; x_wconf 82' lang='lat' dir='ltr'><strong>puella</strong></span> <span class='ocrx_word' id='word_1_340' title='bbox 1403 606 1527 640; x_wconf 70' lang='lat' dir='ltr'><strong>quaedam</strong></span> <span class='ocrx_word' id='word_1_341' title='bbox 1552 605 1722 639; x_wconf 63' lang='lat' dir='ltr'><strong>Ethiopissa</strong></span> 
     </span>
    </p>
   </div>
   <div class='ocr_carea' id='block_1_45' title="bbox 932 650 1721 686">
    <p class='ocr_par' dir='ltr' id='par_1_45' title="bbox 932 650 1721 686">
     <span class='ocr_line' id='line_1_45' title="bbox 932 650 1721 686; baseline 0 -9"><span class='ocrx_word' id='word_1_342' title='bbox 932 650 1065 677; x_wconf 84' lang='lat' dir='ltr'><strong>accedens</strong></span> <span class='ocrx_word' id='word_1_343' title='bbox 1094 651 1182 685; x_wconf 79' lang='lat' dir='ltr'><strong>tetigit</strong></span> <span class='ocrx_word' id='word_1_344' title='bbox 1200 651 1317 680; x_wconf 85' lang='lat' dir='ltr'><strong>meloteu</strong></span> <span class='ocrx_word' id='word_1_345' title='bbox 1334 650 1389 686; x_wconf 83' lang='lat'><strong>(9|)</strong></span> <span class='ocrx_word' id='word_1_346' title='bbox 1405 651 1503 685; x_wconf 82' lang='lat' dir='ltr'><strong>ipsius.</strong></span> <span class='ocrx_word' id='word_1_347' title='bbox 1527 650 1562 677; x_wconf 85' lang='lat' dir='ltr'><strong>At</strong></span> <span class='ocrx_word' id='word_1_348' title='bbox 1578 658 1660 678; x_wconf 90' lang='lat' dir='ltr'><strong>senex</strong></span> <span class='ocrx_word' id='word_1_349' title='bbox 1678 651 1721 677; x_wconf 91' lang='lat' dir='ltr'><strong>in-</strong></span> 
     </span>
    </p>
   </div>
   <div class='ocr_carea' id='block_1_46' title="bbox 932 696 1722 730">
    <p class='ocr_par' dir='ltr' id='par_1_46' title="bbox 932 696 1722 730">
     <span class='ocr_line' id='line_1_46' title="bbox 932 696 1722 730; baseline 0.003 -8"><span class='ocrx_word' id='word_1_350' title='bbox 932 696 1052 730; x_wconf 89' lang='lat' dir='ltr'><strong>crepavit</strong></span> <span class='ocrx_word' id='word_1_351' title='bbox 1072 703 1143 723; x_wconf 90' lang='lat' dir='ltr'><strong>eam.</strong></span> <span class='ocrx_word' id='word_1_352' title='bbox 1168 696 1261 723; x_wconf 87' lang='lat' dir='ltr'><strong>Puella</strong></span> <span class='ocrx_word' id='word_1_353' title='bbox 1275 704 1342 724; x_wconf 91' lang='lat' dir='ltr'><strong>vero</strong></span> <span class='ocrx_word' id='word_1_354' title='bbox 1354 697 1422 724; x_wconf 82' lang='lat' dir='ltr'><strong>dixit</strong></span> <span class='ocrx_word' id='word_1_355' title='bbox 1437 697 1475 724; x_wconf 91' lang='lat' dir='ltr'><strong>illi</strong></span> <span class='ocrx_word' id='word_1_356' title='bbox 1491 706 1498 724; x_wconf 89' lang='lat'><strong>:</strong></span> <span class='ocrx_word' id='word_1_357' title='bbox 1527 697 1557 724; x_wconf 92' lang='lat' dir='ltr'><strong>Si</strong></span> <span class='ocrx_word' id='word_1_358' title='bbox 1572 697 1722 724; x_wconf 83' lang='lat' dir='ltr'><strong>monachus</strong></span> 
     </span>
    </p>
   </div>
   <div class='ocr_carea' id='block_1_47' title="bbox 932 740 1721 773">
    <p class='ocr_par' dir='ltr' id='par_1_47' title="bbox 932 740 1721 773">
     <span class='ocr_line' id='line_1_47' title="bbox 932 740 1721 773; baseline 0.001 -6"><span class='ocrx_word' id='word_1_359' title='bbox 932 747 972 773; x_wconf 90' lang='lat' dir='ltr'><strong>es,</strong></span> <span class='ocrx_word' id='word_1_360' title='bbox 995 741 1061 768; x_wconf 86' lang='lat' dir='ltr'><strong>vade</strong></span> <span class='ocrx_word' id='word_1_361' title='bbox 1075 741 1108 768; x_wconf 84' lang='lat' dir='ltr'><strong>ad</strong></span> <span class='ocrx_word' id='word_1_362' title='bbox 1131 746 1262 768; x_wconf 88' lang='lat' dir='ltr'><strong>montem.</strong></span> <span class='ocrx_word' id='word_1_363' title='bbox 1287 740 1374 768; x_wconf 81' lang='lat' dir='ltr'><strong>Senex</strong></span> <span class='ocrx_word' id='word_1_364' title='bbox 1390 746 1482 768; x_wconf 90' lang='lat' dir='ltr'><strong>autem</strong></span> <span class='ocrx_word' id='word_1_365' title='bbox 1503 749 1630 769; x_wconf 86' lang='lat' dir='ltr'><strong>sermone</strong></span> <span class='ocrx_word' id='word_1_366' title='bbox 1646 749 1721 768; x_wconf 88' lang='lat' dir='ltr'><strong>com-</strong></span> 
     </span>
    </p>
   </div>
   <div class='ocr_carea' id='block_1_48' title="bbox 933 786 1720 820">
    <p class='ocr_par' dir='ltr' id='par_1_48' title="bbox 933 786 1720 820">
     <span class='ocr_line' id='line_1_48' title="bbox 933 786 1720 820; baseline 0.001 -8"><span class='ocrx_word' id='word_1_367' title='bbox 933 790 1060 820; x_wconf 67' lang='lat' dir='ltr'><strong>punctus,</strong></span> <span class='ocrx_word' id='word_1_368' title='bbox 1079 786 1186 814; x_wconf 85' lang='lat' dir='ltr'><strong>direbat</strong></span> <span class='ocrx_word' id='word_1_369' title='bbox 1200 787 1272 814; x_wconf 81' lang='lat' dir='ltr'><strong>intra</strong></span> <span class='ocrx_word' id='word_1_370' title='bbox 1286 795 1315 815; x_wconf 90' lang='lat' dir='ltr'><strong>se</strong></span> <span class='ocrx_word' id='word_1_371' title='bbox 1329 796 1336 815; x_wconf 89' lang='lat'><strong>:</strong></span> <span class='ocrx_word' id='word_1_372' title='bbox 1349 787 1460 819; x_wconf 84' lang='lat' dir='ltr'><strong>Arseni,</strong></span> <span class='ocrx_word' id='word_1_373' title='bbox 1478 788 1501 815; x_wconf 89' lang='lat' dir='ltr'><strong>si</strong></span> <span class='ocrx_word' id='word_1_374' title='bbox 1514 788 1666 815; x_wconf 90' lang='lat' dir='ltr'><strong>monachus</strong></span> <span class='ocrx_word' id='word_1_375' title='bbox 1680 795 1720 819; x_wconf 73' lang='lat' dir='ltr'><strong>es,</strong></span> 
     </span>
    </p>
   </div>
   <div class='ocr_carea' id='block_1_49' title="bbox 934 832 1724 861">
    <p class='ocr_par' dir='ltr' id='par_1_49' title="bbox 934 832 1724 861">
     <span class='ocr_line' id='line_1_49' title="bbox 934 832 1724 861; baseline 0.003 -3"><span class='ocrx_word' id='word_1_376' title='bbox 934 832 1002 859; x_wconf 86' lang='lat' dir='ltr'><strong>vade</strong></span> <span class='ocrx_word' id='word_1_377' title='bbox 1023 832 1057 859; x_wconf 87' lang='lat' dir='ltr'><strong>ad</strong></span> <span class='ocrx_word' id='word_1_378' title='bbox 1079 837 1209 860; x_wconf 82' lang='lat' dir='ltr'><strong>montem.</strong></span> <span class='ocrx_word' id='word_1_379' title='bbox 1238 833 1344 860; x_wconf 86' lang='lat' dir='ltr'><strong>Interea</strong></span> <span class='ocrx_word' id='word_1_380' title='bbox 1368 839 1517 861; x_wconf 89' lang='lat' dir='ltr'><strong>occurrunt</strong></span> <span class='ocrx_word' id='word_1_381' title='bbox 1531 833 1556 861; x_wconf 92' lang='lat' dir='ltr'><strong>ei</strong></span> <span class='ocrx_word' id='word_1_382' title='bbox 1570 833 1724 861; x_wconf 78' lang='lat' dir='ltr'><strong>Alexander</strong></span> 
     </span>
    </p>
   </div>
   <div class='ocr_carea' id='block_1_50' title="bbox 934 875 1722 913">
    <p class='ocr_par' dir='ltr' id='par_1_50' title="bbox 934 875 1722 913">
     <span class='ocr_line' id='line_1_50' title="bbox 934 875 1722 913; baseline 0.005 -11"><span class='ocrx_word' id='word_1_383' title='bbox 934 880 962 903; x_wconf 87' lang='lat' dir='ltr'><strong>et</strong></span> <span class='ocrx_word' id='word_1_384' title='bbox 987 875 1097 908; x_wconf 86' lang='lat' dir='ltr'><strong>Zoilus;</strong></span> <span class='ocrx_word' id='word_1_385' title='bbox 1123 885 1241 912; x_wconf 88' lang='lat' dir='ltr'><strong>cumque</strong></span> <span class='ocrx_word' id='word_1_386' title='bbox 1273 878 1454 912; x_wconf 79' lang='lat' dir='ltr'><strong>procidissent</strong></span> <span class='ocrx_word' id='word_1_387' title='bbox 1481 878 1515 906; x_wconf 91' lang='lat' dir='ltr'><strong>ad</strong></span> <span class='ocrx_word' id='word_1_388' title='bbox 1545 879 1628 913; x_wconf 85' lang='lat' dir='ltr'><strong>pedes</strong></span> <span class='ocrx_word' id='word_1_389' title='bbox 1651 879 1722 912; x_wconf 77' lang='lat' dir='ltr'><strong>eius,</strong></span> 
     </span>
    </p>
   </div>
   <div class='ocr_carea' id='block_1_51' title="bbox 933 922 1721 959">
    <p class='ocr_par' dir='ltr' id='par_1_51' title="bbox 933 922 1721 959">
     <span class='ocr_line' id='line_1_51' title="bbox 933 922 1721 959; baseline 0.005 -11"><span class='ocrx_word' id='word_1_390' title='bbox 933 922 1048 956; x_wconf 88' lang='lat' dir='ltr'><strong>projecit</strong></span> <span class='ocrx_word' id='word_1_391' title='bbox 1068 930 1098 950; x_wconf 89' lang='lat' dir='ltr'><strong>se</strong></span> <span class='ocrx_word' id='word_1_392' title='bbox 1120 923 1202 949; x_wconf 86' lang='lat' dir='ltr'><strong>etiam</strong></span> <span class='ocrx_word' id='word_1_393' title='bbox 1238 931 1345 951; x_wconf 82' lang='lat' dir='ltr'><strong>senex:</strong></span> <span class='ocrx_word' id='word_1_394' title='bbox 1370 928 1397 951; x_wconf 91' lang='lat' dir='ltr'><strong>et</strong></span> <span class='ocrx_word' id='word_1_395' title='bbox 1420 924 1554 952; x_wconf 82' lang='lat' dir='ltr'><strong>ﬂeverunt</strong></span> <span class='ocrx_word' id='word_1_396' title='bbox 1582 925 1721 959; x_wconf 87' lang='lat' dir='ltr'><strong>utrinque.</strong></span> 
     </span>
    </p>
   </div>
   <div class='ocr_carea' id='block_1_52' title="bbox 934 967 1723 1005">
    <p class='ocr_par' dir='ltr' id='par_1_52' title="bbox 934 967 1723 1005">
     <span class='ocr_line' id='line_1_52' title="bbox 934 967 1723 1005; baseline 0.005 -11"><span class='ocrx_word' id='word_1_397' title='bbox 934 967 1006 995; x_wconf 80' lang='lat' dir='ltr'><strong>Dixit</strong></span> <span class='ocrx_word' id='word_1_398' title='bbox 1027 976 1130 996; x_wconf 83' lang='lat' dir='ltr'><strong>senex:</strong></span> <span class='ocrx_word' id='word_1_399' title='bbox 1153 968 1211 995; x_wconf 86' lang='lat' dir='ltr'><strong>Non</strong></span> <span class='ocrx_word' id='word_1_400' title='bbox 1233 969 1362 1002; x_wconf 84' lang='lat' dir='ltr'><strong>audistis,</strong></span> <span class='ocrx_word' id='word_1_401' title='bbox 1378 970 1451 1005; x_wconf 89' lang='lat' dir='ltr'><strong>quod</strong></span> <span class='ocrx_word' id='word_1_402' title='bbox 1468 971 1651 1005; x_wconf 69' lang='lat' dir='ltr'><strong>aegrotarem?</strong></span> <span class='ocrx_word' id='word_1_403' title='bbox 1670 971 1723 997; x_wconf 82' lang='lat' dir='ltr'><strong>Rc-</strong></span> 
     </span>
    </p>
   </div>
   <div class='ocr_carea' id='block_1_53' title="bbox 933 1013 1722 1047">
    <p class='ocr_par' dir='ltr' id='par_1_53' title="bbox 933 1013 1722 1047">
     <span class='ocr_line' id='line_1_53' title="bbox 933 1013 1722 1047; baseline 0.005 -7"><span class='ocrx_word' id='word_1_404' title='bbox 933 1013 1123 1047; x_wconf 87' lang='lat' dir='ltr'><strong>sponderunt:</strong></span> <span class='ocrx_word' id='word_1_405' title='bbox 1144 1014 1181 1042; x_wconf 85' lang='lat' dir='ltr'><strong>Ita</strong></span> <span class='ocrx_word' id='word_1_406' title='bbox 1199 1020 1251 1042; x_wconf 84' lang='lat' dir='ltr'><strong>est.</strong></span> <span class='ocrx_word' id='word_1_407' title='bbox 1274 1015 1392 1043; x_wconf 79' lang='lat' dir='ltr'><strong>Rursum</strong></span> <span class='ocrx_word' id='word_1_408' title='bbox 1411 1023 1494 1044; x_wconf 86' lang='lat' dir='ltr'><strong>senex</strong></span> <span class='ocrx_word' id='word_1_409' title='bbox 1511 1025 1518 1043; x_wconf 98' lang='lat'>:</span> <span class='ocrx_word' id='word_1_410' title='bbox 1543 1016 1576 1044; x_wconf 89' lang='lat' dir='ltr'><strong>Et</strong></span> <span class='ocrx_word' id='word_1_411' title='bbox 1596 1024 1646 1044; x_wconf 94' lang='lat' dir='ltr'><strong>cur</strong></span> <span class='ocrx_word' id='word_1_412' title='bbox 1668 1025 1722 1044; x_wconf 89' lang='lat' dir='ltr'><strong>non</strong></span> 
     </span>
    </p>
   </div>
   <div class='ocr_carea' id='block_1_54' title="bbox 933 1060 1721 1090">
    <p class='ocr_par' dir='ltr' id='par_1_54' title="bbox 933 1060 1721 1090">
     <span class='ocr_line' id='line_1_54' title="bbox 933 1060 1721 1090; baseline 0.006 -5"><span class='ocrx_word' id='word_1_413' title='bbox 933 1060 1047 1087; x_wconf 87' lang='lat' dir='ltr'><strong>venistis</strong></span> <span class='ocrx_word' id='word_1_414' title='bbox 1068 1067 1112 1088; x_wconf 88' lang='lat' dir='ltr'><strong>me</strong></span> <span class='ocrx_word' id='word_1_415' title='bbox 1135 1061 1274 1088; x_wconf 80' lang='lat' dir='ltr'><strong>invisum?</strong></span> <span class='ocrx_word' id='word_1_416' title='bbox 1298 1061 1331 1088; x_wconf 89' lang='lat' dir='ltr'><strong>Et</strong></span> <span class='ocrx_word' id='word_1_417' title='bbox 1354 1061 1424 1089; x_wconf 83' lang='lat' dir='ltr'><strong>dixit</strong></span> <span class='ocrx_word' id='word_1_418' title='bbox 1439 1062 1524 1090; x_wconf 81' lang='lat' dir='ltr'><strong>abbas</strong></span> <span class='ocrx_word' id='word_1_419' title='bbox 1545 1062 1721 1090; x_wconf 82' lang='lat' dir='ltr'><strong>Alexander:</strong></span> 
     </span>
    </p>
   </div>
   <div class='ocr_carea' id='block_1_55' title="bbox 935 1103 1724 1142">
    <p class='ocr_par' dir='ltr' id='par_1_55' title="bbox 935 1103 1724 1142">
     <span class='ocr_line' id='line_1_55' title="bbox 935 1103 1724 1142; baseline 0.005 -11"><span class='ocrx_word' id='word_1_420' title='bbox 935 1103 1077 1140; x_wconf 82' lang='lat' dir='ltr'><strong>Separatio</strong></span> <span class='ocrx_word' id='word_1_421' title='bbox 1104 1106 1141 1133; x_wconf 92' lang='lat' dir='ltr'><strong>tui</strong></span> <span class='ocrx_word' id='word_1_422' title='bbox 1158 1114 1173 1133; x_wconf 86' lang='lat' dir='ltr'><strong>a</strong></span> <span class='ocrx_word' id='word_1_423' title='bbox 1192 1107 1270 1134; x_wconf 90' lang='lat' dir='ltr'><strong>nobis</strong></span> <span class='ocrx_word' id='word_1_424' title='bbox 1293 1107 1440 1141; x_wconf 83' lang='lat' dir='ltr'><strong>approbata</strong></span> <span class='ocrx_word' id='word_1_425' title='bbox 1472 1108 1544 1135; x_wconf 88' lang='lat' dir='ltr'><strong>haud</strong></span> <span class='ocrx_word' id='word_1_426' title='bbox 1571 1108 1644 1142; x_wconf 88' lang='lat' dir='ltr'><strong>fuit;</strong></span> <span class='ocrx_word' id='word_1_427' title='bbox 1668 1109 1724 1136; x_wconf 93' lang='lat' dir='ltr'><strong>imo</strong></span> 
     </span>
    </p>
   </div>
   <div class='ocr_carea' id='block_1_56' title="bbox 934 1150 1724 1186">
    <p class='ocr_par' dir='ltr' id='par_1_56' title="bbox 934 1150 1724 1186">
     <span class='ocr_line' id='line_1_56' title="bbox 934 1150 1724 1186; baseline 0.006 -9"><span class='ocrx_word' id='word_1_428' title='bbox 934 1150 1028 1178; x_wconf 90' lang='lat' dir='ltr'><strong>multis</strong></span> <span class='ocrx_word' id='word_1_429' title='bbox 1044 1159 1097 1178; x_wconf 90' lang='lat' dir='ltr'><strong>non</strong></span> <span class='ocrx_word' id='word_1_430' title='bbox 1126 1152 1239 1186; x_wconf 84' lang='lat' dir='ltr'><strong>profuit,</strong></span> <span class='ocrx_word' id='word_1_431' title='bbox 1257 1153 1411 1181; x_wconf 86' lang='lat' dir='ltr'><strong>dicentibus</strong></span> <span class='ocrx_word' id='word_1_432' title='bbox 1428 1162 1435 1181; x_wconf 91' lang='lat'>:</span> <span class='ocrx_word' id='word_1_433' title='bbox 1463 1153 1521 1182; x_wconf 78' lang='lat' dir='ltr'><strong>Nisi</strong></span> <span class='ocrx_word' id='word_1_434' title='bbox 1536 1154 1724 1183; x_wconf 83' lang='lat' dir='ltr'><strong>inobedientcs</strong></span> 
     </span>
    </p>
   </div>
   <div class='ocr_carea' id='block_1_57' title="bbox 936 1195 1723 1235">
    <p class='ocr_par' dir='ltr' id='par_1_57' title="bbox 936 1195 1723 1235">
     <span class='ocr_line' id='line_1_57' title="bbox 936 1195 1723 1235; baseline 0.008 -12"><span class='ocrx_word' id='word_1_435' title='bbox 936 1195 1052 1224; x_wconf 75' lang='lat' dir='ltr'><strong>fuissent</strong></span> <span class='ocrx_word' id='word_1_436' title='bbox 1066 1198 1134 1230; x_wconf 86' lang='lat' dir='ltr'><strong>seni,</strong></span> <span class='ocrx_word' id='word_1_437' title='bbox 1149 1205 1202 1226; x_wconf 92' lang='lat' dir='ltr'><strong>non</strong></span> <span class='ocrx_word' id='word_1_438' title='bbox 1219 1198 1312 1234; x_wconf 89' lang='lat' dir='ltr'><strong>utique</strong></span> <span class='ocrx_word' id='word_1_439' title='bbox 1331 1207 1391 1227; x_wconf 82' lang='lat' dir='ltr'><strong>sese</strong></span> <span class='ocrx_word' id='word_1_440' title='bbox 1405 1199 1440 1228; x_wconf 90' lang='lat' dir='ltr'><strong>ab</strong></span> <span class='ocrx_word' id='word_1_441' title='bbox 1465 1200 1533 1235; x_wconf 87' lang='lat' dir='ltr'><strong>ipsis</strong></span> <span class='ocrx_word' id='word_1_442' title='bbox 1547 1201 1723 1235; x_wconf 89' lang='lat' dir='ltr'><strong>sejunxisset.</strong></span> 
     </span>
    </p>
   </div>
   <div class='ocr_carea' id='block_1_58' title="bbox 936 1242 1724 1282">
    <p class='ocr_par' dir='ltr' id='par_1_58' title="bbox 936 1242 1724 1282">
     <span class='ocr_line' id='line_1_58' title="bbox 936 1242 1724 1282; baseline 0.006 -12"><span class='ocrx_word' id='word_1_443' title='bbox 936 1242 1015 1271; x_wconf 91' lang='lat' dir='ltr'><strong>Tunc</strong></span> <span class='ocrx_word' id='word_1_444' title='bbox 1026 1244 1071 1271; x_wconf 88' lang='lat' dir='ltr'><strong>ille</strong></span> <span class='ocrx_word' id='word_1_445' title='bbox 1089 1252 1096 1271; x_wconf 93' lang='lat'>:</span> <span class='ocrx_word' id='word_1_446' title='bbox 1113 1244 1145 1271; x_wconf 89' lang='lat' dir='ltr'><strong>Et</strong></span> <span class='ocrx_word' id='word_1_447' title='bbox 1159 1253 1210 1280; x_wconf 83' lang='lat' dir='ltr'><strong>ego</strong></span> <span class='ocrx_word' id='word_1_448' title='bbox 1229 1246 1255 1273; x_wconf 90' lang='lat' dir='ltr'><strong>id</strong></span> <span class='ocrx_word' id='word_1_449' title='bbox 1271 1246 1345 1275; x_wconf 92' lang='lat' dir='ltr'><strong>novi.</strong></span> <span class='ocrx_word' id='word_1_450' title='bbox 1361 1246 1460 1274; x_wconf 85' lang='lat' dir='ltr'><strong>iterum</strong></span> <span class='ocrx_word' id='word_1_451' title='bbox 1473 1254 1539 1282; x_wconf 68' lang='lat' dir='ltr'><strong>ergo</strong></span> <span class='ocrx_word' id='word_1_452' title='bbox 1549 1248 1648 1275; x_wconf 85' lang='lat' dir='ltr'><strong>dicturi</strong></span> <span class='ocrx_word' id='word_1_453' title='bbox 1659 1253 1724 1275; x_wconf 87' lang='lat' dir='ltr'><strong>sunt</strong></span> 
     </span>
    </p>
   </div>
   <div class='ocr_carea' id='block_1_59' title="bbox 936 1288 1724 1328">
    <p class='ocr_par' dir='ltr' id='par_1_59' title="bbox 936 1288 1724 1328">
     <span class='ocr_line' id='line_1_59' title="bbox 936 1288 1724 1328; baseline 0.006 -12"><span class='ocrx_word' id='word_1_454' title='bbox 936 1288 1061 1317; x_wconf 87' lang='lat' dir='ltr'><strong>homines</strong></span> <span class='ocrx_word' id='word_1_455' title='bbox 1078 1289 1230 1318; x_wconf 86' lang='lat' dir='ltr'><strong>:Columba</strong></span> <span class='ocrx_word' id='word_1_456' title='bbox 1247 1299 1301 1319; x_wconf 88' lang='lat' dir='ltr'><strong>non</strong></span> <span class='ocrx_word' id='word_1_457' title='bbox 1314 1292 1454 1320; x_wconf 81' lang='lat' dir='ltr'><strong>inveniens</strong></span> <span class='ocrx_word' id='word_1_458' title='bbox 1471 1293 1592 1328; x_wconf 88' lang='lat' dir='ltr'><strong>requiem</strong></span> <span class='ocrx_word' id='word_1_459' title='bbox 1609 1294 1724 1328; x_wconf 84' lang='lat' dir='ltr'><strong>pedibus</strong></span> 
     </span>
    </p>
   </div>
   <div class='ocr_carea' id='block_1_60' title="bbox 937 1335 1725 1367">
    <p class='ocr_par' dir='ltr' id='par_1_60' title="bbox 937 1335 1725 1367">
     <span class='ocr_line' id='line_1_60' title="bbox 937 1335 1725 1367; baseline 0.005 -5"><span class='ocrx_word' id='word_1_460' title='bbox 937 1335 1007 1367; x_wconf 84' lang='lat' dir='ltr'><strong>suis,</strong></span> <span class='ocrx_word' id='word_1_461' title='bbox 1026 1343 1136 1363; x_wconf 88' lang='lat' dir='ltr'><strong>reversa</strong></span> <span class='ocrx_word' id='word_1_462' title='bbox 1156 1341 1199 1364; x_wconf 88' lang='lat' dir='ltr'><strong>est</strong></span> <span class='ocrx_word' id='word_1_463' title='bbox 1226 1336 1260 1364; x_wconf 89' lang='lat' dir='ltr'><strong>ad</strong></span> <span class='ocrx_word' id='word_1_464' title='bbox 1283 1336 1340 1365; x_wconf 90' lang='lat' dir='ltr'><strong>Noe</strong></span> <span class='ocrx_word' id='word_1_465' title='bbox 1366 1337 1394 1365; x_wconf 92' lang='lat' dir='ltr'><strong>in</strong></span> <span class='ocrx_word' id='word_1_466' title='bbox 1418 1346 1523 1366; x_wconf 87' lang='lat' dir='ltr'><strong>arcam.</strong></span> <span class='ocrx_word' id='word_1_467' title='bbox 1539 1338 1572 1365; x_wconf 89' lang='lat' dir='ltr'><strong>Et</strong></span> <span class='ocrx_word' id='word_1_468' title='bbox 1587 1339 1626 1366; x_wconf 90' lang='lat' dir='ltr'><strong>sic</strong></span> <span class='ocrx_word' id='word_1_469' title='bbox 1637 1339 1725 1366; x_wconf 91' lang='lat' dir='ltr'><strong>curati</strong></span> 
     </span>
    </p>
   </div>
   <div class='ocr_carea' id='block_1_61' title="bbox 938 1385 1724 1421">
    <p class='ocr_par' dir='ltr' id='par_1_61' title="bbox 938 1385 1724 1421">
     <span class='ocr_line' id='line_1_61' title="bbox 938 1385 1724 1421; baseline 0.006 -13"><span class='ocrx_word' id='word_1_470' title='bbox 938 1386 1012 1414; x_wconf 84' lang='lat' dir='ltr'><strong>sunt,</strong></span> <span class='ocrx_word' id='word_1_471' title='bbox 1041 1387 1259 1418; x_wconf 86' lang='lat' dir='ltr'><strong>manseruntque</strong></span> <span class='ocrx_word' id='word_1_472' title='bbox 1285 1391 1348 1412; x_wconf 88' lang='lat' dir='ltr'><strong>cum</strong></span> <span class='ocrx_word' id='word_1_473' title='bbox 1372 1391 1416 1412; x_wconf 74' lang='grc' dir='ltr'><strong>ΘΟ·</strong></span> <span class='ocrx_word' id='word_1_474' title='bbox 1433 1392 1522 1421; x_wconf 85' lang='lat' dir='ltr'><strong>usque</strong></span> <span class='ocrx_word' id='word_1_475' title='bbox 1545 1385 1580 1413; x_wconf 89' lang='lat' dir='ltr'><strong>ad</strong></span> <span class='ocrx_word' id='word_1_476' title='bbox 1609 1391 1724 1413; x_wconf 88' lang='lat' dir='ltr'><strong>mortem</strong></span> 
     </span>
    </p>
   </div>
   <div class='ocr_carea' id='block_1_62' title="bbox 939 1434 1036 1463">
    <p class='ocr_par' dir='ltr' id='par_1_62' title="bbox 939 1434 1036 1463">
     <span class='ocr_line' id='line_1_62' title="bbox 939 1434 1036 1463; baseline 0.01 -9"><span class='ocrx_word' id='word_1_477' title='bbox 939 1434 1036 1463; x_wconf 78' lang='lat' dir='ltr'><strong>Ipsius.</strong></span> 
     </span>
    </p>
   </div>
   <div class='ocr_carea' id='block_1_63' title="bbox 1262 1574 1402 1602">
    <p class='ocr_par' dir='ltr' id='par_1_63' title="bbox 1262 1574 1402 1602">
     <span class='ocr_line' id='line_1_63' title="bbox 1262 1574 1402 1602; baseline -0.014 0"><span class='ocrx_word' id='word_1_478' title='bbox 1262 1574 1338 1602; x_wconf 75' lang='lat' dir='ltr'><strong>CAP.</strong></span> <span class='ocrx_word' id='word_1_479' title='bbox 1360 1574 1402 1602; x_wconf 94' lang='grc' dir='ltr'><strong>ΙΙΙ.</strong></span> 
     </span>
    </p>
   </div>
   <div class='ocr_carea' id='block_1_64' title="bbox 96 1626 1728 1667">
    <p class='ocr_par' dir='ltr' id='par_1_64' title="bbox 96 1626 1728 1667">
     <span class='ocr_line' id='line_1_64' title="bbox 96 1626 1728 1667; baseline 0.004 -13"><span class='ocrx_word' id='word_1_480' title='bbox 96 1626 251 1654; x_wconf 68' lang='lat' dir='ltr'><strong>Prandium</strong></span> <span class='ocrx_word' id='word_1_481' title='bbox 262 1626 402 1660; x_wconf 66' lang='lat' dir='ltr'><strong>daemonis,</strong></span> <span class='ocrx_word' id='word_1_482' title='bbox 418 1632 443 1655; x_wconf 89' lang='lat' dir='ltr'><strong>et</strong></span> <span class='ocrx_word' id='word_1_483' title='bbox 459 1636 620 1655; x_wconf 82' lang='lat' dir='ltr'><strong>arcanorum</strong></span> <span class='ocrx_word' id='word_1_484' title='bbox 634 1629 840 1667; x_wconf 70' lang='lat' dir='ltr'><strong>perspicientia;</strong></span> <span class='ocrx_word' id='word_1_485' title='bbox 853 1632 972 1665; x_wconf 77' lang='lat' dir='ltr'><strong>morbus,</strong></span> <span class='ocrx_word' id='word_1_486' title='bbox 986 1634 1063 1664; x_wconf 79' lang='lat' dir='ltr'><strong>visio,</strong></span> <span class='ocrx_word' id='word_1_487' title='bbox 1079 1640 1144 1659; x_wconf 83' lang='lat' dir='ltr'><strong>cura</strong></span> <span class='ocrx_word' id='word_1_488' title='bbox 1169 1632 1308 1659; x_wconf 69' lang='lat' dir='ltr'><strong>vilissima:</strong></span> <span class='ocrx_word' id='word_1_489' title='bbox 1324 1632 1484 1667; x_wconf 65' lang='lat' dir='ltr'><strong>sepulturae;</strong></span> <span class='ocrx_word' id='word_1_490' title='bbox 1497 1633 1728 1665; x_wconf 66' lang='lat' dir='ltr'><strong>mort;habiludo</strong></span> 
     </span>
    </p>
   </div>
   <div class='ocr_carea' id='block_1_65' title="bbox 661 1665 1162 1702">
    <p class='ocr_par' dir='ltr' id='par_1_65' title="bbox 661 1665 1162 1702">
     <span class='ocr_line' id='line_1_65' title="bbox 661 1665 1162 1702; baseline 0.012 -12"><span class='ocrx_word' id='word_1_491' title='bbox 661 1665 791 1699; x_wconf 73' lang='lat' dir='ltr'><strong>corporis,</strong></span> <span class='ocrx_word' id='word_1_492' title='bbox 806 1667 930 1700; x_wconf 81' lang='lat' dir='ltr'><strong>periocha</strong></span> <span class='ocrx_word' id='word_1_493' title='bbox 948 1669 1020 1702; x_wconf 70' lang='lat' dir='ltr'><strong>vim,</strong></span> <span class='ocrx_word' id='word_1_494' title='bbox 1038 1668 1162 1702; x_wconf 76' lang='lat' dir='ltr'><strong>elogium.</strong></span> 
     </span>
    </p>
   </div>
   <div class='ocr_carea' id='block_1_66' title="bbox 133 1709 886 1749">
    <p class='ocr_par' dir='ltr' id='par_1_66' title="bbox 133 1709 886 1749">
     <span class='ocr_line' id='line_1_66' title="bbox 133 1709 886 1749; baseline 0.005 -13"><span class='ocrx_word' id='word_1_495' title='bbox 133 1709 179 1736; x_wconf 81' lang='grc' dir='ltr'><strong>ιθ¹.</strong></span> <span class='ocrx_word' id='word_1_496' title='bbox 194 1709 279 1737; x_wconf 79' lang='grc' dir='ltr'>Πάλιν</span> <span class='ocrx_word' id='word_1_497' title='bbox 293 1709 375 1736; x_wconf 63' lang='grc' dir='ltr'>ἄλλου</span> <span class='ocrx_word' id='word_1_498' title='bbox 391 1709 557 1746; x_wconf 81' lang='grc' dir='ltr'>πυθομένου,</span> <span class='ocrx_word' id='word_1_499' title='bbox 568 1711 618 1738; x_wconf 74' lang='grc' dir='ltr'><strong>καὶ</strong></span> <span class='ocrx_word' id='word_1_500' title='bbox 630 1711 757 1746; x_wconf 83' lang='grc' dir='ltr'>λέγοντος</span> <span class='ocrx_word' id='word_1_501' title='bbox 774 1713 813 1748; x_wconf 86' lang='grc' dir='ltr'>τῷ</span> <span class='ocrx_word' id='word_1_502' title='bbox 824 1714 853 1740; x_wconf 78' lang='grc' dir='ltr'><strong>’Δ</strong></span> <span class='ocrx_word' id='word_1_503' title='bbox 858 1723 886 1749; x_wconf 85' lang='grc' dir='ltr'><strong>ρ-</strong></span> 
     </span>
    </p>
   </div>
   <div class='ocr_carea' id='block_1_67' title="bbox 98 1755 886 1792">
    <p class='ocr_par' dir='ltr' id='par_1_67' title="bbox 98 1755 886 1792">
     <span class='ocr_line' id='line_1_67' title="bbox 98 1755 886 1792; baseline 0.005 -11"><span class='ocrx_word' id='word_1_504' title='bbox 98 1756 197 1790; x_wconf 76' lang='grc' dir='ltr'>σενίῳο</span> <span class='ocrx_word' id='word_1_505' title='bbox 215 1756 246 1782; x_wconf 78' lang='grc' dir='ltr'><strong>υἱ</strong></span> <span class='ocrx_word' id='word_1_506' title='bbox 266 1755 395 1791; x_wconf 89' lang='grc' dir='ltr'>λογισμοί</span> <span class='ocrx_word' id='word_1_507' title='bbox 413 1764 464 1791; x_wconf 93' lang='grc' dir='ltr'>μου</span> <span class='ocrx_word' id='word_1_508' title='bbox 481 1756 602 1783; x_wconf 76' lang='grc' dir='ltr'>θλίϐουσί</span> <span class='ocrx_word' id='word_1_509' title='bbox 623 1765 668 1792; x_wconf 86' lang='grc' dir='ltr'><strong>με,</strong></span> <span class='ocrx_word' id='word_1_510' title='bbox 683 1758 826 1792; x_wconf 84' lang='grc' dir='ltr'>λέγοντες·</span> <span class='ocrx_word' id='word_1_511' title='bbox 850 1759 886 1786; x_wconf 85' lang='grc' dir='ltr'><strong>Οὐ</strong></span> 
     </span>
    </p>
   </div>
   <div class='ocr_carea' id='block_1_68' title="bbox 96 1800 887 1836">
    <p class='ocr_par' dir='ltr' id='par_1_68' title="bbox 96 1800 887 1836">
     <span class='ocr_line' id='line_1_68' title="bbox 96 1800 887 1836; baseline 0.005 -9"><span class='ocrx_word' id='word_1_512' title='bbox 96 1800 211 1827; x_wconf 84' lang='grc' dir='ltr'>δύνασαι</span> <span class='ocrx_word' id='word_1_513' title='bbox 226 1801 382 1835; x_wconf 79' lang='grc' dir='ltr'>νηστεῦσαι,</span> <span class='ocrx_word' id='word_1_514' title='bbox 395 1801 457 1828; x_wconf 78' lang='grc' dir='ltr'>οὐδὲ</span> <span class='ocrx_word' id='word_1_515' title='bbox 470 1801 646 1836; x_wconf 76' lang='grc' dir='ltr'>ἐργάζεσθαι,</span> <span class='ocrx_word' id='word_1_516' title='bbox 660 1803 711 1830; x_wconf 83' lang='grc' dir='ltr'>κᾶν</span> <span class='ocrx_word' id='word_1_517' title='bbox 721 1804 887 1831; x_wconf 82' lang='grc' dir='ltr'>ὲπισκέπτου</span> 
     </span>
    </p>
   </div>
   <div class='ocr_carea' id='block_1_69' title="bbox 97 1846 888 1882">
    <p class='ocr_par' dir='ltr' id='par_1_69' title="bbox 97 1846 888 1882">
     <span class='ocr_line' id='line_1_69' title="bbox 97 1846 888 1882; baseline 0.004 -9"><span class='ocrx_word' id='word_1_518' title='bbox 97 1846 292 1879; x_wconf 78' lang='grc' dir='ltr'>ἀσθενοῦντας,</span> <span class='ocrx_word' id='word_1_519' title='bbox 307 1847 356 1874; x_wconf 74' lang='grc' dir='ltr'>καὶ</span> <span class='ocrx_word' id='word_1_520' title='bbox 373 1847 453 1874; x_wconf 73' lang='grc' dir='ltr'>τοῦτο</span> <span class='ocrx_word' id='word_1_521' title='bbox 467 1848 496 1874; x_wconf 80' lang='grc' dir='ltr'><strong>δὲ</strong></span> <span class='ocrx_word' id='word_1_522' title='bbox 511 1848 607 1882; x_wconf 82' lang='grc' dir='ltr'>ἀγάπη</span> <span class='ocrx_word' id='word_1_523' title='bbox 624 1848 709 1876; x_wconf 83' lang='grc' dir='ltr'>ὲστίν.</span> <span class='ocrx_word' id='word_1_524' title='bbox 729 1848 814 1881; x_wconf 82' lang='grc' dir='ltr'><strong>Εἰδὼς</strong></span> <span class='ocrx_word' id='word_1_525' title='bbox 830 1849 858 1876; x_wconf 85' lang='grc' dir='ltr'><strong>δὲ</strong></span> <span class='ocrx_word' id='word_1_526' title='bbox 873 1850 888 1876; x_wconf 85' lang='grc' dir='ltr'><strong>ὀ</strong></span> 
     </span>
    </p>
   </div>
   <div class='ocr_carea' id='block_1_70' title="bbox 97 1892 886 1930">
    <p class='ocr_par' dir='ltr' id='par_1_70' title="bbox 97 1892 886 1930">
     <span class='ocr_line' id='line_1_70' title="bbox 97 1892 886 1930; baseline 0.005 -12"><span class='ocrx_word' id='word_1_527' title='bbox 97 1892 190 1927; x_wconf 84' lang='grc' dir='ltr'>γέρων</span> <span class='ocrx_word' id='word_1_528' title='bbox 203 1893 255 1923; x_wconf 84' lang='grc' dir='ltr'><strong>τὰς</strong></span> <span class='ocrx_word' id='word_1_529' title='bbox 268 1892 413 1928; x_wconf 77' lang='grc' dir='ltr'>πονηρίας,</span> <span class='ocrx_word' id='word_1_530' title='bbox 427 1893 475 1919; x_wconf 80' lang='grc' dir='ltr'><strong>καὶ</strong></span> <span class='ocrx_word' id='word_1_531' title='bbox 487 1894 551 1925; x_wconf 82' lang='grc' dir='ltr'>τοὺς</span> <span class='ocrx_word' id='word_1_532' title='bbox 567 1893 660 1925; x_wconf 87' lang='grc' dir='ltr'>δόλους</span> <span class='ocrx_word' id='word_1_533' title='bbox 673 1894 728 1920; x_wconf 83' lang='grc' dir='ltr'>τῶν</span> <span class='ocrx_word' id='word_1_534' title='bbox 740 1895 886 1930; x_wconf 82' lang='grc' dir='ltr'>δαιμόνων,</span> 
     </span>
    </p>
   </div>
   <div class='ocr_carea' id='block_1_71' title="bbox 97 1937 889 1975">
    <p class='ocr_par' dir='ltr' id='par_1_71' title="bbox 97 1937 889 1975">
     <span class='ocr_line' id='line_1_71' title="bbox 97 1937 889 1975; baseline 0.006 -12"><span class='ocrx_word' id='word_1_535' title='bbox 97 1937 174 1972; x_wconf 81' lang='grc' dir='ltr'>λέγει</span> <span class='ocrx_word' id='word_1_536' title='bbox 199 1937 239 1972; x_wconf 84' lang='grc' dir='ltr'>τῷ</span> <span class='ocrx_word' id='word_1_537' title='bbox 262 1938 368 1973; x_wconf 82' lang='grc' dir='ltr'>ἀδελφῷ</span> <span class='ocrx_word' id='word_1_538' title='bbox 380 1947 387 1954; x_wconf 91' lang='grc'>·</span> <span class='ocrx_word' id='word_1_539' title='bbox 410 1939 531 1973; x_wconf 83' lang='grc' dir='ltr'>Ὕπαγε,</span> <span class='ocrx_word' id='word_1_540' title='bbox 548 1939 629 1973; x_wconf 83' lang='grc' dir='ltr'>φάγε,</span> <span class='ocrx_word' id='word_1_541' title='bbox 650 1939 706 1971; x_wconf 87' lang='grc' dir='ltr'>πίε,</span> <span class='ocrx_word' id='word_1_542' title='bbox 724 1940 823 1975; x_wconf 86' lang='grc' dir='ltr'>κοιμῶ,</span> <span class='ocrx_word' id='word_1_543' title='bbox 841 1942 889 1968; x_wconf 77' lang='grc' dir='ltr'><strong>καὶ</strong></span> 
     </span>
    </p>
   </div>
   <div class='ocr_carea' id='block_1_72' title="bbox 99 1982 888 2022">
    <p class='ocr_par' dir='ltr' id='par_1_72' title="bbox 99 1982 888 2022">
     <span class='ocr_line' id='line_1_72' title="bbox 99 1982 888 2022; baseline 0.005 -13"><span class='ocrx_word' id='word_1_544' title='bbox 99 1982 138 2018; x_wconf 82' lang='grc' dir='ltr'>μὴ</span> <span class='ocrx_word' id='word_1_545' title='bbox 157 1983 265 2019; x_wconf 65' lang='grc' dir='ltr'>ἐργάσῃ</span> <span class='ocrx_word' id='word_1_546' title='bbox 274 1991 281 1998; x_wconf 91' lang='grc'><strong><em>“</em></strong></span> <span class='ocrx_word' id='word_1_547' title='bbox 301 1983 382 2018; x_wconf 85' lang='grc' dir='ltr'>μόνον</span> <span class='ocrx_word' id='word_1_548' title='bbox 393 1984 440 2010; x_wconf 85' lang='grc' dir='ltr'>τοῦ</span> <span class='ocrx_word' id='word_1_549' title='bbox 453 1984 559 2011; x_wconf 83' lang='grc' dir='ltr'>κελλίου</span> <span class='ocrx_word' id='word_1_550' title='bbox 570 1993 618 2011; x_wconf 91' lang='grc' dir='ltr'>σου</span> <span class='ocrx_word' id='word_1_551' title='bbox 630 1985 668 2021; x_wconf 81' lang='grc' dir='ltr'>μὴ</span> <span class='ocrx_word' id='word_1_552' title='bbox 682 1985 805 2021; x_wconf 74' lang='grc' dir='ltr'>ἀποστῇς</span> <span class='ocrx_word' id='word_1_553' title='bbox 814 1995 821 2002; x_wconf 87' lang='grc'>·</span> <span class='ocrx_word' id='word_1_554' title='bbox 837 1987 888 2022; x_wconf 64' lang='grc' dir='ltr'><strong>ἤδη</strong></span> 
     </span>
    </p>
   </div>
   <div class='ocr_carea' id='block_1_73' title="bbox 97 2028 889 2065">
    <p class='ocr_par' dir='ltr' id='par_1_73' title="bbox 97 2028 889 2065">
     <span class='ocr_line' id='line_1_73' title="bbox 97 2028 889 2065; baseline 0.004 -11"><span class='ocrx_word' id='word_1_555' title='bbox 97 2028 154 2063; x_wconf 82' lang='grc' dir='ltr'>γὰρ</span> <span class='ocrx_word' id='word_1_556' title='bbox 167 2028 210 2055; x_wconf 83' lang='grc' dir='ltr'>ὃτι</span> <span class='ocrx_word' id='word_1_557' title='bbox 222 2029 238 2063; x_wconf 80' lang='grc' dir='ltr'>ἠ</span> <span class='ocrx_word' id='word_1_558' title='bbox 252 2028 375 2064; x_wconf 80' lang='grc' dir='ltr'>ὑπομονὴ</span> <span class='ocrx_word' id='word_1_559' title='bbox 387 2028 435 2056; x_wconf 81' lang='grc' dir='ltr'>τοῦ</span> <span class='ocrx_word' id='word_1_560' title='bbox 450 2029 557 2056; x_wconf 80' lang='grc' dir='ltr'>κελλίου</span> <span class='ocrx_word' id='word_1_561' title='bbox 568 2030 647 2065; x_wconf 79' lang='grc' dir='ltr'>φέρει</span> <span class='ocrx_word' id='word_1_562' title='bbox 658 2030 704 2056; x_wconf 81' lang='grc' dir='ltr'><strong>τὸν</strong></span> <span class='ocrx_word' id='word_1_563' title='bbox 719 2030 835 2065; x_wconf 69' lang='grc' dir='ltr'>μοναχὸν</span> <span class='ocrx_word' id='word_1_564' title='bbox 849 2032 889 2062; x_wconf 76' lang='grc' dir='ltr'>εις</span> 
     </span>
    </p>
   </div>
   <div class='ocr_carea' id='block_1_74' title="bbox 97 2073 888 2116">
    <p class='ocr_par' dir='ltr' id='par_1_74' title="bbox 97 2073 888 2116">
     <span class='ocr_line' id='line_1_74' title="bbox 97 2073 888 2116; baseline 0.004 -16"><span class='ocrx_word' id='word_1_565' title='bbox 97 2073 149 2109; x_wconf 83' lang='grc' dir='ltr'>τὴν</span> <span class='ocrx_word' id='word_1_566' title='bbox 160 2074 240 2106; x_wconf 81' lang='grc' dir='ltr'>τάξιν</span> <span class='ocrx_word' id='word_1_567' title='bbox 254 2073 348 2102; x_wconf 79' lang='grc' dir='ltr'>αὐτοῦ.</span> <span class='ocrx_word' id='word_1_568' title='bbox 364 2075 422 2102; x_wconf 81' lang='grc' dir='ltr'><strong>Οὐκ</strong></span> <span class='ocrx_word' id='word_1_569' title='bbox 436 2075 644 2116; x_wconf 79' lang='grc' dir='ltr'>ἁπελιμπάνετο</span> <span class='ocrx_word' id='word_1_570' title='bbox 660 2075 690 2103; x_wconf 80' lang='grc' dir='ltr'><strong>δὲ</strong></span> <span class='ocrx_word' id='word_1_571' title='bbox 703 2075 751 2103; x_wconf 83' lang='grc' dir='ltr'>τοῦ</span> <span class='ocrx_word' id='word_1_572' title='bbox 769 2076 888 2112; x_wconf 88' lang='grc' dir='ltr'>διορατι-</span> 
     </span>
    </p>
   </div>
   <div class='ocr_carea' id='block_1_75' title="bbox 972 1706 1726 1750">
    <p class='ocr_par' dir='ltr' id='par_1_75' title="bbox 972 1706 1726 1750">
     <span class='ocr_line' id='line_1_75' title="bbox 972 1706 1726 1750; baseline 0.001 -7"><span class='ocrx_word' id='word_1_573' title='bbox 972 1716 1015 1743; x_wconf 80' lang='lat' dir='ltr'><strong>l9.</strong></span> <span class='ocrx_word' id='word_1_574' title='bbox 1033 1716 1101 1743; x_wconf 90' lang='lat' dir='ltr'><strong>Dum</strong></span> <span class='ocrx_word' id='word_1_575' title='bbox 1131 1723 1228 1744; x_wconf 86' lang='lat' dir='ltr'><strong>rursus</strong></span> <span class='ocrx_word' id='word_1_576' title='bbox 1257 1715 1327 1743; x_wconf 87' lang='lat' dir='ltr'><strong>alius</strong></span> <span class='ocrx_word' id='word_1_577' title='bbox 1359 1706 1541 1750; x_wconf 79' lang='lat' dir='ltr'><strong>interrogaret</strong></span> <span class='ocrx_word' id='word_1_578' title='bbox 1567 1723 1600 1743; x_wconf 85' lang='lat' dir='ltr'><strong>ac</strong></span> <span class='ocrx_word' id='word_1_579' title='bbox 1622 1716 1726 1744; x_wconf 75' lang='lat' dir='ltr'><strong>(liceret</strong></span> 
     </span>
    </p>
   </div>
   <div class='ocr_carea' id='block_1_76' title="bbox 935 1761 1723 1796">
    <p class='ocr_par' dir='ltr' id='par_1_76' title="bbox 935 1761 1723 1796">
     <span class='ocr_line' id='line_1_76' title="bbox 935 1761 1723 1796; baseline -0.001 -7"><span class='ocrx_word' id='word_1_580' title='bbox 935 1762 1075 1790; x_wconf 81' lang='lat' dir='ltr'><strong>Arsenio:</strong></span> <span class='ocrx_word' id='word_1_581' title='bbox 1105 1762 1293 1796; x_wconf 80' lang='lat' dir='ltr'><strong>Cogitationes</strong></span> <span class='ocrx_word' id='word_1_582' title='bbox 1324 1769 1389 1789; x_wconf 68' lang='lat' dir='ltr'><strong>mete</strong></span> <span class='ocrx_word' id='word_1_583' title='bbox 1419 1761 1542 1796; x_wconf 83' lang='lat' dir='ltr'><strong>alliiguut</strong></span> <span class='ocrx_word' id='word_1_584' title='bbox 1558 1769 1610 1794; x_wconf 92' lang='lat' dir='ltr'><strong>me,</strong></span> <span class='ocrx_word' id='word_1_585' title='bbox 1626 1769 1723 1796; x_wconf 77' lang='lat' dir='ltr'><strong>Sugge-</strong></span> 
     </span>
    </p>
   </div>
   <div class='ocr_carea' id='block_1_77' title="bbox 935 1807 1726 1843">
    <p class='ocr_par' dir='ltr' id='par_1_77' title="bbox 935 1807 1726 1843">
     <span class='ocr_line' id='line_1_77' title="bbox 935 1807 1726 1843; baseline 0 -8"><span class='ocrx_word' id='word_1_586' title='bbox 935 1812 1045 1836; x_wconf 85' lang='lat' dir='ltr'><strong>rentes:</strong></span> <span class='ocrx_word' id='word_1_587' title='bbox 1061 1807 1119 1835; x_wconf 89' lang='lat' dir='ltr'><strong>Non</strong></span> <span class='ocrx_word' id='word_1_588' title='bbox 1137 1809 1212 1836; x_wconf 87' lang='lat' dir='ltr'><strong>vales</strong></span> <span class='ocrx_word' id='word_1_589' title='bbox 1222 1808 1357 1842; x_wconf 85' lang='lat' dir='ltr'><strong>jejunnre,</strong></span> <span class='ocrx_word' id='word_1_590' title='bbox 1373 1815 1423 1836; x_wconf 92' lang='lat' dir='ltr'><strong>nec</strong></span> <span class='ocrx_word' id='word_1_591' title='bbox 1436 1808 1562 1843; x_wconf 81' lang='lat' dir='ltr'><strong>operari;</strong></span> <span class='ocrx_word' id='word_1_592' title='bbox 1579 1809 1672 1837; x_wconf 86' lang='lat' dir='ltr'><strong>saltem</strong></span> <span class='ocrx_word' id='word_1_593' title='bbox 1684 1809 1726 1836; x_wconf 90' lang='lat' dir='ltr'><strong>in-</strong></span> 
     </span>
    </p>
   </div>
   <div class='ocr_carea' id='block_1_78' title="bbox 936 1853 1726 1888">
    <p class='ocr_par' dir='ltr' id='par_1_78' title="bbox 936 1853 1726 1888">
     <span class='ocr_line' id='line_1_78' title="bbox 936 1853 1726 1888; baseline 0.003 -8"><span class='ocrx_word' id='word_1_594' title='bbox 936 1853 1030 1882; x_wconf 85' lang='lat' dir='ltr'><strong>firmos</strong></span> <span class='ocrx_word' id='word_1_595' title='bbox 1047 1853 1147 1887; x_wconf 85' lang='lat' dir='ltr'><strong>visita;</strong></span> <span class='ocrx_word' id='word_1_596' title='bbox 1164 1858 1246 1888; x_wconf 88' lang='lat' dir='ltr'><strong>atque</strong></span> <span class='ocrx_word' id='word_1_597' title='bbox 1263 1855 1315 1881; x_wconf 85' lang='lat' dir='ltr'><strong>hoc</strong></span> <span class='ocrx_word' id='word_1_598' title='bbox 1327 1858 1402 1882; x_wconf 91' lang='lat' dir='ltr'><strong>certe</strong></span> <span class='ocrx_word' id='word_1_599' title='bbox 1427 1854 1548 1882; x_wconf 86' lang='lat' dir='ltr'><strong>charilas</strong></span> <span class='ocrx_word' id='word_1_600' title='bbox 1562 1859 1616 1882; x_wconf 89' lang='lat' dir='ltr'><strong>est.</strong></span> <span class='ocrx_word' id='word_1_601' title='bbox 1636 1854 1726 1882; x_wconf 83' lang='lat' dir='ltr'><strong>Senex</strong></span> 
     </span>
    </p>
   </div>
   <div class='ocr_carea' id='block_1_79' title="bbox 938 1899 1724 1934">
    <p class='ocr_par' dir='ltr' id='par_1_79' title="bbox 938 1899 1724 1934">
     <span class='ocr_line' id='line_1_79' title="bbox 938 1899 1724 1934; baseline 0.005 -9"><span class='ocrx_word' id='word_1_602' title='bbox 938 1899 1028 1934; x_wconf 89' lang='lat' dir='ltr'><strong>itaque</strong></span> <span class='ocrx_word' id='word_1_603' title='bbox 1053 1904 1126 1927; x_wconf 81' lang='lat' dir='ltr'><strong>artes</strong></span> <span class='ocrx_word' id='word_1_604' title='bbox 1148 1900 1282 1934; x_wconf 75' lang='lat' dir='ltr'><strong>dolosque</strong></span> <span class='ocrx_word' id='word_1_605' title='bbox 1292 1899 1424 1926; x_wconf 66' lang='lat' dir='ltr'><strong>daemonis</strong></span> <span class='ocrx_word' id='word_1_606' title='bbox 1449 1905 1590 1934; x_wconf 85' lang='lat' dir='ltr'><strong>perspecta</strong></span> <span class='ocrx_word' id='word_1_607' title='bbox 1608 1900 1724 1934; x_wconf 86' lang='lat' dir='ltr'><strong>habens,</strong></span> 
     </span>
    </p>
   </div>
   <div class='ocr_carea' id='block_1_80' title="bbox 937 1944 1725 1979">
    <p class='ocr_par' dir='ltr' id='par_1_80' title="bbox 937 1944 1725 1979">
     <span class='ocr_line' id='line_1_80' title="bbox 937 1944 1725 1979; baseline 0.004 -8"><span class='ocrx_word' id='word_1_608' title='bbox 937 1944 1006 1972; x_wconf 89' lang='lat' dir='ltr'><strong>dixit</strong></span> <span class='ocrx_word' id='word_1_609' title='bbox 1032 1944 1132 1972; x_wconf 82' lang='lat' dir='ltr'><strong>fratri:</strong></span> <span class='ocrx_word' id='word_1_610' title='bbox 1155 1945 1240 1976; x_wconf 83' lang='lat' dir='ltr'><strong>Vade,</strong></span> <span class='ocrx_word' id='word_1_611' title='bbox 1265 1945 1389 1977; x_wconf 87' lang='lat' dir='ltr'><strong>comede,</strong></span> <span class='ocrx_word' id='word_1_612' title='bbox 1412 1945 1485 1978; x_wconf 87' lang='lat' dir='ltr'><strong>bibe,</strong></span> <span class='ocrx_word' id='word_1_613' title='bbox 1503 1946 1602 1979; x_wconf 90' lang='lat' dir='ltr'><strong>dormi,</strong></span> <span class='ocrx_word' id='word_1_614' title='bbox 1628 1951 1725 1974; x_wconf 88' lang='lat' dir='ltr'><strong>etnon</strong></span> 
     </span>
    </p>
   </div>
   <div class='ocr_carea' id='block_1_81' title="bbox 936 1991 1726 2025">
    <p class='ocr_par' dir='ltr' id='par_1_81' title="bbox 936 1991 1726 2025">
     <span class='ocr_line' id='line_1_81' title="bbox 936 1991 1726 2025; baseline 0.001 -8"><span class='ocrx_word' id='word_1_615' title='bbox 936 1997 1050 2024; x_wconf 80' lang='lat' dir='ltr'><strong>operare</strong></span> <span class='ocrx_word' id='word_1_616' title='bbox 1064 1999 1071 2017; x_wconf 93' lang='lat'>:</span> <span class='ocrx_word' id='word_1_617' title='bbox 1087 1991 1168 2018; x_wconf 90' lang='lat' dir='ltr'><strong>modo</strong></span> <span class='ocrx_word' id='word_1_618' title='bbox 1179 1999 1194 2018; x_wconf 93' lang='lat' dir='ltr'><strong>a</strong></span> <span class='ocrx_word' id='word_1_619' title='bbox 1209 1991 1277 2018; x_wconf 81' lang='lat' dir='ltr'><strong>cella</strong></span> <span class='ocrx_word' id='word_1_620' title='bbox 1290 1995 1334 2018; x_wconf 81' lang='lat' dir='ltr'><strong>tua</strong></span> <span class='ocrx_word' id='word_1_621' title='bbox 1346 1999 1378 2018; x_wconf 87' lang='lat' dir='ltr'><strong>ne</strong></span> <span class='ocrx_word' id='word_1_622' title='bbox 1389 1991 1506 2019; x_wconf 83' lang='lat' dir='ltr'><strong>desistas</strong></span> <span class='ocrx_word' id='word_1_623' title='bbox 1522 2001 1528 2019; x_wconf 94' lang='lat'>:</span> <span class='ocrx_word' id='word_1_624' title='bbox 1546 1996 1625 2019; x_wconf 86' lang='lat' dir='ltr'><strong>norat</strong></span> <span class='ocrx_word' id='word_1_625' title='bbox 1640 1992 1726 2025; x_wconf 81' lang='lat' dir='ltr'><strong>enim,</strong></span> 
     </span>
    </p>
   </div>
   <div class='ocr_carea' id='block_1_82' title="bbox 937 2035 1726 2069">
    <p class='ocr_par' dir='ltr' id='par_1_82' title="bbox 937 2035 1726 2069">
     <span class='ocr_line' id='line_1_82' title="bbox 937 2035 1726 2069; baseline 0.003 -8"><span class='ocrx_word' id='word_1_626' title='bbox 937 2035 1073 2069; x_wconf 73' lang='lat' dir='ltr'><strong>patientize</strong></span> <span class='ocrx_word' id='word_1_627' title='bbox 1094 2035 1120 2062; x_wconf 94' lang='lat' dir='ltr'><strong>in</strong></span> <span class='ocrx_word' id='word_1_628' title='bbox 1143 2036 1210 2063; x_wconf 78' lang='lat' dir='ltr'><strong>cella</strong></span> <span class='ocrx_word' id='word_1_629' title='bbox 1229 2036 1425 2063; x_wconf 83' lang='lat' dir='ltr'><strong>exercitatione</strong></span> <span class='ocrx_word' id='word_1_630' title='bbox 1447 2036 1611 2063; x_wconf 84' lang='lat' dir='ltr'><strong>monachum</strong></span> <span class='ocrx_word' id='word_1_631' title='bbox 1635 2036 1662 2063; x_wconf 94' lang='lat' dir='ltr'><strong>in</strong></span> <span class='ocrx_word' id='word_1_632' title='bbox 1679 2044 1726 2062; x_wconf 91' lang='lat' dir='ltr'><strong>or-</strong></span> 
     </span>
    </p>
   </div>
   <div class='ocr_carea' id='block_1_83' title="bbox 937 2079 1724 2116">
    <p class='ocr_par' dir='ltr' id='par_1_83' title="bbox 937 2079 1724 2116">
     <span class='ocr_line' id='line_1_83' title="bbox 937 2079 1724 2116; baseline 0.001 -10"><span class='ocrx_word' id='word_1_633' title='bbox 937 2079 1028 2106; x_wconf 88' lang='lat' dir='ltr'><strong>dinem</strong></span> <span class='ocrx_word' id='word_1_634' title='bbox 1054 2087 1135 2107; x_wconf 87' lang='lat' dir='ltr'><strong>suum</strong></span> <span class='ocrx_word' id='word_1_635' title='bbox 1150 2080 1236 2115; x_wconf 78' lang='lat' dir='ltr'><strong>redigi</strong></span> <span class='ocrx_word' id='word_1_636' title='bbox 1249 2080 1318 2116; x_wconf 73' lang='lat'><strong>(92).</strong></span> <span class='ocrx_word' id='word_1_637' title='bbox 1331 2079 1426 2115; x_wconf 86' lang='lat' dir='ltr'><strong>Neque</strong></span> <span class='ocrx_word' id='word_1_638' title='bbox 1438 2080 1640 2109; x_wconf 87' lang='lat' dir='ltr'><strong>destituebatur</strong></span> <span class='ocrx_word' id='word_1_639' title='bbox 1656 2080 1724 2108; x_wconf 82' lang='lat' dir='ltr'><strong>eba-</strong></span> 
     </span>
    </p>
   </div>
   <div class='ocr_carea' id='block_1_84' title="bbox 733 2143 1082 2176">
    <p class='ocr_par' dir='ltr' id='par_1_84' title="bbox 733 2143 1082 2176">
     <span class='ocr_line' id='line_1_84' title="bbox 733 2143 1082 2176; baseline 0.011 -4"><span class='ocrx_word' id='word_1_640' title='bbox 733 2143 854 2173; x_wconf 65' lang='lat' dir='ltr'><strong>VAHIIE</strong></span> <span class='ocrx_word' id='word_1_641' title='bbox 874 2145 1082 2176; x_wconf 79' lang='lat' dir='ltr'><strong>LECTIONES.</strong></span> 
     </span>
    </p>
   </div>
   <div class='ocr_carea' id='block_1_85' title="bbox 856 2215 972 2246">
    <p class='ocr_par' dir='ltr' id='par_1_85' title="bbox 856 2215 972 2246">
     <span class='ocr_line' id='line_1_85' title="bbox 856 2215 972 2246; baseline 0.026 -3"><span class='ocrx_word' id='word_1_642' title='bbox 856 2215 972 2246; x_wconf 67' lang='grc' dir='ltr'><strong>ΝΟΤΕ.</strong></span> 
     </span>
    </p>
   </div>
   <div class='ocr_carea' id='block_1_86' title="bbox 139 2176 580 2214">
    <p class='ocr_par' dir='ltr' id='par_1_86' title="bbox 139 2176 580 2214">
     <span class='ocr_line' id='line_1_86' title="bbox 139 2176 580 2214; baseline 0.005 -9"><span class='ocrx_word' id='word_1_643' title='bbox 139 2177 149 2198; x_wconf 82' lang='grc' dir='ltr'><strong>ι</strong></span> <span class='ocrx_word' id='word_1_644' title='bbox 161 2176 281 2206; x_wconf 84' lang='lat' dir='ltr'><strong>Coteler.</strong></span> <span class='ocrx_word' id='word_1_645' title='bbox 295 2176 389 2214; x_wconf 71' lang='grc' dir='ltr'>ἔμεινε</span> <span class='ocrx_word' id='word_1_646' title='bbox 404 2177 465 2213; x_wconf 78' lang='grc' dir='ltr'>μετ’</span> <span class='ocrx_word' id='word_1_647' title='bbox 477 2177 580 2207; x_wconf 83' lang='grc' dir='ltr'>αὐτῶν.</span> 
     </span>
    </p>
   </div>
   <div class='ocr_carea' id='block_1_87' title="bbox 101 2257 889 2292">
    <p class='ocr_par' dir='ltr' id='par_1_87' title="bbox 101 2257 889 2292">
     <span class='ocr_line' id='line_1_87' title="bbox 101 2257 889 2292; baseline 0.005 -8"><span class='ocrx_word' id='word_1_648' title='bbox 101 2257 201 2285; x_wconf 84' lang='lat' dir='ltr'><strong>fuisset</strong></span> <span class='ocrx_word' id='word_1_649' title='bbox 212 2257 246 2285; x_wconf 91' lang='lat' dir='ltr'><strong>ad</strong></span> <span class='ocrx_word' id='word_1_650' title='bbox 258 2257 432 2286; x_wconf 88' lang='lat' dir='ltr'><strong>eximendam</strong></span> <span class='ocrx_word' id='word_1_651' title='bbox 447 2257 548 2286; x_wconf 82' lang='lat' dir='ltr'><strong>famem</strong></span> <span class='ocrx_word' id='word_1_652' title='bbox 560 2263 588 2286; x_wconf 91' lang='lat' dir='ltr'><strong>et</strong></span> <span class='ocrx_word' id='word_1_653' title='bbox 599 2258 794 2287; x_wconf 83' lang='lat' dir='ltr'><strong>restaurandas</strong></span> <span class='ocrx_word' id='word_1_654' title='bbox 805 2259 889 2292; x_wconf 84' lang='lat' dir='ltr'><strong>vires.</strong></span> 
     </span>
    </p>
   </div>
   <div class='ocr_carea' id='block_1_88' title="bbox 99 2293 890 2328">
    <p class='ocr_par' dir='ltr' id='par_1_88' title="bbox 99 2293 890 2328">
     <span class='ocr_line' id='line_1_88' title="bbox 99 2293 890 2328; baseline 0.001 -7"><span class='ocrx_word' id='word_1_655' title='bbox 99 2293 147 2321; x_wconf 77' lang='lat' dir='ltr'><strong>sed</strong></span> <span class='ocrx_word' id='word_1_656' title='bbox 170 2297 257 2328; x_wconf 73' lang='lat' dir='ltr'><strong>tuam,</strong></span> <span class='ocrx_word' id='word_1_657' title='bbox 276 2300 331 2328; x_wconf 81' lang='lat' dir='ltr'><strong>qua</strong></span> <span class='ocrx_word' id='word_1_658' title='bbox 351 2293 425 2321; x_wconf 90' lang='lat' dir='ltr'><strong>vesci</strong></span> <span class='ocrx_word' id='word_1_659' title='bbox 440 2293 524 2325; x_wconf 85' lang='lat' dir='ltr'><strong>soles.</strong></span> <span class='ocrx_word' id='word_1_660' title='bbox 539 2301 619 2328; x_wconf 83' lang='lat' dir='ltr'><strong>pane.</strong></span> <span class='ocrx_word' id='word_1_661' title='bbox 637 2294 741 2326; x_wconf 87' lang='lat' dir='ltr'><strong>herbis,</strong></span> <span class='ocrx_word' id='word_1_662' title='bbox 763 2299 811 2321; x_wconf 82' lang='lat' dir='ltr'><strong>aut</strong></span> <span class='ocrx_word' id='word_1_663' title='bbox 828 2295 890 2323; x_wconf 85' lang='lat' dir='ltr'><strong>aliis</strong></span> 
     </span>
    </p>
   </div>
   <div class='ocr_carea' id='block_1_89' title="bbox 98 2327 890 2361">
    <p class='ocr_par' dir='ltr' id='par_1_89' title="bbox 98 2327 890 2361">
     <span class='ocr_line' id='line_1_89' title="bbox 98 2327 890 2361; baseline 0.003 -6"><span class='ocrx_word' id='word_1_664' title='bbox 98 2327 249 2355; x_wconf 84' lang='lat' dir='ltr'><strong>esculentis</strong></span> <span class='ocrx_word' id='word_1_665' title='bbox 276 2327 436 2361; x_wconf 88' lang='lat' dir='ltr'><strong>bujusmodi</strong></span> <span class='ocrx_word' id='word_1_666' title='bbox 462 2327 636 2360; x_wconf 80' lang='lat' dir='ltr'><strong>concoctam.</strong></span> <span class='ocrx_word' id='word_1_667' title='bbox 666 2336 749 2361; x_wconf 79' lang='lat' dir='ltr'><strong>sume,</strong></span> <span class='ocrx_word' id='word_1_668' title='bbox 777 2330 890 2357; x_wconf 87' lang='lat' dir='ltr'><strong>comede</strong></span> 
     </span>
    </p>
   </div>
   <div class='ocr_carea' id='block_1_90' title="bbox 98 2361 890 2398">
    <p class='ocr_par' dir='ltr' id='par_1_90' title="bbox 98 2361 890 2398">
     <span class='ocr_line' id='line_1_90' title="bbox 98 2361 890 2398; baseline 0.004 -10"><span class='ocrx_word' id='word_1_669' title='bbox 98 2364 165 2396; x_wconf 89' lang='lat' dir='ltr'><strong>(non</strong></span> <span class='ocrx_word' id='word_1_670' title='bbox 180 2361 286 2398; x_wconf 78' lang='lat' dir='ltr'><strong>dicitur</strong></span> <span class='ocrx_word' id='word_1_671' title='bbox 298 2362 364 2393; x_wconf 79' lang='lat' dir='ltr'><strong>bibe,</strong></span> <span class='ocrx_word' id='word_1_672' title='bbox 377 2363 452 2396; x_wconf 88' lang='lat' dir='ltr'><strong>quod</strong></span> <span class='ocrx_word' id='word_1_673' title='bbox 468 2363 499 2390; x_wconf 83' lang='lat' dir='ltr'><strong>fit</strong></span> <span class='ocrx_word' id='word_1_674' title='bbox 515 2363 542 2390; x_wconf 92' lang='lat' dir='ltr'><strong>in</strong></span> <span class='ocrx_word' id='word_1_675' title='bbox 560 2371 631 2398; x_wconf 87' lang='lat' dir='ltr'><strong>aqua</strong></span> <span class='ocrx_word' id='word_1_676' title='bbox 645 2362 744 2398; x_wconf 88' lang='lat' dir='ltr'><strong>mera).</strong></span> <span class='ocrx_word' id='word_1_677' title='bbox 760 2363 806 2391; x_wconf 89' lang='lat' dir='ltr'><strong>Sic</strong></span> <span class='ocrx_word' id='word_1_678' title='bbox 819 2364 890 2391; x_wconf 87' lang='lat' dir='ltr'><strong>dici-</strong></span> 
     </span>
    </p>
   </div>
   <div class='ocr_carea' id='block_1_91' title="bbox 99 2397 890 2434">
    <p class='ocr_par' dir='ltr' id='par_1_91' title="bbox 99 2397 890 2434">
     <span class='ocr_line' id='line_1_91' title="bbox 99 2397 890 2434; baseline 0.005 -11"><span class='ocrx_word' id='word_1_679' title='bbox 99 2402 154 2429; x_wconf 86' lang='lat' dir='ltr'><strong>tur,</strong></span> <span class='ocrx_word' id='word_1_680' title='bbox 175 2397 316 2434; x_wconf 82' lang='lat' dir='ltr'><strong>jusculum</strong></span> <span class='ocrx_word' id='word_1_681' title='bbox 342 2405 462 2429; x_wconf 85' lang='lat' dir='ltr'><strong>sumere,</strong></span> <span class='ocrx_word' id='word_1_682' title='bbox 482 2398 531 2434; x_wconf 76' lang='lat' dir='ltr'><strong>lac</strong></span> <span class='ocrx_word' id='word_1_683' title='bbox 554 2397 709 2432; x_wconf 84' lang='lat' dir='ltr'><strong>comedere,</strong></span> <span class='ocrx_word' id='word_1_684' title='bbox 731 2405 890 2434; x_wconf 88' lang='lat' dir='ltr'><strong>quanquam</strong></span> 
     </span>
    </p>
   </div>
   <div class='ocr_carea' id='block_1_92' title="bbox 98 2431 513 2466">
    <p class='ocr_par' dir='ltr' id='par_1_92' title="bbox 98 2431 513 2466">
     <span class='ocr_line' id='line_1_92' title="bbox 98 2431 513 2466; baseline 0.002 -8"><span class='ocrx_word' id='word_1_685' title='bbox 98 2434 178 2466; x_wconf 72' lang='lat' dir='ltr'><strong>panis</strong></span> <span class='ocrx_word' id='word_1_686' title='bbox 194 2431 226 2466; x_wconf 17' lang='lat' dir='ltr'><strong>in,</strong></span> <span class='ocrx_word' id='word_1_687' title='bbox 236 2432 276 2459; x_wconf 86' lang='lat' dir='ltr'><strong>eis</strong></span> <span class='ocrx_word' id='word_1_688' title='bbox 292 2437 449 2459; x_wconf 87' lang='lat' dir='ltr'><strong>maceratus</strong></span> <span class='ocrx_word' id='word_1_689' title='bbox 466 2432 513 2459; x_wconf 84' lang='lat' dir='ltr'><strong>sit.</strong></span> 
     </span>
    </p>
   </div>
   <div class='ocr_carea' id='block_1_93' title="bbox 134 2457 927 2502">
    <p class='ocr_par' dir='ltr' id='par_1_93' title="bbox 134 2457 927 2502">
     <span class='ocr_line' id='line_1_93' title="bbox 134 2457 927 2502; baseline 0.004 -9"><span class='ocrx_word' id='word_1_690' title='bbox 134 2457 193 2502; x_wconf 71' lang='lat' dir='ltr'><strong>(se)</strong></span> <span class='ocrx_word' id='word_1_691' title='bbox 215 2457 401 2502; x_wconf 59' lang='grc' dir='ltr'><strong>δέτίίέεὶῐιῄἱέιῐ</strong></span> <span class='ocrx_word' id='word_1_692' title='bbox 409 2457 456 2493; x_wconf 63' lang='lat' dir='ltr'><strong>iiii:</strong></span> <span class='ocrx_word' id='word_1_693' title='bbox 472 2457 654 2502; x_wconf 60' lang='lat' dir='ltr'><strong>diemandriw,</strong></span> <span class='ocrx_word' id='word_1_694' title='bbox 664 2476 718 2496; x_wconf 91' lang='lat' dir='ltr'><strong>non</strong></span> <span class='ocrx_word' id='word_1_695' title='bbox 734 2468 885 2501; x_wconf 70' lang='lat' dir='ltr'><strong>Thebaidis,</strong></span> <span class='ocrx_word' id='word_1_696' title='bbox 900 2457 927 2488; x_wconf 86' lang='lat' dir='ltr'><strong>D</strong></span> 
     </span>
    </p>
   </div>
   <div class='ocr_carea' id='block_1_94' title="bbox 98 2500 886 2536">
    <p class='ocr_par' dir='ltr' id='par_1_94' title="bbox 98 2500 886 2536">
     <span class='ocr_line' id='line_1_94' title="bbox 98 2500 886 2536; baseline 0.004 -8"><span class='ocrx_word' id='word_1_697' title='bbox 98 2501 258 2529; x_wconf 86' lang='lat' dir='ltr'><strong>monuimus</strong></span> <span class='ocrx_word' id='word_1_698' title='bbox 282 2501 309 2536; x_wconf 85' lang='lat' dir='ltr'><strong>iu</strong></span> <span class='ocrx_word' id='word_1_699' title='bbox 337 2500 533 2528; x_wconf 83' lang='lat' dir='ltr'><strong>Commentario</strong></span> <span class='ocrx_word' id='word_1_700' title='bbox 551 2500 659 2536; x_wconf 66' lang='lat' dir='ltr'><strong>prmio,</strong></span> <span class='ocrx_word' id='word_1_701' title='bbox 682 2511 759 2530; x_wconf 90' lang='lat' dir='ltr'><strong>num.</strong></span> <span class='ocrx_word' id='word_1_702' title='bbox 780 2504 824 2531; x_wconf 75' lang='lat'><strong>53.</strong></span> <span class='ocrx_word' id='word_1_703' title='bbox 848 2500 886 2531; x_wconf 83' lang='lat' dir='ltr'><strong>Ea</strong></span> 
     </span>
    </p>
   </div>
   <div class='ocr_carea' id='block_1_95' title="bbox 97 2535 886 2600">
    <p class='ocr_par' dir='ltr' id='par_1_95' title="bbox 97 2535 886 2600">
     <span class='ocr_line' id='line_1_95' title="bbox 97 2535 886 2576; baseline 0.004 -14"><span class='ocrx_word' id='word_1_704' title='bbox 97 2543 172 2576; x_wconf 73' lang='lat' dir='ltr'><strong>vero,</strong></span> <span class='ocrx_word' id='word_1_705' title='bbox 188 2543 251 2570; x_wconf 67' lang='lat' dir='ltr'><strong>qua:</strong></span> <span class='ocrx_word' id='word_1_706' title='bbox 264 2535 308 2562; x_wconf 91' lang='lat' dir='ltr'><strong>hic</strong></span> <span class='ocrx_word' id='word_1_707' title='bbox 322 2541 482 2570; x_wconf 87' lang='lat' dir='ltr'><strong>narrantur,</strong></span> <span class='ocrx_word' id='word_1_708' title='bbox 497 2535 579 2564; x_wconf 83' lang='lat' dir='ltr'><strong>babes</strong></span> <span class='ocrx_word' id='word_1_709' title='bbox 595 2538 622 2565; x_wconf 95' lang='lat' dir='ltr'><strong>in</strong></span> <span class='ocrx_word' id='word_1_710' title='bbox 644 2537 712 2565; x_wconf 73' lang='lat' dir='ltr'><strong>Vilis</strong></span> <span class='ocrx_word' id='word_1_711' title='bbox 727 2538 784 2565; x_wconf 87' lang='lat' dir='ltr'><strong>PP.</strong></span> <span class='ocrx_word' id='word_1_712' title='bbox 797 2539 845 2566; x_wconf 91' lang='lat' dir='ltr'><strong>lib.</strong></span> <span class='ocrx_word' id='word_1_713' title='bbox 858 2546 886 2572; x_wconf 92' lang='lat' dir='ltr'><strong>v,</strong></span> 
     </span>
     <span class='ocr_line' id='line_1_96' title="bbox 97 2570 802 2600; baseline 0.004 -3"><span class='ocrx_word' id='word_1_714' title='bbox 97 2570 182 2597; x_wconf 81' lang='lat' dir='ltr'><strong>libell.</strong></span> <span class='ocrx_word' id='word_1_715' title='bbox 201 2570 246 2600; x_wconf 74' lang='grc'><strong>15.</strong></span> <span class='ocrx_word' id='word_1_716' title='bbox 263 2577 339 2597; x_wconf 90' lang='lat' dir='ltr'><strong>num.</strong></span> <span class='ocrx_word' id='word_1_717' title='bbox 356 2570 383 2600; x_wconf 86' lang='lat'><strong>9.</strong></span> <span class='ocrx_word' id='word_1_718' title='bbox 402 2572 475 2600; x_wconf 83' lang='lat' dir='ltr'><strong>apud</strong></span> <span class='ocrx_word' id='word_1_719' title='bbox 492 2571 612 2599; x_wconf 88' lang='lat' dir='ltr'><strong>Coteler.</strong></span> <span class='ocrx_word' id='word_1_720' title='bbox 628 2581 643 2600; x_wconf 85' lang='lat' dir='ltr'><strong>a</strong></span> <span class='ocrx_word' id='word_1_721' title='bbox 660 2580 720 2600; x_wconf 62' lang='grc' dir='ltr'>οδε.</span> <span class='ocrx_word' id='word_1_722' title='bbox 739 2573 802 2600; x_wconf 81' lang='grc'><strong>565.</strong></span> 
     </span>
    </p>
   </div>
   <div class='ocr_carea' id='block_1_96' title="bbox 108 2578 888 2643">
    <p class='ocr_par' dir='ltr' id='par_1_96' title="bbox 108 2578 888 2643">
     <span class='ocr_line' id='line_1_97' title="bbox 108 2578 802 2607; baseline 0.006 -11"><span class='ocrx_word' id='word_1_723' title='bbox 108 2578 182 2597; x_wconf 76' lang='lat' dir='ltr'><strong>tuen.</strong></span> <span class='ocrx_word' id='word_1_724' title='bbox 201 2578 246 2601; x_wconf 76' lang='lat' dir='ltr'><strong>to.</strong></span> <span class='ocrx_word' id='word_1_725' title='bbox 263 2578 339 2597; x_wconf 90' lang='lat' dir='ltr'><strong>num.</strong></span> <span class='ocrx_word' id='word_1_726' title='bbox 356 2578 383 2601; x_wconf 73' lang='grc' dir='ltr'>ν.</span> <span class='ocrx_word' id='word_1_727' title='bbox 402 2578 475 2606; x_wconf 79' lang='lat' dir='ltr'><strong>apud</strong></span> <span class='ocrx_word' id='word_1_728' title='bbox 492 2578 612 2599; x_wconf 74' lang='lat' dir='ltr'><strong>uoteler.</strong></span> <span class='ocrx_word' id='word_1_729' title='bbox 628 2581 643 2600; x_wconf 85' lang='lat' dir='ltr'><strong>a</strong></span> <span class='ocrx_word' id='word_1_730' title='bbox 660 2580 720 2607; x_wconf 86' lang='lat' dir='ltr'><strong>pag.</strong></span> <span class='ocrx_word' id='word_1_731' title='bbox 739 2578 802 2600; x_wconf 73' lang='lat'><strong>565.</strong></span> 
     </span>
     <span class='ocr_line' id='line_1_98' title="bbox 112 2603 888 2643; baseline 0.005 -12"><span class='ocrx_word' id='word_1_732' title='bbox 112 2605 191 2643; x_wconf 69' lang='grc' dir='ltr'><strong>Δ(91))</strong></span> <span class='ocrx_word' id='word_1_733' title='bbox 212 2603 339 2643; x_wconf 64' lang='lat' dir='ltr'><strong>lntelljge</strong></span> <span class='ocrx_word' id='word_1_734' title='bbox 355 2605 576 2643; x_wconf 84' lang='lat' dir='ltr'><strong>Petram_Troes,</strong></span> <span class='ocrx_word' id='word_1_735' title='bbox 596 2608 631 2643; x_wconf 71' lang='lat' dir='ltr'><strong>de</strong></span> <span class='ocrx_word' id='word_1_736' title='bbox 650 2615 704 2642; x_wconf 86' lang='lat' dir='ltr'><strong>qua</strong></span> <span class='ocrx_word' id='word_1_737' title='bbox 723 2615 816 2643; x_wconf 85' lang='lat' dir='ltr'><strong>supra.</strong></span> <span class='ocrx_word' id='word_1_738' title='bbox 833 2607 888 2636; x_wconf 88' lang='lat' dir='ltr'><strong>Su-</strong></span> 
     </span>
    </p>
   </div>
   <div class='ocr_carea' id='block_1_97' title="bbox 96 2640 888 2677">
    <p class='ocr_par' dir='ltr' id='par_1_97' title="bbox 96 2640 888 2677">
     <span class='ocr_line' id='line_1_99' title="bbox 96 2640 888 2677; baseline 0.005 -11"><span class='ocrx_word' id='word_1_739' title='bbox 96 2640 156 2677; x_wconf 87' lang='lat' dir='ltr'><strong>ri_us</strong></span> <span class='ocrx_word' id='word_1_740' title='bbox 182 2640 329 2677; x_wconf 63' lang='lat' dir='ltr'><strong>num._22,</strong></span> <span class='ocrx_word' id='word_1_741' title='bbox 358 2646 439 2677; x_wconf 86' lang='lat' dir='ltr'><strong>vocat</strong></span> <span class='ocrx_word' id='word_1_742' title='bbox 462 2640 571 2677; x_wconf 85' lang='lat' dir='ltr'><strong>P_etram</strong></span> <span class='ocrx_word' id='word_1_743' title='bbox 598 2640 732 2677; x_wconf 71' lang='lat' dir='ltr'><strong>Stromes.</strong></span> <span class='ocrx_word' id='word_1_744' title='bbox 758 2640 888 2677; x_wconf 61' lang='lat' dir='ltr'><strong>&#39;Apogra-</strong></span> 
     </span>
    </p>
   </div>
   <div class='ocr_carea' id='block_1_98' title="bbox 115 2674 888 2711">
    <p class='ocr_par' dir='ltr' id='par_1_98' title="bbox 115 2674 888 2711">
     <span class='ocr_line' id='line_1_100' title="bbox 115 2674 888 2711; baseline 0.006 -11"><span class='ocrx_word' id='word_1_745' title='bbox 115 2675 182 2711; x_wconf 73' lang='lat' dir='ltr'><strong>bum</strong></span> <span class='ocrx_word' id='word_1_746' title='bbox 201 2674 359 2711; x_wconf 65' lang='lat' dir='ltr'><strong>medicamm</strong></span> <span class='ocrx_word' id='word_1_747' title='bbox 380 2676 452 2711; x_wconf 79' lang='lat' dir='ltr'><strong>regis</strong></span> <span class='ocrx_word' id='word_1_748' title='bbox 471 2675 594 2703; x_wconf 78' lang='lat' dir='ltr'><strong>Francia:</strong></span> <span class='ocrx_word' id='word_1_749' title='bbox 616 2676 688 2704; x_wconf 89' lang='lat' dir='ltr'><strong>infra</strong></span> <span class='ocrx_word' id='word_1_750' title='bbox 708 2674 888 2705; x_wconf 40' lang='lat' dir='ltr'><strong>citatum-ba-</strong></span> 
     </span>
    </p>
   </div>
   <div class='ocr_carea' id='block_1_99' title="bbox 97 2682 886 2745">
    <p class='ocr_par' dir='ltr' id='par_1_99' title="bbox 97 2682 886 2745">
     <span class='ocr_line' id='line_1_101' title="bbox 97 2682 886 2735; baseline 0.006 -35"><span class='ocrx_word' id='word_1_751' title='bbox 97 2682 182 2735; x_wconf 46' lang='lat' dir='ltr'><strong>unum</strong></span> <span class='ocrx_word' id='word_1_752' title='bbox 201 2682 359 2702; x_wconf 60' lang='lat' dir='ltr'><strong>medicatum</strong></span> <span class='ocrx_word' id='word_1_753' title='bbox 380 2683 452 2711; x_wconf 78' lang='lat' dir='ltr'><strong>regis</strong></span> <span class='ocrx_word' id='word_1_754' title='bbox 471 2682 594 2703; x_wconf 70' lang='lat' dir='ltr'><strong>r&#39;ranciac</strong></span> <span class='ocrx_word' id='word_1_755' title='bbox 616 2682 688 2704; x_wconf 80' lang='lat' dir='ltr'><strong>intra</strong></span> <span class='ocrx_word' id='word_1_756' title='bbox 708 2682 823 2705; x_wconf 79' lang='lat' dir='ltr'><strong>citatum</strong></span> <span class='ocrx_word' id='word_1_757' title='bbox 839 2682 886 2705; x_wconf 78' lang='lat' dir='ltr'><strong>Ita-</strong></span> 
     </span>
     <span class='ocr_line' id='line_1_102' title="bbox 132 2709 886 2745; baseline 0.007 -10"><span class='ocrx_word' id='word_1_758' title='bbox 132 2713 142 2735; x_wconf 94' lang='lat' dir='ltr'><strong>t</strong></span> <span class='ocrx_word' id='word_1_759' title='bbox 160 2709 323 2745; x_wconf 84' lang='grc' dir='ltr'>Στρώμνης,</span> <span class='ocrx_word' id='word_1_760' title='bbox 340 2709 389 2745; x_wconf 86' lang='lat' dir='ltr'><strong>sed</strong></span> <span class='ocrx_word' id='word_1_761' title='bbox 412 2710 528 2745; x_wconf 80' lang='lat' dir='ltr'><strong>scriptio</strong></span> <span class='ocrx_word' id='word_1_762' title='bbox 543 2711 594 2738; x_wconf 77' lang='lat' dir='ltr'><strong>sibi</strong></span> <span class='ocrx_word' id='word_1_763' title='bbox 611 2719 666 2739; x_wconf 92' lang='lat' dir='ltr'><strong>non</strong></span> <span class='ocrx_word' id='word_1_764' title='bbox 681 2716 789 2740; x_wconf 85' lang='lat' dir='ltr'><strong>constat</strong></span> <span class='ocrx_word' id='word_1_765' title='bbox 804 2722 811 2740; x_wconf 84' lang='lat'><strong>:</strong></span> <span class='ocrx_word' id='word_1_766' title='bbox 824 2721 886 2740; x_wconf 90' lang='lat' dir='ltr'><strong>nam</strong></span> 
     </span>
    </p>
   </div>
   <div class='ocr_carea' id='block_1_100' title="bbox 97 2744 384 2779">
    <p class='ocr_par' dir='ltr' id='par_1_100' title="bbox 97 2744 384 2779">
     <span class='ocr_line' id='line_1_103' title="bbox 97 2744 384 2779; baseline 0.003 -9"><span class='ocrx_word' id='word_1_767' title='bbox 97 2748 124 2779; x_wconf 77' lang='lat' dir='ltr'><strong>et</strong></span> <span class='ocrx_word' id='word_1_768' title='bbox 151 2744 275 2779; x_wconf 89' lang='grc' dir='ltr'>Τρώμην</span> <span class='ocrx_word' id='word_1_769' title='bbox 302 2744 384 2779; x_wconf 86' lang='lat' dir='ltr'><strong>paulo</strong></span> 
     </span>
    </p>
   </div>
   <div class='ocr_carea' id='block_1_101' title="bbox 431 2746 885 2781">
    <p class='ocr_par' dir='ltr' id='par_1_101' title="bbox 431 2746 885 2781">
     <span class='ocr_line' id='line_1_104' title="bbox 431 2746 885 2781; baseline 0.004 -9"><span class='ocrx_word' id='word_1_770' title='bbox 431 2750 474 2781; x_wconf 66' lang='lat' dir='ltr'><strong>ost</strong></span> <span class='ocrx_word' id='word_1_771' title='bbox 500 2746 558 2781; x_wconf 86' lang='lat' dir='ltr'><strong>lego</strong></span> <span class='ocrx_word' id='word_1_772' title='bbox 582 2746 610 2773; x_wconf 91' lang='lat' dir='ltr'><strong>iu</strong></span> <span class='ocrx_word' id='word_1_773' title='bbox 636 2747 782 2774; x_wconf 84' lang='lat' dir='ltr'><strong>accusandi</strong></span> <span class='ocrx_word' id='word_1_774' title='bbox 810 2755 885 2775; x_wconf 86' lang='lat' dir='ltr'><strong>casu.</strong></span> 
     </span>
    </p>
   </div>
   <div class='ocr_carea' id='block_1_102' title="bbox 99 2777 394 2812">
    <p class='ocr_par' dir='ltr' id='par_1_102' title="bbox 99 2777 394 2812">
     <span class='ocr_line' id='line_1_105' title="bbox 99 2777 394 2812; baseline 0.007 -8"><span class='ocrx_word' id='word_1_775' title='bbox 99 2777 200 2805; x_wconf 79' lang='lat' dir='ltr'><strong>Neutra</strong></span> <span class='ocrx_word' id='word_1_776' title='bbox 219 2777 317 2812; x_wconf 75' lang='lat' dir='ltr'><strong>placet.</strong></span> <span class='ocrx_word' id='word_1_777' title='bbox 338 2778 394 2806; x_wconf 81' lang='lat' dir='ltr'><strong>Vit.</strong></span> 
     </span>
    </p>
   </div>
   <div class='ocr_carea' id='block_1_103' title="bbox 437 2779 884 2813">
    <p class='ocr_par' dir='ltr' id='par_1_103' title="bbox 437 2779 884 2813">
     <span class='ocr_line' id='line_1_106' title="bbox 437 2779 884 2813; baseline 0.007 -7"><span class='ocrx_word' id='word_1_778' title='bbox 437 2779 471 2806; x_wconf 89' lang='lat' dir='ltr'><strong>P.</strong></span> <span class='ocrx_word' id='word_1_779' title='bbox 490 2779 591 2808; x_wconf 76' lang='lat' dir='ltr'><strong>ibidem</strong></span> <span class='ocrx_word' id='word_1_780' title='bbox 610 2789 686 2809; x_wconf 90' lang='lat' dir='ltr'><strong>num.</strong></span> <span class='ocrx_word' id='word_1_781' title='bbox 701 2781 746 2813; x_wconf 75' lang='grc'><strong>10,</strong></span> <span class='ocrx_word' id='word_1_782' title='bbox 771 2781 884 2810; x_wconf 84' lang='lat' dir='ltr'><strong>Trohen.</strong></span> 
     </span>
    </p>
   </div>
   <div class='ocr_carea' id='block_1_104' title="bbox 134 2813 885 2851">
    <p class='ocr_par' dir='ltr' id='par_1_104' title="bbox 134 2813 885 2851">
     <span class='ocr_line' id='line_1_107' title="bbox 134 2813 885 2851; baseline 0.005 -11"><span class='ocrx_word' id='word_1_783' title='bbox 134 2813 192 2848; x_wconf 80' lang='lat' dir='ltr'><strong>(9t)</strong></span> <span class='ocrx_word' id='word_1_784' title='bbox 211 2813 340 2851; x_wconf 67' lang='grc' dir='ltr'>Μελωτή,</span> <span class='ocrx_word' id='word_1_785' title='bbox 362 2815 455 2842; x_wconf 76' lang='lat' dir='ltr'><strong>meiote</strong></span> <span class='ocrx_word' id='word_1_786' title='bbox 468 2817 510 2844; x_wconf 87' lang='lat' dir='ltr'><strong>vel</strong></span> <span class='ocrx_word' id='word_1_787' title='bbox 531 2817 649 2848; x_wconf 77' lang='lat' dir='ltr'><strong>melotes,</strong></span> <span class='ocrx_word' id='word_1_788' title='bbox 669 2816 747 2851; x_wconf 86' lang='lat' dir='ltr'><strong>pellis</strong></span> <span class='ocrx_word' id='word_1_789' title='bbox 762 2817 855 2849; x_wconf 88' lang='lat' dir='ltr'><strong>ovina,</strong></span> <span class='ocrx_word' id='word_1_790' title='bbox 871 2825 885 2844; x_wconf 87' lang='lat' dir='ltr'><strong>a</strong></span> 
     </span>
    </p>
   </div>
   <div class='ocr_carea' id='block_1_105' title="bbox 102 2846 886 2887">
    <p class='ocr_par' dir='ltr' id='par_1_105' title="bbox 102 2846 886 2887">
     <span class='ocr_line' id='line_1_108' title="bbox 102 2846 886 2887; baseline 0.008 -13"><span class='ocrx_word' id='word_1_791' title='bbox 102 2846 197 2877; x_wconf 55' lang='lat' dir='ltr'><strong>Greco</strong></span> <span class='ocrx_word' id='word_1_792' title='bbox 225 2846 327 2884; x_wconf 67' lang='grc' dir='ltr'>μῆλον,</span> <span class='ocrx_word' id='word_1_793' title='bbox 348 2850 413 2883; x_wconf 68' lang='lat' dir='ltr'><strong>uvis,</strong></span> <span class='ocrx_word' id='word_1_794' title='bbox 439 2851 488 2879; x_wconf 86' lang='lat' dir='ltr'><strong>sed</strong></span> <span class='ocrx_word' id='word_1_795' title='bbox 514 2854 541 2879; x_wconf 88' lang='lat' dir='ltr'><strong>et</strong></span> <span class='ocrx_word' id='word_1_796' title='bbox 564 2846 756 2887; x_wconf 70' lang='lat' dir='ltr'><strong>quodcumque</strong></span> <span class='ocrx_word' id='word_1_797' title='bbox 784 2846 886 2881; x_wconf 81' lang='lat' dir='ltr'><strong>animal</strong></span> 
     </span>
    </p>
   </div>
   <div class='ocr_carea' id='block_1_106' title="bbox 939 2262 1725 2298">
    <p class='ocr_par' dir='ltr' id='par_1_106' title="bbox 939 2262 1725 2298">
     <span class='ocr_line' id='line_1_109' title="bbox 939 2262 1725 2298; baseline 0.006 -9"><span class='ocrx_word' id='word_1_798' title='bbox 939 2262 1107 2298; x_wconf 79' lang='lat' dir='ltr'><strong>quadrupes.</strong></span> <span class='ocrx_word' id='word_1_799' title='bbox 1122 2262 1216 2298; x_wconf 86' lang='lat' dir='ltr'><strong>Itaque</strong></span> <span class='ocrx_word' id='word_1_800' title='bbox 1228 2263 1375 2291; x_wconf 86' lang='lat' dir='ltr'><strong>Ciaconius</strong></span> <span class='ocrx_word' id='word_1_801' title='bbox 1387 2264 1415 2292; x_wconf 86' lang='lat' dir='ltr'><strong>in</strong></span> <span class='ocrx_word' id='word_1_802' title='bbox 1431 2265 1503 2294; x_wconf 86' lang='lat' dir='ltr'><strong>notis</strong></span> <span class='ocrx_word' id='word_1_803' title='bbox 1515 2265 1549 2293; x_wconf 88' lang='lat' dir='ltr'><strong>ad</strong></span> <span class='ocrx_word' id='word_1_804' title='bbox 1563 2265 1725 2294; x_wconf 82' lang='lat' dir='ltr'><strong>Cassianum</strong></span> 
     </span>
    </p>
   </div>
   <div class='ocr_carea' id='block_1_107' title="bbox 939 2297 1727 2358">
    <p class='ocr_par' dir='ltr' id='par_1_107' title="bbox 939 2297 1727 2358">
     <span class='ocr_line' id='line_1_110' title="bbox 939 2297 1727 2358; baseline 0.006 -35"><span class='ocrx_word' id='word_1_805' title='bbox 939 2304 1002 2358; x_wconf 57' lang='lat' dir='ltr'><strong>pag.</strong></span> <span class='ocrx_word' id='word_1_806' title='bbox 1017 2297 1065 2324; x_wconf 79' lang='grc'><strong>681</strong></span> <span class='ocrx_word' id='word_1_807' title='bbox 1082 2297 1275 2338; x_wconf 75' lang='lat' dir='ltr'><strong>recte_eenset,</strong></span> <span class='ocrx_word' id='word_1_808' title='bbox 1288 2306 1370 2339; x_wconf 79' lang='lat' dir='ltr'><strong>posse</strong></span> <span class='ocrx_word' id='word_1_809' title='bbox 1385 2300 1473 2335; x_wconf 85' lang='lat' dir='ltr'><strong>accipi</strong></span> <span class='ocrx_word' id='word_1_810' title='bbox 1495 2308 1545 2335; x_wconf 89' lang='lat' dir='ltr'><strong>pro</strong></span> <span class='ocrx_word' id='word_1_811' title='bbox 1561 2308 1727 2336; x_wconf 85' lang='lat' dir='ltr'><strong>quacunque</strong></span> 
     </span>
     <span class='ocr_line' id='line_1_111' title="bbox 940 2332 1726 2358; baseline 0 0"><span class='ocrx_word' id='word_1_812' title='bbox 940 2332 1019 2358; x_wconf 85' lang='lat' dir='ltr'><strong>nele.</strong></span> <span class='ocrx_word' id='word_1_813' title='bbox 1046 2332 1233 2358; x_wconf 77' lang='lat' dir='ltr'><strong>Determinate</strong></span> <span class='ocrx_word' id='word_1_814' title='bbox 1260 2338 1342 2358; x_wconf 75' lang='lat' dir='ltr'><strong>etiam</strong></span> <span class='ocrx_word' id='word_1_815' title='bbox 1373 2336 1445 2358; x_wconf 71' lang='lat' dir='ltr'><strong>sumi</strong></span> <span class='ocrx_word' id='word_1_816' title='bbox 1470 2340 1560 2358; x_wconf 69' lang='lat' dir='ltr'><strong>nnlnsl</strong></span> <span class='ocrx_word' id='word_1_817' title='bbox 1581 2343 1631 2358; x_wconf 87' lang='lat' dir='ltr'><strong>nm</strong></span> <span class='ocrx_word' id='word_1_818' title='bbox 1657 2337 1726 2358; x_wconf 67' lang='grc' dir='ltr'>ιιιιιιρ</span> 
     </span>
    </p>
   </div>
   <div class='ocr_carea' id='block_1_108' title="bbox 940 2332 1726 2370">
    <p class='ocr_par' dir='ltr' id='par_1_108' title="bbox 940 2332 1726 2370">
     <span class='ocr_line' id='line_1_112' title="bbox 940 2332 1726 2370; baseline 0.008 -12"><span class='ocrx_word' id='word_1_819' title='bbox 940 2332 1019 2370; x_wconf 75' lang='lat' dir='ltr'><strong>pelle.</strong></span> <span class='ocrx_word' id='word_1_820' title='bbox 1046 2332 1233 2370; x_wconf 75' lang='lat' dir='ltr'><strong>Determiuate</strong></span> <span class='ocrx_word' id='word_1_821' title='bbox 1260 2332 1342 2370; x_wconf 81' lang='lat' dir='ltr'><strong>etiam</strong></span> <span class='ocrx_word' id='word_1_822' title='bbox 1373 2332 1631 2370; x_wconf 55' lang='lat' dir='ltr'><strong>sumi&#39;potest&#39;pro</strong></span> <span class='ocrx_word' id='word_1_823' title='bbox 1657 2332 1726 2370; x_wconf 68' lang='lat' dir='ltr'><strong>pelle</strong></span> 
     </span>
    </p>
   </div>
   <div class='ocr_carea' id='block_1_109' title="bbox 940 2367 1726 2404">
    <p class='ocr_par' dir='ltr' id='par_1_109' title="bbox 940 2367 1726 2404">
     <span class='ocr_line' id='line_1_113' title="bbox 940 2367 1726 2404; baseline 0.006 -11"><span class='ocrx_word' id='word_1_824' title='bbox 940 2367 1062 2404; x_wconf 82' lang='lat' dir='ltr'><strong>caprina.</strong></span> <span class='ocrx_word' id='word_1_825' title='bbox 1092 2367 1337 2404; x_wconf 21' lang='lat' dir='ltr'><strong>Cassignusrlibro</strong></span> <span class='ocrx_word' id='word_1_826' title='bbox 1354 2377 1375 2402; x_wconf 84' lang='grc' dir='ltr'><strong>ι,</strong></span> <span class='ocrx_word' id='word_1_827' title='bbox 1403 2367 1493 2404; x_wconf 80' lang='lat' dir='ltr'><strong>capite</strong></span> <span class='ocrx_word' id='word_1_828' title='bbox 1515 2371 1543 2402; x_wconf 88' lang='lat'><strong>8,</strong></span> <span class='ocrx_word' id='word_1_829' title='bbox 1568 2367 1602 2397; x_wconf 59' lang='lat' dir='ltr'><strong>d&#39;e</strong></span> <span class='ocrx_word' id='word_1_830' title='bbox 1626 2367 1726 2398; x_wconf 75' lang='lat' dir='ltr'><strong>mciote</strong></span> 
     </span>
    </p>
   </div>
   <div class='ocr_carea' id='block_1_110' title="bbox 940 2402 1726 2438">
    <p class='ocr_par' dir='ltr' id='par_1_110' title="bbox 940 2402 1726 2438">
     <span class='ocr_line' id='line_1_114' title="bbox 940 2402 1726 2438; baseline 0.008 -10"><span class='ocrx_word' id='word_1_831' title='bbox 940 2402 1138 2438; x_wconf 84' lang='lat' dir='ltr'><strong>monachorum</strong></span> <span class='ocrx_word' id='word_1_832' title='bbox 1151 2402 1342 2438; x_wconf 66' lang='lat' dir='ltr'><strong>Egyptiorum</strong></span> <span class='ocrx_word' id='word_1_833' title='bbox 1354 2402 1449 2437; x_wconf 60' lang='lat' dir='ltr'><strong>agens,</strong></span> <span class='ocrx_word' id='word_1_834' title='bbox 1468 2406 1508 2432; x_wconf 89' lang='lat' dir='ltr'><strong>sic</strong></span> <span class='ocrx_word' id='word_1_835' title='bbox 1525 2405 1637 2433; x_wconf 88' lang='lat' dir='ltr'><strong>scribit:</strong></span> <span class='ocrx_word' id='word_1_836' title='bbox 1652 2416 1661 2431; x_wconf 74' lang='grc'><strong>1</strong></span> <span class='ocrx_word' id='word_1_837' title='bbox 1678 2406 1726 2434; x_wconf 85' lang='lat' dir='ltr'><strong>Ul-</strong></span> 
     </span>
    </p>
   </div>
   <div class='ocr_carea' id='block_1_111' title="bbox 941 2436 1727 2475">
    <p class='ocr_par' dir='ltr' id='par_1_111' title="bbox 941 2436 1727 2475">
     <span class='ocr_line' id='line_1_115' title="bbox 941 2436 1727 2475; baseline 0.008 -13"><span class='ocrx_word' id='word_1_838' title='bbox 941 2436 1025 2475; x_wconf 79' lang='lat' dir='ltr'><strong>timus</strong></span> <span class='ocrx_word' id='word_1_839' title='bbox 1040 2441 1082 2475; x_wconf 76' lang='lat' dir='ltr'><strong>est</strong></span> <span class='ocrx_word' id='word_1_840' title='bbox 1104 2436 1213 2464; x_wconf 79' lang='lat' dir='ltr'><strong>habitus</strong></span> <span class='ocrx_word' id='word_1_841' title='bbox 1234 2445 1330 2475; x_wconf 77' lang='lat' dir='ltr'><strong>eorum</strong></span> <span class='ocrx_word' id='word_1_842' title='bbox 1352 2436 1431 2475; x_wconf 66' lang='lat' dir='ltr'><strong>pellis</strong></span> <span class='ocrx_word' id='word_1_843' title='bbox 1445 2441 1571 2475; x_wconf 75' lang='lat' dir='ltr'><strong>caprina.</strong></span> <span class='ocrx_word' id='word_1_844' title='bbox 1588 2449 1650 2475; x_wconf 75' lang='lat' dir='ltr'><strong>quze</strong></span> <span class='ocrx_word' id='word_1_845' title='bbox 1669 2450 1727 2468; x_wconf 89' lang='lat' dir='ltr'><strong>mc-</strong></span> 
     </span>
    </p>
   </div>
   <div class='ocr_carea' id='block_1_112' title="bbox 941 2471 1726 2512">
    <p class='ocr_par' dir='ltr' id='par_1_112' title="bbox 941 2471 1726 2512">
     <span class='ocr_line' id='line_1_116' title="bbox 941 2471 1726 2512; baseline 0.009 -15"><span class='ocrx_word' id='word_1_846' title='bbox 941 2471 1012 2512; x_wconf 68' lang='lat' dir='ltr'><strong>!otes</strong></span> <span class='ocrx_word' id='word_1_847' title='bbox 1023 2472 1065 2498; x_wconf 89' lang='lat' dir='ltr'><strong>vel</strong></span> <span class='ocrx_word' id='word_1_848' title='bbox 1086 2479 1152 2512; x_wconf 66' lang='lat' dir='ltr'><strong>pera</strong></span> <span class='ocrx_word' id='word_1_849' title='bbox 1177 2471 1363 2512; x_wconf 70' lang='lat' dir='ltr'><strong>appellatur.i</strong></span> <span class='ocrx_word' id='word_1_850' title='bbox 1387 2473 1424 2501; x_wconf 89' lang='lat' dir='ltr'><strong>De</strong></span> <span class='ocrx_word' id='word_1_851' title='bbox 1443 2471 1489 2502; x_wconf 79' lang='lat' dir='ltr'><strong>bis</strong></span> <span class='ocrx_word' id='word_1_852' title='bbox 1511 2471 1726 2512; x_wconf 51' lang='lat' dir='ltr'><strong>plura-Congius</strong></span> 
     </span>
    </p>
   </div>
   <div class='ocr_carea' id='block_1_113' title="bbox 939 2505 1266 2534">
    <p class='ocr_par' dir='ltr' id='par_1_113' title="bbox 939 2505 1266 2534">
     <span class='ocr_line' id='line_1_117' title="bbox 939 2505 1266 2534; baseline 0 0"><span class='ocrx_word' id='word_1_853' title='bbox 939 2505 967 2534; x_wconf 89' lang='lat' dir='ltr'><strong>in</strong></span> <span class='ocrx_word' id='word_1_854' title='bbox 985 2505 1103 2534; x_wconf 79' lang='lat' dir='ltr'><strong>utrouue</strong></span> <span class='ocrx_word' id='word_1_855' title='bbox 1120 2505 1266 2534; x_wconf 28' lang='lat' dir='ltr'><strong>Gloss’a’rio.</strong></span> 
     </span>
    </p>
   </div>
   <div class='ocr_carea' id='block_1_114' title="bbox 976 2541 1726 2578">
    <p class='ocr_par' dir='ltr' id='par_1_114' title="bbox 976 2541 1726 2578">
     <span class='ocr_line' id='line_1_118' title="bbox 976 2541 1726 2578; baseline 0.008 -11"><span class='ocrx_word' id='word_1_856' title='bbox 976 2541 1034 2578; x_wconf 69' lang='lat'><strong>(92)</strong></span> <span class='ocrx_word' id='word_1_857' title='bbox 1060 2541 1114 2578; x_wconf 64' lang='lat' dir='ltr'><strong>Vit.</strong></span> <span class='ocrx_word' id='word_1_858' title='bbox 1137 2541 1194 2569; x_wconf 88' lang='lat' dir='ltr'><strong>PP.</strong></span> <span class='ocrx_word' id='word_1_859' title='bbox 1220 2542 1267 2570; x_wconf 90' lang='lat' dir='ltr'><strong>lib.</strong></span> <span class='ocrx_word' id='word_1_860' title='bbox 1283 2550 1312 2575; x_wconf 85' lang='lat' dir='ltr'><strong>v,</strong></span> <span class='ocrx_word' id='word_1_861' title='bbox 1338 2542 1424 2571; x_wconf 90' lang='lat' dir='ltr'><strong>libell.</strong></span> <span class='ocrx_word' id='word_1_862' title='bbox 1440 2544 1466 2578; x_wconf 86' lang='grc'><strong>’1,</strong></span> <span class='ocrx_word' id='word_1_863' title='bbox 1492 2552 1569 2572; x_wconf 88' lang='lat' dir='ltr'><strong>num.</strong></span> <span class='ocrx_word' id='word_1_864' title='bbox 1593 2545 1627 2572; x_wconf 75' lang='grc'><strong>27</strong></span> <span class='ocrx_word' id='word_1_865' title='bbox 1650 2546 1726 2573; x_wconf 89' lang='lat' dir='ltr'><strong>hisce</strong></span> 
     </span>
    </p>
   </div>
   <div class='ocr_carea' id='block_1_115' title="bbox 939 2575 1725 2611">
    <p class='ocr_par' dir='ltr' id='par_1_115' title="bbox 939 2575 1725 2611">
     <span class='ocr_line' id='line_1_119' title="bbox 939 2575 1725 2611; baseline 0.008 -9"><span class='ocrx_word' id='word_1_866' title='bbox 939 2575 1043 2603; x_wconf 87' lang='lat' dir='ltr'><strong>addunt</strong></span> <span class='ocrx_word' id='word_1_867' title='bbox 1057 2576 1091 2603; x_wconf 87' lang='lat' dir='ltr'><strong>de</strong></span> <span class='ocrx_word' id='word_1_868' title='bbox 1114 2577 1251 2604; x_wconf 86' lang='lat' dir='ltr'><strong>monacho</strong></span> <span class='ocrx_word' id='word_1_869' title='bbox 1271 2578 1324 2605; x_wconf 88' lang='lat' dir='ltr'><strong>isto</strong></span> <span class='ocrx_word' id='word_1_870' title='bbox 1340 2586 1346 2605; x_wconf 95' lang='lat'><strong>:</strong></span> <span class='ocrx_word' id='word_1_871' title='bbox 1366 2587 1375 2603; x_wconf 72' lang='grc' dir='ltr'><strong>ι</strong></span> <span class='ocrx_word' id='word_1_872' title='bbox 1390 2578 1441 2611; x_wconf 87' lang='lat' dir='ltr'><strong>Qui</strong></span> <span class='ocrx_word' id='word_1_873' title='bbox 1459 2575 1525 2607; x_wconf 52' lang='lat' dir='ltr'><strong>&#39;cum</strong></span> <span class='ocrx_word' id='word_1_874' title='bbox 1545 2580 1654 2607; x_wconf 90' lang='lat' dir='ltr'><strong>fecisset</strong></span> <span class='ocrx_word' id='word_1_875' title='bbox 1670 2585 1725 2608; x_wconf 85' lang='lat' dir='ltr'><strong>tres</strong></span> 
     </span>
    </p>
   </div>
   <div class='ocr_carea' id='block_1_116' title="bbox 938 2611 1724 2649">
    <p class='ocr_par' dir='ltr' id='par_1_116' title="bbox 938 2611 1724 2649">
     <span class='ocr_line' id='line_1_120' title="bbox 938 2611 1724 2649; baseline 0.006 -12"><span class='ocrx_word' id='word_1_876' title='bbox 938 2611 1007 2649; x_wconf 68' lang='lat' dir='ltr'><strong>dies,</strong></span> <span class='ocrx_word' id='word_1_877' title='bbox 1022 2611 1184 2649; x_wconf 64' lang='lat' dir='ltr'><strong>extaediatus</strong></span> <span class='ocrx_word' id='word_1_878' title='bbox 1198 2617 1251 2642; x_wconf 88' lang='lat' dir='ltr'><strong>est,</strong></span> <span class='ocrx_word' id='word_1_879' title='bbox 1268 2617 1296 2640; x_wconf 91' lang='lat' dir='ltr'><strong>et</strong></span> <span class='ocrx_word' id='word_1_880' title='bbox 1306 2613 1449 2649; x_wconf 78' lang='lat' dir='ltr'><strong>inveniens</strong></span> <span class='ocrx_word' id='word_1_881' title='bbox 1462 2622 1562 2648; x_wconf 84' lang='lat' dir='ltr'><strong>paucas</strong></span> <span class='ocrx_word' id='word_1_882' title='bbox 1577 2615 1724 2649; x_wconf 86' lang='lat' dir='ltr'><strong>palmulas,</strong></span> 
     </span>
    </p>
   </div>
   <div class='ocr_carea' id='block_1_117' title="bbox 938 2646 1724 2684">
    <p class='ocr_par' dir='ltr' id='par_1_117' title="bbox 938 2646 1724 2684">
     <span class='ocr_line' id='line_1_121' title="bbox 938 2646 1724 2684; baseline 0.006 -12"><span class='ocrx_word' id='word_1_883' title='bbox 938 2646 1019 2684; x_wconf 66' lang='lat' dir='ltr'><strong>scidit</strong></span> <span class='ocrx_word' id='word_1_884' title='bbox 1043 2653 1092 2673; x_wconf 82' lang='lat' dir='ltr'><strong>eas</strong></span> <span class='ocrx_word' id='word_1_885' title='bbox 1107 2651 1153 2684; x_wconf 90' lang='lat' dir='ltr'><strong>:_et</strong></span> <span class='ocrx_word' id='word_1_886' title='bbox 1177 2647 1277 2684; x_wconf 61' lang='lat' dir='ltr'><strong>iterum</strong></span> <span class='ocrx_word' id='word_1_887' title='bbox 1305 2648 1332 2675; x_wconf 90' lang='lat' dir='ltr'><strong>in</strong></span> <span class='ocrx_word' id='word_1_888' title='bbox 1357 2646 1480 2675; x_wconf 81' lang='lat' dir='ltr'><strong>crastino</strong></span> <span class='ocrx_word' id='word_1_889' title='bbox 1503 2646 1586 2684; x_wconf 66' lang='lat' dir='ltr'><strong>coepit</strong></span> <span class='ocrx_word' id='word_1_890' title='bbox 1606 2646 1724 2684; x_wconf 78' lang='lat' dir='ltr'><strong>plectani</strong></span> 
     </span>
    </p>
   </div>
   <div class='ocr_carea' id='block_1_118' title="bbox 938 2679 1724 2716">
    <p class='ocr_par' dir='ltr' id='par_1_118' title="bbox 938 2679 1724 2716">
     <span class='ocr_line' id='line_1_122' title="bbox 938 2679 1724 2716; baseline 0.006 -9"><span class='ocrx_word' id='word_1_891' title='bbox 938 2679 1030 2716; x_wconf 72' lang='lat' dir='ltr'><strong>facere</strong></span> <span class='ocrx_word' id='word_1_892' title='bbox 1047 2688 1081 2708; x_wconf 86' lang='lat' dir='ltr'><strong>ex</strong></span> <span class='ocrx_word' id='word_1_893' title='bbox 1104 2682 1155 2709; x_wconf 88' lang='lat' dir='ltr'><strong>eis.</strong></span> <span class='ocrx_word' id='word_1_894' title='bbox 1180 2681 1232 2715; x_wconf 86' lang='lat' dir='ltr'><strong>Qui</strong></span> <span class='ocrx_word' id='word_1_895' title='bbox 1256 2690 1319 2709; x_wconf 91' lang='lat' dir='ltr'><strong>cum</strong></span> <span class='ocrx_word' id='word_1_896' title='bbox 1333 2683 1477 2716; x_wconf 86' lang='lat' dir='ltr'><strong>esurisset,</strong></span> <span class='ocrx_word' id='word_1_897' title='bbox 1494 2679 1565 2711; x_wconf 79' lang='lat' dir='ltr'><strong>dixit</strong></span> <span class='ocrx_word' id='word_1_898' title='bbox 1583 2679 1654 2711; x_wconf 75' lang='lat' dir='ltr'><strong>intra</strong></span> <span class='ocrx_word' id='word_1_899' title='bbox 1674 2693 1724 2712; x_wconf 74' lang='lat' dir='ltr'><strong>se;</strong></span> 
     </span>
    </p>
   </div>
   <div class='ocr_carea' id='block_1_119' title="bbox 938 2715 1725 2753">
    <p class='ocr_par' dir='ltr' id='par_1_119' title="bbox 938 2715 1725 2753">
     <span class='ocr_line' id='line_1_123' title="bbox 938 2715 1725 2753; baseline 0.006 -11"><span class='ocrx_word' id='word_1_900' title='bbox 938 2715 1215 2753; x_wconf 75' lang='lat' dir='ltr'><strong>Ecce_ali:e_paucae</strong></span> <span class='ocrx_word' id='word_1_901' title='bbox 1242 2722 1307 2745; x_wconf 87' lang='lat' dir='ltr'><strong>sunt</strong></span> <span class='ocrx_word' id='word_1_902' title='bbox 1336 2719 1448 2752; x_wconf 65' lang='lat' dir='ltr'><strong>palmae;</strong></span> <span class='ocrx_word' id='word_1_903' title='bbox 1475 2719 1581 2753; x_wconf 87' lang='lat' dir='ltr'><strong>explico</strong></span> <span class='ocrx_word' id='word_1_904' title='bbox 1606 2727 1669 2753; x_wconf 85' lang='lat' dir='ltr'><strong>eas;</strong></span> <span class='ocrx_word' id='word_1_905' title='bbox 1697 2724 1725 2748; x_wconf 80' lang='lat' dir='ltr'><strong>et</strong></span> 
     </span>
    </p>
   </div>
   <div class='ocr_carea' id='block_1_120' title="bbox 937 2749 1722 2787">
    <p class='ocr_par' dir='ltr' id='par_1_120' title="bbox 937 2749 1722 2787">
     <span class='ocr_line' id='line_1_124' title="bbox 937 2749 1722 2787; baseline 0.008 -11"><span class='ocrx_word' id='word_1_906' title='bbox 937 2749 1084 2787; x_wconf 64' lang='lat' dir='ltr'><strong>Inanuduco.</strong></span> <span class='ocrx_word' id='word_1_907' title='bbox 1099 2749 1132 2778; x_wconf 82' lang='lat' dir='ltr'><strong>Et</strong></span> <span class='ocrx_word' id='word_1_908' title='bbox 1145 2759 1208 2779; x_wconf 92' lang='lat' dir='ltr'><strong>cum</strong></span> <span class='ocrx_word' id='word_1_909' title='bbox 1220 2749 1446 2787; x_wconf 48' lang='lat' dir='ltr'><strong>perexpe&#39;ndisset&#39;</strong></span> <span class='ocrx_word' id='word_1_910' title='bbox 1456 2749 1516 2786; x_wconf 67' lang='lat' dir='ltr'><strong>eas,</strong></span> <span class='ocrx_word' id='word_1_911' title='bbox 1525 2754 1594 2781; x_wconf 92' lang='lat' dir='ltr'><strong>dixit</strong></span> <span class='ocrx_word' id='word_1_912' title='bbox 1606 2749 1722 2782; x_wconf 81' lang='lat' dir='ltr'><strong>iterum:</strong></span> 
     </span>
    </p>
   </div>
   <div class='ocr_carea' id='block_1_121' title="bbox 937 2783 1722 2823">
    <p class='ocr_par' dir='ltr' id='par_1_121' title="bbox 937 2783 1722 2823">
     <span class='ocr_line' id='line_1_125' title="bbox 937 2783 1722 2823; baseline 0.006 -12"><span class='ocrx_word' id='word_1_913' title='bbox 937 2783 1011 2823; x_wconf 46' lang='lat' dir='ltr'><strong>bego</strong></span> <span class='ocrx_word' id='word_1_914' title='bbox 1026 2793 1133 2823; x_wconf 72' lang='lat' dir='ltr'><strong>parum,</strong></span> <span class='ocrx_word' id='word_1_915' title='bbox 1149 2787 1190 2813; x_wconf 83' lang='lat' dir='ltr'><strong>sic</strong></span> <span class='ocrx_word' id='word_1_916' title='bbox 1204 2783 1353 2823; x_wconf 77' lang='lat' dir='ltr'><strong>manduco.</strong></span> <span class='ocrx_word' id='word_1_917' title='bbox 1368 2788 1401 2815; x_wconf 81' lang='lat' dir='ltr'><strong>Et</strong></span> <span class='ocrx_word' id='word_1_918' title='bbox 1415 2796 1478 2816; x_wconf 93' lang='lat' dir='ltr'><strong>cum</strong></span> <span class='ocrx_word' id='word_1_919' title='bbox 1494 2783 1615 2823; x_wconf 78' lang='lat' dir='ltr'><strong>legisset,</strong></span> <span class='ocrx_word' id='word_1_920' title='bbox 1632 2790 1722 2817; x_wconf 86' lang='lat' dir='ltr'><strong>dixit:</strong></span> 
     </span>
    </p>
   </div>
   <div class='ocr_carea' id='block_1_122' title="bbox 937 2819 1724 2862">
    <p class='ocr_par' dir='ltr' id='par_1_122' title="bbox 937 2819 1724 2862">
     <span class='ocr_line' id='line_1_126' title="bbox 937 2819 1724 2862; baseline 0.008 -16"><span class='ocrx_word' id='word_1_921' title='bbox 937 2819 1362 2862; x_wconf 56' lang='lat' dir='ltr'><strong>Picamnaliquantospsalmos.</strong></span> <span class='ocrx_word' id='word_1_922' title='bbox 1374 2827 1410 2862; x_wconf 81' lang='lat' dir='ltr'><strong>_ct</strong></span> <span class='ocrx_word' id='word_1_923' title='bbox 1424 2823 1490 2862; x_wconf 85' lang='lat' dir='ltr'><strong>jam_</strong></span> <span class='ocrx_word' id='word_1_924' title='bbox 1506 2819 1620 2851; x_wconf 65' lang='lat' dir='ltr'><strong>sécurus</strong></span> <span class='ocrx_word' id='word_1_925' title='bbox 1645 2832 1724 2852; x_wconf 86' lang='lat' dir='ltr'><strong>man-</strong></span> 
     </span>
    </p>
   </div>
   <div class='ocr_carea' id='block_1_123' title="bbox 936 2854 1721 2895">
    <p class='ocr_par' dir='ltr' id='par_1_123' title="bbox 936 2854 1721 2895">
     <span class='ocr_line' id='line_1_127' title="bbox 936 2854 1721 2895; baseline 0.009 -13"><span class='ocrx_word' id='word_1_926' title='bbox 936 2854 1018 2884; x_wconf 88' lang='lat' dir='ltr'><strong>duco.</strong></span> <span class='ocrx_word' id='word_1_927' title='bbox 1034 2855 1067 2883; x_wconf 89' lang='lat' dir='ltr'><strong>Et</strong></span> <span class='ocrx_word' id='word_1_928' title='bbox 1081 2854 1118 2884; x_wconf 73' lang='lat' dir='ltr'><strong>ita</strong></span> <span class='ocrx_word' id='word_1_929' title='bbox 1134 2854 1265 2892; x_wconf 83' lang='lat' dir='ltr'><strong>paulatim</strong></span> <span class='ocrx_word' id='word_1_930' title='bbox 1288 2854 1457 2892; x_wconf 70' lang='lat' dir='ltr'><strong>proﬁciebat,</strong></span> <span class='ocrx_word' id='word_1_931' title='bbox 1473 2858 1528 2889; x_wconf 89' lang='lat' dir='ltr'><strong>Deo</strong></span> <span class='ocrx_word' id='word_1_932' title='bbox 1546 2865 1721 2895; x_wconf 78' lang='lat' dir='ltr'><strong>cooperante,</strong></span> 
     </span>
    </p>
   </div>
  </div>
