1924 3077
230 121 281 154 871

826 123 856 153 S.
869 122 1065 153 THEODORI
1090 123 1264 154 STUDlT/E

1803 123 1851 154 872

229 179 342 206 rismate
366 176 555 211 perspiciendi
585 183 686 204 arcana
710 176 753 203 vir
779 176 905 209 celebris,
925 176 1012 204 divina

1068 178 1117 204 κοῦ
1130 178 1309 213 χαρίσματος,
1322 176 1449 211 ἔμπλεως
1462 175 1500 204 ὢν
1515 177 1530 203 6
1541 175 1663 211 ἀοίδιμος
1683 177 1760 209 θείας
1776 179 1850 213 χάρι-

227 223 314 260 gratia
341 222 584 250 cuumlatissimus.
622 223 739 249 Sedente
760 222 814 257 (95)
839 230 873 250 eo
892 223 918 250 in
934 224 1013 255 cella,

227 271 377 299 venitvox,
403 268 496 295 dicens
525 267 601 302 ipsi:
625 267 772 299 Adesdum,
799 268 941 295 ostendam
967 269 1015 296 tibi

227 323 309 350 opera
326 315 477 342 hominum.
492 314 667 348 Surgcnsquc
681 313 779 346 exivit;
794 322 911 349 eumque
928 319 1016 342 trans-

227 362 289 389 tulit
305 362 331 387 in
352 360 440 387 locum
458 359 586 394 aliquem,
610 364 637 386 et
658 359 777 386 ostendit
800 360 826 386 ei
846 359 1014 394 Ethiopem,

227 407 397 436 scin-lentem
425 405 516 440 ligna,
545 410 625 440 atque
647 405 672 431 in
693 413 821 440 magnum
847 404 947 432 fascem
971 405 1015 433 illa

227 456 457 481 coacervantcm:
487 458 567 485 quem
595 450 716 477 teutalial
750 455 869 485 portare,
889 450 937 478 sed
961 457 1015 477 non

228 502 351 534 poterat;
375 502 402 524 et
427 505 474 531 pro
501 505 534 523 eo
559 501 587 523 ut
611 497 731 524 demeret
752 504 786 523 ex
803 504 836 524 eo
853 497 1014 531 quidquam,

229 545 327 571 iterum
354 542 497 570 discedens
516 542 656 568 scindebat
668 542 751 575 ligna,
769 545 796 568 et
811 541 877 568 fasci
897 549 1016 575 appone-

227 590 284 616 bat.
298 589 331 615 Et
344 593 486 622 postquam
502 587 613 624 paulum
630 587 817 621 processisset,
833 588 952 614 ostendit
964 587 1015 621 ipsi

228 635 384 669 quemdam,
407 633 454 668 qui
472 633 504 658 ad
527 632 616 659 lacum
639 632 738 661 stabat.
760 632 956 666 hauriebatque
981 640 1014 659 ex

227 688 261 707 eo
280 687 390 714 aquam,
411 683 438 705 et
457 678 637 704 transferebat
651 678 677 704 in
699 685 746 705 vas
760 682 922 712 pertusum;
941 679 1013 712 quod

227 733 287 752 eam
314 723 479 751 ellundebat.
514 722 546 749 Et
570 723 660 749 denuo
689 723 755 749 dicit
782 722 836 749 ei:
865 722 1013 755 Adesdum,

227 770 368 798 ostendam
392 769 438 796 tibi
458 767 566 805 [aliud].
592 768 625 794 Et
645 767 845 801 contemplatur
871 768 1012 802 templum,

228 826 260 845 ac
285 818 352 845 duos
376 816 459 848 viros,
481 815 526 850 qui
548 815 627 850 equis
643 815 808 846 insidebant,
831 819 858 841 et
870 815 1015 848 portabant

1067 232 1122 255 τος.
1137 223 1298 258 Καθημένου
1313 221 1359 250 οὖν
1371 222 1453 250 αὑτοῦ
1464 224 1505 255 είς
1516 223 1547 250 τὸ
1560 223 1676 256 κελλίον,
1689 221 1756 258 ἦλθε
1767 226 1850 260 φωνὴ.

1067 267 1185 301 λέγουσα
1198 267 1287 303 αὐτῷ’
1304 267 1399 303 Δεῦρο,
1419 267 1501 301 δείξω
1529 275 1571 294 σοι
1593 268 1628 295 τὰ
1648 267 1717 303 ἔργα
1736 268 1794 295 τῶν
1810 269 1853 295 ἀν-

1068 313 1196 349 θρώπων,
1209 314 1256 341 καὶ⁵
1268 314 1388 345 ἀναστὰς
1401 313 1523 349 ἐξῆλθεν,
1539 315 1589 351 καὶ
1604 315 1761 350 ἀπήνεγκεν
1774 315 1854 342 αὐτὸν

1068 359 1107 390 εἰς
1121 359 1205 386 τόπον
1220 359 1292 390 τινὰ,
1310 359 1358 386 καὶ
1372 352 1471 390 ἔδειξεῦ
1487 358 1562 394 αὐτῷ
1578 359 1704 392 Αἰθίοπα,
1721 360 1854 387 κόπτοντα

1069 404 1145 437 ξύλα,
1159 405 1207 431 καὶ
1217 404 1348 432 ποιοῦντα
1362 404 1471 440 φορτίον
1484 404 1565 439 μέγα·
1577 404 1706 440 ὲπείραζε
1717 405 1746 432 δὲ
1759 405 1855 440 βαστάο

1068 459 1113 477 σαι
1128 451 1203 482 αὐτὸ,
1217 451 1264 477 καὶ
1279 451 1330 477 οὐκ
1348 450 1474 485 ἠδύνατο,
1488 451 1536 477 καὶ
1548 451 1609 478 ἀντὶ
1623 451 1670 477 τοῦ
1687 449 1753 487 ἆραι
1767 451 1796 484 ἐξ
1808 453 1853 479 αύ-

1067 497 1124 529 τοῦ,
1142 497 1268 524 ἀπελθὼν
1284 497 1365 524 πάλιν
1381 497 1481 523 ἔκοπτε
1495 497 1572 530 ξύλα,
1591 497 1638 524 καὶ
1652 498 1802 534 προσετίθη
1817 499 1853 533 τῷ

1068 543 1181 578 φορτίῳ.
1195 543 1250 569 Καὶ
1266 542 1371 578 προόὰς
1382 542 1483 576 ὀλίγον,
1495 542 1596 576 ἔδειξεν
1609 543 1684 578 αὐτῷ
1697 551 1758 570 τινα
1779 544 1853 570 ἱστά-

1068 595 1149 622 μενον
1161 587 1209 614 ὲπὶ
1218 587 1331 620 λάκκου,
1344 587 1391 613 καὶ
1404 587 1552 614 ἀντλοῦντα
1567 587 1639 623 ὕδωρ
1653 587 1682 622 ὲξ
1697 588 1793 620 αὑτοῦ,
1807 589 1854 615 καὶ

1068 633 1272 668 μεταϐάλλοντα
1290 634 1330 665 είς
1350 632 1500 668 δεξαμένην
1515 633 1736 668 τετρυπημένην,
1762 634 1854 660 καὶτὸ

1066 680 1133 706 αὐτὸ
1148 679 1222 715 ὕδωρ
1239 679 1398 715 ἔκχέουσαν.
1418 679 1472 706 Καὶ
1492 679 1573 706 πάλιν
1588 679 1662 713 λέγει
1679 679 1755 714 αὐτῷ
1765 688 1774 696 ·
1787 680 1853 706 Δεῦ-

1067 733 1109 760 ρο,
1139 725 1218 756 δείξω
1244 731 1304 751 σοι’
1332 725 1378 751 καὶ
1402 723 1501 759 θεωρεῖ
1523 724 1596 759 ἱερὸν
1620 724 1668 751 καὶ
1687 724 1735 751 δύο
1753 725 1853 760 ἄνδρας

1066 771 1238 806 καθημένους
1253 771 1358 802 ἵπποις,
1375 770 1422 797 καὶ
1439 769 1624 804 βαστάζοντας
1637 770 1716 803 ξύλον
1731 770 1853 804 πλαγίως

1066 815 1115 842 ἕνα
1139 815 1210 842 κατὰ
1229 815 1276 841 τοῦ
1298 815 1367 846 ἑνός.
1381 814 1496 841 Ἦθιλον
1519 814 1548 841 δὲ
1567 815 1612 841 διὰ
1633 816 1682 850 τῆς
1699 815 1787 849 πύλης
1807 815 1852 842 τοῦ

227 863 331 897 lignum
350 862 458 895 oblique
482 867 553 887 unus
581 865 639 894 post
656 859 750 886 alium.
772 858 907 886 Volebaut
921 864 1012 886 autem

1065 860 1138 896 ἱεροῦ
1154 860 1296 892 εἰσελθεῖν,
1315 860 1363 886 καὶ
1387 861 1438 887 οὐκ
1462 860 1607 896 Ιἠδύναντο,
1623 860 1668 888 διὰ
1685 860 1716 886 τδ
1737 860 1853 887 εἶναιτὸ

228 916 277 943 per
297 907 388 942 templi
407 906 519 940 januam
544 905 659 940 ingredi,
679 909 706 932 et
721 911 776 932 non
795 905 933 937 valebant,
948 906 1013 940 quia

228 955 329 989 lignum
346 960 440 979 eorum
458 956 516 979 erat
530 951 693 985 obliquum;
709 958 759 978 nec
774 951 879 978 dimisit
895 959 924 978 se
942 959 1013 978 unus

227 1003 288 1034 post
301 999 394 1030 alium,
414 1002 442 1024 ut
457 1001 577 1032 portaret
601 997 703 1031 lignum
723 996 750 1024 in
768 1001 892 1030 rectum;
908 1001 934 1024 et
951 997 1013 1025 ideo

226 1048 387 1072 manserunt
408 1048 484 1071 extra
504 1048 623 1077 portam.
645 1042 679 1069 Et
714 1043 907 1070 sciscitabatur
930 1043 1013 1070 Arse-

226 1091 300 1122 nius,
318 1090 446 1125 quidnam
463 1089 520 1116 hzec
535 1088 586 1116 sibi
599 1088 708 1115 vellent.
724 1087 885 1122 Dictumque
899 1093 942 1115 est
954 1088 1010 1115 illi:

227 1136 259 1164 Hi
285 1140 358 1166 sunt.
387 1135 485 1170 inquit,
502 1134 549 1169 qui
571 1137 683 1169 portant
700 1133 802 1168 lignum
820 1134 934 1168 justitiae
950 1141 1012 1160 cum

227 1183 366 1217 superbia,
389 1186 417 1208 et
441 1188 495 1207 non
517 1181 686 1208 demiserunt
708 1187 738 1207 se
755 1179 789 1207 ad
831 1179 1011 1207 incedendum

226 1235 275 1262 per
303 1228 374 1253 viam
404 1227 534 1254 humilem
559 1225 684 1253 Christi:
710 1226 771 1252 ideo
797 1228 912 1252 'tnanent
935 1231 1011 1252 extra

226 1281 340 1308 regnum
357 1272 412 1299 Dei.
427 1271 478 1305 Qui
492 1279 556 1298 vero
567 1272 638 1305 ligna
654 1270 764 1301 scindit,
790 1271 871 1298 homo
893 1275 934 1298 est
952 1278 1012 1304 pec-

226 1319 294 1344 catis
319 1321 444 1348 ouustus.
478 1317 524 1352 qui
554 1316 615 1344 loco
629 1316 794 1351 ptenitentiae
821 1316 873 1342 alia
891 1315 1012 1350 adjicere

226 1370 280 1389 non
294 1367 386 1389 cessat
424 1362 471 1390 Ille
500 1366 602 1394 autem,
627 1363 674 1396 qui
693 1369 793 1395 aquam
809 1361 911 1394 haurit,
929 1361 1011 1388 homo

225 1412 278 1439 est,
294 1408 340 1442 qui
373 1415 454 1442 opera
481 1408 588 1442 quidem
616 1407 686 1434 bona
715 1407 798 1440 facit;
816 1407 863 1434 sed
880 1407 1010 1441 quoniam

225 1454 297 1480 mala
313 1453 435 1487 (praedam
450 1460 511 1479 eum
525 1453 557 1479 iis
570 1453 660 1486 habet,
680 1453 706 1479 in
721 1460 753 1480 eo
768 1452 839 1479 bona
852 1453 933 1480 etiam
947 1459 1009 1486 per-

225 1498 303 1525 didit.
324 1497 466 1533 Vigilantia
483 1498 564 1532 igitur
580 1498 681 1525 homini
697 1505 768 1533 opus
784 1502 826 1525 est
837 1498 865 1525 in
882 1498 1010 1532 operibus

225 1544 294 1576 suis,
309 1548 338 1570 ut
352 1551 406 1570 non
422 1544 449 1570 in
467 1551 565 1570 vanum
580 1544 692 1571 laboret.

260 1590 305 1616 ‘20.
317 1589 372 1617 Hoc
383 1597 490 1624 quoque
500 1590 533 1616 de
548 1590 607 1624 ipso
620 1593 746 1616 narratur
759 1597 765 1615 :
778 1588 847 1616 Dum
862 1589 1011 1624 aliquando

226 1635 253 1662 in
277 1635 350 1662 Sci-ti
375 1638 532 1669 :rgrotaret,
557 1634 695 1669 prolectus
710 1635 853 1670 presbyter
868 1634 930 1661 tulit
948 1642 1010 1662 eum

225 1680 258 1708 ad
277 1681 432 1712 ecclesiam,
454 1686 481 1708 et
506 1680 598 1714 posuit
616 1680 642 1706 in
661 1685 745 1706 strato
759 1679 827 1715 (94),
843 1687 1012 1714 parvumque

224 1726 340 1754 cervical
364 1726 397 1752 ad
415 1730 495 1758 caput
513 1725 584 1760 ejus.
606 1724 682 1752 Unus
703 1733 718 1752 e
741 1725 865 1757 sentibus,
883 1732 945 1752 cum
966 1732 1012 1752 ve-

224 1771 320 1803 nissirt,
343 1776 372 1798 ut
384 1772 470 1805 ipsmn
489 1771 599 1803 viseret,
626 1775 653 1797 et
665 1771 777 1798 vidisset
791 1778 854 1798 eum
870 1771 899 1797 in
913 1775 1010 1803 strato,

224 1818 382 1845 scandalum
411 1824 508 1852 passus
536 1821 588 1848 est.
605 1816 698 1844 dicens
715 1825 722 1843 :
749 1816 859 1844 lliceine
872 1822 914 1844 est
925 1817 1011 1845 abbas

223 1863 374 1892 Arsenins.
402 1867 427 1888 et
454 1862 506 1888 hoc
527 1861 607 1888 modo
631 1861 786 1888 recumbit?
822 1861 921 1888 Senior
948 1869 1013 1890 vero

224 1907 342 1942 sumpsit
362 1914 424 1933 eum
447 1914 478 1933 ac
494 1906 562 1933 dixit
577 1916 584 1933 :
600 1906 711 1941 Ecquod
728 1912 787 1933 erat
806 1914 874 1941 opus
891 1911 968 1934 tuum
984 1907 1012 1934 in

224 1960 293 1987 pago
311 1951 376 1978 tuo?
402 1951 556 1985 Respondet
573 1958 654 1978 senex
669 1959 676 1976 :
704 1950 800 1978 Pastor
818 1951 909 1978 ovium
924 1959 1011 1978 eram.

223 1998 310 2025 Instat
344 1997 506 2033 presbyter:
533 1997 594 2030 Quo
613 2001 693 2032 pacto
709 1997 802 2031 igitur,
818 1997 917 2032 inquit,
929 1997 1012 2025 vitam

1064 906 1143 939 ξύλον
1155 906 1245 932 αὐτῶν
1256 906 1370 940 πλάγιον
1381 914 1388 921 ·
1405 907 1455 934 οὐκ
1468 907 1634 934 ιταπείνωσε
1648 906 1676 934 δὲ
1689 906 1771 933 αὐτὸν
1785 907 1799 932 6
1812 902 1851 937 εἷς

1064 950 1153 977 ὀπίσω
1177 950 1225 977 τοῦ
1250 950 1331 976 ἄλλου
1348 950 1459 984 ἐνέγκαι
1475 953 1504 978 τὸ
1521 951 1600 984 ξύλον
1618 952 1661 978 ἐπ’
1677 952 1786 983 εὐθείας
1806 951 1852 978 καὶ

1062 995 1107 1021 διὰ
1130 995 1210 1022 τοῦτο
1231 995 1343 1029 ἔμειναν
1359 995 1413 1029 ἐξω
1437 996 1488 1030 τῆς
1500 997 1599 1032 πύλης.
1622 997 1753 1024 Ἐπύθετο
1772 995 1819 1023 οὖν
1837 998 1851 1023 6

1069 1041 1206 1076 ’Δρσένιος
1215 1041 1241 1067 τί
1285 1040 1371 1067 ταῦτα
1383 1049 1390 1073 ;
1403 1042 1457 1068 Καὶ
1471 1042 1571 1078 ἐρρέθη
1586 1042 1660 1078 αὐτῷ
1669 1050 1677 1058 ·
1691 1040 1773 1069 Οὗτοί
1787 1043 1849 1073 εισι,

1063 1085 1157 1120 φησὶν,
1180 1085 1362 1120 βαστάζοντες
1379 1086 1457 1119 ξύλον
1476 1087 1650 1123 δικαιοσύνης
1672 1089 1741 1123 μετα
1763 1088 1850 1123 ὑπερ·

1063 1131 1191 1167 ηφανίας,
1207 1132 1255 1158 καὶ
1269 1132 1319 1158 οὐκ
1336 1132 1560 1168 ἐταπεινώθησαν
1581 1133 1629 1160 τοῦ
1652 1134 1816 1168 πορευθῆναι
1830 1139 1847 1150 ¹¹

1062 1179 1095 1213 τῇ
1113 1179 1228 1214 ταπεινῇ
1249 1178 1301 1213 ὀδῷ
1315 1177 1362 1205 τοῦ
1378 1179 1510 1214 Χριστοῦ,
1533 1179 1573 1206 διὸ
1590 1180 1715 1214 μένουσιν
1733 1180 1788 1212 ἔξω
1800 1181 1848 1215 τῆς

1064 1223 1202 1259 βασιλείας
1212 1224 1260 1251 τοῦ
1274 1224 1342 1252 Θεοῦ
1355 1233 1362 1240 ·
1375 1227 1389 1252 6
1401 1225 1430 1253 δὲ
1444 1226 1479 1253 τὰ
1494 1225 1560 1259 ξύλα
1572 1226 1692 1259 κόπτων,
1708 1227 1850 1262 ἄνθρωπός

1062 1270 1122 1296 ἐστι
1147 1270 1177 1297 ὲν
1203 1271 1354 1305 ἁμαρτίαις
1383 1273 1610 1307 πεφορτισμένος,
1637 1273 1683 1300 καὶ
1711 1273 1772 1300 ἀντὶ
1803 1273 1850 1300 τοῦ

1063 1315 1243 1350 μετανοῆσαι,
1268 1316 1350 1352 ἕτερα
1371 1317 1526 1352 προσ-πιθὼν
1540 1317 1571 1344 οὐ
1584 1318 1701 1345 παύεται
1717 1323 1742 1345 ﬂ.
1770 1319 1823 1345 Καὶ
1836 1319 1850 1346 6

1061 1361 1092 1387 τὺ
1119 1360 1189 1396 ὓδωρ
1212 1361 1331 1394 ἀντλῶν,
1361 1362 1504 1398 ἄνθρωπός
1529 1363 1587 1389 ἐστι
1611 1363 1682 1390 καλά
1706 1364 1758 1398 μὲν
1781 1364 1850 1398 ἔργα

1061 1407 1158 1438 ποιῶν,
1172 1407 1230 1434 ἀλλ’
1247 1408 1341 1444 ἐπειδὴ
1357 1409 1405 1434 σὺν
1422 1409 1514 1440 αὐτοῖς
1530 1409 1586 1444 ἔχει
1602 1410 1665 1437 τινὰ
1680 1409 1798 1445 πονηρὰ,
1821 1411 1850 1436 ὲν

1061 1453 1148 1488 τούτῳ
1174 1452 1299 1480 ἀπώλεσε
1316 1455 1363 1481 καὶ
1381 1454 1415 1481 τὰ
1431 1455 1546 1490 χρηστά.
1561 1456 1648 1491 Χρεία
1670 1456 1719 1482 οὖν
1742 1456 1849 1492 νήψεως

1063 1498 1102 1534 τῷ
1116 1498 1253 1534 ἀνθρώπῳ
1277 1500 1317 1531 είς
1329 1500 1364 1527 τὰ
1377 1500 1447 1535 ἔργα
1462 1501 1557 1534 αὑτοῦ,
1579 1501 1622 1528 ῐνα
1649 1501 1687 1538 μὴ
1712 1502 1753 1535 είς
1773 1504 1850 1530 κενὸν

1063 1545 1195 1580 κοπιὰσῃ.

1098 1593 1133 1617 κ’.
1150 1590 1336 1626 Διηγούμενον
1352 1591 1380 1618 δέ
1395 1593 1454 1619 ἔστι
1467 1593 1605 1621 καὶτοῦτο
1619 1594 1684 1630 περὶ
1696 1594 1793 1622 αὑτοῦ·
1807 1595 1849 1622 ὅτι

1061 1635 1260 1671 ἀσθενήσαντος
1289 1636 1372 1663 αὐτοῦ
1401 1646 1466 1664 ποτε
1493 1639 1534 1670 εἰς
1554 1640 1664 1674 Σκῆτιν,
1687 1640 1810 1675 ἀπῆλθεν
1835 1642 1850 1668 6

1062 1690 1114 1716 πρε
1120 1681 1260 1717 σϐὑτερος.
1271 1683 1319 1708 καὶ
1330 1683 1445 1717 ἤνεγκεν
1455 1684 1536 1712 αὐτὸν
1548 1686 1615 1721 πρὸς
1629 1686 1677 1721 τὴν
1688 1687 1848 1722 ἐκκλησίαν,

1062 1728 1109 1753 καὶ
1124 1726 1222 1761 ἔθηκεν
1234 1728 1315 1754 αὑτὸν
1329 1729 1369 1760 εἰς
1383 1729 1539 1766 χαλάδριον,
1559 1732 1607 1758 καὶ
1620 1732 1719 1768 μικρὸν
1730 1741 1852 1769 προσκε-

1062 1773 1176 1807 φάλαιον
1195 1774 1264 1810 πρὸς
1275 1776 1308 1809 τῇ
1322 1776 1429 1811 κεφαλῇ
1444 1777 1540 1804 αὐτοῦ.
1557 1778 1614 1806 Καὶ
1627 1776 1668 1811 εἷς
1681 1780 1737 1806 τῶν
1753 1781 1852 1816 γερόν-

1061 1827 1114 1845 των
1133 1819 1219 1846 ἐλθὼν
1240 1820 1280 1851 είς
1298 1820 1442 1856 ἐπίσκεψιν
1463 1823 1557 1856 αὐτοῦ,
1575 1823 1637 1851 ίδὼν
1656 1825 1737 1851 αὐτὸν
1759 1827 1801 1858 είς
1821 1827 1853 1853 τὸ

1061 1863 1217 1900 χαλάδριον,
1231 1865 1441 1902 ἐσκανδαλίσθη,
1452 1868 1540 1902 λέγων
1553 1877 1559 1884 ·
1580 1867 1665 1902 Οὗτός
1681 1871 1757 1897 ἐστιν
1772 1872 1787 1898 6
1802 1873 1853 1898 d6—

1061 1909 1111 1940 6ᾶς
1132 1909 1281 1944 ’Δρσένιος,
1306 1911 1354 1938 καὶ
1374 1913 1413 1943 είς
1430 1913 1518 1940 ταῦτα
1535 1914 1693 1949 ἀνάκειταις
1710 1916 1811 1943 Λαδὼν
1824 1918 1854 1944 δὲ

1060 1955 1142 1982 αὑτὸν
1167 1956 1181 1982 6
1207 1956 1403 1992 πρεσόύτερος,
1427 1957 1502 1992 λέγει
1519 1960 1594 1995 αὐτῷ
1605 1968 1612 1978 '
1630 1962 1662 1988 Τί
1675 1960 1708 1997 ἦν
1723 1962 1756 1988 τὺ
1771 1962 1853 1998 ἔργον

1063 2007 1109 2025 σου
1129 2000 1158 2026 ὲν
1179 2001 1212 2036 τῇ
1230 1999 1312 2037 κώμῃ
1330 2009 1376 2028 σου
1389 2010 1397 2035 ;
1411 2003 1493 2037 Λέγει
1507 2004 1522 2030 6
1541 2005 1646 2041 γέρων·
1663 2007 1768 2043 Ποιμήν
1784 2016 1852 2043 προ-

865 2075 983 2105 νΑιιιλΕ
1007 2076 1211 2106 LECTIONES.

259 2147 277 2159 "'
290 2143 412 2188 (ΞοιοιονΖ
420 2143 477 2188 τοῦ.
487 2143 687 2183 διορθώσασθαι
700 2145 814 2178 ἑαυτοὺς
830 2146 877 2174 καὶ
891 2146 1069 2183 πορευθῆναι,
1081 2153 1133 2176 etc.
1172 2153 1185 2166 ¹²
1206 2147 1322 2176 Coteler.
1336 2149 1420 2182 tua;
1455 2151 1572 2187 ἀνομίας
1597 2154 1740 2188 προστιθεῖ
1757 2155 1851 2182 ἐπάνω

222 2179 277 2205 τῶν
291 2179 434 2214 ἁμαρτιῶν
448 2179 544 2206 αὑτοῦ.

972 2247 1084 2277 NOTA'J.

221 2303 308 2340 donec
323 2301 429 2340 veniret
443 2301 475 2328 ad
489 2301 612 2340 ordinem
628 2310 717 2340 suum.
731 2303 765 2330 Et
777 2311 838 2331 eum
853 2306 1005 2340 accepisset

221 2337 346 2365 ﬁduciam
375 2336 507 2364 adversus
535 2338 714 2371 cogitationes
742 2340 850 2370 malas,
878 2336 1005 2368 vincebat

220 2381 277 2399 eas.
296 2381 304 2397 ι
327 2371 492 2404 Cotclerius,
518 2380 578 2407 pag.
597 2373 661 2406 555,
677 2373 724 2400 illa
749 2381 803 2401 nou
818 2374 883 2410 legit
907 2376 933 2402 in
954 2384 1005 2403 suo

220 2412 307 2435 textu.

256 2441 514 2477 (95)7Pra:mittitur
540 2442 566 2469 in
585 2443 640 2469 Vit.
661 2442 717 2470 PP.
740 2443 788 2470 lib.
806 2452 833 2475 ν,
858 2444 944 2472 liliell.
960 2445 1004 2477 l8,

220 2476 330 2514 num._2
343 2486 376 2514 :_i
396 2477 467 2514 Dixit
483 2477 567 2514 abbas
588 2478 692 2511 Daniel,
716 2479 762 2512 qui
778 2483 837 2505 eral.
853 2476 1004 2514 discipulus

220 2511 326 2539 abbatis
348 2512 474 2545 Arsenii;
490 2513 552 2546 quia
577 2514 698 2540 narravit
721 2511 743 2540 ei
760 2514 845 2540 abbas
859 2511 1003 2547 Arsenius,

218 2552 355 2584 tanquam
373 2548 406 2584 de
426 2547 480 2574 alio
504 2549 599 2581 aliqua
615 2548 708 2575 dicens
728 2552 804 2582 (puto
817 2554 918 2580 tamen,
933 2551 1005 2584 quod

218 2583 252 2609 de
273 2590 304 2608 eo
330 2581 494 2615 dicebatur).
515 2591 524 2607 ι
549 2584 615 2614 Quae
639 2581 789 2610 itidcm’ex
814 2591 862 2611 ore
885 2581 1005 2613 Danielis

218 2617 373 2653 referuntur
384 2618 456 2653 apud
470 2617 586 2644 Coteler.
604 2625 666 2653 pag.
678 2619 740 2645 566.
758 2619 786 2645 In
798 2619 893 2646 codice
910 2625 1005 2648 nostro

217 2652 427 2689 tuenibrauaceo
484 2660 535 2689 ms.
547 2653 587 2689 _5.
601 2652 666 2680 olim
683 2653 792 2689 collegii
814 2655 899 2681 nostri
916 2654 1006 2689 lngol-

217 2687 375 2719 stadiensis,
401 2687 447 2721 qui
464 2687 497 2714 ad
511 2687 613 2714 calcem
637 2688 782 2715 inchoatus
797 2693 909 2716 notatur
931 2687 1004 2717 anno

217 2721 281 2753 829,
311 2721 449 2748 habetur:
481 2731 490 2747 ι
509 2721 607 2750 Beatus
639 2723 771 2750 Arsenius
793 2724 940 2757 referebat,
969 2733 1003 2753 eo

217 2756 303 2793 quod,
323 2757 431 2793 dum_in
448 2759 555 2791 propria
578 2758 645 2784 cella
671 2758 795 2785 residuos
810 2759 893 2791 viros,
913 2756 1003 2793 tete”

219 2790 256 2817 ibi
272 2795 330 2818 est:
352 2800 360 2816 ε
381 2790 455 2819 Vidit
474 2790 537 2820 ante
562 2797 668 2827 portam
691 2793 809 2822 civitatis
832 2793 901 2822 duos
925 2790 1005 2829 juveL

216 2831 276 2858 nes,
293 2834 303 2850 ι
319 2830 371 2853 etc.

1095 2307 1150 2350 (9‘)
1166 2307 1318 2350 Χαλαδριον
1337 2314 1366 2337 et
1386 2311 1543 2350 χαράρριον,
1570 2318 1665 2345 matta.
1690 2316 1784 2350 pellis,
1810 2321 1853 2346 rel

1057 2341 1146 2381 lectus
1166 2341 1286 2381 pellibus
1298 2341 1440 2381 instratus.
1461 2341 1626 2375 Vide'notas
1643 2341 1836 2381 Cotblerii'col

1057 2351 1146 2369 iectus
1162 2351 1440 2404 gemousmstratus.
1463 2351 1529 2374 Vide
1546 2353 1626 2375 notas
1643 2351 1772 2378 Cotelerii
1793 2355 1847 2381 col.

1057 2377 1290 2423 :19?»et_llols‘sal:.‘
1300 2378 1389 2423 graec.
1403 2380 1508 2423 Ca_ngi_i.
1521 2382 1600 2410 Certe
1612 2385 1684 2423 apud
1694 2390 1853 2423 utrumque

1057 2418 1076 2457 at
1086 2411 1191 2457 .lqann—e
1209 2412 1353 2457 geometra
1368 2411 1533 2457 exprimitur
1542 2425 1589 2452 per
1604 2411 1677 2446 κώεα

1057 2447 1089 2478 ti,
1107 2454 1189 2481 quem
1208 2447 1304 2480 citant,
1319 2447 1471 2484 versiculo;

1091 2503 1228 2540 Μέμφετο
1240 2504 1396 2537 ’Δρσένιόν
1420 2515 1465 2540 τις
1487 2507 1558 2535 ἰδὼν
1572 2509 1622 2536 ἐπὶ
1638 2509 1751 2538 κώεσιν
1766 2514 1851 2540 ὄντα.

1096 2538 1267 2573 Vituperubal
1278 2539 1418 2568 Arscnium
1440 2538 1547 2577 aliquis,
1560 2545 1649 2572 videns
1664 2554 1723 2572 eum
1735 2538 1793 2574 esse
1807 2538 1853 2575 iii

1644 2579 1703 2616 [per
1716 2583 1849 2616 pellibus.

1100 2628 1176 2673 κώος
1194 2634 1236 2657 est
1256 2631 1347 2673 _pellis_
1363 2633 1519 2673 agn_ip_a_vel
1534 2635 1615 2673 ovina
1630 2645 1644 2673 :_
1662 2640 1690 2663 et
1705 2638 1810 2673 quippe
1825 2639 1852 2666 ni

1057 2664 1175 2706 aliprum
1190 2664 1395 2706 quadrupedum
1406 2669 1508 2706 ?_KiI)o;
1524 2671 1605 2698 etiam
1623 2664 1853 2706 sigiiilicat'stra;

1057 2699 1162 2741 gulam.
1191 2700 1219 2726 In
1239 2699 1398 2741 apographo
1422 2699 1551 2741 Meiliczeo
1570 2699 1852 2739 registranciteest

1058 2733 1165 2772 εὐτελές
1184 2743 1210 2772 τι
1223 2733 1357 2772 στρώμαὶ
1371 2738 1441 2772 apud
1457 2739 1566 2766 Surium
1580 2733 1655 2768 niim.
1670 2741 1700 2768 2i
1713 2733 1851 2771 vile—Str;

1060 2768 1162 2807 gulam.
1185 2768 1271 2807 Porro
1287 2768 1429 2800 historiam
1445 2774 1517 2803 hanc
1540 2768 1852 2807 comtnemoratilaitda-

1060 2807 1104 2830 tus
1116 2802 1247 2838 Coteler.,
1265 2812 1328 2841 pag.
1343 2807 1406 2835 367.
