1924 3077
211 107 266 138 875
822 107 852 137 S.
868 106 971 137 ΤΗΕο
981 107 1073 138 DORI
1090 107 1134 137 ST
1137 107 1263 138 UDITJ'I
1807 105 1858 136 876

211 167 298 194 quare
314 158 438 196 (επιξυιοῖ
454 167 581 195 egressus
597 160 691 196 es”)?
705 161 759 189 llac
779 168 809 188 re
824 161 983 196 signiﬁcans
998 169 1005 188 :

1077 171 1142 197 ητον
1156 163 1201 189 τὸν
1218 163 1281 189 νοῦν
1295 162 1431 198 διατήρει,
1449 162 1492 190 ἵνα
1505 163 1542 198 μὴ
1559 161 1603 189 διὰ
1618 161 1667 197 τῆς
1680 161 1768 196 λήθης
1781 161 1858 191 κενὸς

213 206 361 239 Quoniam,
378 206 479 237 aiebat,
509 211 534 233 te
545 207 634 241 ipsum
662 207 797 240 obtulisti,
823 212 853 234 ιιι
869 214 932 234 cum
950 206 1007 235 Deo

1076 207 1127 242 ’ἐνῃ
1144 206 1191 234 τοῦ
1210 207 1428 242 συναμιλλᾶσθαι
1443 208 1481 243 (p)
1499 206 1569 242 Θεῷ.

211 252 374 284 versat-eris,
390 252 498 280 custodi
533 257 651 280 mentem
672 252 912 287 imperturbatum,
931 257 961 280 ut
975 259 1024 287 per
1043 252 1209 280 oblivionem
1223 260 1328 281 vacuus
1359 260 1415 281 non
1435 253 1484 280 tias
1503 252 1536 280 ad
1554 251 1774 279 conversandum
1797 258 1859 279 eum

213 299 279 326 Deo.

247 344 293 371 2-2.
311 343 425 371 Dicebat
440 344 524 371 etiam
539 344 605 372 illud
623 353 629 372 :
650 344 784 373 Pmnituit
800 346 874 374 enim
888 353 953 374 vero
969 352 1012 372 me

213 388 313 424 saepius
326 388 376 424 (5),
391 388 511 416 loculum
541 397 618 423 esse;
636 391 757 419 tacuisse
773 399 839 419 vero
858 399 1013 426 nunquam.

213 432 272 460 Hoc
302 433 402 468 quippe
428 433 560 461 indicavit
580 435 618 470 (6)
649 433 779 468 Sanctus,
812 443 860 470 per
891 436 1016 463 multilo-

214 479 309 514 quium
322 479 422 514 saepius
442 479 592 512 hominem,
608 481 656 516 qui
676 489 731 509 non
762 481 888 515 attendit,
907 487 935 509 ut
948 489 1016 509 con-

215 532 282 559 grua
300 524 440 560 proferat,
458 525 532 559 labi;
553 526 580 554 in
593 526 766 555 calamitates
795 527 890 563 utique
921 528 1017 555 morti-

1100 343 1152 378 κβ⁹.
1166 343 1265 378 Ἔλεγε
1279 343 1308 370 δὲ
1333 344 1379 370 καὶ
1394 342 1473 370 τοῦτο
1485 351 1492 359 ·
1512 342 1640 378 Λαλήσας
1655 342 1709 378 γὰρ
1730 342 1862 377 πολλάκις

1067 389 1269 423 μετεμελήθην,
1295 389 1439 423 σιωπήσας
1469 388 1498 415 δὲ
1519 388 1658 415 οὐδέποτε.
1682 388 1779 424 Τούτῳ
1808 390 1863 424 γὰρ

1065 434 1201 470 ἐδήλωσεν
1215 435 1230 461 ὁ
1243 435 1347 466 Ὃσιος,
1364 434 1405 461 ὃτι
1425 435 1458 460 ὲκ
1473 433 1637 467 πολυλογίας
1651 433 1796 466 πολλάκις,
1816 435 1862 460 καὶ

1068 480 1106 515 μὴ
1132 479 1331 514 ἓστοχασμένος
1347 479 1512 515 προσφέρειν
1536 479 1572 506 τὰ
1593 478 1766 514 ἁρμόζοντα,
1786 480 1865 507 ὲκπί-

1068 534 1130 552 πτει
1147 527 1161 552 6
1175 525 1329 560 ἄνθρωπος,
1354 525 1402 552 καὶ
1428 525 1476 551 ἐπὶ
1502 525 1647 560 συμφορὰς
1669 525 1735 557 ἴσως
1749 526 1800 552 καὶ
1818 525 1865 552 Θα-

215 568 289 598 feras
316 578 349 598 ac
380 571 570 600 contentiones
605 573 819 608 praecipitatum.
844 574 924 607 Quod
949 574 1017 602 dum

1076 571 1249 607 ιατηφόρους,
1279 570 1326 597 καὶ
1353 570 1537 605 δικαιολογίας
1565 570 1786 606 κρημνιζόμενος
1807 579 1814 585 ·
1852 571 1866 596 ὃ

217 624 311 644 amens
342 624 394 644 non
410 617 506 650 sentit,
521 618 682 653 poenitentia
702 626 756 646 non
768 619 889 652 ducitur,
903 619 951 648 sed
966 620 1019 648 im-

1076 619 1164 654 ίφρων
1181 617 1218 652 μὴ
1233 616 1440 649 αἰσθανόμενος,
1457 616 1488 643 οὺ
1504 616 1691 652 μετεμελήθη,
1704 616 1772 642 ἀλλὰ
1793 616 1866 651 μᾶλ-

217 663 347 698 pudentia
366 663 458 698 potius
482 671 498 692 e
513 665 654 693 contrario
680 666 714 693 ad
741 666 908 701 loquendum
934 666 1018 695 robo-

1076 668 1114 691 lov
1127 662 1315 698 ἀναισχυντῶν
1330 663 1378 688 ἐπὶ
1393 662 1423 689 τὸ
1437 662 1560 689 ἐναντίον
1573 662 1614 693 εἰς
1625 662 1654 688 τὸ
1668 661 1758 696 λέγειν
1769 662 1868 697 ἀνδρί-

218 713 295 737 ratur
314 713 426 745 propter
447 710 649 739 contentionem
674 712 786 740 malitiae
804 722 811 739 :
832 720 896 740 nam
922 713 1018 748 pedica

1076 712 1148 744 ἵεται
1168 710 1212 738 διὰ
1234 709 1292 746 ἔριν
1311 709 1411 742 κακίας
1423 716 1430 724 ·
1448 709 1534 742 παγὶς
1548 709 1603 744 γὰρ
1618 709 1717 744 ισχυρὰ
1735 709 1816 744 ἀνδρὶ
1832 709 1867 734 τὰ

219 755 307 783 valida
327 755 386 783 viro
406 761 470 784 sunt
489 757 598 791 propria
613 757 694 791 labia,
709 762 736 785 et
754 759 856 794 proprii
880 760 936 786 oris
957 766 1020 787 ver-

1076 757 1125 784 ἷδια
1137 756 1227 791 χείλη,
1242 755 1289 782 καὶ
1302 755 1442 782 ἁλίσκεται
1457 756 1579 791 ῥήμασιν
1593 755 1658 781 ίδίου
1671 755 1818 789 στόματος.
1837 754 1867 780 '0

220 801 262 829 bis
286 806 423 836 captatur.
437 802 470 829 At
484 803 646 837 sapientem,
668 808 696 831 et
710 804 756 838 qui
777 809 896 832 mentem
916 812 1020 840 expur-

1076 802 1099 829 te
1113 802 1232 837 εὖφρων,
1254 802 1302 828 καὶ
1318 801 1365 828 τὸν
1378 800 1442 828 νοῦν
1453 800 1660 836 κεκαθαρμένον
1680 800 1801 835 ἐπέχων,
1817 800 1867 826 λα-

221 851 310 882 gatam
339 847 432 879 habet,
452 846 575 874 locutum
593 853 692 882 praeter
718 848 743 876 id
758 849 832 884 quod
846 849 950 883 debuit,
965 857 1018 878 sae-

1076 849 1155 889 λήσας
1167 847 1243 882 παρὰ
1257 847 1288 873 τδ
1299 845 1367 878 δέον,
1381 847 1512 878 πολλάκις
1526 846 1708 881 μετεμελήθη.
1723 844 1786 872 Εἴθε
1800 845 1866 881 γὰρ,

221 892 283 927 pitfs
301 892 438 927 paenituit.
465 892 586 924 Utinam,
610 893 764 928 inquiebat,
776 902 933 922 sermonem
947 895 1020 922 hunc

1076 896 1150 930 φησὶ,
1166 894 1204 930 μὴ
1222 894 1298 921 τόνδε
1315 894 1394 928 λόγον
1412 893 1615 929 προεξήνεγκον
1626 901 1633 908 ·
1651 894 1683 920 ὲκ
1704 892 1757 928 γὰρ
1783 893 1864 918 πολυ-

223 946 276 965 ιιοιι
290 938 467 973 protulissem
479 939 485 965 l
503 937 542 965 Ex
557 939 732 974 multiloquio
743 939 816 967 enim
835 946 889 967 non
902 940 1019 968 cvitabis

1076 941 1165 976 λογίας
1180 942 1230 967 οὐκ
1243 940 1364 976 ἐκφεύξῃ
1377 939 1526 975 ἁμαρτίαν.
1540 939 1589 966 Διὰ
1604 938 1685 965 τοῦτο
1700 939 1784 966 καλὸν
1796 940 1813 973 ἡ
1826 938 1870 965 εὖ·

222 989 375 1018 peccatum.
387 984 452 1012 Ideo
465 984 536 1012 bona
548 992 592 1013 res
607 989 650 1013 est
664 990 848 1020 opportunum
865 985 1017 1014 silentium.

222 1029 337 1062 Quando
347 1029 404 1065 jam
431 1031 512 1058 morti
540 1035 601 1059 erat
623 1031 779 1067 vicinus(7)
795 1033 1018 1065 ,viderunteum

225 1077 323 1104 fratres
344 1076 474 1110 ﬂentem;
491 1081 520 1104 et
541 1077 637 1104 dicunt
655 1077 680 1104 ei
696 1086 702 1104 :
724 1077 814 1111 Vere,
832 1086 867 1106 an
897 1083 924 1106 et
940 1083 967 1106 tu
986 1079 1020 1106 ti-

225 1129 292 1153 mes,
316 1121 413 1149 Pater?
441 1121 618 1156 Respondet:
649 1122 726 1156 Vere,
754 1123 848 1155 timor,
867 1124 914 1158 qui
945 1130 1020 1152 nunc

225 1174 332 1194 mecum
347 1171 390 1194 est
408 1167 436 1194 in
453 1168 503 1195 bac
521 1168 597 1200 hora,
618 1175 724 1195 mecum
748 1174 818 1202 erat,
839 1176 872 1196 ex
889 1177 944 1204 quo
961 1177 1019 1197 mo-

225 1213 330 1241 nachus
348 1212 438 1241 factus
452 1221 513 1241 sum
532 1214 587 1249 (7“)
605 1223 611 1241 :
629 1218 654 1241 et
668 1214 708 1242 sic
718 1214 887 1242 obdormivit
900 1216 925 1242 iu
941 1223 1019 1251 pace.

225 1258 305 1286 Certe
328 1259 414 1286 abbas
441 1259 553 1286 Pwmen
568 1259 617 1294 (8),
637 1260 730 1287 audita
749 1260 836 1295 ipsius
855 1265 955 1293 morte,
980 1261 1021 1288 la-

227 1312 354 1340 crymans
386 1304 478 1332 dixit:
517 1305 618 1333 Beatus
644 1313 684 1339 es,
714 1306 785 1333 abba
816 1307 924 1340 Arseni,
947 1307 1020 1342 quod

228 1350 343 1384 teipsum
357 1349 454 1378 ﬂevisti
478 1350 505 1377 in
530 1350 581 1377 hoc
600 1352 701 1378 mundo
715 1360 722 1378 :
748 1352 795 1386 qui
809 1352 882 1379 enim
898 1352 1021 1388 seipsum

228 1395 272 1424 bie
287 1403 341 1423 non
357 1396 415 1428 lict,
434 1397 462 1424 in
484 1401 616 1424 aeternum
639 1397 694 1425 illic
710 1398 806 1425 ﬂebit:
827 1398 963 1433 siquidem
977 1400 1022 1426 hic

229 1443 293 1470 llerc
320 1442 516 1477 voluntarium,
532 1442 588 1471 illic
613 1450 666 1471 non
689 1443 754 1472 (lere
779 1444 948 1480 impossibile
979 1449 1023 1474 est

230 1495 285 1523 prae
299 1489 454 1516 tormentis.

1071 995 1168 1022 καιρος
1186 987 1287 1022 σιωπή.
1309 987 1354 1018 Ὠς
1365 986 1393 1013 δὲ
1407 986 1490 1020 ἐγγὺς
1503 983 1537 1021 ἦν
1552 984 1600 1012 τοῦ
1617 984 1746 1020 τελευτᾷν
1757 989 1781 1017 ι’,
1798 981 1869 1010 εἶδον

1071 1034 1153 1061 αὑτὸν
1173 1034 1198 1060 oi
1221 1033 1332 1068 ἀδελφοὶ
1347 1032 1488 1065 κλαίοντα,
1503 1031 1552 1058 καὶ
1566 1031 1691 1066 λέγουσιν
1706 1031 1781 1066 αὐτῷ
1792 1038 1799 1045 °
1824 1030 1870 1056 Ἐν

1070 1080 1186 1115 ἀληθείᾳ
1205 1079 1250 1106 καὶ
1266 1079 1299 1105 σὺ
1317 1078 1399 1113 φοϐῇ,
1413 1078 1506 1113 Πάτερ
1518 1086 1525 1110 ;
1539 1078 1594 1105 Καὶ
1604 1077 1679 1112 λέγει
1693 1077 1785 1109 αὐτοῖς
1795 1085 1802 1092 ·
1824 1077 1870 1103 Ἐν

1071 1127 1188 1162 ἀληθείᾳ
1202 1127 1217 1153 6
1231 1125 1314 1160 φόϐος
1330 1126 1345 1151 6
1362 1124 1410 1151 νῦν
1427 1124 1465 1151 ὣν
1480 1124 1539 1160 μετ’
1555 1123 1622 1160 ὲμοῦ
1635 1125 1663 1150 ὲν
1677 1125 1710 1160 τῇ
1726 1123 1788 1159 ὥρᾳ
1801 1124 1868 1150 sati-

1070 1182 1116 1210 τῃ.
1133 1173 1192 1208 μετ’
1206 1171 1274 1208 ἐμοῦ
1285 1170 1330 1208 ἦν,
1345 1171 1391 1205 ἀφ’
1406 1168 1437 1197 οὗ
1453 1171 1553 1205 γέγονα
1575 1170 1701 1206 μοναχός·
1717 1170 1765 1197 καὶ
1781 1169 1870 1200 οὕτως

1072 1219 1209 1254 ἐκοιμήθη
1231 1219 1260 1245 ὲν
1276 1219 1384 1254 εἰρήνῃ.
1405 1217 1515 1253 ’Ᾱμέλει
1530 1219 1544 1244 6
1559 1217 1647 1246 ἀϐϐᾱς
1662 1217 1769 1252 Ποιμὴν
1788 1216 1871 1242 ἀκού-

1073 1274 1124 1296 σας
1135 1266 1173 1292 ὂτι
1185 1264 1333 1300 ἐκοιμήθη,
1349 1263 1488 1299 δακρύσας
1501 1261 1578 1290 εἶπεν
1587 1271 1593 1278 ·
1606 1263 1751 1298 Μακάριος
1765 1260 1803 1293 εἴ,
1819 1262 1870 1289 ἁϐ-

1073 1313 1109 1340 ϐᾶ
1125 1311 1258 1346 ’Δρσένιε,
1274 1310 1315 1337 ὅτι
1331 1309 1468 1341 ἔκλαυσας
1482 1309 1580 1335 σαυτὸν
1592 1309 1621 1335 ἐν
1633 1307 1700 1343 τῷδε
1712 1307 1751 1343 τῷ
1763 1307 1870 1342 κόσμῳ·

1071 1359 1086 1385 6
1101 1359 1155 1394 γὰρ
1176 1357 1213 1393 μὴ
1235 1357 1337 1383 κλαίων
1354 1355 1450 1382 ἑαυτὸν
1467 1352 1531 1387 ὧδε,
1547 1354 1665 1386 αἰωνίως
1686 1355 1744 1380 ἐκεῖ
1754 1353 1871 1380 κλαύσε-

1072 1413 1118 1431 ται
1131 1411 1137 1417 ·
1152 1403 1207 1429 εἴτε
1228 1400 1275 1429 οὖν
1291 1398 1343 1428 ὦδε
1358 1400 1431 1433 ἑκδν,
1445 1399 1501 1426 εἴτε
1520 1400 1580 1426 ὲκεῖ
1592 1399 1647 1425 ἀπὸ
1663 1398 1791 1434 βασάνων
1807 1398 1867 1424 ἁδὺν

1073 1457 1155 1477 νατον
1169 1448 1207 1484 μὴ
1220 1446 1350 1474 κλαῦσαι.

264 1533 309 1561 25.
329 1532 456 1561 Narravit
472 1533 506 1561 de
518 1533 578 1570 ipso
604 1535 689 1563 abbas
718 1535 832 1569 Daniel.
848 1537 920 1572 quod
945 1546 1017 1565 nun-

1107 1547 1161 1578 κγ’.
1175 1539 1329 1576 Διηγήσατο
1354 1537 1382 1564 δὲ
1403 1536 1492 1568 ἀϐϐᾶς
1510 1534 1610 1572 Δανιὴλ
1630 1533 1695 1570 περὶ
1719 1533 1820 1567 αὑτοῦ,
1833 1534 1870 1561 ὅτι

229 1586 311 1614 (luam
326 1578 399 1613 loqui
410 1579 527 1606 voluerit
536 1580 570 1607 de
584 1581 737 1615 quastione
753 1582 844 1617 aliqua
861 1582 1021 1618 Scripturze,

230 1633 400 1660 quanquam,
421 1625 443 1653 si
459 1626 600 1659 voluisset,
612 1627 687 1662 loqui
701 1629 836 1662 potuisset
850 1639 856 1657 :
873 1630 921 1657 sed
934 1638 1023 1665 neque

230 1671 373 1706 epistolam
390 1671 470 1700 facile
494 1673 641 1700 scribebat.
670 1673 786 1706 Quando
807 1679 897 1703 autem
921 1683 969 1710 per
983 1676 1024 1703 in-

232 1717 344 1745 tcrvalia
371 1718 496 1745 veniebat
527 1718 561 1746 ad
583 1719 738 1752 ecclesiam,
765 1727 834 1754 pone
862 1720 1022 1747 columnam

231 1763 353 1795 sedebat,
371 1767 402 1790 ut
417 1770 498 1791 nemo
521 1763 625 1791 videret
650 1763 746 1791 faciem
764 1766 835 1798 ejus,
856 1773 946 1800 neque
968 1766 1024 1800 ipse

233 1809 271 1836 rei
299 1809 378 1836 alteri
401 1809 564 1836 attenderet.
595 1809 660 1836 Erat
685 1809 777 1837 vultus
801 1810 861 1844 ejus
885 1811 1026 1845 angelicas

235 1857 323 1883 instar
336 1856 420 1884 Jucob
433 1864 440 1889 ;
457 1860 520 1884 erat
549 1856 607 1891 ipse
627 1860 700 1884 totus
712 1865 798 1884 canus
812 1865 819 1890 ;
840 1865 889 1884 ore
903 1857 1025 1890 festivus,

233 1901 338 1934 aridus,
365 1906 469 1929 statura
493 1909 634 1937 procerus,
651 1907 680 1929 at
697 1910 752 1937 pra:
769 1907 910 1930 senectute
930 1903 1027 1930 incur-

234 1956 295 1975 vus.
325 1947 448 1976 ilabcbat
469 1948 580 1976 barbam
608 1948 757 1983 prolixam,
780 1949 813 1976 ad
830 1954 924 1984 pectus
940 1956 1029 1984 usque

235 1998 390 2028 protensam
409 2003 416 2021 :
440 1995 487 2030 pili
508 1999 600 2022 autem
620 1995 764 2022 oculorum
788 1995 849 2029 ejus
864 2002 919 2030 pra:
944 1996 1030 2023 multo

236 2040 299 2067 ﬂetu
319 2041 491 2069 exciderant.
521 2040 596 2069 Obiit
622 2048 726 2069 annum
746 2048 830 2077 agens
855 2048 1029 2077 nonageuum

1073 1590 1202 1619 οὐδέποτε
1217 1586 1334 1622 ἠθέλησε
1344 1584 1463 1618 λαλῆσαι
1479 1581 1592 1618 ζήτημα
1608 1582 1659 1616 τῆς
1673 1581 1798 1616 Γραφῆς,
1813 1581 1872 1607 καί-

1075 1645 1129 1672 περ
1155 1634 1306 1669 δυνάμενος
1330 1630 1458 1666 λαλῆσαι,
1481 1630 1506 1656 ει
1526 1629 1643 1664 ἢθελεν·
1661 1628 1718 1655 ἀλλ’
1731 1627 1799 1654 οὔτε
1817 1628 1874 1653 ἑπι-

1077 1681 1174 1716 στολὴν
1189 1679 1296 1714 ταχέως
1314 1677 1445 1712 ἔγραφεν.
1462 1676 1530 1702 Ὅτε
1547 1674 1575 1701 δὲ
1592 1674 1693 1709 ἤρχετο
1706 1674 1746 1704 εἰς
1761 1673 1813 1709 τὴν
1830 1674 1860 1699 ὲκ

1077 1726 1193 1763 κλησίαν
1223 1724 1268 1752 διὰ
1294 1723 1402 1759 χρόνου,
1419 1722 1508 1749 ὀπίσω
1532 1720 1579 1748 τοῦ
1600 1720 1698 1747 στύλου
1721 1719 1875 1751 ἐκαθίζετο.

1079 1772 1124 1798 ἵνα
1142 1771 1238 1806 μηδεὶς
1252 1770 1295 1804 ῐδῃ
1311 1769 1342 1795 τὸ
1356 1768 1503 1803 πρόσωπον
1516 1766 1611 1796 αὐτοῦ.
1628 1766 1666 1801 μὴ
1686 1774 1715 1792 τε
1729 1765 1814 1795 αὐτὸς
1831 1764 1875 1791 ἄλη

1079 1817 1127 1844 λου
1142 1816 1263 1851 προσχῇ·
1277 1812 1311 1850 ἦν
1324 1813 1352 1840 δὲ
1369 1812 1400 1839 τὺ
1415 1810 1484 1844 εἶδος
1502 1811 1586 1838 αὐτοῦ
1605 1809 1761 1845 ἀγγελικδς,
1782 1809 1876 1842 ὥσπερ

1081 1863 1129 1890 τοῦ
1153 1861 1263 1893 Ἰακὼϐ,
1281 1859 1432 1891 ὁλοπόλιος,
1446 1859 1555 1889 ἀστεῖος
1574 1856 1613 1892 τῷ
1629 1856 1744 1891 στόματι
1756 1860 1781 1886 ﬁ,
1798 1853 1877 1889 ξηρὸς

1080 1908 1110 1934 δὲ
1129 1906 1236 1942 ὑπῆρχε
1259 1905 1308 1932 καὶ
1335 1903 1452 1940 μακρὸς,
1469 1902 1527 1930 ἀλλ’
1539 1901 1684 1938 ἔκυρτώθη
1699 1900 1754 1928 ἀπὸ
1767 1899 1817 1926 τοῦ
1832 1900 1879 1933 γή-

1084 1961 1149 1988 ρως.
1162 1950 1242 1987 Εῐχεν
1255 1951 1283 1978 δὲ
1296 1950 1341 1977 τδν
1356 1949 1476 1984 πώγωνα
1492 1948 1591 1984 μέγαν,
1609 1947 1745 1982 φθάνοντα
1761 1945 1817 1977 ἕως
1831 1945 1878 1979 τῆς

1083 1998 1205 2030 κοιλίας·
1225 1998 1252 2024 αἱ
1276 1997 1305 2024 δὲ
1330 1997 1424 2031 τρίχες
1447 1995 1502 2022 τῶν
1517 1993 1666 2029 ὀφθαλμῶν
1679 1991 1763 2020 αὑτοῦ
1781 1991 1879 2017 ἔπεσον

1086 2043 1141 2070 ἀπὸ
1154 2042 1201 2069 τοῦ
1217 2041 1315 2069 πολλοῦ
1330 2040 1486 2076 κλαυθμοῦ·
1498 2039 1613 2074 τελευτᾷ
1628 2039 1636 2056 ι
1655 2037 1684 2064 δὲ
1703 2036 1772 2064 ὲτῶν
1789 2037 1879 2070 ὲνενῄ-

904 2111 1021 2140 VARIE
1042 2112 1248 2142 LECTIONES.

293 2173 303 2187 '
316 2167 352 2196 al.
367 2167 485 2203 ἠμελλεν
505 2168 684 2204 παραδιδόναι
709 2168 739 2195 τὸ
756 2168 874 2203 πνεῦμα.

933 2172 943 2186 ³
959 2169 1078 2197 Coteler.
1102 2169 1220 2206 σώματι.
1262 2172 1271 2188 ί
1287 2170 1406 2197 Coteler.
1423 2169 1542 2203 ἐγένετο.

1006 2226 1127 2256 NOTAE.

274 2278 311 2312 (ρ)
325 2273 556 2312 Συναμιλλᾶσθαι,
582 2273 654 2308 quod
666 2277 725 2300 erat
735 2273 775 2312 ~iI_I_
783 2277 879 2312 nostro
899 2273 1068 2312 apogrupbo,
1092 2281 1176 2312 quam
1197 2274 1242 2302 hic
1256 2275 1324 2312 satis
1341 2274 1374 2312 ad
1391 2273 1561 2312 propositum
1583 2271 1675 2312 faciat,
1701 2260 1756 2312 fon
1774 2271 1853 2298 video
1871 2280 1879 2297 :

239 2307 366 2341 cst-enim
384 2307 442 2336 cum
461 2309 550 2344 aliqua
568 2307 728 2344 concertare.
754 2307 849 2335 Melius
872 2309 990 2342 quadrat
1006 2308 1221 2344 συνομιλείσθαι,
1238 2314 1268 2337 ιιι
1288 2310 1334 2337 hic
1352 2307 1508 2337 sit’versari
1529 2315 1593 2335 cum
1610 2307 1664 2334 Deo
1681 2315 1688 2334 :
1707 2307 1806 2342 sicque
1819 2314 1880 2334 eon-

239 2349 313 2384 gruit
331 2345 370 2382 τῷ
385 2345 515 2377 συνεῖναι,
532 2343 604 2378 quod
617 2343 755 2378 praecedit.

277 2394 316 2428 (Ii)
341 2392 393 2419 Vit.
410 2390 466 2418 PP.
484 2400 496 2428 ε
517 2389 564 2428 ille
578 2394 670 2428 autem
688 2395 779 2417 sermo
800 2395 910 2428 semper
927 2391 987 2428 erat
1002 2387 1028 2415 in

241 2423 290 2457 ore
305 2423 422 2456 Arseiiii.
443 2436 452 2452 ι
479 2425 558 2459 Quod
577 2425 660 2452 etiam
681 2423 838 2459 praaroculis
855 2423 950 2459 habuit
966 2431 1031 2450 san-

242 2470 304 2493 ctus
320 2457 501 2497 Eutbymius,
514 2466 543 2488 ut
558 2464 666 2497 constat
682 2457 717 2486 ex
731 2458 793 2497 Vita
810 2458 869 2497 ejus
883 2458 918 2485 20
930 2457 1032 2497 Janua-

242 2500 287 2532 rii,
303 2506 364 2535 pag.
380 2493 453 2535 ΚΗι
464 2504 544 2535 ιιιιιιιἶ
633 2494 752 2535 Sanctus
766 2493 929 2535 Dorotbeus
943 2493 1034 2535 arcbi:

244 2528 390 2564 nian'drita,
406 2540 420 2559 a
434 2531 565 2560 Corderio
586 2535 679 2557 nostro
695 2530 796 2559 editus,
812 2528 986 2564 institutione
1000 2528 1032 2554 10

245 2571 284 2597 sic
297 2563 398 2597 habet:
425 2576 435 2592 ι
454 2566 588 2594 Arscnius
613 2565 697 2592 abbas
713 2565 764 2593 sibi
786 2565 843 2597 ipse
858 2563 969 2591 assidue
992 2571 1033 2589 ιιι-

245 2605 387 2633 culcabat:
411 2602 510 2629 Arseni
532 2608 617 2635 quare
634 2599 761 2627 exivisti?
780 2598 836 2626 Nos
862 2604 916 2626 tam
935 2598 1038 2635 perdite

246 2639 375 2667 socordes
391 2644 498 2667 sumus.
517 2633 547 2673 ut
568 2642 658 2668 neque
677 2636 807 2673 sciamus.
821 2641 907 2673 quare.
923 2633 1040 2673 exivcri-

247 2684 321 2707 tuus,
346 2682 434 2708 neque
461 2671 657 2708 intelligamus,
680 2671 745 2705 quid
769 2670 819 2708 sit,
832 2669 904 2704 quod
921 2669 1042 2708 volueri-

249 2704 321 2738 mus.
345 2704 517 2743 Quapropter
540 2704 595 2734 non
615 2705 704 2733 solum
727 2705 895 2741 proﬁcimus,
910 2704 958 2732 sed
974 2711 1043 2731 scm-

250 2753 298 2781 per
316 2744 501 2781 aiiligintugh)
565 2775 581 2781 Α
770 2775 787 2781 ,ν
813 2775 819 2780 _

287 2780 325 2815 (5)
358 2773 413 2806 Vit.
446 2777 503 2805 PP.
535 2787 543 2803 ι
565 2775 678 2811 Semper
705 2775 858 2812 pmnituit:
880 2784 889 2800 ι
922 2773 1043 2802 Coteler.

253 2823 329 2844 υνμε-

351 2848 426 2876 ilnnc
445 2847 591 2875 asceticam
618 2846 838 2881 evplanationcm
870 2845 911 2873 vel
935 2843 1045 2879 proprio

1084 2394 1173 2417 marte
1187 2389 1329 2424 adiecerit,
1343 2389 1385 2417 vel
1399 2388 1508 2416 aliunde
1521 2387 1602 2413 fuerit
1613 2391 1757 2424 mutuatus
1771 2392 1883 2415 sanctus

1087 2421 1247 2452 Theodorus
1264 2421 1476 2459 Studita,quam
1492 2430 1542 2450 nec
1553 2421 1625 2457 apud
1638 2422 1820 2454 (iotelerium,
1838 2430 1886 2450 nec

1085 2460 1113 2487 in
1135 2459 1188 2486 Vit.
1206 2460 1262 2487 PP.
1285 2461 1328 2488 hic
1345 2461 1463 2494 reperio.

1102 2530 1108 2536 ξ
1123 2495 1162 2529 (7)
1184 2495 1236 2522 Vir.
1257 2495 1315 2522 PP.
1331 2505 1340 2521 ι
1354 2491 1422 2522 Cillll
1450 2499 1541 2521 autem
1572 2491 1724 2520 traditurus
1740 2496 1814 2520 esset
1831 2492 1887 2527 spi-

1087 2537 1180 2560 ritum.
1197 2541 1206 2556 ι

1125 2565 1181 2602 (7⁸)
1209 2566 1260 2594 Vit.
1278 2565 1336 2602 PP.
1362 2565 1492 2602 addunt}
1512 2576 1533 2602 is
1553 2566 1587 2593 Et
1613 2567 1696 2602 timeo
1716 2563 1808 2602 valde.
1820 2573 1832 2602 _i
1850 2563 1887 2589 Ad

1090 2599 1159 2630 diem
1171 2599 1190 2630 8
1203 2601 1327 2637 Januarii
1349 2601 1374 2628 in
1393 2600 1451 2627 Vita
1464 2600 1494 2637 Β.
1511 2601 1654 2629 Laurentii
1675 2599 1827 2637 Iustiniani
1844 2607 1889 2637 pa-

1091 2638 1231 2676 triarchae.
1245 2636 1352 2668 Veneti,
1367 2643 1440 2676 cap.“
1452 2636 1503 2676 μ),⁴
1515 2645 1576 2676 pug:
1593 2637 1657 2676 ὕδει,
1674 2636 1710 2662 de
1726 2634 1888 2676 ipsormorif

1092 2678 1155 2701 turo
1179 2672 1305 2700 dicitur:
1336 2680 1346 2698 ι
1370 2671 1398 2698 Ιιι
1425 2671 1523 2699 ﬁducia
1549 2671 1710 2703 Macarium,
1737 2671 1765 2697 in
1794 2671 1889 2696 timore

1093 2708 1239 2735 Arsenium
1274 2707 1395 2734 referens
1422 2715 1430 2733 ι
1459 2707 1530 2735 inter
1557 2713 1707 2741 utrumque
1740 2705 1888 2741 incedens,

1095 2748 1126 2771 ut
1139 2751 1202 2770 cum
1226 2742 1325 2770 ﬁducia
1350 2746 1495 2776 luctueret,
1518 2749 1568 2770 nec
1583 2742 1643 2770 sine
1657 2739 1757 2769 timore
1772 2739 1888 2767 conﬁde-

1100 2782 1151 2806 ret.
1171 2787 1180 2803 ι

1136 2813 1175 2848 (R)
1199 2814 1236 2840 Dc
1264 2820 1296 2839 eo
1319 2812 1541 2840 Commentarios
1567 2812 1704 2848 pravius;
1727 2812 1775 2844 qui
1793 2810 1821 2837 in
1839 2809 1887 2836 Vit.

1100 2850 1158 2876 PP.
1172 2854 1283 2877 vocatur
1305 2847 1448 2879 l’aslor,id
1463 2849 1536 2876 enim
1562 2848 1664 2883 ποιμὴν
1684 2847 1781 2873 (haece
1803 2847 1888 2872 sonat.
