1924 3077
235 155 289 186 879

837 151 868 179 S.
895 148 1091 179 TIIEODORI
1108 148 1280 178 S’I‘UDITIE

1818 145 1871 175 880

234 211 383 243 societatis,
402 210 572 238 alacritatem
589 217 621 237 ac
641 208 843 237 contentionem
861 209 889 236 in
906 207 1020 240 orando,
1038 211 1049 239 Α

1103 206 1283 242 ,σοσύντυχον,
1307 206 1338 232 τὸ
1363 206 1402 238 είς
1427 206 1583 242 προσευχὴν
1601 204 1743 240 πρόθυμόν
1766 212 1797 230 τε
1827 204 1874 230 καὶ

234 257 502 286 commiserationem
536 263 567 283 ac
591 254 798 283 discretionem.
827 252 908 281 Omni
936 253 1028 287 itaque

235 304 326 333 studio
347 303 409 331 vitae
432 303 519 338 ipsius
542 302 701 330 institutum
718 300 851 333 imitatus.
872 299 1027 335 gratiarum

234 350 329 381 etiam.
342 349 444 384 quibus
468 349 514 376 ille
528 353 587 376 erat
603 347 744 382 praditus,
758 348 861 375 donum
878 346 1026 374 fruendum

236 396 353 431 accepit,
384 394 551 424 sanctissimi
587 394 708 430 Spiritus
733 393 1025 425 communieatioaem,

237 442 321 469 divini
335 441 448 469 luminis
459 440 668 468 illustrationem
682 446 713 467 ac
727 439 842 474 gratiam
858 438 1028 474 perspicien~

238 487 264 514 di
279 494 393 514 arcana.

1078 251 1198 284 εύτονον,
1229 251 1291 278 τότε
1315 250 1459 286 συμπαθὲς
1483 250 1529 278 καὶ
1547 249 1730 285 διακριτικόν.
1760 249 1875 282 Ἐπειδὴ

1077 297 1169 324 τοίνυν
1184 297 1261 333 πάσῃ
1283 297 1385 332 σπουδῇ
1413 296 1463 331 τὴν
1488 295 1593 322 ἐκείνου
1615 295 1774 330 ἐμιμήσατο
1797 294 1876 320 πολι-

1077 343 1162 376 τείαν,
1178 343 1226 370 καὶ
1236 342 1291 369 τῶν
1302 342 1401 377 ἐκείνῳ
1411 341 1568 377 προσόντων
1581 341 1760 376 χαρισμάτων
1770 338 1876 374 ἠξιώθη

1078 392 1108 419 ἐν
1127 390 1278 418 ἀπολαύσει
1302 390 1430 424 γενέσθαι
1447 389 1497 424 τῆς
1511 397 1543 415 τε
1567 387 1613 414 τοῦ
1631 385 1770 420 παναγίου
1787 384 1877 411 Πνεῦ-

1086 445 1171 472 ματος
1197 436 1369 472 μεταδοσίας,
1381 435 1429 462 καὶ
1451 435 1502 470 τῆς
1527 433 1574 460 τοῦ
1587 432 1660 459 θείου
1673 431 1762 466 φωτὸς
1776 430 1879 466 ἐλλάμ-

1083 483 1168 518 ψεως,
1185 482 1233 509 καὶ
1247 481 1295 509 τοῦ
1310 480 1465 517 διορατικοΰ
1481 480 1661 516 χαρίσματος.

967 550 1150 580 EPILOGUS.

275 612 322 640 25.
338 611 360 639 0
371 611 509 639 beatorum
532 609 691 637 beatissime
708 609 816 640 Arscni,
827 615 928 644 purum
949 606 1038 642 Spiri-

243 664 287 686 tus
315 657 524 692 receptaculum.
550 655 652 691 Ecquis
671 663 762 683 sermo
790 660 835 682 lua
861 660 935 682 recte
964 658 1040 689 gesta

243 704 333 739 dignis
346 703 492 738 praeconiis
514 702 648 730 extollat?
670 702 755 735 Quale
779 702 889 730 virtutis
906 709 992 737 genus
1007 701 1034 728 in

246 756 270 778 te
298 751 418 786 primum
440 749 574 776 laudabo?
591 749 632 776 An
656 756 795 777 secessum
820 756 834 775 a
857 747 977 776 saeculo?
1004 746 1037 774 Et

246 795 373 830 quisnam
394 796 430 822 ita
448 794 523 821 dicto
545 794 639 821 divino
654 793 780 826 audiens,
801 793 884 821 citius
904 792 1037 819 mundum

246 840 358 875 reliquit
372 840 530 867 universum
540 839 552 865 ?
564 838 605 866 Ad
617 838 728 865 modum
747 838 895 872 locumque
911 835 1040 863 salutaris

248 884 353 920 requiei
387 884 509 912 cucurrit
540 883 678 911 Abraham
710 882 887 917 patriarcha,
918 886 945 908 at
979 887 1041 908 cum

250 936 336 956 uxore
351 934 378 956 et
402 933 558 964 apparatu;
584 933 613 955 tu
643 935 707 955 vero
726 932 780 954 tam
805 927 880 954 solus
895 933 978 960 quam
995 925 1041 960 qui

250 976 378 1006 maxime.
394 975 497 1009 absque
516 978 648 1009 apparatu
670 981 702 1001 ac
717 974 800 1001 rebus
824 972 980 1008 superlluis,
999 979 1043 999 so-

250 1022 304 1048 lam
332 1021 435 1048 Christi
459 1028 569 1051 crucem
594 1020 622 1047 in
651 1019 771 1047 humeris
805 1019 896 1046 ferens
919 1025 1043 1045 eremum

251 1067 402 1094 incoluisti.
432 1065 619 1101 Imperatoriae
649 1069 675 1093 te
702 1065 771 1092 aula:
800 1072 855 1091 non
885 1067 1044 1096 traxerunt;

251 1112 418 1147 dignitatum
447 1111 540 1147 apices
567 1119 621 1139 non
644 1110 832 1138 detinuerunt.
854 1109 964 1142 Quanto
988 1109 1046 1136 haec

252 1159 314 1192 plus
339 1158 563 1185 admirabilitatis
591 1156 702 1189 habent,
731 1163 816 1192 quam
837 1161 914 1191 gesta
935 1155 1043 1191 ipsius!

255 1204 358 1239 litquis
374 1205 409 1232 ab
421 1203 636 1239 appetitionibus
650 1207 728 1230 extra
744 1202 876 1230 saeculum
894 1210 945 1230 nec
962 1209 1017 1230 non
1031 1209 1047 1229 a

250 1254 427 1276 terrenarum
450 1247 661 1283 impressionum
686 1247 860 1275 lineamentis
885 1254 1046 1278 conversus,

256 1295 302 1322 tali
316 1302 379 1322 eum
397 1295 450 1321 Deo
463 1293 637 1329 colloquendi
650 1293 754 1321 honore
777 1293 893 1320 donatus
905 1292 977 1320 fuit?
992 1291 1047 1319 Ma-

257 1348 327 1376 gnus
352 1340 398 1367 ille
422 1338 534 1374 Moyses
566 1343 687 1366 montem
715 1337 780 1365 Sina
808 1337 945 1369 ascendit;
970 1341 999 1364 at
1018 1341 1046 1363 tu

258 1394 378 1421 quoque,
409 1390 542 1420 occupata
570 1384 704 1412 orationis
733 1383 874 1415 columna,
907 1390 970 1410 cum
994 1383 1048 1409 Deo

258 1431 381 1466 quotidie
404 1430 532 1458 versandi
552 1430 684 1458 honorem
709 1429 849 1464 accepisti.
868 1429 943 1456 Illius
956 1428 1048 1455 vultus

259 1477 344 1512 gloria
370 1476 468 1503 exinde
491 1476 676 1503 coruscabat:
706 1479 734 1502 tu
761 1480 851 1503 autem
874 1483 964 1502 nonne
977 1479 1049 1502 totus

261 1523 330 1557 ignis
342 1521 493 1557 apparuisti
510 1521 612 1548 videnti
631 1521 679 1548 te?
693 1521 720 1556 (ο
733 1520 897 1548 miraculum
908 1519 927 1555 l)
943 1519 1050 1546 oratio-

261 1568 304 1594 nis
321 1567 354 1594 ad
380 1566 464 1594 Deum
483 1570 613 1594 contactu
629 1566 656 1593 in
672 1566 811 1593 ﬂammam
839 1566 939 1592 mutari
955 1565 1050 1597 visus;

262 1619 354 1648 tuque,
372 1613 415 1640 cui
432 1621 474 1640 res
494 1612 762 1644 communicabatur,
781 1612 832 1644 rei,
849 1619 911 1646 qua:
927 1618 1052 1638 commn-

262 1660 405 1687 nicabatur
422 1659 587 1691 consimilis,
609 1659 722 1694 angelus
739 1666 800 1686 eras
813 1659 875 1693 igne
889 1657 1000 1690 ardens,
1014 1660 1052 1688 ct,

263 1707 354 1733 sinon
383 1706 514 1733 audacius
543 1713 624 1740 quam
649 1712 697 1739 par
714 1708 767 1737 est,
789 1704 914 1738 eloquar,
937 1703 1052 1738 gloriam

264 1751 410 1779 Mosaicam
425 1757 633 1785 supergressus.
653 1749 713 1777 Jam
731 1757 796 1777 vero
815 1749 880 1784 quid
892 1747 975 1775 statio
990 1755 1053 1782 pcr—

265 1796 412 1824 nonNon
437 1796 509 1823 sicut
535 1795 593 1823 dies
616 1795 769 1822 illuminata
795 1794 846 1821 fuit
871 1793 1053 1824 orationibus,

265 1841 499 1876 quemadmodum
527 1840 643 1868 divinus.
666 1839 754 1868 David
785 1839 915 1867 cecinit‘.
945 1838 991 1866 Sol
1008 1838 1055 1865 tihi

267 1888 358 1915 oranti
388 1892 494 1920 astans,
518 1887 569 1915 soli
586 1892 613 1915 te
631 1887 749 1920 remisit,
766 1886 930 1913 circnlarem
943 1892 1055 1912 cursum

269 1941 412 1968 peragens.
429 1932 452 1960 0
472 1933 523 1966 sol.
552 1933 604 1960 soli
630 1932 809 1967 intelligentia
830 1931 944 1967 praedito
960 1938 1057 1958 revera

268 1979 365 2006 :emule
384 1979 390 2005 ι
419 1978 497 2005 Mens
514 1981 560 2005 tua
576 1977 680 2004 lumine
696 1984 852 2012 praegnans,
866 1976 963 2010 purius
975 1982 1057 2009 quam

269 2026 373 2053 soleres
401 2025 470 2052 radii
490 2025 517 2051 in
532 2025 633 2052 caelum
654 2023 765 2050 demisit
784 2022 966 2058 cogitationes
986 2027 1057 2054 tuas,

269 2071 354 2098 caelos
369 2070 445 2105 ipsos
463 2070 701 2097 transcendentes.

1129 611 1178 634 κε’.
1196 605 1230 633 Ὦ
1250 604 1394 640 μακαρίων
1421 602 1614 639 μακαριώτατε
1635 602 1768 637 Ἀρσένιε,
1785 602 1818 629 τδ
1832 610 1883 629 κα-

1095 653 1178 688 Θαρὺν
1194 651 1240 679 τοῦ
1255 650 1414 686 Πνεύματος
1428 649 1612 683 καταγώγιον.
1639 647 1689 679 Τίς
1707 647 1791 680 ἀξίως
1813 647 1883 682 ἔφη·

1089 700 1174 725 νεῖται
1191 698 1228 734 (q)
1253 697 1333 731 λόγος
1353 696 1407 722 τῶν
1422 695 1476 722 σῶν
1495 693 1740 729 κατορθωμάτων;
1759 694 1836 719 ποῖον
1854 693 1883 719 δὲ

1091 743 1160 776 εἶδος
1176 744 1278 779 ἀρετῆς
1292 742 1400 778 πρῶτον
1414 742 1444 768 ὲν
1459 741 1501 767 σοὶ
1518 740 1700 774 ἐπαινέσομαι
1713 747 1720 771 ;
1735 738 1883 774 ἀναχώρη-

1091 798 1132 816 σιν
1148 789 1252 824 κόσμου
1266 797 1273 820 ;
1291 788 1337 816 καὶ
1356 787 1399 819 τίς
1417 785 1504 818 οὕτως
1519 784 1682 820 ἐπακηκοὼς
1699 784 1793 819 φωνῆς
1808 784 1884 815 θείας

1091 835 1221 863 κατέλιπε
1239 836 1336 862 θᾶττον
1354 833 1456 869 κόσμον
1472 833 1550 865 ὃλον;
1568 831 1640 867 Πρὸς
1655 831 1701 858 τὸν
1717 831 1821 866 τρόπον
1837 831 1884 857 καὶ

1091 885 1137 911 τὸν
1154 883 1236 910 τόπον
1250 883 1298 918 τῆς
1313 867 1506 916 σωτηριώδους
1521 879 1726 911 καταπαύσεως
1740 867 1893 914 προσδρα-”

1095 929 1151 965 μὼν
1163 929 1292 964 Ἀϐραὰμ
1309 928 1324 954 ὀ
1346 927 1531 963 πατριάρχης,
1545 925 1614 954 ἀλλὰ
1637 925 1686 952 σὺν
1708 924 1819 959 γυναικὶ
1836 924 1886 951 καὶ

1093 977 1252 1012 ἀποσκευῇ·
1269 975 1302 1002 σὺ
1324 975 1353 1001 δὲ
1382 973 1537 1008 μονώτατος
1558 973 1606 1000 καὶ
1629 972 1746 1004 ἄσκευος
1769 972 1817 998 καὶ
1832 972 1886 997 ἁπ-

1093 1025 1209 1060 έριττος,
1227 1022 1307 1057 μόνον
1322 1020 1369 1048 τοῦ
1386 1019 1505 1056 Χριστοῦ
1521 1019 1567 1046 τὸν
1587 1017 1703 1052 σταυρὸν
1730 1016 1886 1052 ὲπωμάδιον

1094 1071 1187 1106 φέρων
1198 1068 1332 1104 ηὐλίσθης
1344 1067 1373 1094 ὲν
1387 1068 1419 1103 τῇ
1435 1067 1543 1102 ἐρήμῳ.
1563 1065 1699 1092 Βασίλειοί
1714 1073 1744 1091 σε
1759 1064 1841 1091 αὐλαὶ
1855 1063 1886 1090 οὺ

1095 1115 1289 1147 καθείλκυσαν,
1311 1113 1446 1149 ὑπεροχαὶ
1472 1111 1637 1147 ἀξιωμάτων
1659 1111 1691 1138 οὺ
1714 1110 1887 1145 περικράτη-

1096 1174 1158 1192 σαν.
1172 1164 1256 1190 Ὅσον
1268 1162 1356 1189 ταῦτα
1368 1161 1474 1188 ἐκείνου
1490 1159 1704 1195 θαυμασιώτερα
1719 1158 1889 1194 προσέτυχεν

1095 1209 1239 1247 ἐργασίαν.
1253 1209 1302 1240 Τίς
1319 1207 1405 1239 οὕτως
1421 1205 1589 1241 συστραφεὶς
1603 1205 1657 1232 τῶν
1670 1204 1824 1239 αίσθήσεων
1837 1202 1889 1234 ἔξω

1097 1258 1213 1293 κόσμου,
1239 1255 1355 1283 καὶτῶν
1372 1254 1449 1281 κάτω
1471 1252 1685 1288 φαντασιώντων
1705 1250 1890 1286 χαρακτήρων

1097 1304 1254 1339 γενόμενος,
1268 1301 1329 1336 Θεῷ
1351 1300 1518 1335 συλλαλῆσαι
1531 1299 1662 1334 ὴξίωται;
1683 1297 1788 1332 Μωσῆς
1807 1298 1822 1323 ὁ
1841 1297 1890 1332 μὲ-

1098 1359 1150 1386 γας
1162 1349 1291 1385 ἀναχθεὶς
1308 1349 1338 1374 ὲν
1348 1346 1387 1382 τῷ
1405 1346 1503 1382 Σιναίῳ
1516 1354 1522 1361 ·
1539 1345 1608 1372 ἀλλὰ
1629 1345 1677 1371 καὶ
1694 1344 1726 1370 σὺ
1741 1345 1770 1370 ὲν
1784 1343 1824 1378 τῷ
1843 1344 1892 1378 τῆς

1100 1395 1257 1431 προσευχῆς
1280 1393 1371 1428 στύλῳ
1385 1390 1514 1425 ὲφθακὼς
1532 1390 1636 1424 ὁμιλεῖν
1651 1389 1710 1424 Θεῷ
1726 1388 1804 1423 ἠξίου
1825 1388 1892 1414 ἑκά-

1063 1448 1084 1476 c
1102 1449 1188 1468 στοτε.
1211 1440 1345 1470 Κάκεῖνος
1367 1438 1399 1464 τὸ
1418 1437 1565 1473 πρόσωπον
1587 1435 1712 1462 ἐντεῦθεν
1727 1434 1791 1469 δόξῃ
1812 1441 1892 1468 περι-

1100 1489 1243 1523 ήστραπτο
1252 1494 1258 1501 ·
1273 1485 1305 1513 σὺ
1320 1484 1349 1511 δὲ
1365 1485 1415 1519 οὐχ
1426 1483 1485 1515 ὅλος
1501 1482 1557 1518 πῦρ
1569 1481 1608 1516 τῷ
1621 1480 1722 1516 ὁρῶντι
1735 1480 1890 1508 ὲδείκνυσος

1101 1533 1123 1559 ὢ
1141 1532 1188 1559 τοῦ
1205 1531 1345 1567 Θαύματος
1357 1538 1364 1545 ·
1381 1531 1414 1565 τῇ
1431 1529 1465 1557 δι’
1483 1529 1566 1564 εὐχῆς
1591 1529 1660 1563 προς
1675 1527 1741 1554 Θεδν
1760 1525 1893 1559 συναφεῑᾳ

1102 1578 1169 1614 φλὸξ
1182 1577 1370 1612 δεικνύμενος,
1390 1576 1522 1610 ἑφόμοιος
1546 1575 1584 1601 ὢν
1605 1573 1653 1600 τοῦ
1678 1572 1862 1608 μετεχομένου
1880 1572 1892 1598 ὀ

1105 1625 1238 1661 μετέχων,
1255 1623 1372 1657 ἄγγελος
1390 1620 1610 1656 πυριφλεγέθων,
1626 1619 1673 1646 καὶ
1686 1620 1710 1645 εί
1729 1619 1767 1653 μὴ
1791 1618 1894 1652 τολμη-

1105 1672 1160 1706 ρῶς
1189 1671 1287 1702 εἰπεῖν,
1307 1669 1357 1704 τῆς
1372 1668 1524 1702 Μωσαῖκῆς
1540 1666 1619 1700 δόξης
1643 1663 1893 1699 ὑπερφερέστερος.

1105 1717 1137 1743 Τί
1157 1717 1185 1743 δὲ
1203 1717 1221 1751 ὴ
1239 1715 1334 1746 στάσις
1349 1715 1365 1749 ἠ
1380 1713 1535 1748 πάννυχος;
1554 1713 1570 1747 ἡ
1586 1710 1635 1743 νὺξ
1658 1711 1695 1741 ὡς
1715 1710 1810 1745 ἡμέρα
1836 1710 1896 1737 ταῖς

1106 1763 1273 1798 προσευχαῖς
1288 1761 1470 1796 ὲπεφώτιστο,
1482 1759 1518 1790 ὡς
1532 1759 1546 1785 ὁ
1562 1758 1634 1788 θεῖος
1646 1756 1729 1782 Δαΰὶδ
1744 1755 1896 1790 ὲμελογράι

1106 1817 1203 1844 φησεν.
1221 1807 1317 1838 Ἥλιός
1333 1815 1363 1833 σε
1382 1804 1527 1841 παρεστῶν
1539 1805 1572 1839 τῇ
1588 1803 1656 1838 εὐχῇ
1667 1801 1737 1837 ἡλίῳ
1750 1800 1898 1835 παρέπεμ-

1107 1864 1170 1887 πεν,
1188 1854 1240 1889 τὴν
1255 1852 1390 1887 κυκλικὴν
1406 1849 1577 1886 περιδρομὴν
1593 1848 1767 1883 ποιούμενος.
1785 1844 1822 1872 Ὠ
1840 1846 1899 1880 ἥλιε

1108 1900 1156 1927 καὶ
1171 1899 1219 1926 τοῦ
1236 1898 1321 1929 ὖντως
1341 1897 1437 1932 νοητοῦ
1451 1895 1527 1931 ἡλίου
1542 1894 1676 1929 ἐφάμιλλε
1685 1901 1691 1908 ·
1706 1894 1724 1928 ὴ
1736 1891 1842 1919 διάνοιὰ
1855 1899 1900 1916 σου

1109 1945 1198 1980 φωτὸς
1222 1943 1352 1978 ἐγκύμων
1369 1942 1531 1977 ὑπάρχουσα
1543 1939 1664 1974 ἡλιακῶν
1680 1937 1797 1965 ἀκτίνων
1815 1937 1901 1963 καθα-

1111 1990 1240 2025 ρώτερον,
1263 1989 1327 2020 τοὺς
1342 1987 1491 2022 λογισμοὺς
1513 1987 1553 2018 εἰς
1569 1984 1684 2020 οὐρανὸν
1701 1983 1768 2018 ἡφίη
1782 1983 1831 2017 (ν),
1856 1982 1903 2007 καὶ

1110 2036 1183 2071 ὑπὲρ
1196 2035 1259 2066 τοὺς
1274 2034 1407 2069 οὐρανοὺς
1418 2032 1628 2068 ἀνατρέχοντας.

304 2116 350 2143 26.
370 2116 412 2142 An
442 2115 599 2144 solitudinis
637 2113 839 2150 iucunditatem
884 2112 1038 2148 praedicabo

1148 2114 1205 2147 κς’.
1227 2113 1356 2149 Ἡσυχίας
1370 2113 1557 2148 τερπνότητα;
1571 2110 1619 2137 καὶ
1629 2108 1671 2141 τίς
1684 2117 1731 2135 σου
1743 2108 1835 2144 (iamut
1847 2107 1905 2141 φιλ-

271 2162 373 2197 Ecquis
396 2168 423 2190 te
438 2163 565 2197 apparuit
578 2161 736 2190 solitudinis
747 2160 894 2191 amantior,
912 2159 946 2186 ab
963 2159 1060 2186 huma-

273 2208 315 2236 nis
328 2207 490 2235 tumultibus
505 2206 659 2239 reeedente,
671 2209 698 2233 et
713 2205 741 2232 in
757 2204 846 2232 solum
862 2203 950 2231 Deum
965 2203 1058 2230 eleva-

273 2253 321 2280 to?
334 2253 514 2289 Pythagoram
530 2251 723 2287 philosophum
740 2258 802 2278 cum
820 2249 929 2278 nemine
948 2249 1059 2284 quidem

273 2298 337 2330 alio,
369 2293 486 2325 at‘cum
502 2297 590 2325 bobus
615 2300 706 2323 tamen
727 2299 755 2322 et
770 2295 866 2322 avibus
892 2294 1060 2321 collocutum

273 2344 374 2375 ferunt,
389 2350 422 2370 ex
437 2349 532 2369 amore
556 2341 657 2376 quietis
672 2350 679 2368 :
702 2344 731 2367 tu
755 2347 819 2367 vero
837 2339 874 2371 id,
897 2338 971 2373 quod
988 2339 1014 2365 iu
1029 2345 1061 2365 eo

275 2387 327 2415 luit
348 2396 364 2415 a
382 2387 554 2422 philosophia
579 2386 712 2417 alienum,
734 2389 865 2418 tanquam
894 2391 989 2418 parum
1015 2384 1062 2411 de-

275 2440 351 2465 cens,
376 2432 577 2468 redarguendo,
592 2431 709 2459 docuisti
723 2431 901 2465 hesychasten
918 2430 946 2457 in
963 2429 1061 2458 solitu-

276 2478 339 2505 dine
367 2478 476 2513 degere,
506 2485 541 2505 ne
567 2484 663 2504 vocem
690 2476 800 2511 quidem
830 2475 921 2503 avium
949 2475 1062 2502 audien-

277 2528 329 2550 tem
345 2523 410 2559 (l4).
441 2522 494 2551 Cor
521 2526 597 2550 tuum
620 2529 720 2557 purum
750 2521 818 2549 mari
838 2520 974 2556 profunda
990 2526 1062 2547 tran‘

316 2581 324 2596 ¹
340 2580 412 2609 Psai.
429 2588 562 2612 cxxxvnt,
577 2579 620 2606 ιο.

1111 2159 1300 2196 ησυχώτερος,
1318 2158 1373 2185 τῶν
1400 2156 1578 2192 ἀνθρωπίνων
1605 2153 1728 2189 θορύϐων
1748 2153 1906 2187 ἀφιστάμε-

1112 2214 1167 2238 νος,
1185 2205 1231 2231 καὶ
1247 2204 1317 2239 πρὸς
1328 2203 1395 2230 Θεὸν
1410 2202 1491 2238 μόνον
1512 2200 1764 2237 μετεωριζόμενος
1781 2197 1907 2231 Πυθαγό-

1114 2260 1163 2287 ραν
1179 2240 1247 2285 φασὶ
1267 2250 1313 2276 τὸν
1335 2248 1480 2283 φιλόσοφον
1500 2247 1573 2282 ἄλλῳ
1593 2246 1643 2282 μὲν
1661 2245 1761 2276 οὐδενὶ,
1779 2243 1859 2278 βουσὶ¹
1880 2243 1907 2268 ῖιέ

1113 2297 1162 2324 καὶ
1178 2296 1282 2331 ὀρνέοις
1299 2295 1460 2330 προσλαλεῖν
1475 2293 1590 2329 ἡσυχίας
1610 2292 1693 2327 ἔρωτι
1705 2298 1712 2305 '
1734 2290 1766 2317 σὺ
1782 2290 1814 2316 δὲ
1829 2289 1906 2316 τοῦδε

1113 2343 1144 2370 τὸ
1159 2342 1322 2377 ἀριλόσοφον
1343 2340 1504 2376 summa;
1523 2339 1561 2370 ὡς
1582 2336 1811 2373 σμικροπρεπὲς,
1841 2334 1908 2369 μηδὲ

1115 2389 1207 2424 φωνῆς
1237 2389 1337 2424 ὀρνέων
1365 2387 1495 2414 ἐπαΐοντα
1524 2386 1570 2412 τὸν
1597 2383 1754 2419 ἡσυχαστὴν
1779 2381 1908 2416 ἠρεμεῖν.

1116 2436 1225 2462 Ἕοικέν
1239 2443 1286 2461 σου
1302 2436 1319 2470 ὴ
1332 2433 1440 2469 καθαρὰ
1450 2432 1549 2469 καρδία
1561 2431 1675 2465 πελάγει
1688 2427 1910 2463 κατεστορεσμέ-

1117 2491 1154 2517 νῳ
1169 2481 1276 2517 γαλήνῃ
1291 2480 1399 2516 βαθείᾳ,
1413 2480 1509 2515 πόρρω
1530 2477 1584 2505 τῶν
1601 2476 1651 2511 τῆς
1666 2474 1802 2510 πονηρίας
1830 2481 1911 2499 meo.

1117 2529 1210 2564 μάτων
1224 2527 1396 2563 βαλλομένων
1415 2525 1544 2559 ἐπιπνοίᾳ.
1564 2522 1613 2550 τοῦ
1631 2521 1765 2555 παναγίου
1781 2517 1910 2553 Πνεῦμα-

1033 2621 1150 2650 NOTAE.

315 2688 352 2724 (ᾳ)
374 2687 552 2724 dim-quaint.
570 2687 608 2724 ita
622 2687 808 2724 apographum
822 2681 1076 2724 nustrutn.)’oceni
1094 2681 1109 2707 h

863 2722 1051 2753 rarposttione,
1062 2723 1077 2742 e
1093 2724 1109 2750 q

315 2721 352 2759 (ἰ)
372 2721 465 2757 Ἥφίη,
484 2722 517 2749 al)
533 2721 646 2757 ἀφίημι
658 2721 710 2759 pro
726 2721 816 2759 ἀφίηξ

1113 2687 1164 2707 anc
1178 2686 1231 2706 non
1249 2677 1356 2704 invenio
1375 2685 1381 2702 :
1409 2674 1477 2708 Quid
1498 2673 1520 2700 si
1532 2671 1637 2700 scribas
1657 2668 1843 2708 ἐφυμνεϊτριιίζ
1868 2705 1872 2708 _
1888 2703 1893 2707 _

1113 2704 1163 2742 In?
1175 2704 1377 2747 componiturt
1390 2704 1536 2744 augmento
1560 2705 1706 2747 temporali
1731 2705 1778 2747 hic
1790 2704 1819 2730 in
1838 2704 1912 2747 inlitin

315 2739 352 2759 ν)
381 2739 465 2757 ιιγιιμ
484 2739 517 2749 eu
533 2739 633 2757 υιγιιλμι
661 2739 710 2756 νιν
726 2739 794 2756 *γι-ι
809 2741 816 2752 φ
845 2739 1052 2761 ιιι-ιγνυι--ν--υν,
1065 2739 1075 2742 -
1095 2739 1147 2757 τμη
1180 2739 1249 2755 ;’“”⁷ξ
1352 2739 1357 2743 ι
1428 2739 1442 2744 υ
1618 2739 1622 2740 ν
1639 2750 1645 2755 η
1700 2740 1706 2745 ,
1905 2746 1912 2753 Ὢ

281 2759 375 2787 οίΐρυιξι
393 2767 399 2785 :
416 2758 514 2795 deqna
527 2766 556 2795 re
573 2757 774 2795 Alitesignanus
782 2755 823 2795 ad.
836 2754 962 2781 blennrdt
976 2751 1169 2795 institutiones
1183 2748 1345 2795 tn‘hnguam
1359 2746 1482 2774 Graecam
1498 2751 1560 2779 pag.
1576 2742 1626 2768 N5
1639 2761 1646 2767 .
1662 2740 1707 2767 ubl
1725 2739 1840 2767 verbum
1864 2739 1912 2764 hoc

283 2803 356 2822 nunc
367 2794 458 2829 augeri
472 2790 502 2820 in
521 2793 609 2826 Initio,
625 2790 700 2820 nunc
713 2792 740 2818 in
753 2790 853 2822 medio,
870 2796 942 2815 mine
956 2790 1084 2821 utrinque
1107 2791 1238 2820 reperies.

318 2841 373 2873 (Μ)
389 2839 492 2867 Allndit
507 2839 540 2866 ad
558 2839 635 2868 illud.
651 2838 724 2873 quod
739 2837 773 2863 de
788 2844 854 2873 voce
873 2835 986 2873 avicula.
1002 2841 1067 2873 nar-

285 2869 446 2902 ravit'num.
469 2874 495 2901 8.
522 2874 580 2901 Alia
605 2869 827 2908 hic-sequentia,
852 2879 905 2906 quo
927 2869 1066 2898 referenda

1121 2831 1186 2872 sint,
1212 2828 1327 2865 quilibet
1352 2835 1401 2863 per
1428 2834 1458 2856 se
1485 2833 1518 2852 ex
1542 2823 1623 2851 dictis
1648 2821 1806 2856 perspicere
1839 2824 1912 2854 pote-

1121 2872 1167 2893 l‘ll.
