1924 3077
248 141 302 173 883
832 143 862 172 S.
883 143 1041 173 THEODO]

1103 143 1173 173 S'I‘U
1178 142 1275 173 ῡΙΤίΕ

566 210 620 241 DE
634 210 845 248 SEQUENTE
868 213 1125 244 LAUDATIONE
1156 213 1329 244 FUNEBRI
1352 212 1554 244 MONITUM.

1820 143 1870 175 884

751 306 829 338 (Anu.
852 305 916 337 MAI,
932 306 1059 333 Riblt’oth.
1073 313 1148 338 natu,
1170 309 1190 330 t.
1207 311 1243 335 VI,
1257 312 1283 339 p.
1301 303 1374 339 565.)

283 401 397 429 Matrem
412 409 489 429 suam
505 401 693 430 Tltcoctistam
714 411 846 438 supremo
870 404 966 431 morbo
989 404 1156 432 laborantem
1175 409 1333 439 peramante
1358 404 1456 438 piaque
1471 404 1590 439 epistola
1611 404 1772 433 consolatus
1788 404 1870 433 fuerat

248 446 418 478 Theodorus,
435 453 497 480 qua}
510 450 552 473 est
564 446 626 473 libri
643 447 745 481 prioris
757 452 845 475 sexta.
861 446 934 474 Idem
949 455 1012 475 mox
1025 448 1189 476 exstinctam
1211 448 1319 475 funebri
1333 448 1459 475 oratione
1480 452 1644 482 prosecutus
1658 454 1709 481 est,
1723 453 1753 476 et
1766 450 1870 484 quidem

249 489 360 524 insigni,
380 497 462 524 quam
479 495 634 517 memorant
660 490 715 517 duo
735 491 890 526 biograpbi,
907 496 1002 519 noster
1017 499 1078 527 cap.
1092 491 1121 524 2,
1137 496 1163 519 et
1180 490 1393 518 Sirmondianus
1417 498 1443 525 p.
1461 491 1488 518 5.
1502 490 1562 518 lam
1585 499 1650 518 vero
1667 500 1731 520 cum
1756 492 1785 520 in
1800 499 1872 520 cata-

248 534 310 569 Iugo
324 533 459 567 impresso
477 533 602 561 codicum
616 542 685 561 mss.
698 534 869 562 bibliotheca:
882 535 971 570 ltegiaa
979 534 1156 566 PariSi‘ensis,
1174 539 1194 561 t.
1211 534 1245 565 II,
1262 542 1286 569 p.
1300 534 1364 566 338,
1379 534 1505 569 legissem
1523 535 1626 562 servari
1644 535 1670 562 in
1686 536 1783 564 codice
1805 536 1869 564 1491

248 577 320 604 hanc
337 576 451 604 Studiis:
471 577 623 604 oratiOnem
638 577 671 604 de
688 583 775 605 matre
792 586 853 612 sua,
864 586 980 613 eamque
995 579 1118 606 nondum
1135 578 1236 606 editam
1250 579 1370 605 viderem
1380 600 1387 611 ,
1399 578 1472 613 justa
1487 579 1555 606 mihi
1570 579 1705 614 cupiditas
1714 580 1809 608 oborta
1821 586 1872 613 est,

248 620 471 656 quandoquidem
491 621 631 655 complura
650 621 702 648 alia
720 620 835 649 Studitaa
852 623 953 656 scripta
969 623 1119 656 edideram,
1136 623 1188 650 hoc
1201 623 1387 658 epitaphicum
1408 623 1509 657 pariter
1524 623 1551 650 in
1571 623 1659 650 lucem
1676 625 1849 658 protrahendi
1865 635 1872 652 :

248 664 349 691 ctenim
372 669 474 691 sancta:
493 663 604 691 femina:
623 664 776 691 encomium
797 672 811 691 a
827 670 921 692 sancto
938 665 991 693 lilio
1004 666 1161 698 recitatum,
1177 673 1258 701 quem
1276 673 1330 692 non
1344 666 1478 693 delectet?
1495 665 1596 701 Rogavi
1612 666 1695 701 igitur
1706 675 1755 702 per
1773 668 1874 697 litteras

249 708 337 735 virum
354 708 473 742 equestri
499 707 631 742 dignitate
655 712 793 740 ornatum,
808 713 890 743 atque
911 708 991 736 editis
1005 709 1084 737 libris
1095 710 1290 742 clarissimum,
1310 709 1434 743 mihique
1448 709 1551 744 jamdiu
1575 710 1693 737 amicitia
1707 711 1873 744 devinctum,
1922 716 1923 728 ‘

247 750 363 778 Paulum
378 751 537 783 Dracbium,
554 755 581 778 ut
600 751 758 786 praedictam
776 751 891 779 Studita:
906 752 1135 787 Iucubralionem,
1156 754 1208 780 mei
1225 761 1306 780 causa
1324 761 1356 780 ex
1374 752 1525 781 Parisiensi
1556 754 1649 781 codice
1668 755 1873 783 exscribendam

250 800 361 822 curaret
380 803 388 828 ;
407 795 477 828 quod
512 794 556 821 ille
582 802 630 828 per
652 795 790 829 egregium
818 796 1012 830 calligraplmm
1044 796 1208 833 Sypsomnm
1238 805 1306 831 pure
1328 797 1519 832 eleganterque
1539 798 1737 826 conficiendum
1768 801 1873 834 sategit.

248 838 334 873 Igitur
356 838 451 866 Graeco
478 842 591 872 accepto
619 838 779 873 exemplari,
803 839 914 865 latinam
941 839 1086 868 confestim
1111 840 1321 868 translationem
1339 841 1436 876 adieci,
1456 845 1486 868 ut
1511 841 1573 876 plus
1596 842 1641 870 hic
1655 842 1874 871 Commentarios

247 881 375 916 plurimis
387 882 484 917 prosit.
502 880 561 908 Erit
580 881 661 916 igitur
678 882 730 909 IIOC
746 882 779 909 de
792 881 949 910 Theoctista
975 883 1107 918 scriptum
1125 884 1329 918 adjnngendmn
1350 884 1399 915 illi,
1416 884 1490 918 quod
1503 884 1537 911 de
1552 883 1683 917 Platone,
1698 886 1875 921 pientissima:

248 925 369 960 ejusdem
395 925 504 952 femina:
529 924 624 959 fratre,
640 933 692 953 suo
708 933 805 960 nempe
819 927 966 958 avunculo,
979 931 1007 954 et
1020 927 1047 954 in
1060 927 1233 962 spiritalibus
1244 927 1339 961 Patre,
1355 927 1426 954 idem
1443 927 1551 955 Studita
1565 929 1699 962 exaravit,
1714 934 1742 958 et
1766 929 1874 958 Bollan-

248 969 321 997 diani
337 969 363 996 in
377 969 465 1005 primo
482 969 582 1004 Aprilis
596 969 736 997 volumine
749 969 874 1004 Append.
892 978 918 1005 p.
935 970 1032 1003 46-54,
1047 979 1081 998 ex
1097 970 1233 998 Vaticano
1256 971 1353 998 codice
1365 971 1470 1006 jamdiu
1489 972 1660 1008 evalgarunt.

601 1023 673 1051 XIII.

249 1069 342 1098 Suum"
359 1070 449 1098 Palris
459 1071 543 1097 nostri
563 1075 588 1096 et
601 1069 758 1105 confessoris
771 1070 901 1098 Theodori
913 1070 1037 1099 Catulle-

417 1107 454 1133 δίε
467 1105 629 1140 [ιιιιείπίεἱιι
641 1110 762 1134 matrem
779 1113 867 1133 suam.

282 1188 308 1214 I.
324 1186 443 1221 Tempus
457 1186 550 1221 exigit,
564 1193 581 1212 o
593 1185 639 1212 lilii
650 1192 682 1212 ac
697 1184 804 1217 fratres,
823 1190 853 1212 ut
868 1185 1037 1220 inexspecta-

248 1238 303 1260 tam
318 1233 441 1260 notitiam
457 1231 548 1259 obitus
562 1231 668 1266 inclytae
680 1231 832 1258 communis
846 1230 934 1258 Patris
949 1231 1037 1258 nostri

247 1279 353 1306 sororis
367 1277 535 1305 nuntiemus.
552 1276 614 1304 Ilaec
628 1276 700 1303 enim
716 1280 860 1311 postquam
876 1276 954 1311 juxta
969 1283 1038 1311 prae-

248 1326 352 1353 finitam
368 1325 500 1354 creatoris
524 1324 571 1352 Dei
587 1324 755 1352 voluntatem
772 1328 907 1359 praesente
921 1324 976 1351 vita
987 1324 1036 1351 de-

249 1372 342 1399 functa
361 1371 423 1404 fuit,
437 1372 471 1398 ad
495 1370 727 1405 supermundialia
747 1377 777 1397 se
794 1369 948 1403 transtulit,
966 1369 1038 1396 haud

249 1418 352 1445 luctum
374 1417 456 1446 nobis
489 1416 689 1451 ineptissimum
717 1415 886 1450 relinquens,
913 1420 944 1443 ut
969 1415 1038 1443 forte

249 1464 349 1499 aliquis
369 1462 552 1495 existimabit,
571 1462 616 1489 sed
635 1461 755 1488 laetitiam
776 1460 879 1495 potius,
901 1460 937 1487 ob
963 1461 1038 1495 ejus-

249 1510 311 1537 dem
327 1510 431 1544 plenam
448 1516 496 1543 spe
513 1507 712 1542 migrationem.
735 1506 823 1534 Vultis
845 1506 917 1534 enim
932 1507 1037 1533 narrari

250 1564 264 1583 a
281 1564 324 1583 me
337 1555 413 1583 vobis
426 1555 539 1590 aliisque
551 1554 596 1581 hic
610 1553 793 1588 praesentibus
805 1553 1037 1588 (quandoquidem

251 1601 322 1629 haud
336 1601 455 1633 tacendi,
474 1600 520 1628 sed
537 1600 666 1634 loquendi
685 1604 792 1634 tempus
807 1604 865 1632 est,
890 1603 970 1634 praut
992 1599 1037 1626 illa

250 1646 418 1681 praescriptio
435 1642 524 1681 jubet'
539 1644 594 1671 :Ne
608 1645 701 1671 Iaudes
711 1645 843 1671 hominem
862 1648 923 1671 ante
937 1644 1037 1671 obitum

250 1691 330 1726 ejus),
345 1690 437 1722 vultis,
458 1691 580 1724 inquam,
604 1689 711 1716 narrari
741 1688 873 1723 quidquid
900 1689 977 1716 beata
993 1689 1038 1717 illa

251 1737 354 1769 anima,
371 1736 459 1764 adhuc
487 1735 514 1763 in
541 1742 624 1764 carne
657 1742 780 1767 versans,
811 1734 874 1762 boni
898 1735 1040 1770 sanctique

251 1783 346 1817 egerit,
360 1787 388 1809 et
398 1782 518 1810 caelestis
543 1780 619 1815 regni
637 1780 750 1814 prtemio
764 1780 849 1815 digni.
867 1780 936 1816 Ergo
953 1780 1042 1808 favete

253 1828 380 1860 auribus,
403 1827 450 1854 lilii
468 1827 533 1858 mei,
546 1827 611 1853 dum
630 1833 682 1860 ego
694 1826 789 1860 procul
807 1826 882 1853 omni
898 1827 1042 1854 mendacio

254 1874 440 1901 narrationem
456 1872 597 1900 instituam
612 1881 618 1898 :
631 1872 738 1906 eritque
756 1871 832 1898 vobis
842 1871 948 1898 femina:
961 1872 1042 1906 hujus

254 1919 362 1952 notitia,
378 1919 553 1946 catecbeseos
576 1924 630 1944 non
658 1915 764 1943 inutilis
797 1917 902 1949 instar,
928 1917 984 1945 imo
1014 1922 1042 1945 et

253 1965 332 1992 valde
347 1964 484 1999 proﬁcuas.

290 2010 315 2038 2.
341 2010 439 2037 Utrum
464 2017 496 2036 ea
515 2010 625 2044 quidem
642 2017 656 2037 a
674 2009 832 2045 parentibus
855 2007 963 2035 initium
986 2008 1042 2035 vir-

255 2055 329 2088 tutis,
353 2055 424 2083 sicut
454 2059 482 2082 et
509 2055 580 2088 vitae,
601 2055 764 2090 sumpserit,
791 2054 882 2081 dicere
911 2061 1041 2088 nequeo:

255 2102 405 2135 praesertim
431 2101 495 2136 quia
514 2109 568 2129 non
587 2109 630 2129 res
642 2106 772 2134 anteme,
786 2101 833 2128 sed
850 2104 913 2135 post
937 2108 980 2127 tne
994 2107 1043 2126 na-

256 2153 323 2180 tum,
340 2151 431 2182 gestas
449 2147 610 2175 scribendas
626 2148 750 2182 sust-cpi;
771 2151 852 2181 atqtte
867 2146 901 2173 ab
916 2153 950 2173 eo
974 2150 1042 2173 tem-

255 2200 330 2228 pore,
347 2200 402 2227 quo
418 2193 478 2227 ipsa
496 2193 562 2220 recti
590 2195 721 2228 pravique
743 2193 936 2221 discretionem
967 2199 1044 2219 asse-

254 2243 318 2266 cuta
342 2238 405 2266 fuit.
421 2237 542 2266 Pueritia
558 2239 639 2274 igitur
656 2244 738 2274 atque
758 2238 942 2266 adolescentia
958 2239 1044 2265 omis-

255 2285 303 2318 sis,
332 2293 365 2313 ex
391 2286 509 2320 conjugii
532 2286 593 2320 ejus
619 2291 741 2321 tempore
758 2286 886 2313 narrandi
901 2285 1043 2313 exordium

254 2332 407 2367 capiamus.
424 2331 458 2358 Et
477 2332 603 2366 quamvis
626 2331 777 2359 conformis
794 2331 857 2359 huic
869 2335 968 2358 nostra:
983 2338 1045 2366 pro‘

1459 1026 1509 1052 II".
1823 1039 1825 1041 -

1091 1070 1146 1097 Τοῦ
1167 1070 1481 1107 ὀσίουᾘατρὸςλὴμῶν
1495 1071 1544 1098 καὶ
1560 1072 1748 1107 ὁμολογητοῦ
1766 1074 1876 1101 Θειδώυ

1119 1114 1177 1174 ρὲἔ
1191 1104 1361 1140 κατήιησις
1377 1104 1534 1141 ἐπιτάφιος
1547 1104 1591 1139 ειξ
1614 1104 1672 1141 τὴύ
1685 1104 1800 1136 ’ἑαυτοῦ
1817 1119 1876 1144 μη-

1126 1150 1139 1166 τ
1175 1149 1204 1167 α.

1126 1149 1194 1167 τερα

1123 1186 1158 1212 α’.
1181 1186 1316 1220 Ἦνεγκεν
1331 1187 1345 1212 ὁ
1361 1186 1472 1222 καιρὸς,
1489 1183 1511 1213 ὧ
1524 1187 1606 1214 τέκνα
1622 1187 1669 1214 καὶ
1686 1188 1807 1224 ἀδελφοὶ,
1825 1190 1876 1224 ἀγ-

1087 1231 1181 1266 γελίαν
1196 1232 1261 1267 ὑμῖν
1283 1233 1445 1266 ἀναγγεῖλαι
1462 1233 1677 1268 ἀπροσδόκητον,
1694 1234 1755 1269 ἥτις
1770 1236 1844 1262 ἐστὶν
1862 1239 1877 1263 ὀ

1088 1277 1202 1310 θάνατος
1227 1278 1278 1314 τῆς
1301 1279 1424 1314 ἀοιδίμου
1446 1279 1562 1315 ἀδελφῆς
1582 1280 1628 1307 τοῦ
1650 1282 1741 1308 κοινοῦ
1771 1283 1876 1317 Harpe;

1088 1324 1167 1359 ἡμῶν
1180 1325 1236 1360 (1)·
1260 1323 1331 1359 αὕτη
1350 1325 1404 1360 γὰρ
1421 1326 1454 1360 τῇ
1470 1326 1612 1361 ὡρισμένῃ
1634 1326 1716 1362 βουλῇ
1739 1327 1788 1354 τοῦ
1808 1327 1877 1359 ζωο-

1088 1368 1208 1396 πλάστου
1219 1369 1287 1396 Θεοῦ
1303 1369 1523 1406 λειτουργήσασα
1535 1369 1574 1406 τῷ
1588 1372 1701 1406 παρόντι
1718 1372 1780 1408 βίῳ,
1796 1381 1878 1408 μετα-

1088 1413 1246 1449 κεχώρηκεν
1261 1415 1302 1446 είς
1315 1415 1349 1442 τὰ
1363 1415 1537 1450 ὑπερκόσμια
1548 1425 1555 1431 ·
1568 1416 1598 1442 οὐ
1612 1416 1701 1451 λύπην
1716 1418 1783 1452 ἡμῖν
1793 1426 1877 1446 κατα-

1089 1457 1205 1486 λιποῦσα
1225 1460 1369 1495 ἀλόγιστον
1381 1480 1388 1492 ,
1404 1461 1442 1492 ὡς
1458 1461 1490 1488 ἄν
1507 1469 1549 1493 τις
1562 1462 1668 1497 οἰηθείη
1680 1482 1687 1494 ,
1705 1463 1773 1490 ἀλλὰ
1788 1464 1877 1499 χαρὰν

1088 1506 1275 1541 ὲμποιήσασα,
1293 1507 1337 1533 διὰ
1350 1507 1400 1542 τῆς
1412 1507 1571 1535 εὺελπίστου
1587 1509 1674 1544 αὐτῆς
1688 1510 1876 1545 μεταϐάσεως.

1088 1553 1184 1579 Θέλετε
1194 1553 1248 1588 γὰρ
1258 1553 1434 1588 διηγήσωμαι
1448 1554 1513 1589 ὑμῖν
1524 1553 1618 1590 ὥσπερ
1630 1556 1676 1582 καὶ
1689 1556 1745 1587 τοῖς
1760 1555 1878 1582 ἐνταῦθα

1089 1599 1194 1633 (ἐπειδὴ
1211 1599 1308 1634 καιρὸς
1324 1599 1354 1625 οὑ
1375 1599 1422 1625 τοῦ
1436 1601 1527 1636 σιγᾷν,
1542 1601 1611 1628 ἀλλὰ
1627 1601 1674 1628 τοῦ
1688 1601 1790 1635 λαλεῖν,
1807 1603 1879 1629 κατὰ

1088 1643 1139 1678 τὴν
1155 1643 1319 1671 κελεύουσαν
1334 1644 1461 1681 ἐντολήν·
1477 1645 1526 1679 Μὴ
1543 1647 1707 1681 ἐπαινέσῃς
1718 1647 1815 1681 ἄνδρα
1824 1648 1880 1681 ἕως

1055 1703 1078 1732 Β
1092 1688 1147 1723 τῆς
1161 1689 1269 1721 ἐξόδου
1288 1690 1392 1725 αὐτοῦ)
1406 1691 1456 1717 ὅσα
1469 1691 1599 1727 ἐποίησεν
1614 1693 1631 1728 ἡ
1649 1693 1772 1728 μακαρία
1785 1694 1880 1729 ἐκείνη

1092 1733 1132 1760 ἐτι
1155 1735 1184 1761 ὲν
1198 1734 1281 1770 σαρκὶ
1301 1733 1369 1761 οὖσα
1388 1735 1460 1762 καλά
1476 1744 1506 1762 τε
1525 1737 1573 1763 καὶ
1595 1737 1658 1763 ὅσια
1670 1758 1676 1770 ,
1694 1738 1741 1764 καὶ
1759 1738 1809 1771 τῆς
1825 1739 1882 1765 τῶν

1091 1779 1215 1814 οὐρανῶν
1232 1779 1371 1814 βασιλείας
1389 1781 1509 1814 ὲπάξιας
1526 1781 1587 1808 θέτε
1609 1782 1641 1818 δὴ
1663 1781 1710 1809 οὖν
1727 1784 1778 1814 τὰς
1793 1784 1883 1816 ἀκοὰς

1092 1824 1181 1860 ὑμῶν,
1203 1825 1285 1852 τέκνα
1302 1834 1371 1861 μου,
1387 1826 1464 1861 κάγὼ
1481 1827 1659 1863 ὑφηγήσομαι
1673 1828 1748 1863 ὑμῖν,
1765 1828 1820 1861 ἔξω
1834 1829 1883 1856 τοῦ

1090 1870 1206 1905 ψεύδους
1225 1871 1366 1903 παντελῶς
1384 1873 1545 1908 φερόμενος,
1559 1873 1606 1900 καὶ
1618 1874 1765 1909 γενήσεται
1784 1875 1851 1909 ὑμῖν
1867 1876 1886 1910 ἡ

1091 1918 1156 1953 περὶ
1175 1918 1278 1952 ταύτης
1299 1918 1474 1952 ἀπαγγελία,
1496 1920 1556 1946 ἀντὶ
1577 1921 1755 1955 κατηχήσεως
1771 1920 1812 1956 (2)
1833 1921 1886 1947 οὐκ

1092 1964 1231 1999 ἀνόνητος,
1248 1965 1287 1995 ὡς
1303 1962 1390 1999 οἶμαι,
1408 1965 1478 1992 ἀλλὰ
1493 1966 1540 1992 καὶ
1558 1966 1629 2000 μάλα
1643 1966 1793 2002 ὠφέλιμος.

1128 2007 1161 2043 β’.
1189 2009 1236 2035 Ἐκ
1262 2009 1365 2044 γονέων
1391 2009 1441 2044 μὲν
1463 2007 1565 2045 ἧρχθαι
1588 2011 1673 2046 αὐτῆς
1690 2004 1745 2046 ντὴν
1768 2012 1887 2047 ἀρετὴν,

1092 2053 1187 2090 ὥσπερ
1201 2055 1248 2081 καὶ
1265 2055 1310 2081 τὸν
1325 2055 1397 2090 βίον,
1416 2055 1466 2081 οὐκ
1482 2056 1536 2090 ἔχω
1557 2056 1647 2090 λέγειν
1659 2065 1666 2071 ·
1688 2058 1748 2083 ἐπεὶ
1765 2058 1837 2092 μηδὲ
1851 2059 1889 2084 τὰ

1093 2101 1146 2135 πρὸ
1162 2095 1240 2135 ἐμοῦ.
1259 2100 1328 2128 ἀλλὰ
1341 2101 1376 2127 τὰ
1393 2102 1452 2136 μετ’
1466 2102 1518 2137 ἐμὲ
1535 2103 1678 2138 προῆγμαι
1695 2104 1868 2138 συγγράφειν
1880 2113 1887 2118 -

1093 2147 1140 2172 καὶ
1158 2146 1233 2178 ἐξότε
1259 2148 1358 2182 πεῖραν
1372 2147 1499 2182 εἰληφυῖα
1518 2145 1553 2183 ἦν
1574 2149 1625 2182 τῆς
1644 2149 1819 2183 διαγνώσεως
1839 2150 1890 2176 τοῦ

1093 2191 1176 2218 καλοῦ
1191 2193 1238 2219 καὶ
1249 2193 1286 2228 μὴ
1297 2193 1384 2224 οὕτως
1396 2194 1515 2228 ἔχοντος.
1534 2194 1593 2221 Ἵνα
1605 2192 1652 2221 οὖν
1662 2195 1696 2221 τὰ
1708 2195 1757 2230 τῆς
1772 2195 1892 2230 πρώτης

1093 2237 1140 2264 καὶ
1172 2237 1302 2273 δευτέρας
1334 2238 1558 2275 μεθηλικιώσεως
1582 2240 1725 2275 παρῶμεν,
1753 2241 1810 2267 ἀπὸ
1840 2242 1892 2266 τοῦ

1093 2283 1190 2319 καιροῦ
1211 2283 1262 2318 τῆς
1283 2284 1463 2320 συμσιώσεως
1481 2284 1630 2320 ἀρξώμεθα
1643 2286 1693 2320 τῆς
1710 2286 1892 2321 διηγήσεως·

1094 2329 1142 2355 καὶ
1154 2329 1178 2355 εἰ
1194 2329 1232 2364 μὴ
1244 2330 1353 2362 οἰκείως
1367 2331 1434 2366 ἡμῖν
1449 2329 1506 2366 ἔχει
1516 2331 1530 2356 ὸ
1542 2331 1674 2366 κοσμικὰς
1690 2331 1747 2366 βίος
1757 2332 1809 2366 τῆς
1823 2332 1894 2358 καλ-

255 2378 366 2406 fessioni
383 2385 436 2405 non
450 2382 492 2405 est
506 2378 644 2405 mandana
662 2378 777 2413 egregiae
792 2378 914 2413 parentis
942 2381 1041 2405 nostra:

1096 2374 1240 2410 λιμήτορος
1252 2395 1260 2408 ,
1277 2376 1353 2411 ὅμως
1369 2377 1401 2403 ἐκ
1414 2377 1464 2411 τῆς
1478 2377 1565 2412 ἀρχῆς
1579 2377 1611 2403 τὸ
1624 2377 1701 2408 τέλος
1716 2377 1894 2412 κατίδωμεν,

255 2424 320 2455 vita,
333 2428 421 2451 tamen
442 2431 476 2451 ex
495 2424 630 2458 principio
652 2424 732 2451 tinent
750 2424 950 2459 prospeximus,
966 2423 1037 2450 ideo-

254 2478 308 2506 que
326 2470 400 2498 illam
416 2470 479 2498 vita',
501 2475 604 2505 partem
621 2471 778 2498 necessario
798 2475 968 2498 connectatur.
981 2469 1044 2497 Fuit

254 2525 319 2551 ergo
332 2517 406 2544 illius
419 2517 508 2551 prima
524 2516 622 2549 virtus,
636 2515 721 2543 Deum
734 2516 824 2543 colere
840 2524 871 2542 ae
885 2515 1044 2543 medullitus

253 2562 383 2590 adamare
399 2572 406 2590 :
422 2563 458 2590 ita
476 2567 515 2595 ut,
534 2570 690 2598 quanquam
701 2562 761 2589 viro
776 2562 802 2588 in
816 2561 970 2597 coniugium
987 2566 1043 2588 tra-

253 2608 330 2639 dita,
356 2607 443 2634 nihilo
471 2612 562 2634 tamen
594 2607 684 2634 minus
719 2607 870 2634 eniteretur
905 2607 1045 2634 meliorem

253 2652 343 2687 quoad
370 2652 429 2680 ﬁeri
455 2656 564 2687 poterat
598 2652 659 2679 vitae
680 2659 791 2679 cursum
814 2652 923 2680 sectari.
944 2651 1046 2685 Quam-

253 2698 347 2725 obrem
370 2706 432 2725 cum
454 2697 572 2733 primum
590 2705 640 2725 nos
662 2698 778 2737 peperit,
794 2706 846 2725 non
869 2706 946 2733 atque
965 2702 1047 2733 atque

290 2753 298 2768 ¹
316 2752 401 2780 Eccli.
416 2761 455 2786 χι,
471 2753 516 2781 50.

288 2813 328 2847 (l)
353 2812 493 2839 Platonem
510 2811 586 2844 dicit,
606 2818 743 2839 smnmum
759 2810 1051 2845 monasticazfamilia',’

255 2847 398 2882 praesidem
414 2852 477 2876 ante
495 2847 680 2875 Theodorum.

1093 2420 1252 2454 ἀναγκαίως
1285 2421 1379 2448 τοῦτον
1410 2422 1611 2458 προσθήσομαι.
1641 2422 1766 2458 Ἐκείνης
1796 2423 1896 2450 τοίνυν

1093 2467 1203 2502 πρῶτον
1231 2468 1409 2503 κατύρθωμα,
1437 2468 1467 2494 τὸ
1490 2469 1535 2495 τὸν
1561 2469 1627 2496 Θεὸν
1649 2468 1823 2504 σεὸασθῆναι
1845 2470 1897 2496 καὶ

1094 2512 1237 2548 ἀγαπῆσαι
1263 2513 1294 2546 ἐξ
1314 2514 1479 2549 ὁλοκλήρου·
1504 2514 1574 2541 ὥστε
1598 2516 1622 2541 εὶ
1646 2514 1774 2550 συνήφθη
1797 2515 1897 2550 ἀνδρὶ,

1095 2555 1152 2584 ἀλλ’
1176 2559 1240 2594 ὃλην
1261 2559 1362 2594 ἑαυτὴν
1386 2560 1513 2592 ἐϐιάζετο
1538 2562 1588 2596 τῆς
1612 2560 1767 2594 κρείττονος
1789 2561 1898 2596 μοίρας

1095 2605 1220 2639 γενέσθαι
1231 2613 1238 2620 ·
1255 2605 1300 2632 διὰ
1314 2604 1394 2631 τοῦτο
1414 2606 1571 2641 γεννήσασα
1586 2606 1660 2641 ἡμᾶς
1679 2605 1801 2641 πρώτως
1813 2627 1822 2639 ,
1844 2607 1899 2633 οὐκ

1095 2649 1156 2677 εἷπε
1172 2651 1203 2678 τὸ
1217 2653 1277 2683 ταῖς
1294 2651 1386 2683 ἄλλαις
1410 2652 1546 2687 γυναιξὶν,
1570 2650 1614 2679 οἶα
1638 2653 1742 2679 ἐκεῖναι
1767 2653 1819 2679 ἐπὶ
1840 2653 1899 2684 τοῖς

1096 2698 1230 2731 νεογόνοις
1254 2696 1366 2724 εἰώθασι
1387 2697 1458 2724 κατὰ
1473 2697 1634 2734 δαιμονικὴν
1651 2698 1762 2733 κίνησιν
1789 2698 1899 2734 κεχρῆ-

1134 2809 1172 2845 (2)
1193 2809 1363 2846 Cateeltesim
1384 2810 1495 2846 proprie
1511 2810 1630 2846 appellat
1647 2810 1718 2837 hanc
1733 2810 1898 2838 oralionem

1097 2845 1178 2874 etiam
1192 2845 1360 2882 biographus
1375 2850 1470 2874 noster
1483 2845 1536 2874 loc.
1558 2845 1605 2873 cit.
