1924 3077
76 164 132 195 885

348 162 491 193 ORATIO
501 162 637 195 ΧῙΙΙ.-
654 163 846 193 LAUDATIO
873 162 1066 193 FUNEBRIS
1093 161 1133 192 IN
1153 161 1313 192 MATREM
1333 162 1448 192 SUAM.

1657 161 1710 192 886

77 217 141 243 σθαι
162 215 357 251 κληδονισμοῖς
380 216 428 243 καὶ
442 216 636 252 περι¹άμμασιν
650 216 698 243 καὶ
715 216 810 248 ἄλλαις
825 225 868 243 τι-

922 217 980 244 alia:
1003 216 1132 244 mulieres
1157 217 1248 243 locuta
1264 219 1320 248 est;
1337 223 1424 250 neque
1444 218 1474 242 ut
1496 214 1548 242 illa:
1566 221 1595 242 se
1615 215 1710 250 gessit.

76 263 120 289 σὶν
135 261 258 297 ἐπῳδαῖς
271 262 311 293 εῐς
328 270 358 287 τε
378 262 442 293 τοὺς
465 262 577 297 δίφρους
599 261 647 288 καὶ
664 263 726 294 τοὺς
744 262 869 289 κοιτωνί-

77 317 160 340 σχους
173 328 180 339 ,
205 307 408 342 περιτραχήλιά
425 316 456 334 τε
475 307 622 342 βάλλουσαι
645 308 693 335 καὶ
713 308 869 342 περίαπτα,

77 354 138 382 ἀλλ’
153 355 265 389 ἠρκεῖτο
281 353 360 388 μόνον
378 354 412 388 τῇ
429 353 556 388 σφραγῖδι
568 353 616 380 τοῦ
636 353 771 385 ζωοποιοῦ
789 362 870 380 σταυ-

79 399 128 435 ροῦ
143 399 312 434 τετειχίσθαι
331 400 404 433 ἡμᾶς
415 420 422 432 ,
447 399 512 425 ἀντὶ
525 399 609 426 ὅπλου
625 399 698 431 τινὸς
711 399 758 425 καὶ
771 398 870 434 θυρεοῦ

76 446 263 480 ἀμαχωτάτου
275 443 355 471 τοῦτο
371 444 580 480 προϐαλλομένη
592 453 599 459 ·
619 444 663 471 διὰ
677 444 756 471 τοῦτο
775 444 871 471 πασῶν

73 491 129 518 τῶν
153 490 243 518 ἄλλων
265 490 403 524 γυναικῶν
416 479 638 526 κπροσκυνουσῶν
654 491 702 517 καὶ
717 491 870 518 ὰπανιστα-

76 538 166 572 μένων
183 536 213 569 ἐξ
224 536 310 571 αὐτῆς
322 536 411 571 ὂψεως
423 538 457 572 τῇ
473 536 618 572 αὐτουργῷ
631 536 679 563 καλ¹
695 537 872 572 μυσταγωγῷ

74 584 122 610 καὶ
143 582 298 618 διδασκάλῳ
323 581 378 608 τῶν
397 582 539 615 τοιούτων,
560 583 628 617 μόνη
644 582 694 609 οὐκ
711 582 835 617 ἠνείχετο
853 583 870 618 ὴ

74 629 200 664 ἡμετέρα
217 629 321 663 μήτηρ,
339 628 400 654 οὔτε
425 627 548 663 κεφαλὴν
563 628 654 655 κλῖναι
667 627 792 658 πώποτε.
809 627 872 655 οὔτε

74 674 276 710 προσδραμεῖν,
294 671 348 700 οὔδ’
363 671 397 699 αὖ
416 674 563 708 μετασχεῖν
585 673 635 708 τῆς
650 673 795 709 γοητείας·
809 673 872 700 καί·

72 729 128 756 περ
150 720 205 746 ὑπὸ
233 719 289 746 τῶν
314 718 485 753 τελουμένων
510 718 698 753 ἁπειλουμένη
724 719 873 751 πολλάκις·

73 766 133 793 ἀλλ’
154 765 251 798 ὅντως,
272 764 372 798 Ψυχαὶ
389 764 557 791 δικαίωνέν
575 763 651 798 χειρὶ
669 764 754 797 Θεοῦ,
777 765 874 792 καὶού

70 811 114 846 μὴ
126 811 239 845 ἅψηται
256 809 503 842 αὑτῶν-,βάσανος
517 818 524 825 ·
551 809 606 836 Καὶ
627 811 644 836 ὁ
661 809 812 842 πεποιθὼς
825 810 875 837 ἐπὶ

72 856 241 891 Κύριον,ὠς
254 855 323 890 ὄρος
337 855 423 888 Σιὼν,
440 856 477 887 ἀς
490 855 523 882 τὰ
539 855 624 889 Λὸγιά
642 863 734 891 φησιν.

109 949 144 980 γ’.
165 945 308 982 Δεύτερον,
327 944 374 972 τοῦ
392 945 466 972 θείου
487 945 573 972 πόθου
586 945 715 978 αὔξοντος
731 946 817 980 αὐτῆς
838 946 867 972 ἐν

72 992 106 1026 τῇ
123 990 234 1026 καρδίᾳ,
252 991 347 1026 ἐπειδὴ
364 988 398 1026 ἦν
413 990 598 1025 ἀγράμματος
612 991 641 1022 ἐξ
652 991 786 1026 ὀρφανίας
801 992 868 1025 ἁγο-

74 1037 146 1071 μένη
158 1056 166 1068 ,
190 1036 381 1071 γραμματίζει
399 1036 498 1071 ἑαυτὴν
514 1038 530 1072 ἡ
554 1036 624 1072 σοφὴ
645 1036 694 1063 καὶ
712 1036 847 1068 συνετίζει
859 1057 866 1070 ,

73 1082 121 1109 καὶ
135 1082 166 1108 τὸ
182 1082 340 1117 Ψαλτήριον
354 1082 532 1117 ἁποστηθίςει
548 1081 680 1109 κάλλιστά
691 1090 722 1108 τε
738 1082 786 1108 καὶ
805 1090 867 1108 συν-

72 1127 221 1162 τομώτατα
231 1135 238 1142 ·
249 1128 295 1153 καὶ
307 1127 388 1153 τοῦτο
402 1126 460 1158 πῶς
471 1135 478 1160 ;
489 1127 540 1153 οὐκ
552 1127 581 1153 ὲν
592 1127 686 1162 ἡμέρᾳ
701 1125 870 1161 σχολάζουσα

72 1175 108 1208 τῇ
125 1173 244 1209 μελέτῃ,
260 1173 298 1204 ὡς
314 1172 347 1199 ἃν
362 1173 400 1208 μὴ
415 1173 461 1198 τὸν
474 1172 559 1209 ἄνδρα
578 1172 777 1209 παραλυπήσῃ,
794 1172 810 1207 ἢ
823 1171 870 1198 τὸν

73 1218 153 1246 οἶκον
175 1218 374 1254 ὑπελαττώσῃ,
402 1219 472 1245 ἀλλὰ.
495 1219 549 1255 πρὸ
571 1218 657 1245 ὕπνου
680 1227 710 1245 τε
735 1218 784 1245 καὶ
809 1217 870 1252 μεθ’

73 1265 172 1294 ὕπνον.
189 1264 412 1300 φωαγωγοὺσης
429 1263 564 1299 κανδήλης
577 1264 718 1298 κάμνουσα
732 1263 811 1298 τόνῳ,
823 1262 870 1290 τοῦ

73 1312 106 1337 ὲκ
117 1310 173 1337 τῶν
186 1311 285 1346 χειρῶν
300 1310 381 1346 ἔργου
396 1310 448 1336 οὐκ
461 1310 575 1345 ἡμέλειν
586 1309 656 1336 ἀλλὰ
668 1308 707 1344 πῆ
723 1309 772 1344 μὲν
783 1307 870 1342 τούτῳ

73 1356 261 1392 προσέχουσα,
281 1356 321 1390 πῆ
334 1356 363 1382 δὲ
377 1356 408 1382 τὸ
417 1355 511 1390 ἕτερον
522 1353 592 1387 εἶδος
610 1354 870 1390 μεταχειριζομένη,

73 1404 122 1429 καὶ
139 1403 187 1430 τὸν
206 1400 282 1429 οἷκον
301 1401 378 1437 ηὖξει
390 1421 397 1433 ,
416 1402 462 1428 καὶ
486 1402 541 1428 τῶν
562 1401 732 1437 μαθημάτων
749 1401 871 1436 ἐπελαμ-

73 1449 190 1476 6ἀνετο’
216 1448 309 1475 ἔκτοτε
333 1448 424 1484 τοίνυν
449 1447 500 1474 οὐκ
525 1447 666 1474 επαύσατο
679 1447 813 1482 ὁμιλοῦσα
832 1446 872 1482 τῷ

73 1494 140 1529 θείῳ
154 1493 238 1520 Δαυτδ
257 1493 364 1528 ἡμέραν
379 1492 409 1525 ἐξ
421 1493 540 1528 ἡμέρας,
557 1493 605 1519 καὶ
619 1493 680 1524 ταῖς
698 1492 785 1523 θείαις
807 1492 872 1518 ἀνα-

73 1540 194 1575 γνώσεσι
220 1539 391 1575 προσέχουσα
401 1548 408 1555 ·
424 1539 530 1565 ἐκεῖθέν
542 1547 573 1565 τε
585 1538 719 1574 καιομένη
732 1537 782 1574 τὴν
800 1545 871 1573 καρ-

921 270 983 297 quae
1000 269 1098 289 recens
1120 260 1203 294 uatis,
1217 261 1356 288 diabolico
1378 260 1507 295 impulsu,
1523 260 1670 288 claviculas
1684 266 1712 288 et

921 308 1053 343 ligaturas
1071 311 1154 342 atque
1177 307 1230 333 alia
1246 306 1383 342 praestigia
1398 306 1431 333 ad
1445 305 1556 334 sellulas
1571 309 1598 334 et
1610 305 1712 333 cubilia

921 356 1061 388 adhibent,
1075 360 1188 390 torques
1203 355 1285 381 etiam
1302 357 1330 380 et
1352 353 1472 380 amuleta
1492 352 1569 380 collis
1584 352 1712 387 injicien-

922 406 980 436 tes;
996 402 1044 429 scd
1071 401 1137 429 satis
1165 401 1190 428 ri
1219 406 1278 428 erat
1300 400 1430 429 salutaris
1452 400 1545 428 crucis
1567 400 1645 435 signo
1663 407 1713 427 nos

921 448 1104 480 communire,
1130 452 1212 482 atque
1229 448 1280 475 liae
1303 448 1382 482 quasi
1396 451 1534 474 armatura
1556 450 1584 474 et
1600 447 1715 481 iuexpu~

921 494 1023 530 gnabili
1040 498 1119 522 scuto
1147 498 1299 529 protegere.
1312 494 1407 528 Itaque
1427 500 1491 520 cum
1519 493 1579 520 aliae
1606 492 1714 520 feminae

922 538 1124 566 venerabunda:
1150 543 1326 573 assurgerent
1349 543 1495 573 conspecta
1521 538 1644 573 qualibet
1665 544 1716 564 aus

922 583 1006 611 ctrice
1024 588 1051 610 et
1065 582 1215 610 iuitiatrioe
1237 591 1269 610 ac
1294 583 1424 618 magistra
1436 582 1592 618 hujusmodi
1608 581 1714 617 praesti-

923 629 1043 665 giorum,
1069 629 1127 656 sola
1143 633 1231 657 mater
1251 634 1358 663 nostra,
1374 637 1462 664 neque
1477 628 1614 664 caputhis
1633 628 1714 656 incli-

923 682 1000 708 nare,
1015 682 1104 710 neque
1129 682 1177 703 eas
1202 675 1341 707 invocare.
1360 683 1449 710 neque
1463 675 1598 703 ullatenus
1616 683 1714 709 super-

924 722 1048 750 stitiones
1061 722 1226 757 participare
1239 729 1319 756 passa
1336 727 1395 755 est;
1422 729 1493 756 saepe
1516 721 1580 748 licet
1594 721 1627 748 ab
1641 721 1714 747 illius

925 767 1104 804 professionis
1132 768 1241 796 feminis
1268 769 1356 796 minas
1387 772 1509 803 experta.
1540 767 1593 795 Sed
1619 775 1715 802 reapse

923 813 1061 847 iustorum
1078 812 1176 840 anima:
1201 813 1228 839 in
1242 819 1325 838 manu
1351 812 1396 839 l‘ei
1421 816 1504 842 sunt.
1523 819 1610 846 neque
1623 816 1716 846 tanget

926 864 974 884 eos
986 861 1152 884 tormentum
1174 857 1196 883 ’.
1213 856 1246 883 Et
1259 857 1304 892 qui
1330 855 1438 891 conﬁdit
1453 857 1479 883 in
1495 856 1623 887 Domino,
1647 857 1715 882 sicut

883 901 904 928 Β
919 909 993 928 mam
1011 901 1074 928 Sion
1090 901 1144 933 ',ut
1161 900 1309 936 Scriptura:
1324 901 1411 928 aiunt.

955 945 982 972 5.
995 945 1128 973 Posthinc
1139 945 1232 972 divino
1245 952 1338 972 amore
1351 945 1377 971 in
1391 946 1451 980 ejus
1468 945 1549 972 corde
1565 949 1714 976 crescente,

919 989 983 1025 quia
1006 990 1064 1017 sine
1089 990 1260 1021 litteratura,
1287 993 1317 1016 ut
1338 990 1471 1024 orpliaua,
1499 989 1592 1016 relicta
1615 989 1713 1019 fuerat.

919 1034 977 1068 ipsa
991 1034 1091 1061 litteris
1103 1039 1189 1062 semet
1202 1034 1339 1068 sapienter
1355 1034 1454 1060 imbuit
1473 1033 1668 1068 instruxitque,
1688 1039 1715 1060 et

920 1077 1079 1112 psalteriqu
1112 1078 1220 1113 egregie
1253 1077 1473 1112 brevissimoque
1505 1082 1626 1111 tempore
1657 1085 1712 1104 me-

920 1121 1016 1148 moriae
1042 1121 1190 1148 mandavit.
1224 1121 1253 1148 Id
1282 1124 1373 1148 autem
1399 1120 1558 1155 quomodo?
1580 1119 1712 1153 Equidem

921 1165 993 1192 baud
1009 1165 1203 1192 interdiuliuic
1215 1165 1388 1199 occupationi
1406 1172 1517 1196 vacans,
1533 1172 1567 1192 ne
1583 1166 1642 1192 viro
1657 1173 1716 1192 mi:—

922 1210 1030 1237 lcstiam
1055 1215 1179 1244 crearet,
1198 1215 1245 1237 aut
1269 1209 1404 1237 minorem
1431 1209 1523 1237 domui
1547 1217 1640 1237 curam
1661 1210 1714 1236 im-

921 1255 1064 1289 penderet,
1082 1255 1129 1282 sed
1142 1260 1203 1282 ante
1216 1259 1244 1282 et
1258 1259 1318 1288 post
1330 1255 1589 1287 somnum,ardente
1604 1255 1714 1282 lucerna

921 1301 1017 1329 sedulo
1041 1301 1191 1328 lucubraus
1203 1321 1210 1333 ,
1237 1309 1281 1329 res
1299 1309 1358 1336 qua:
1373 1306 1451 1329 erant
1471 1301 1498 1328 in
1518 1301 1644 1328 manibus
1660 1308 1714 1328 ιιοιι

921 1346 1093 1381 negligehat,
1123 1346 1170 1374 sed
1193 1346 1275 1374 modo
1298 1347 1362 1374 huic
1380 1347 1461 1374 modo
1481 1346 1558 1374 alteri
1575 1353 1647 1373 curae
1671 1345 1716 1373 in-

924 1395 997 1418 tenta
1011 1410 1019 1422 ,
1035 1396 1061 1418 et
1077 1391 1188 1418 domum
1203 1399 1231 1418 re
1247 1391 1374 1419 familiari
1396 1391 1522 1426 augebat,
1538 1396 1565 1419 et
1579 1391 1714 1418 doctrinis

922 1436 1005 1463 simul
1027 1437 1150 1464 animum
1177 1437 1332 1464 excolebat.
1360 1437 1449 1472 Atque
1475 1445 1507 1465 ex
1523 1445 1558 1465 eo
1583 1437 1713 1464 nimirum

923 1485 1046 1517 tempore
1081 1490 1223 1517 nunquam
1251 1482 1356 1509 destitit
1383 1490 1445 1510 cum
1467 1482 1567 1510 Davide
1590 1483 1713 1514 versari,

922 1525 1022 1553 divinis
1037 1526 1160 1561 quotidie
1176 1527 1339 1555 lectionibus
1351 1535 1461 1562 operam
1479 1535 1593 1556 navans.
1609 1528 1714 1561 Quibus

72 1571 133 1613 ὲίιν
144 1606 152 1618 ,
167 1586 215 1612 καὶ
236 1571 350 1621 ἐερδξὲδ
366 1585 465 1620 μέλλον
482 1585 585 1620 ἀγαθὸν
607 1571 826 1620 seems“,
841 1571 868 1609 ξι

922 1578 971 1598 cor
1000 1571 1124 1604 incensa,
1141 1580 1174 1600 ac
1189 1572 1274 1600 futuri
1290 1573 1355 1601 boni
1372 1581 1421 1608 spe
1438 1573 1630 1607 exardescens,
1648 1573 1713 1609 quid

73 1633 148 1658 ποιεῖ
161 1632 209 1658 καὶ
226 1631 252 1657 τί
275 1630 424 1666 ἐργάζεται
441 1631 458 1665 ή
476 1630 633 1665 θαυμασία;
652 1629 872 1664 ἀποκοσμήσασα

73 1678 175 1713 ἑαυτὴν
197 1677 252 1704 τῶν
277 1677 414 1712 ματαίων,
434 1676 481 1703 καὶ
497 1676 534 1708 ὡς
549 1675 712 1711 χηρευτικόν
731 1683 758 1701 τι
776 1674 871 1709 σχῆμα

74 1723 252 1751 ἀναλαϐοῦσα
262 1743 269 1754 ,
285 1721 373 1754 οὕτως
387 1723 427 1753 είς
443 1722 597 1756 ὑπόδειγμα
620 1721 704 1748 καλὸν
724 1720 872 1756 προῡκειτο

74 1771 135 1801 ταῖς
149 1769 311 1805 γνωρίμοις,
325 1769 395 1804 μήτε
411 1768 551 1803 ὀμνύουσα
565 1767 596 1794 τὸ
608 1767 737 1797 καθόλου.
759 1766 822 1802 μηδ’
836 1763 870 1793 αὖ

74 1815 241 1851 ψευδομένη,
259 1815 329 1849 μήτε
345 1815 380 1840 τὰ
396 1813 483 1840 πολλὰ
497 1812 703 1848 κρεοφαγοῦσα,
716 1813 746 1839 ὲν
758 1811 797 1847 τῷ
815 1811 869 1847 μά-

74 1863 155 1888 λιστα
170 1860 448 1895 τεσσαρακοστίζειν·
466 1859 534 1885 ἀλλὰ
548 1860 597 1885 καὶ
622 1859 649 1885 ετ
669 1853 734 1885 ποτε
752 1858 793 1889 εἰς
827 1858 870 1883 εὖ.

74 1908 161 1942 ωχίαν
186 1906 368 1942 προύκαλεῖτο
378 1905 510 1940 γαμικὴν,
525 1904 713 1936 λανθανόντως
734 1903 870 1938 ὑπεξῆγεν

75 1952 180 1987 ἑαυτὴν
193 1952 316 1987 μηδὸὶως
333 1951 473 1986 ἁπτομένη
487 1950 588 1985 κρεῶν,
609 1950 677 1986 μηδὲ
690 1950 720 1976 τὸ
733 1949 810 1985 ὕμμα
827 1948 870 1975 ατ-

77 2006 164 2034 ρουσα
181 1999 221 2029 εἰς
235 1998 270 2024 τὰ
286 1997 421 2033 θυμελικὰ
437 1998 566 2031 ’παίγνια⁸
580 1997 692 2032 καὶγὰρ
705 1994 739 2031 ἧν
753 1996 871 2030 σώφρων

75 2044 99 2070 εί
113 2043 162 2070 καί
175 2052 215 2075 τις
233 2043 312 2078 ἄλλη,
329 2043 377 2069 ἕνα
398 2042 482 2077 ἄνδρα
498 2042 657 2078 γνωρίσασα
670 2061 678 2074 ,
692 2041 739 2068 καὶ
753 2041 802 2076 τὴν
820 2041 871 2075 ψυ-

75 2090 126 2126 χὴν
147 2090 217 2125 μετὰ
241 2089 291 2125 τὴν
312 2088 453 2124 ἀποταγὴν
469 2088 597 2115 τοσοῦτον
614 2089 655 2120 εἰς
670 2087 755 2123 ἄκρον
769 2086 870 2121 ἁγνεύ-

77 2144 159 2167 σασα,
185 2135 223 2166 ὼς
245 2135 294 2162 καὶ
319 2134 400 2170 μέχρι
423 2134 554 2170 λογισμοῦ
577 2134 770 2170 τυραννήσεως
790 2133 870 2168 ἀκρι-

75 2180 216 2208 σεύεσθαι.

109 2227 143 2254 δ’.
165 2225 215 2257 Τίς
232 2225 279 2252 οὑν
299 2225 408 2261 ἐκείνην
431 2224 527 2251 ἔλαθεν
550 2224 730 2260 μεσονυκτίου
754 2224 868 2260 καιρὸς;

75 2273 171 2308 ἐπειδὴ
183 2272 264 2308 ἔργον
286 2272 317 2298 τὸ
330 2258 423 2305 λόγίον
445 2258 565 2306 ἐπλήρου
576 2279 583 2286 ·
597 2258 869 2302 Μεσονύκτιοννὲξ-
885 2258 907 2285 Ῐ)

75 2319 235 2354 ετειρόμην
257 2317 310 2345 τοῦ
334 2317 582 2352 ἐξομολογεῖσθαι
604 2325 653 2344 σοι
678 2316 728 2343 ἐπὶ
748 2316 785 2343 τὰ
807 2316 869 2351 κρί-

73 2373 153 2400 ματα
166 2364 224 2398 τῆς
241 2363 438 2397 δικαιοσύνης
453 2370 527 2390 σου·
543 2362 586 2394 τίς
599 2362 628 2389 δὲ
641 2362 741 2399 ὄρθρου
758 2362 869 2398 ἐξέγερ-

77 2419 136 2443 sig;
163 2410 204 2440 τίς
226 2409 255 2436 δὲ
278 2409 375 2444 ἐτέρας
401 2408 584 2445 διωρισμένης
608 2408 785 2444 εὐχαριστίας
808 2407 868 2443 ὦρα

77 2455 280 2492 παρελείπετος
310 2454 462 2490 Οὐδαμῶς·
485 2453 554 2480 ἀλλὰ
579 2454 625 2481 καὶ
654 2454 704 2488 τῆς
729 2454 868 2489 οἰκουρίας

77 2502 245 2537 ςντεχομένη
258 2501 318 2528 λίαν
328 2522 336 2534 ,
353 2503 402 2528 καὶ
413 2501 451 2532 ὡς
465 2501 516 2527 οὐκ
531 2500 564 2527 ἄν
578 2508 620 2531 τις
633 2499 688 2526 τῶν
705 2500 868 2534 φιλοπόνων,

77 2546 282 2581 πλουσιωτέραν
295 2546 345 2579 τὴν
359 2546 387 2571 ὲν
401 2546 459 2576 τοῖς
474 2545 586 2578 ἀγαθοῖς
600 2544 690 2579 ἔργοις
708 2544 869 2570 εἰσεποιεῖτο

75 2593 209 2625 ἐπίδοσιν,
240 2591 411 2627 ρυθμίζουσα
427 2590 468 2626 τῷ
482 2590 544 2617 καθ’
560 2591 660 2624 ἑαυτὴν
676 2590 868 2625 ὑποδείγματι,

75 2640 121 2665 καὶ
137 2638 184 2665 τὸν
207 2637 353 2673 ὁμΰζυγον,
371 2637 419 2663 καὶ
438 2636 536 2669 παῖδας
551 2658 558 2669 ,
587 2636 635 2663 καὶ
659 2636 868 2672 θεραπαινίδας·

75 2686 119 2711 τὶν
132 2685 196 2720 μὲν,
212 2683 281 2719 μετὰ
291 2683 346 2710 τῶν
356 2683 445 2710 ἄλλων
460 2683 507 2709 καὶ
523 2683 564 2714 είς
577 2683 732 2717 ὑπόμνησιν
745 2683 867 2717 φέρουσα

74 2731 121 2758 τοῦ
133 2729 281 2758 θανατικοῦ
297 2729 440 2765 χωρισμοῦ
451 2737 457 2744 ’
476 2729 523 2755 καὶ
538 2729 584 2756 διὰ
598 2728 679 2755 τοῦτο
700 2727 867 2763 συμϐουλεύ-

74 2785 142 2803 ουσα
166 2777 215 2803 καὶ
237 2775 438 2811 παρακαλοῦσα
452 2774 501 2810 τὴν
515 2774 562 2800 ἀπ’
577 2773 701 2809 ἀλλήλων
718 2773 864 2808 στέρησιν·

75 2821 122 2848 καὶ
144 2821 238 2856 μέντοι
267 2819 373 2846 πείθει·
399 2818 446 2846 καὶ
481 2818 600 2845 πείσασα
625 2818 672 2844 ἐπὶ
697 2818 760 2852 μιᾶς
784 2818 865 2852 εὐνῆς

108 2880 117 2894 ²
139 2877 204 2912 Sap.
222 2885 262 2910 ιιι,
282 2878 304 2904 l.
345 2878 354 2893 ³
375 2876 446 2905 Psal.
465 2884 555 2908 cxxrv,
573 2875 595 2902 l.

922 1617 1089 1652 aggreditur,
1105 1619 1204 1652 quidve
1222 1619 1278 1654 agit
1290 1619 1463 1647 admirabilis
1477 1619 1577 1647 femina
1595 1620 1606 1647 ’Ξ
1630 1619 1715 1648 Vanis

922 1662 975 1689 sibi
1017 1662 1148 1690 detractis
1186 1664 1382 1697 ornamentis,
1410 1669 1438 1692 et
1468 1665 1568 1692 viduali
1595 1666 1713 1699 quodam

923 1707 1026 1734 amictu
1042 1714 1196 1743 assumpto,
1224 1709 1386 1744 praclarum
1409 1713 1496 1736 semet
1515 1709 1655 1744 exemplar
1671 1709 1713 1736 fa-

923 1753 1078 1781 miliaribus
1104 1753 1265 1788 praebebat:
1298 1762 1387 1790 neque
1410 1754 1522 1788 jurabat
1568 1762 1688 1789 unquam
1705 1776 1712 1788 ,

923 1805 1012 1833 neque
1025 1798 1218 1829 mentiebatur,
1233 1806 1322 1834 neque
1333 1800 1463 1827 carnibus
1478 1799 1640 1835 plerumque
1652 1808 1712 1827 vos-

922 1845 1055 1876 cebatur,
1084 1845 1313 1879 quadragesima“
1339 1846 1489 1881 praesertim
1506 1850 1639 1880 tempore.
1661 1845 1713 1873 Sed

922 1895 950 1918 et
971 1892 995 1919 si
1024 1891 1135 1926 quando
1162 1891 1195 1918 ad
1217 1892 1339 1927 nuptiale
1360 1892 1515 1919 convivium
1534 1896 1713 1924 evocaretur,

923 1937 1130 1964 dissimulanter
1157 1944 1187 1964 se
1211 1937 1392 1970 continebat,
1422 1937 1531 1965 intactis
1563 1937 1712 1970 carnibus,

922 1982 1072 2017 oculosque
1097 1982 1132 2010 ad
1157 1982 1318 2018 tliymelicos
1332 1983 1409 2010 lusus
1429 1983 1542 2010 minime
1559 1982 1688 2010 attollens
1705 1993 1710 2009 :

922 2032 982 2055 erat
1001 2028 1074 2055 enim
1096 2035 1159 2055 cum
1187 2028 1283 2062 primis
1305 2028 1414 2063 pudica,
1445 2036 1530 2055 unum
1552 2028 1642 2056 virum
1666 2036 1713 2063 ag-

922 2080 1040 2101 noscens
1053 2094 1062 2107 ,
1079 2073 1257 2108 animumque
1272 2081 1353 2101 suum
1370 2079 1432 2109 post
1458 2075 1590 2102 consortii
1611 2082 1713 2102 renuu-

921 2120 1064 2149 tiationem
1080 2120 1210 2155 usquead
1227 2128 1363 2148 summam
1380 2121 1577 2157 cogitationum
1590 2122 1711 2157 ipsarum

921 2167 1129 2202 castigationem
1146 2166 1346 2201 puriﬁcaverat.

959 2223 986 2250 4.
1014 2222 1092 2256 Quod
1116 2231 1180 2257 ergo
1203 2223 1278 2250 illam
1301 2223 1396 2250 media;
1414 2224 1503 2252 noctis
1525 2228 1632 2258 tempus
1644 2232 1712 2259 prae-

922 2269 1017 2297 teriit?
1041 2269 1080 2296 Ile
1097 2277 1164 2296 sane
1182 2276 1244 2296 vera
1256 2276 1364 2296 sacrum
1378 2268 1488 2296 enatum
1500 2270 1688 2304 complebatur
1704 2291 1710 2296 .

920 2314 1010 2342 Media
1040 2319 1115 2341 nocte
1140 2313 1279 2348 surgebam
1303 2313 1338 2340 ad
1364 2314 1542 2348 conﬁtendum
1564 2314 1612 2341 tibi
1634 2323 1712 2349 super

915 2360 1022 2395 judicia
1047 2360 1249 2394 justi/italiam)
1264 2364 1317 2387 tua?
1334 2359 1354 2386 ⁸.
1380 2359 1446 2392 Quae
1473 2366 1563 2388 autem
1579 2362 1710 2389 matutina

921 2407 1122 2437 consurrectio,
1141 2414 1267 2440 quaenam
1280 2405 1332 2432 alia
1348 2406 1478 2440 praxlinita
1494 2407 1642 2441 gratiarum
1657 2407 1711 2435 Ι)υο

922 2451 1091 2487 agendarum
1113 2451 1179 2478 liora
1192 2451 1474 2486 praetermittebatur?
1492 2452 1571 2481 Nulla
1584 2461 1709 2488 prorsus.

922 2496 974 2524 Sed
987 2501 1014 2524 et
1025 2497 1124 2523 domus
1134 2495 1267 2524 custodiae
1292 2503 1458 2532 magnopere
1472 2497 1562 2525 dedita
1572 2519 1580 2532 ,
1604 2506 1660 2534 prae
1676 2499 1711 2526 la-

920 2542 1033 2569 borioso
1061 2542 1193 2576 quolibet,
1217 2542 1328 2570 uberius
1343 2543 1478 2570 bonorum
1492 2551 1603 2578 operum
1618 2552 1711 2572 exem-

919 2590 965 2623 plo
991 2588 1103 2624 praprio
1136 2589 1336 2616 incrementum
1364 2589 1498 2617 eﬂiciebat
1525 2591 1552 2617 in
1578 2591 1656 2623 viro,
1681 2591 1710 2620 in

920 2635 1023 2668 liberis.
1044 2636 1070 2662 in
1085 2635 1204 2663 ancillis.
1230 2634 1264 2662 Et
1275 2635 1313 2663 illi
1329 2636 1439 2671 quidem
1455 2658 1463 2669 ,
1478 2641 1577 2671 praeter
1593 2641 1708 2667 caetera.

920 2680 1041 2708 futuram
1058 2689 1166 2716 quoque
1180 2681 1277 2709 mortis
1291 2689 1375 2709 causa
1389 2683 1588 2717 soparatioucm
1604 2683 1632 2710 in
1653 2692 1710 2711 me-

920 2726 1036 2753 moriam
1057 2727 1222 2759 revocabat;
1248 2727 1363 2761 ideoque
1375 2727 1539 2755 admonebat
1560 2733 1588 2756 et
1600 2728 1710 2756 adhor-

920 2773 1046 2805 labatur,
1075 2777 1104 2800 ut
1129 2772 1244 2800 invicem
1270 2773 1463 2801 abstinerent:
1492 2782 1574 2809 quam
1601 2782 1659 2801 rem
1683 2774 1709 2802 ei

919 2818 1055 2853 persuasit
1070 2819 1097 2846 in
1112 2823 1215 2846 tantum
1230 2839 1236 2852 ,
1254 2823 1283 2846 ut
1298 2827 1352 2847 uno
1370 2819 1469 2848 lectulo
1487 2824 1594 2849 utcnlcs
1606 2841 1613 2855 ,
1628 2820 1708 2856 quin-

636 2875 645 2891 "
666 2875 738 2902 l‘sal.
759 2882 862 2906 cum,
884 2875 928 2901 6'2.
