1924 3077
217 155 269 188 887

811 147 839 176 S.
859 142 1056 175 THEODORI
1077 141 1251 173 STUDITE

1791 140 1843 171 888

219 211 340 246 quennio
360 214 386 237 et
400 209 470 236 ultra
496 207 565 234 inter
587 213 686 232 senon
709 203 902 239 cognoverim;
932 201 1003 236 quod

1065 198 1126 231 ἱλοις
1141 199 1221 225 πέντε
1237 197 1323 224 ἔτεσιν
1335 197 1351 232 ἢ
1365 197 1413 223 xxi.
1426 196 1506 233 πρὸς,
1515 195 1565 223 οὐκ
1579 195 1702 230 ἔγνωσαν
1717 197 1843 229 ἑαυτοὺς,

219 261 262 284 est
277 255 438 284 admirabile
453 261 486 281 ac
496 259 601 281 rarum.
617 250 668 284 Qui
681 250 755 276 enim
771 248 841 276 fierit
854 248 958 282 possit,
976 252 1005 274 ut

221 302 291 338 ignis
307 300 441 336 adjacenti
458 298 567 333 stipula:
586 304 640 323 non
653 295 852 326 admisceatur,
885 291 938 320 nisi
955 292 1006 318 hoc

222 347 291 374 forte
322 344 532 381 supranaturale
558 342 636 370 fuit?
665 340 743 374 Quod
767 339 790 368 si
812 339 938 371 B005us,
958 337 1005 372 qui

221 392 457 421 condormientem
474 389 592 417 Rutltam
630 395 684 415 ttna
709 390 789 413 nocte
806 384 916 419 reliquit
937 384 1006 410 inta-

221 443 305 471 ctam,
317 437 454 468 laudatur,
470 434 565 470 quidni
590 438 704 468 uterque
730 438 828 466 parens
847 436 923 457 meus
950 436 1006 456 me-

221 484 304 511 ritam
317 481 506 518 temperantia:
521 480 635 516 gloriam
652 478 752 504 referat
764 477 775 503 ?
785 476 849 503 Esto
862 475 943 510 igitur
956 475 1007 501 hoc

220 529 363 557 amborum
391 527 567 554 eneomium:
594 523 693 551 etenim
720 522 771 548 hac
795 521 820 547 in
832 528 862 547 re
890 519 1008 546 nonim-

220 573 329 608 proprie
353 577 430 607 pater
462 578 540 598 meus
568 567 676 596 laudem
705 565 801 593 matris
825 562 1006 598 participahit.

219 606 280 645 iam
295 606 360 644 vero
377 616 477 644 liberos
492 614 648 650 plenissima
662 611 769 638 virtutis
784 609 883 636 femina
901 606 1008 635 monitis

220 668 248 691 et
274 661 511 690 adhortationibus
539 659 689 686 erudiebat.
719 656 751 683 Et
771 655 852 682 modo
880 653 1007 681 rationali

220 707 297 743 virga
307 706 475 742 percutiens,
489 704 570 732 modo
584 703 728 731 sedulitate
738 701 884 730 deducens,
895 705 1007 733 urgens,

221 761 254 781 ac
268 752 421 788 provehens
439 751 472 778 ad
503 749 677 786 perfectiora.
697 747 766 780 Quid
786 745 868 773 inde?
883 744 1008 772 Filiolam

222 798 350 826 roborant
363 788 489 831 stupendi
506 795 602 822 matris
619 801 720 826 mores,
741 800 803 827 qua:
816 798 867 818 nec
890 791 962 818 illam
975 789 1008 816 ad

222 844 341 871 virorum
351 846 527 877 conspecttun
540 839 704 872 adducebat,
714 845 763 866 nec
771 837 887 865 feminea
897 835 1008 863 monilia

221 895 248 917 ot
256 888 386 916 dextralia
401 893 607 922 purpureasque
622 890 711 912 vestes
726 883 814 911 eidem
826 881 983 909 ostendebat
996 889 1003 914 ;

221 935 268 963 sed
280 935 314 961 ad
331 934 457 969 pietatem
478 932 640 966 potiuserga
659 930 744 957 Deum
758 928 922 963 impellebat,
940 926 1005 954 etin

221 980 309 1008 sacris
325 979 435 1006 Litteris
455 977 607 1008 erudiebat,
622 983 755 1012 pauperes
783 973 902 1008 hospitio
931 972 1007 999 exci—

221 1033 285 1060 pere
298 1024 422 1055 docebat,
440 1023 506 1058 quin
521 1022 604 1050 etiam
632 1021 803 1056 leprosorum
827 1019 919 1046 ulcera
944 1024 1007 1052 pro-

224 1071 293 1106 priis
327 1070 456 1097 inanibus
475 1069 588 1104 cogebat
612 1067 777 1100 abstergere.
805 1064 948 1093 Postremo
973 1063 1006 1090 ad

221 1116 306 1144 Deum
321 1116 502 1150 caelestesque
518 1113 734 1149 pulchritudines
753 1119 786 1138 ex
803 1111 845 1138 liis
872 1109 948 1137 humi
963 1118 1008 1136 re-

222 1161 347 1196 pentibus
361 1165 480 1188 mentem
495 1158 590 1195 puella:
599 1157 778 1189 transferens,
790 1155 845 1183 Deo
853 1159 1004 1183 consecrat.

222 1205 257 1233 Et
268 1206 358 1234 lautos
382 1205 492 1240 quidem
515 1205 567 1232 hoc
588 1203 698 1238 optimm
725 1201 897 1229 educationis
925 1208 1007 1235 argu-

222 1254 344 1278 mentum
382 1250 594 1277 commentarios
630 1247 698 1275 milti
726 1246 929 1282 suppeditaret;
960 1245 1007 1272 sed

222 1303 257 1322 ne
278 1303 359 1330 quem
386 1295 511 1323 satietate
537 1302 658 1326 onerem,
673 1293 718 1321 hic
739 1294 846 1320 sistam.
860 1292 948 1320 Unum
969 1295 1009 1318 ta-

224 1347 297 1374 men,
313 1340 388 1374 quod
409 1344 482 1367 recte
511 1339 618 1366 reliceri
649 1338 751 1372 nequit,
774 1337 900 1371 adjiciam
913 1344 920 1362 :
935 1336 1008 1370 quod

224 1384 353 1412 nimirum
385 1383 517 1419 quotidie,
546 1387 690 1418 pestquant
714 1390 744 1409 se
771 1381 849 1408 liberi
878 1381 906 1407 in
932 1381 1010 1407 lectis

223 1434 445 1465 composuerant,
463 1429 534 1456 haud
551 1433 613 1456 ante
627 1429 685 1463 ipsa
702 1428 825 1455 cubitum
844 1427 910 1458 ibat,
927 1434 1008 1461 quam

223 1476 417 1512 superveniens
425 1475 515 1504 crucis
525 1477 603 1510 signo
614 1474 735 1502 membra
746 1474 852 1500 illorum
865 1473 1008 1507 signasset.

223 1520 386 1556 Rursusque
400 1528 462 1548 cum
490 1523 644 1555 surgerent,
660 1525 732 1553 saepe
754 1524 805 1544 nos
831 1516 1010 1544 exstimulans

223 1570 306 1601 atque
320 1566 525 1601 expergiscens.
537 1565 570 1592 ad
583 1571 678 1599 preces
692 1562 872 1597 compellebat
885 1570 892 1588 :
908 1561 1013 1588 scilicet

225 1618 254 1640 ut
268 1620 322 1640 non
335 1612 394 1647 ipsa
410 1616 526 1643 tantum,
537 1610 585 1639 sed
601 1615 629 1638 et
646 1609 704 1641 lilii,
723 1608 771 1636 Dei
786 1607 900 1636 servitio
915 1614 1016 1634 assue-

223 1661 340 1685 soerent.

257 1703 286 1731 5.
301 1703 359 1738 Age
381 1710 445 1730 vero
469 1702 503 1730 de
527 1701 639 1729 famulis
670 1700 881 1735 famulabusque
912 1699 1014 1727 multus

224 1749 292 1776 mihi
315 1755 407 1776 sermo
434 1747 598 1780 oboriretur,
616 1747 639 1775 si
655 1754 793 1782 exponere
819 1745 928 1778 vellem,
946 1752 1016 1780 quo-

225 1795 307 1822 modo
322 1794 384 1821 illos
400 1793 451 1820 sibi
465 1793 636 1820 conciliaret.
653 1792 748 1823 aleret,
763 1795 880 1826 potaret,
892 1790 1014 1822 vestiret,

225 1844 360 1876 quantum
387 1847 468 1866 nemo
494 1838 565 1866 alius
580 1838 623 1865 vel
648 1837 894 1865 clementissimus.
912 1836 1013 1870 Neque,

225 1889 255 1912 ut
272 1885 311 1917 tit,
319 1885 397 1920 panis
406 1888 512 1912 tantum
533 1889 560 1912 ct
573 1883 630 1911 vini
642 1890 674 1910 ae
686 1882 756 1910 lardi
771 1882 899 1909 diurnum
911 1881 1014 1909 victum

226 1931 433 1966 suppeditabat;
451 1931 497 1958 sed
519 1937 591 1966 saepe
605 1934 631 1958 et
660 1929 828 1958 solemnibus
855 1929 1016 1964 plerumque

229 1978 335 2010 diebus,
350 1981 459 2005 recente
481 1984 566 2005 carne
591 1975 738 2007 nutriebat,
754 1975 886 2010 piscibus,
901 1979 927 2002 et
955 1975 1015 2001 alti-

228 2023 313 2057 Iibus,
328 2028 356 2050 et
368 2024 520 2053 mulsorum
549 2021 786 2058 propinationibus
811 2020 895 2055 ;quia
919 2028 1016 2054 nempe

229 2069 301 2097 haud
316 2070 373 2104 ipsa
387 2068 444 2096 sola
460 2068 504 2096 bis
519 2067 572 2095 frui
598 2067 716 2094 volebat.
741 2066 839 2094 Nonne
853 2065 912 2093 haec
927 2065 1016 2092 dilau-

228 2114 319 2142 dauda
336 2118 400 2142 sunt
412 2119 439 2142 et
454 2115 537 2142 rara?
552 2121 643 2142 nonne
659 2112 811 2148 peculiares
828 2116 930 2139 sanctae
944 2111 1017 2138 illius

229 2160 327 2188 animas
351 2160 557 2195 praerogativae?
585 2159 674 2187 Credo
699 2158 827 2194 equidem
847 2158 873 2185 id
889 2157 957 2184 mihi
972 2165 1017 2184 as-

1025 868 1045 893 Β

1056 244 1086 270 τὺ
1100 242 1317 279 παραδοξότατόν
1331 250 1361 269 τε
1375 242 1422 269 καὶ⁵
1444 240 1609 276 δυσεύρητον
1620 249 1628 256 ·
1653 241 1713 273 πῶς
1737 241 1794 276 γὰρ
1812 242 1846 269 ἂν

1057 290 1105 315 καὶ
1118 289 1167 324 οὐχ
1179 287 1335 324 ὁμιλήσειεν
1350 286 1381 313 τὸ
1395 286 1450 321 πῦρ
1465 287 1499 322 τῇ
1517 285 1708 322 παρακειμένῃ
1718 287 1845 324 καλάμῃ.

1057 335 1083 360 ει
1104 334 1141 370 μὴ
1157 334 1305 369 ὑπερφυῶς
1323 335 1381 360 ἐστι
1398 333 1428 359 τδ
1450 333 1610 368 γινόμενον;
1631 333 1678 359 καὶ
1694 334 1719 359 εί
1741 334 1756 360 ὸ
1779 333 1847 364 Boot

1057 379 1108 415 τὴν
1126 379 1204 406 Ῥοὺο
1222 379 1305 410 ἐάσας
1321 379 1460 412 ἀνέπαφον
1477 377 1742 414 συγκαθευδήσασαν
1754 379 1783 405 ὲν
1798 381 1848 415 μιᾷ

1058 425 1137 450 νυκτὶ
1161 425 1330 457 ἐπαινεῖται,
1348 423 1407 454 πῶς
1420 423 1471 450 οὐκ
1493 423 1643 458 ἀμφότεροι
1663 424 1779 455 είκότως
1799 432 1851 450 omo

1058 471 1196 506 φροσύνης
1210 470 1417 504 ἀπενέγκωνται
1432 469 1508 498 κλέος
1518 478 1525 502 ;
1535 469 1605 496 Ἀλλ’
1621 468 1691 496 ἔστω
1704 469 1756 504 μὲν
1769 469 1850 496 τοῦτο

1058 517 1115 542 τοῖν
1138 516 1210 543 δυοῖν
1236 517 1391 551 ὲγκὼιιιονο
1416 515 1626 551 παραπολαύσει
1650 515 1705 551 γὰρ
1729 515 1852 543 ἐνταῦθα

1058 561 1108 587 οὐκ
1125 561 1247 596 ἀκαίρως
1268 561 1315 587 καὶ
1328 561 1342 586 ὸ
1360 561 1505 595 γεννήσας,
1521 560 1568 587 τοῦ
1582 561 1631 595 τῆς
1644 560 1779 596 τεκούσης
1798 561 1851 587 έπ-

1060 605 1146 633 αίνου.
1163 606 1204 632 Τὰ
1219 606 1247 632 δὲ
1261 607 1343 633 τέκνα
1361 607 1377 642 ἡ
1393 607 1546 641 πανάρετος
1570 606 1694 632 παιδεύει
1710 607 1740 633 ἐν
1754 606 1852 633 νουθε-

1060 651 1132 682 σίαις
1165 651 1212 678 καὶ
1239 652 1452 686 παραινέσεων,
1484 651 1523 686 πῆ
1549 651 1601 686 μὲν
1629 651 1721 687 ῥάϐδῳ
1750 651 1851 687 λογικῇ

1060 697 1219 731 πλήσσουσα
1228 716 1237 729 ,
1251 697 1289 732 πῆ
1302 697 1330 724 δὲ
1343 696 1478 733 ἐμμελείᾳ
1492 697 1597 731 ἄγουσα
1610 697 1657 723 καὶ
1671 697 1852 732 προσάγουσα

1060 742 1108 769 καὶ
1122 742 1242 775 αὔξουσα
1263 743 1304 774 είς
1327 742 1362 769 τὰ
1386 743 1604 778 τελεώτερα,Ἐξ
1617 740 1648 770 οὗ
1672 743 1700 769 τί
1723 742 1851 776 ﬂvens;

1060 790 1218 826 καταρτίζει
1232 790 1262 818 τὸ
1285 791 1431 826 θυγάτριον
1451 791 1499 818 καὶ
1522 791 1536 817 ὁ
1555 790 1656 826 τρόπος
1671 790 1850 825 θαυμαστός·

1060 836 1123 864 οὔτε
1138 837 1178 869 εἰς
1195 837 1257 872 ὄψιν
1274 837 1397 874 ἀρρένων
1412 837 1551 873 φέρουσα,
1572 836 1634 864 οὕτε
1649 836 1684 863 τὰ
1699 837 1853 871 γυναικικὰ

1060 882 1198 918 ὲμπλόκια
1214 883 1262 909 καὶ
1278 882 1419 918 περιδέξια
1441 882 1489 909 καὶ
1517 882 1713 917 περιπόρφυρα
1738 882 1852 910 ὑποδει-

1061 927 1180 954 κνύουσα
1191 935 1198 942 ο
1216 927 1285 962 πρὸς
1301 927 1329 954 δὲ
1343 927 1499 954 θεοσέϐειαν
1514 927 1665 960 ἁνάγουσα,
1681 926 1727 953 καὶ
1740 927 1775 953 τὰ
1789 927 1854 962 ιερὰ

1060 974 1214 1010 γράμματα
1229 974 1439 1006 ὲκπαιδεύουσα,
1463 974 1511 1000 καὶ
1527 974 1590 1005 τοὺς
1605 974 1730 1008 πτωχοὺς
1754 973 1854 1000 ὑποδι-

1061 1019 1158 1055 χεσθαι
1179 1019 1379 1047 ὲκδιδάσκουσα
1391 1039 1399 1052 ,
1415 1019 1464 1046 καὶ
1478 1019 1534 1046 τῶν
1551 1019 1646 1046 λωὸῶν
1662 1019 1698 1046 τὰ
1718 1019 1788 1054 ’ἐλκη
1804 1020 1853 1046 ὲκ-

1063 1065 1214 1100 μάσσεσθαι
1235 1065 1403 1101 αὑτοχείρως
1424 1065 1675 1100 ὑπαναγκάζουσα·
1696 1065 1743 1092 καὶ
1756 1065 1852 1098 τέλος,

1061 1112 1101 1147 είς
1123 1110 1190 1138 Θεὸν
1205 1110 1252 1138 καὶ
1266 1111 1300 1138 τὰ
1322 1111 1471 1146 ἐπουράνια
1491 1110 1578 1146 κάλλη
1594 1111 1649 1138 ἀπὸ
1670 1110 1724 1137 τῶν
1744 1110 1853 1137 ἐνθένδε

1061 1157 1242 1192 χαμαιζήλων
1255 1156 1302 1184 τὸν
1325 1157 1387 1184 νοῦν
1409 1156 1457 1183 τοῦ
1482 1156 1576 1191 χορίου
1595 1157 1770 1192 μετάγουσα,
1792 1156 1854 1191 Θεῷ

1061 1201 1233 1238 ἀνατίθησιν.
1252 1202 1336 1229 Ἀλλὰ
1353 1202 1439 1230 πολλά
1461 1210 1494 1238 με
1509 1201 1599 1236 λέγειν
1615 1203 1632 1237 ἡ
1651 1201 1782 1233 ὑπόθεσις
1801 1201 1854 1236 τῆς

1062 1249 1208 1284 καλλίστης
1234 1249 1321 1283 αὐτῆς
1347 1248 1542 1285 παιδοτροφίας
1567 1249 1754 1284 ὑπομνήματα
1780 1256 1855 1284 τιαρ-

1062 1294 1190 1330 εχομένη,
1214 1295 1258 1322 διὰ
1279 1295 1326 1321 τὸν
1353 1295 1433 1330 κόρον
1456 1294 1574 1321 ἐνταῦθα
1594 1295 1701 1329 στήτωο
1725 1293 1740 1320 δ
1764 1293 1794 1320 δέ
1817 1302 1854 1328 με

1062 1341 1224 1367 καταλιπεῖν
1235 1340 1265 1367 οὐ
1276 1340 1369 1372 καλὸν,
1383 1340 1462 1367 τοῦτο
1480 1340 1628 1376 προσθείην
1637 1348 1645 1357 ο
1661 1340 1703 1366 ὅτι
1719 1340 1855 1366 ἑκάστοτε

1065 1387 1135 1421 μετὰ
1148 1387 1178 1413 τὸ
1195 1386 1361 1422 καθευδῆσαι
1377 1387 1441 1418 τοὺς
1457 1386 1571 1419 παῖδας,
1585 1387 1617 1413 οὐ
1632 1386 1742 1417 πάντως
1753 1383 1789 1420 ἦν
1803 1386 1853 1412 αὺ-

1062 1432 1112 1467 τὴν
1127 1432 1321 1468 κοιτασθῆναι,
1339 1433 1404 1467 πρὶν
1420 1432 1453 1459 ἂν
1469 1431 1606 1459 ἀπιοῦσαν
1621 1430 1800 1467 σημειοῦσθαι
1818 1431 1855 1457 τὰ

1065 1478 1140 1513 σφῶν
1159 1478 1228 1513 μέλη
1247 1479 1281 1514 τῇ
1306 1477 1354 1504 τοῦ
1381 1477 1497 1514 σταυροῦ
1524 1477 1671 1513 σφραγῖδι·
1689 1474 1750 1504 εἶτα
1771 1476 1855 1503 πάλιν

1065 1524 1135 1559 μετὰ
1147 1524 1197 1560 τὴν
1213 1524 1323 1560 ἔγερσιν
1336 1524 1373 1556 ὼς
1385 1524 1432 1551 ἐπὶ
1448 1524 1478 1550 τὸ
1493 1524 1561 1551 πολὺ
1575 1524 1725 1551 νύσσουσαν
1741 1523 1790 1550 καὶ
1803 1523 1856 1556 ἁφ-

1066 1570 1204 1598 υπνοῦσαν
1218 1571 1292 1606 ἡμᾶς
1305 1571 1352 1597 καὶ
1363 1571 1431 1607 πρὸς
1447 1570 1601 1606 προσευχὴν
1613 1569 1854 1606 προτρεπομένην,

1067 1616 1110 1641 ἵνα
1134 1614 1172 1649 μὴ
1197 1614 1278 1650 μόνον
1300 1615 1408 1650 ἐκείνη,
1423 1615 1492 1642 ἀλλὰ
1506 1615 1555 1642 καὶ
1568 1614 1700 1642 τὰτέκνα
1723 1614 1784 1650 Θεῷ
1805 1614 1855 1641 λα·

1066 1659 1173 1695 τρεύειν
1188 1659 1380 1687 παιδεύωνται.

1101 1705 1134 1732 ε’.
1157 1706 1191 1732 ’Δ
1208 1705 1238 1732 δὲ
1250 1705 1316 1741 περὶ
1331 1705 1435 1732 δούλων
1449 1706 1496 1732 καὶ
1507 1705 1647 1738 δουλίδων,
1663 1706 1749 1738 πολὺς
1771 1706 1787 1733 6
1809 1705 1856 1734 λό-

1065 1757 1125 1783 γος,
1151 1749 1307 1785 βουλομένῳ
1332 1758 1378 1786 μοι
1399 1749 1525 1785 φράζειν,
1541 1750 1593 1776 ὅσα
1606 1750 1697 1784 ἐκείνη
1714 1750 1854 1786 ὠμήριτο.

1065 1796 1225 1831 διέτρεφεν,
1249 1796 1389 1828 ἐπότιζεν,
1415 1796 1601 1830 ένεδίδυσχεν,
1618 1797 1656 1828 ὡς
1674 1797 1763 1829 οὐδεὶς
1785 1798 1856 1825 πολὺ

1065 1840 1119 1867 τῶν
1133 1841 1234 1874 ἄλλων,
1248 1841 1297 1868 καὶ
1307 1842 1331 1868 εί
1345 1841 1406 1869 λίαν
1419 1841 1620 1878 φιλανθρώπων
1630 1851 1637 1859 ·
1650 1843 1699 1878 οὐχ
1708 1843 1747 1874 ὡς
1760 1843 1857 1878 ἔτυχεν

1065 1887 1141 1922 ἄρτῳ
1157 1888 1204 1914 καί
1220 1888 1285 1923 οίνῳ
1303 1887 1350 1915 καὶ
1364 1887 1455 1923 λάρδῳ
1478 1887 1650 1924 δεξιουμένη,
1666 1889 1697 1915 τὸ
1710 1890 1857 1925 ἑφημερή-

1066 1941 1123 1960 σιον
1136 1934 1302 1968 σιτηρέσιον,
1319 1933 1388 1960 ἀλλὰ
1400 1933 1543 1969 πολλαχῶς
1559 1934 1607 1960 καὶ
1621 1935 1650 1960 ὲν
1663 1935 1857 1969 ὲορταστιχαίς

1064 1979 1194 2016 ἡμέραις,
1211 1979 1260 2006 καὶ
1277 1979 1428 2016 προσφάτῳ
1441 1979 1519 2015 κρέει
1530 1979 1724 2015 διατρέφουσα,
1738 1979 1816 2015 ὄψοις
1825 1989 1857 2007 τε

1065 2027 1114 2053 καὶ
1127 2026 1232 2062 ὀρνέοις
1257 2026 1306 2054 καὶ
1320 2026 1531 2061 καρυκευτικοϊς
1554 2025 1741 2060 προπόμασιν,
1754 2025 1788 2062 ρὺ
1806 2025 1857 2059 φέ-

1068 2059 1153 2106 ρουσα
1164 2072 1213 2107 τὴν
1229 2071 1284 2098 τῶν
1307 2059 1441 2098 τοιούτων
1466 2059 1618 2106 μετάληψιν
1631 2071 1673 2105 ἐφ’
1688 2059 1790 2105 eam?“
1806 2071 1857 2106 μό-

1067 2125 1115 2152 νης
1132 2117 1292 2153 ῑσταμένην.
1305 2114 1369 2152 Ἆρ’
1382 2116 1434 2143 οὐκ
1456 2115 1590 2143 ἐπαινετὰ
1610 2116 1697 2144 ταῦτα
1715 2116 1762 2143 καὶ
1785 2115 1856 2149 ξενὶ-

1068 2163 1161 2196 ζοντα,
1175 2162 1224 2189 καὶ
1244 2162 1294 2197 τῆς
1307 2161 1388 2196 ἁγίας
1408 2160 1498 2196 ψυχῆς
1514 2159 1624 2194 ἐκείνης
1637 2160 1856 2196 προτερήματα;

229 2206 384 2233 scntiemini
419 2210 554 2241 quotquot
582 2205 694 2233 auditis.
726 2204 779 2231 Sed
809 2204 875 2231 illud
905 2210 1011 2239 quoque

1069 2210 1227 2246 συμφήσετε
1243 2207 1292 2236 οἶδ’
1304 2210 1346 2235 ὅτι
1361 2209 1386 2236 oi
1402 2207 1601 2243 ὲνωτιζόμενοι.
1622 2207 1692 2234 Ἀλλ’
1705 2207 1803 2242 ἔμοιγε
1826 2206 1858 2235 εὖ

229 2255 302 2279 recte
317 2259 361 2278 me
376 2251 514 2278 dicturum
531 2256 607 2286 pttto,
631 2250 704 2286 quod
723 2250 806 2277 etiam
823 2249 1013 2281 minitabatur,

230 2298 394 2333 corrigebat,
421 2301 449 2325 et
478 2297 614 2332 praecipue
640 2296 801 2324 domesticis
830 2295 915 2331 (quod
941 2294 1015 2322 haud

229 2344 289 2371 scio
305 2348 397 2370 utrum
412 2343 477 2370 vitio
490 2349 524 2369 an
543 2342 616 2370 laudi
633 2342 747 2374 vertam)
765 2341 861 2376 alapas
876 2339 1012 2374 impinge-

231 2389 287 2421 bat,
311 2388 474 2424 obiurgabat
487 2395 535 2415 eos
551 2393 575 2415 et
594 2387 756 2414 verberabat
773 2396 779 2413 :
805 2386 870 2421 quia
887 2386 946 2413 haec
967 2385 1017 2412 bo-

231 2434 346 2462 nestatis
358 2434 486 2461 docendae
502 2441 593 2465 causa,
614 2441 629 2460 a
645 2432 725 2460 furtis
751 2431 932 2464 absterrendi,
949 2430 1018 2457 alia-

231 2487 349 2521 rumque
365 2480 497 2508 virtutum
518 2479 609 2508 studio
630 2479 748 2512 ﬁebant;
773 2477 888 2513 ejusque
904 2477 1018 2504 rectitu-

231 2528 305 2557 dinis
317 2537 413 2557 amans
432 2529 541 2556 animus
563 2528 705 2556 iracundia
729 2528 938 2563 percellebatur,
955 2535 1017 2555 cum

231 2580 259 2603 et
271 2575 373 2612 alioqui
402 2576 468 2604 satis
499 2575 626 2603 irritabili
659 2579 757 2601 natura
787 2579 871 2606 esset,
896 2574 954 2601 zelo
971 2573 1018 2601 Dei

232 2627 304 2657 Saepe
318 2625 490 2657 compuncta.
510 2619 609 2648 Verum
626 2619 721 2648 eadem
738 2624 799 2654 post
815 2618 1019 2646 verberationes

233 2669 390 2696 cubiculum
418 2675 498 2695 suum
526 2667 659 2702 ingressa,
684 2666 736 2693 sibi
752 2673 835 2700 genas
850 2665 974 2700 pulsans,
993 2669 1020 2692 et

235 2715 338 2742 utinam
357 2713 470 2740 doleas!
495 2712 547 2739 sibi
564 2711 668 2745 dicens,
682 2715 764 2746 atque
780 2711 813 2738 ad
831 2711 1019 2746 poettitentiam

235 2759 345 2792 inﬂexa,
357 2762 456 2786 vocata
470 2758 503 2785 ad
519 2765 548 2785 se
561 2765 622 2792 qua:
634 2757 809 2792 vapulaverat
821 2757 934 2788 famula.
951 2756 1020 2784 ﬂexo

236 2813 306 2840 genu
323 2803 432 2832 Veniam
453 2803 572 2839 petebat.
599 2803 757 2831 Osanctam
781 2803 1018 2838 resipiscentiaml

236 2851 313 2879 (terte
329 2851 352 2879 si
369 2851 439 2880 forte
461 2851 561 2886 aliquis
586 2850 676 2886 priora
704 2849 910 2884 vitnperarerit,
925 2849 947 2877 is
963 2849 1021 2876 lucc

1070 2256 1103 2283 ἂν
1122 2256 1180 2291 ἔχοι
1201 2255 1270 2290 πρὸς
1292 2254 1396 2286 τούτοις
1415 2254 1520 2288 εἰπεῖν,
1538 2254 1580 2280 ὁτι
1600 2253 1647 2280 καὶ
1664 2253 1790 2288 ἠπείλει,
1811 2254 1860 2281 καὶ

1069 2301 1245 2337 ὴσφαλίζετο,
1256 2300 1304 2327 καὶ
1319 2300 1436 2335 μάλιστα
1450 2301 1505 2331 τοῖς
1516 2298 1632 2334 ἐγγύθεν
1647 2299 1708 2335 (οὐχ
1723 2296 1773 2326 οἵδ’
1788 2300 1804 2327 δ
1821 2309 1860 2332 τι,

1070 2348 1100 2374 ὲν
1114 2347 1193 2382 μέρει
1209 2346 1294 2380 ψόγου
1310 2346 1328 2380 ἢ
1345 2345 1458 2372 ἐπαίνου
1475 2343 1608 2380 ϐήσομαι)
1619 2344 1649 2371 τὸ
1662 2344 1710 2370 καὶ
1723 2345 1860 2380 ιρῤάπιξε

1070 2393 1119 2419 καὶ
1143 2392 1286 2428 έφύϐριζε,
1307 2392 1356 2419 καὶ
1376 2391 1550 2427 προσέτυπτε
1564 2390 1609 2417 διὰ
1621 2390 1652 2417 τὺ
1666 2390 1738 2425 ὑπὲρ
1751 2399 1860 2426 σωφρο-

1071 2438 1155 2474 σύνης
1167 2438 1216 2465 καὶ
1240 2438 1374 2469 ἀκλοπίας
1398 2437 1447 2464 καὶ
1461 2437 1545 2472 ἄλλης
1560 2436 1663 2471 ἀρετῆς
1677 2436 1766 2463 ταῦτα
1787 2437 1862 2471 γίνε-

1073 2483 1150 2515 σθαι,
1172 2483 1218 2510 καὶ
1239 2481 1278 2518 τῷ
1306 2481 1385 2518 θυμῷ
1410 2482 1563 2515 ὲπλήσσετο
1584 2482 1601 2516 ή
1628 2481 1861 2516 σπουδαιὸψυχος,

1071 2529 1165 2565 ἐπειδὴ
1180 2529 1227 2556 καὶ
1241 2529 1348 2564 φύσεως
1358 2527 1392 2564 ἦν
1407 2527 1548 2563 ὀξυτέρας.
1563 2527 1638 2563 ζήλῳ
1648 2527 1716 2554 Θεοῦ
1729 2527 1764 2554 τὰ
1778 2529 1863 2555 πολλὰ

1071 2576 1303 2611 τιτρωσκομένης.
1315 2575 1437 2610 Ἐκείνης
1453 2574 1481 2600 δέ
1503 2574 1577 2601 ἐστιν
1592 2574 1623 2600 τὺ
1645 2573 1714 2608 μετὰ
1737 2575 1769 2600 τὺ
1785 2583 1861 2601 τετυ-

1073 2622 1154 2656 φέναι
1170 2621 1364 2656 είσερχομένης
1381 2621 1420 2652 εἰς
1435 2620 1480 2646 τὸν
1497 2619 1684 2652 κοιτωνίσκον,
1699 2619 1748 2646 καὶ
1763 2620 1864 2657 ἑαυτῆς
1883 2624 1886 2627 ‘

1073 2667 1292 2702 ἀντιτυπτούσης
1307 2667 1356 2698 τὰς
1370 2667 1501 2702 παρειὰς,
1516 2666 1547 2693 El
1563 2665 1686 2701 πονοίης,
1703 2666 1791 2702 ἑαυτῇ
1804 2667 1863 2694 ἑπι-

1073 2711 1218 2746 λεγούσης,
1234 2711 1288 2737 κάκ
1301 2711 1396 2738 τούτου
1415 2710 1640 2745 ὰνακοπτομένης
1654 2711 1722 2746 πρὸς
1742 2712 1864 2747 μετάμεε

1073 2757 1130 2791 λον,
1156 2757 1203 2784 καὶ
1226 2757 1275 2792 τὴν
1297 2758 1446 2792 τυφοεῖσαν
1460 2757 1704 2793 προσκαλουμένης
1720 2758 1768 2784 καὶ
1784 2767 1863 2792 γονυ-

1074 2803 1222 2838 πετούσης,
1240 2804 1287 2830 καὶ
1303 2803 1497 2838 ἑξαιτουμένης
1515 2803 1700 2839 συγχώρησιν.
1715 2802 1771 2829 Καὶ
1782 2803 1806 2829 ὼ
1817 2804 1863 2836 τῆς

1076 2849 1190 2884 εὖαγοῦς
1206 2849 1438 2882 έπανακλὴσεωςί
1455 2849 1505 2878 κᾶν
1527 2849 1581 2885 γὰρ
1601 2849 1631 2876 τὸ
1652 2849 1788 2884 πρότερον
1808 2850 1863 2883 ὂοίη
