1924 3077
85 140 140 172 €89
372 138 516 170 ORATIO
530 137 618 169 XIII.
633 151 668 156 —
685 138 880 171 LAUDATIO

899 140 1095 173 FUNEBRIS
1126 143 1167 173 IN
1185 144 1346 175 MATREM
1360 146 1477 178 SUAM.
1682 149 1734 181 890

86 205 131 228 τις
144 194 396 232 κατηγορούμενον,
405 195 476 222 ἀλλά
483 203 515 230 γε
529 195 560 222 τὸ
572 194 700 231 δεύτερον
714 196 876 231 παραδόξως

934 199 1090 226 mirabiliter
1103 199 1176 228 facta
1187 201 1327 236 posterius
1350 203 1567 231 commendabit.
1585 203 1631 233 Sic
1647 208 1732 234 metui

87 243 242 279 μνόμενον,
261 243 276 269 ό
291 241 373 273 αὐτὸς
385 242 557 269 ἐπαινέσειεν
568 250 575 256 ·
591 242 653 269 ὅθεν
669 243 717 269 καὶ
736 242 881 278 κεράσασα

85 289 126 325 τῷ
148 289 225 324 φόϐῳ
249 289 297 316 τὸν
321 288 412 321 ἐλεον,
438 288 488 316 καὶ
511 288 676 324 στέργεσθαι
697 289 764 325 παρ’
789 289 882 317 αὐτῶν

85 336 268 371 ἐγνωρίζετο,
283 335 332 362 καὶ
357 336 486 371 φρουρεῖν
501 335 588 367 αὐτὰς
604 335 673 371 πρὸς
690 335 881 371 σωφρονισμὸν

85 382 264 409 ὑπεδείκνυτο
271 389 278 396 ·
286 382 334 408 καὶ
353 380 527 416 ἑκατέρωθεν
539 381 570 408 τὸ
580 381 728 416 κράτιστον
737 381 880 417 ἐκέκτητο.

90 429 247 463 ’Δγάπησιν
259 428 289 454 δέ
302 427 380 463 παρὰ
393 427 450 454 τῶν
458 426 683 461 γειτνιαζουσῶν,
692 427 881 463 ἐλεημοσύνην

83 475 113 502 δὲ
126 475 196 511 πρὸς
210 475 273 506 τοὺς
289 474 402 506 ἐνδεεῖς,
417 473 460 505 τίς
475 472 646 509 ὑπερέϐαλεν
661 473 786 508 ἐκείνην;
805 473 882 508 ἐχου-

85 530 137 549 σαν
161 521 193 548 τὺ
219 521 268 556 μὲν
290 520 323 547 ἐκ
352 519 400 547 τοῦ
421 518 652 555 συμμετριάζειν,
681 519 801 555 μάλιστα
819 521 881 552 ταῖς

85 566 313 602 ὐποδεεσ-τέραις·
329 566 360 593 τὺ
370 565 400 593 δὲ
415 566 447 592 ἐκ
460 565 508 592 τοῦ
527 565 600 600 ἄγαν
617 565 810 601 συμπαθοῦσα,
827 566 879 593 κᾶν

84 614 148 640 ὅσον
160 613 192 641 τὸ
208 613 319 648 δαψιλὲς
339 612 390 647 τῆς
412 612 586 647 προθέσεως,
600 611 650 639 οὐκ
666 612 710 639 εἴα
730 611 881 648 προφαίνε-

85 660 149 687 σθαι
158 660 175 694 ἡ
192 658 339 694 μετριότης
352 658 402 693 τῆς
416 657 573 693 ὑπάρξεως.
595 657 669 693 Πλὴν
683 657 820 694 μάρτυρες
830 658 880 693 τῆς

84 703 217 739 ἀληθείας
231 703 256 729 ot
268 702 363 729 πολλοὶ.
374 701 422 729 καὶ
433 701 564 733 πολλάκις
574 702 622 729 καὶ
638 702 773 737 ἀποτεταγ
780 702 880 738 μένως,

83 749 201 785 ὀρφανοί
215 757 247 776 τε
261 748 308 776 καὶ
324 748 420 784 χῆραι,
429 747 500 782 ξένοι
516 756 546 774 τε
559 748 607 775 καὶ
621 747 795 784 αὐτόχθονες,
804 756 881 775 νοσε-

85 797 128 833 ροί
143 805 174 824 τι
185 796 232 824 καὶ
245 796 385 832 γέροντες,
397 795 445 822 καὶ
458 795 483 822 οί
498 795 547 829 τῆς
560 795 636 830 ἱερᾶς
646 795 727 822 νόσου
737 795 878 831 λαχόντες,

84 842 163 878 παρὰ
183 842 233 877 τῆς
249 841 445 877 πτωχοτρόφου
468 840 561 873 δεξιᾶς
577 841 803 876 θεραπευόμενοι.
824 843 880 870 Καὶ

83 890 152 925 γοῦν
167 890 215 916 καὶ⁸
230 889 311 916 τοῦτο
326 888 414 923 αὐτῆς
438 888 470 915 τὸ
495 888 646 922 ἐξαίρετον,
670 889 701 915 τδ
721 888 879 916 σύνδειπνον

84 936 135 963 καὶ
148 932 338 970 ὁμοτράπεζον
356 933 402 959 τὸν
417 933 537 969 Χριστὸν
558 933 643 968 ἔχειν.
660 934 743 969 ἡνίκα
760 935 881 970 μάλιστα

85 982 178 1018 ταιρῆν
192 980 289 1016 καιρὸς
311 979 358 1007 τοῦ
383 979 535 1015 ἑορτάζειν.
559 979 653 1006 Ταῦτα
671 980 702 1007 οὑ
725 981 814 1016 μικρά
835 989 880 1016 μοι

84 1027 285 1063 καταφαίνεται
298 1028 355 1059 τοῖς
383 1026 569 1062 προληφθείσι
581 1027 620 1062 τῷ
634 1027 718 1062 γάμῳ
739 1027 808 1062 πρὸς
826 1037 879 1054 σω-

83 1074 185 1110 τηρίας
200 1073 350 1109 ἐφόδισν,εί
364 1073 413 1099 καὶ
428 1071 468 1099 ἔτι
478 1072 570 1099 λέγειν
588 1073 640 1099 οὐκ
653 1073 753 1108 ἔχομεν
769 1072 881 1108 μείζονα

85 1122 152 1157 περὶ
167 1121 218 1156 τῆς
236 1119 463 1155 εὐφημουμένης.

121 1167 162 1200 ς’.
183 1165 338 1201 Τοιγαροῦν
352 1165 448 1199 ἐπειδὴ
463 1164 580 1200 ἧνεγκεν
604 1165 618 1190 ὸ
639 1164 737 1200 καιρὸς
759 1165 810 1200 τὴν
833 1164 880 1192 τοῦ

86 1213 235 1249 μοναδικοῦ
249 1212 392 1248 σχήματος
413 1210 576 1246 ἀνάκλησιν,
589 1210 632 1242 τίς
647 1211 702 1246 πρὸ
719 1211 829 1245 ἐκείνης
840 1211 879 1246 ,ηῆ

85 1259 235 1292 ὑπεδέξατο
251 1257 319 1289 τοὺς
330 1256 451 1292 Χριστοῦ
467 1256 642 1291 θεραπευτὰς
652 1275 660 1286 ,
681 1256 697 1292 ἥ
721 1255 880 1292 ἐξενοδόχη-

86 1314 145 1338 σεν,
168 1305 185 1340 ἢ
205 1304 412 1340 ἐθεράπευσεν,
443 1302 563 1337 μάλιστα
580 1301 628 1328 καὶ⁵
651 1302 684 1328 ἐκ
708 1302 756 1328 τοῦ
779 1302 880 1328 οἰκείου

85 1349 203 1384 ἁδελφοῦ
219 1347 404 1383 συνελκομένη
416 1356 426 1380 ς
439 1347 523 1374 Ὅθεν
533 1347 577 1374 ἵνα
590 1347 625 1374 τὰ
641 1346 726 1374 πολλὰ
741 1348 879 1382 συντέμω,

85 1397 126 1428 εἰς
141 1395 225 1422 πόθον
244 1394 361 1421 ἐλθοῦσα
375 1394 425 1428 τῆς
438 1393 595 1429 ἀπητικῆς
617 1393 703 1429 ζωῆς,
725 1393 817 1420 πείθει
835 1393 880 1420 τὸν

85 1441 184 1476 ἄνδρα.
208 1439 355 1475 συμπείθει
378 1439 443 1470 τοὺς
458 1438 557 1469 παῖδας
577 1438 690 1469 πολλαῖς
706 1438 880 1474 ἐπιμελείαις

86 1486 135 1513 καὶ
148 1484 303 1516 νουθεσίαις
322 1484 370 1511 καὶ
386 1483 578 1518 ὑποσχέσεσιν,
594 1482 694 1510 ἔπειτα
709 1483 773 1515 τοὺς
787 1483 816 1516 ἐξ
834 1484 880 1510 ἀν-

85 1532 151 1568 δρὸς
165 1530 297 1566 ἀδελφούς
308 1539 316 1546 ·
333 1531 381 1557 καὶ
392 1531 427 1557 τὰ
444 1529 534 1556 πάντα
545 1528 579 1556 εὖ
593 1529 752 1565 διαθεμένη,
770 1529 880 1565 ἐξέρχε-

85 1587 132 1606 ται
153 1577 204 1613 τῆς
225 1577 324 1608 οίκίας,
339 1575 427 1610 δῆμον
452 1575 514 1602 ὅλον
528 1574 568 1610 τῷ
581 1574 644 1610 Θεῷ
658 1575 878 1610 παραστήσασα·

85 1624 206 1658 τέτταρα
231 1622 281 1657 μὲν
302 1620 339 1649 τὰ
360 1621 446 1648 τέκνα
462 1621 516 1656 (3),
542 1621 620 1656 τρεῖς
643 1622 706 1652 τοὺς
731 1622 760 1655 ἐξ
783 1621 881 1657 ἀνδρὸς

85 1669 219 1704 ἀδελφοὺς
233 1669 283 1704 (ι),
297 1668 344 1695 καὶ
362 1667 422 1702 μεθ1
447 1668 548 1703 ἐαυτῆς
564 1668 616 1704 τὴν
632 1668 766 1703 κεφαλήν.
785 1668 817 1694 Ὢ
829 1668 880 1702 τῆς

86 1715 245 1751 Θαυμασίας
259 1714 456 1749 καινοτομίαςι
470 1714 493 1741 ὣ
504 1714 555 1749 τῆς
573 1715 725 1750 παραδόξου
741 1715 880 1749 μεταστά-

86 1762 171 1794 σεωςί
181 1761 268 1788 Τοῦτο
282 1760 386 1794 ἐξένισε
401 1760 452 1796 μὲν
467 1760 538 1788 κατά
552 1761 602 1796 τὴν
615 1761 723 1796 ἡμέραν
736 1760 786 1796 τὴν
802 1760 880 1795 βασι-

85 1808 157 1838 λίδα,
171 1806 304 1841 ἐξέπληξε
318 1806 347 1833 δὲ
363 1806 413 1838 τὰς
431 1805 592 1840 συγγενίδας
604 1826 613 1838 ,
629 1805 773 1841 ἐθάμὸησε
786 1805 815 1831 δὲ
829 1806 880 1837 τὰς

85 1851 262 1888 γνωρίμους.
283 1851 430 1883 κατάνυξεν
454 1850 484 1878 δέ
505 1850 538 1877 οὐ
559 1852 639 1883 μόνον
662 1852 726 1883 τοὺς
740 1851 878 1884 ὁρῶντας,

85 1897 155 1930 άλλὰ
166 1898 215 1924 καὶ
226 1896 387 1928 ἀκούοντας.
403 1896 445 1923 ὃτι
466 1896 586 1931 συζυγία
607 1896 647 1922 ἔτι
669 1895 878 1932 μεσηλικιοῦσα,

85 1943 301 1980 αὐταρκουμένη
315 1951 345 1970 τε
361 1944 433 1970 κατὰ.
446 1942 492 1969 τὸν
507 1942 576 1978 βίον,
592 1942 730 1977 ἀξιώματι
745 1941 879 1978 βασιλικῷ

85 1990 135 2017 καὶ
151 1989 323 2025 ταμιευτικῷ
344 1987 488 2023 τιμωμένη
501 2008 509 2020 ,
527 1988 592 2019 τοὺς
616 1988 714 2019 παῖδας
729 1987 883 2026 ἡλικιώτας

84 2036 188 2070 ἔχουσα
199 2055 207 2067 ,
230 2034 280 2069 οὺχ
298 2033 394 2069 εἴλχθη
413 2033 462 2068 μὲν
478 2032 518 2067 τῷ
532 2032 634 2059 τούτων
648 2033 753 2068 φίλτρῳ
765 2053 773 2066 ,
789 2033 820 2059 οὺ
839 2033 880 2067 τῷ

85 2080 248 2107 καταλιπεῖν
260 2079 383 2114 διάδοχον
397 2078 445 2106 τοῦ
460 2079 566 2113 γένους,
588 2079 650 2106 οὐδὲ
664 2079 704 2114 τῷ
717 2079 815 2114 αἵματι
829 2079 880 2114 τῆς

85 2126 259 2162 ἀγχιστείας,
273 2125 304 2153 οὗ
311 2135 336 2153 τε
352 2127 385 2161 τῇ
403 2127 452 2161 τῆς
465 2125 555 2157 οἰκίας
570 2126 810 2161 ἀποστερήσει,οῠ
824 2125 880 2160 μὴν

83 2171 147 2199 Lm
159 2173 194 2208 τῇ
211 2172 262 2207 τῆς
274 2171 424 2207 θεραπείας
437 2171 615 2207 ἀλλοτριώσει
629 2178 636 2186 ·
647 2171 704 2198 ἀλλ’
716 2171 812 2207 ξρριψε
829 2171 880 2206 μὲν

84 2219 135 2250 τὰς
151 2219 185 2245 ἐκ
205 2217 337 2253 βασιλέων
351 2217 435 2252 τιμὰς
445 2237 453 2250 ,
468 2217 646 2253 κατεπάτησε
663 2217 692 2244 δέ
706 2217 741 2244 τὰ
754 2217 801 2244 τοῦ
821 2216 879 2253 βίου

87 2264 211 2301 τερπνὰ,
221 2264 329 2299 διέκοψε
341 2273 373 2291 τε
386 2265 419 2300 τῇ
438 2265 485 2291 τοῦ
501 2264 658 2300 πνεύματος
677 2265 801 2300 μαχαίρᾳ
815 2265 881 2291 ἐαυ-

90 2311 140 2346 τὴν
160 2312 194 2337 ἐκ
211 2310 267 2337 τῶν
282 2310 421 2344 σαρκικῶν
436 2311 566 2345 σχέσεων,
583 2310 630 2337 καὶ
644 2310 679 2337 τὰ
693 2310 808 2342 δόξαντα
822 2309 882 2345 Θεῷ

87 2358 218 2392 πέπραχε
234 2356 456 2392 μεγαλοσούλως.
477 2357 510 2383 Ὦ
522 2358 572 2392 τῆς
588 2356 773 2392 ’Δᾶραμιαίας
791 2356 882 2391 ψυχῆς

86 2405 124 2436 ὡς
138 2403 252 2439 ἀληθῶς
261 2403 310 2431 καὶ
322 2403 548 2440 ἀνδρειόφρονοςί
562 2403 683 2435 Είκὸτως
695 2403 730 2430 ἄν
745 2411 788 2435 τις
797 2403 882 2438 αὐτὴν

87 2449 159 2483 μετὰ
173 2450 224 2484 τῆς
239 2449 441 2485 Μακκαϐαῖκῆς
456 2449 574 2484 ἀρίστης
591 2449 695 2486 μητρὸς
712 2449 882 2481 συντάξειεν,

87 2495 211 2521 θύσασαν
224 2496 258 2530 τῇ
271 2495 410 2531 ἀσκητικῇ
426 2495 541 2530 ἀθλήσει
557 2495 606 2527 τὰς
623 2495 721 2526 ὠδῖνας
731 2503 738 2510 ·
750 2496 798 2522 καὶ
814 2495 884 2530 μετὰ

88 2542 193 2576 ’Δννης
214 2541 265 2576 τῆς
282 2541 495 2576 Σαμουηλίτιδος
507 2561 514 2572 ,
530 2542 580 2577 οὐχ
594 2541 644 2568 ἐνα
657 2541 702 2568 τὸν
717 2541 746 2574 ἐξ
762 2542 884 2575 ἐπαγγε-

87 2586 159 2619 λίας,
176 2586 235 2613 ἀλλ’
251 2587 312 2614 ὃλον
335 2587 381 2613 τὸν
402 2587 508 2623 καρπὸν
523 2587 609 2623 αὐτῆς
630 2587 825 2622 ἀφιερώσασαν
844 2587 884 2622 τῷ

89 2633 196 2668 Κυρίῳ.
223 2633 382 2668 Χαρίσομαι
399 2633 509 2668 sum
524 2634 582 2665 τοῖς
598 2634 749 2669 ἀκροαταῖς
766 2634 837 2669 τάχα
856 2642 884 2662 τι

87 2679 250 2714 ὁσιώτερον,
266 2679 373 2706 καὶτὸν
387 2680 436 2714 τῆς
453 2679 594 2711 ἐκϐάσεως
612 2680 698 2714 αὐτῆς
719 2680 820 2715 τρόπον
844 2679 884 2706 δι-

86 2725 277 2760 ηγησάμενος.
292 2725 356 2752 Ἐπὶ
366 2725 421 2760 γὰρ
428 2726 460 2760 τῇ
470 2725 611 2761 ὡρισμένῃ
619 2725 670 2761 τὴν
679 2725 768 2752 οἰκίαν
777 2725 886 2762 ἐξαλλά-

125 2793 165 2827 (5)
186 2781 307 2828 ΝειηροΔ
317 2792 498 2825 Theodorus,
519 2792 657 2828 Josephus
680 2797 776 2827 postea
804 2793 880 2828 arch.

88 2827 209 2864 Τειθδς,,
230 2827 418 2864 rEuthymins,
446 2833 474 2856 ct
501 2828 555 2856 lilia
585 2827 659 2861 una,
685 2828 717 2856 de
737 2835 795 2863 .qua
826 2827 881 2863 jam

86 2871 181 2890 sermo
198 2863 259 2890 fuit.

931 244 1155 273 misericordiam
1185 246 1355 280 admiscens,
1384 253 1411 276 et
1446 248 1480 276 ab
1503 249 1613 278 ancillis
1639 251 1731 286 palam

932 291 1087 325 amabatur,
1123 296 1151 320 et
1180 292 1290 320 illarum
1322 301 1353 322 se
1381 295 1523 322 custodire
1555 295 1730 324 honestatem

932 338 1124 366 monstrabat:
1149 342 1178 365 et
1190 346 1248 366 rem
1267 343 1414 374 utramque
1430 341 1562 374 optimam
1578 343 1730 372 obtinebat.

931 381 991 410 Jam
1007 391 1102 412 amore
1124 392 1187 419 erga
1214 385 1442 420 circumstantes,
1457 391 1485 414 et
1506 388 1682 424 cleemosyna
1696 390 1730 417 ad

932 438 1043 465 egenos,
1069 431 1133 466 quis
1158 439 1219 459 eam
1242 433 1404 467 superavit?
1429 432 1462 461 Et
1479 441 1558 461 amor
1569 435 1680 469 quidem
1696 443 1730 462 ex

931 475 994 508 ejus
1020 476 1212 503 moderatione
1239 477 1399 511 apparebat.
1422 479 1577 512 praesertim
1605 487 1671 514 erga
1688 479 1731 507 in-

933 520 1067 549 firmiores
1083 530 1090 548 :
1107 521 1296 550 misericordia
1312 528 1406 550 autem
1422 531 1455 551 ex
1472 524 1532 558 ejus
1547 524 1635 552 nimia
1655 533 1732 553 com-

932 566 1086 600 passione:
1118 574 1279 602 quanquam
1306 568 1457 596 voluntatis
1488 569 1572 604 hujus
1597 571 1726 603 copiam,

931 611 1092 639 facultatum
1119 617 1277 640 nostrarum
1304 613 1483 642 mediocritas
1509 615 1640 651 eii'ulgere
1671 625 1726 645 non

931 657 1049 685 sinebat.
1078 658 1131 685 Sed
1154 663 1245 685 tamen
1269 663 1356 687 testes
1382 660 1507 688 veritatis
1523 666 1588 689 sunt
1604 662 1682 689 multi
1700 667 1728 690 et

931 710 1122 738 saepenumero
1132 708 1160 731 el
1172 704 1284 732 statutis
1295 705 1412 737 vicibus,
1441 706 1557 741 orphani
1581 715 1613 736 ac
1628 708 1727 741 vidum,

931 749 1069 784 peregrini
1092 753 1120 776 et
1142 749 1290 784 indigenae,
1311 751 1406 785 aegroti
1434 759 1466 780 ac
1488 760 1579 787 senes,
1603 758 1631 781 et
1649 762 1729 782 sacro

931 795 1028 824 morbo
1043 796 1173 831 correpti,
1190 796 1236 831 qui
1253 796 1314 831 ejus
1340 798 1449 825 nutriCe
1473 806 1627 834 pauperum
1643 808 1725 828 manu

931 840 1017 876 adjuti
1044 841 1166 869 fuerunt.
1194 843 1283 878 Atque
1304 843 1356 871 hoc
1372 845 1456 872 etiam
1473 846 1612 873 excellens
1638 847 1665 874 in
1690 855 1723 875 ea

895 875 996 920 Bfuit,
1019 887 1092 922 quod
1119 875 1263 917 convivam
1289 890 1315 917 in
1343 898 1438 918 mensa
1465 891 1566 919 habere
1583 892 1727 921 Christum

933 933 1089 968 (pauperem
1108 934 1241 969 aliquem)
1261 936 1413 971 praesertim
1440 940 1566 971 tempore
1594 938 1727 966 solemni-

933 979 1008 1012 tatis,
1022 979 1102 1007 solita
1122 980 1184 1007 fuit.
1206 981 1269 1009 Haec
1284 981 1358 1009 haud
1374 981 1445 1008 levis
1462 982 1529 1009 mihi
1549 983 1680 1010 videntur
1697 984 1724 1011 in

932 1024 966 1052 iis
983 1025 1031 1059 qui
1048 1025 1198 1060 nuptialem
1215 1030 1317 1054 statum
1336 1027 1369 1054 ad
1384 1027 1483 1054 salutis
1506 1027 1637 1055 viaticum
1655 1036 1727 1063 prae-

931 1074 1130 1105 sumpserunt;
1156 1071 1264 1099 etiamsi
1286 1071 1357 1098 forte
1377 1072 1482 1106 majora
1499 1072 1554 1100 alia
1569 1072 1604 1100 de
1616 1073 1667 1101 hac
1681 1073 1728 1101 he-

931 1117 1038 1144 nedicta
1052 1116 1153 1144 femina
1169 1117 1261 1145 dicere
1280 1125 1333 1145 non
1356 1118 1533 1146 haberemus.

967 1162 993 1190 6.
1010 1163 1193 1196 Quamobrem
1218 1168 1365 1198 postquam
1391 1164 1469 1199 lapsu
1485 1169 1639 1200 temporum
1666 1173 1727 1193 mo-

931 1209 1055 1236 nachalis
1081 1209 1191 1237 habitus
1217 1210 1362 1238 restitutus
1390 1209 1453 1242 fuit,
1486 1211 1548 1245 quis
1572 1215 1635 1237 ante
1648 1211 1726 1239 illam

930 1254 1034 1282 Christi
1063 1254 1182 1282 famulos
1213 1255 1487 1290 suscepit,hospitio
1513 1255 1581 1284 fovit
1597 1256 1728 1293 curisque

931 1300 1039 1333 refecit,
1065 1309 1079 1328 a
1103 1301 1189 1329 fratre
1215 1301 1368 1335 praesertim
1397 1302 1430 1329 ad
1453 1302 1479 1329 id
1499 1302 1630 1330 inducta?
1648 1303 1728 1332 Unde

930 1346 1025 1378 etiam,
1038 1352 1069 1374 ut
1083 1348 1169 1374 multa
1182 1347 1346 1383 compendio
1368 1348 1552 1383 intercipism,
1579 1350 1640 1377 viro
1658 1358 1724 1378 sua-

931 1392 987 1424 det,
1005 1393 1100 1421 liberis
1117 1394 1220 1428 pariter
1239 1394 1393 1422 consuadet
1418 1395 1494 1422 curis
1510 1395 1616 1428 multis,
1637 1397 1727 1424 moni-

931 1440 966 1467 tis
980 1447 1012 1467 ac
1033 1440 1276 1475 promissionibus.
1305 1449 1371 1468 mox
1398 1442 1482 1469 etiam
1499 1442 1551 1470 viri
1567 1443 1699 1470 fratribus
1717 1453 1724 1471 :

930 1490 957 1513 et
969 1486 1024 1520 jam
1042 1487 1125 1514 rebus
1146 1487 1216 1514 bene
1229 1487 1402 1522 compositis,
1421 1488 1504 1516 domo
1519 1489 1660 1524 egreditur
1675 1497 1726 1524 po-

893 1533 1026 1576 cpulum
1057 1533 1193 1567 integrum
1223 1532 1279 1560 Dco
1309 1532 1446 1565 oﬂ'erens,
1476 1539 1597 1568 quatuor
1626 1542 1726 1570 nempe

933 1579 1014 1609 filios.
1032 1583 1088 1606 tres
1101 1578 1151 1605 viri
1165 1578 1206 1605 sui
1225 1577 1334 1610 fratres,
1350 1585 1502 1614 secumque
1518 1579 1609 1614 ipsum
1623 1580 1723 1608 domus

932 1627 1023 1658 caput.
1045 1623 1069 1651 ο
1084 1623 1219 1651 mirabilis
1239 1624 1345 1651 novitas
1356 1623 1361 1650 !
1372 1631 1389 1651 ο
1405 1623 1594 1659 inexspectata
1609 1633 1727 1653 conver-

932 1671 990 1698 sio!
1012 1670 1039 1697 ld
1056 1678 1123 1697 sane
1146 1671 1321 1706 peregrinum
1352 1675 1417 1698 tunc
1445 1670 1536 1698 visum
1551 1676 1593 1699 est
1611 1667 1724 1708 reginae,

931 1722 1044 1751 Stupore
1059 1716 1149 1744 aﬂecit
1159 1717 1391 1752 consanguineas.
1409 1722 1488 1745 notas
1501 1719 1616 1753 quasvis
1633 1719 1724 1747 admi-
1752 1752 1757 1756 Α

931 1762 1037 1789 ratione
1052 1762 1204 1797 suspendit,
1221 1762 1384 1796 compnnxit'
1401 1761 1519 1796 denique
1541 1771 1593 1790 non
1609 1771 1725 1791 cernen-

932 1812 972 1835 tes
984 1811 1089 1834 tantum
1104 1808 1151 1834 sed
1166 1811 1194 1834 et
1209 1807 1352 1835 audientes
1365 1816 1372 1840 ;
1389 1809 1462 1842 quod
1478 1815 1577 1843 nempe
1594 1809 1725 1844 conjugio

931 1853 1050 1881 medium
1067 1852 1159 1881 adhuc
1174 1860 1286 1881 cursum
1310 1857 1432 1886 tenente,
1455 1853 1513 1888 ipsa
1539 1854 1620 1882 rebus
1637 1855 1671 1883 ad
1683 1856 1723 1883 νὶ-

931 1904 986 1927 tam
1011 1899 1078 1927 satis
1108 1899 1259 1932 instructa,
1287 1899 1419 1936 dignitate
1444 1900 1548 1932 aulica.
1576 1902 1724 1935 quaestoria

931 1944 1037 1972 scilicet
1049 1943 1168 1979 fulgens.
1186 1945 1259 1973 ﬁlios
1285 1945 1390 1972 habens
1412 1949 1493 1972 aetate
1510 1945 1651 1979 ﬂorentes,
1668 1955 1723 1975 non

931 1990 1028 2018 fuisset
1045 1990 1144 2018 horum
1158 1998 1254 2018 amore
1271 1995 1419 2024 commota,
1438 1999 1491 2019 non
1506 1991 1643 2020 desiderio
1657 2001 1724 2021 suc-

930 2043 1068 2064 cessorem
1100 2036 1196 2072 stirpis
1219 2036 1404 2072 relinquendi,
1421 2038 1484 2064 ’non
1504 2039 1725 2074 consanguineo—

930 2090 991 2110 rum
1003 2082 1112 2115 all'ectu,
1129 2090 1219 2117 neque
1230 2083 1328 2111 domus
1343 2084 1532 2117 derelictione,
1555 2092 1646 2120 neque
1665 2093 1725 2113 ser-

931 2136 1028 2156 vorum
1055 2128 1250 2162 destitutione;
1278 2130 1325 2157 sed
1350 2130 1421 2166 regis
1448 2139 1544 2158 omnes
1561 2130 1725 2167 projccisset

931 2174 1060 2207 honores,
1080 2175 1143 2203 vita
1160 2174 1273 2203 delicias
1289 2176 1436 2208 calcasset,
1461 2184 1547 2212 seque
1565 2177 1655 2212 gladio
1667 2178 1724 2212 spi-

898 2219 1004 2251 Dritus
1033 2227 1049 2247 a
1075 2221 1232 2248 carnalibus
1259 2222 1506 2249 censuetndinibus
1533 2222 1724 2256 prmeidissct,

933 2265 982 2292 Dei
994 2265 1124 2300 placitum
1146 2266 1322 2301 magnanima
1340 2274 1403 2293 cum
1420 2267 1563 2294 voluntate
1580 2271 1724 2294 exsecuta.

934 2311 956 2338 0
968 2311 1138 2338 Abramitica
1155 2319 1220 2339 vere
1233 2312 1324 2339 anima
1340 2317 1422 2346 atque
1438 2313 1543 2340 virilis!
1565 2312 1661 2339 Merito
1676 2313 1727 2340 ali-

933 2357 995 2392 quis
1013 2365 1074 2384 cum
1099 2357 1317 2385 Machabmorum
1341 2359 1535 2386 strenuissima
1550 2364 1638 2386 matre
1656 2359 1727 2387 hanc

933 2403 1183 2437 connutneraverit,
1218 2411 1278 2438 qua!
1310 2404 1431 2431 ascetico
1457 2404 1601 2432 certamini
1628 2410 1726 2440 partus

935 2455 1002 2476 suos
1017 2448 1136 2476 hostiam
1150 2449 1251 2483 objecit
1266 2459 1273 2478 :
1289 2450 1409 2484 itemque
1423 2458 1486 2477 cum
1497 2451 1577 2477 Anna
1594 2450 1727 2478 Samueli-

935 2494 1002 2526 tide,
1022 2494 1087 2529 quia
1103 2502 1156 2522 non
1174 2503 1260 2522 unum
1275 2503 1307 2522 ex
1322 2501 1396 2528 voto,
1412 2496 1458 2523 sed
1477 2496 1640 2524 universum
1655 2497 1725 2523 uteri

935 2540 977 2567 sui
992 2539 1112 2567 fructum
1139 2541 1253 2568 Domino
1272 2542 1454 2569 consecravit.
1481 2541 1535 2568 Sed
1553 2543 1728 2576 gratificabor

936 2586 1015 2613 vobis
1032 2586 1204 2615 auditoribus
1228 2587 1318 2614 adhuc
1332 2587 1437 2622 aliquid
1451 2587 1570 2615 fortasse
1593 2588 1726 2619 sanctius.

935 2632 1087 2660 discessum
1115 2633 1174 2667 ejus
1196 2634 1361 2661 enarrando.
1379 2632 1455 2660 .Nam
1479 2633 1590 2660 definito
1606 2638 1728 2668 tempore

937 2678 1018 2705 domo
1031 2677 1088 2712 jam
1104 2679 1249 2712 decedens,
1264 2687 1312 2707 ceu
1325 2680 1348 2707 si
1364 2679 1461 2707 festum
1480 2679 1552 2706 diem
1573 2683 1674 2713 ageret.
1691 2680 1724 2707 ad

938 2731 968 2751 se
983 2730 1078 2751 omnes
1095 2726 1260 2753 convocavit
1287 2725 1402 2752 aflines:
1419 2732 1537 2760 quorum
1554 2723 1604 2751 viri
1618 2724 1727 2760 quidem

974 2792 1012 2827 (ι)
1035 2792 1061 2818 In
1078 2792 1134 2819 vita
1150 2792 1289 2820 Theodori
1304 2801 1366 2828 cap.
1383 2792 1408 2824 5,
1425 2792 1452 2819 in
1469 2790 1730 2828 inlcrp,_lat.pcpa'l—

939 2825 1052 2861 μαειιηι
1069 2828 1154 2855 tribus
1175 2829 1310 2855 sororibus
1330 2825 1435 2860 corrige
1455 2835 1514 2854 runt
1537 2825 1620 2854 tribus
1633 2825 1729 2862 [ιγὶιι-ῖ-

939 2862 997 2895 bus,
1014 2863 1057 2891 ubi
1073 2863 1129 2897 jam
1148 2871 1203 2891 non
1221 2864 1300 2891 fuerit
1316 2864 1499 2891 etnrntlatu'n.
