  <div class='ocr_page' id='page_1' title='image "/cluster/home/n/w/nwhite01/storage/ocr_20150623/99/njp.32101010943858/475.png"; bbox 0 0 1924 3077; ppageno 0'>
   <div class='ocr_carea' id='block_1_1' title="bbox 192 138 1832 178">
    <p class='ocr_par' dir='ltr' id='par_1_1' title="bbox 192 138 1832 178">
     <span class='ocr_line' id='line_1_1' title="bbox 192 138 1832 178; baseline -0.009 0"><span class='ocrx_word' id='word_1_1' title='bbox 192 145 240 178; x_wconf 78' lang='lat'><strong>891</strong></span> <span class='ocrx_word' id='word_1_2' title='bbox 791 142 821 171; x_wconf 90' lang='lat' dir='ltr'><strong>s.</strong></span> <span class='ocrx_word' id='word_1_3' title='bbox 837 141 1036 171; x_wconf 82' lang='lat' dir='ltr'><strong>THEODORI</strong></span> <span class='ocrx_word' id='word_1_4' title='bbox 1057 140 1231 171; x_wconf 67' lang='lat' dir='ltr'><strong>s&#39;rumm</strong></span> <span class='ocrx_word' id='word_1_5' title='bbox 1774 138 1832 169; x_wconf 73' lang='lat'><strong>39-2</strong></span> 
     </span>
    </p>
   </div>
   <div class='ocr_carea' id='block_1_2' title="bbox 191 190 993 232">
    <p class='ocr_par' dir='ltr' id='par_1_2' title="bbox 191 195 986 232">
     <span class='ocr_line' id='line_1_2' title="bbox 191 195 986 232; baseline -0.009 -5"><span class='ocrx_word' id='word_1_6' title='bbox 191 201 332 232; x_wconf 83' lang='lat' dir='ltr'><strong>dolebant,</strong></span> <span class='ocrx_word' id='word_1_7' title='bbox 345 198 452 225; x_wconf 71' lang='lat' dir='ltr'><strong>feminae</strong></span> <span class='ocrx_word' id='word_1_8' title='bbox 467 197 548 224; x_wconf 89' lang='lat' dir='ltr'><strong>etiam</strong></span> <span class='ocrx_word' id='word_1_9' title='bbox 565 196 723 232; x_wconf 87' lang='lat' dir='ltr'><strong>plorabant,</strong></span> <span class='ocrx_word' id='word_1_10' title='bbox 739 195 918 230; x_wconf 80' lang='lat' dir='ltr'><strong>peregrinum</strong></span> <span class='ocrx_word' id='word_1_11' title='bbox 935 195 986 221; x_wconf 90' lang='lat' dir='ltr'><strong>hoc</strong></span> 
     </span>
    </p>
   </div>
   <div class='ocr_carea' id='block_1_3' title="bbox 1041 190 1832 232">
    <p class='ocr_par' dir='ltr' id='par_1_3' title="bbox 1041 190 1832 227">
     <span class='ocr_line' id='line_1_3' title="bbox 1041 190 1832 227; baseline -0.001 -7"><span class='ocrx_word' id='word_1_12' title='bbox 1041 193 1116 226; x_wconf 74' lang='grc' dir='ltr'>ἱασα,</span> <span class='ocrx_word' id='word_1_13' title='bbox 1143 194 1182 225; x_wconf 84' lang='grc' dir='ltr'>ὡς</span> <span class='ocrx_word' id='word_1_14' title='bbox 1206 190 1262 220; x_wconf 71' lang='grc' dir='ltr'>οἷον</span> <span class='ocrx_word' id='word_1_15' title='bbox 1285 192 1389 226; x_wconf 80' lang='grc' dir='ltr'>ἄγουσα</span> <span class='ocrx_word' id='word_1_16' title='bbox 1421 191 1584 227; x_wconf 78' lang='grc' dir='ltr'><strong>ἑορτάσιμον</strong></span> <span class='ocrx_word' id='word_1_17' title='bbox 1608 191 1729 226; x_wconf 80' lang='grc' dir='ltr'>ἡμέραν,</span> <span class='ocrx_word' id='word_1_18' title='bbox 1755 191 1832 219; x_wconf 74' lang='grc' dir='ltr'>οὕτω</span> 
     </span>
    </p>
   </div>
   <div class='ocr_carea' id='block_1_4' title="bbox 192 236 993 278">
    <p class='ocr_par' dir='ltr' id='par_1_4' title="bbox 192 241 985 278">
     <span class='ocr_line' id='line_1_4' title="bbox 192 241 985 278; baseline -0.006 -7"><span class='ocrx_word' id='word_1_19' title='bbox 192 246 316 273; x_wconf 73' lang='lat' dir='ltr'><strong>videntes</strong></span> <span class='ocrx_word' id='word_1_20' title='bbox 339 243 526 278; x_wconf 76' lang='lat' dir='ltr'><strong>spectaculum</strong></span> <span class='ocrx_word' id='word_1_21' title='bbox 551 241 697 270; x_wconf 90' lang='lat' dir='ltr'><strong>voluntarii</strong></span> <span class='ocrx_word' id='word_1_22' title='bbox 711 241 866 273; x_wconf 87' lang='lat' dir='ltr'><strong>discessus;</strong></span> <span class='ocrx_word' id='word_1_23' title='bbox 892 247 925 267; x_wconf 87' lang='lat' dir='ltr'><strong>ac</strong></span> <span class='ocrx_word' id='word_1_24' title='bbox 942 246 985 266; x_wconf 86' lang='lat' dir='ltr'><strong>re-</strong></span> 
     </span>
    </p>
   </div>
   <div class='ocr_carea' id='block_1_5' title="bbox 1041 236 1832 278">
    <p class='ocr_par' dir='ltr' id='par_1_5' title="bbox 1041 236 1832 274">
     <span class='ocr_line' id='line_1_5' title="bbox 1041 236 1832 274; baseline -0.003 -8"><span class='ocrx_word' id='word_1_25' title='bbox 1041 238 1238 274; x_wconf 84' lang='grc' dir='ltr'>προσκαλεῖται</span> <span class='ocrx_word' id='word_1_26' title='bbox 1252 238 1316 269; x_wconf 79' lang='grc' dir='ltr'>τοὺς</span> <span class='ocrx_word' id='word_1_27' title='bbox 1331 236 1378 263; x_wconf 84' lang='grc' dir='ltr'><strong>τοῦ</strong></span> <span class='ocrx_word' id='word_1_28' title='bbox 1394 237 1491 272; x_wconf 79' lang='grc' dir='ltr'>γένους</span> <span class='ocrx_word' id='word_1_29' title='bbox 1504 236 1640 268; x_wconf 69' lang='grc' dir='ltr'>ἅπαντας·</span> <span class='ocrx_word' id='word_1_30' title='bbox 1665 237 1714 263; x_wconf 79' lang='grc' dir='ltr'>καὶ</span> <span class='ocrx_word' id='word_1_31' title='bbox 1730 237 1755 263; x_wconf 74' lang='lat' dir='ltr'><strong>of.</strong></span> <span class='ocrx_word' id='word_1_32' title='bbox 1776 238 1832 272; x_wconf 76' lang='grc' dir='ltr'>μὲν</span> 
     </span>
    </p>
   </div>
   <div class='ocr_carea' id='block_1_6' title="bbox 193 282 993 327">
    <p class='ocr_par' dir='ltr' id='par_1_6' title="bbox 193 285 986 327">
     <span class='ocr_line' id='line_1_6' title="bbox 193 285 986 327; baseline -0.008 -9"><span class='ocrx_word' id='word_1_33' title='bbox 193 295 320 327; x_wconf 88' lang='lat' dir='ltr'><strong>putantes</strong></span> <span class='ocrx_word' id='word_1_34' title='bbox 353 289 475 326; x_wconf 83' lang='lat' dir='ltr'><strong>mysterii</strong></span> <span class='ocrx_word' id='word_1_35' title='bbox 503 288 730 324; x_wconf 82' lang='lat' dir='ltr'><strong>magnitudinem,</strong></span> <span class='ocrx_word' id='word_1_36' title='bbox 754 294 812 314; x_wconf 89' lang='lat' dir='ltr'><strong>rem</strong></span> <span class='ocrx_word' id='word_1_37' title='bbox 839 285 986 321; x_wconf 65' lang='lat' dir='ltr'><strong>praeconiis</strong></span> 
     </span>
    </p>
   </div>
   <div class='ocr_carea' id='block_1_7' title="bbox 1041 282 1834 327">
    <p class='ocr_par' dir='ltr' id='par_1_7' title="bbox 1041 282 1834 320">
     <span class='ocr_line' id='line_1_7' title="bbox 1041 282 1834 320; baseline -0.001 -9"><span class='ocrx_word' id='word_1_38' title='bbox 1041 285 1149 320; x_wconf 72' lang='grc' dir='ltr'>ἤλγουν,</span> <span class='ocrx_word' id='word_1_39' title='bbox 1165 284 1192 311; x_wconf 86' lang='grc' dir='ltr'><strong>αί</strong></span> <span class='ocrx_word' id='word_1_40' title='bbox 1216 283 1245 310; x_wconf 83' lang='grc' dir='ltr'><strong>δέ</strong></span> <span class='ocrx_word' id='word_1_41' title='bbox 1265 283 1406 319; x_wconf 74' lang='grc' dir='ltr'><strong>ἐθρήνουν,</strong></span> <span class='ocrx_word' id='word_1_42' title='bbox 1424 282 1498 316; x_wconf 83' lang='grc' dir='ltr'>ξένον</span> <span class='ocrx_word' id='word_1_43' title='bbox 1511 291 1538 309; x_wconf 89' lang='grc' dir='ltr'><strong>τι</strong></span> <span class='ocrx_word' id='word_1_44' title='bbox 1554 282 1656 318; x_wconf 81' lang='grc' dir='ltr'><strong>ὁρῶσαι</strong></span> <span class='ocrx_word' id='word_1_45' title='bbox 1671 283 1763 317; x_wconf 79' lang='grc' dir='ltr'>θέαμα</span> <span class='ocrx_word' id='word_1_46' title='bbox 1781 283 1834 310; x_wconf 75' lang='grc' dir='ltr'>τὸν</span> 
     </span>
    </p>
   </div>
   <div class='ocr_carea' id='block_1_8' title="bbox 193 328 993 370">
    <p class='ocr_par' dir='ltr' id='par_1_8' title="bbox 193 332 986 370">
     <span class='ocr_line' id='line_1_8' title="bbox 193 332 986 370; baseline -0.008 -6"><span class='ocrx_word' id='word_1_47' title='bbox 193 337 371 365; x_wconf 78' lang='lat' dir='ltr'><strong>extollebant.</strong></span> <span class='ocrx_word' id='word_1_48' title='bbox 387 335 455 363; x_wconf 89' lang='lat' dir='ltr'><strong>Nam</strong></span> <span class='ocrx_word' id='word_1_49' title='bbox 478 336 588 370; x_wconf 85' lang='lat' dir='ltr'><strong>utrique</strong></span> <span class='ocrx_word' id='word_1_50' title='bbox 611 333 808 366; x_wconf 81' lang='lat' dir='ltr'><strong>observabant,</strong></span> <span class='ocrx_word' id='word_1_51' title='bbox 836 332 986 367; x_wconf 86' lang='lat' dir='ltr'><strong>patremfa-</strong></span> 
     </span>
    </p>
   </div>
   <div class='ocr_carea' id='block_1_9' title="bbox 1041 328 1833 370">
    <p class='ocr_par' dir='ltr' id='par_1_9' title="bbox 1041 328 1833 365">
     <span class='ocr_line' id='line_1_9' title="bbox 1041 328 1833 365; baseline -0.001 -9"><span class='ocrx_word' id='word_1_52' title='bbox 1041 330 1159 356; x_wconf 76' lang='grc' dir='ltr'>ἐθελοντὶ</span> <span class='ocrx_word' id='word_1_53' title='bbox 1173 329 1322 365; x_wconf 83' lang='grc' dir='ltr'>χωρισμὸν,</span> <span class='ocrx_word' id='word_1_54' title='bbox 1340 329 1387 355; x_wconf 80' lang='grc' dir='ltr'><strong>καὶ</strong></span> <span class='ocrx_word' id='word_1_55' title='bbox 1401 329 1430 355; x_wconf 82' lang='grc' dir='ltr'><strong>ἐν</strong></span> <span class='ocrx_word' id='word_1_56' title='bbox 1447 329 1556 360; x_wconf 81' lang='grc' dir='ltr'><strong>ἑαυταῖς</strong></span> <span class='ocrx_word' id='word_1_57' title='bbox 1572 328 1769 363; x_wconf 75' lang='grc' dir='ltr'>δοκιμάζουσαι</span> <span class='ocrx_word' id='word_1_58' title='bbox 1780 328 1833 355; x_wconf 79' lang='grc' dir='ltr'><strong>τοῦ</strong></span> 
     </span>
    </p>
   </div>
   <div class='ocr_carea' id='block_1_10' title="bbox 195 373 993 416">
    <p class='ocr_par' dir='ltr' id='par_1_10' title="bbox 195 382 987 416">
     <span class='ocr_line' id='line_1_10' title="bbox 195 382 987 416; baseline -0.006 -6"><span class='ocrx_word' id='word_1_59' title='bbox 195 383 285 410; x_wconf 88' lang='lat' dir='ltr'><strong>milias</strong></span> <span class='ocrx_word' id='word_1_60' title='bbox 296 382 442 416; x_wconf 86' lang='lat' dir='ltr'><strong>domojam</strong></span> <span class='ocrx_word' id='word_1_61' title='bbox 460 386 605 410; x_wconf 80' lang='lat' dir='ltr'><strong>exeuntem</strong></span> <span class='ocrx_word' id='word_1_62' title='bbox 617 401 624 414; x_wconf 91' lang='lat'><strong>,</strong></span> <span class='ocrx_word' id='word_1_63' title='bbox 640 385 755 407; x_wconf 80' lang='lat' dir='ltr'><strong>matrem</strong></span> <span class='ocrx_word' id='word_1_64' title='bbox 772 384 861 406; x_wconf 85' lang='lat' dir='ltr'><strong>autent</strong></span> <span class='ocrx_word' id='word_1_65' title='bbox 878 386 987 414; x_wconf 90' lang='lat' dir='ltr'><strong>parum-</strong></span> 
     </span>
    </p>
   </div>
   <div class='ocr_carea' id='block_1_11' title="bbox 1041 373 1834 416">
    <p class='ocr_par' dir='ltr' id='par_1_11' title="bbox 1041 373 1834 410">
     <span class='ocr_line' id='line_1_11' title="bbox 1041 373 1834 410; baseline -0.003 -8"><span class='ocrx_word' id='word_1_66' title='bbox 1041 375 1192 410; x_wconf 90' lang='grc' dir='ltr'>μυστηρίου</span> <span class='ocrx_word' id='word_1_67' title='bbox 1210 374 1241 401; x_wconf 81' lang='grc' dir='ltr'><strong>τὺ</strong></span> <span class='ocrx_word' id='word_1_68' title='bbox 1258 373 1383 409; x_wconf 82' lang='grc' dir='ltr'>μέγεθος,</span> <span class='ocrx_word' id='word_1_69' title='bbox 1403 373 1539 408; x_wconf 82' lang='grc' dir='ltr'>ἀνύμνουν</span> <span class='ocrx_word' id='word_1_70' title='bbox 1554 374 1585 400; x_wconf 86' lang='grc' dir='ltr'>τὸ</span> <span class='ocrx_word' id='word_1_71' title='bbox 1601 373 1760 408; x_wconf 73' lang='grc' dir='ltr'>γινόμενον*</span> <span class='ocrx_word' id='word_1_72' title='bbox 1782 375 1834 400; x_wconf 84' lang='grc' dir='ltr'><strong>καὶ</strong></span> 
     </span>
    </p>
   </div>
   <div class='ocr_carea' id='block_1_12' title="bbox 195 419 993 464">
    <p class='ocr_par' dir='ltr' id='par_1_12' title="bbox 195 426 987 464">
     <span class='ocr_line' id='line_1_12' title="bbox 195 426 987 464; baseline -0.006 -8"><span class='ocrx_word' id='word_1_73' title='bbox 195 437 244 464; x_wconf 89' lang='lat' dir='ltr'><strong>per</strong></span> <span class='ocrx_word' id='word_1_74' title='bbox 271 429 477 460; x_wconf 81' lang='lat' dir='ltr'><strong>subsistentem,</strong></span> <span class='ocrx_word' id='word_1_75' title='bbox 509 435 573 455; x_wconf 83' lang='lat' dir='ltr'><strong>mox</strong></span> <span class='ocrx_word' id='word_1_76' title='bbox 601 427 634 454; x_wconf 93' lang='lat' dir='ltr'><strong>ad</strong></span> <span class='ocrx_word' id='word_1_77' title='bbox 649 426 814 454; x_wconf 88' lang='lat' dir='ltr'><strong>asceterium</strong></span> <span class='ocrx_word' id='word_1_78' title='bbox 844 429 987 452; x_wconf 86' lang='lat' dir='ltr'><strong>transeun-</strong></span> 
     </span>
    </p>
   </div>
   <div class='ocr_carea' id='block_1_13' title="bbox 1041 419 1834 464">
    <p class='ocr_par' dir='ltr' id='par_1_13' title="bbox 1041 419 1834 457">
     <span class='ocr_line' id='line_1_13' title="bbox 1041 419 1834 457; baseline -0.004 -9"><span class='ocrx_word' id='word_1_79' title='bbox 1041 422 1093 457; x_wconf 89' lang='grc' dir='ltr'><strong>γὰρ</strong></span> <span class='ocrx_word' id='word_1_80' title='bbox 1107 420 1201 456; x_wconf 80' lang='grc' dir='ltr'>ἐώρων</span> <span class='ocrx_word' id='word_1_81' title='bbox 1214 420 1377 455; x_wconf 80' lang='grc' dir='ltr'>ἀμφότεροι,</span> <span class='ocrx_word' id='word_1_82' title='bbox 1392 419 1439 446; x_wconf 71' lang='grc' dir='ltr'>τὸν</span> <span class='ocrx_word' id='word_1_83' title='bbox 1464 419 1513 455; x_wconf 78' lang='grc' dir='ltr'>μὲν</span> <span class='ocrx_word' id='word_1_84' title='bbox 1529 419 1635 451; x_wconf 76' lang='grc' dir='ltr'><strong>ἐξιόντα</strong></span> <span class='ocrx_word' id='word_1_85' title='bbox 1655 419 1707 453; x_wconf 82' lang='grc' dir='ltr'>τῆς</span> <span class='ocrx_word' id='word_1_86' title='bbox 1728 419 1834 451; x_wconf 79' lang='grc' dir='ltr'>οἰκίας,</span> 
     </span>
    </p>
   </div>
   <div class='ocr_carea' id='block_1_14' title="bbox 197 464 993 508">
    <p class='ocr_par' dir='ltr' id='par_1_14' title="bbox 197 470 985 508">
     <span class='ocr_line' id='line_1_14' title="bbox 197 470 985 508; baseline -0.006 -7"><span class='ocrx_word' id='word_1_87' title='bbox 197 480 262 506; x_wconf 87' lang='lat' dir='ltr'><strong>tem,</strong></span> <span class='ocrx_word' id='word_1_88' title='bbox 279 478 341 508; x_wconf 88' lang='lat' dir='ltr'><strong>post</strong></span> <span class='ocrx_word' id='word_1_89' title='bbox 354 473 519 500; x_wconf 85' lang='lat' dir='ltr'><strong>divenditam</strong></span> <span class='ocrx_word' id='word_1_90' title='bbox 543 473 656 499; x_wconf 91' lang='lat' dir='ltr'><strong>domum</strong></span> <span class='ocrx_word' id='word_1_91' title='bbox 672 471 846 507; x_wconf 85' lang='lat' dir='ltr'><strong>pretiumque</strong></span> <span class='ocrx_word' id='word_1_92' title='bbox 860 470 985 505; x_wconf 85' lang='lat' dir='ltr'><strong>pauperi-</strong></span> 
     </span>
    </p>
   </div>
   <div class='ocr_carea' id='block_1_15' title="bbox 1041 464 1835 508">
    <p class='ocr_par' dir='ltr' id='par_1_15' title="bbox 1041 464 1835 501">
     <span class='ocr_line' id='line_1_15' title="bbox 1041 464 1835 501; baseline -0.001 -9"><span class='ocrx_word' id='word_1_93' title='bbox 1041 466 1088 501; x_wconf 84' lang='grc' dir='ltr'>τὴν</span> <span class='ocrx_word' id='word_1_94' title='bbox 1101 466 1130 492; x_wconf 81' lang='grc' dir='ltr'>δὲ</span> <span class='ocrx_word' id='word_1_95' title='bbox 1140 465 1209 501; x_wconf 77' lang='grc' dir='ltr'>πρὸς</span> <span class='ocrx_word' id='word_1_96' title='bbox 1221 468 1320 501; x_wconf 82' lang='grc' dir='ltr'>μικρδν</span> <span class='ocrx_word' id='word_1_97' title='bbox 1335 466 1532 500; x_wconf 69' lang='grc' dir='ltr'><strong>ἐπιμένουσαν,</strong></span> <span class='ocrx_word' id='word_1_98' title='bbox 1542 464 1600 491; x_wconf 83' lang='grc' dir='ltr'>εἶτα</span> <span class='ocrx_word' id='word_1_99' title='bbox 1613 464 1748 492; x_wconf 80' lang='grc' dir='ltr'><strong>ἀπιοῦσαν</strong></span> <span class='ocrx_word' id='word_1_100' title='bbox 1761 466 1835 501; x_wconf 79' lang='grc' dir='ltr'>πρὸς</span> 
     </span>
    </p>
   </div>
   <div class='ocr_carea' id='block_1_16' title="bbox 197 511 993 547">
    <p class='ocr_par' dir='ltr' id='par_1_16' title="bbox 197 516 985 547">
     <span class='ocr_line' id='line_1_16' title="bbox 197 516 985 547; baseline -0.006 0"><span class='ocrx_word' id='word_1_101' title='bbox 197 521 246 547; x_wconf 81' lang='lat' dir='ltr'><strong>bus</strong></span> <span class='ocrx_word' id='word_1_102' title='bbox 270 518 457 547; x_wconf 83' lang='lat' dir='ltr'><strong>distributum.</strong></span> <span class='ocrx_word' id='word_1_103' title='bbox 492 518 554 545; x_wconf 65' lang='lat' dir='ltr'><strong>Haec</strong></span> <span class='ocrx_word' id='word_1_104' title='bbox 585 522 650 545; x_wconf 85' lang='lat' dir='ltr'><strong>sunt</strong></span> <span class='ocrx_word' id='word_1_105' title='bbox 690 517 786 544; x_wconf 86' lang='lat' dir='ltr'><strong>matris</strong></span> <span class='ocrx_word' id='word_1_106' title='bbox 821 521 923 544; x_wconf 63' lang='lat' dir='ltr'><strong>nostra:</strong></span> <span class='ocrx_word' id='word_1_107' title='bbox 958 516 985 542; x_wconf 94' lang='lat' dir='ltr'><strong>in</strong></span> 
     </span>
    </p>
   </div>
   <div class='ocr_carea' id='block_1_17' title="bbox 1041 511 1835 547">
    <p class='ocr_par' dir='ltr' id='par_1_17' title="bbox 1041 511 1835 547">
     <span class='ocr_line' id='line_1_17' title="bbox 1041 511 1835 547; baseline 0 -9"><span class='ocrx_word' id='word_1_108' title='bbox 1041 512 1070 538; x_wconf 84' lang='grc' dir='ltr'>τὸ</span> <span class='ocrx_word' id='word_1_109' title='bbox 1086 512 1264 547; x_wconf 76' lang='grc' dir='ltr'>ἁσκητήριον,</span> <span class='ocrx_word' id='word_1_110' title='bbox 1280 512 1328 538; x_wconf 85' lang='grc' dir='ltr'>καὶ</span> <span class='ocrx_word' id='word_1_111' title='bbox 1343 511 1429 546; x_wconf 79' lang='grc' dir='ltr'>αὐτὴν</span> <span class='ocrx_word' id='word_1_112' title='bbox 1446 511 1496 547; x_wconf 83' lang='grc' dir='ltr'>τὴν</span> <span class='ocrx_word' id='word_1_113' title='bbox 1511 511 1600 538; x_wconf 80' lang='grc' dir='ltr'>οίκίαν</span> <span class='ocrx_word' id='word_1_114' title='bbox 1614 511 1835 546; x_wconf 77' lang='grc' dir='ltr'>ἀπεμπωληθεῖ-</span> 
     </span>
    </p>
   </div>
   <div class='ocr_carea' id='block_1_18' title="bbox 198 556 993 599">
    <p class='ocr_par' dir='ltr' id='par_1_18' title="bbox 198 562 986 599">
     <span class='ocr_line' id='line_1_18' title="bbox 198 562 986 599; baseline -0.005 -6"><span class='ocrx_word' id='word_1_115' title='bbox 198 566 335 593; x_wconf 88' lang='lat' dir='ltr'><strong>mundana</strong></span> <span class='ocrx_word' id='word_1_116' title='bbox 349 565 403 591; x_wconf 85' lang='lat' dir='ltr'><strong>vita</strong></span> <span class='ocrx_word' id='word_1_117' title='bbox 418 564 559 597; x_wconf 78' lang='lat' dir='ltr'><strong>facinora;</strong></span> <span class='ocrx_word' id='word_1_118' title='bbox 576 568 658 599; x_wconf 86' lang='lat' dir='ltr'><strong>atque</strong></span> <span class='ocrx_word' id='word_1_119' title='bbox 671 563 729 590; x_wconf 69' lang='lat' dir='ltr'><strong>haec</strong></span> <span class='ocrx_word' id='word_1_120' title='bbox 746 562 873 597; x_wconf 82' lang='lat' dir='ltr'><strong>exposui,</strong></span> <span class='ocrx_word' id='word_1_121' title='bbox 889 566 920 589; x_wconf 92' lang='lat' dir='ltr'><strong>ut</strong></span> <span class='ocrx_word' id='word_1_122' title='bbox 932 570 986 589; x_wconf 88' lang='lat' dir='ltr'><strong>non</strong></span> 
     </span>
    </p>
   </div>
   <div class='ocr_carea' id='block_1_19' title="bbox 1041 556 1837 599">
    <p class='ocr_par' dir='ltr' id='par_1_19' title="bbox 1041 556 1837 593">
     <span class='ocr_line' id='line_1_19' title="bbox 1041 556 1837 593; baseline -0.001 -9"><span class='ocrx_word' id='word_1_123' title='bbox 1041 566 1092 585; x_wconf 89' lang='grc' dir='ltr'><strong>σαν</strong></span> <span class='ocrx_word' id='word_1_124' title='bbox 1104 558 1152 584; x_wconf 77' lang='grc' dir='ltr'><strong>καὶ</strong></span> <span class='ocrx_word' id='word_1_125' title='bbox 1162 557 1375 593; x_wconf 79' lang='grc' dir='ltr'>διανεμηθεῖσαν</span> <span class='ocrx_word' id='word_1_126' title='bbox 1383 557 1441 588; x_wconf 82' lang='grc' dir='ltr'>τοῖς</span> <span class='ocrx_word' id='word_1_127' title='bbox 1454 557 1583 584; x_wconf 86' lang='grc' dir='ltr'>ἐνδεέσιν.</span> <span class='ocrx_word' id='word_1_128' title='bbox 1594 556 1688 583; x_wconf 78' lang='grc' dir='ltr'>Ταῦτά</span> <span class='ocrx_word' id='word_1_129' title='bbox 1701 557 1770 584; x_wconf 87' lang='grc' dir='ltr'>εἰσιν</span> <span class='ocrx_word' id='word_1_130' title='bbox 1782 557 1837 592; x_wconf 83' lang='grc' dir='ltr'>τῆς</span> 
     </span>
    </p>
   </div>
   <div class='ocr_carea' id='block_1_20' title="bbox 197 602 993 644">
    <p class='ocr_par' dir='ltr' id='par_1_20' title="bbox 197 608 987 644">
     <span class='ocr_line' id='line_1_20' title="bbox 197 608 987 644; baseline -0.004 -7"><span class='ocrx_word' id='word_1_131' title='bbox 197 617 246 638; x_wconf 86' lang='lat' dir='ltr'><strong>vos</strong></span> <span class='ocrx_word' id='word_1_132' title='bbox 261 611 323 641; x_wconf 85' lang='lat' dir='ltr'><strong>soli,</strong></span> <span class='ocrx_word' id='word_1_133' title='bbox 339 610 386 638; x_wconf 86' lang='lat' dir='ltr'><strong>sed</strong></span> <span class='ocrx_word' id='word_1_134' title='bbox 406 614 434 638; x_wconf 84' lang='lat' dir='ltr'><strong>et</strong></span> <span class='ocrx_word' id='word_1_135' title='bbox 449 611 473 638; x_wconf 89' lang='lat' dir='ltr'><strong>si</strong></span> <span class='ocrx_word' id='word_1_136' title='bbox 484 610 531 644; x_wconf 91' lang='lat' dir='ltr'><strong>qui</strong></span> <span class='ocrx_word' id='word_1_137' title='bbox 550 610 577 636; x_wconf 94' lang='lat' dir='ltr'><strong>in</strong></span> <span class='ocrx_word' id='word_1_138' title='bbox 590 608 714 636; x_wconf 58' lang='lat' dir='ltr'><strong>saeculari</strong></span> <span class='ocrx_word' id='word_1_139' title='bbox 734 609 835 635; x_wconf 85' lang='lat' dir='ltr'><strong>mundo</strong></span> <span class='ocrx_word' id='word_1_140' title='bbox 852 615 987 642; x_wconf 80' lang='lat' dir='ltr'><strong>cognove-</strong></span> 
     </span>
    </p>
   </div>
   <div class='ocr_carea' id='block_1_21' title="bbox 1041 602 1835 644">
    <p class='ocr_par' dir='ltr' id='par_1_21' title="bbox 1041 602 1835 639">
     <span class='ocr_line' id='line_1_21' title="bbox 1041 602 1835 639; baseline -0.003 -9"><span class='ocrx_word' id='word_1_141' title='bbox 1041 604 1179 639; x_wconf 78' lang='grc' dir='ltr'>ἡμετέρας</span> <span class='ocrx_word' id='word_1_142' title='bbox 1195 603 1301 638; x_wconf 70' lang='grc' dir='ltr'>μητρὸς</span> <span class='ocrx_word' id='word_1_143' title='bbox 1312 603 1361 637; x_wconf 89' lang='grc' dir='ltr'>τῆς</span> <span class='ocrx_word' id='word_1_144' title='bbox 1370 602 1506 638; x_wconf 83' lang='grc' dir='ltr'><strong>κοσμικῆς</strong></span> <span class='ocrx_word' id='word_1_145' title='bbox 1517 602 1637 637; x_wconf 84' lang='grc' dir='ltr'>βιώσεως</span> <span class='ocrx_word' id='word_1_146' title='bbox 1647 603 1682 629; x_wconf 79' lang='grc' dir='ltr'><strong>τὰ</strong></span> <span class='ocrx_word' id='word_1_147' title='bbox 1694 603 1835 637; x_wconf 83' lang='grc' dir='ltr'>ἐπίσημα,</span> 
     </span>
    </p>
   </div>
   <div class='ocr_carea' id='block_1_22' title="bbox 199 647 993 690">
    <p class='ocr_par' dir='ltr' id='par_1_22' title="bbox 199 653 988 690">
     <span class='ocr_line' id='line_1_22' title="bbox 199 653 988 690; baseline -0.005 -8"><span class='ocrx_word' id='word_1_148' title='bbox 199 655 263 687; x_wconf 86' lang='lat' dir='ltr'><strong>rint,</strong></span> <span class='ocrx_word' id='word_1_149' title='bbox 278 655 397 682; x_wconf 80' lang='lat' dir='ltr'><strong>habeant</strong></span> <span class='ocrx_word' id='word_1_150' title='bbox 411 662 466 690; x_wconf 89' lang='lat' dir='ltr'><strong>quo</strong></span> <span class='ocrx_word' id='word_1_151' title='bbox 478 655 611 690; x_wconf 81' lang='lat' dir='ltr'><strong>juventur</strong></span> <span class='ocrx_word' id='word_1_152' title='bbox 625 653 818 688; x_wconf 84' lang='lat' dir='ltr'><strong>pulcherrimis</strong></span> <span class='ocrx_word' id='word_1_153' title='bbox 833 653 876 680; x_wconf 86' lang='lat' dir='ltr'><strong>his</strong></span> <span class='ocrx_word' id='word_1_154' title='bbox 892 660 988 679; x_wconf 85' lang='lat' dir='ltr'><strong>narra-</strong></span> 
     </span>
    </p>
   </div>
   <div class='ocr_carea' id='block_1_23' title="bbox 1041 647 1834 690">
    <p class='ocr_par' dir='ltr' id='par_1_23' title="bbox 1041 647 1834 684">
     <span class='ocr_line' id='line_1_23' title="bbox 1041 647 1834 684; baseline -0.001 -9"><span class='ocrx_word' id='word_1_155' title='bbox 1041 649 1088 675; x_wconf 78' lang='grc' dir='ltr'><strong>καὶ</strong></span> <span class='ocrx_word' id='word_1_156' title='bbox 1101 648 1190 675; x_wconf 86' lang='grc' dir='ltr'>ταῦτα</span> <span class='ocrx_word' id='word_1_157' title='bbox 1201 647 1320 684; x_wconf 79' lang='grc' dir='ltr'>διῆλθον,</span> <span class='ocrx_word' id='word_1_158' title='bbox 1333 648 1383 683; x_wconf 85' lang='grc' dir='ltr'><strong>οὐχ</strong></span> <span class='ocrx_word' id='word_1_159' title='bbox 1398 648 1441 674; x_wconf 80' lang='grc' dir='ltr'>ἵνα</span> <span class='ocrx_word' id='word_1_160' title='bbox 1457 647 1539 683; x_wconf 82' lang='grc' dir='ltr'>μόνον</span> <span class='ocrx_word' id='word_1_161' title='bbox 1553 647 1647 682; x_wconf 81' lang='grc' dir='ltr'>ὑμεῖς,</span> <span class='ocrx_word' id='word_1_162' title='bbox 1664 647 1720 674; x_wconf 78' lang='grc' dir='ltr'>ἀλλ’</span> <span class='ocrx_word' id='word_1_163' title='bbox 1741 648 1766 674; x_wconf 87' lang='grc' dir='ltr'><strong>εί</strong></span> <span class='ocrx_word' id='word_1_164' title='bbox 1783 648 1834 674; x_wconf 81' lang='grc' dir='ltr'><strong>καί</strong></span> 
     </span>
    </p>
   </div>
   <div class='ocr_carea' id='block_1_24' title="bbox 200 693 993 733">
    <p class='ocr_par' dir='ltr' id='par_1_24' title="bbox 200 698 705 733">
     <span class='ocr_line' id='line_1_24' title="bbox 200 698 705 733; baseline -0.002 -6"><span class='ocrx_word' id='word_1_165' title='bbox 200 699 330 733; x_wconf 86' lang='lat' dir='ltr'><strong>tionibus,</strong></span> <span class='ocrx_word' id='word_1_166' title='bbox 342 704 369 727; x_wconf 91' lang='lat' dir='ltr'><strong>et</strong></span> <span class='ocrx_word' id='word_1_167' title='bbox 384 699 439 726; x_wconf 90' lang='lat' dir='ltr'><strong>Deo</strong></span> <span class='ocrx_word' id='word_1_168' title='bbox 454 699 561 726; x_wconf 84' lang='lat' dir='ltr'><strong>laudent</strong></span> <span class='ocrx_word' id='word_1_169' title='bbox 574 698 705 726; x_wconf 80' lang='lat' dir='ltr'><strong>tribuant.</strong></span> 
     </span>
    </p>
   </div>
   <div class='ocr_carea' id='block_1_25' title="bbox 1041 693 1834 733">
    <p class='ocr_par' dir='ltr' id='par_1_25' title="bbox 1041 693 1834 730">
     <span class='ocr_line' id='line_1_25' title="bbox 1041 693 1834 730; baseline -0.001 -9"><span class='ocrx_word' id='word_1_170' title='bbox 1041 703 1114 727; x_wconf 84' lang='grc' dir='ltr'>τινες</span> <span class='ocrx_word' id='word_1_171' title='bbox 1126 695 1180 721; x_wconf 85' lang='grc' dir='ltr'><strong>τῶν</strong></span> <span class='ocrx_word' id='word_1_172' title='bbox 1195 695 1224 720; x_wconf 89' lang='grc' dir='ltr'><strong>ἐν</strong></span> <span class='ocrx_word' id='word_1_173' title='bbox 1235 694 1274 730; x_wconf 85' lang='grc' dir='ltr'><strong>τῷ</strong></span> <span class='ocrx_word' id='word_1_174' title='bbox 1294 694 1390 729; x_wconf 84' lang='grc' dir='ltr'>κόσμῳ</span> <span class='ocrx_word' id='word_1_175' title='bbox 1403 693 1545 728; x_wconf 78' lang='grc' dir='ltr'>φθάσωσιν</span> <span class='ocrx_word' id='word_1_176' title='bbox 1560 693 1714 726; x_wconf 76' lang='grc' dir='ltr'>ἐπανιέναι,</span> <span class='ocrx_word' id='word_1_177' title='bbox 1731 693 1834 728; x_wconf 73' lang='grc' dir='ltr'>ἔχωσιν</span> 
     </span>
    </p>
   </div>
   <div class='ocr_carea' id='block_1_26' title="bbox 1041 740 1835 776">
    <p class='ocr_par' dir='ltr' id='par_1_26' title="bbox 1041 740 1835 776">
     <span class='ocr_line' id='line_1_26' title="bbox 1041 740 1835 776; baseline -0.001 -8"><span class='ocrx_word' id='word_1_178' title='bbox 1041 740 1205 776; x_wconf 79' lang='grc' dir='ltr'>ὠφελεῖσθαι</span> <span class='ocrx_word' id='word_1_179' title='bbox 1217 741 1273 772; x_wconf 82' lang='grc' dir='ltr'>τοῖς</span> <span class='ocrx_word' id='word_1_180' title='bbox 1283 740 1439 772; x_wconf 75' lang='grc' dir='ltr'>καλλίστοις</span> <span class='ocrx_word' id='word_1_181' title='bbox 1452 740 1622 776; x_wconf 83' lang='grc' dir='ltr'>διηγήμασιν</span> <span class='ocrx_word' id='word_1_182' title='bbox 1637 740 1697 776; x_wconf 85' lang='grc' dir='ltr'><strong>Θεῷ</strong></span> <span class='ocrx_word' id='word_1_183' title='bbox 1711 740 1835 775; x_wconf 80' lang='grc' dir='ltr'>ἀνθομο-</span> 
     </span>
    </p>
   </div>
   <div class='ocr_carea' id='block_1_27' title="bbox 1041 787 1210 822">
    <p class='ocr_par' dir='ltr' id='par_1_27' title="bbox 1041 787 1210 822">
     <span class='ocr_line' id='line_1_27' title="bbox 1041 787 1210 822; baseline 0 -8"><span class='ocrx_word' id='word_1_184' title='bbox 1041 787 1121 821; x_wconf 82' lang='grc' dir='ltr'><strong>λογοὺ</strong></span> <span class='ocrx_word' id='word_1_185' title='bbox 1125 794 1210 822; x_wconf 80' lang='grc' dir='ltr'>μενοι.</span> 
     </span>
    </p>
   </div>
   <div class='ocr_carea' id='block_1_28' title="bbox 239 829 993 872">
    <p class='ocr_par' dir='ltr' id='par_1_28' title="bbox 239 835 988 872">
     <span class='ocr_line' id='line_1_28' title="bbox 239 835 988 872; baseline -0.003 -8"><span class='ocrx_word' id='word_1_186' title='bbox 239 837 265 864; x_wconf 86' lang='grc'><strong>7.</strong></span> <span class='ocrx_word' id='word_1_187' title='bbox 286 836 341 864; x_wconf 85' lang='lat' dir='ltr'><strong>Sed</strong></span> <span class='ocrx_word' id='word_1_188' title='bbox 365 835 455 872; x_wconf 72' lang='lat' dir='ltr'><strong>agesis</strong></span> <span class='ocrx_word' id='word_1_189' title='bbox 471 835 575 871; x_wconf 89' lang='lat' dir='ltr'><strong>reliqua</strong></span> <span class='ocrx_word' id='word_1_190' title='bbox 592 843 808 872; x_wconf 79' lang='lat' dir='ltr'><strong>persequamur,</strong></span> <span class='ocrx_word' id='word_1_191' title='bbox 837 836 862 863; x_wconf 93' lang='lat' dir='ltr'><strong>in</strong></span> <span class='ocrx_word' id='word_1_192' title='bbox 887 837 988 871; x_wconf 85' lang='lat' dir='ltr'><strong>quibus</strong></span> 
     </span>
    </p>
   </div>
   <div class='ocr_carea' id='block_1_29' title="bbox 1041 829 1838 872">
    <p class='ocr_par' dir='ltr' id='par_1_29' title="bbox 1076 829 1838 867">
     <span class='ocr_line' id='line_1_29' title="bbox 1076 829 1838 867; baseline -0.003 -8"><span class='ocrx_word' id='word_1_193' title='bbox 1076 832 1110 864; x_wconf 76' lang='grc' dir='ltr'><strong>ζ’.</strong></span> <span class='ocrx_word' id='word_1_194' title='bbox 1122 831 1207 867; x_wconf 83' lang='grc' dir='ltr'>Δεῦρο</span> <span class='ocrx_word' id='word_1_195' title='bbox 1220 831 1252 867; x_wconf 80' lang='grc' dir='ltr'>δὴ</span> <span class='ocrx_word' id='word_1_196' title='bbox 1268 830 1372 862; x_wconf 72' lang='grc' dir='ltr'>λοιπὸν,</span> <span class='ocrx_word' id='word_1_197' title='bbox 1382 831 1438 858; x_wconf 86' lang='grc' dir='ltr'><strong>τῶν</strong></span> <span class='ocrx_word' id='word_1_198' title='bbox 1451 829 1514 866; x_wconf 77' lang='grc' dir='ltr'>ἐξῆς</span> <span class='ocrx_word' id='word_1_199' title='bbox 1527 830 1745 866; x_wconf 79' lang='grc' dir='ltr'>ἐχώμεθα,πρὺς</span> <span class='ocrx_word' id='word_1_200' title='bbox 1754 830 1772 857; x_wconf 75' lang='grc' dir='ltr'>ἃ</span> <span class='ocrx_word' id='word_1_201' title='bbox 1785 831 1838 866; x_wconf 79' lang='grc' dir='ltr'><strong>μά-</strong></span> 
     </span>
    </p>
   </div>
   <div class='ocr_carea' id='block_1_30' title="bbox 202 877 993 917">
    <p class='ocr_par' dir='ltr' id='par_1_30' title="bbox 202 881 991 917">
     <span class='ocr_line' id='line_1_30' title="bbox 202 881 991 917; baseline -0.004 -7"><span class='ocrx_word' id='word_1_202' title='bbox 202 882 339 917; x_wconf 70' lang='lat' dir='ltr'><strong>praacipue</strong></span> <span class='ocrx_word' id='word_1_203' title='bbox 366 881 531 916; x_wconf 85' lang='lat' dir='ltr'><strong>proprieque</strong></span> <span class='ocrx_word' id='word_1_204' title='bbox 559 888 650 909; x_wconf 84' lang='lat' dir='ltr'><strong>sermo</strong></span> <span class='ocrx_word' id='word_1_205' title='bbox 678 886 771 908; x_wconf 89' lang='lat' dir='ltr'><strong>noster</strong></span> <span class='ocrx_word' id='word_1_206' title='bbox 790 881 958 913; x_wconf 82' lang='lat' dir='ltr'><strong>versabitur,</strong></span> <span class='ocrx_word' id='word_1_207' title='bbox 974 889 991 908; x_wconf 93' lang='grc' dir='ltr'><strong>ο</strong></span> 
     </span>
    </p>
   </div>
   <div class='ocr_carea' id='block_1_31' title="bbox 1041 877 1835 917">
    <p class='ocr_par' dir='ltr' id='par_1_31' title="bbox 1041 877 1835 913">
     <span class='ocr_line' id='line_1_31' title="bbox 1041 877 1835 913; baseline 0 -8"><span class='ocrx_word' id='word_1_208' title='bbox 1041 880 1119 906; x_wconf 81' lang='grc' dir='ltr'>λιστα</span> <span class='ocrx_word' id='word_1_209' title='bbox 1135 879 1183 905; x_wconf 80' lang='grc' dir='ltr'><strong>καὶ</strong></span> <span class='ocrx_word' id='word_1_210' title='bbox 1197 878 1307 910; x_wconf 75' lang='grc' dir='ltr'>οξκείως</span> <span class='ocrx_word' id='word_1_211' title='bbox 1329 878 1396 913; x_wconf 83' lang='grc' dir='ltr'>ἡμῖν</span> <span class='ocrx_word' id='word_1_212' title='bbox 1411 877 1466 911; x_wconf 72' lang='grc' dir='ltr'>ἕξει</span> <span class='ocrx_word' id='word_1_213' title='bbox 1487 878 1501 903; x_wconf 89' lang='grc' dir='ltr'><strong>ό</strong></span> <span class='ocrx_word' id='word_1_214' title='bbox 1517 877 1596 911; x_wconf 86' lang='grc' dir='ltr'>λόγος</span> <span class='ocrx_word' id='word_1_215' title='bbox 1609 897 1617 909; x_wconf 87' lang='grc'><strong>,</strong></span> <span class='ocrx_word' id='word_1_216' title='bbox 1640 878 1835 913; x_wconf 73' lang='grc' dir='ltr'>ἠγαπημένοι.</span> 
     </span>
    </p>
   </div>
   <div class='ocr_carea' id='block_1_32' title="bbox 201 923 993 961">
    <p class='ocr_par' dir='ltr' id='par_1_32' title="bbox 201 925 991 960">
     <span class='ocr_line' id='line_1_32' title="bbox 201 925 991 960; baseline -0.004 -6"><span class='ocrx_word' id='word_1_217' title='bbox 201 927 302 955; x_wconf 76' lang='lat' dir='ltr'><strong>dilecti.</strong></span> <span class='ocrx_word' id='word_1_218' title='bbox 326 926 470 953; x_wconf 80' lang='lat' dir='ltr'><strong>Pulchram</strong></span> <span class='ocrx_word' id='word_1_219' title='bbox 486 925 552 953; x_wconf 88' lang='lat' dir='ltr'><strong>facit</strong></span> <span class='ocrx_word' id='word_1_220' title='bbox 567 926 758 957; x_wconf 84' lang='lat' dir='ltr'><strong>mutationem,</strong></span> <span class='ocrx_word' id='word_1_221' title='bbox 780 925 932 960; x_wconf 75' lang='lat' dir='ltr'><strong>angelicum</strong></span> <span class='ocrx_word' id='word_1_222' title='bbox 949 925 991 951; x_wconf 93' lang='lat' dir='ltr'><strong>in-</strong></span> 
     </span>
    </p>
   </div>
   <div class='ocr_carea' id='block_1_33' title="bbox 1041 923 1836 961">
    <p class='ocr_par' dir='ltr' id='par_1_33' title="bbox 1048 923 1836 961">
     <span class='ocr_line' id='line_1_33' title="bbox 1048 923 1836 961; baseline -0.001 -10"><span class='ocrx_word' id='word_1_223' title='bbox 1048 925 1217 952; x_wconf 76' lang='grc' dir='ltr'>Ἀλλοιοῦται</span> <span class='ocrx_word' id='word_1_224' title='bbox 1228 925 1278 961; x_wconf 85' lang='grc' dir='ltr'>τὴν</span> <span class='ocrx_word' id='word_1_225' title='bbox 1291 924 1377 959; x_wconf 80' lang='grc' dir='ltr'>καλὴν</span> <span class='ocrx_word' id='word_1_226' title='bbox 1386 923 1539 957; x_wconf 75' lang='grc' dir='ltr'>ἀλλοίωσιν,</span> <span class='ocrx_word' id='word_1_227' title='bbox 1548 923 1578 950; x_wconf 82' lang='grc' dir='ltr'><strong>τδ</strong></span> <span class='ocrx_word' id='word_1_228' title='bbox 1588 923 1731 958; x_wconf 82' lang='grc' dir='ltr'>ίσάγγελον</span> <span class='ocrx_word' id='word_1_229' title='bbox 1740 924 1836 959; x_wconf 81' lang='grc' dir='ltr'>σχῆμα</span> 
     </span>
    </p>
   </div>
   <div class='ocr_carea' id='block_1_34' title="bbox 202 965 993 1007">
    <p class='ocr_par' dir='ltr' id='par_1_34' title="bbox 202 965 992 1000">
     <span class='ocr_line' id='line_1_34' title="bbox 202 965 992 1000; baseline -0.004 0"><span class='ocrx_word' id='word_1_230' title='bbox 202 974 289 1000; x_wconf 87' lang='lat' dir='ltr'><strong>duens</strong></span> <span class='ocrx_word' id='word_1_231' title='bbox 313 972 436 1000; x_wconf 90' lang='lat' dir='ltr'><strong>habitum</strong></span> <span class='ocrx_word' id='word_1_232' title='bbox 452 965 628 998; x_wconf 80' lang='lat' dir='ltr'><strong>ornatissima</strong></span> <span class='ocrx_word' id='word_1_233' title='bbox 652 970 752 997; x_wconf 84' lang='lat' dir='ltr'><strong>femina</strong></span> <span class='ocrx_word' id='word_1_234' title='bbox 769 979 776 997; x_wconf 88' lang='lat'>:</span> <span class='ocrx_word' id='word_1_235' title='bbox 796 971 942 998; x_wconf 89' lang='lat' dir='ltr'><strong>multorum</strong></span> <span class='ocrx_word' id='word_1_236' title='bbox 959 977 992 997; x_wconf 89' lang='lat' dir='ltr'><strong>eo</strong></span> 
     </span>
    </p>
   </div>
   <div class='ocr_carea' id='block_1_35' title="bbox 1041 965 1837 1007">
    <p class='ocr_par' dir='ltr' id='par_1_35' title="bbox 1045 969 1837 1007">
     <span class='ocr_line' id='line_1_35' title="bbox 1045 969 1837 1007; baseline -0.003 -9"><span class='ocrx_word' id='word_1_237' title='bbox 1045 971 1296 1007; x_wconf 76' lang='grc' dir='ltr'>μεταμφιασαμένη</span> <span class='ocrx_word' id='word_1_238' title='bbox 1312 972 1329 1006; x_wconf 80' lang='grc' dir='ltr'>ἡ</span> <span class='ocrx_word' id='word_1_239' title='bbox 1344 970 1515 1005; x_wconf 82' lang='grc' dir='ltr'>περίκοσμος</span> <span class='ocrx_word' id='word_1_240' title='bbox 1525 979 1532 986; x_wconf 92' lang='grc'>·</span> <span class='ocrx_word' id='word_1_241' title='bbox 1555 971 1626 996; x_wconf 80' lang='grc' dir='ltr'>κινεῖ</span> <span class='ocrx_word' id='word_1_242' title='bbox 1646 969 1714 1004; x_wconf 86' lang='grc' dir='ltr'>γοῦν</span> <span class='ocrx_word' id='word_1_243' title='bbox 1728 969 1837 996; x_wconf 79' lang='grc' dir='ltr'>πολλῶν</span> 
     </span>
    </p>
   </div>
   <div class='ocr_carea' id='block_1_36' title="bbox 205 1015 993 1053">
    <p class='ocr_par' dir='ltr' id='par_1_36' title="bbox 205 1015 992 1052">
     <span class='ocr_line' id='line_1_36' title="bbox 205 1015 992 1052; baseline -0.005 -7"><span class='ocrx_word' id='word_1_244' title='bbox 205 1017 275 1046; x_wconf 78' lang='lat' dir='ltr'><strong>facto</strong></span> <span class='ocrx_word' id='word_1_245' title='bbox 306 1017 442 1052; x_wconf 87' lang='lat' dir='ltr'><strong>lacrymas</strong></span> <span class='ocrx_word' id='word_1_246' title='bbox 469 1016 559 1048; x_wconf 85' lang='lat' dir='ltr'><strong>elicit,</strong></span> <span class='ocrx_word' id='word_1_247' title='bbox 586 1015 633 1050; x_wconf 88' lang='lat' dir='ltr'><strong>qui</strong></span> <span class='ocrx_word' id='word_1_248' title='bbox 662 1015 707 1042; x_wconf 87' lang='lat' dir='ltr'><strong>illa</strong></span> <span class='ocrx_word' id='word_1_249' title='bbox 737 1016 780 1043; x_wconf 89' lang='lat' dir='ltr'><strong>die</strong></span> <span class='ocrx_word' id='word_1_250' title='bbox 806 1015 893 1043; x_wconf 85' lang='lat' dir='ltr'><strong>vocati</strong></span> <span class='ocrx_word' id='word_1_251' title='bbox 925 1023 992 1042; x_wconf 86' lang='lat' dir='ltr'><strong>con-</strong></span> 
     </span>
    </p>
   </div>
   <div class='ocr_carea' id='block_1_37' title="bbox 1041 1015 1837 1053">
    <p class='ocr_par' dir='ltr' id='par_1_37' title="bbox 1042 1015 1837 1053">
     <span class='ocr_line' id='line_1_37' title="bbox 1042 1015 1837 1053; baseline -0.004 -9"><span class='ocrx_word' id='word_1_252' title='bbox 1042 1017 1147 1053; x_wconf 81' lang='grc' dir='ltr'>δάκρυα</span> <span class='ocrx_word' id='word_1_253' title='bbox 1179 1017 1226 1044; x_wconf 75' lang='grc' dir='ltr'>ἐπὶ</span> <span class='ocrx_word' id='word_1_254' title='bbox 1251 1017 1290 1052; x_wconf 82' lang='grc' dir='ltr'>τῷ</span> <span class='ocrx_word' id='word_1_255' title='bbox 1312 1016 1491 1052; x_wconf 75' lang='grc' dir='ltr'>γεγενημένῳ</span> <span class='ocrx_word' id='word_1_256' title='bbox 1517 1015 1736 1050; x_wconf 78' lang='grc' dir='ltr'>συνεληλυθότων</span> <span class='ocrx_word' id='word_1_257' title='bbox 1761 1016 1837 1042; x_wconf 70' lang='grc' dir='ltr'>κατὰ</span> 
     </span>
    </p>
   </div>
   <div class='ocr_carea' id='block_1_38' title="bbox 201 1058 993 1097">
    <p class='ocr_par' dir='ltr' id='par_1_38' title="bbox 201 1060 993 1094">
     <span class='ocr_line' id='line_1_38' title="bbox 201 1060 993 1094; baseline -0.003 -4"><span class='ocrx_word' id='word_1_258' title='bbox 201 1066 352 1094; x_wconf 76' lang='lat' dir='ltr'><strong>venerant,</strong></span> <span class='ocrx_word' id='word_1_259' title='bbox 380 1060 424 1087; x_wconf 85' lang='lat' dir='ltr'><strong>vel</strong></span> <span class='ocrx_word' id='word_1_260' title='bbox 440 1060 522 1088; x_wconf 89' lang='lat' dir='ltr'><strong>etiam</strong></span> <span class='ocrx_word' id='word_1_261' title='bbox 540 1064 637 1094; x_wconf 88' lang='lat' dir='ltr'><strong>sponte</strong></span> <span class='ocrx_word' id='word_1_262' title='bbox 654 1065 873 1094; x_wconf 86' lang='lat' dir='ltr'><strong>concurrerant,</strong></span> <span class='ocrx_word' id='word_1_263' title='bbox 889 1064 920 1087; x_wconf 89' lang='lat' dir='ltr'><strong>ut</strong></span> <span class='ocrx_word' id='word_1_264' title='bbox 942 1061 993 1088; x_wconf 86' lang='lat' dir='ltr'><strong>hoc</strong></span> 
     </span>
    </p>
   </div>
   <div class='ocr_carea' id='block_1_39' title="bbox 1041 1058 1837 1097">
    <p class='ocr_par' dir='ltr' id='par_1_39' title="bbox 1043 1058 1837 1097">
     <span class='ocr_line' id='line_1_39' title="bbox 1043 1058 1837 1097; baseline -0.003 -9"><span class='ocrx_word' id='word_1_265' title='bbox 1043 1061 1093 1097; x_wconf 81' lang='grc' dir='ltr'>τὴν</span> <span class='ocrx_word' id='word_1_266' title='bbox 1113 1061 1234 1097; x_wconf 81' lang='grc' dir='ltr'>ἡμέραν,</span> <span class='ocrx_word' id='word_1_267' title='bbox 1252 1060 1327 1088; x_wconf 75' lang='grc' dir='ltr'>ἔστιν</span> <span class='ocrx_word' id='word_1_268' title='bbox 1341 1058 1380 1087; x_wconf 79' lang='grc' dir='ltr'>ὧν</span> <span class='ocrx_word' id='word_1_269' title='bbox 1394 1062 1442 1088; x_wconf 79' lang='grc' dir='ltr'>καὶ</span> <span class='ocrx_word' id='word_1_270' title='bbox 1458 1061 1585 1095; x_wconf 76' lang='grc' dir='ltr'>ἁκλὴτως</span> <span class='ocrx_word' id='word_1_271' title='bbox 1597 1081 1604 1092; x_wconf 90' lang='grc'><strong>,</strong></span> <span class='ocrx_word' id='word_1_272' title='bbox 1627 1060 1671 1086; x_wconf 89' lang='grc' dir='ltr'><strong>ῖνα</strong></span> <span class='ocrx_word' id='word_1_273' title='bbox 1690 1060 1738 1087; x_wconf 76' lang='grc' dir='ltr'>καὶ</span> <span class='ocrx_word' id='word_1_274' title='bbox 1753 1061 1837 1095; x_wconf 85' lang='grc' dir='ltr'>μόνον</span> 
     </span>
    </p>
   </div>
   <div class='ocr_carea' id='block_1_40' title="bbox 202 1106 993 1142">
    <p class='ocr_par' dir='ltr' id='par_1_40' title="bbox 202 1106 993 1141">
     <span class='ocr_line' id='line_1_40' title="bbox 202 1106 993 1141; baseline -0.003 -7"><span class='ocrx_word' id='word_1_275' title='bbox 202 1106 390 1134; x_wconf 88' lang='lat' dir='ltr'><strong>tantummodo</strong></span> <span class='ocrx_word' id='word_1_276' title='bbox 413 1110 568 1141; x_wconf 75' lang='lat' dir='ltr'><strong>spectarent</strong></span> <span class='ocrx_word' id='word_1_277' title='bbox 589 1106 750 1141; x_wconf 76' lang='lat' dir='ltr'><strong>mysterium</strong></span> <span class='ocrx_word' id='word_1_278' title='bbox 777 1106 879 1141; x_wconf 70' lang='lat' dir='ltr'><strong>peragi.</strong></span> <span class='ocrx_word' id='word_1_279' title='bbox 923 1106 993 1132; x_wconf 76' lang='lat' dir='ltr'><strong>Ade-</strong></span> 
     </span>
    </p>
   </div>
   <div class='ocr_carea' id='block_1_41' title="bbox 1041 1106 1838 1142">
    <p class='ocr_par' dir='ltr' id='par_1_41' title="bbox 1044 1106 1838 1142">
     <span class='ocr_line' id='line_1_41' title="bbox 1044 1106 1838 1142; baseline 0.001 -10"><span class='ocrx_word' id='word_1_280' title='bbox 1044 1106 1196 1134; x_wconf 73' lang='grc' dir='ltr'>θεάσωνται</span> <span class='ocrx_word' id='word_1_281' title='bbox 1221 1106 1252 1133; x_wconf 85' lang='grc' dir='ltr'>τὸ</span> <span class='ocrx_word' id='word_1_282' title='bbox 1276 1106 1427 1142; x_wconf 81' lang='grc' dir='ltr'>μυστήριον</span> <span class='ocrx_word' id='word_1_283' title='bbox 1443 1106 1624 1141; x_wconf 74' lang='grc' dir='ltr'>τελούμενονο</span> <span class='ocrx_word' id='word_1_284' title='bbox 1651 1106 1781 1142; x_wconf 82' lang='grc' dir='ltr'>παρῆμεν</span> <span class='ocrx_word' id='word_1_285' title='bbox 1805 1106 1838 1133; x_wconf 75' lang='grc' dir='ltr'>δὲ</span> 
     </span>
    </p>
   </div>
   <div class='ocr_carea' id='block_1_42' title="bbox 202 1150 993 1186">
    <p class='ocr_par' dir='ltr' id='par_1_42' title="bbox 202 1151 993 1186">
     <span class='ocr_line' id='line_1_42' title="bbox 202 1151 993 1186; baseline -0.004 -6"><span class='ocrx_word' id='word_1_286' title='bbox 202 1160 296 1180; x_wconf 85' lang='lat' dir='ltr'><strong>ramus</strong></span> <span class='ocrx_word' id='word_1_287' title='bbox 311 1155 338 1180; x_wconf 87' lang='lat' dir='ltr'><strong>et</strong></span> <span class='ocrx_word' id='word_1_288' title='bbox 370 1159 422 1179; x_wconf 84' lang='lat' dir='ltr'><strong>nos</strong></span> <span class='ocrx_word' id='word_1_289' title='bbox 436 1159 499 1178; x_wconf 91' lang='lat' dir='ltr'><strong>cum</strong></span> <span class='ocrx_word' id='word_1_290' title='bbox 521 1151 645 1186; x_wconf 74' lang='lat' dir='ltr'><strong>genitore</strong></span> <span class='ocrx_word' id='word_1_291' title='bbox 668 1151 807 1179; x_wconf 91' lang='lat' dir='ltr'><strong>commttni</strong></span> <span class='ocrx_word' id='word_1_292' title='bbox 826 1171 835 1184; x_wconf 90' lang='lat'><strong>,</strong></span> <span class='ocrx_word' id='word_1_293' title='bbox 857 1151 993 1178; x_wconf 84' lang='lat' dir='ltr'><strong>festuntne</strong></span> 
     </span>
    </p>
   </div>
   <div class='ocr_carea' id='block_1_43' title="bbox 1041 1150 1839 1186">
    <p class='ocr_par' dir='ltr' id='par_1_43' title="bbox 1044 1150 1839 1186">
     <span class='ocr_line' id='line_1_43' title="bbox 1044 1150 1839 1186; baseline 0 -9"><span class='ocrx_word' id='word_1_294' title='bbox 1044 1151 1091 1177; x_wconf 76' lang='grc' dir='ltr'><strong>καὶ</strong></span> <span class='ocrx_word' id='word_1_295' title='bbox 1110 1151 1191 1186; x_wconf 78' lang='grc' dir='ltr'>ἡμεῖς</span> <span class='ocrx_word' id='word_1_296' title='bbox 1206 1151 1256 1177; x_wconf 81' lang='grc' dir='ltr'>σὺν</span> <span class='ocrx_word' id='word_1_297' title='bbox 1271 1150 1311 1186; x_wconf 83' lang='grc' dir='ltr'><strong>τῷ</strong></span> <span class='ocrx_word' id='word_1_298' title='bbox 1327 1150 1411 1186; x_wconf 82' lang='grc' dir='ltr'>κοινῷ</span> <span class='ocrx_word' id='word_1_299' title='bbox 1428 1151 1516 1185; x_wconf 59' lang='lat' dir='ltr'><strong>lla-rp!</strong></span> <span class='ocrx_word' id='word_1_300' title='bbox 1527 1171 1534 1183; x_wconf 97' lang='lat'><strong>,</strong></span> <span class='ocrx_word' id='word_1_301' title='bbox 1560 1151 1587 1177; x_wconf 90' lang='grc' dir='ltr'><strong>τί</strong></span> <span class='ocrx_word' id='word_1_302' title='bbox 1601 1151 1648 1178; x_wconf 76' lang='grc' dir='ltr'><strong>καὶ</strong></span> <span class='ocrx_word' id='word_1_303' title='bbox 1667 1151 1721 1185; x_wconf 81' lang='grc' dir='ltr'><strong>φῶ,</strong></span> <span class='ocrx_word' id='word_1_304' title='bbox 1738 1151 1839 1186; x_wconf 81' lang='grc' dir='ltr'>ἐορτά-</span> 
     </span>
    </p>
   </div>
   <div class='ocr_carea' id='block_1_44' title="bbox 203 1196 993 1232">
    <p class='ocr_par' dir='ltr' id='par_1_44' title="bbox 203 1197 992 1232">
     <span class='ocr_line' id='line_1_44' title="bbox 203 1197 992 1232; baseline -0.001 -7"><span class='ocrx_word' id='word_1_305' title='bbox 203 1198 292 1225; x_wconf 89' lang='lat' dir='ltr'><strong>acturi</strong></span> <span class='ocrx_word' id='word_1_306' title='bbox 306 1205 341 1224; x_wconf 88' lang='lat' dir='ltr'><strong>an</strong></span> <span class='ocrx_word' id='word_1_307' title='bbox 357 1197 489 1232; x_wconf 89' lang='lat' dir='ltr'><strong>ploraturi</strong></span> <span class='ocrx_word' id='word_1_308' title='bbox 501 1197 512 1223; x_wconf 72' lang='lat'><strong><em>7</em></strong></span> <span class='ocrx_word' id='word_1_309' title='bbox 527 1201 642 1224; x_wconf 86' lang='lat' dir='ltr'><strong>matrem</strong></span> <span class='ocrx_word' id='word_1_310' title='bbox 654 1199 820 1229; x_wconf 86' lang='lat' dir='ltr'><strong>amittentes,</strong></span> <span class='ocrx_word' id='word_1_311' title='bbox 838 1204 926 1232; x_wconf 87' lang='lat' dir='ltr'><strong>neque</strong></span> <span class='ocrx_word' id='word_1_312' title='bbox 936 1197 992 1231; x_wconf 80' lang='lat' dir='ltr'><strong>jam</strong></span> 
     </span>
    </p>
   </div>
   <div class='ocr_carea' id='block_1_45' title="bbox 1041 1196 1838 1232">
    <p class='ocr_par' dir='ltr' id='par_1_45' title="bbox 1045 1196 1838 1232">
     <span class='ocr_line' id='line_1_45' title="bbox 1045 1196 1838 1232; baseline 0.001 -10"><span class='ocrx_word' id='word_1_313' title='bbox 1045 1204 1138 1227; x_wconf 79' lang='grc' dir='ltr'>σοντες</span> <span class='ocrx_word' id='word_1_314' title='bbox 1152 1196 1168 1231; x_wconf 82' lang='grc' dir='ltr'>ἢ</span> <span class='ocrx_word' id='word_1_315' title='bbox 1186 1196 1386 1232; x_wconf 81' lang='grc' dir='ltr'>θρηνήσοντες;</span> <span class='ocrx_word' id='word_1_316' title='bbox 1411 1197 1462 1232; x_wconf 80' lang='grc' dir='ltr'>τήν</span> <span class='ocrx_word' id='word_1_317' title='bbox 1474 1205 1504 1223; x_wconf 88' lang='grc' dir='ltr'><strong>τε</strong></span> <span class='ocrx_word' id='word_1_318' title='bbox 1522 1196 1629 1232; x_wconf 83' lang='grc' dir='ltr'>μητέρα</span> <span class='ocrx_word' id='word_1_319' title='bbox 1646 1197 1838 1231; x_wconf 79' lang='grc' dir='ltr'>ἀποσεὸληκό-</span> 
     </span>
    </p>
   </div>
   <div class='ocr_carea' id='block_1_46' title="bbox 203 1240 993 1278">
    <p class='ocr_par' dir='ltr' id='par_1_46' title="bbox 203 1240 992 1275">
     <span class='ocr_line' id='line_1_46' title="bbox 203 1240 992 1275; baseline 0 -7"><span class='ocrx_word' id='word_1_320' title='bbox 203 1241 368 1268; x_wconf 86' lang='lat' dir='ltr'><strong>conlldeutia</strong></span> <span class='ocrx_word' id='word_1_321' title='bbox 394 1240 474 1268; x_wconf 85' lang='lat' dir='ltr'><strong>solita</strong></span> <span class='ocrx_word' id='word_1_322' title='bbox 492 1247 552 1267; x_wconf 84' lang='lat' dir='ltr'><strong>eam</strong></span> <span class='ocrx_word' id='word_1_323' title='bbox 571 1241 742 1275; x_wconf 89' lang='lat' dir='ltr'><strong>alloquetttes</strong></span> <span class='ocrx_word' id='word_1_324' title='bbox 767 1246 814 1268; x_wconf 89' lang='lat' dir='ltr'><strong>aut</strong></span> <span class='ocrx_word' id='word_1_325' title='bbox 850 1241 992 1274; x_wconf 81' lang='lat' dir='ltr'><strong>adeuntes,</strong></span> 
     </span>
    </p>
   </div>
   <div class='ocr_carea' id='block_1_47' title="bbox 1041 1240 1837 1278">
    <p class='ocr_par' dir='ltr' id='par_1_47' title="bbox 1044 1241 1837 1278">
     <span class='ocr_line' id='line_1_47' title="bbox 1044 1241 1837 1278; baseline 0.001 -10"><span class='ocrx_word' id='word_1_326' title='bbox 1044 1249 1100 1273; x_wconf 75' lang='grc' dir='ltr'>τες,</span> <span class='ocrx_word' id='word_1_327' title='bbox 1113 1241 1205 1268; x_wconf 69' lang='grc' dir='ltr'>οὐκέτι</span> <span class='ocrx_word' id='word_1_328' title='bbox 1223 1242 1293 1277; x_wconf 83' lang='grc' dir='ltr'>μετὰ</span> <span class='ocrx_word' id='word_1_329' title='bbox 1307 1243 1357 1277; x_wconf 83' lang='grc' dir='ltr'>τῆς</span> <span class='ocrx_word' id='word_1_330' title='bbox 1377 1242 1463 1276; x_wconf 83' lang='grc' dir='ltr'>αὐτῆς</span> <span class='ocrx_word' id='word_1_331' title='bbox 1484 1242 1651 1278; x_wconf 71' lang='grc' dir='ltr'>παρρησίας,</span> <span class='ocrx_word' id='word_1_332' title='bbox 1670 1241 1733 1268; x_wconf 77' lang='grc' dir='ltr'>οὔτε</span> <span class='ocrx_word' id='word_1_333' title='bbox 1747 1251 1837 1277; x_wconf 76' lang='grc' dir='ltr'>προσ-</span> 
     </span>
    </p>
   </div>
   <div class='ocr_carea' id='block_1_48' title="bbox 205 1283 993 1322">
    <p class='ocr_par' dir='ltr' id='par_1_48' title="bbox 205 1283 993 1319">
     <span class='ocr_line' id='line_1_48' title="bbox 205 1283 993 1319; baseline 0.003 -9"><span class='ocrx_word' id='word_1_334' title='bbox 205 1284 252 1310; x_wconf 83' lang='lat' dir='ltr'><strong>sed</strong></span> <span class='ocrx_word' id='word_1_335' title='bbox 267 1284 301 1311; x_wconf 86' lang='lat' dir='ltr'><strong>de</strong></span> <span class='ocrx_word' id='word_1_336' title='bbox 316 1284 404 1318; x_wconf 82' lang='lat' dir='ltr'><strong>ipsius</strong></span> <span class='ocrx_word' id='word_1_337' title='bbox 417 1283 539 1311; x_wconf 86' lang='lat' dir='ltr'><strong>discessu</strong></span> <span class='ocrx_word' id='word_1_338' title='bbox 551 1284 701 1319; x_wconf 74' lang='lat' dir='ltr'><strong>cogitantes</strong></span> <span class='ocrx_word' id='word_1_339' title='bbox 715 1288 815 1312; x_wconf 63' lang='lat' dir='ltr'><strong>maesto</strong></span> <span class='ocrx_word' id='word_1_340' title='bbox 827 1292 889 1311; x_wconf 92' lang='lat' dir='ltr'><strong>cum</strong></span> <span class='ocrx_word' id='word_1_341' title='bbox 901 1285 993 1312; x_wconf 85' lang='lat' dir='ltr'><strong>corde.</strong></span> 
     </span>
    </p>
   </div>
   <div class='ocr_carea' id='block_1_49' title="bbox 1041 1283 1839 1322">
    <p class='ocr_par' dir='ltr' id='par_1_49' title="bbox 1044 1287 1839 1322">
     <span class='ocr_line' id='line_1_49' title="bbox 1044 1287 1839 1322; baseline 0 -8"><span class='ocrx_word' id='word_1_342' title='bbox 1044 1287 1213 1322; x_wconf 79' lang='grc' dir='ltr'>ομιλοῦντες,</span> <span class='ocrx_word' id='word_1_343' title='bbox 1231 1287 1293 1314; x_wconf 73' lang='grc' dir='ltr'>οὔτε</span> <span class='ocrx_word' id='word_1_344' title='bbox 1307 1287 1468 1322; x_wconf 78' lang='grc' dir='ltr'>προσιόντες</span> <span class='ocrx_word' id='word_1_345' title='bbox 1480 1307 1488 1320; x_wconf 95' lang='grc'><strong>,</strong></span> <span class='ocrx_word' id='word_1_346' title='bbox 1508 1288 1554 1314; x_wconf 81' lang='grc' dir='ltr'><strong>τόν</strong></span> <span class='ocrx_word' id='word_1_347' title='bbox 1567 1296 1597 1314; x_wconf 87' lang='grc' dir='ltr'><strong>τε</strong></span> <span class='ocrx_word' id='word_1_348' title='bbox 1615 1287 1663 1314; x_wconf 86' lang='grc' dir='ltr'><strong>ἀπ’</strong></span> <span class='ocrx_word' id='word_1_349' title='bbox 1679 1287 1766 1322; x_wconf 78' lang='grc' dir='ltr'>αὐτῆς</span> <span class='ocrx_word' id='word_1_350' title='bbox 1783 1297 1839 1322; x_wconf 82' lang='grc' dir='ltr'><strong>χω-</strong></span> 
     </span>
    </p>
   </div>
   <div class='ocr_carea' id='block_1_50' title="bbox 204 1326 993 1369">
    <p class='ocr_par' dir='ltr' id='par_1_50' title="bbox 204 1326 993 1363">
     <span class='ocr_line' id='line_1_50' title="bbox 204 1326 993 1363; baseline 0.005 -11"><span class='ocrx_word' id='word_1_351' title='bbox 204 1326 272 1353; x_wconf 89' lang='lat' dir='ltr'><strong>Nam</strong></span> <span class='ocrx_word' id='word_1_352' title='bbox 289 1334 351 1354; x_wconf 90' lang='lat' dir='ltr'><strong>cum</strong></span> <span class='ocrx_word' id='word_1_353' title='bbox 377 1331 404 1354; x_wconf 88' lang='lat' dir='ltr'><strong>et</strong></span> <span class='ocrx_word' id='word_1_354' title='bbox 420 1335 471 1354; x_wconf 86' lang='lat' dir='ltr'><strong>nus</strong></span> <span class='ocrx_word' id='word_1_355' title='bbox 484 1327 535 1361; x_wconf 85' lang='lat' dir='ltr'><strong>ipsi</strong></span> <span class='ocrx_word' id='word_1_356' title='bbox 547 1332 608 1362; x_wconf 88' lang='lat' dir='ltr'><strong>post</strong></span> <span class='ocrx_word' id='word_1_357' title='bbox 622 1332 727 1354; x_wconf 83' lang='lat' dir='ltr'><strong>certum</strong></span> <span class='ocrx_word' id='word_1_358' title='bbox 752 1328 881 1363; x_wconf 84' lang='lat' dir='ltr'><strong>temporis</strong></span> <span class='ocrx_word' id='word_1_359' title='bbox 912 1328 993 1356; x_wconf 82' lang='lat' dir='ltr'><strong>inter-</strong></span> 
     </span>
    </p>
   </div>
   <div class='ocr_carea' id='block_1_51' title="bbox 1041 1326 1840 1369">
    <p class='ocr_par' dir='ltr' id='par_1_51' title="bbox 1045 1333 1840 1369">
     <span class='ocr_line' id='line_1_51' title="bbox 1045 1333 1840 1369; baseline 0 -10"><span class='ocrx_word' id='word_1_360' title='bbox 1045 1333 1143 1368; x_wconf 84' lang='grc' dir='ltr'>ρισμδν</span> <span class='ocrx_word' id='word_1_361' title='bbox 1159 1333 1358 1368; x_wconf 82' lang='grc' dir='ltr'>ἐπινοούμενοι,</span> <span class='ocrx_word' id='word_1_362' title='bbox 1373 1334 1420 1360; x_wconf 76' lang='grc' dir='ltr'><strong>καὶ</strong></span> <span class='ocrx_word' id='word_1_363' title='bbox 1433 1333 1691 1369; x_wconf 78' lang='grc' dir='ltr'>καρδιαλγοόμενοι.</span> <span class='ocrx_word' id='word_1_364' title='bbox 1710 1334 1766 1360; x_wconf 78' lang='grc' dir='ltr'><strong>Καὶ</strong></span> <span class='ocrx_word' id='word_1_365' title='bbox 1782 1334 1840 1369; x_wconf 80' lang='grc' dir='ltr'>γὰρ</span> 
     </span>
    </p>
   </div>
   <div class='ocr_carea' id='block_1_52' title="bbox 209 1371 993 1414">
    <p class='ocr_par' dir='ltr' id='par_1_52' title="bbox 209 1371 993 1406">
     <span class='ocr_line' id='line_1_52' title="bbox 209 1371 993 1406; baseline 0.003 -8"><span class='ocrx_word' id='word_1_366' title='bbox 209 1371 311 1399; x_wconf 85' lang='lat' dir='ltr'><strong>vallum</strong></span> <span class='ocrx_word' id='word_1_367' title='bbox 348 1371 449 1399; x_wconf 85' lang='lat' dir='ltr'><strong>abituri</strong></span> <span class='ocrx_word' id='word_1_368' title='bbox 478 1371 512 1398; x_wconf 89' lang='lat' dir='ltr'><strong>ad</strong></span> <span class='ocrx_word' id='word_1_369' title='bbox 546 1371 745 1406; x_wconf 86' lang='lat' dir='ltr'><strong>professionem</strong></span> <span class='ocrx_word' id='word_1_370' title='bbox 775 1379 899 1400; x_wconf 85' lang='lat' dir='ltr'><strong>essemus</strong></span> <span class='ocrx_word' id='word_1_371' title='bbox 932 1381 993 1400; x_wconf 93' lang='lat' dir='ltr'><strong>cum</strong></span> 
     </span>
    </p>
   </div>
   <div class='ocr_carea' id='block_1_53' title="bbox 1041 1371 1840 1414">
    <p class='ocr_par' dir='ltr' id='par_1_53' title="bbox 1047 1378 1840 1414">
     <span class='ocr_line' id='line_1_53' title="bbox 1047 1378 1840 1414; baseline 0 -9"><span class='ocrx_word' id='word_1_372' title='bbox 1047 1379 1200 1414; x_wconf 81' lang='grc' dir='ltr'>μελλόντων</span> <span class='ocrx_word' id='word_1_373' title='bbox 1215 1379 1294 1414; x_wconf 82' lang='grc' dir='ltr'>ἡμῶν</span> <span class='ocrx_word' id='word_1_374' title='bbox 1309 1380 1380 1414; x_wconf 79' lang='grc' dir='ltr'>μετά</span> <span class='ocrx_word' id='word_1_375' title='bbox 1391 1379 1441 1414; x_wconf 83' lang='grc' dir='ltr'>τὴν</span> <span class='ocrx_word' id='word_1_376' title='bbox 1459 1379 1658 1414; x_wconf 84' lang='grc' dir='ltr'>συμπλήρωσιν</span> <span class='ocrx_word' id='word_1_377' title='bbox 1670 1378 1719 1406; x_wconf 91' lang='grc' dir='ltr'><strong>τοῦ</strong></span> <span class='ocrx_word' id='word_1_378' title='bbox 1738 1378 1840 1413; x_wconf 73' lang='grc' dir='ltr'>καιροῦ</span> 
     </span>
    </p>
   </div>
   <div class='ocr_carea' id='block_1_54' title="bbox 205 1417 993 1460">
    <p class='ocr_par' dir='ltr' id='par_1_54' title="bbox 205 1417 993 1454">
     <span class='ocr_line' id='line_1_54' title="bbox 205 1417 993 1454; baseline 0.001 -10"><span class='ocrx_word' id='word_1_379' title='bbox 205 1418 343 1453; x_wconf 72' lang='lat' dir='ltr'><strong>genitore,</strong></span> <span class='ocrx_word' id='word_1_380' title='bbox 366 1424 416 1452; x_wconf 77' lang='lat' dir='ltr'><strong>ego</strong></span> <span class='ocrx_word' id='word_1_381' title='bbox 429 1417 538 1451; x_wconf 86' lang='lat' dir='ltr'><strong>quidem</strong></span> <span class='ocrx_word' id='word_1_382' title='bbox 567 1422 658 1451; x_wconf 85' lang='lat' dir='ltr'><strong>utpote</strong></span> <span class='ocrx_word' id='word_1_383' title='bbox 671 1425 704 1445; x_wconf 78' lang='lat' dir='ltr'><strong>ex</strong></span> <span class='ocrx_word' id='word_1_384' title='bbox 720 1418 834 1445; x_wconf 89' lang='lat' dir='ltr'><strong>imberbi</strong></span> <span class='ocrx_word' id='word_1_385' title='bbox 849 1421 927 1446; x_wconf 64' lang='lat' dir='ltr'><strong>aetate</strong></span> <span class='ocrx_word' id='word_1_386' title='bbox 939 1419 993 1454; x_wconf 80' lang='lat' dir='ltr'><strong>jatn</strong></span> 
     </span>
    </p>
   </div>
   <div class='ocr_carea' id='block_1_55' title="bbox 1041 1417 1841 1460">
    <p class='ocr_par' dir='ltr' id='par_1_55' title="bbox 1045 1423 1841 1460">
     <span class='ocr_line' id='line_1_55' title="bbox 1045 1423 1841 1460; baseline -0.003 -8"><span class='ocrx_word' id='word_1_387' title='bbox 1045 1425 1175 1460; x_wconf 78' lang='grc' dir='ltr'>ἀπαίρειν</span> <span class='ocrx_word' id='word_1_388' title='bbox 1200 1425 1270 1460; x_wconf 83' lang='grc' dir='ltr'>πρὸς</span> <span class='ocrx_word' id='word_1_389' title='bbox 1292 1424 1324 1451; x_wconf 79' lang='grc' dir='ltr'><strong>τὸ</strong></span> <span class='ocrx_word' id='word_1_390' title='bbox 1346 1424 1396 1451; x_wconf 75' lang='grc' dir='ltr'><strong>καὶ</strong></span> <span class='ocrx_word' id='word_1_391' title='bbox 1420 1425 1493 1460; x_wconf 80' lang='grc' dir='ltr'>ἡμᾶς</span> <span class='ocrx_word' id='word_1_392' title='bbox 1510 1423 1671 1458; x_wconf 78' lang='grc' dir='ltr'>τελεσθῆναι</span> <span class='ocrx_word' id='word_1_393' title='bbox 1695 1423 1766 1459; x_wconf 79' lang='grc' dir='ltr'>μετὰ.</span> <span class='ocrx_word' id='word_1_394' title='bbox 1790 1423 1841 1450; x_wconf 85' lang='grc' dir='ltr'><strong>τοῦ</strong></span> 
     </span>
    </p>
   </div>
   <div class='ocr_carea' id='block_1_56' title="bbox 205 1462 993 1506">
    <p class='ocr_par' dir='ltr' id='par_1_56' title="bbox 205 1462 993 1498">
     <span class='ocr_line' id='line_1_56' title="bbox 205 1462 993 1498; baseline 0 -8"><span class='ocrx_word' id='word_1_395' title='bbox 205 1463 233 1490; x_wconf 90' lang='lat' dir='ltr'><strong>itt</strong></span> <span class='ocrx_word' id='word_1_396' title='bbox 248 1462 336 1490; x_wconf 84' lang='lat' dir='ltr'><strong>virum</strong></span> <span class='ocrx_word' id='word_1_397' title='bbox 363 1462 559 1497; x_wconf 75' lang='lat' dir='ltr'><strong>progrediens,</strong></span> <span class='ocrx_word' id='word_1_398' title='bbox 586 1462 682 1490; x_wconf 90' lang='lat' dir='ltr'><strong>dolens</strong></span> <span class='ocrx_word' id='word_1_399' title='bbox 705 1463 800 1497; x_wconf 84' lang='lat' dir='ltr'><strong>utique</strong></span> <span class='ocrx_word' id='word_1_400' title='bbox 823 1470 993 1498; x_wconf 80' lang='lat' dir='ltr'><strong>mcerensquc</strong></span> 
     </span>
    </p>
   </div>
   <div class='ocr_carea' id='block_1_57' title="bbox 1041 1462 1841 1506">
    <p class='ocr_par' dir='ltr' id='par_1_57' title="bbox 1046 1469 1841 1506">
     <span class='ocr_line' id='line_1_57' title="bbox 1046 1469 1841 1506; baseline -0.001 -9"><span class='ocrx_word' id='word_1_401' title='bbox 1046 1471 1220 1506; x_wconf 69' lang='grc' dir='ltr'>γεννήτορας,</span> <span class='ocrx_word' id='word_1_402' title='bbox 1234 1470 1322 1505; x_wconf 71' lang='grc' dir='ltr'>ἔγωγε</span> <span class='ocrx_word' id='word_1_403' title='bbox 1336 1470 1385 1505; x_wconf 75' lang='grc' dir='ltr'>μὲν</span> <span class='ocrx_word' id='word_1_404' title='bbox 1395 1470 1432 1502; x_wconf 84' lang='grc' dir='ltr'><strong>ὡς</strong></span> <span class='ocrx_word' id='word_1_405' title='bbox 1444 1470 1491 1497; x_wconf 70' lang='grc' dir='ltr'>ἅτε</span> <span class='ocrx_word' id='word_1_406' title='bbox 1506 1469 1535 1501; x_wconf 83' lang='grc' dir='ltr'>ἐξ</span> <span class='ocrx_word' id='word_1_407' title='bbox 1552 1469 1685 1504; x_wconf 73' lang='grc' dir='ltr'>ἀγενείων</span> <span class='ocrx_word' id='word_1_408' title='bbox 1697 1470 1738 1501; x_wconf 82' lang='grc' dir='ltr'>εἰς</span> <span class='ocrx_word' id='word_1_409' title='bbox 1752 1469 1841 1501; x_wconf 72' lang='grc' dir='ltr'>ἄνδρα</span> 
     </span>
    </p>
   </div>
   <div class='ocr_carea' id='block_1_58' title="bbox 205 1507 993 1551">
    <p class='ocr_par' dir='ltr' id='par_1_58' title="bbox 205 1507 993 1544">
     <span class='ocr_line' id='line_1_58' title="bbox 205 1507 993 1544; baseline 0 -9"><span class='ocrx_word' id='word_1_410' title='bbox 205 1515 303 1540; x_wconf 84' lang='lat' dir='ltr'><strong>eram;</strong></span> <span class='ocrx_word' id='word_1_411' title='bbox 328 1508 423 1543; x_wconf 90' lang='lat' dir='ltr'><strong>quidni</strong></span> <span class='ocrx_word' id='word_1_412' title='bbox 452 1507 552 1535; x_wconf 77' lang='lat' dir='ltr'><strong>enim?</strong></span> <span class='ocrx_word' id='word_1_413' title='bbox 579 1507 709 1535; x_wconf 87' lang='lat' dir='ltr'><strong>Attamen</strong></span> <span class='ocrx_word' id='word_1_414' title='bbox 735 1515 798 1536; x_wconf 85' lang='lat' dir='ltr'><strong>cum</strong></span> <span class='ocrx_word' id='word_1_415' title='bbox 844 1509 993 1544; x_wconf 65' lang='lat' dir='ltr'><strong>gratiarqu</strong></span> 
     </span>
    </p>
   </div>
   <div class='ocr_carea' id='block_1_59' title="bbox 1041 1507 1837 1551">
    <p class='ocr_par' dir='ltr' id='par_1_59' title="bbox 1046 1514 1837 1551">
     <span class='ocr_line' id='line_1_59' title="bbox 1046 1514 1837 1551; baseline -0.001 -8"><span class='ocrx_word' id='word_1_416' title='bbox 1046 1517 1142 1548; x_wconf 84' lang='grc' dir='ltr'>τελῶν,</span> <span class='ocrx_word' id='word_1_417' title='bbox 1165 1517 1298 1551; x_wconf 74' lang='grc' dir='ltr'>ἀλγεινῶς</span> <span class='ocrx_word' id='word_1_418' title='bbox 1317 1517 1366 1551; x_wconf 74' lang='grc' dir='ltr'>μὲν</span> <span class='ocrx_word' id='word_1_419' title='bbox 1383 1517 1430 1543; x_wconf 78' lang='grc' dir='ltr'>καὶ</span> <span class='ocrx_word' id='word_1_420' title='bbox 1450 1516 1591 1551; x_wconf 82' lang='grc' dir='ltr'>ὀδυνηρῶς</span> <span class='ocrx_word' id='word_1_421' title='bbox 1610 1515 1691 1550; x_wconf 83' lang='grc' dir='ltr'>(πῶς</span> <span class='ocrx_word' id='word_1_422' title='bbox 1707 1515 1763 1551; x_wconf 84' lang='grc' dir='ltr'><strong>γὰρ</strong></span> <span class='ocrx_word' id='word_1_423' title='bbox 1780 1514 1837 1550; x_wconf 71' lang='grc' dir='ltr'>οὗ),</span> 
     </span>
    </p>
   </div>
   <div class='ocr_carea' id='block_1_60' title="bbox 205 1553 993 1604">
    <p class='ocr_par' dir='ltr' id='par_1_60' title="bbox 205 1553 993 1586">
     <span class='ocr_line' id='line_1_60' title="bbox 205 1553 993 1586; baseline 0 -6"><span class='ocrx_word' id='word_1_424' title='bbox 205 1554 325 1586; x_wconf 82' lang='lat' dir='ltr'><strong>actione,</strong></span> <span class='ocrx_word' id='word_1_425' title='bbox 341 1553 412 1581; x_wconf 87' lang='lat' dir='ltr'><strong>hanc</strong></span> <span class='ocrx_word' id='word_1_426' title='bbox 438 1553 597 1581; x_wconf 84' lang='lat' dir='ltr'><strong>maestitiam</strong></span> <span class='ocrx_word' id='word_1_427' title='bbox 625 1553 756 1580; x_wconf 81' lang='lat' dir='ltr'><strong>ferebam.</strong></span> <span class='ocrx_word' id='word_1_428' title='bbox 789 1553 844 1581; x_wconf 86' lang='lat' dir='ltr'><strong>Sed</strong></span> <span class='ocrx_word' id='word_1_429' title='bbox 877 1554 993 1581; x_wconf 87' lang='lat' dir='ltr'><strong>duorum</strong></span> 
     </span>
    </p>
   </div>
   <div class='ocr_carea' id='block_1_61' title="bbox 1041 1553 1840 1604">
    <p class='ocr_par' dir='ltr' id='par_1_61' title="bbox 1048 1561 1840 1598">
     <span class='ocr_line' id='line_1_61' title="bbox 1048 1561 1840 1598; baseline -0.001 -9"><span class='ocrx_word' id='word_1_430' title='bbox 1048 1563 1118 1598; x_wconf 82' lang='grc' dir='ltr'>πλὴν</span> <span class='ocrx_word' id='word_1_431' title='bbox 1136 1563 1232 1598; x_wconf 73' lang='grc' dir='ltr'>ἔφερον</span> <span class='ocrx_word' id='word_1_432' title='bbox 1253 1562 1311 1597; x_wconf 78' lang='grc' dir='ltr'>μετ’</span> <span class='ocrx_word' id='word_1_433' title='bbox 1325 1562 1500 1597; x_wconf 81' lang='grc' dir='ltr'>εὐχαριστίας</span> <span class='ocrx_word' id='word_1_434' title='bbox 1521 1562 1552 1588; x_wconf 70' lang='grc' dir='ltr'>τὸ</span> <span class='ocrx_word' id='word_1_435' title='bbox 1571 1561 1657 1593; x_wconf 85' lang='grc' dir='ltr'>πάθος</span> <span class='ocrx_word' id='word_1_436' title='bbox 1667 1570 1675 1577; x_wconf 88' lang='grc'><strong>·</strong></span> <span class='ocrx_word' id='word_1_437' title='bbox 1691 1563 1748 1588; x_wconf 86' lang='grc' dir='ltr'>τοῖν</span> <span class='ocrx_word' id='word_1_438' title='bbox 1764 1562 1840 1588; x_wconf 83' lang='grc' dir='ltr'>δυοῖν</span> 
     </span>
    </p>
   </div>
   <div class='ocr_carea' id='block_1_62' title="bbox 205 1598 993 1643">
    <p class='ocr_par' dir='ltr' id='par_1_62' title="bbox 205 1598 993 1632">
     <span class='ocr_line' id='line_1_62' title="bbox 205 1598 993 1632; baseline 0.001 -6"><span class='ocrx_word' id='word_1_439' title='bbox 205 1598 319 1627; x_wconf 88' lang='lat' dir='ltr'><strong>fratrum</strong></span> <span class='ocrx_word' id='word_1_440' title='bbox 332 1607 402 1627; x_wconf 88' lang='lat' dir='ltr'><strong>utttts</strong></span> <span class='ocrx_word' id='word_1_441' title='bbox 426 1599 571 1626; x_wconf 85' lang='lat' dir='ltr'><strong>admodum</strong></span> <span class='ocrx_word' id='word_1_442' title='bbox 585 1599 758 1632; x_wconf 88' lang='lat' dir='ltr'><strong>adolescens,</strong></span> <span class='ocrx_word' id='word_1_443' title='bbox 783 1599 874 1627; x_wconf 89' lang='lat' dir='ltr'><strong>statim</strong></span> <span class='ocrx_word' id='word_1_444' title='bbox 897 1607 930 1627; x_wconf 82' lang='lat' dir='ltr'><strong>ac</strong></span> <span class='ocrx_word' id='word_1_445' title='bbox 956 1599 993 1627; x_wconf 90' lang='lat' dir='ltr'><strong>af-</strong></span> 
     </span>
    </p>
   </div>
   <div class='ocr_carea' id='block_1_63' title="bbox 1041 1598 1838 1643">
    <p class='ocr_par' dir='ltr' id='par_1_63' title="bbox 1049 1607 1838 1643">
     <span class='ocr_line' id='line_1_63' title="bbox 1049 1607 1838 1643; baseline -0.003 -8"><span class='ocrx_word' id='word_1_446' title='bbox 1049 1609 1077 1635; x_wconf 84' lang='grc' dir='ltr'><strong>δέ</strong></span> <span class='ocrx_word' id='word_1_447' title='bbox 1093 1609 1229 1643; x_wconf 79' lang='grc' dir='ltr'>ἀδελφοῖν,</span> <span class='ocrx_word' id='word_1_448' title='bbox 1255 1610 1269 1635; x_wconf 83' lang='grc' dir='ltr'><strong>ό</strong></span> <span class='ocrx_word' id='word_1_449' title='bbox 1302 1608 1395 1643; x_wconf 72' lang='grc' dir='ltr'>ἔτερος</span> <span class='ocrx_word' id='word_1_450' title='bbox 1429 1608 1527 1643; x_wconf 86' lang='grc' dir='ltr'>κομιδῇ</span> <span class='ocrx_word' id='word_1_451' title='bbox 1544 1608 1604 1638; x_wconf 88' lang='grc' dir='ltr'>νέος</span> <span class='ocrx_word' id='word_1_452' title='bbox 1617 1607 1656 1634; x_wconf 79' lang='grc' dir='ltr'>ὢν</span> <span class='ocrx_word' id='word_1_453' title='bbox 1669 1607 1725 1642; x_wconf 83' lang='lat'><strong>(5),</strong></span> <span class='ocrx_word' id='word_1_454' title='bbox 1741 1607 1838 1642; x_wconf 82' lang='grc' dir='ltr'>ἐπειδὴ</span> 
     </span>
    </p>
   </div>
   <div class='ocr_carea' id='block_1_64' title="bbox 205 1644 993 1688">
    <p class='ocr_par' dir='ltr' id='par_1_64' title="bbox 205 1644 993 1680">
     <span class='ocr_line' id='line_1_64' title="bbox 205 1644 993 1680; baseline -0.001 -8"><span class='ocrx_word' id='word_1_455' title='bbox 205 1644 256 1672; x_wconf 89' lang='lat' dir='ltr'><strong>fuit</strong></span> <span class='ocrx_word' id='word_1_456' title='bbox 281 1645 419 1672; x_wconf 84' lang='lat' dir='ltr'><strong>discessus</strong></span> <span class='ocrx_word' id='word_1_457' title='bbox 436 1645 502 1672; x_wconf 90' lang='lat' dir='ltr'><strong>hora</strong></span> <span class='ocrx_word' id='word_1_458' title='bbox 518 1665 526 1678; x_wconf 87' lang='lat'><strong>,</strong></span> <span class='ocrx_word' id='word_1_459' title='bbox 554 1650 581 1672; x_wconf 89' lang='lat' dir='ltr'><strong>et</strong></span> <span class='ocrx_word' id='word_1_460' title='bbox 592 1650 760 1679; x_wconf 88' lang='lat' dir='ltr'><strong>postremum</strong></span> <span class='ocrx_word' id='word_1_461' title='bbox 793 1645 853 1672; x_wconf 88' lang='lat' dir='ltr'><strong>vale</strong></span> <span class='ocrx_word' id='word_1_462' title='bbox 872 1645 930 1680; x_wconf 86' lang='lat' dir='ltr'><strong>jam</strong></span> <span class='ocrx_word' id='word_1_463' title='bbox 956 1646 993 1672; x_wconf 86' lang='lat' dir='ltr'><strong>di-</strong></span> 
     </span>
    </p>
   </div>
   <div class='ocr_carea' id='block_1_65' title="bbox 1041 1644 1840 1688">
    <p class='ocr_par' dir='ltr' id='par_1_65' title="bbox 1050 1651 1840 1688">
     <span class='ocr_line' id='line_1_65' title="bbox 1050 1651 1840 1688; baseline -0.003 -9"><span class='ocrx_word' id='word_1_464' title='bbox 1050 1652 1143 1688; x_wconf 85' lang='grc' dir='ltr'>παρῆν</span> <span class='ocrx_word' id='word_1_465' title='bbox 1162 1654 1177 1688; x_wconf 82' lang='grc' dir='ltr'><strong>ἡ</strong></span> <span class='ocrx_word' id='word_1_466' title='bbox 1192 1652 1242 1688; x_wconf 86' lang='grc' dir='ltr'>τῆς</span> <span class='ocrx_word' id='word_1_467' title='bbox 1259 1652 1390 1687; x_wconf 60' lang='grc' dir='ltr'>ἐκδημίας</span> <span class='ocrx_word' id='word_1_468' title='bbox 1405 1652 1498 1687; x_wconf 78' lang='grc' dir='ltr'>ἡμέρα</span> <span class='ocrx_word' id='word_1_469' title='bbox 1510 1672 1517 1685; x_wconf 95' lang='grc'><strong>,</strong></span> <span class='ocrx_word' id='word_1_470' title='bbox 1531 1652 1558 1678; x_wconf 87' lang='grc' dir='ltr'><strong>οῖ</strong></span> <span class='ocrx_word' id='word_1_471' title='bbox 1567 1660 1598 1678; x_wconf 88' lang='grc' dir='ltr'><strong>τε</strong></span> <span class='ocrx_word' id='word_1_472' title='bbox 1613 1652 1747 1686; x_wconf 75' lang='grc' dir='ltr'>ἐξιτήριοι</span> <span class='ocrx_word' id='word_1_473' title='bbox 1763 1651 1840 1685; x_wconf 81' lang='grc' dir='ltr'>λόγοι</span> 
     </span>
    </p>
   </div>
   <div class='ocr_carea' id='block_1_66' title="bbox 205 1690 993 1734">
    <p class='ocr_par' dir='ltr' id='par_1_66' title="bbox 205 1690 993 1725">
     <span class='ocr_line' id='line_1_66' title="bbox 205 1690 993 1725; baseline -0.001 -8"><span class='ocrx_word' id='word_1_474' title='bbox 205 1690 328 1723; x_wconf 88' lang='lat' dir='ltr'><strong>cebatur,</strong></span> <span class='ocrx_word' id='word_1_475' title='bbox 354 1695 381 1717; x_wconf 87' lang='lat' dir='ltr'><strong>et</strong></span> <span class='ocrx_word' id='word_1_476' title='bbox 406 1690 630 1725; x_wconf 88' lang='lat' dir='ltr'><strong>compellationes</strong></span> <span class='ocrx_word' id='word_1_477' title='bbox 643 1690 824 1725; x_wconf 87' lang='lat' dir='ltr'><strong>ploratusque</strong></span> <span class='ocrx_word' id='word_1_478' title='bbox 847 1695 928 1725; x_wconf 87' lang='lat' dir='ltr'><strong>atque</strong></span> <span class='ocrx_word' id='word_1_479' title='bbox 941 1698 993 1718; x_wconf 57' lang='lat' dir='ltr'><strong>am.</strong></span> 
     </span>
    </p>
   </div>
   <div class='ocr_carea' id='block_1_67' title="bbox 1041 1690 1839 1734">
    <p class='ocr_par' dir='ltr' id='par_1_67' title="bbox 1049 1697 1839 1734">
     <span class='ocr_line' id='line_1_67' title="bbox 1049 1697 1839 1734; baseline -0.004 -9"><span class='ocrx_word' id='word_1_480' title='bbox 1049 1699 1097 1725; x_wconf 79' lang='grc' dir='ltr'><strong>καὶ</strong></span> <span class='ocrx_word' id='word_1_481' title='bbox 1111 1699 1345 1734; x_wconf 81' lang='grc' dir='ltr'>προπεμπτήριοι,</span> <span class='ocrx_word' id='word_1_482' title='bbox 1355 1698 1385 1724; x_wconf 79' lang='grc' dir='ltr'><strong>αῖ</strong></span> <span class='ocrx_word' id='word_1_483' title='bbox 1397 1706 1427 1724; x_wconf 89' lang='grc' dir='ltr'><strong>τε</strong></span> <span class='ocrx_word' id='word_1_484' title='bbox 1439 1697 1613 1732; x_wconf 84' lang='grc' dir='ltr'>ἀνακλήσεις,</span> <span class='ocrx_word' id='word_1_485' title='bbox 1623 1697 1696 1723; x_wconf 66' lang='lat' dir='ltr'><strong>aha</strong></span> <span class='ocrx_word' id='word_1_486' title='bbox 1709 1697 1839 1732; x_wconf 78' lang='grc' dir='ltr'>οἰμωγαὶ,</span> 
     </span>
    </p>
   </div>
   <div class='ocr_carea' id='block_1_68' title="bbox 204 1735 993 1778">
    <p class='ocr_par' dir='ltr' id='par_1_68' title="bbox 204 1735 993 1773">
     <span class='ocr_line' id='line_1_68' title="bbox 204 1735 993 1773; baseline -0.003 -9"><span class='ocrx_word' id='word_1_487' title='bbox 204 1737 303 1773; x_wconf 88' lang='lat' dir='ltr'><strong>plexus</strong></span> <span class='ocrx_word' id='word_1_488' title='bbox 329 1735 449 1767; x_wconf 85' lang='lat' dir='ltr'><strong>ﬁebant;</strong></span> <span class='ocrx_word' id='word_1_489' title='bbox 480 1735 547 1766; x_wconf 88' lang='lat' dir='ltr'><strong>ille,</strong></span> <span class='ocrx_word' id='word_1_490' title='bbox 578 1735 689 1770; x_wconf 85' lang='lat' dir='ltr'><strong>inquam</strong></span> <span class='ocrx_word' id='word_1_491' title='bbox 706 1755 714 1768; x_wconf 94' lang='lat'><strong>,</strong></span> <span class='ocrx_word' id='word_1_492' title='bbox 740 1736 774 1762; x_wconf 88' lang='lat' dir='ltr'><strong>ad</strong></span> <span class='ocrx_word' id='word_1_493' title='bbox 797 1736 893 1762; x_wconf 84' lang='lat' dir='ltr'><strong>matris</strong></span> <span class='ocrx_word' id='word_1_494' title='bbox 908 1736 993 1763; x_wconf 81' lang='lat' dir='ltr'><strong>siuuul</strong></span> 
     </span>
    </p>
   </div>
   <div class='ocr_carea' id='block_1_69' title="bbox 1041 1735 1841 1778">
    <p class='ocr_par' dir='ltr' id='par_1_69' title="bbox 1049 1742 1841 1778">
     <span class='ocr_line' id='line_1_69' title="bbox 1049 1742 1841 1778; baseline -0.003 -8"><span class='ocrx_word' id='word_1_495' title='bbox 1049 1744 1120 1770; x_wconf 78' lang='grc' dir='ltr'>αἵτε</span> <span class='ocrx_word' id='word_1_496' title='bbox 1139 1743 1314 1778; x_wconf 72' lang='grc' dir='ltr'>περιπλοκαί,</span> <span class='ocrx_word' id='word_1_497' title='bbox 1332 1742 1702 1778; x_wconf 82' lang='grc' dir='ltr'>ἐπέτρεχεν,είσεκολποῦτο,</span> <span class='ocrx_word' id='word_1_498' title='bbox 1720 1742 1841 1768; x_wconf 79' lang='grc' dir='ltr'>δυσαπο-</span> 
     </span>
    </p>
   </div>
   <div class='ocr_carea' id='block_1_70' title="bbox 204 1781 993 1824">
    <p class='ocr_par' dir='ltr' id='par_1_70' title="bbox 204 1781 993 1816">
     <span class='ocr_line' id='line_1_70' title="bbox 204 1781 993 1816; baseline -0.004 -5"><span class='ocrx_word' id='word_1_499' title='bbox 204 1784 354 1812; x_wconf 82' lang='lat' dir='ltr'><strong>convolans</strong></span> <span class='ocrx_word' id='word_1_500' title='bbox 378 1781 596 1816; x_wconf 79' lang='lat' dir='ltr'><strong>inseparabiliter</strong></span> <span class='ocrx_word' id='word_1_501' title='bbox 622 1781 761 1814; x_wconf 65' lang='lat' dir='ltr'><strong>haerebat,</strong></span> <span class='ocrx_word' id='word_1_502' title='bbox 786 1781 866 1816; x_wconf 83' lang='lat' dir='ltr'><strong>quasi</strong></span> <span class='ocrx_word' id='word_1_503' title='bbox 893 1781 993 1808; x_wconf 83' lang='lat' dir='ltr'><strong>vitulus</strong></span> 
     </span>
    </p>
   </div>
   <div class='ocr_carea' id='block_1_71' title="bbox 1041 1781 1840 1824">
    <p class='ocr_par' dir='ltr' id='par_1_71' title="bbox 1050 1786 1840 1824">
     <span class='ocr_line' id='line_1_71' title="bbox 1050 1786 1840 1824; baseline -0.001 -10"><span class='ocrx_word' id='word_1_504' title='bbox 1050 1788 1179 1820; x_wconf 84' lang='grc' dir='ltr'>σπάστως</span> <span class='ocrx_word' id='word_1_505' title='bbox 1197 1786 1254 1823; x_wconf 79' lang='grc' dir='ltr'>εἷχε</span> <span class='ocrx_word' id='word_1_506' title='bbox 1277 1789 1326 1824; x_wconf 79' lang='grc' dir='ltr'>τῆς</span> <span class='ocrx_word' id='word_1_507' title='bbox 1348 1787 1471 1824; x_wconf 77' lang='grc' dir='ltr'>μητρὸς,</span> <span class='ocrx_word' id='word_1_508' title='bbox 1493 1787 1596 1814; x_wconf 76' lang='grc' dir='ltr'>ὡσανεὶ</span> <span class='ocrx_word' id='word_1_509' title='bbox 1622 1787 1772 1823; x_wconf 84' lang='grc' dir='ltr'>μοσχάριον</span> <span class='ocrx_word' id='word_1_510' title='bbox 1788 1787 1840 1823; x_wconf 76' lang='grc' dir='ltr'>τὴν</span> 
     </span>
    </p>
   </div>
   <div class='ocr_carea' id='block_1_72' title="bbox 205 1827 993 1868">
    <p class='ocr_par' dir='ltr' id='par_1_72' title="bbox 205 1827 993 1866">
     <span class='ocr_line' id='line_1_72' title="bbox 205 1827 993 1866; baseline -0.006 -7"><span class='ocrx_word' id='word_1_511' title='bbox 205 1831 311 1866; x_wconf 77' lang='lat' dir='ltr'><strong>sejungi</strong></span> <span class='ocrx_word' id='word_1_512' title='bbox 335 1837 365 1857; x_wconf 91' lang='lat' dir='ltr'><strong>se</strong></span> <span class='ocrx_word' id='word_1_513' title='bbox 381 1835 499 1857; x_wconf 86' lang='lat' dir='ltr'><strong>renuens</strong></span> <span class='ocrx_word' id='word_1_514' title='bbox 511 1848 519 1860; x_wconf 92' lang='lat'><strong>,</strong></span> <span class='ocrx_word' id='word_1_515' title='bbox 545 1827 714 1862; x_wconf 78' lang='lat' dir='ltr'><strong>rogabatque</strong></span> <span class='ocrx_word' id='word_1_516' title='bbox 730 1832 758 1854; x_wconf 91' lang='lat' dir='ltr'><strong>ut</strong></span> <span class='ocrx_word' id='word_1_517' title='bbox 774 1835 920 1862; x_wconf 80' lang='lat' dir='ltr'><strong>parumper</strong></span> <span class='ocrx_word' id='word_1_518' title='bbox 935 1835 993 1855; x_wconf 87' lang='lat' dir='ltr'><strong>cum</strong></span> 
     </span>
    </p>
   </div>
   <div class='ocr_carea' id='block_1_73' title="bbox 1041 1827 1841 1868">
    <p class='ocr_par' dir='ltr' id='par_1_73' title="bbox 1048 1832 1841 1868">
     <span class='ocr_line' id='line_1_73' title="bbox 1048 1832 1841 1868; baseline -0.003 -8"><span class='ocrx_word' id='word_1_519' title='bbox 1048 1832 1185 1865; x_wconf 77' lang='grc' dir='ltr'>διάζευξιν</span> <span class='ocrx_word' id='word_1_520' title='bbox 1201 1833 1433 1868; x_wconf 83' lang='grc' dir='ltr'>ὰπαναινόμενον,</span> <span class='ocrx_word' id='word_1_521' title='bbox 1448 1832 1542 1868; x_wconf 82' lang='grc' dir='ltr'>ἐξῄτει</span> <span class='ocrx_word' id='word_1_522' title='bbox 1556 1832 1596 1858; x_wconf 84' lang='grc' dir='ltr'><strong>ἐτι</strong></span> <span class='ocrx_word' id='word_1_523' title='bbox 1609 1832 1752 1867; x_wconf 74' lang='grc' dir='ltr'>ἐπιμένειν</span> <span class='ocrx_word' id='word_1_524' title='bbox 1771 1832 1841 1868; x_wconf 74' lang='grc' dir='ltr'>πρὸς</span> 
     </span>
    </p>
   </div>
   <div class='ocr_carea' id='block_1_74' title="bbox 205 1874 993 1916">
    <p class='ocr_par' dir='ltr' id='par_1_74' title="bbox 205 1874 993 1909">
     <span class='ocr_line' id='line_1_74' title="bbox 205 1874 993 1909; baseline -0.005 -5"><span class='ocrx_word' id='word_1_525' title='bbox 205 1881 293 1904; x_wconf 89' lang='lat' dir='ltr'><strong>matre</strong></span> <span class='ocrx_word' id='word_1_526' title='bbox 309 1879 449 1907; x_wconf 86' lang='lat' dir='ltr'><strong>maneret;</strong></span> <span class='ocrx_word' id='word_1_527' title='bbox 481 1878 536 1901; x_wconf 90' lang='lat' dir='ltr'><strong>lum</strong></span> <span class='ocrx_word' id='word_1_528' title='bbox 559 1874 619 1909; x_wconf 74' lang='lat' dir='ltr'><strong>ejus</strong></span> <span class='ocrx_word' id='word_1_529' title='bbox 645 1879 739 1908; x_wconf 86' lang='lat' dir='ltr'><strong>postea</strong></span> <span class='ocrx_word' id='word_1_530' title='bbox 764 1874 928 1901; x_wconf 86' lang='lat' dir='ltr'><strong>voluntatem</strong></span> <span class='ocrx_word' id='word_1_531' title='bbox 952 1882 993 1901; x_wconf 14' lang='lat' dir='ltr'><strong>ex,</strong></span> 
     </span>
    </p>
   </div>
   <div class='ocr_carea' id='block_1_75' title="bbox 1041 1874 1842 1916">
    <p class='ocr_par' dir='ltr' id='par_1_75' title="bbox 1050 1877 1842 1916">
     <span class='ocr_line' id='line_1_75' title="bbox 1050 1877 1842 1916; baseline -0.001 -10"><span class='ocrx_word' id='word_1_532' title='bbox 1050 1879 1137 1915; x_wconf 79' lang='grc' dir='ltr'>βραχὺ</span> <span class='ocrx_word' id='word_1_533' title='bbox 1151 1881 1185 1915; x_wconf 81' lang='grc' dir='ltr'>τῇ</span> <span class='ocrx_word' id='word_1_534' title='bbox 1201 1881 1295 1915; x_wconf 72' lang='grc' dir='ltr'>μητρὶ,</span> <span class='ocrx_word' id='word_1_535' title='bbox 1305 1877 1356 1906; x_wconf 79' lang='grc' dir='ltr'>εἴθ’</span> <span class='ocrx_word' id='word_1_536' title='bbox 1370 1879 1484 1916; x_wconf 78' lang='grc' dir='ltr'>ὕστερον</span> <span class='ocrx_word' id='word_1_537' title='bbox 1499 1879 1622 1915; x_wconf 84' lang='grc' dir='ltr'>πληροῦν</span> <span class='ocrx_word' id='word_1_538' title='bbox 1637 1879 1722 1914; x_wconf 77' lang='grc' dir='ltr'>αὐτῆς</span> <span class='ocrx_word' id='word_1_539' title='bbox 1735 1879 1766 1905; x_wconf 80' lang='grc' dir='ltr'>τὸ</span> <span class='ocrx_word' id='word_1_540' title='bbox 1779 1878 1842 1914; x_wconf 77' lang='grc' dir='ltr'><strong>βού-</strong></span> 
     </span>
    </p>
   </div>
   <div class='ocr_carea' id='block_1_76' title="bbox 205 1918 993 1960">
    <p class='ocr_par' dir='ltr' id='par_1_76' title="bbox 205 1918 993 1956">
     <span class='ocr_line' id='line_1_76' title="bbox 205 1918 993 1956; baseline -0.001 -9"><span class='ocrx_word' id='word_1_541' title='bbox 205 1921 341 1956; x_wconf 88' lang='lat' dir='ltr'><strong>pleturum</strong></span> <span class='ocrx_word' id='word_1_542' title='bbox 366 1927 396 1947; x_wconf 89' lang='lat' dir='ltr'><strong>se</strong></span> <span class='ocrx_word' id='word_1_543' title='bbox 425 1918 619 1954; x_wconf 84' lang='lat' dir='ltr'><strong>promittebat.</strong></span> <span class='ocrx_word' id='word_1_544' title='bbox 652 1918 722 1945; x_wconf 84' lang='lat' dir='ltr'><strong>Num</strong></span> <span class='ocrx_word' id='word_1_545' title='bbox 751 1919 832 1954; x_wconf 80' lang='lat' dir='ltr'><strong>igitur</strong></span> <span class='ocrx_word' id='word_1_546' title='bbox 862 1926 909 1946; x_wconf 88' lang='lat' dir='ltr'><strong>cor</strong></span> <span class='ocrx_word' id='word_1_547' title='bbox 933 1919 993 1946; x_wconf 67' lang='lat' dir='ltr'><strong>adit-</strong></span> 
     </span>
    </p>
   </div>
   <div class='ocr_carea' id='block_1_77' title="bbox 1041 1918 1840 1960">
    <p class='ocr_par' dir='ltr' id='par_1_77' title="bbox 1048 1923 1840 1960">
     <span class='ocr_line' id='line_1_77' title="bbox 1048 1923 1840 1960; baseline 0 -8"><span class='ocrx_word' id='word_1_548' title='bbox 1048 1925 1138 1960; x_wconf 84' lang='grc' dir='ltr'>λευμα</span> <span class='ocrx_word' id='word_1_549' title='bbox 1159 1923 1396 1960; x_wconf 60' lang='grc' dir='ltr'>ὲπήγγελτο.*Δρ’</span> <span class='ocrx_word' id='word_1_550' title='bbox 1419 1923 1466 1952; x_wconf 77' lang='grc' dir='ltr'>οὖν</span> <span class='ocrx_word' id='word_1_551' title='bbox 1486 1924 1712 1960; x_wconf 85' lang='grc' dir='ltr'>κατεμαλακίσθη</span> <span class='ocrx_word' id='word_1_552' title='bbox 1732 1925 1750 1960; x_wconf 81' lang='grc' dir='ltr'><strong>ἡ</strong></span> <span class='ocrx_word' id='word_1_553' title='bbox 1772 1924 1840 1952; x_wconf 74' lang='grc' dir='ltr'>ἁδα-</span> 
     </span>
    </p>
   </div>
   <div class='ocr_carea' id='block_1_78' title="bbox 207 1965 993 2007">
    <p class='ocr_par' dir='ltr' id='par_1_78' title="bbox 207 1965 993 1999">
     <span class='ocr_line' id='line_1_78' title="bbox 207 1965 993 1999; baseline -0.001 -6"><span class='ocrx_word' id='word_1_554' title='bbox 207 1966 360 1993; x_wconf 88' lang='lat' dir='ltr'><strong>mantittum</strong></span> <span class='ocrx_word' id='word_1_555' title='bbox 376 1965 509 1991; x_wconf 87' lang='lat' dir='ltr'><strong>mollitum</strong></span> <span class='ocrx_word' id='word_1_556' title='bbox 531 1968 596 1996; x_wconf 87' lang='lat' dir='ltr'><strong>est,</strong></span> <span class='ocrx_word' id='word_1_557' title='bbox 619 1969 667 1991; x_wconf 86' lang='lat' dir='ltr'><strong>aut</strong></span> <span class='ocrx_word' id='word_1_558' title='bbox 680 1965 819 1997; x_wconf 77' lang='lat' dir='ltr'><strong>concidit,</strong></span> <span class='ocrx_word' id='word_1_559' title='bbox 849 1969 896 1992; x_wconf 89' lang='lat' dir='ltr'><strong>aut</strong></span> <span class='ocrx_word' id='word_1_560' title='bbox 918 1965 993 1999; x_wconf 87' lang='lat' dir='ltr'><strong>pueri</strong></span> 
     </span>
    </p>
   </div>
   <div class='ocr_carea' id='block_1_79' title="bbox 1041 1965 1840 2007">
    <p class='ocr_par' dir='ltr' id='par_1_79' title="bbox 1050 1970 1840 2007">
     <span class='ocr_line' id='line_1_79' title="bbox 1050 1970 1840 2007; baseline 0 -9"><span class='ocrx_word' id='word_1_561' title='bbox 1050 1971 1166 2007; x_wconf 85' lang='grc' dir='ltr'>μαντίνη</span> <span class='ocrx_word' id='word_1_562' title='bbox 1182 1971 1281 2005; x_wconf 82' lang='grc' dir='ltr'>καρδία</span> <span class='ocrx_word' id='word_1_563' title='bbox 1302 1971 1393 2006; x_wconf 83' lang='grc' dir='ltr'>ἐκείνη</span> <span class='ocrx_word' id='word_1_564' title='bbox 1406 1991 1414 2004; x_wconf 95' lang='grc'><strong>,</strong></span> <span class='ocrx_word' id='word_1_565' title='bbox 1432 1971 1448 2006; x_wconf 84' lang='grc' dir='ltr'>ἢ</span> <span class='ocrx_word' id='word_1_566' title='bbox 1467 1972 1630 2004; x_wconf 85' lang='grc' dir='ltr'>συνέπεσεν,</span> <span class='ocrx_word' id='word_1_567' title='bbox 1648 1972 1665 2007; x_wconf 82' lang='grc' dir='ltr'>ἢ</span> <span class='ocrx_word' id='word_1_568' title='bbox 1684 1970 1840 1998; x_wconf 78' lang='grc' dir='ltr'>συνώκλασε</span> 
     </span>
    </p>
   </div>
   <div class='ocr_carea' id='block_1_80' title="bbox 207 2009 993 2051">
    <p class='ocr_par' dir='ltr' id='par_1_80' title="bbox 207 2009 993 2047">
     <span class='ocr_line' id='line_1_80' title="bbox 207 2009 993 2047; baseline -0.001 -8"><span class='ocrx_word' id='word_1_569' title='bbox 207 2011 355 2047; x_wconf 86' lang='lat' dir='ltr'><strong>ploratibus</strong></span> <span class='ocrx_word' id='word_1_570' title='bbox 373 2010 488 2038; x_wconf 86' lang='lat' dir='ltr'><strong>fractum</strong></span> <span class='ocrx_word' id='word_1_571' title='bbox 504 2009 566 2037; x_wconf 82' lang='lat' dir='ltr'><strong>est?</strong></span> <span class='ocrx_word' id='word_1_572' title='bbox 586 2009 696 2037; x_wconf 82' lang='lat' dir='ltr'><strong>Minime</strong></span> <span class='ocrx_word' id='word_1_573' title='bbox 711 2010 842 2045; x_wconf 81' lang='lat' dir='ltr'><strong>gentium.</strong></span> <span class='ocrx_word' id='word_1_574' title='bbox 860 2009 993 2043; x_wconf 85' lang='lat' dir='ltr'><strong>Quidnam</strong></span> 
     </span>
    </p>
   </div>
   <div class='ocr_carea' id='block_1_81' title="bbox 1041 2009 1840 2051">
    <p class='ocr_par' dir='ltr' id='par_1_81' title="bbox 1048 2015 1840 2051">
     <span class='ocr_line' id='line_1_81' title="bbox 1048 2015 1840 2051; baseline -0.001 -8"><span class='ocrx_word' id='word_1_575' title='bbox 1048 2018 1105 2047; x_wconf 83' lang='grc' dir='ltr'>τοῖς</span> <span class='ocrx_word' id='word_1_576' title='bbox 1120 2016 1167 2043; x_wconf 82' lang='grc' dir='ltr'><strong>τοῦ</strong></span> <span class='ocrx_word' id='word_1_577' title='bbox 1185 2016 1282 2047; x_wconf 82' lang='grc' dir='ltr'>παιδὸς</span> <span class='ocrx_word' id='word_1_578' title='bbox 1304 2016 1581 2051; x_wconf 81' lang='grc' dir='ltr'>κλαυθμυρξσμασιν;</span> <span class='ocrx_word' id='word_1_579' title='bbox 1605 2015 1755 2050; x_wconf 79' lang='grc' dir='ltr'>οὐμενοῦν·</span> <span class='ocrx_word' id='word_1_580' title='bbox 1783 2015 1840 2042; x_wconf 76' lang='grc' dir='ltr'>ἀλλ’</span> 
     </span>
    </p>
   </div>
   <div class='ocr_carea' id='block_1_82' title="bbox 207 2055 993 2097">
    <p class='ocr_par' dir='ltr' id='par_1_82' title="bbox 207 2055 993 2091">
     <span class='ocr_line' id='line_1_82' title="bbox 207 2055 993 2091; baseline -0.001 -6"><span class='ocrx_word' id='word_1_581' title='bbox 207 2065 272 2085; x_wconf 87' lang='lat' dir='ltr'><strong>vero</strong></span> <span class='ocrx_word' id='word_1_582' title='bbox 296 2061 391 2084; x_wconf 82' lang='lat' dir='ltr'><strong>sancte</strong></span> <span class='ocrx_word' id='word_1_583' title='bbox 414 2055 579 2091; x_wconf 86' lang='lat' dir='ltr'><strong>respondit?</strong></span> <span class='ocrx_word' id='word_1_584' title='bbox 606 2056 675 2083; x_wconf 79' lang='lat' dir='ltr'><strong>Cum</strong></span> <span class='ocrx_word' id='word_1_585' title='bbox 693 2057 810 2090; x_wconf 85' lang='lat' dir='ltr'><strong>quadam</strong></span> <span class='ocrx_word' id='word_1_586' title='bbox 829 2057 920 2084; x_wconf 90' lang='lat' dir='ltr'><strong>vultus</strong></span> <span class='ocrx_word' id='word_1_587' title='bbox 935 2061 993 2084; x_wconf 92' lang='lat' dir='ltr'><strong>tor-</strong></span> 
     </span>
    </p>
   </div>
   <div class='ocr_carea' id='block_1_83' title="bbox 1041 2055 1841 2097">
    <p class='ocr_par' dir='ltr' id='par_1_83' title="bbox 1047 2060 1841 2097">
     <span class='ocr_line' id='line_1_83' title="bbox 1047 2060 1841 2097; baseline -0.003 -8"><span class='ocrx_word' id='word_1_588' title='bbox 1047 2060 1104 2089; x_wconf 75' lang='grc' dir='ltr'>οῒον</span> <span class='ocrx_word' id='word_1_589' title='bbox 1121 2062 1152 2089; x_wconf 75' lang='grc' dir='ltr'>τὸ</span> <span class='ocrx_word' id='word_1_590' title='bbox 1168 2063 1242 2089; x_wconf 84' lang='grc' dir='ltr'>ὅσιον</span> <span class='ocrx_word' id='word_1_591' title='bbox 1267 2062 1353 2097; x_wconf 82' lang='grc' dir='ltr'>αὐτῆς</span> <span class='ocrx_word' id='word_1_592' title='bbox 1373 2062 1548 2097; x_wconf 80' lang='grc' dir='ltr'>ἐπίφθεγμα;</span> <span class='ocrx_word' id='word_1_593' title='bbox 1570 2061 1640 2097; x_wconf 84' lang='grc' dir='ltr'>μετά</span> <span class='ocrx_word' id='word_1_594' title='bbox 1652 2070 1725 2093; x_wconf 86' lang='grc' dir='ltr'>τινος</span> <span class='ocrx_word' id='word_1_595' title='bbox 1743 2061 1841 2096; x_wconf 74' lang='grc' dir='ltr'>ὲμῦρι-</span> 
     </span>
    </p>
   </div>
   <div class='ocr_carea' id='block_1_84' title="bbox 207 2101 993 2142">
    <p class='ocr_par' dir='ltr' id='par_1_84' title="bbox 207 2101 993 2137">
     <span class='ocr_line' id='line_1_84' title="bbox 207 2101 993 2137; baseline -0.001 -7"><span class='ocrx_word' id='word_1_596' title='bbox 207 2103 292 2130; x_wconf 83' lang='lat' dir='ltr'><strong>vitate</strong></span> <span class='ocrx_word' id='word_1_597' title='bbox 306 2122 314 2134; x_wconf 82' lang='lat'><strong>,</strong></span> <span class='ocrx_word' id='word_1_598' title='bbox 338 2101 564 2137; x_wconf 86' lang='lat' dir='ltr'><strong>potentissimum</strong></span> <span class='ocrx_word' id='word_1_599' title='bbox 583 2106 770 2128; x_wconf 85' lang='lat' dir='ltr'><strong>maternorum</strong></span> <span class='ocrx_word' id='word_1_600' title='bbox 785 2102 920 2129; x_wconf 84' lang='lat' dir='ltr'><strong>viscerum</strong></span> <span class='ocrx_word' id='word_1_601' title='bbox 938 2103 993 2130; x_wconf 85' lang='lat' dir='ltr'><strong>vin-</strong></span> 
     </span>
    </p>
   </div>
   <div class='ocr_carea' id='block_1_85' title="bbox 1041 2101 1840 2142">
    <p class='ocr_par' dir='ltr' id='par_1_85' title="bbox 1049 2107 1840 2142">
     <span class='ocr_line' id='line_1_85' title="bbox 1049 2107 1840 2142; baseline -0.001 -8"><span class='ocrx_word' id='word_1_602' title='bbox 1049 2107 1112 2139; x_wconf 81' lang='grc' dir='ltr'>θοῦς</span> <span class='ocrx_word' id='word_1_603' title='bbox 1121 2107 1205 2140; x_wconf 69' lang='grc' dir='ltr'>ἕξεως</span> <span class='ocrx_word' id='word_1_604' title='bbox 1214 2108 1450 2142; x_wconf 83' lang='grc' dir='ltr'>ὑπερνικήσαντος</span> <span class='ocrx_word' id='word_1_605' title='bbox 1463 2108 1518 2134; x_wconf 88' lang='grc' dir='ltr'><strong>τῶν</strong></span> <span class='ocrx_word' id='word_1_606' title='bbox 1528 2107 1663 2142; x_wconf 82' lang='grc' dir='ltr'>μητρῴων</span> <span class='ocrx_word' id='word_1_607' title='bbox 1677 2107 1840 2142; x_wconf 77' lang='grc' dir='ltr'>σπλάγχνων</span> 
     </span>
    </p>
   </div>
   <div class='ocr_carea' id='block_1_86' title="bbox 208 2145 993 2188">
    <p class='ocr_par' dir='ltr' id='par_1_86' title="bbox 208 2145 993 2182">
     <span class='ocr_line' id='line_1_86' title="bbox 208 2145 993 2182; baseline 0 -7"><span class='ocrx_word' id='word_1_608' title='bbox 208 2155 271 2176; x_wconf 84' lang='lat' dir='ltr'><strong>cens</strong></span> <span class='ocrx_word' id='word_1_609' title='bbox 288 2147 416 2174; x_wconf 73' lang='lat' dir='ltr'><strong>aﬂectum</strong></span> <span class='ocrx_word' id='word_1_610' title='bbox 430 2155 436 2173; x_wconf 92' lang='lat'><strong>:</strong></span> <span class='ocrx_word' id='word_1_611' title='bbox 452 2145 511 2173; x_wconf 84' lang='lat' dir='ltr'><strong>Nisi</strong></span> <span class='ocrx_word' id='word_1_612' title='bbox 529 2151 634 2181; x_wconf 86' lang='lat' dir='ltr'><strong>sponte,</strong></span> <span class='ocrx_word' id='word_1_613' title='bbox 647 2147 745 2181; x_wconf 82' lang='lat' dir='ltr'><strong>inquit,</strong></span> <span class='ocrx_word' id='word_1_614' title='bbox 758 2146 806 2178; x_wconf 87' lang='lat' dir='ltr'><strong>lili,</strong></span> <span class='ocrx_word' id='word_1_615' title='bbox 822 2147 934 2180; x_wconf 87' lang='lat' dir='ltr'><strong>abieris,</strong></span> <span class='ocrx_word' id='word_1_616' title='bbox 948 2155 993 2182; x_wconf 75' lang='lat' dir='ltr'><strong>ego</strong></span> 
     </span>
    </p>
   </div>
   <div class='ocr_carea' id='block_1_87' title="bbox 1041 2145 1838 2188">
    <p class='ocr_par' dir='ltr' id='par_1_87' title="bbox 1047 2149 1838 2188">
     <span class='ocr_line' id='line_1_87' title="bbox 1047 2149 1838 2188; baseline -0.003 -8"><span class='ocrx_word' id='word_1_617' title='bbox 1047 2154 1077 2180; x_wconf 77' lang='grc' dir='ltr'>τὸ</span> <span class='ocrx_word' id='word_1_618' title='bbox 1091 2153 1335 2188; x_wconf 80' lang='grc' dir='ltr'>τυραννικώτατον,</span> <span class='ocrx_word' id='word_1_619' title='bbox 1350 2153 1381 2179; x_wconf 80' lang='lat' dir='ltr'><strong>El</strong></span> <span class='ocrx_word' id='word_1_620' title='bbox 1400 2153 1438 2188; x_wconf 86' lang='grc' dir='ltr'>μὴ</span> <span class='ocrx_word' id='word_1_621' title='bbox 1449 2152 1530 2184; x_wconf 79' lang='grc' dir='ltr'>ἑκὼν,</span> <span class='ocrx_word' id='word_1_622' title='bbox 1541 2149 1663 2187; x_wconf 54' lang='grc' dir='ltr'>φησὶνμῖ)</span> <span class='ocrx_word' id='word_1_623' title='bbox 1674 2151 1770 2179; x_wconf 79' lang='grc' dir='ltr'>τέκνον</span> <span class='ocrx_word' id='word_1_624' title='bbox 1785 2153 1838 2178; x_wconf 79' lang='grc' dir='ltr'><strong>ἀπ-</strong></span> 
     </span>
    </p>
   </div>
   <div class='ocr_carea' id='block_1_88' title="bbox 208 2192 993 2234">
    <p class='ocr_par' dir='ltr' id='par_1_88' title="bbox 208 2192 993 2228">
     <span class='ocr_line' id='line_1_88' title="bbox 208 2192 993 2228; baseline -0.003 -7"><span class='ocrx_word' id='word_1_625' title='bbox 208 2199 236 2222; x_wconf 92' lang='lat' dir='ltr'><strong>te</strong></span> <span class='ocrx_word' id='word_1_626' title='bbox 252 2201 333 2220; x_wconf 84' lang='lat' dir='ltr'><strong>manu</strong></span> <span class='ocrx_word' id='word_1_627' title='bbox 352 2193 463 2228; x_wconf 85' lang='lat' dir='ltr'><strong>propria</strong></span> <span class='ocrx_word' id='word_1_628' title='bbox 479 2193 505 2218; x_wconf 88' lang='lat' dir='ltr'><strong>ilt</strong></span> <span class='ocrx_word' id='word_1_629' title='bbox 519 2193 609 2219; x_wconf 81' lang='lat' dir='ltr'><strong>navim</strong></span> <span class='ocrx_word' id='word_1_630' title='bbox 621 2192 769 2227; x_wconf 86' lang='lat' dir='ltr'><strong>imponam.</strong></span> <span class='ocrx_word' id='word_1_631' title='bbox 797 2192 886 2220; x_wconf 82' lang='lat' dir='ltr'><strong>Cessit</strong></span> <span class='ocrx_word' id='word_1_632' title='bbox 905 2193 993 2227; x_wconf 85' lang='lat' dir='ltr'><strong>itaque</strong></span> 
     </span>
    </p>
   </div>
   <div class='ocr_carea' id='block_1_89' title="bbox 1041 2192 1836 2234">
    <p class='ocr_par' dir='ltr' id='par_1_89' title="bbox 1048 2197 1836 2234">
     <span class='ocr_line' id='line_1_89' title="bbox 1048 2197 1836 2234; baseline -0.004 -8"><span class='ocrx_word' id='word_1_633' title='bbox 1048 2199 1136 2231; x_wconf 83' lang='grc' dir='ltr'>έλθοις</span> <span class='ocrx_word' id='word_1_634' title='bbox 1148 2220 1156 2232; x_wconf 91' lang='grc'><strong>,</strong></span> <span class='ocrx_word' id='word_1_635' title='bbox 1172 2199 1227 2234; x_wconf 85' lang='grc' dir='ltr'>ἐγώ</span> <span class='ocrx_word' id='word_1_636' title='bbox 1252 2208 1281 2225; x_wconf 82' lang='grc' dir='ltr'><strong>σε</strong></span> <span class='ocrx_word' id='word_1_637' title='bbox 1299 2200 1332 2234; x_wconf 84' lang='grc' dir='ltr'>τῇ</span> <span class='ocrx_word' id='word_1_638' title='bbox 1357 2198 1402 2234; x_wconf 80' lang='grc' dir='ltr'>νηῒ</span> <span class='ocrx_word' id='word_1_639' title='bbox 1423 2199 1565 2233; x_wconf 79' lang='grc' dir='ltr'>αὐτοχειρὶ</span> <span class='ocrx_word' id='word_1_640' title='bbox 1582 2197 1766 2233; x_wconf 74' lang='grc' dir='ltr'>ἐπιϐαλοῦμαι</span> <span class='ocrx_word' id='word_1_641' title='bbox 1782 2198 1836 2232; x_wconf 67' lang='lat'><strong>(6)-</strong></span> 
     </span>
    </p>
   </div>
   <div class='ocr_carea' id='block_1_90' title="bbox 210 2238 993 2279">
    <p class='ocr_par' dir='ltr' id='par_1_90' title="bbox 210 2238 993 2274">
     <span class='ocr_line' id='line_1_90' title="bbox 210 2238 993 2274; baseline 0 -8"><span class='ocrx_word' id='word_1_642' title='bbox 210 2247 286 2274; x_wconf 87' lang='lat' dir='ltr'><strong>puer,</strong></span> <span class='ocrx_word' id='word_1_643' title='bbox 299 2243 326 2266; x_wconf 90' lang='lat' dir='ltr'><strong>et</strong></span> <span class='ocrx_word' id='word_1_644' title='bbox 340 2246 466 2266; x_wconf 87' lang='lat' dir='ltr'><strong>seorsum</strong></span> <span class='ocrx_word' id='word_1_645' title='bbox 483 2238 672 2266; x_wconf 81' lang='lat' dir='ltr'><strong>discessimus.</strong></span> <span class='ocrx_word' id='word_1_646' title='bbox 686 2238 732 2265; x_wconf 85' lang='lat' dir='ltr'><strong>Illa</strong></span> <span class='ocrx_word' id='word_1_647' title='bbox 747 2243 838 2265; x_wconf 87' lang='lat' dir='ltr'><strong>autem</strong></span> <span class='ocrx_word' id='word_1_648' title='bbox 850 2258 858 2272; x_wconf 90' lang='lat'><strong>,</strong></span> <span class='ocrx_word' id='word_1_649' title='bbox 874 2243 903 2266; x_wconf 88' lang='lat' dir='ltr'><strong>ut</strong></span> <span class='ocrx_word' id='word_1_650' title='bbox 917 2244 993 2274; x_wconf 90' lang='lat' dir='ltr'><strong>puto,</strong></span> 
     </span>
    </p>
   </div>
   <div class='ocr_carea' id='block_1_91' title="bbox 1041 2238 1836 2279">
    <p class='ocr_par' dir='ltr' id='par_1_91' title="bbox 1047 2244 1836 2279">
     <span class='ocr_line' id='line_1_91' title="bbox 1047 2244 1836 2279; baseline -0.003 -7"><span class='ocrx_word' id='word_1_651' title='bbox 1047 2244 1118 2278; x_wconf 77' lang='grc' dir='ltr'>εἶξεν</span> <span class='ocrx_word' id='word_1_652' title='bbox 1135 2245 1182 2272; x_wconf 81' lang='grc' dir='ltr'>οὖν</span> <span class='ocrx_word' id='word_1_653' title='bbox 1194 2247 1290 2276; x_wconf 83' lang='grc' dir='ltr'>ὀπαῖς,</span> <span class='ocrx_word' id='word_1_654' title='bbox 1303 2245 1351 2271; x_wconf 74' lang='grc' dir='ltr'>καὶ</span> <span class='ocrx_word' id='word_1_655' title='bbox 1364 2245 1511 2279; x_wconf 85' lang='grc' dir='ltr'>διέστημεν</span> <span class='ocrx_word' id='word_1_656' title='bbox 1523 2245 1671 2279; x_wconf 80' lang='grc' dir='ltr'>ἀμφότεροι</span> <span class='ocrx_word' id='word_1_657' title='bbox 1681 2252 1688 2260; x_wconf 89' lang='grc'><strong>·</strong></span> <span class='ocrx_word' id='word_1_658' title='bbox 1709 2244 1836 2279; x_wconf 76' lang='grc' dir='ltr'>κάκείνη,</span> 
     </span>
    </p>
   </div>
   <div class='ocr_carea' id='block_1_92' title="bbox 209 2286 993 2325">
    <p class='ocr_par' dir='ltr' id='par_1_92' title="bbox 209 2286 993 2322">
     <span class='ocr_line' id='line_1_92' title="bbox 209 2286 993 2322; baseline -0.001 -8"><span class='ocrx_word' id='word_1_659' title='bbox 209 2295 257 2322; x_wconf 91' lang='lat' dir='ltr'><strong>par</strong></span> <span class='ocrx_word' id='word_1_660' title='bbox 280 2286 409 2322; x_wconf 86' lang='lat' dir='ltr'><strong>quiddam</strong></span> <span class='ocrx_word' id='word_1_661' title='bbox 437 2290 573 2321; x_wconf 86' lang='lat' dir='ltr'><strong>patrasset</strong></span> <span class='ocrx_word' id='word_1_662' title='bbox 589 2306 597 2319; x_wconf 89' lang='lat'><strong>,</strong></span> <span class='ocrx_word' id='word_1_663' title='bbox 624 2293 656 2313; x_wconf 86' lang='lat' dir='ltr'><strong>ac</strong></span> <span class='ocrx_word' id='word_1_664' title='bbox 671 2287 699 2313; x_wconf 89' lang='lat' dir='ltr'><strong>itt</strong></span> <span class='ocrx_word' id='word_1_665' title='bbox 719 2286 901 2322; x_wconf 79' lang='lat' dir='ltr'><strong>quadraginta</strong></span> <span class='ocrx_word' id='word_1_666' title='bbox 925 2294 993 2314; x_wconf 88' lang='lat' dir='ltr'><strong>tuar-</strong></span> 
     </span>
    </p>
   </div>
   <div class='ocr_carea' id='block_1_93' title="bbox 1041 2286 1839 2325">
    <p class='ocr_par' dir='ltr' id='par_1_93' title="bbox 1048 2289 1839 2325">
     <span class='ocr_line' id='line_1_93' title="bbox 1048 2289 1839 2325; baseline 0 -8"><span class='ocrx_word' id='word_1_667' title='bbox 1048 2290 1084 2322; x_wconf 82' lang='grc' dir='ltr'><strong>ὡς</strong></span> <span class='ocrx_word' id='word_1_668' title='bbox 1099 2290 1181 2323; x_wconf 82' lang='grc' dir='ltr'>δοκῶ,</span> <span class='ocrx_word' id='word_1_669' title='bbox 1206 2289 1357 2325; x_wconf 74' lang='grc' dir='ltr'>ἐφάμιλλόν</span> <span class='ocrx_word' id='word_1_670' title='bbox 1377 2298 1404 2316; x_wconf 85' lang='grc' dir='ltr'><strong>τι</strong></span> <span class='ocrx_word' id='word_1_671' title='bbox 1428 2290 1478 2325; x_wconf 85' lang='grc' dir='ltr'>τῆς</span> <span class='ocrx_word' id='word_1_672' title='bbox 1500 2291 1546 2316; x_wconf 80' lang='grc' dir='ltr'>ἐπὶ</span> <span class='ocrx_word' id='word_1_673' title='bbox 1561 2289 1608 2316; x_wconf 83' lang='grc' dir='ltr'><strong>τοῦ</strong></span> <span class='ocrx_word' id='word_1_674' title='bbox 1624 2289 1679 2316; x_wconf 87' lang='grc' dir='ltr'><strong>τῶν</strong></span> <span class='ocrx_word' id='word_1_675' title='bbox 1696 2290 1839 2325; x_wconf 81' lang='grc' dir='ltr'>Τεσσαρά-</span> 
     </span>
    </p>
   </div>
   <div class='ocr_carea' id='block_1_94' title="bbox 210 2332 993 2370">
    <p class='ocr_par' dir='ltr' id='par_1_94' title="bbox 210 2332 993 2368">
     <span class='ocr_line' id='line_1_94' title="bbox 210 2332 993 2368; baseline 0 -9"><span class='ocrx_word' id='word_1_676' title='bbox 210 2338 298 2368; x_wconf 91' lang='lat' dir='ltr'><strong>tyrum</strong></span> <span class='ocrx_word' id='word_1_677' title='bbox 320 2333 454 2367; x_wconf 86' lang='lat' dir='ltr'><strong>supplicio</strong></span> <span class='ocrx_word' id='word_1_678' title='bbox 466 2337 561 2360; x_wconf 85' lang='lat' dir='ltr'><strong>sancta</strong></span> <span class='ocrx_word' id='word_1_679' title='bbox 578 2337 679 2364; x_wconf 90' lang='lat' dir='ltr'><strong>mater,</strong></span> <span class='ocrx_word' id='word_1_680' title='bbox 695 2340 756 2367; x_wconf 72' lang='lat' dir='ltr'><strong>qua:</strong></span> <span class='ocrx_word' id='word_1_681' title='bbox 771 2332 904 2360; x_wconf 88' lang='lat' dir='ltr'><strong>celebrem</strong></span> <span class='ocrx_word' id='word_1_682' title='bbox 921 2332 993 2360; x_wconf 90' lang='lat' dir='ltr'><strong>illum</strong></span> 
     </span>
    </p>
   </div>
   <div class='ocr_carea' id='block_1_95' title="bbox 1041 2332 1839 2370">
    <p class='ocr_par' dir='ltr' id='par_1_95' title="bbox 1049 2334 1839 2370">
     <span class='ocr_line' id='line_1_95' title="bbox 1049 2334 1839 2370; baseline -0.001 -9"><span class='ocrx_word' id='word_1_683' title='bbox 1049 2343 1133 2362; x_wconf 84' lang='grc' dir='ltr'>κοντα</span> <span class='ocrx_word' id='word_1_684' title='bbox 1149 2334 1297 2370; x_wconf 87' lang='grc' dir='ltr'>μαρτύρων</span> <span class='ocrx_word' id='word_1_685' title='bbox 1311 2334 1393 2368; x_wconf 84' lang='grc' dir='ltr'>ἁγίας</span> <span class='ocrx_word' id='word_1_686' title='bbox 1415 2335 1519 2370; x_wconf 76' lang='grc' dir='ltr'>μητρὸς</span> <span class='ocrx_word' id='word_1_687' title='bbox 1534 2334 1666 2370; x_wconf 79' lang='grc' dir='ltr'>ᾀδομένου</span> <span class='ocrx_word' id='word_1_688' title='bbox 1681 2335 1729 2360; x_wconf 78' lang='grc' dir='ltr'>ἐπὶ</span> <span class='ocrx_word' id='word_1_689' title='bbox 1744 2335 1778 2370; x_wconf 81' lang='grc' dir='ltr'><strong>τῇ</strong></span> <span class='ocrx_word' id='word_1_690' title='bbox 1791 2335 1839 2369; x_wconf 87' lang='grc' dir='ltr'>τῆς</span> 
     </span>
    </p>
   </div>
   <div class='ocr_carea' id='block_1_96' title="bbox 209 2378 993 2416">
    <p class='ocr_par' dir='ltr' id='par_1_96' title="bbox 209 2378 993 2414">
     <span class='ocr_line' id='line_1_96' title="bbox 209 2378 993 2414; baseline 0.003 -9"><span class='ocrx_word' id='word_1_691' title='bbox 209 2378 356 2413; x_wconf 86' lang='lat' dir='ltr'><strong>spirantem</strong></span> <span class='ocrx_word' id='word_1_692' title='bbox 378 2379 468 2406; x_wconf 90' lang='lat' dir='ltr'><strong>adhuc</strong></span> <span class='ocrx_word' id='word_1_693' title='bbox 481 2379 573 2413; x_wconf 77' lang='lat' dir='ltr'><strong>ﬁliuni</strong></span> <span class='ocrx_word' id='word_1_694' title='bbox 589 2387 669 2407; x_wconf 89' lang='lat' dir='ltr'><strong>suum</strong></span> <span class='ocrx_word' id='word_1_695' title='bbox 686 2380 712 2407; x_wconf 92' lang='lat' dir='ltr'><strong>in</strong></span> <span class='ocrx_word' id='word_1_696' title='bbox 741 2379 893 2414; x_wconf 87' lang='lat' dir='ltr'><strong>plaustrum</strong></span> <span class='ocrx_word' id='word_1_697' title='bbox 915 2380 993 2408; x_wconf 87' lang='lat' dir='ltr'><strong>attol-</strong></span> 
     </span>
    </p>
   </div>
   <div class='ocr_carea' id='block_1_97' title="bbox 1041 2378 1840 2416">
    <p class='ocr_par' dir='ltr' id='par_1_97' title="bbox 1053 2380 1840 2416">
     <span class='ocr_line' id='line_1_97' title="bbox 1053 2380 1840 2416; baseline 0 -8"><span class='ocrx_word' id='word_1_698' title='bbox 1053 2380 1162 2416; x_wconf 82' lang='grc' dir='ltr'>ἁμάξης</span> <span class='ocrx_word' id='word_1_699' title='bbox 1175 2381 1223 2408; x_wconf 86' lang='grc' dir='ltr'><strong>τοῦ</strong></span> <span class='ocrx_word' id='word_1_700' title='bbox 1237 2381 1277 2408; x_wconf 81' lang='grc' dir='ltr'><strong>ἑτι</strong></span> <span class='ocrx_word' id='word_1_701' title='bbox 1290 2381 1455 2416; x_wconf 82' lang='grc' dir='ltr'>ἐμπνέοντος</span> <span class='ocrx_word' id='word_1_702' title='bbox 1465 2381 1566 2407; x_wconf 79' lang='grc' dir='ltr'>οἰκείου</span> <span class='ocrx_word' id='word_1_703' title='bbox 1578 2380 1637 2407; x_wconf 80' lang='grc' dir='ltr'>υἱοῦ</span> <span class='ocrx_word' id='word_1_704' title='bbox 1653 2380 1734 2407; x_wconf 75' lang='grc' dir='ltr'>ἄρσει</span> <span class='ocrx_word' id='word_1_705' title='bbox 1745 2389 1776 2407; x_wconf 80' lang='grc' dir='ltr'><strong>τε</strong></span> <span class='ocrx_word' id='word_1_706' title='bbox 1794 2382 1840 2408; x_wconf 74' lang='grc' dir='ltr'>καὶ</span> 
     </span>
    </p>
   </div>
   <div class='ocr_carea' id='block_1_98' title="bbox 209 2424 993 2462">
    <p class='ocr_par' dir='ltr' id='par_1_98' title="bbox 209 2424 428 2458">
     <span class='ocr_line' id='line_1_98' title="bbox 209 2424 428 2458; baseline 0 -8"><span class='ocrx_word' id='word_1_707' title='bbox 209 2424 269 2451; x_wconf 81' lang='lat' dir='ltr'><strong>lens</strong></span> <span class='ocrx_word' id='word_1_708' title='bbox 287 2424 428 2458; x_wconf 89' lang='lat' dir='ltr'><strong>imposuit.</strong></span> 
     </span>
    </p>
   </div>
   <div class='ocr_carea' id='block_1_99' title="bbox 1041 2424 1415 2462">
    <p class='ocr_par' dir='ltr' id='par_1_99' title="bbox 1048 2426 1415 2462">
     <span class='ocr_line' id='line_1_99' title="bbox 1048 2426 1415 2462; baseline 0 -9"><span class='ocrx_word' id='word_1_709' title='bbox 1048 2426 1181 2458; x_wconf 85' lang='grc' dir='ltr'>ἐπιθέσει,</span> <span class='ocrx_word' id='word_1_710' title='bbox 1197 2426 1354 2459; x_wconf 80' lang='grc' dir='ltr'>ἐξετέλεσεν</span> <span class='ocrx_word' id='word_1_711' title='bbox 1365 2427 1415 2462; x_wconf 87' lang='lat'><strong>(7).</strong></span> 
     </span>
    </p>
   </div>
   <div class='ocr_carea' id='block_1_100' title="bbox 248 2467 993 2507">
    <p class='ocr_par' dir='ltr' id='par_1_100' title="bbox 248 2467 993 2504">
     <span class='ocr_line' id='line_1_100' title="bbox 248 2467 993 2504; baseline 0.004 -10"><span class='ocrx_word' id='word_1_712' title='bbox 248 2467 273 2495; x_wconf 87' lang='lat'><strong>8.</strong></span> <span class='ocrx_word' id='word_1_713' title='bbox 304 2467 374 2501; x_wconf 86' lang='lat' dir='ltr'><strong>Quid</strong></span> <span class='ocrx_word' id='word_1_714' title='bbox 391 2476 456 2495; x_wconf 90' lang='lat' dir='ltr'><strong>vero</strong></span> <span class='ocrx_word' id='word_1_715' title='bbox 470 2469 586 2503; x_wconf 83' lang='lat' dir='ltr'><strong>postea?</strong></span> <span class='ocrx_word' id='word_1_716' title='bbox 612 2468 730 2504; x_wconf 76' lang='lat' dir='ltr'><strong>Optabat</strong></span> <span class='ocrx_word' id='word_1_717' title='bbox 746 2470 876 2504; x_wconf 64' lang='lat' dir='ltr'><strong>praeclara</strong></span> <span class='ocrx_word' id='word_1_718' title='bbox 895 2470 993 2497; x_wconf 84' lang='lat' dir='ltr'><strong>femina</strong></span> 
     </span>
    </p>
   </div>
   <div class='ocr_carea' id='block_1_101' title="bbox 1041 2467 1840 2507">
    <p class='ocr_par' dir='ltr' id='par_1_101' title="bbox 1087 2470 1840 2507">
     <span class='ocr_line' id='line_1_101' title="bbox 1087 2470 1840 2507; baseline -0.001 -9"><span class='ocrx_word' id='word_1_719' title='bbox 1087 2474 1124 2507; x_wconf 81' lang='grc' dir='ltr'><strong>η’.</strong></span> <span class='ocrx_word' id='word_1_720' title='bbox 1150 2471 1231 2498; x_wconf 83' lang='grc' dir='ltr'>Ἀλλὰ</span> <span class='ocrx_word' id='word_1_721' title='bbox 1246 2471 1270 2497; x_wconf 85' lang='grc' dir='ltr'><strong>τί</strong></span> <span class='ocrx_word' id='word_1_722' title='bbox 1289 2471 1323 2498; x_wconf 85' lang='grc' dir='ltr'>τὰ</span> <span class='ocrx_word' id='word_1_723' title='bbox 1342 2471 1424 2506; x_wconf 51' lang='lat' dir='ltr'><strong>eam;</strong></span> <span class='ocrx_word' id='word_1_724' title='bbox 1445 2471 1554 2498; x_wconf 85' lang='grc' dir='ltr'>Ἐπόθει</span> <span class='ocrx_word' id='word_1_725' title='bbox 1575 2470 1667 2498; x_wconf 88' lang='grc' dir='ltr'>τοίνυν</span> <span class='ocrx_word' id='word_1_726' title='bbox 1689 2475 1706 2505; x_wconf 86' lang='grc' dir='ltr'><strong>η</strong></span> <span class='ocrx_word' id='word_1_727' title='bbox 1729 2470 1840 2504; x_wconf 74' lang='grc' dir='ltr'>γενναία</span> 
     </span>
    </p>
   </div>
   <div class='ocr_carea' id='block_1_102' title="bbox 210 2513 993 2553">
    <p class='ocr_par' dir='ltr' id='par_1_102' title="bbox 210 2513 993 2550">
     <span class='ocr_line' id='line_1_102' title="bbox 210 2513 993 2550; baseline 0.001 -9"><span class='ocrx_word' id='word_1_728' title='bbox 210 2513 262 2542; x_wconf 89' lang='lat' dir='ltr'><strong>sub</strong></span> <span class='ocrx_word' id='word_1_729' title='bbox 277 2514 431 2541; x_wconf 85' lang='lat' dir='ltr'><strong>obedientia</strong></span> <span class='ocrx_word' id='word_1_730' title='bbox 448 2516 535 2549; x_wconf 79' lang='lat' dir='ltr'><strong>magis</strong></span> <span class='ocrx_word' id='word_1_731' title='bbox 549 2514 642 2542; x_wconf 86' lang='lat' dir='ltr'><strong>vivere</strong></span> <span class='ocrx_word' id='word_1_732' title='bbox 654 2534 662 2547; x_wconf 87' lang='lat'><strong>,</strong></span> <span class='ocrx_word' id='word_1_733' title='bbox 679 2515 752 2549; x_wconf 90' lang='lat' dir='ltr'><strong>quod</strong></span> <span class='ocrx_word' id='word_1_734' title='bbox 763 2520 790 2542; x_wconf 88' lang='lat' dir='ltr'><strong>et</strong></span> <span class='ocrx_word' id='word_1_735' title='bbox 805 2523 913 2550; x_wconf 71' lang='lat' dir='ltr'><strong>aequum</strong></span> <span class='ocrx_word' id='word_1_736' title='bbox 927 2521 993 2543; x_wconf 89' lang='lat' dir='ltr'><strong>erat.</strong></span> 
     </span>
    </p>
   </div>
   <div class='ocr_carea' id='block_1_103' title="bbox 1041 2513 1839 2553">
    <p class='ocr_par' dir='ltr' id='par_1_103' title="bbox 1051 2514 1839 2553">
     <span class='ocr_line' id='line_1_103' title="bbox 1051 2514 1839 2553; baseline -0.001 -9"><span class='ocrx_word' id='word_1_737' title='bbox 1051 2517 1183 2553; x_wconf 80' lang='grc' dir='ltr'>ἄρχεσθαι</span> <span class='ocrx_word' id='word_1_738' title='bbox 1200 2517 1301 2552; x_wconf 81' lang='grc' dir='ltr'>μᾶλλον</span> <span class='ocrx_word' id='word_1_739' title='bbox 1311 2537 1319 2550; x_wconf 92' lang='grc'><strong>,</strong></span> <span class='ocrx_word' id='word_1_740' title='bbox 1333 2517 1428 2552; x_wconf 86' lang='grc' dir='ltr'>ὥσπερ</span> <span class='ocrx_word' id='word_1_741' title='bbox 1443 2517 1490 2544; x_wconf 80' lang='grc' dir='ltr'><strong>καὶ</strong></span> <span class='ocrx_word' id='word_1_742' title='bbox 1507 2514 1542 2552; x_wconf 78' lang='grc' dir='ltr'>ἦν</span> <span class='ocrx_word' id='word_1_743' title='bbox 1560 2517 1665 2544; x_wconf 84' lang='grc' dir='ltr'>δίκαιον</span> <span class='ocrx_word' id='word_1_744' title='bbox 1675 2525 1682 2533; x_wconf 89' lang='grc'><strong>·</strong></span> <span class='ocrx_word' id='word_1_745' title='bbox 1703 2517 1798 2553; x_wconf 81' lang='grc' dir='ltr'>ἐπειδὴ</span> <span class='ocrx_word' id='word_1_746' title='bbox 1811 2517 1839 2544; x_wconf 84' lang='grc' dir='ltr'>δὲ</span> 
     </span>
    </p>
   </div>
   <div class='ocr_carea' id='block_1_104' title="bbox 211 2560 993 2599">
    <p class='ocr_par' dir='ltr' id='par_1_104' title="bbox 211 2560 993 2596">
     <span class='ocr_line' id='line_1_104' title="bbox 211 2560 993 2596; baseline 0.003 -9"><span class='ocrx_word' id='word_1_747' title='bbox 211 2560 264 2587; x_wconf 85' lang='lat' dir='ltr'><strong>Sed</strong></span> <span class='ocrx_word' id='word_1_748' title='bbox 279 2560 344 2595; x_wconf 88' lang='lat' dir='ltr'><strong>quia</strong></span> <span class='ocrx_word' id='word_1_749' title='bbox 369 2567 402 2587; x_wconf 77' lang='lat' dir='ltr'><strong>ex</strong></span> <span class='ocrx_word' id='word_1_750' title='bbox 420 2561 556 2595; x_wconf 75' lang='lat' dir='ltr'><strong>prazterito</strong></span> <span class='ocrx_word' id='word_1_751' title='bbox 583 2565 734 2594; x_wconf 89' lang='lat' dir='ltr'><strong>temporum</strong></span> <span class='ocrx_word' id='word_1_752' title='bbox 764 2560 883 2593; x_wconf 83' lang='lat' dir='ltr'><strong>turbine,</strong></span> <span class='ocrx_word' id='word_1_753' title='bbox 909 2568 993 2596; x_wconf 81' lang='lat' dir='ltr'><strong>neque</strong></span> 
     </span>
    </p>
   </div>
   <div class='ocr_carea' id='block_1_105' title="bbox 1041 2560 1839 2599">
    <p class='ocr_par' dir='ltr' id='par_1_105' title="bbox 1052 2561 1839 2599">
     <span class='ocr_line' id='line_1_105' title="bbox 1052 2561 1839 2599; baseline 0 -9"><span class='ocrx_word' id='word_1_754' title='bbox 1052 2565 1084 2590; x_wconf 83' lang='grc' dir='ltr'>ἐκ</span> <span class='ocrx_word' id='word_1_755' title='bbox 1103 2563 1154 2598; x_wconf 82' lang='grc' dir='ltr'>τῆς</span> <span class='ocrx_word' id='word_1_756' title='bbox 1174 2564 1239 2599; x_wconf 70' lang='grc' dir='ltr'>πρὶν</span> <span class='ocrx_word' id='word_1_757' title='bbox 1255 2563 1432 2599; x_wconf 81' lang='grc' dir='ltr'>διειλήσεως,</span> <span class='ocrx_word' id='word_1_758' title='bbox 1445 2563 1507 2590; x_wconf 81' lang='grc' dir='ltr'>οὕτε</span> <span class='ocrx_word' id='word_1_759' title='bbox 1526 2564 1709 2599; x_wconf 86' lang='grc' dir='ltr'>μοναστήριον</span> <span class='ocrx_word' id='word_1_760' title='bbox 1723 2561 1758 2599; x_wconf 81' lang='grc' dir='ltr'>ἦν</span> <span class='ocrx_word' id='word_1_761' title='bbox 1777 2572 1839 2590; x_wconf 72' lang='grc' dir='ltr'><strong>συν⁴</strong></span> 
     </span>
    </p>
   </div>
   <div class='ocr_carea' id='block_1_106' title="bbox 210 2607 993 2645">
    <p class='ocr_par' dir='ltr' id='par_1_106' title="bbox 210 2607 993 2641">
     <span class='ocr_line' id='line_1_106' title="bbox 210 2607 993 2641; baseline 0.003 -8"><span class='ocrx_word' id='word_1_762' title='bbox 210 2607 407 2634; x_wconf 86' lang='lat' dir='ltr'><strong>monaslerium</strong></span> <span class='ocrx_word' id='word_1_763' title='bbox 423 2607 513 2634; x_wconf 89' lang='lat' dir='ltr'><strong>adhuc</strong></span> <span class='ocrx_word' id='word_1_764' title='bbox 529 2611 587 2634; x_wconf 84' lang='lat' dir='ltr'><strong>erat</strong></span> <span class='ocrx_word' id='word_1_765' title='bbox 605 2609 812 2640; x_wconf 81' lang='lat' dir='ltr'><strong>constructum,</strong></span> <span class='ocrx_word' id='word_1_766' title='bbox 832 2614 921 2641; x_wconf 85' lang='lat' dir='ltr'><strong>neque</strong></span> <span class='ocrx_word' id='word_1_767' title='bbox 939 2615 993 2635; x_wconf 93' lang='lat' dir='ltr'><strong>mo-</strong></span> 
     </span>
    </p>
   </div>
   <div class='ocr_carea' id='block_1_107' title="bbox 1041 2607 1838 2645">
    <p class='ocr_par' dir='ltr' id='par_1_107' title="bbox 1053 2609 1838 2645">
     <span class='ocr_line' id='line_1_107' title="bbox 1053 2609 1838 2645; baseline 0 -9"><span class='ocrx_word' id='word_1_768' title='bbox 1053 2609 1216 2644; x_wconf 79' lang='grc' dir='ltr'>ιστάμενον,</span> <span class='ocrx_word' id='word_1_769' title='bbox 1243 2609 1298 2636; x_wconf 86' lang='grc' dir='ltr'>οὐδ’</span> <span class='ocrx_word' id='word_1_770' title='bbox 1325 2609 1361 2636; x_wconf 81' lang='grc' dir='ltr'>αὖ</span> <span class='ocrx_word' id='word_1_771' title='bbox 1382 2609 1456 2645; x_wconf 73' lang='grc' dir='ltr'>ψυχὴ</span> <span class='ocrx_word' id='word_1_772' title='bbox 1485 2610 1676 2645; x_wconf 82' lang='grc' dir='ltr'>ἐπιστημόνως</span> <span class='ocrx_word' id='word_1_773' title='bbox 1701 2609 1838 2645; x_wconf 67' lang='grc' dir='ltr'>δυναμένη</span> 
     </span>
    </p>
   </div>
   <div class='ocr_carea' id='block_1_108' title="bbox 246 2663 1838 2703">
    <p class='ocr_par' dir='ltr' id='par_1_108' title="bbox 246 2663 1838 2703">
     <span class='ocr_line' id='line_1_108' title="bbox 246 2663 1838 2703; baseline 0.003 -12"><span class='ocrx_word' id='word_1_774' title='bbox 246 2665 285 2701; x_wconf 82' lang='lat'><strong>(5)</strong></span> <span class='ocrx_word' id='word_1_775' title='bbox 304 2665 369 2691; x_wconf 88' lang='lat' dir='ltr'><strong>Erat</strong></span> <span class='ocrx_word' id='word_1_776' title='bbox 380 2664 424 2691; x_wconf 79' lang='lat' dir='ltr'><strong>hic</strong></span> <span class='ocrx_word' id='word_1_777' title='bbox 440 2664 552 2691; x_wconf 89' lang='lat' dir='ltr'><strong>nomine</strong></span> <span class='ocrx_word' id='word_1_778' title='bbox 566 2663 740 2699; x_wconf 84' lang='lat' dir='ltr'><strong>Euthymius,</strong></span> <span class='ocrx_word' id='word_1_779' title='bbox 756 2664 790 2692; x_wconf 94' lang='lat' dir='ltr'><strong>de</strong></span> <span class='ocrx_word' id='word_1_780' title='bbox 809 2671 865 2699; x_wconf 89' lang='lat' dir='ltr'><strong>quo</strong></span> <span class='ocrx_word' id='word_1_781' title='bbox 883 2663 953 2691; x_wconf 87' lang='lat' dir='ltr'><strong>infra</strong></span> <span class='ocrx_word' id='word_1_782' title='bbox 971 2665 998 2693; x_wconf 91' lang='lat' dir='ltr'><strong>in</strong></span> <span class='ocrx_word' id='word_1_783' title='bbox 1050 2667 1164 2703; x_wconf 83' lang='lat' dir='ltr'><strong>ereavit,</strong></span> <span class='ocrx_word' id='word_1_784' title='bbox 1182 2671 1223 2703; x_wconf 42' lang='grc' dir='ltr'><strong>οξ</strong></span> <span class='ocrx_word' id='word_1_785' title='bbox 1233 2672 1295 2702; x_wconf 85' lang='lat' dir='ltr'><strong>post</strong></span> <span class='ocrx_word' id='word_1_786' title='bbox 1312 2667 1428 2703; x_wconf 84' lang='lat' dir='ltr'><strong>dicetur.</strong></span> <span class='ocrx_word' id='word_1_787' title='bbox 1450 2668 1612 2703; x_wconf 88' lang='lat' dir='ltr'><strong>lmpositnra</strong></span> <span class='ocrx_word' id='word_1_788' title='bbox 1636 2673 1726 2695; x_wconf 87' lang='lat' dir='ltr'><strong>autem</strong></span> <span class='ocrx_word' id='word_1_789' title='bbox 1743 2669 1838 2696; x_wconf 77' lang='lat' dir='ltr'><strong>fuisset</strong></span> 
     </span>
    </p>
   </div>
   <div class='ocr_carea' id='block_1_109' title="bbox 211 2699 1838 2736">
    <p class='ocr_par' dir='ltr' id='par_1_109' title="bbox 211 2699 1838 2736">
     <span class='ocr_line' id='line_1_109' title="bbox 211 2699 1838 2736; baseline 0.002 -9"><span class='ocrx_word' id='word_1_790' title='bbox 211 2699 386 2736; x_wconf 74' lang='lat' dir='ltr'><strong>adnot._pag.</strong></span> <span class='ocrx_word' id='word_1_791' title='bbox 401 2706 459 2734; x_wconf 84' lang='lat' dir='ltr'><strong>seq.</strong></span> <span class='ocrx_word' id='word_1_792' title='bbox 491 2733 500 2736; x_wconf 96' lang='lat'><em>_</em></span> <span class='ocrx_word' id='word_1_793' title='bbox 604 2733 612 2736; x_wconf 31' lang='grc' dir='ltr'><strong><em>Α</em></strong></span> <span class='ocrx_word' id='word_1_794' title='bbox 645 2733 651 2736; x_wconf 30' lang='grc' dir='ltr'><strong>Α</strong></span> <span class='ocrx_word' id='word_1_795' title='bbox 818 2733 824 2736; x_wconf 86' lang='lat'><strong>_</strong></span> <span class='ocrx_word' id='word_1_796' title='bbox 912 2735 915 2736; x_wconf 23' lang='grc' dir='ltr'><em>ν</em></span> <span class='ocrx_word' id='word_1_797' title='bbox 974 2735 978 2736; x_wconf 24' lang='grc' dir='ltr'><em>ν</em></span> <span class='ocrx_word' id='word_1_798' title='bbox 1050 2702 1076 2728; x_wconf 92' lang='lat' dir='ltr'><strong>in</strong></span> <span class='ocrx_word' id='word_1_799' title='bbox 1093 2703 1183 2728; x_wconf 88' lang='lat' dir='ltr'><strong>navim</strong></span> <span class='ocrx_word' id='word_1_800' title='bbox 1202 2699 1360 2729; x_wconf 77' lang='lat' dir='ltr'><strong>Tlicoctista</strong></span> <span class='ocrx_word' id='word_1_801' title='bbox 1374 2702 1470 2735; x_wconf 89' lang='lat' dir='ltr'><strong>lilium,</strong></span> <span class='ocrx_word' id='word_1_802' title='bbox 1484 2699 1548 2736; x_wconf 74' lang='lat' dir='ltr'><strong>quia</strong></span> <span class='ocrx_word' id='word_1_803' title='bbox 1563 2704 1762 2730; x_wconf 86' lang='lat' dir='ltr'><strong>transeundum</strong></span> <span class='ocrx_word' id='word_1_804' title='bbox 1779 2709 1838 2732; x_wconf 79' lang='lat' dir='ltr'><strong>erat</strong></span> 
     </span>
    </p>
   </div>
   <div class='ocr_carea' id='block_1_110' title="bbox 248 2733 1837 2772">
    <p class='ocr_par' dir='ltr' id='par_1_110' title="bbox 248 2733 1837 2772">
     <span class='ocr_line' id='line_1_110' title="bbox 248 2733 1837 2772; baseline 0.003 -11"><span class='ocrx_word' id='word_1_805' title='bbox 248 2735 294 2772; x_wconf 19' lang='lat'><strong>(0)7</strong></span> <span class='ocrx_word' id='word_1_806' title='bbox 308 2733 473 2772; x_wconf 55' lang='lat' dir='ltr'><strong>Sanctarum</strong></span> <span class='ocrx_word' id='word_1_807' title='bbox 489 2733 560 2761; x_wconf 86' lang='lat' dir='ltr'><strong>facta</strong></span> <span class='ocrx_word' id='word_1_808' title='bbox 580 2733 758 2765; x_wconf 82' lang='lat' dir='ltr'><strong>admiremur,</strong></span> <span class='ocrx_word' id='word_1_809' title='bbox 779 2733 825 2768; x_wconf 88' lang='lat' dir='ltr'><strong>qtti</strong></span> <span class='ocrx_word' id='word_1_810' title='bbox 843 2735 934 2762; x_wconf 85' lang='lat' dir='ltr'><strong>omnia</strong></span> <span class='ocrx_word' id='word_1_811' title='bbox 953 2735 998 2772; x_wconf 83' lang='lat' dir='ltr'><strong>pio</strong></span> <span class='ocrx_word' id='word_1_812' title='bbox 1050 2737 1119 2772; x_wconf 87' lang='lat' dir='ltr'><strong>ultra</strong></span> <span class='ocrx_word' id='word_1_813' title='bbox 1137 2737 1307 2772; x_wconf 63' lang='lat' dir='ltr'><strong>Bosphorum</strong></span> <span class='ocrx_word' id='word_1_814' title='bbox 1322 2738 1355 2764; x_wconf 92' lang='lat' dir='ltr'><strong>ad</strong></span> <span class='ocrx_word' id='word_1_815' title='bbox 1370 2733 1552 2765; x_wconf 77' lang='lat' dir='ltr'><strong>Saccudionis</strong></span> <span class='ocrx_word' id='word_1_816' title='bbox 1572 2738 1600 2765; x_wconf 89' lang='lat' dir='ltr'><strong>in</strong></span> <span class='ocrx_word' id='word_1_817' title='bbox 1616 2738 1680 2766; x_wconf 82' lang='lat' dir='ltr'><strong>Asia</strong></span> <span class='ocrx_word' id='word_1_818' title='bbox 1697 2743 1837 2766; x_wconf 63' lang='lat' dir='ltr'><strong>monasteo</strong></span> 
     </span>
    </p>
   </div>
   <div class='ocr_carea' id='block_1_111' title="bbox 211 2769 1452 2806">
    <p class='ocr_par' dir='ltr' id='par_1_111' title="bbox 211 2769 1452 2806">
     <span class='ocr_line' id='line_1_111' title="bbox 211 2769 1452 2806; baseline 0.001 -8"><span class='ocrx_word' id='word_1_819' title='bbox 211 2769 312 2806; x_wconf 73' lang='lat' dir='ltr'><strong>mentis</strong></span> <span class='ocrx_word' id='word_1_820' title='bbox 324 2769 422 2797; x_wconf 79' lang='lat' dir='ltr'><strong>aﬂ&#39;cctu</strong></span> <span class='ocrx_word' id='word_1_821' title='bbox 434 2773 567 2806; x_wconf 65' lang='lat' dir='ltr'><strong>egerunt;</strong></span> <span class='ocrx_word' id='word_1_822' title='bbox 581 2775 805 2806; x_wconf 56' lang='lat' dir='ltr'><strong>quanquamnolt</strong></span> <span class='ocrx_word' id='word_1_823' title='bbox 819 2776 895 2806; x_wconf 51' lang='lat' dir='ltr'><strong>atque</strong></span> <span class='ocrx_word' id='word_1_824' title='bbox 904 2770 996 2806; x_wconf 86' lang='lat' dir='ltr'><strong>omnia</strong></span> <span class='ocrx_word' id='word_1_825' title='bbox 1048 2771 1131 2798; x_wconf 88' lang='lat' dir='ltr'><strong>rium.</strong></span> <span class='ocrx_word' id='word_1_826' title='bbox 1150 2769 1203 2798; x_wconf 76' lang='lat' dir='ltr'><strong>Vit.</strong></span> <span class='ocrx_word' id='word_1_827' title='bbox 1222 2771 1328 2799; x_wconf 84' lang='lat' dir='ltr'><strong>Theod.</strong></span> <span class='ocrx_word' id='word_1_828' title='bbox 1347 2779 1408 2806; x_wconf 83' lang='lat' dir='ltr'><strong>cap.</strong></span> <span class='ocrx_word' id='word_1_829' title='bbox 1426 2773 1452 2799; x_wconf 87' lang='lat'><strong>5.</strong></span> 
     </span>
    </p>
   </div>
   <div class='ocr_carea' id='block_1_112' title="bbox 213 2803 1834 2842">
    <p class='ocr_par' dir='ltr' id='par_1_112' title="bbox 213 2803 1834 2842">
     <span class='ocr_line' id='line_1_112' title="bbox 213 2803 1834 2842; baseline 0.002 -9"><span class='ocrx_word' id='word_1_830' title='bbox 213 2805 314 2842; x_wconf 74' lang='lat' dir='ltr'><strong>imitari</strong></span> <span class='ocrx_word' id='word_1_831' title='bbox 327 2803 471 2842; x_wconf 47' lang='lat' dir='ltr'><strong>debemus}</strong></span> <span class='ocrx_word' id='word_1_832' title='bbox 482 2803 563 2842; x_wconf 66' lang='lat' dir='ltr'><strong>Certe</strong></span> <span class='ocrx_word' id='word_1_833' title='bbox 581 2803 763 2842; x_wconf 70' lang='lat' dir='ltr'><strong>adolescentis</strong></span> <span class='ocrx_word' id='word_1_834' title='bbox 782 2803 922 2842; x_wconf 59' lang='lat' dir='ltr'><strong>_Eut_|tymii</strong></span> <span class='ocrx_word' id='word_1_835' title='bbox 941 2813 995 2842; x_wconf 80' lang='lat' dir='ltr'><strong>non</strong></span> <span class='ocrx_word' id='word_1_836' title='bbox 1083 2806 1122 2842; x_wconf 84' lang='grc'><strong>(7)</strong></span> <span class='ocrx_word' id='word_1_837' title='bbox 1143 2807 1257 2842; x_wconf 70' lang='lat' dir='ltr'><strong>Exstant</strong></span> <span class='ocrx_word' id='word_1_838' title='bbox 1276 2803 1467 2842; x_wconf 67' lang='lat' dir='ltr'><strong>pulcherrimae</strong></span> <span class='ocrx_word' id='word_1_839' title='bbox 1483 2807 1517 2835; x_wconf 91' lang='lat' dir='ltr'><strong>de</strong></span> <span class='ocrx_word' id='word_1_840' title='bbox 1540 2807 1582 2836; x_wconf 83' lang='lat' dir='ltr'><strong>Itis</strong></span> <span class='ocrx_word' id='word_1_841' title='bbox 1600 2816 1633 2836; x_wconf 79' lang='lat' dir='ltr'><strong>xi.</strong></span> <span class='ocrx_word' id='word_1_842' title='bbox 1650 2807 1712 2835; x_wconf 78' lang='lat' dir='ltr'><strong>MM.</strong></span> <span class='ocrx_word' id='word_1_843' title='bbox 1730 2808 1834 2836; x_wconf 83' lang='lat' dir='ltr'><strong>oratio-</strong></span> 
     </span>
    </p>
   </div>
   <div class='ocr_carea' id='block_1_113' title="bbox 213 2838 1559 2880">
    <p class='ocr_par' dir='ltr' id='par_1_113' title="bbox 213 2838 1559 2880">
     <span class='ocr_line' id='line_1_113' title="bbox 213 2838 1559 2880; baseline 0.001 -12"><span class='ocrx_word' id='word_1_844' title='bbox 213 2841 280 2869; x_wconf 84' lang='lat' dir='ltr'><strong>satis</strong></span> <span class='ocrx_word' id='word_1_845' title='bbox 300 2840 409 2867; x_wconf 80' lang='lat' dir='ltr'><strong>ﬁrmum</strong></span> <span class='ocrx_word' id='word_1_846' title='bbox 425 2839 544 2880; x_wconf 65' lang='lat' dir='ltr'><strong>religiosi</strong></span> <span class='ocrx_word' id='word_1_847' title='bbox 557 2838 995 2880; x_wconf 57' lang='lat' dir='ltr'><strong>institutisuscipiettdi&#39;proposi-</strong></span> <span class='ocrx_word' id='word_1_848' title='bbox 1047 2838 1095 2869; x_wconf 79' lang='lat' dir='ltr'><strong>ncs</strong></span> <span class='ocrx_word' id='word_1_849' title='bbox 1109 2838 1159 2869; x_wconf 77' lang='lat' dir='ltr'><strong>SS.</strong></span> <span class='ocrx_word' id='word_1_850' title='bbox 1178 2838 1284 2877; x_wconf 61' lang='lat' dir='ltr'><strong>Basilii,</strong></span> <span class='ocrx_word' id='word_1_851' title='bbox 1296 2847 1321 2870; x_wconf 83' lang='lat' dir='ltr'><strong>et</strong></span> <span class='ocrx_word' id='word_1_852' title='bbox 1337 2841 1417 2878; x_wconf 58' lang='grc' dir='ltr'><strong>ϐενε.</strong></span> <span class='ocrx_word' id='word_1_853' title='bbox 1434 2841 1559 2880; x_wconf 84' lang='lat' dir='ltr'><strong>Nysseni.</strong></span> 
     </span>
    </p>
   </div>
   <div class='ocr_carea' id='block_1_114' title="bbox 215 2873 993 2908">
    <p class='ocr_par' dir='ltr' id='par_1_114' title="bbox 215 2873 993 2908">
     <span class='ocr_line' id='line_1_114' title="bbox 215 2873 993 2908; baseline 0 -5"><span class='ocrx_word' id='word_1_854' title='bbox 215 2881 271 2903; x_wconf 86' lang='lat' dir='ltr'><strong>tum</strong></span> <span class='ocrx_word' id='word_1_855' title='bbox 298 2882 360 2902; x_wconf 82' lang='lat' dir='ltr'><strong>mox</strong></span> <span class='ocrx_word' id='word_1_856' title='bbox 387 2873 626 2908; x_wconf 64' lang='lat' dir='ltr'><strong>matri&#39;fratrique</strong></span> <span class='ocrx_word' id='word_1_857' title='bbox 649 2873 858 2902; x_wconf 71' lang='lat' dir='ltr'><strong>sollicitudinem</strong></span> <span class='ocrx_word' id='word_1_858' title='bbox 873 2873 993 2905; x_wconf 62' lang='lat' dir='ltr'><strong>’mvcm</strong></span> 
     </span>
    </p>
   </div>
  </div>
