1924 3077
111 148 166 180 893

380 149 523 180 ORATIO
535 150 621 180 XIII.
638 164 673 169 —
697 152 893 183 LAUDATIO
918 154 1113 185 FUNEBRIS
1129 155 1171 185 IN
1200 154 1364 184 MATREM
1377 153 1504 185 SUAM.‘

1696 155 1748 187 894

112 202 279 240 ἀφηγεῖσθαι
295 202 351 229 τῶν
367 203 485 234 πολλῶν.
499 204 532 230 ὲκ
542 204 637 231 τούτου
652 204 777 240 βιάζεται
789 206 842 233 ὑπὸ
859 206 904 233 τοῦ

958 209 1040 237 nialis
1073 209 1165 236 aderat
1197 216 1258 244 quae
1284 209 1432 244 prudenter
1455 214 1617 236 ceterarum
1645 215 1747 238 emtum

111 249 229 285 ἀδεκφοῦ
245 248 432 282 κελλιωτικῶς
456 249 494 284 (8)
515 249 613 284 βιῶσαι
631 251 702 286 μετὰ
717 252 766 287 τῆς
782 261 905 288 προκαρ-

112 295 209 331 Θείσης
227 295 392 331 θυγατρίδος
413 296 459 323 καὶ
484 296 582 332 ἑτέρας
605 298 774 332 συγγενίδος.
797 300 836 335 Ζῇ
856 299 906 335 μὲν

111 341 214 370 αὐτίκα
225 342 439 378 ὗπομονητικῶς
449 350 456 356 ·
470 342 504 378 ζῇ
514 343 543 370 δὲ
554 344 703 380 ὀδυνηρῶς·
716 344 774 377 πῶς
788 346 843 380 γὰρ
855 345 903 380 οὓς

111 389 157 415 τὸν
171 388 400 424 χειραγωγοῦντα
417 389 455 424 μὴ
481 390 641 425 κεκτημένη
652 412 660 423 ,
687 391 736 418 καὶ
752 391 803 424 τὰς
828 393 904 419 ἀντι-

111 434 288 470 πραττούσας
309 434 349 470 τῷ
361 435 487 462 εὐσεϐεῖν
500 436 688 472 ἑφευραμένη.
700 438 749 464 καὶ
763 437 903 469 τοσοῦτον,

110 479 183 506 ὥστε
196 479 245 506 καὶ
257 479 305 506 τοῦ
323 479 449 514 σιμνείου
462 479 644 515 ἐξορίζεσθαι.
665 481 801 517 Αἰδοῦμαι
815 482 904 508 εἰπεῖν

110 524 183 560 ὑπὲρ
197 524 270 556 τίνος
289 525 338 551 καὶ
351 524 397 551 διὰ
411 524 484 556 τίνος
495 545 503 557 ,
522 526 609 558 φειδοῖ
628 526 684 552 τῶν
699 527 885 562 ἀκροωμένων
895 534 903 542 ⁰

110 571 187 605 ὅμως
204 570 284 606 φέρει
304 570 376 606 ὑπὲρ
390 570 437 597 τοῦ
454 570 539 597 καλοῦ
557 571 703 607 πάσχουσα
719 573 765 599 καὶ
784 573 829 599 διὰ
848 573 905 600 Κύ-

112 624 172 652 ριον
185 616 373 652 πελαζομὲνη.
391 616 445 643 Καὶ
458 617 509 643 οὒκ
525 615 575 644 οἵδ’
591 617 667 650 ὅπως
680 618 844 652 ἀπαγγείλω
855 617 905 649 τὰς

110 662 283 698 ἐπαλλήλους
303 663 440 698 ἐπιφορὰς
455 663 502 689 καὶ
516 664 682 698 μεταγωγὰς
701 664 753 699 τῆς
768 664 841 699 ζωῆς
856 664 905 691 αὐ-

109 708 171 743 τῆς,
190 708 237 735 καὶ
254 707 305 739 τὰς
319 708 510 743 ὲπισυμῦάσας
533 709 611 743 ἡμῖν,
632 708 665 736 εκ
678 717 708 736 τε
726 708 900 743 συγγενείας,

110 754 144 781 ἐκ
154 762 184 780 τι
201 753 341 789 βασιλείας
355 753 459 789 θλίψεις
475 754 522 780 καὶ
537 754 634 786 ὀδύνας
651 755 699 782 καὶ
715 755 902 791 περιστάσεις·

109 798 142 825 τὸ
157 798 186 825 δὲ
201 797 387 833 συναγόμενον
406 796 458 834 ἦν,
488 799 505 833 ή
520 798 708 834 θρυλλουμένη
728 799 836 835 μοιχεία
856 799 904 827 τοῦ

110 844 325 879 αὐτοκράτορος,
341 844 412 880 ὑπὲρ
423 841 458 880 ἧς
471 846 518 872 καὶ
529 846 559 872 τὸ
572 846 690 881 πάσχειν
704 844 738 882 ἦν
748 847 817 882 αὐτῇ
829 845 902 882 [cod.

109 878 206 929 am].
214 892 294 919 Ἐπεὶ
313 892 342 919 δὲ
356 878 404 919 toti
419 878 612 927 οίκουμενικοῦ
627 878 904 928 τολμήματοςπὲμνή-
920 878 941 907 Β

109 937 190 973 σθην,
210 939 266 965 ῐστε
283 934 340 965 οἷον
353 938 484 973 ὄδυνηρδν
497 937 609 971 ἔλαϐεν,
624 938 708 973 ἡνίκα
731 938 805 974 ἑώρα
829 939 904 973 ἡμᾶς

109 986 143 1012 ὲκ
156 984 205 1012 τοῦ
224 985 411 1020 μοναστηριου
425 984 645 1020 ἁρπαζομένους,
655 984 821 1012 συνελθοῦσα
833 985 905 1012 κατὰ

107 1031 160 1066 τὴν
178 1031 270 1066 ὥραν·
287 1031 358 1058 ἀλλὰ
380 1032 404 1057 εξ
420 1031 511 1058 καὶτὸ
527 1031 640 1067 θρηνεῖν
663 1029 696 1066 ἦν
716 1031 785 1066 αὐτῇ
808 1039 902 1066 μονου-

111 1077 182 1114 μένῃ
198 1077 318 1112 μάλιστα
330 1077 360 1109 ἐξ
372 1077 464 1112 ἡμῶν,
473 1077 526 1104 οὐκ
534 1077 739 1113 ἠγανάκτησεν,
750 1078 781 1104 οὐ
793 1078 904 1113 προΐετο

111 1123 190 1158 ῥῆμα
216 1122 325 1157 ἁγενὲς,
340 1122 401 1149 οὐδὲ
419 1121 519 1158 ἔρρηξε
533 1122 579 1150 τὸν
596 1122 708 1158 χιτῶνα,
721 1122 771 1150 οὐκ
787 1122 905 1158 ἠλάλαξε

109 1169 168 1200 τοῖς
182 1169 331 1200 κωκυτοῖς’
348 1168 418 1202 ἀλλ’,
427 1168 536 1200 "Amce,
551 1169 644 1204 φησὶν,
653 1166 676 1195 ὧ
690 1169 785 1201 παῖδες
796 1168 844 1196 καὶ
852 1168 906 1195 σώ-

109 1213 203 1247 ζοισθε
219 1214 249 1241 ὲν
264 1214 370 1250 Κυρίῳ,
385 1215 509 1249 ὅπουπερ
524 1215 558 1241 ἂν
584 1214 749 1248 ἀπάγοισθε,
763 1215 812 1242 καὶ
824 1214 905 1242 ὁποῖά

109 1261 170 1288 ποτ’
188 1260 223 1287 ἂν
239 1261 416 1294 πάθοιτε,διὰ
429 1261 512 1295 νόμον
524 1260 608 1288 αὐτοῦ
619 1261 700 1287 τοῦτο
713 1261 903 1297 προελόμενοι·

108 1306 215 1340 ἀγαθὸν
238 1306 292 1342 γὰρ
308 1307 373 1342 ὑμῖν
389 1307 404 1334 ὃ
419 1316 446 1334 τι
460 1308 494 1334 διν
508 1308 556 1334 καὶ
572 1307 739 1342 ὑποσταίητε
755 1307 841 1333 δεινὸν
856 1307 906 1342 μέ-

110 1360 158 1386 χρι
181 1352 230 1379 καὶ
251 1351 379 1386 αἵματος,
397 1352 413 1387 ἢ
439 1351 630 1387 προσήκασθαι
647 1351 692 1378 τὸν
709 1351 903 1386 μοιχεύσαντα,

113 1397 163 1423 καὶ
178 1396 223 1423 διὰ
239 1397 320 1424 τοῦτο
337 1396 485 1431 προδοῦναι
506 1396 556 1432 τὴν
575 1396 718 1431 ἀλήθειαν.
731 1397 763 1422 Ὢ
779 1396 829 1430 τῆς
847 1395 905 1421 τολ-

112 1443 205 1478 μηρᾶς
213 1442 259 1469 καὶ
274 1442 400 1476 γενναίας
410 1442 517 1478 ψυχῆςι
536 1442 617 1474 εὐθὺς
629 1442 659 1468 οὐ
672 1441 838 1473 κατέπεσεν,
852 1440 906 1468 ὥσ-

113 1485 216 1523 περῆν
234 1487 318 1520 εικὺς,
332 1487 552 1522 χθαμαλωτέρας
569 1488 616 1514 καὶ
637 1487 771 1522 ἀνάνδρου
788 1486 903 1512 παθεῖν·

111 1533 182 1560 ἀλλὰ
196 1532 224 1559 τί
233 1542 240 1566 ;
255 1532 469 1568 συνεξεδήμησε,
488 1533 718 1568 συνωδοιπόρησε,
736 1533 904 1568 συνέθραυσε

111 1579 143 1605 τὸ
155 1578 337 1606 ἁπαλώτατον
354 1579 479 1614 σαρκίον,
502 1580 535 1614 τῇ
557 1577 605 1605 τοῦ
628 1578 708 1613 ὅρους
732 1579 902 1615 ὑπερὸάσει·

111 1626 174 1652 οὐδὲ
190 1626 237 1652 τὸν
256 1625 399 1662 πρόθυμον
416 1625 610 1661 συνοδοιπόρον
626 1625 784 1661 εὑραμένη·
802 1626 845 1659 αῖ,
865 1625 905 1658 αῖ,

112 1671 174 1703 πῶς
194 1671 325 1705 γεγόνασι
346 1672 448 1703 πάντες
460 1671 506 1698 τοῦ
519 1671 618 1706 καιροῦ
641 1671 905 1707 ἀπανθρωπότεροι;

111 1716 161 1742 καὶ
176 1715 279 1750 μᾶλλόν
293 1724 367 1747 τινες
386 1716 434 1743 καὶ
448 1715 736 1750 προσεπεμὸαίνοντες
755 1716 802 1742 καὶ
821 1724 907 1751 προσ-

111 1762 291 1794 ονειδίζοντες
305 1761 361 1789 τῶν
377 1762 554 1797 ὑποχειρίων,
569 1761 607 1793 ὡς
622 1761 803 1797 πληρωθῆναι
816 1763 847 1788 τὸ
861 1762 906 1788 εὑ-

111 1807 270 1842 αγγελικὺν,
285 1808 327 1834 ὃτὶ
349 1807 464 1842 Ἐχοροὶ
481 1807 534 1834 τοῦ
551 1807 712 1841 ἀνθρώπου
727 1809 753 1834 οὶ
765 1807 906 1835 οὶκειακοί

110 1853 224 1880 αὐτοῦ·
245 1853 346 1888 ἔφθασε
366 1853 432 1888 γοῦν
452 1853 525 1889 ἡμᾶς
544 1853 592 1880 καὶ
610 1852 788 1885 αἰκισθέντας
811 1853 829 1888 ἡ
851 1861 901 1888 μα-

112 1900 209 1936 καρία.

149 1979 182 2006 θ’.
202 1978 258 2005 Καὶ
276 1979 313 2014 μή
329 1987 373 2010 τις
396 1979 425 2006 ὲν
445 1978 514 2013 τῷδε
536 1977 679 2013 λογίσηται
696 1978 810 2010 ἑαυτοὺς
832 1978 906 2014 ἡμᾶς

111 2024 310 2060 ἐγκωμιάζειν,
333 2025 383 2051 οὐκ
411 2024 524 2059 ἔχοντάς
547 2033 574 2050 τι
597 2023 653 2050 τῶν
680 2024 905 2060 ἐπαινουμένων·

111 2071 190 2098 ἄλλοι
207 2070 262 2106 γὰρ
281 2070 330 2106 οὐχ
347 2071 427 2106 ἡμεῖς
443 2071 469 2096 ot
486 2070 690 2105 ἀνδρισάμενοι,
709 2070 757 2096 καὶ
772 2070 812 2105 τῷ
825 2069 907 2105 κοινῷ

115 2116 207 2152 Haupt
223 2116 410 2152 ἐπιγραπτέον
423 2118 458 2142 τὸ
473 2115 641 2151 κατόρθωμα
650 2115 687 2150 (9)
699 2124 706 2131 ·
717 2115 761 2142 ἵνα
772 2115 801 2142 δὲ
815 2124 907 2151 παρα-

112 2164 260 2197 στήσωμεν
276 2162 320 2188 τὸν
333 2162 383 2196 τῆς
390 2162 591 2196 ἐπαινουμένης
601 2161 706 2195 ἀγῶνα,
719 2161 905 2196 ὲνεπέσαμεν,

113 2206 270 2241 σύγγνωτε,
286 2207 325 2238 εις
339 2206 403 2238 τοὺς
419 2206 484 2242 περὶ
501 2206 555 2232 τῶν
574 2206 717 2241 ἡμετέρων
729 2206 842 2233 ἐκείνων
861 2206 906 2232 λό-

110 2261 193 2287 γους,
210 2253 248 2284 ὡς
270 2253 300 2279 οὐ
319 2252 525 2288 βεϐουλήμεθα-
546 2252 625 2284 ἀλλὰ,
647 2252 748 2287 Μέγας
769 2254 785 2279 ό
798 2253 906 2286 Κύριος

110 2299 208 2334 ἡμῶν,
224 2299 272 2326 καὶ
286 2299 404 2334 μεγάλη
419 2299 438 2333 ἡ
449 2299 538 2333 ἰσχὺς
552 2298 656 2326 αὑτοῦ.
673 2298 718 2331 Ὠς
736 2299 829 2334 ὲκείνη
844 2299 906 2325 λαν-

111 2345 250 2377 θανόντως
278 2345 405 2381 ὑπεισῄει
439 2345 469 2371 ὲν
496 2345 535 2380 τῷ
564 2344 688 2380 φρουρίῳ
716 2344 765 2376 τὰς
799 2344 907 2378 πληγὰς

110 2391 214 2427 ὁρῶσα,
231 2392 278 2418 καὶ
292 2391 393 2423 ταύτας
409 2382 599 2425 ὑπαλείφουσα
612 2411 618 2423 ,
637 2390 685 2417 καὶ
697 2389 736 2425 τῷ
750 2389 810 2425 Θεῷ
827 2389 906 2422 δόξαν

109 2437 160 2464 καὶ
172 2434 249 2464 αῐνον
265 2437 294 2463 ὲν
306 2437 345 2472 τῷ
361 2437 395 2464 δι’
411 2437 521 2472 ἐντολὴν
539 2435 622 2462 αὑτοῦ
636 2436 723 2463 ταῦτα
739 2436 904 2470 ὑφίστασθαι

109 2484 145 2510 τὰ
161 2483 248 2517 αὐτῆς
264 2482 365 2517 ἔγγονα
379 2483 598 2518 άναπέμπουσα·
617 2481 704 2513 οὕτως
720 2483 794 2518 ἡμᾶς
813 2481 904 2508 εὐκτι-

109 2529 167 2560 κῶς
178 2529 228 2555 καὶ
242 2528 458 2564 κλαυθμυρικῶς
472 2529 520 2556 καὶ
535 2527 695 2564 περιχαρῶς
705 2528 735 2554 ὲν
749 2527 904 2562 μεταιχμίῳ

108 2574 164 2601 τῶν
179 2574 228 2601 δύο
240 2574 345 2607 παθῶν,
361 2575 394 2601 ὲκ
407 2574 463 2601 τῶν
480 2575 570 2601 ἐκεῖσε
582 2574 652 2610 πρὸς
664 2573 699 2600 τὰ
713 2574 843 2601 ἐπέκεινα
855 2575 905 2610 τῆς

145 2674 158 2691 ⁸
175 2674 273 2702 Matth.
292 2683 318 2707 ι,
334 2675 379 2702 56.
417 2676 428 2691 ⁸
447 2674 521 2703 Psal.
537 2683 627 2708 εει-γι,
645 2676 671 2704 5.
802 2709 812 2724 Ι

145 2762 185 2797 (8)
204 2763 338 2791 Cellulani
353 2770 402 2791 seu
423 2763 537 2791 cellioue
551 2763 680 2792 monachi
699 2768 748 2791 aut
768 2763 904 2791 moniales

109 2802 188 2825 extra
206 2798 403 2826 monasterium
426 2799 453 2826 in
473 2799 550 2827 cellis
567 2799 735 2829 habitantes,
755 2798 790 2826 de
803 2799 904 2832 quibus

110 2834 182 2860 satis
197 2833 320 2868 Cangius
339 2834 366 2870 in
382 2833 494 2870 Lexico,
511 2834 602 2864 citatis
618 2834 721 2863 Graecis
732 2834 903 2867 auctoribus,

108 2873 135 2895 ct
151 2870 305 2903 praesertim
322 2869 432 2897 Allatio.

955 261 1050 290 regere
1074 259 1166 290 posset
1181 275 1189 288 ,
1218 259 1363 289 propterea
1388 263 1404 282 a
1422 254 1505 282 l'ratre
1519 255 1626 290 cogitur
1638 255 1749 283 cellula-

956 309 1054 328 norum
1070 309 1146 328 more
1160 301 1250 328 vivere
1263 321 1271 333 ,
1302 308 1364 329 cum
1390 301 1445 329 ﬁlia
1471 301 1528 335 jam
1547 306 1626 329 antea
1649 305 1727 329 tonsa
1739 322 1747 335 ,

956 347 1064 382 aliaque
1088 352 1214 383 cognata.
1243 346 1398 382 Statimque
1426 347 1572 381 patientem
1596 347 1680 374 vitam
1701 355 1749 375 ex-

956 397 1033 428 perta
1049 397 1092 420 est
1108 414 1115 426 ,
1135 393 1346 427 necessarioque
1363 392 1470 420 tristem
1484 413 1492 426 ,
1510 392 1574 427 quia
1590 397 1617 420 et
1631 393 1747 428 Spiritali

955 439 1025 466 duce
1038 439 1160 470 carebat,
1177 439 1200 465 ei
1218 438 1352 473 quasdam
1370 442 1449 465 nacta
1464 442 1506 465 est
1529 438 1638 466 sodales
1654 438 1748 473 pietati

955 485 1085 512 adversas
1102 504 1110 517 ,
1138 485 1165 511 in
1185 488 1290 511 tantum
1307 488 1336 511 ut
1349 484 1430 511 etiam
1460 491 1540 511 sacro
1554 483 1600 510 illo
1622 484 1682 511 loco
1702 492 1749 511 ex-

955 531 1116 566 pelleretur.
1126 529 1182 557 Cur
1190 534 1280 557 autem
1294 529 1335 556 vel
1347 529 1427 564 cujus
1439 537 1534 564 opera,
1547 530 1632 564 pudet
1644 530 1747 563 dicere,

956 580 985 603 ut
999 575 1169 603 audientium
1194 575 1311 602 auribus
1339 581 1461 609 parcam.
1491 575 1616 601 Attamen
1640 575 1749 603 virtutis

955 629 1037 649 causa
1051 641 1059 654 ,
1086 626 1113 648 et
1125 625 1237 656 propter
1252 621 1397 648 Dominum
1424 619 1523 647 afﬂicta
1537 641 1545 652 ,
1575 621 1707 655 patienter
1719 628 1749 648 se

955 668 1076 703 gerebat.
1104 667 1160 695 Nec
1174 675 1229 703 quo
1244 671 1324 702 pacto
1343 667 1454 694 recitem
1481 667 1539 695 scio
1556 667 1624 694 alias
1638 674 1670 694 ex
1687 666 1749 693 aliis

955 715 1018 741 vitae
1031 713 1091 748 ejus
1106 713 1279 741 calamitates
1293 717 1320 740 et
1337 712 1410 740 vices
1423 732 1430 744 ,
1447 718 1610 747 nostrasque
1624 712 1749 739 aﬁinibus

954 765 981 786 et
993 759 1027 786 ab
1039 759 1153 794 imperio
1162 765 1318 794 pressuras,
1331 757 1504 790 alllictiones,
1516 761 1544 785 et
1556 757 1747 786 adversitates.

956 805 1068 832 Summa
1084 805 1121 831 rei
1139 803 1200 837 fuit,
1218 803 1356 830 famosum
1373 803 1549 837 imperatoris
1564 803 1748 838 adulterium,

956 851 1029 886 quod
1057 851 1136 878 matri
1152 857 1263 885 quoque
1278 853 1380 876 nostra:
1402 856 1485 876 causa
1509 849 1615 876 doloris
1629 849 1747 877 exstitit.

957 895 1034 923 Nunc
1049 896 1113 931 quia
1127 895 1268 930 publicum
1283 894 1392 922 facinus
1407 895 1620 921 commemoravi
1639 915 1646 927 ,
1663 895 1749 930 probe

959 942 1036 970 scitis
1065 949 1148 977 quam
1172 948 1244 976 a‘gre
1273 940 1317 967 illa
1344 939 1447 972 tulerit,
1473 947 1534 966 cum
1562 947 1613 967 nos
1634 940 1668 967 de
1688 948 1748 968 mo-

957 989 1078 1017 nasterio
1107 988 1262 1015 abstractos
1292 987 1370 1019 vidit,
1404 987 1506 1021 quippe
1530 994 1592 1021 quas
1616 987 1649 1013 ad
1671 986 1746 1014 illam

956 1036 1053 1063 horam
1076 1037 1253 1062 convenerat.
1286 1033 1340 1061 Sed
1356 1033 1482 1067 quamvis
1510 1033 1538 1059 in
1566 1032 1641 1059 luctu
1669 1037 1746 1065 erat,

956 1081 1084 1110 sodalilio
1105 1079 1257 1116 praesertim
1281 1084 1378 1106 nostro
1399 1078 1516 1114 spoliata
1532 1100 1540 1112 ,
1567 1086 1621 1105 non
1635 1083 1676 1105 est
1703 1079 1747 1105 in-

955 1129 1076 1165 dignata,
1095 1135 1184 1162 neque
1197 1127 1354 1154 indecorum
1369 1126 1519 1160 quidquam
1538 1126 1628 1152 locuta
1640 1131 1649 1157 ,‘
1661 1132 1748 1160 neque

957 1175 1077 1202 tunicam
1095 1173 1186 1205 scidit,
1205 1179 1294 1207 neque
1310 1172 1447 1199 clamores
1460 1170 1590 1205 lugubres
1609 1170 1747 1204 susmlit‘;

956 1222 1002 1249 sed
1019 1220 1098 1248 Abite
1113 1240 1120 1253 ,
1140 1219 1247 1254 inquit,
1262 1219 1309 1246 ﬁlii
1325 1239 1332 1251 ,
1347 1223 1374 1246 et
1388 1218 1414 1245 in
1430 1217 1547 1245 Domino
1564 1217 1630 1245 salvi
1645 1221 1747 1248 estote,

956 1274 1121 1302 quocunque
1150 1265 1260 1293 demum
1275 1264 1413 1292 ducetnini
1428 1285 1436 1297 ,
1459 1269 1488 1291 et
1502 1263 1630 1298 quislibet
1652 1270 1749 1298 perpe—

957 1311 1083 1343 ttemini,
1115 1309 1337 1345 quandoquidem
1368 1309 1435 1344 legis
1464 1308 1538 1335 illius
1568 1308 1654 1342 gratia
1685 1314 1749 1342 pro-

957 1357 1075 1392 positum
1104 1355 1156 1383 hoc
1175 1354 1347 1390 suscepistis.
1377 1353 1476 1381 Melius
1503 1353 1576 1381 enim
1598 1352 1676 1380 vobis
1695 1356 1748 1383 est,

956 1410 1039 1438 grave
1069 1401 1207 1436 quodlibet
1223 1408 1309 1435 usque
1320 1401 1354 1428 ad
1369 1401 1533 1436 sanguinem
1551 1400 1606 1435 pati
1623 1419 1632 1432 ,
1665 1406 1748 1434 quam

956 1449 1112 1477 adulterum
1139 1448 1166 1475 in
1193 1447 1415 1474 connuunionem
1433 1447 1588 1478 admittere,
1612 1450 1696 1480 atque
1711 1446 1748 1472 ita

957 1495 1100 1522 veritatem
1114 1494 1241 1528 prodere.
1257 1492 1279 1520 0
1299 1493 1434 1527 intrepida
1447 1493 1539 1520 anima
1555 1496 1582 1519 et
1595 1498 1726 1527 generosa
1739 1491 1746 1518 l

958 1540 995 1567 lbi
1017 1539 1129 1566 minitne
1155 1539 1296 1571 concidit,
1326 1545 1375 1565 ceu
1400 1545 1449 1572 par
1465 1537 1564 1564 fuisset
1593 1537 1750 1571 contingere

958 1585 1058 1613 inﬁmae
1077 1585 1159 1612 alicui
1172 1589 1199 1611 ct
1214 1584 1319 1611 enervi.
1337 1584 1408 1616 Quid
1424 1590 1489 1610 vero
1503 1582 1515 1609 ?
1528 1581 1678 1610 Nobiscum
1693 1581 1748 1608 dis-

957 1631 1048 1663 cessit,
1074 1630 1217 1657 nobiscum
1239 1630 1291 1656 iter
1314 1628 1444 1663 suscepit,
1473 1628 1622 1654 delicatttm
1644 1625 1749 1654 attrivit

957 1677 1152 1712 corpusculum
1166 1676 1193 1702 in
1205 1675 1305 1702 montis
1316 1682 1443 1706 ascensu,
1457 1674 1561 1701 nullutn
1571 1673 1689 1700 alacrem
1700 1672 1750 1699 via:

957 1723 1085 1751 comitem
1101 1726 1190 1749 nacta.
1208 1721 1266 1748 lleu
1280 1722 1287 1748 ι
1307 1722 1358 1748 heu
1372 1721 1379 1748 l
1404 1720 1543 1755 quomodo
1558 1727 1655 1746 omnes
1668 1726 1749 1746 occa-

957 1769 1084 1797 sionibus
1113 1768 1181 1794 ﬁttnt
1209 1767 1373 1794 inhumani!
1403 1766 1474 1799 Quin
1500 1770 1528 1793 et
1555 1764 1681 1792 nonnulli
1709 1763 1750 1790 in-

958 1813 1094 1840 sultabant
1104 1817 1132 1840 et
1142 1812 1371 1839 conviciabantur
1382 1813 1430 1847 qui
1441 1813 1548 1839 fuerant
1560 1810 1749 1842 defamnlitio,

960 1864 989 1886 ut
1004 1859 1194 1894 evangelicum
1207 1858 1274 1885 illud
1287 1858 1474 1893 compleretur
1491 1867 1498 1885 :
1515 1857 1623 1884 Inimici
1635 1855 1749 1882 hantinir

957 1905 1095 1932 domestici
1111 1905 1168 1939 ejus
1184 1905 1206 1930 '.
1231 1903 1326 1939 Itaque
1341 1905 1374 1932 ad
1390 1912 1440 1932 nos
1456 1904 1483 1931 in
1497 1903 1666 1931 cruciatibus
1682 1909 1751 1937 quo-

958 1959 1012 1987 que
1034 1952 1138 1987 positos
1153 1952 1231 1980 beata
1249 1952 1309 1979 haec
1323 1951 1489 1979 adventavit.

995 1999 1022 2026 9.
1043 1997 1130 2025 Nemo
1149 2004 1252 2031 autem,
1270 2006 1374 2033 quaeso,
1390 2001 1497 2032 reputet
1513 1992 1621 2024 nosmet
1635 1995 1710 2030 ipsos
1735 2003 1749 2022 a

959 2044 1040 2071 nobis
1057 2044 1216 2078 praedicari,
1233 2045 1281 2079 qui
1310 2052 1404 2071 revera
1426 2044 1528 2070 nullam
1545 2048 1649 2078 partem
1669 2041 1752 2076 hujus

959 2089 1047 2117 laudis
1062 2090 1232 2125 attingimus.
1261 2089 1366 2125 Quippe
1378 2090 1423 2117 alii
1441 2110 1448 2121 ,
1474 2097 1528 2116 non
1545 2097 1613 2121 nos.
1640 2093 1753 2116 strenue

958 2138 1081 2168 egerunt,
1113 2138 1140 2161 et
1163 2135 1303 2161 communi
1332 2135 1424 2168 potius
1446 2134 1520 2160 Patri
1538 2141 1581 2160 res
1597 2133 1664 2160 bene
1676 2137 1751 2167 gesta

960 2178 1089 2204 vertenda
1114 2182 1165 2205 est.
1195 2177 1328 2212 ignoscite
1361 2184 1451 2205 autem
1466 2198 1474 2209 ,
1499 2177 1602 2204 sidunt
1636 2177 1753 2203 laudatae

923 2232 945 2260 ι)
960 2221 1067 2249 feminae
1095 2227 1233 2249 certamen
1251 2222 1416 2256 exponimus
1427 2242 1435 2254 ,
1451 2222 1527 2248 inviti
1544 2223 1569 2247 in
1584 2228 1675 2247 rerum
1693 2220 1752 2246 illa-

958 2275 1020 2293 rtnn
1036 2267 1221 2294 narrationem
1235 2267 1392 2294 incidimus.
1417 2266 1469 2294 Sed
1492 2266 1602 2301 Magnus
1621 2265 1751 2292 Dominus

959 2316 1056 2344 noster,
1072 2315 1097 2337 et
1121 2319 1217 2345 magna
1242 2311 1325 2337 virtus
1342 2311 1399 2345 ejus
1415 2311 1426 2326 °
1445 2311 1451 2338 l
1467 2310 1514 2338 Illa
1531 2310 1623 2344 itaque
1635 2309 1706 2337 clam
1722 2309 1750 2335 in

957 2355 1109 2382 custodiam
1125 2355 1260 2389 ingressa,
1275 2354 1340 2382 visis
1357 2355 1445 2389 plagis
1458 2362 1562 2389 easque
1580 2353 1703 2381 osculata
1724 2357 1752 2379 et

958 2401 1140 2428 medicamine
1152 2408 1256 2435 angens
1271 2420 1278 2432 ,
1311 2399 1366 2427 Deo
1384 2400 1499 2436 gloriam
1525 2400 1689 2435 laudentque
1702 2401 1751 2427 ob-

958 2447 1031 2480 tulit,
1057 2447 1122 2481 quia
1158 2447 1205 2474 ﬁlii
1235 2447 1277 2474 sui
1311 2452 1423 2482 propter
1441 2446 1566 2481 ejusdem
1586 2447 1671 2483 legem
1688 2446 1751 2473 talia

957 2495 1127 2525 paterentur.
1149 2491 1194 2517 Sic
1207 2491 1252 2518 illa
1270 2499 1323 2518 nos
1338 2499 1400 2518 cum
1417 2491 1563 2526 precibus,
1581 2491 1728 2526 gemitibus
1741 2511 1749 2522 ,

958 2534 1095 2569 simulque
1107 2535 1255 2568 hilaritate,
1268 2535 1339 2562 inter
1352 2535 1401 2562 has
1411 2535 1481 2562 duas
1495 2535 1580 2561 animi
1592 2535 1750 2569 passiones,

959 2578 995 2606 ab
1011 2579 1058 2606 illo
1091 2579 1150 2606 loco
1170 2578 1203 2606 ad
1230 2579 1358 2607 ulteriora
1386 2579 1520 2607 abductos
1543 2579 1678 2607 comitatis
1702 2579 1751 2606 ad-

994 2762 1033 2798 (9)
1052 2762 1112 2803 Ipse
1126 2761 1290 2803 Theodorus
1301 2767 1406 2803 patrem
1427 2770 1508 2803 suum
1525 2761 1752 2803 spiritalem‘Pla.

959 2797 1051 2826 touem
1066 2797 1098 2825 ad
1115 2797 1309 2825 constantiam
1321 2798 1348 2825 in
1371 2798 1549 2829 adversitate,
1565 2797 1683 2832 exempli
1702 2805 1751 2825 cas-

959 2833 1185 2875 terisprgelicndj
1205 2840 1301 2875 causa,
1323 2840 1490 2869 magnopere
1515 2833 1642 2862 hortatus
1657 2832 1748 2862 fuerat

961 2868 1050 2896 Eoist.
1069 2868 1118 2896 lib.
1134 2875 1153 2903 ι,
1169 2868 1181 2896 t
1197 2873 1225 2897 et
1241 2868 1268 2895 ε.
