1924 3077
187 138 240 169 895

785 143 816 172 S.
837 143 1036 174 TIIEODORI
1057 145 1232 175 STUDlT/E

1781 149 1833 180 896

187 190 327 218 mirationi
341 196 412 224 erat,
426 196 453 220 et
473 201 487 220 a
505 193 560 221 Deo
577 194 686 229 piisque
707 195 866 224 hominibus
891 197 978 225 beatae

1036 199 1184 234 ὶπαγωγῆς
1204 199 1432 235 παραπέμπουσα
1452 200 1625 236 ἐθαυμάζετο
1636 222 1643 234 ,
1659 201 1720 238 Θεῷ
1737 211 1767 228 τε
1783 205 1831 230 καὶ

192 241 294 261 nomen
311 236 539 270 consequebatur.
547 237 594 265 Sie
608 246 660 266 nos
682 247 779 267 rursus
794 241 927 275 pravenit
941 249 984 269 re~

186 278 302 306 dettntes
324 279 452 308 Catharis
462 287 490 308 et
501 281 724 310 Thessalonicam
736 285 864 311 exsilium
876 286 981 320 pulsos,

187 322 255 350 hora
279 323 395 350 brumali
426 328 453 352 et
481 328 635 360 vespertina
658 328 685 354 in
715 327 830 356 taberna
855 329 959 357 rustica
976 350 983 361 ,

187 367 360 396 clandestino
374 375 401 397 et
419 370 560 405 incognito
576 373 707 406 adventu,
723 378 752 401 ut
771 381 822 401 nos
842 374 945 402 videret
957 379 984 402 et

188 417 243 439 tota
270 412 356 442 ferme
383 420 462 443 nocte
486 417 632 445 nobiscum
658 420 916 453 versaretur,dum
933 428 984 448 nos

187 458 303 485 invicem
323 459 350 486 in
375 460 491 489 Domino
513 466 676 491 testamenta
697 465 892 492 conderemus.
923 465 985 492 Sta-

188 503 292 538 timque
311 513 420 534 summo
436 515 516 536 mane
526 529 534 540 ν
551 509 626 544 quod
640 515 698 537 erat
712 511 845 538 acerbum
861 517 889 538 et
903 511 986 539 mise-

190 550 276 578 rabile
291 570 298 582 ,
328 554 463 586 separatis
497 555 634 587 invicem,
665 557 710 584 illa
728 557 796 590 _vale
816 557 930 589 dicens,
958 562 986 585 et

191 601 319 630 tanquam
337 597 364 624 in
384 599 483 626 animae
496 601 736 630 commendatione
752 603 846 629 oscula
870 602 985 637 singulis

189 640 313 674 corporis
337 643 469 671 membris
495 644 666 679 imprimens,
696 654 758 674 cum
779 646 895 682 gemitu,
916 647 982 682 Ego,

188 685 280 713 aiebat
297 686 346 722 (ut
369 687 430 722 ejus
453 689 590 718 locutione
606 691 688 727 utar)
711 692 768 727 jam
799 701 872 721 nunc
898 701 915 720 ο
936 693 984 720 lilii

188 737 317 765 suprema
347 734 430 760 verba
461 736 644 765 morientibus
672 737 763 765 dicere
790 738 894 766 videor.
920 737 986 766 Cui-

188 773 253 801 libet
270 781 361 803 autent
390 777 516 806 rationali
540 785 631 808 mente
658 781 772 816 prmdito
788 782 942 817 cujusmodi
959 782 985 809 id

189 822 328 855 negotium
343 821 436 856 fuerit,
460 825 615 860 conjectare
635 827 707 854 licet.
730 826 798 854 Nam
816 829 839 856 si
855 833 984 857 amanter

189 865 260 892 inter
285 874 314 893 se
342 868 487 902 copulatis,
518 874 545 896 et
567 878 632 898 mox
662 872 817 900 dissociatis
844 873 886 905 fit,
904 873 984 908 juxta
1000 875 1021 902 Β

189 919 321 947 magnum
339 912 508 950 Theologqu
525 915 701 951 Gregorium,
720 919 802 946 unius
816 920 941 955 corporis
955 921 983 948 in

187 956 243 984 duo
268 958 410 993 dissectio,
430 967 458 987 et
490 962 633 998 utriusque
661 964 858 999 mortificatio;
884 966 931 994 vel
959 966 982 994 si

187 1003 270 1030 boum
305 1004 387 1033 simul
425 1006 626 1041 educatorum,
651 1010 797 1046 eidemque
822 1011 890 1046 jugo
915 1011 982 1039 sub-

187 1050 319 1083 ditorum,
345 1059 399 1079 non
415 1053 475 1081 sine
491 1054 599 1090 lugubri
623 1057 727 1091 mugitu
751 1058 780 1085 tit
812 1058 982 1091 dissociatio,

187 1098 309 1132 separari
325 1107 380 1126 non
395 1101 556 1135 patientium
570 1110 577 1135 ;
596 1103 673 1137 quid,
694 1103 774 1138 quale
794 1109 984 1140 quantumque

187 1140 214 1167 in
228 1149 257 1168 re
272 1144 400 1176 praesenti
415 1144 566 1179 contigisse
577 1147 783 1174 concedentus?
802 1146 873 1175 Sane
887 1149 985 1176 utrim-

185 1192 251 1219 que,
272 1186 308 1213 ob
327 1186 373 1214 Dei
390 1188 536 1221 timorem,
561 1189 665 1217 doloris
691 1191 868 1219 acerbitatem
897 1193 984 1228 repri-

188 1229 330 1257 mebamus
350 1239 356 1257 :
372 1231 419 1258 sed
443 1231 469 1258 id
487 1232 598 1266 quidem
613 1234 695 1268 quale
707 1240 899 1271 quantumque
917 1236 982 1269 fuit,

187 1274 404 1309 magnanimitati
418 1276 478 1311 ejus
492 1278 658 1306 ascribatur.

223 1393 266 1420 10.
292 1393 377 1422 Porro
407 1395 441 1422 ad
461 1403 505 1423 res
523 1400 628 1424 vestras
653 1397 727 1432 quod
747 1398 854 1431 attinet,
870 1398 983 1432 fratres,

187 1438 237 1474 ipsi
258 1448 306 1467 vos
323 1442 468 1473 narrastis,
482 1442 528 1476 qui
543 1442 723 1470 beneficentia
738 1443 812 1471 fruiti
831 1445 909 1476 estis,
929 1453 984 1480 quo

188 1489 309 1518 tempore
324 1492 372 1512 vos
387 1486 496 1521 collegit
518 1487 551 1514 ad
572 1495 624 1515 nos
640 1489 751 1516 veniens
763 1509 771 1520 ,
787 1493 812 1517 et
830 1498 878 1517 ceu
895 1491 983 1525 pullos

187 1528 251 1555 nido
265 1537 406 1563 excussos,
430 1532 456 1558 in
477 1540 558 1560 suum
587 1534 738 1562 claustrum
755 1536 865 1570 recepit.
884 1535 985 1564 Deinde
998 1545 1019 1576 ο

187 1581 295 1601 reversa
313 1576 436 1611 singulos
449 1579 590 1606 consolata
605 1585 657 1614 est,
671 1581 704 1607 ad
726 1582 821 1608 urbem
838 1589 867 1609 se
889 1581 984 1610 confc-

187 1627 251 1647 rens
265 1629 273 1654 ;
290 1621 406 1658 illucque
421 1628 559 1660 utcunque
572 1625 742 1659 intromissa,
767 1627 982 1663 iugemiscendo,

187 1666 301 1699 orando,
321 1672 349 1695 et
363 1668 437 1696 hunc
452 1669 586 1705 hospitem
605 1672 777 1707 excipiendo,
804 1674 888 1702 alium
904 1675 984 1702 robo--

188 1713 283 1745 rando,
301 1713 385 1741 alium
404 1718 601 1750 sustentando,
633 1718 717 1746 alium
739 1720 919 1749 subducendo
937 1727 984 1750 :et

187 1765 262 1785 more
278 1759 373 1794 optimi
402 1763 540 1789 (nconomi
557 1767 581 1790 et
603 1764 754 1792 secundum
779 1765 864 1793 Deum
888 1768 983 1802 praesi-

186 1804 275 1831 dentis
288 1825 295 1836 ,
313 1806 412 1840 partim
437 1807 526 1840 alens,
541 1809 639 1842 partim
659 1811 877 1844 administrans,
905 1814 978 1841 velut

186 1858 255 1878 nova
269 1850 392 1884 Natalia,
409 1856 436 1879 et
453 1852 585 1881 Priscillae
611 1856 720 1883 aemula.
734 1856 832 1885 Testes
857 1865 917 1892 vos,
934 1859 982 1886 be-

186 1896 282 1924 neficia
296 1898 411 1932 experti,
431 1898 478 1932 qui
504 1903 532 1926 et
556 1899 647 1935 lingua
670 1903 878 1931 commoditates
902 1912 982 1932 acce-

186 1946 247 1976 ptas
278 1941 402 1970 fatemini
429 1951 461 1971 ac
480 1945 634 1973 celebratis.
660 1946 738 1975 Tunc
763 1953 827 1976 vero
846 1949 981 1978 mirabilis

186 1987 242 2014 haec
260 1986 360 2015 femina
383 1993 548 2022 postremam
576 1998 688 2026 quoque
702 1992 898 2022 beatitudinem
913 2002 981 2022 con-

185 2031 261 2066 sequi
285 2032 366 2067 digna
387 2033 449 2066 fuit,
477 2035 611 2064 conviciis
627 2037 757 2065 nimirum
780 2046 796 2066 a
815 2039 978 2074 quibusdam

185 2077 290 2110 aﬂ'ecta,
311 2086 430 2113 quorum
445 2081 556 2109 nomina
570 2087 668 2117 sponte
688 2084 792 2111 reticeo
810 2093 817 2118 ;
832 2089 859 2112 et
884 2094 979 2120 ρει-5ο-

184 2124 322 2152 cutionem
351 2129 462 2160 propter
489 2127 624 2162 justitiam
649 2136 730 2163 passa
755 2137 789 2157 ac
819 2131 975 2158 veritatem.

186 2171 328 2206 Responde
341 2177 368 2199 tu
383 2173 486 2205 mihi.o
500 2173 664 2210 Pater,quid
678 2184 726 2211 pro
739 2181 765 2204 te
779 2178 884 2205 carceri
899 2186 978 2206 man-

183 2217 274 2252 cipato
289 2219 488 2253 patientissima
505 2221 562 2249 haec
577 2222 750 2257 sustinuerit,
779 2231 841 2251 cum
865 2232 978 2252 accusa-
994 2225 1016 2253 D

184 2262 265 2294 reris,
280 2270 342 2290 cum
363 2265 478 2298 quaestio
494 2264 528 2293 de
554 2271 580 2293 te
599 2267 676 2294 fieret
690 2288 698 2300 ,
718 2273 858 2303 postremo
884 2270 920 2297 ob
937 2270 976 2298 rei

184 2309 346 2336 necessariae
371 2310 613 2338 ministrationem.
641 2311 690 2340 Dic
721 2316 828 2349 tyranni
855 2315 976 2350 rapinas,

184 2354 272 2381 minas
282 2375 289 2386 ,
303 2356 530 2385 examinationes.
544 2357 641 2386 Nonne
653 2359 711 2393 ipsa
736 2360 810 2387 socia
827 2360 874 2387 tibi
898 2361 977 2388 dolo-

184 2406 242 2426 rum
260 2400 370 2434 triginta
382 2401 478 2430 diebus
496 2402 547 2430 fuit
569 2405 597 2431 in
618 2406 741 2433 custodia
761 2406 881 2437 detenta.
914 2414 977 2434 cum

183 2450 301 2479 quatuor
315 2453 440 2475 asceseos
457 2449 642 2482 consortibus,
667 2455 694 2478 et
713 2451 823 2486 quidem
842 2459 891 2486 per
914 2459 976 2480 car-

182 2498 258 2518 ceres
276 2491 429 2520 distributis
444 2494 557 2529 ?lbique
572 2497 669 2524 omitto
683 2497 774 2525 dicere
792 2502 895 2531 quanta
915 2497 975 2526 fue-

220 2547 274 2581 (iO)
284 2546 349 2574 Post
359 2549 575 2578 verherationem
589 2552 690 2578 missus
704 2551 751 2578 fuit
768 2560 784 2578 a
795 2551 977 2580 Constantino

182 2582 248 2616 imp.
274 2583 353 2610 exsul
384 2583 610 2613 Thessalonicam
637 2585 799 2614 Theodorus
826 2594 887 2613 cum
914 2588 976 2615 aliis

183 2617 339 2655 monachis,
354 2619 434 2653 cujus
449 2620 555 2648 itineris
570 2622 657 2655 prima
675 2623 783 2649 mansio
798 2623 908 2648 fuerunt
923 2622 976 2649 Ca-

183 2653 272 2690 litura,
286 2658 315 2679 ιιι
328 2654 443 2690 ipsemet
458 2653 668 2690 scripsit‘Epist.
686 2657 734 2683 lib.
751 2665 771 2687 ι,
793 2658 820 2685 5.
836 2657 903 2684 Loci
920 2658 974 2685 Ca—

182 2688 260 2725 thara
274 2689 374 2725 mentio
390 2689 419 2716 lit
435 2688 578 2717 etiam’lib.
596 2688 628 2722 I'I,
642 2691 722 2725 epist.
740 2691 783 2718 i2.

218 2723 274 2758 (Η)
299 2721 465 2760 Ῐιιεοςίίειω
492 2733 555 2752 cum
588 2721 673 2753 fratre
695 2727 840 2760 deportato
862 2733 974 2755 uoctur»

182 2765 247 2818 {qun
273 2758 442 2821 culltiigrium
472 2762 666 2796 cognoscimus
691 2758 773 2788 etiam
799 2771 831 2790 ex
855 2763 936 2797 epist.
951 2763 968 2790 5

191 2801 228 2820 ιι.
245 2800 264 2821 ι.
280 2801 307 2821 n.
382 2814 388 2821 .

191 2800 228 2820 ιιι.
245 2800 264 2823 ι.
280 2801 307 2827 ρ.
327 2800 388 2821 184.

1033 245 1090 276 τοῖς
1112 245 1319 281 εὐσεϐεστέροις
1344 246 1399 273 τῶν
1423 246 1577 281 ἀνθρώπων
1602 247 1831 285 μακαριζομένῃ*

1033 289 1120 322 οὓτως
1135 289 1309 325 προέφθασεν
1321 289 1400 323 αὖθις
1419 291 1713 329 παλινστροφήσαντας
1728 296 1762 322 ὲκ
1776 295 1832 322 τῶν

1034 335 1153 370 Καθαρὰ
1169 335 1226 372 (10)
1237 356 1245 369 ,
1262 337 1311 363 καὶ
1324 337 1394 372 πρὸς
1409 337 1614 374 Θεσσαλονίκην
1629 340 1833 376 ὑπεροριζομέ-

1034 390 1098 413 νους
1111 383 1152 413 εἰς
1163 382 1325 418 χειμερινὴν
1337 382 1383 409 καὶ
1397 383 1551 419 ἑσπεραίαν
1561 384 1637 419 ὥραν
1653 387 1683 412 ὲν
1699 387 1832 422 χωριακῷ

1035 427 1210 462 καταλύματι
1222 448 1230 460 ,
1256 428 1331 463 φόϐῳ
1351 428 1441 464 πολλῷ
1461 431 1663 465 κρυπτοφανῶς
1685 433 1734 459 καὶ
1754 433 1832 460 ἀδια-

1035 473 1165 508 γνὼστως
1192 474 1360 506 θεάσασθαι,
1385 475 1434 502 καὶ
1457 478 1598 511 συντυχεῖν
1619 478 1685 513 ἡμῖν
1709 478 1744 505 δι’
1767 479 1832 514 ὅλης

1036 519 1130 554 σχεδὸν
1143 519 1193 554 τῆς
1209 520 1322 552 νυκτός·
1339 520 1508 556 διαθεμένων
1525 523 1605 557 ἡμῶν
1617 522 1752 558 διαθήκας
1773 525 1832 559 (Η)

1035 565 1085 597 τὰς
1107 565 1137 592 ὲν
1162 565 1259 602 Κυρίῳ
1286 567 1357 602 πρὸς
1385 567 1536 603 ἀλλήλους,
1562 569 1610 594 καὶ
1638 569 1720 601 εὐθὺς
1745 570 1832 597 ἕωθεν

1036 611 1138 645 (ὁποῖον
1148 609 1183 646 ἦν
1210 612 1334 646 ἀλγεινὸν
1349 613 1398 640 καὶ
1414 613 1531 641 ἐλεεινόν
1546 615 1567 649 ι)
1589 614 1831 652 διαζευγνυμένων

1034 658 1115 693 ἡμῶν
1128 659 1176 685 ἀπ’
1193 659 1318 694 ἀλλήλων
1328 679 1336 691 ,
1353 661 1484 696 κάκείνης
1499 662 1545 688 τὸν
1569 664 1768 699 συπακτὴριον
1783 664 1831 691 λό-

1035 711 1084 738 γον
1102 704 1250 740 ποιούσης,
1272 707 1320 732 καὶ
1337 705 1376 737 ὠς
1391 706 1480 738 ὲξόδια
1493 708 1551 738 τοῖς
1570 707 1723 743 φιλήμασιν
1742 717 1831 745 προσ-

1035 750 1228 786 επιτιθεμένης
1250 752 1318 786 ἡμῖν
1343 753 1415 790 κατά
1440 753 1496 779 πᾶν
1521 753 1603 788 μέλος
1625 754 1674 781 τοῦ
1702 754 1831 790 σώματος

1037 796 1106 831 μετά
1120 796 1281 832 κλαυθμῶν.
1307 797 1378 832 Ἐγὼ
1394 799 1459 833 γὰρ,
1476 800 1570 834 φησιν,
1583 800 1657 835 ἄρτι,
1670 800 1765 833 τέκνα,
1787 801 1831 828 τνα

1035 843 1082 869 καὶ
1105 843 1152 870 τὸν
1176 843 1340 871 αὐτὸλεκτον
1362 844 1449 880 αὐτῆς
1472 845 1552 879 λόγον
1573 846 1653 879 είπω,
1680 846 1830 879 ὲξοδιᾱζειν

1035 887 1108 922 ὑμᾶς
1121 888 1193 914 δοκῶ
1205 888 1261 923 (12)
1272 896 1279 903 ·
1297 888 1386 921 ἔξεστι
1403 890 1588 930 στοχάσασθαι
1602 892 1659 923 τοῖς
1671 892 1829 927 ὲχέφροσιν·

1034 933 1059 959 εί
1071 933 1126 969 γὰρ
1139 934 1186 960 ἐπὶ
1197 935 1253 966 τοῖς
1268 935 1464 970 συγκραθετσιν
1472 936 1655 971 ἀγαητικῶς
1665 938 1734 973 πρὸς
1747 938 1832 973 ἀλλή-

1033 978 1097 1010 λους
1108 979 1157 1006 καὶ
1172 980 1355 1015 διισταμένοις
1370 980 1486 1015 γίνεται,
1503 981 1575 1008 κατὰ
1595 982 1642 1009 τὸν
1661 984 1750 1018 μέγαν
1764 983 1833 1010 Θεο-

1033 1024 1113 1059 λόγον
1120 1025 1270 1061 Γρηγόριον
1280 1046 1287 1059 ,
1315 1025 1411 1061 ὥσπερ
1427 1026 1487 1059 ἑνὸς
1504 1027 1633 1062 σώματος
1647 1029 1743 1061 εῑςδύο
1758 1030 1831 1065 τομὴ

1034 1070 1083 1097 καὶ
1096 1070 1261 1106 ἀμφοτέρων
1275 1071 1410 1108 νέκρωσις
1421 1093 1428 1103 ,
1448 1073 1465 1108 ἢ
1482 1072 1592 1108 μόσχων
1605 1074 1769 1110 συντρόφων
1782 1076 1832 1102 καὶ

1034 1116 1177 1152 ὁμοζύγων
1203 1117 1340 1151 διάζευξις
1352 1118 1469 1154 ’γοερῶς
1487 1119 1659 1154 μυκωμένων
1681 1121 1726 1146 ἐπ’
1746 1121 1833 1156 ἀλλή-

1034 1163 1091 1195 λοις
1104 1163 1153 1190 καὶ
1164 1163 1195 1190 οὐ
1213 1163 1352 1199 φερόντων
1367 1165 1417 1199 τὴν
1431 1164 1628 1200 ἀλλοτρίωσιν·
1640 1166 1667 1192 τί
1681 1166 1730 1193 καὶ
1746 1167 1833 1194 πόσον

1034 1210 1082 1237 καὶ
1096 1210 1190 1246 ἡλίκον
1206 1209 1318 1246 δοίημεν
1330 1211 1377 1237 ἐπὶ
1393 1211 1442 1238 τοῦ
1459 1212 1609 1247 παρόντος;
1630 1213 1678 1239 καὶ
1693 1221 1834 1248 κατεκρα-

1033 1255 1136 1291 τοῦμεν
1151 1255 1302 1291 ἀμφότεροι
1313 1256 1443 1292 φοϐοθεΐᾳ
1451 1257 1502 1292 τῆς
1518 1257 1733 1293 δριμυπαθείας.
1748 1259 1834 1286 Ἀλλὰ

1034 1300 1114 1328 τοῦτο
1133 1301 1182 1336 μὲν
1197 1301 1230 1336 δὴ
1244 1301 1366 1328 τοιοῦτον
1381 1302 1428 1328 καὶ
1443 1302 1604 1338 τηλικοῦτον
1619 1303 1661 1336 ὃν,
1679 1304 1730 1340 τῆς
1743 1313 1833 1340 μεγα-

1033 1346 1167 1382 λοψυχίας
1178 1347 1266 1382 αὐτῆς
1277 1347 1415 1383 τιμάσθω.

1070 1395 1096 1420 ι’.
1118 1393 1154 1420 Τὸ
1169 1393 1199 1420 δὲ
1216 1393 1362 1429 ὑμέτερον,
1377 1393 1498 1427 ἀδελφοὶ,
1515 1394 1594 1421 αὐτοὶ
1608 1395 1832 1430 ὲξηγήσασθε,οί

1035 1439 1147 1474 καὶτῆς
1166 1439 1330 1474 εὐεργεσίας
1345 1439 1562 1473 ἀπολαύσαντες,
1580 1440 1619 1473 ὡς
1637 1441 1834 1477 συμϐέϐληκεν

1035 1485 1108 1520 ὑμᾶς
1137 1484 1303 1520 ὲξερχομένη
1331 1485 1401 1520 πρὸς
1432 1486 1523 1521 ἡμᾶς,
1551 1486 1680 1522 καθάπερ
1704 1489 1831 1520 νεοττοὺς

1037 1532 1199 1568 ἐκριφέντας
1214 1532 1246 1559 ἐκ
1262 1532 1370 1564 καλιᾶς,
1390 1533 1432 1563 εις
1446 1533 1477 1559 τὸ
1494 1533 1594 1560 οἰκεῖον
1607 1534 1831 1569 φροντιστήριον*

1035 1578 1132 1605 ἔπειτα
1140 1577 1336 1614 ὑποστρέψασα
1349 1578 1477 1614 καθάπερ
1487 1579 1602 1606 ἕκαστον
1613 1587 1651 1606 πα
1656 1580 1832 1615 ρηγορήσατο

1034 1624 1104 1660 πρὸς
1129 1623 1163 1650 τὰ
1187 1624 1217 1650 ὲν
1241 1624 1319 1651 ἄστει
1345 1624 1534 1660 πορευομένη·
1561 1624 1674 1651 κάκεῖσε
1699 1624 1831 1657 ποδαπῶς

1034 1669 1194 1697 εἰσελθοῦσα
1217 1669 1414 1706 περιέτρυζεν,
1431 1670 1584 1705 ἠντιϐόλει,
1609 1671 1657 1698 τὸν
1673 1670 1725 1706 μὲν
1745 1679 1832 1706 προσ-

1033 1715 1178 1751 δεχομένη,
1193 1714 1240 1741 τδν
1256 1715 1284 1741 δὲ
1298 1715 1499 1750 ὑπαλείφουσα,
1511 1715 1556 1742 τὸν
1570 1715 1600 1742 δὲ
1615 1715 1769 1751 ὲρείδουσα,
1782 1716 1831 1742 τὸν

1033 1761 1061 1788 δὲ
1075 1761 1266 1795 ὑπεξάγουσα”
1289 1761 1337 1788 καὶ
1361 1760 1410 1793 οὓς
1428 1761 1478 1796 μὲν
1503 1761 1710 1797 τροφευομένη,
1736 1761 1784 1792 οὓς
1800 1761 1831 1788 δὲ

1033 1808 1224 1844 διοικουμένη,
1237 1807 1276 1840 ὡς
1289 1807 1322 1836 ἄν
1335 1816 1378 1840 τις
1395 1807 1508 1843 ἀριστος
1531 1808 1674 1843 οἰκονόμος
1690 1808 1739 1834 καὶ
1758 1808 1831 1835 κατὰ

1032 1854 1099 1881 Θεὸν
1117 1854 1285 1890 προστάτης,
1296 1854 1313 1888 ἡ
1327 1854 1412 1885 ὅντως
1423 1853 1471 1881 νέα
1485 1853 1620 1885 Νατάλια,
1634 1853 1682 1880 καλ¹
1697 1853 1831 1888 Πρισκίλ-

1031 1900 1083 1934 λης
1100 1899 1156 1936 (13)
1171 1899 1323 1935 ὁμόζηλος⁴
1349 1899 1398 1926 καὶ
1416 1899 1557 1935 μάρτυρες
1573 1900 1665 1934 ὑμεῖς,
1690 1900 1715 1926 οἱ
1730 1898 1761 1927 εὖ
1777 1907 1831 1927 πα-

1033 1946 1143 1978 θόντες,
1157 1946 1205 1972 καὶ
1219 1945 1264 1972 διὰ
1284 1945 1412 1980 γλώσσης
1426 1945 1457 1972 τὸ
1472 1946 1686 1981 εὑσυμπάθητον
1703 1946 1830 1982 φερόμε-

1032 2000 1078 2018 νον
1098 1991 1207 2027 ἔχοντες
1231 1991 1278 2018 καὶ.
1290 1990 1516 2026 ϐαυμαζόμενον.
1542 1990 1661 2027 Ἥξιὼοη
1680 1991 1830 2027 τοιγαροῦν

1031 2037 1184 2074 τηνικαῦτα
1200 2037 1218 2073 ή
1233 2037 1374 2072 θαυμασία
1392 2037 1439 2064 καὶ
1456 2037 1503 2064 τοῦ
1529 2036 1686 2064 τελευταίου
1706 2046 1830 2074 μακαρι-

1031 2082 1101 2119 σμοῦ
1115 2074 1346 2119 ἐπιτυγχάνουσα,
1362 2083 1550 2118 ὀνειδιζομένη
1566 2083 1619 2109 ὑπό
1631 2091 1725 2114 τινων,
1741 2080 1781 2110 ὧν
1793 2083 1830 2110 τά

1029 2131 1151 2166 ὀνόματα
1167 2129 1238 2157 ἑκὼν
1255 2130 1464 2166 ὑπερϐήσομαι·
1484 2130 1532 2156 καὶ
1555 2129 1648 2164 μέντοι
1671 2129 1828 2165 διωκομένη

1029 2177 1122 2204 ἕνεκεν
1135 2176 1308 2211 δικαιοσύνης
1324 2177 1372 2203 καὶ
1386 2176 1527 2212 ἀληθείας.
1543 2176 1692 2212 Ἀπὸκρινέ
1713 2185 1760 2211 μοι
1782 2176 1830 2203 καὶ

1031 2223 1123 2257 αὐτὸς,
1137 2220 1159 2250 ὦ
1174 2223 1277 2258 Πάτερ,
1294 2223 1308 2249 ὃ
1321 2231 1347 2249 τι
1363 2223 1411 2249 καὶ
1429 2222 1534 2257 ὑπέστη
1551 2221 1596 2248 διὰ
1620 2221 1651 2248 σὲ
1675 2229 1830 2257 πεφρουρι-

1033 2270 1134 2306 σμένον
1152 2278 1198 2296 σου
1216 2269 1299 2296 ἕνεκα
1313 2270 1331 2304 ἡ
1348 2267 1510 2300 πολύαθλος,
1528 2269 1557 2294 ἐν
1572 2269 1606 2302 τῇ
1621 2267 1784 2303 συζητήσει,
1800 2269 1831 2294 ὲν

1030 2315 1065 2350 τῇ
1089 2313 1209 2349 φροντίδι
1223 2312 1278 2339 τῶν
1297 2313 1470 2347 ἀναγκαίων·
1484 2312 1546 2346 λέγε
1563 2311 1614 2346 τὴν
1629 2312 1761 2347 ἁρπαγὴν
1780 2312 1829 2339 τοῦ

1031 2359 1208 2396 κρατοῦντος,
1222 2359 1271 2395 τὴν
1286 2358 1414 2394 ἀπειλὴν,
1435 2357 1486 2394 τὴν
1501 2358 1642 2384 ἀνέτασιν·
1660 2358 1723 2393 οὐχὶ
1740 2358 1830 2394 καύτὴ

1032 2405 1225 2441 συμπέπονθέν
1243 2413 1296 2438 σοι,
1311 2403 1547 2440 τριακονθήμερον
1558 2403 1673 2439 μείνασα
1688 2410 1830 2440 φρουρου-

1032 2451 1101 2488 μένη
1116 2451 1169 2478 ὑπὸ
1183 2450 1322 2486 τεττάρων
1337 2449 1391 2476 τῶν
1417 2449 1659 2485 συνασκουμένων,
1674 2450 1723 2477 καὶ
1738 2450 1828 2477 ταῦτα

1028 2498 1204 2535 διῃρημένων
1217 2498 1278 2530 ταῖς
1292 2497 1433 2532 εἰρκταῖς;
1447 2496 1527 2523 κάκεῖ
1542 2495 1578 2522 ὲῶ
1594 2497 1686 2530 λέγειν
1707 2498 1760 2524 ὅσα
1774 2498 1829 2524 ὑπὸ

1065 2553 1349 2595 .(iZZIPriscilla‘nota.
1368 2557 1415 2595 est.
1427 2553 1532 2595 εις-μοι.
1543 2558 1634 2595 apost.
1650 2558 1729 2595 tit-ex.
1746 2552 1826 2595 Pauli

1027 2587 1160 2624 epistolis.
1185 2590 1239 2630 l)e_
1261 2588 1380 2630 l‘latalial"
1394 2588 1433 2616 sic
1457 2587 1593 2630 Ba‘r'oniits
1610 2590 1637 2615 in
1662 2587 1828 2630 Martyrolo:

1028 2623 1113 2663 gi0,_i
1133 2624 1300 2663 pecembriis
1315 2632 1322 2650 :
1339 2633 1347 2649 ι
1364 2623 1473 2663 Sancta:
1491 2623 1622 2663 i‘lataliae,
1639 2624 1734 2663 uxoris
1752 2624 1826 2651 beati

1027 2657 1139 2687 Adriani
1153 2660 1281 2694 martyris
1290 2667 1350 2693 quae
1361 2659 1413 2686 sub
1423 2658 1592 2686 Diocletiano
1604 2660 1670 2693 imp.
1681 2657 1734 2685 SS.
1750 2667 1827 2686 mar-

1027 2696 1133 2730 tyribus
1149 2694 1314 2734 Nicomedia}
1327 2694 1354 2734 in
1374 2701 1487 2734 carcere
1509 2694 1626 2721 detentis
1647 2694 1735 2734 multo
1755 2698 1827 2734 tem-

1027 2728 1094 2764 pore
1128 2729 1311 2763 ministravit;
1340 2728 1507 2763 impletoque
1531 2736 1625 2756 eorum
1651 2729 1824 2761 certamine,

1030 2763 1294 2805 Constantinopolim
1311 2763 1443 2805 profecta,
1473 2763 1573 2805 ibidem
1596 2765 1629 2805 in»
1647 2771 1720 2805 pacti
1741 2765 1822 2805 quie-

1027 2801 1077 2827 vit.
1095 2810 1104 2826 )
1124 2799 1229 2828 Videsis
1246 2800 1350 2835 reliqua
1372 2800 1405 2828 de
1427 2806 1459 2827 ea
1483 2799 1648 2827 dncuttteula
1669 2807 1683 2825 a
1701 2799 1822 2826 Baronio

216 2827 272 2862 (l2)
283 2828 403 2867 >Piorum
415 2829 570 2867 hujusmodi
584 2835 823 2867 testamentorum,
837 2833 970 2863 habemus
1024 2836 1119 2863 citata.

183 2865 337 2898 exemplum
354 2865 425 2898 apud
445 2866 533 2901 ipsum
555 2867 689 2895 Studitam
706 2868 787 2895 infra.
