1924 3077
91 156 143 187 897

368 157 512 188 ORATIO
529 160 615 190 XIII.
634 174 667 178 -
688 161 882 192 LAUDATIO
897 161 1091 191 FL‘NEPRIS
1114 161 1154 191 IN
1182 161 1342 191 MATREM
1361 161 1475 192 SUAM.

1679 163 1733 194 898

90 211 145 237 τῶν
159 210 288 237 δουλίδων
297 209 345 236 τοῦ
360 212 503 247 φρουρέως
519 213 635 249 ὑπέστη,
648 214 696 241 καὶ
711 215 762 241 ὅσα
777 215 883 242 ἐταλαι-

937 215 970 242 rit
998 222 1079 250 passa
1107 222 1121 241 a
1143 214 1267 242 custodis
1281 214 1407 245 ancillis.
1436 219 1539 248 quanta
1558 215 1584 242 in
1605 217 1732 250 angustia

90 257 207 292 πωρήθη
224 255 296 283 κατὰ
318 256 368 292 τὴν
393 257 443 292 τῆς
470 257 543 293 ζωῆς
565 258 709 294 ἀφορμὴν,
735 259 784 286 καὶ
802 260 885 295 ἄρτον

88 302 189 337 ὀδύνης
204 303 334 330 ἐσθίουσα
352 304 400 329 καὶ
414 304 492 339 πόμα
508 304 625 337 θλίψεως
641 307 756 333 πίνουσα
766 314 774 322 ·
793 307 841 333 καὶ
852 307 882 333 οὐ

88 349 136 376 τοῦ
151 350 285 384 παρόντος
308 349 406 385 καιροῦ
421 350 456 376 τὰ
481 351 608 386 τηνικάδε
625 352 816 388 τετολμημένα
837 353 884 379 καὶ

89 396 263 430 γεγενημένα
282 395 488 431 διασημαίνειν·
513 396 583 423 ἀλλὰ
607 398 804 434 συγχωρείσθω
827 399 885 430 τοῖς

89 441 261 475 δεδρακόσιν,
284 441 299 468 ὃ
312 450 340 467 τι
363 443 411 468 καὶ
431 443 621 478 πεπράχασιν’
638 444 709 470 οὔτω
722 444 777 481 γὰρ
797 446 883 471 εἰπεῖν

89 485 294 522 ἁρμοδιώτερον
305 508 313 520 ,
328 488 352 514 εί
370 489 418 514 καὶ
435 488 570 524 κρίμασιν
591 487 633 521 οἷς
648 490 847 526 παρεχώρησεν
866 491 883 526 ἢ

89 533 281 569 ᾠκονόμησεν,
302 533 347 560 ἶνα
362 534 535 569 ὲγκόπτηται
549 535 651 569 κακία,
667 536 714 562 καὶ
729 536 766 571 μὴ
780 536 821 568 είς
836 536 885 562 νό-

92 587 144 615 μον
167 579 279 614 ἔρχεται
300 579 332 606 τὸ
348 581 608 616 παρανομούμενον,
622 581 690 613 Θεὸς
704 582 749 609 τὸν
763 582 884 617 διωγμὸν

89 626 292 653 ἀνεκαλέσατο·
310 627 358 653 καὶ
371 627 426 662 γὰρ
437 628 613 662 ὲπανήκομεν
622 628 646 654 οἱ
659 629 885 664 ὑπεροριοθέντες

90 672 140 699 καὶ
162 672 421 707 διασκορπισθέντες
437 674 477 705 εἰς
499 674 613 706 ταυτὸν,
637 673 676 706 ὡς
701 675 768 706 ῐστε,
794 675 885 706 δεξιᾶς

90 718 221 753 τυχόντες
232 718 283 753 τῆς
301 719 506 751 ὲπανελεύσεως
523 719 600 754 παρὰ
613 720 662 755 τῆς
677 720 842 755 κρατούσης.

127 790 173 813 ια’.
200 787 281 813 Ἀλλὰ
299 787 322 813 τί
339 787 380 814 ἔτι
399 789 432 824 τῇ
454 788 607 824 θεοτιμήτῳ
635 789 720 824 μητρὶ
737 789 805 824 πρὸς
828 797 885 821 τοις

90 833 249 868 εἰρημένοις
264 833 462 869 προσθείημεν,
479 835 526 861 καὶ
542 834 568 861 τί
582 835 819 869 προσερεισόμεθα
833 835 884 870 ἁρ-

91 877 272 914 μοδιώτερονῇ
283 876 318 904 Ὦ
331 879 459 914 δακρύων
471 879 571 914 ὀχετοὶ,
584 880 642 906 ὅσοι
659 881 692 906 ὲκ
705 879 760 906 τῶν
774 879 884 914 ὲκείνης

88 924 240 959 ὀφθαλμῶν
254 926 361 957 ἀενὰως
372 925 536 961 προεχέοντο
547 926 592 953 διὰ
606 926 652 952 τὸν
667 927 762 962 ἄνδρα,
771 927 815 954 διὰ
828 926 882 953 τῶν

89 970 195 997 παίδων
210 970 256 997 τδν
272 971 481 1007 σφαλερώτερον
497 972 566 1007 (Η),
583 971 628 999 διὰ
644 972 674 999 τὸ
692 972 882 1008 ποίμνιον,διὰ

88 1015 154 1047 τοὺς
165 1016 379 1049 ὀλισθαίνοντας,
390 1017 434 1043 διὰ
446 1017 492 1044 τὸν
505 1017 566 1044 καθ’
582 1017 698 1044 ἕκαστον
712 1018 880 1054 στηριγμόνί

89 1059 186 1095 ἐπειδὴ
200 1060 239 1091 ὡς
257 1061 350 1096 μήτηρ
374 1062 548 1098 πνευματικὴ
569 1062 600 1090 τὸ
617 1063 702 1090 ἐλεεῖν
726 1061 816 1099 εἶχεν·
836 1064 884 1091 καὶ

88 1107 127 1138 ὼς
138 1106 241 1142 ἀδελφὴ
252 1106 322 1142 ὑπὲρ
335 1107 458 1142 ἀδελφῶν
469 1108 540 1135 κατὰ
552 1109 655 1145 Κύριον
665 1109 709 1136 ἀεὶ
719 1108 882 1144 ἠγωνίζετο,

89 1152 142 1179 κᾶν
172 1153 204 1178 οὐ
234 1153 412 1188 συνῳκίζετο.
442 1155 474 1181 Ὢ
511 1154 601 1190 ψυχῆς
630 1154 803 1191 οίκτίρμονος
836 1155 884 1183 καὶ

89 1198 237 1234 ἐλεήμονος
264 1199 400 1230 ἑπίδοσιςῑ
427 1200 473 1227 καὶ
495 1197 518 1228 ὧ
543 1201 706 1236 σπλάγχνων
729 1199 883 1236 συμπαθῶν

88 1243 221 1276 κένωσις,
246 1243 277 1270 οὐ
301 1244 439 1279 φερόντων
465 1244 513 1280 τὴν
538 1245 595 1271 τῶν
620 1245 789 1281 προσιόντων
820 1245 883 1272 στέ-

89 1291 194 1317 νωσινί
231 1290 300 1317 ὥστε
330 1291 377 1317 καὶ
404 1290 513 1318 δέεσθαι
537 1291 624 1326 αὐτὴν
647 1292 718 1326 ὑπὲρ
747 1291 803 1318 τῶν
826 1291 884 1319 δεο-

90 1336 191 1371 μένων,
209 1336 256 1362 καὶ
272 1335 442 1368 δανείζεσθαι
456 1336 525 1372 ὑπὲρ
542 1336 590 1364 τοῦ
621 1336 735 1364 δανείων
760 1336 883 1364 ἀπαλλά-

91 1381 218 1414 ξαι-καὶ
244 1382 350 1417 χαίρειν
379 1383 427 1409 καὶ
447 1383 546 1418 ἑαυτὴν
574 1382 708 1418 πρίασθαι
732 1382 802 1418 ὑπὲρ
833 1383 884 1418 τῆς

89 1428 193 1463 ἑτέρων
209 1427 739 1464 ἀπολυτρώσεως,τραπεζοποιουμένην
754 1428 788 1455 αὖ
808 1428 884 1455 πλει-

90 1474 187 1505 στάκις
201 1475 425 1509 χριστομιμήτως
440 1493 449 1506 ,
467 1474 515 1502 καὶ
531 1474 581 1506 τὰς
596 1474 747 1508 πενομένας
779 1482 882 1508 συγκα-

89 1520 237 1556 λουμένην,
252 1520 299 1549 καὶ
311 1521 371 1552 ταῖς
388 1520 466 1552 ίδίαις
490 1520 584 1556 χερσὶν
602 1519 804 1555 ὑπηρετοῦσαν,
817 1519 883 1546 διότι

938 260 1020 287 fuerit
1034 261 1107 295 quod
1128 261 1225 287 attinct
1246 260 1278 287 ad
1296 259 1357 287 vitm
1376 261 1617 294 sustentationem,
1633 268 1732 296 panem

936 306 1040 333 doloris
1067 305 1224 338 comedens,
1249 309 1276 332 et
1294 305 1408 332 calicem
1424 305 1520 333 bibens
1536 307 1731 334 tribulationis.

937 352 988 378 Sed
1005 360 1058 378 non
1074 357 1116 378 est
1136 351 1217 386 hujus
1235 352 1366 386 temporis
1382 352 1475 378 omnia
1502 359 1563 386 quae
1580 356 1645 379 tunc
1665 360 1731 380 ausa

935 401 962 424 et
976 401 1033 424 arta
1056 397 1167 424 fuerunt
1191 397 1357 433 signillcare.
1388 397 1567 431 lgnoscamns
1597 398 1730 425 malorum

935 445 1094 472 auctoribus
1110 443 1242 479 quidquid
1259 448 1383 480 egerunt.
1402 443 1449 471 Sic
1470 445 1543 471 enim
1558 444 1648 472 dicere
1663 452 1732 472 cou-

936 490 1094 517 venientius
1111 495 1174 524 est;
1190 490 1415 525 quandoquidem
1435 489 1548 525 judiciis
1584 490 1643 518 suis
1669 499 1732 525 per-

936 536 1077 564 missionis
1097 540 1144 563 aut
1172 537 1359 571 providentim,
1379 540 1408 562 ut
1434 536 1537 563 malum
1555 536 1734 571 abrumpere-

936 588 991 615 tnr,
1007 587 1034 610 et
1049 590 1083 609 ne
1097 582 1139 609 lex
1150 582 1227 609 ﬂeret
1241 582 1314 617 quod
1325 586 1385 609 erat
1401 582 1584 617 illegitimum,
1603 589 1732 616 perseeu-

936 630 1038 656 tionem
1057 629 1130 656 Deus
1147 628 1274 656 sedavit:
1295 636 1360 656 nam
1377 633 1403 655 et
1429 628 1550 660 exsules,
1573 628 1674 656 reversi
1685 635 1732 655 su-

936 683 1017 708 mus;
1034 679 1060 702 ct
1081 674 1212 709 dispersi,
1234 673 1325 701 denuo
1350 673 1680 706 convcnimus;l'clicem.
1702 678 1732 700 ut

935 721 1021 752 scitis,
1041 719 1158 747 reditum
1173 720 1222 747 abs
1255 724 1385 754 regnante
1402 719 1517 746 Domina
1546 719 1693 746 consecuti.

970 789 1016 816 11.
1029 789 1086 824 Age
1099 796 1164 816 vero
1176 788 1239 824 quid
1269 788 1360 815 adhuc
1386 788 1546 815 venerandae
1562 788 1657 815 matris
1672 787 1731 814 lau-

936 835 1016 864 dibus
1033 836 1176 868 addemus,
1191 839 1239 862 aut
1249 834 1315 870 quid
1328 834 1536 862 convenientins
1557 833 1731 860 attexamus?

935 882 958 910 0
974 882 1156 917 lacrymarum
1170 881 1260 914 rivuli,
1274 885 1449 916 quotquotex
1463 881 1523 914 ejus
1530 879 1617 906 oculis
1628 886 1732 914 peren-

935 927 1005 955 niter
1038 927 1190 959 ﬂuxerunt,
1223 931 1334 961 propter
1355 926 1456 957 virum,
1483 929 1593 959 propter
1617 931 1701 952 unum
1716 931 1731 950 e

935 973 998 1001 (iliis
1019 973 1125 1001 lubrico
1147 972 1235 1007 magis
1265 972 1429 1004 obnoxium,
1455 976 1567 1006 propter
1599 969 1732 998 Ecclesia:

934 1026 1054 1054 gregem,
1070 1022 1180 1053 propter
1196 1018 1288 1053 lapsos
1305 1037 1312 1050 ,
1326 1018 1391 1045 dum
1411 1017 1534 1052 singulos
1549 1015 1669 1044 solidare
1683 1023 1731 1043 co-

935 1071 1015 1093 natur
1031 1066 1038 1092 l
1054 1063 1179 1100 Namque
1195 1069 1225 1092 ut
1239 1064 1373 1099 spiritalis
1388 1069 1485 1095 mater.
1501 1063 1622 1090 clemens
1647 1065 1727 1094 erat;

935 1115 1067 1143 utsoror,
1088 1117 1138 1145 pro
1160 1109 1291 1137 fratribus
1305 1110 1332 1137 in
1360 1109 1475 1137 Domino
1502 1115 1642 1142 nunquam
1672 1115 1728 1135 non

934 1156 1062 1188 sollicita,
1075 1155 1182 1182 etiamsi
1199 1154 1405 1183 contubernalis
1432 1162 1486 1181 non
1501 1160 1585 1183 esset.
1600 1151 1622 1179 0
1637 1153 1728 1179 anima

935 1200 1129 1229 misericordiae
1143 1205 1170 1228 et
1184 1200 1363 1236 eleemosynae
1379 1207 1488 1234 seraper
1504 1201 1615 1235 parata!
1631 1199 1654 1227 Ο
1675 1198 1730 1226 vis-

935 1254 1029 1275 oerum
1045 1246 1228 1281 benignorum
1249 1245 1336 1274 effusa
1353 1247 1484 1279 cluat-itas,
1501 1254 1563 1281 quae
1590 1246 1727 1274 neminem

934 1292 1106 1320 accedentem
1129 1293 1266 1327 angustiis
1293 1293 1355 1327 angi
1386 1292 1492 1320 sinebat
1510 1294 1516 1319 l
1532 1294 1569 1320 ita
1587 1296 1618 1320 ut
1637 1295 1729 1327 egeret

935 1339 994 1373 ipsa
1008 1345 1058 1373 pro
1073 1337 1270 1373 indigentibus,
1300 1345 1442 1366 versuram
1460 1337 1563 1365 faceret
1584 1345 1634 1372 pro
1656 1337 1728 1364 redi-

935 1384 1041 1411 mendis
1056 1383 1172 1411 aliorum
1191 1383 1323 1413 versuris.
1341 1384 1454 1419 gestiret
1471 1383 1591 1418 denique
1612 1382 1736 1417 pretium-

935 1435 984 1463 pro
997 1428 1112 1455 aliorum
1144 1428 1330 1462 redemptione
1346 1428 1503 1463 persolvere
1515 1449 1522 1461 ,
1544 1427 1728 1462 trapclilicaln

935 1474 1018 1501 etiam
1034 1473 1185 1509 saepissime
1205 1474 1304 1501 Christi
1321 1474 1475 1501 imitatione
1493 1481 1638 1501 exercens.
1655 1474 1729 1502 Pau-

936 1521 1046 1555 peribus
1060 1528 1170 1556 quoque
1187 1519 1298 1548 feminis
1313 1520 1346 1548 ad
1369 1528 1399 1548 se
1432 1520 1590 1548 convocatis
1611 1519 1730 1554 propriis

89 1566 161 1601 ἔρως
180 1563 215 1600 ἧν
230 1565 310 1601 αὐτῇ,
325 1565 356 1592 τὸ
367 1566 417 1601 τῆς
440 1564 627 1600 φιλοπτωχίας
643 1564 770 1600 δώρημα.
799 1565 830 1590 Ὢ
845 1564 883 1590 τί-

937 1567 1066 1594 manibus
1090 1566 1289 1600 ministrabat;
1309 1574 1428 1602 namque
1462 1566 1490 1594 in
1517 1565 1659 1594 deliciisei
1679 1564 1731 1592 fuit

91 1614 156 1649 μίου
168 1614 302 1649 στόματος
312 1614 361 1648 τῆς
375 1614 407 1640 ὲκ
423 1614 504 1640 θείων
518 1613 616 1647 λογίων
627 1613 724 1640 ἀενάου
738 1612 886 1648 ἐκμελετή-

90 1669 172 1692 σεως,
189 1662 235 1687 καὶ
253 1660 462 1695 ἀπαραλείπτου
481 1660 563 1696 μέχρι
580 1660 697 1686 θανάτου
712 1659 882 1694 διαλειτουρ-

89 1707 201 1741 γήσεως
218 1706 225 1732 ι
242 1706 273 1732 Ὢ
290 1706 390 1740 τιμίων
410 1705 498 1733 ποδῶν
514 1704 749 1740 ὰποσιρυρώσεως,
777 1705 810 1731 ὲκ
836 1704 886 1739 τῆς

90 1752 271 1786 ὲντευκτικῆς
287 1751 355 1785 πρὸς
367 1751 433 1777 Θεὸν
446 1751 589 1779 ἀνενδότου
604 1750 713 1785 πήξεως
725 1759 754 1778 τε
775 1750 823 1777 καὶ
835 1759 886 1777 πα-

91 1798 264 1834 ραστάσεωςῐ
283 1797 315 1824 ’Ὠ
326 1797 356 1824 οὗ
375 1797 455 1832 μόνον
468 1797 626 1833 ἑσπερινῆς,
646 1797 715 1824 ἀλλὰ
730 1797 777 1824 καὶ
792 1797 886 1832 όρθρι-

91 1845 139 1879 νῆς
153 1844 201 1871 καὶ
215 1844 415 1879 μεσονυκτινῆς
428 1843 511 1870 ὁσίων
525 1843 625 1878 χειρῶν
645 1843 714 1878 πρὸς
744 1843 809 1869 Θεὸν
836 1843 886 1870 ἐπ-

90 1889 199 1924 άρσεως
211 1889 258 1915 καὶ
272 1889 430 1924 διανυτικῆς
442 1888 497 1916 τῶν
516 1888 685 1923 αἰτηθέντων
699 1887 864 1921 ὲπιτεύξεως
877 1888 883 1914 ε

91 1935 172 1962 καὶῶ
187 1935 354 1970 νυκτερινῶν
378 1935 512 1962 ἐνυπνίων
539 1935 753 1969 διασαφήσεωςῐ
789 1933 885 1968 ἐπειδὴ

90 1979 162 2016 πρὸς
175 1980 209 2007 τὰ
228 1980 422 2016 παριστάμενα
433 1980 554 2016 λυπηρὰ,
568 1980 700 2011 πολλάκις
717 1980 786 2015 αὐτῇ
819 1979 886 2010 Θεὸς

91 2027 123 2054 τὸ
135 2026 233 2062 μέλλον
245 2027 469 2062 προμεμήνυκεν,
483 2026 731 2063 παραμυθούμενος
742 2026 792 2060 τὴν
801 2024 885 2052 αὑτοῦ

92 2073 272 2107 θεράπαιναν.
294 2073 327 2099 Ὢ
340 2075 389 2108 τῆς
407 2073 454 2100 τοῦ
468 2073 528 2100 ὅλου
545 2073 672 2108 σώματος
699 2073 730 2105 ἐξ
743 2073 887 2108 ἀσκήσεως

92 2118 278 2153 παραλύσεως
292 2118 298 2145 ι
314 2118 362 2145 καὶ
376 2117 398 2144 ὣ
409 2117 536 2150 εὐτελοῦς
553 2118 601 2145 καὶ
616 2118 737 2145 ἁθάλπου
753 2119 781 2144 ὲν
795 2117 885 2153 καιρῷ

92 2162 196 2197 κρᾶους
211 2163 343 2194 ἐνδύσεως
357 2162 364 2188 ι
381 2162 428 2190 καὶ
439 2162 462 2188 ὣ
479 2163 627 2198 στρωμνῆς
641 2162 772 2198 διαξήρου
790 2163 885 2197 στενῆς

92 2218 122 2235 τε
141 2209 190 2235 καὶ
205 2209 331 2244 κολοϐἧς,
348 2210 395 2235 καὶ
408 2208 548 2244 coxam;
563 2209 748 2240 ἀνακλίσεωςι
782 2208 804 2235 ὣ
835 2209 885 2243 τῆς

91 2254 190 2290 ἀφίλου
203 2254 251 2281 καὶ
265 2254 451 2281 ἁσυνδυάστου
470 2254 537 2289 πρὸς
562 2255 654 2281 πᾶσαν
685 2253 746 2288 ὄψιν
770 2254 885 2290 ἄρρενος
903 2245 923 2272 θ

91 2300 255 2332 διαθέσεωςί
271 2302 318 2327 καὶ
333 2300 355 2327 ὢ
369 2300 419 2334 τῆς
432 2300 564 2336 ὲπιμόνου
581 2300 628 2327 καὶ
656 2300 810 2335 τεταμένης
835 2300 884 2326 αὑ-

92 2345 145 2380 τῆς
160 2346 230 2381 πρὸς
242 2345 308 2372 Θεὸν
323 2346 479 2382 μονώσεως.
492 2345 542 2372 Διὰ
557 2345 637 2372 τοῦτο
654 2345 766 2381 γὰρκαὶ
782 2345 883 2380 ἀκηδίᾳ

92 2392 260 2424 παλαίουσα,
277 2392 325 2418 καὶ
342 2393 412 2427 μήτε
425 2393 498 2427 ἡμᾶς
514 2392 580 2427 όρᾷν
593 2391 693 2426 ἔχουσα
709 2391 881 2426 συχνότερον,

94 2438 166 2474 μήτε
186 2437 265 2465 ἄλλον
282 2438 327 2465 τὸν
345 2438 539 2473 πνευματικῶς
560 2437 758 2472 ὑπαλείφοντα,
787 2437 887 2472 ἡττᾶτο

94 2484 246 2519 ποιουμένη
261 2484 310 2516 τάς
325 2493 402 2516 τινας
414 2484 545 2520 προόδους
560 2484 608 2511 καὶ
621 2483 777 2518 ἀποδημίας
793 2492 799 2498 ·
816 2483 886 2510 ἀλλὰ

94 2529 147 2555 κάν
172 2528 260 2564 τούτῳ
280 2529 326 2556 τὸν
356 2530 458 2557 κανόνα
482 2529 655 2564 φυλάττουσα
681 2528 887 2564 ἀπαράλειπτον

94 2574 293 2602 ἀπεδείκνυτο·
314 2575 337 2602 ὢ
351 2576 495 2612 φιλεργίας
509 2575 714 2610 ἁνυπερὸλὴτου
733 2574 842 2610 νύκτωρ
856 2583 886 2600 τε

95 2621 144 2647 καὶ
159 2620 219 2655 μεθ’
235 2621 342 2656 ἡμέραν
355 2621 549 2652 διακοπώσεως
562 2622 568 2648 !
585 2619 665 2648 καὶῶ
679 2620 819 2647 δακτύλων
839 2619 887 2646 τοῦ

95 2667 261 2702 ἐργαπικοῦ
273 2667 522 2703 ἀποσκληρώσεως.
533 2667 580 2693 καὶ
593 2667 633 2698 είς
650 2666 754 2701 βύρσης
770 2665 888 2701 σκληρό-

95 2721 164 2749 τητα
178 2714 410 2750 μεταποιηθείσης
435 2713 485 2749 τῆς
501 2713 618 2748 φυσικῆς
642 2712 814 2748 ἀπαλότητος
827 2721 833 2727 ·
850 2712 888 2748 μὴ

134 2829 191 2868 (μ)
211 2829 341 2868 ἰηιολιίίεἰι
359 2831 548 2868 Eutltymium,
560 2840 639 2868 quem
654 2833 687 2859 ad
701 2831 886 2859 constantiam

98 2865 192 2892 multis
218 2865 315 2894 verbis
339 2865 485 2895 robor-aibat
511 2865 576 2902 ipse
601 2868 760 2895 Theodorus
791 2867 838 2894 lib.
861 2875 885 2899 t,

937 1620 1000 1648 erga
1016 1613 1111 1645 inopes
1131 1612 1286 1647 benignitas
1302 1613 1478 1648 largiusque.
1505 1612 1528 1640 0
1543 1612 1728 1640 venerandum

937 1666 979 1691 os,
998 1658 1071 1693 quod
1089 1658 1183 1686 divina
1210 1658 1319 1693 eloquia
1349 1665 1458 1693 semper
1481 1657 1677 1689 meditabatur,
1703 1662 1731 1683 et

938 1704 1128 1732 incessabilem
1154 1712 1242 1739 usque
1260 1704 1294 1732 ad
1321 1709 1437 1732 mortem
1463 1703 1601 1738 liturgiam
1618 1702 1704 1731 obivit
1721 1702 1729 1728 ί

937 1748 959 1776 0
977 1749 1196 1777 venerandorum
1216 1749 1315 1784 pedum
1341 1749 1374 1776 ad
1401 1748 1596 1776 ambulandum
1630 1747 1731 1774 indesi-

938 1799 1033 1822 nenter
1047 1794 1080 1822 ad
1097 1793 1181 1822 Deum
1196 1794 1312 1822 malleoli
1331 1793 1401 1821 ﬁrmi
1417 1801 1525 1828 semper
1537 1797 1623 1827 atque
1648 1800 1731 1827 para-

939 1839 956 1866 ti
972 1840 978 1866 !
995 1839 1017 1867 Ο
1028 1847 1083 1867 non
1096 1847 1210 1874 vespere
1223 1844 1328 1867 tantum
1339 1839 1387 1867 sed
1403 1844 1430 1866 ct
1441 1847 1522 1867 mane
1535 1843 1562 1866 et
1576 1843 1658 1866 nocte
1678 1846 1730 1866 me-

936 1886 980 1912 dia
998 1891 1156 1912 sanctarqu
1173 1893 1304 1912 manuum
1320 1885 1354 1912 ad
1373 1885 1458 1912 Deum
1472 1885 1597 1917 elcvatio,
1613 1889 1640 1912 et
1654 1890 1729 1912 certa

936 1930 1136 1965 postulatorum
1151 1931 1307 1966 impetratio
1324 1930 1364 1958 ΞΟ
1383 1929 1580 1958 necturnornm
1611 1932 1732 1959 somnio-

937 1984 998 2004 rum
1013 1977 1192 2004 revelationes
1206 1977 1212 2003 !
1229 1976 1337 2004 Etenim
1353 1977 1388 2004 ob
1403 1977 1616 2004 circumstantes
1632 1977 1731 2004 moles-

938 2022 990 2050 tias
1021 2030 1091 2057 saepe
1124 2022 1196 2050 Deus
1225 2022 1318 2050 futura
1338 2023 1578 2058 praemonstravit,
1599 2022 1731 2050 famulam

937 2076 1013 2096 suam
1043 2069 1200 2096 consolans.
1223 2067 1245 2096 0
1262 2069 1347 2097 totius
1371 2069 1498 2104 corporis
1521 2070 1557 2096 ob
1584 2070 1730 2097 asceticam

937 2115 1020 2142 vitam
1038 2115 1194 2148 dissolutio,
1215 2116 1332 2151 vilisque
1357 2121 1384 2144 et
1401 2117 1473 2145 male
1494 2117 1529 2144 ab
1550 2117 1666 2145 hiberno
1682 2116 1731 2144 fri<

936 2168 1002 2195 gore
1029 2166 1174 2196 protegens
1198 2163 1283 2189 vestis
1302 2163 1307 2188 ι
1331 2161 1354 2189 0
1368 2162 1467 2193 lectule
1487 2162 1574 2197 rigide
1587 2183 1595 2195 ,
1617 2167 1732 2197 anguste

936 2213 1078 2242 curteque,
1105 2208 1250 2243 frigidique
1280 2208 1456 2236 discubitus!
1473 2208 1668 2236 Oindill'erens
1697 2213 1726 2235 et

938 2253 1148 2281 inconciliabilis
1161 2261 1225 2288 erga
1241 2253 1390 2289 cujuslibet
1417 2253 1468 2280 viri
1491 2258 1631 2288 aspectant
1647 2254 1731 2280 animi

940 2299 1049 2326 habitus
1062 2299 1068 2326 ι
1086 2300 1106 2326 ο
1121 2302 1251 2327 constans
1266 2303 1294 2326 et
1308 2299 1390 2326 enixa
1403 2299 1491 2334 ipsius
1505 2307 1567 2326 cum
1596 2299 1651 2326 Deo
1667 2299 1732 2326 soli-

940 2345 1004 2372 tudo
1019 2346 1025 2372 !
1042 2344 1133 2379 Quare
1150 2350 1178 2372 et
1193 2352 1256 2373 cum
1272 2345 1363 2374 tristia
1379 2345 1555 2379 conﬂictans,
1572 2353 1662 2380 neque
1681 2353 1732 2372 nos

939 2399 1012 2426 saepe
1031 2393 1152 2427 aspicere
1169 2392 1274 2426 valens,
1294 2400 1383 2428 neque
1409 2393 1493 2420 alium
1504 2393 1550 2428 qui
1572 2392 1732 2428 spiritaliter

941 2442 1087 2470 recrearet,
1106 2438 1218 2465 mmrori
1246 2438 1356 2471 cedens,
1382 2439 1556 2474 egressiones
1584 2440 1691 2473 aliquas
1705 2444 1732 2466 et

940 2485 1174 2520 peregrinationes
1190 2484 1307 2512 faciebat
1324 2494 1331 2513 :
1348 2490 1536 2514 verumtamen
1554 2486 1581 2513 in
1601 2485 1644 2513 his
1665 2486 1732 2520 ipsis

940 2531 1090 2558 solemnem
1115 2537 1226 2564 precum
1246 2530 1369 2558 ordinem
1385 2536 1514 2559 accurate
1535 2532 1682 2558 observare
1701 2539 1732 2558 se

940 2575 1157 2602 demonstrabat.
1170 2575 1193 2603 Ο
1208 2575 1299 2602 diurni
1324 2576 1506 2611 nocturnique
1532 2575 1634 2604 laboris
1655 2583 1730 2603 sum-

941 2629 1002 2648 mus
1017 2628 1093 2648 amor
1106 2621 1111 2647 !
1126 2619 1148 2648 Ο
1163 2620 1311 2655 digitorum
1322 2630 1354 2649 ex
1372 2630 1454 2657 opere
1471 2623 1596 2654 durities.
1608 2627 1635 2650 et
1652 2627 1732 2650 natu-

942 2666 1007 2693 ralis
1020 2666 1173 2694 teneritudo
1188 2667 1214 2693 in
1233 2668 1299 2694 corii
1310 2669 1486 2703 asperitatem
1504 2676 1636 2696 conversa
1648 2669 1655 2696 ί
1666 2669 1731 2704 quia

940 2711 1067 2738 videlicet
1083 2719 1135 2739 non
1151 2719 1200 2746 pro
1209 2720 1238 2740 se
1249 2718 1368 2747 tantum,
1384 2713 1423 2748 (id
1436 2714 1510 2742 enim
1525 2715 1638 2742 minimc
1648 2723 1730 2742 cura—

939 2831 1052 2866 epist.j
1070 2840 1077 2858 :
1090 2829 1216 2865 ἀνδρίζου
1230 2828 1276 2857 οὖν
1288 2830 1335 2858 καὶ
1348 2831 1441 2862 αὐτὸς,
1455 2831 1552 2865 ἅδελφὲ
1565 2830 1630 2866 κῦρι
1646 2828 1732 2858 Εὐθύ-

942 2874 986 2900 μιε
1001 2875 1007 2893 :
1026 2865 1145 2894 Viriliter
1159 2873 1207 2900 age
1220 2871 1243 2897 et
1260 2871 1299 2898 tu,
1310 2866 1414 2894 domine
1428 2866 1512 2900 frater
1524 2867 1662 2901 Eutliymi,
1677 2871 1728 2893 (to.
