1924 3077
177 159 232 191 899

773 159 805 189 S.
821 157 1019 188 THEODOBI
1040 157 1215 188 STUDI‘I‘IE

1755 147 1808 180 900

178 215 248 250 bat),
261 214 307 243 sed
322 221 371 250 pro
388 214 473 242 totius
488 213 545 241 fere
560 213 679 241 coanobii
691 213 861 242 indumentis
873 219 966 248 opera-

1020 211 1062 238 ὃτι
1077 212 1146 246 πρὸς
1159 212 1190 238 ἰδ
1213 211 1313 246 ἑαυτὴν
1340 209 1473 245 ἐπαρκεῖν
1501 205 1691 244 ἐργαζομένης
1717 204 1809 239 (τοῦτο

177 259 270 293 batur,
288 264 318 286 ut
333 267 381 287 vos
395 259 533 287 auditores
549 259 637 287 scitis.

214 395 258 422 l2.
277 393 430 428 Singularis
444 393 545 428 quippe
570 392 597 419 in
613 391 664 420 hoc
688 391 788 419 femina
803 391 853 419 fuit
869 397 966 427 prater

178 445 273 468 cretera
295 459 303 472 ,
329 440 365 466 ita
386 443 415 466 ut
440 439 463 466 si
479 446 531 473 qua
552 438 579 465 in
599 445 628 465 re
660 437 822 473 reprehendi
838 442 867 464 ut
883 437 966 464 homo

178 488 276 518 potest,
289 483 352 510 hinc
363 490 427 509 ansa
453 482 608 516 arripiatur,
620 485 701 516 atque
713 489 747 508 es
763 482 867 516 reliquo
889 481 964 516 ejus-

177 528 237 555 dem
252 535 316 562 erga
332 528 457 554 virtutem
477 527 583 554 fervore
597 536 604 558 ς
632 534 686 562 quo
710 527 790 554 ﬁebat
805 527 966 562 plerumque

178 574 324 602 vehemens
337 578 364 600 et
378 574 459 600 nimia
474 581 537 608 erga
555 573 645 600 socias
657 581 782 600 ascescos
798 581 830 600 ac
843 573 966 601 subditas

176 620 308 647 exactrix.
331 619 388 646 lmo
404 624 431 646 et
451 619 591 647 iracundia
613 620 830 647 succendebatur
843 619 869 646 in
892 618 965 647 defe-

176 666 266 693 ctibus
289 665 347 692 sive
370 673 502 699 operum,
521 666 579 693 sive
605 665 831 700 psalmodiarum,
857 666 914 693 sive
931 666 965 693 ad

176 711 262 738 oﬂicia
279 711 450 740 assiduitatis
467 720 474 744 ;
491 718 608 746 raroque
632 711 659 738 in
682 711 724 738 his
739 719 751 737 a
767 711 893 746 quapiam
918 718 965 738 su-

180 758 327 792 perabatur
342 777 351 790 ,
370 757 553 792 socci-desque
584 757 714 791 urgebat.
730 761 757 784 et
770 757 856 791 alapis
881 757 963 784 etiam

176 803 390 838 inobsequentes
411 803 548 838 pulsabat.
567 803 619 830 Sed
637 808 727 830 tamen
745 802 785 830 sic
810 803 892 830 etiam
907 810 965 829 ma-

176 849 217 883 gis
236 843 412 883 dilikebatur,
428 855 510 883 quam
525 847 563 875 illi
577 847 624 882 qui
640 847 700 882 plus
715 847 800 874 nimio
821 847 964 881 indulgen-

175 879 216 920 tes
236 879 301 921 sunt
315 902 323 926 ;
350 894 413 928 quia
437 879 499 920 ἰιοη
526 893 577 920 nisi
587 879 594 882 Π
608 879 674 920 recti
688 892 806 927 bonique
823 879 915 919 amore
930 891 963 919 iis
977 879 1000 909 Β

174 939 296 966 motibus
315 939 529 974 pereellebatur:
542 938 660 972 alioquin
676 944 789 972 prorsus
807 937 842 964 ab
862 936 904 963 his
917 937 965 963 ab-

174 985 298 1016 horrens.
314 988 341 1011 et
358 984 472 1011 subesse
486 983 547 1011 aliis
562 983 712 1018 deposcens
727 991 733 1009 :
749 982 858 1010 interim
877 981 962 1009 Deum

174 1030 227 1058 sibi
243 1029 448 1057 misericordem
464 1029 624 1063 implorans,
638 1028 708 1055 sicut
722 1035 772 1055 nos
786 1028 848 1055 aliis
862 1027 965 1062 pariter

174 1076 371 1104 condonamus.
396 1075 502 1110 Reapse
524 1079 586 1110 post
604 1073 712 1101 Patrem
725 1074 734 1110 (
747 1074 902 1109 Platonem)
917 1081 965 1101 cu-

174 1122 262 1150 stodia
284 1121 431 1154 inclusum,
448 1120 516 1148 adeo
536 1121 603 1147 mihi
624 1120 660 1147 ob
679 1127 756 1147 suam
783 1120 965 1147 humilitatem

175 1168 297 1204 subjecta
315 1171 384 1199 erat,
397 1175 481 1202 seque
493 1166 520 1193 in
537 1166 699 1200 obsequium
717 1165 878 1197 tradiderat,
895 1170 966 1193 utet

176 1213 306 1241 famulam
319 1220 348 1241 se
364 1212 522 1247 appellaret,
537 1216 565 1238 et
575 1211 693 1246 indignis
708 1210 823 1245 pedibus
837 1211 905 1238 meis
917 1211 966 1238 ad-

178 1258 352 1289 volveretur,
380 1262 407 1284 et
428 1257 518 1284 cordis
540 1263 639 1284 arcana
662 1256 728 1282 mihi
751 1255 924 1290 patefaceret,
940 1259 968 1283 et

180 1304 337 1331 nullatenus
362 1310 377 1330 a
404 1303 472 1330 meis
494 1302 660 1338 praescriptis
676 1302 838 1329 discederet.
861 1301 969 1329 Pudore

179 1349 262 1383 igitur
276 1349 358 1376 miser
369 1355 420 1383 ego
435 1347 704 1382 suﬂ'undor,quoties
718 1352 814 1382 reputo
829 1347 968 1382 quomodo

178 1395 224 1422 illa
253 1402 297 1421 me
328 1394 469 1421 dominum
503 1398 661 1428 patremque
682 1393 847 1424 nominaret,
860 1397 886 1420 et
899 1400 968 1428 quo-

179 1441 259 1468 modo
274 1448 317 1468 me
337 1440 450 1471 coleret,
464 1447 586 1466 amorem
603 1438 695 1466 timori
718 1438 874 1466 admiscens
887 1458 894 1470 ,
920 1445 969 1466 ne-

177 1494 232 1522 que
244 1491 273 1514 nt
292 1491 389 1519 mater,
400 1486 447 1514 sed
465 1490 493 1513 ut
515 1485 567 1512 illia
587 1493 690 1512 morem
709 1490 827 1520 gereret.

1016 257 1070 292 γὰρ
1087 257 1201 292 μηδενὸς
1216 257 1295 290 λόγου
1309 256 1380 291 πρὸς
1392 255 1502 289 αὐτῆς),
1521 253 1589 280 ἀλλά
1605 251 1653 279 καὶ
1676 252 1747 286 πρὸς
1777 251 1810 277 τὸ

1015 303 1076 329 ὅλον
1088 303 1220 330 κοινόὸιον
1241 302 1333 337 σχεδὸν
1349 301 1526 333 ξνδιδύσκειν,
1543 299 1582 330 ὡς
1595 295 1756 328 ἐπίστασθε,
1782 297 1809 323 οἱ

1015 349 1164 381 ἀκούοντες
1175 350 1198 382 (Ι
1204 349 1243 383 5).

1052 395 1096 430 ιβ’.
1112 395 1167 421 Καὶ
1184 394 1239 429 γὰρ
1254 393 1317 428 ξένη
1329 402 1372 424 τις
1386 391 1441 418 τῶν
1457 388 1596 424 γυναικῶν
1605 388 1634 414 ὲν
1648 388 1738 423 τούτῳ
1749 386 1808 421 ὤφ-

1016 438 1049 474 θη
1076 439 1146 473 μετά
1156 438 1211 465 τῶν
1227 438 1315 465 ἀλλων
1325 445 1332 452 ·
1348 437 1419 463 ὥστε
1446 434 1494 461 καὶ
1505 434 1532 460 ετ
1544 442 1570 460 τι
1595 432 1634 464 ὡς
1663 432 1810 466 ἄνθρωπον

1015 485 1100 520 αὐτὴν
1112 485 1170 511 ἐστι
1190 484 1355 520 μωμεῖσθαι,
1369 481 1494 509 ἐντεῦθεν
1507 479 1558 511 τὰς
1574 479 1702 514 ἀφορμὰς
1717 486 1809 512 προσ-

1016 531 1096 562 εῖναι,
1130 530 1179 557 καὶ
1190 531 1222 556 ὲκ
1234 530 1283 564 τῆς
1301 529 1383 563 ἀλλης
1398 526 1485 560 αὐτῆς
1503 524 1567 560 περὶ
1583 524 1617 551 τὰ
1643 523 1717 550 καλά
1745 523 1811 558 Θερ-

1017 576 1144 610 μότητος,
1161 574 1323 610 ὲπιτατικὴν
1336 574 1375 605 ὡς
1393 572 1429 599 τὰ
1445 570 1531 598 πολλά
1551 569 1636 596 οὖσαν
1661 568 1810 604 ἀκριϐολο-

1015 622 1152 658 γουμένην
1166 621 1234 658 πρὸς
1248 621 1298 652 τάς
1312 618 1536 653 συνασκουμένας
1549 616 1723 651 ὑποχειρίους
1733 634 1742 646 ,
1760 615 1811 641 καὶ

1016 667 1194 701 θυμουμένην
1207 666 1281 692 ἐστιν
1293 665 1338 691 ὅτε
1356 664 1386 690 ὲν
1415 663 1475 694 ταῖς
1495 661 1648 696 ὲλλείψεσιν
1673 660 1729 686 εἴτε
1752 659 1810 685 τῶν

1015 711 1115 746 ἔργων,
1133 711 1188 737 εῑτε
1201 710 1255 736 τῶν
1269 707 1444 744 ψαλμῳδιῶν,
1455 708 1510 734 εἴτε
1519 706 1575 732 τῶν
1590 704 1806 740 παραστάσεων·

1015 756 1052 788 ὡς
1065 756 1112 782 καὶ
1126 755 1274 791 νικηθῆναι
1287 755 1373 789 αὐτὴν
1389 754 1420 780 οὺ
1433 752 1575 783 πολλάκις,
1599 749 1706 785 ὼθῆσαί
1719 757 1751 776 τε
1763 757 1810 775 νυ-

1016 801 1178 833 σταζοὺσας,
1193 801 1210 836 ἢ
1226 800 1273 827 καὶ
1290 799 1403 834 ῥαπίσαι
1426 797 1611 833 ἀνηκοούσας.
1645 795 1729 822 Ἀλλὰ
1760 796 1809 822 καὶ

1015 846 1064 873 εἶθ’
1078 847 1163 879 οὕτως
1176 843 1234 881 εἶχε
1251 846 1282 872 τδ
1295 844 1455 880 ἀγαπᾶσθαι
1473 843 1574 879 μᾶλλον
1585 841 1656 878 ὑπὲρ
1672 842 1738 873 τοὺς
1746 841 1810 867 λίαν

1013 893 1217 928 ὁμαλωτάτους,
1234 892 1279 919 διὰ
1294 892 1325 918 τδ
1341 892 1370 925 ἐξ
1383 890 1487 925 ἀγαθοῦ
1501 890 1586 924 αὐτὴν
1598 887 1734 914 κινεῖσθαι
1741 887 1811 923 πρδς

1013 937 1110 971 ταῦτα,
1123 937 1171 964 καὶ
1186 937 1301 964 πάντοτε
1313 936 1539 970 ἀπογινώσκουσα
1559 934 1607 961 καὶ
1615 932 1733 968 ζητοῦσα
1743 932 1811 958 ὕπο-

1013 983 1162 1011 τάσσεσθαι
1174 991 1181 999 ·
1198 984 1247 1010 καὶ
1262 982 1358 1017 μέντοι
1389 982 1434 1008 διὰ
1449 980 1530 1007 τοῦτο
1556 980 1603 1006 τὸν
1626 979 1692 1006 Θεὸν
1722 977 1811 1004 ἱλεου-

1017 1029 1096 1065 μένη,
1114 1029 1152 1060 ὡς
1179 1029 1261 1063 ἡμεῖς
1292 1027 1370 1054 αὐτοὶ
1400 1026 1451 1058 τάς
1482 1025 1671 1060 συγχωρήσεις
1697 1023 1811 1054 εἰκότως

1015 1074 1181 1110 ἐποιούμεθα
1192 1083 1198 1089 ·
1215 1073 1262 1101 καὶ
1273 1074 1328 1109 γὰρ
1344 1073 1413 1108 μετά
1425 1071 1474 1108 τὴν
1481 1071 1622 1107 κάθειρξιν
1635 1069 1682 1097 τοῦ
1701 1068 1812 1104 [ἰατρὸς

1015 1121 1142 1148 τοσοῦτον
1158 1121 1281 1155 ὑπετάγη
1302 1128 1353 1154 μου
1371 1120 1405 1154 τῇ
1420 1118 1586 1145 ταπεινώσει
1604 1117 1651 1143 καὶ
1682 1114 1812 1142 ἐπιδέδω-

1016 1176 1066 1195 κεν
1082 1168 1123 1198 είς
1136 1166 1274 1201 ὑπακοὴν,
1290 1166 1362 1193 ὥστε
1377 1165 1426 1191 καὶ
1442 1164 1540 1198 δούλην
1553 1162 1653 1196 ἑαυτὴν
1665 1160 1812 1196 ὀνομάζειν

1017 1213 1065 1241 καὶ
1080 1212 1134 1239 τῶν
1150 1211 1269 1245 ἀναξίων
1277 1219 1327 1246 μου
1340 1210 1429 1237 ποδῶν
1444 1205 1813 1244 ὲφάπτεσθαι,ὲξαγορεύειν

1017 1269 1047 1287 τε
1064 1259 1098 1287 τὰ
1118 1259 1229 1295 κρυπτά
1243 1258 1294 1293 τῆς
1312 1257 1438 1293 καρδίας,
1453 1257 1501 1283 καὶ
1514 1257 1555 1287 εἰς
1582 1255 1637 1282 πᾶν
1655 1253 1747 1280 ὁτιοῦν
1773 1253 1812 1288 μὴ

1017 1305 1178 1332 ἀντιτείνειν
1200 1304 1254 1331 τῶν
1277 1303 1484 1338 ἐπιταγμάτων.
1503 1300 1600 1333 Αἰδοῦς
1625 1300 1718 1327 τοίνυν
1741 1299 1812 1333 πλη-

1020 1351 1119 1387 ροῦμαι
1136 1351 1224 1385 ἔγωγε
1239 1351 1253 1376 ὁ
1270 1350 1354 1381 τάλας
1365 1349 1462 1380 ὁσάκις
1480 1349 1512 1375 ἂν
1528 1348 1577 1374 καὶ⁵
1603 1346 1813 1380 ἀναλογίσωμαι

1018 1398 1092 1429 ὅπως
1110 1397 1140 1424 τέ
1151 1406 1184 1432 με
1197 1396 1321 1431 ὠνόμαζε
1338 1396 1432 1431 κύριον
1449 1395 1498 1421 καὶ
1517 1393 1639 1428 Πατέρα,
1666 1392 1714 1419 καὶ
1737 1391 1814 1421 ὅπως

1019 1444 1131 1471 ὲσέῦετο
1146 1443 1307 1479 συμμῖξασα
1322 1442 1361 1477 τῷ
1374 1441 1450 1476 φόϐῳ
1468 1441 1513 1467 τὸν
1531 1439 1625 1472 πόθον,
1642 1439 1689 1466 καὶ
1701 1438 1752 1473 οὐχ
1775 1436 1813 1468 ὡς

1020 1489 1124 1525 μήτηρ,
1145 1489 1203 1515 ἀλλ’
1215 1488 1253 1519 ὡς
1269 1488 1363 1514 τέκνον
1381 1485 1580 1522 πειθαρχοῦσα.

211 1532 256 1559 15.
276 1531 410 1559 Ριειειοει
435 1532 476 1559 lex
493 1531 531 1558 illi
560 1531 600 1558 vel
613 1531 691 1558 limes
710 1530 884 1558 continentire
906 1529 966 1562 fuit,

1056 1538 1100 1568 ιγ’,
1115 1534 1186 1570 Πρὸς
1200 1533 1287 1560 ταῦτα
1305 1533 1469 1568 ἐγκρατείας
1485 1532 1533 1566 μὲν
1546 1531 1619 1566 ὅρον,
1647 1528 1679 1556 τδ
1705 1529 1743 1564 μὴ
1773 1529 1814 1560 εἷς

175 1585 314 1614 nunquam
329 1579 471 1606 comedere
484 1578 517 1604 ad
535 1578 686 1605 satietatem
704 1577 767 1604 :sed
785 1580 874 1604 tamen
887 1577 965 1604 cibo-

176 1631 235 1650 rum
253 1623 416 1658 qualitatem
447 1630 573 1651 coercere
598 1630 646 1658 per
667 1622 849 1650 obedientiam
871 1622 895 1649 ei
911 1630 966 1649 non

176 1668 354 1702 licebat;etsi
372 1668 399 1696 in
418 1668 469 1696 hoc
493 1675 658 1704 magnopere
674 1668 861 1703 jrepugnabat,
880 1675 968 1702 neque

174 1714 349 1742 exaudiebat.
386 1714 476 1742 Semel
495 1715 588 1749 itaque
613 1715 640 1741 in
675 1714 720 1742 die
739 1714 899 1741 vescebatur
915 1734 924 1746 ,
941 1719 969 1741 et

175 1759 286 1794 quidem
305 1760 378 1787 circa
407 1759 475 1787 solis
493 1766 621 1787 occasum
642 1759 804 1794 plerumque
822 1779 829 1790 ,
855 1766 968 1786 sumens

176 1809 284 1832 tenuem
299 1809 327 1832 et
351 1805 502 1840 simplicem
526 1804 585 1832 sine
603 1804 663 1831 oleo
680 1805 797 1839 vinoque
816 1804 921 1832 cibum.
935 1803 969 1831 Et

176 1851 312 1885 siquando
330 1851 409 1878 statis
416 1850 513 1877 diebus
526 1850 660 1884 jejunium
673 1851 826 1883 omittebat,
839 1859 891 1878 non
903 1858 969 1878 sane

178 1897 211 1924 ad
228 1896 417 1932 repletionem,
443 1896 490 1923 sed
512 1903 608 1930 parum
641 1895 706 1930 quid
727 1895 854 1931 brevique
882 1896 969 1931 degu-

176 1946 275 1975 stans,
297 1947 361 1970 sats
377 1943 401 1969 ci
437 1946 505 1969 erat.
539 1941 682 1976 Religiosa:
711 1949 777 1969 vero
803 1943 971 1977 paupertatis

177 1987 373 2016 demonstratio
385 1992 453 2020 erat,
467 1987 538 2022 quod
552 1987 619 2014 nihil
636 1987 749 2015 omnino
766 1987 896 2021 habebat,
913 1996 967 2015 non

178 2032 319 2065 famulam,
338 2041 391 2060 non
418 2041 516 2061 aurum
538 2038 725 2069 argentumve,
748 2041 834 2069 neque
858 2033 971 2061 munda-

178 2086 243 2106 num
253 2079 366 2114 aliquid,
385 2080 433 2107 sed
452 2080 612 2107 vestimenta
628 2080 748 2111 cilicina.
761 2084 788 2107 et
803 2080 970 2114 paupercula

177 2126 232 2152 duo
246 2129 410 2160 tegumenta.
424 2125 488 2154 Haec
501 2127 597 2153 mortis
611 2134 694 2154 causa
704 2126 770 2153 mihi
783 2131 810 2153 et
823 2126 900 2153 fratri
916 2127 970 2154 lar-

177 2171 232 2208 gita
242 2191 250 2204 ,
261 2172 367 2200 caeteris
381 2172 526 2206 sepultura:
536 2172 691 2204 reservatis,
705 2172 745 2199 sic
758 2172 828 2199 nuda
841 2172 970 2200 substan-

1018 1582 1099 1617 κόρον
1115 1582 1214 1615 φαγεῖν
1230 1578 1304 1616 εἶχεν
1314 1589 1322 1596 ·
1336 1581 1386 1614 τὴν
1398 1580 1427 1606 δὲ
1443 1580 1574 1613 ποιότητα
1586 1578 1639 1605 τῶν
1656 1576 1814 1612 βρωμάτων

1018 1627 1156 1654 συστεῖλαι
1169 1628 1186 1662 ἡ
1204 1627 1328 1662 ὑποταγὴ
1343 1627 1393 1653 οὐκ
1427 1626 1471 1653 ετα
1483 1645 1490 1657 ,
1509 1625 1612 1660 καίπερ
1646 1622 1814 1658 προσκειμέ-

1017 1684 1067 1710 νην
1082 1674 1220 1702 ἐπὶτοῦτο
1236 1674 1359 1709 σφοδρῶς
1369 1693 1377 1705 ,
1394 1673 1441 1700 καὶ
1456 1672 1494 1708 μὴ
1517 1670 1744 1705 εἰσακουομένην.
1756 1666 1813 1695 Ἦν

1017 1719 1108 1747 τοίνυν
1129 1719 1320 1754 μονοσιτοῦσα,
1339 1717 1387 1745 καὶ
1407 1717 1476 1753 πρὸς
1490 1716 1567 1743 δύσιν
1579 1715 1627 1742 τοῦ
1642 1715 1717 1750 ἡλίου
1728 1714 1767 1745 ὡς
1779 1714 1814 1740 τὰ

1019 1765 1115 1798 πολλὰ,
1135 1765 1468 1800 μεταλαμϐάνουσαλιτήν
1483 1772 1544 1790 τινα
1559 1763 1607 1790 καὶ
1620 1762 1738 1797 σχέδιον,
1768 1760 1814 1787 ἀν-

1018 1811 1108 1838 έλαίον
1126 1819 1156 1838 τε
1167 1810 1214 1837 καὶ
1223 1811 1313 1838 ἄοινον
1325 1809 1374 1846 τὴν
1387 1809 1493 1845 τροφήν
1507 1817 1514 1824 ·
1531 1808 1584 1835 κᾶν
1601 1807 1684 1834 ὁπότε
1698 1806 1728 1833 δὲ
1743 1813 1812 1832 κατ-

1018 1857 1096 1883 έλυεν
1113 1858 1142 1883 ἐν
1174 1857 1235 1887 ταῖς
1248 1856 1418 1891 ὡρισμέναις
1434 1854 1564 1890 ἡμέραις,
1582 1854 1613 1880 οὐ
1646 1852 1717 1880 κατά
1745 1851 1815 1885 πλη-

1021 1902 1134 1938 σμονὴν,
1152 1900 1182 1935 ἐξ
1196 1902 1286 1936 ὀλίγον
1297 1902 1325 1928 δὲ
1347 1901 1396 1928 καὶ
1420 1901 1493 1928 κατά
1511 1900 1610 1936 μικρὸν
1634 1898 1814 1934 λαμσάνουσα

1019 1949 1153 1983 ἠρκεῖτο·
1178 1946 1373 1982 ἀκτημοσύνης
1390 1947 1419 1973 δὲ
1433 1947 1544 1982 δεῖγμα,
1570 1945 1601 1972 τὸ
1627 1945 1712 1979 μηδὲν
1738 1943 1814 1978 ἔχειν

1019 1992 1115 2026 αὐτὴν.
1137 1991 1204 2026 μήτε
1220 1990 1410 2026 Θεραπαινίδα,
1427 1991 1495 2026 μήτε
1510 1990 1623 2025 χρυσίον
1638 2009 1646 2021 ,
1676 1988 1746 2023 μήτε
1761 1987 1812 2022 ἀρ-

1020 2037 1125 2072 γύριον,
1145 2036 1213 2072 μήτε
1227 2045 1253 2063 τι
1266 2036 1314 2063 τοῦ
1330 2036 1428 2068 αἰῶνος
1445 2035 1553 2068 τούτου,
1570 2035 1587 2070 ἢ
1608 2033 1689 2070 μόνον
1704 2033 1740 2060 τὰ
1751 2033 1812 2068 τρί-

1020 2091 1084 2118 χινα
1114 2083 1196 2118 ῥάκια
1223 2082 1241 2110 ἀ
1272 2081 1471 2118 περιϐέϐλητο,
1496 2080 1592 2108 καὶτὰ
1619 2079 1666 2106 δύο
1695 2078 1814 2114 πενιχρά

1021 2129 1206 2164 σκεπάσματα
1222 2128 1290 2163 (l6).
1312 2127 1421 2163 Ἀμέλει
1446 2126 1538 2154 τοίνυν
1566 2127 1610 2153 ὅτε
1630 2124 1812 2154 ἀπετελεύτα,

1021 2174 1083 2210 ἐμοί
1097 2183 1125 2201 τε
1140 2173 1238 2209 καὶτῷ
1252 2173 1360 2208 ἀδελφῷ
1387 2173 1550 2208 διανείμασα
1579 2171 1678 2202 ταῦτα,
1710 2170 1760 2197 καὶ
1782 2169 1814 2195 τὸ

178 2217 224 2245 tiis
239 2222 266 2245 et
280 2217 375 2245 mundi
398 2218 549 2251 affectibus,
563 2218 622 2245 laeta
650 2222 780 2252 tanquam
809 2218 842 2245 ad
857 2219 966 2253 propria

1019 2219 1112 2246 λοιπὸν
1130 2221 1170 2251 εἰς
1182 2219 1366 2254 ἐνταφιασμὺν
1397 2218 1505 2253 ἔχουσα,
1526 2217 1613 2250 οὕτως
1644 2216 1738 2252 γυμνὴ
1766 2218 1814 2242 καὶ

178 2261 355 2297 proﬁciscens
384 2262 467 2290 rebus
493 2262 618 2290 humanis
643 2264 771 2296 excessit,
792 2263 861 2291 bene
887 2265 968 2292 nobis

178 2307 378 2343 salubriterque
405 2313 532 2344 precata,
561 2315 708 2343 praesentes
727 2318 836 2346 quoque
871 2318 968 2340 omnes

179 2355 269 2382 crucis
294 2355 417 2389 symbolo
446 2355 574 2390 signans;
592 2364 653 2383 nam
676 2357 756 2384 multi
785 2357 888 2385 Inventi
904 2362 968 2385 sunt

179 2400 216 2428 ibi
232 2400 340 2434 fratres,
355 2401 414 2436 ejus
425 2401 529 2429 obitum
541 2402 700 2436 spectaturi.

215 2533 258 2560 Η.
275 2532 339 2564 Sed,
352 2540 369 2561 ο
385 2534 539 2561 veneranda
554 2538 581 2561 et
607 2533 841 2561 desideratissima
869 2537 965 2565 mater,

179 2579 212 2607 ad
226 2584 252 2607 te
264 2579 338 2607 ollim
355 2587 509 2607 sermonem
539 2585 680 2612 c0nverto,
697 2579 785 2607 dulcis
799 2579 866 2606 mihi
879 2586 923 2606 res
941 2584 969 2607 et

215 2691 270 2726 (l5)
292 2691 318 2718 ld
341 2691 459 2718 afﬁrmat
472 2689 636 2717 Theodorus
653 2690 735 2717 etiam
753 2690 779 2717 in
798 2690 913 2725 epistola
930 2691 964 2719 ad

178 2731 305 2755 matrem.
318 2727 366 2753 lib.
383 2734 412 2757 ιι,
427 2726 454 2752 6.

215 2761 271 2795 (16)
291 2761 393 2789 Confer
406 2761 563 2796 praedictam
580 2759 717 2788 Theodori
731 2759 764 2787 ad
779 2764 893 2787 matrem
907 2761 966 2796 epi-

180 2797 394 2865 ﬁlo(lla7n)hAuclor
411 2831 549 2860 chronica».
568 2837 718 2866 lynopseos
734 2829 803 2858 Vitae
829 2830 966 2866 Theodori

183 2866 210 2893 in
227 2866 345 2894 editione
365 2866 504 2895 Sirmondi
526 2867 560 2894 ad
576 2865 621 2893 an.
640 2865 703 2898 79-5,
722 2870 798 2900 putat
819 2865 965 2894 colstolam

1021 2267 1082 2297 ταῖς
1098 2265 1177 2297 ὕλαις
1188 2265 1236 2292 καὶ
1248 2265 1308 2296 ταῖς
1323 2264 1372 2291 τοῦ
1388 2264 1493 2299 κόσμου
1507 2263 1718 2300 προσπαθείαις,
1750 2262 1813 2297 χαί-

1023 2319 1107 2346 ρουσα
1134 2311 1181 2337 καὶ
1196 2310 1235 2342 ὡς
1250 2310 1319 2346 πρὸς
1339 2309 1375 2336 τὰ
1395 2309 1449 2336 ῐδια
1474 2308 1614 2344 χωροῦσα,
1630 2307 1814 2342 ἀπεδήμησεν

1019 2356 1053 2383 ὲκ
1066 2355 1119 2382 τῶν
1137 2355 1254 2387 ἐνθένδε,
1271 2355 1496 2390 ἐπιφθεγξαμένη
1509 2356 1575 2390 ἡμῖν
1602 2354 1735 2390 εὺκτήρια
1764 2353 1813 2379 καὶ

1019 2400 1152 2434 σωτήρια,
1165 2400 1213 2426 καὶ
1226 2399 1473 2434 κατισφραγίσασα
1499 2400 1615 2426 ἕκαστον
1659 2399 1714 2425 τῶν
1742 2407 1814 2433 παρ-

1021 2445 1183 2479 ισταμένων,
1205 2444 1302 2479 ἐπειδὴ
1323 2445 1370 2471 καὶ
1387 2445 1480 2471 πολλοὶ
1493 2444 1547 2472 τῶν
1563 2444 1686 2479 ἀδελφῶν
1699 2444 1814 2479 εὑρέθη-

1019 2498 1070 2516 σαν
1084 2489 1217 2524 Θεώμενοι
1229 2490 1278 2525 τὴν
1295 2490 1424 2526 κοίμησιν
1437 2491 1505 2525 (17).

1059 2535 1099 2562 ιδ’.
1136 2535 1242 2562 ’Δλλίἷι
1273 2536 1363 2572 μῆτερ
1394 2536 1532 2571 σεῦασμία
1561 2536 1609 2562 καὶ
1640 2534 1812 2570 πολυπόθητε

1023 2583 1103 2619 (πρὸς
1113 2583 1144 2609 σὲ
1155 2583 1209 2618 γάρ
1223 2584 1281 2618 εἰμι
1289 2583 1534 2618 ἐπιστρεφόμενος,
1547 2583 1578 2609 τὸ
1595 2581 1682 2616 γλυκύ
1698 2590 1745 2617 μοι
1764 2581 1814 2608 καὶ

1017 2693 1051 2721 ad
1073 2698 1189 2720 matrem
1214 2693 1343 2727 scriptam
1364 2691 1451 2720 fuisse
1467 2698 1530 2727 ante
1554 2699 1632 2720 suam
1659 2690 1810 2727 profectiog

1018 2736 1079 2756 nem
1100 2729 1127 2755 in
1149 2726 1278 2755 exsilinni
1303 2727 1338 2754 ad
1356 2727 1450 2754 urbem
1477 2726 1718 2758 Thessalonicam;
1737 2726 1809 2758 quod

1018 2764 1040 2790 si
1061 2764 1097 2790 ita
1112 2770 1141 2790 se
1156 2763 1280 2795 haberet,
1295 2761 1454 2789 Theoctista
1472 2769 1583 2797 quoque
1601 2768 1649 2797 per
1661 2761 1685 2788 id
1701 2765 1810 2797 tempus

1018 2798 1151 2830 obiisset;
1180 2797 1251 2832 quod
1278 2805 1293 2824 a
1321 2797 1437 2824 veritate
1468 2796 1555 2832 plane
1573 2796 1714 2832 abhorrct.
1741 2796 1809 2823 Nam

1018 2832 1174 2861 Theoctista
1191 2831 1286 2860 comes
1306 2832 1383 2860 illius
1399 2832 1506 2860 itineris
1521 2831 1576 2859 lilio
1593 2831 1656 2858 fuit.
