1924 3077
77 155 126 189 901

354 155 495 186 ORATIO
508 155 594 188 XIII.
610 170 645 176 —
657 159 849 191 LAUDATIO
868 162 1063 193 FUNEBRIS
1076 163 1118 193 IN
1137 163 1299 194 MATREM
1315 163 1429 194 SUAM.

1654 165 1709 196 902

75 214 191 248 πρᾶγμα
203 212 251 238 καὶ
263 211 359 248 ὃνομα,
375 215 407 240 τὸ
433 216 551 250 ποοητόν
580 225 626 250 μοι
652 217 699 243 καὶ
723 217 856 252 ἐράσμιον

919 226 1020 252 nomen,
1030 219 1219 248 desiderabilis
1231 219 1414 254 amabilisque
1429 223 1605 254 conspectus,
1619 226 1709 248 mater

74 258 206 294 θεώρημα
218 277 226 291 ,
243 258 260 292 ἡ
275 259 471 294 μητρότεκνος,
488 260 589 295 μᾶλλον
605 260 634 287 δὲ
655 261 791 293 διτοτόκος
810 270 862 296 μου

73 304 216 340 διμήτηρ),
233 303 284 330 ποῦ
298 312 365 331 ποτε
387 305 461 340 ἡμᾶς
489 305 689 338 ἀπολέλοιπαςς
718 306 770 333 ποῦ
797 314 864 333 ποτε

75 351 311 385 μετακεχὼρηκας
325 359 333 383 ;
352 350 391 385 πῆ
405 351 433 377 δὲ
449 351 640 387 μεθωρίσθης;
663 351 702 386 πῆ
727 351 755 378 δὲ
767 351 816 379 καὶ
834 353 864 379 ὲν

74 396 162 427 ποίοις
177 397 270 427 τόποις
284 396 411 432 ἑναυλίζῃ
424 405 432 428 ;
449 397 479 423 ὲν
495 396 587 429 ποίαις
599 397 728 424 ὲπαύλεσι
757 406 864 433 συγχω‹

75 442 200 476 ριάζεις;
214 442 349 477 όπηλίκας
366 442 562 475 κατοπτεύειςς
583 443 634 470 Τὸν
662 443 718 478 γὰρ
745 443 864 479 ἄρχοντα

74 487 122 514 τοῦ
137 487 219 522 ἀέρος
235 487 330 514 τούτου
340 487 370 514 εὖ
381 485 439 515 οἴδα
447 489 479 515 ὲκ
487 489 542 515 τῶν
552 489 662 523 ἀγαθῶν
676 497 722 515 σου
738 489 864 524 πράξεων

76 534 311 569 ὑπερνικήσασαν,
329 535 418 560 ἐκεῖσε
435 532 505 561 εἶναι
520 534 584 561 ἔνθα
598 534 704 569 ἀπέδρα
715 534 793 570 ὀδύνη
817 535 864 561 λύ-

76 587 114 614 τιη
131 580 179 606 καὶ
195 580 347 614 στεναγμὸς
360 602 368 613 ,
399 579 466 606 ἔνθα
477 580 533 607 τῶν
553 580 641 614 ἁγίων
663 581 772 608 πάντων
789 581 865 608 ἐστὶν

76 624 299 659 εὐφραινομένων
320 626 336 661 ἡ
361 626 511 658 κατοικία,
528 626 592 653 ἔνθα
621 625 689 662 ἦχος
712 627 760 653 καὶ
785 627 866 662 χορὸς

75 670 259 705 ἑορταζόντων
275 672 323 697 καὶ
338 671 551 706 ἀγαλλιωμένων
564 692 573 704 ,
589 671 652 699 ἔνθα
663 673 711 700 καὶ
727 673 753 699 οι
779 673 866 700 κοινοὶ

76 716 156 750 ἡμῶν
168 716 278 750 ἀδελφοὶ
295 716 343 748 οὓς
373 717 420 743 καὶ
434 717 575 753 ὲπόθησας
599 718 647 745 καὶ
674 721 865 753 συγκοινωνεῖν

77 761 138 796 ἥρω
150 770 158 777 ·
177 761 239 797 ἄρτι
260 762 313 797 γὰρ
325 762 361 789 τὰ
388 763 522 797 ἰδιώματα
543 764 593 799 τῆς
611 764 713 799 σαρκὸς
742 763 866 799 παρόντα

77 806 211 842 διαφορὰν
229 807 368 834 ποιοῦνται
380 808 430 843 τῆς
451 808 640 844 συμϐιώσεως.
658 810 704 844 Μὴ
715 809 748 845 δὴ
770 810 866 837 ἐπιλά-

78 852 112 888 θῃ
122 852 202 888 ἡμῶν
208 852 264 879 τῶν
275 852 328 879 σῶν
344 853 492 888 ἐλαχίστων
504 854 608 881 τέκνων
617 863 624 871 ·
639 855 688 890 μὴ,
700 855 863 891 παρακαλῶ·

917 263 999 291 simul
1019 268 1046 291 et
1073 264 1139 295 ﬁlia,
1165 271 1227 298 qum
1253 263 1296 291 bis
1312 271 1355 291 me
1369 263 1508 298 peperisti,
1523 264 1565 291 bis
1580 265 1707 299 genitrix.

917 308 1029 335 ubinam
1047 316 1097 336 nos
1117 309 1250 343 reliquisti
1264 308 1276 335 ἲ
1289 316 1408 343 quonam
1430 312 1459 336 tu
1483 309 1710 344 migrasti?quns

918 353 945 380 in
980 354 1047 382 lines
1078 354 1209 382 translata
1224 355 1273 382 es?
1287 362 1381 389 quaeve
1394 354 1452 382 loca
1485 363 1558 382 nunc
1586 356 1709 384 habitas?

918 399 1017 434 quibus
1034 399 1060 425 in
1081 400 1194 427 sedibus
1212 399 1487 434 diversaris‘iquales
1514 408 1588 428 nunc
1615 406 1709 427 contu-

918 444 1044 472 bernales
1058 449 1166 479 spectas
1180 446 1192 472 ?
1205 445 1272 472 Nam
1284 445 1434 479 principem
1451 445 1559 479 quidem
1572 446 1644 473 aeris
1660 446 1712 473 hu—

916 490 962 525 jus
977 495 1052 517 certo
1068 490 1125 518 scio
1141 494 1168 518 te
1183 491 1262 518 bonis
1281 491 1336 518 tuis
1348 491 1480 525 operibus
1494 491 1638 524 devicisse,
1655 492 1708 518 ibi-

918 543 972 570 que
986 539 1012 562 te
1026 542 1086 563 esse
1113 535 1183 562 unde
1207 535 1285 563 dolor
1305 540 1332 562 et
1349 543 1450 563 mmror
1465 540 1492 562 et
1506 536 1597 563 luctus
1624 543 1706 563 exsu-

919 580 996 607 lant:
1016 579 1060 607 ubi
1076 585 1231 608 sanctorum
1259 580 1382 607 omnium
1411 581 1547 608 incolatus
1562 586 1603 608 est
1617 581 1710 608 beato-

919 633 980 653 rum
996 635 1002 653 :
1017 626 1064 653 ubi
1081 627 1212 662 strepitus
1240 625 1398 661 chorusque
1415 626 1655 654 solemnizantium
1674 631 1712 654 at-

919 679 973 706 que
998 672 1146 700 laetantium
1162 677 1204 700 est
1219 681 1226 699 :
1241 672 1286 699 ubi
1313 672 1398 699 nostri
1428 680 1586 700 communes
1602 672 1709 705 fratres,

919 723 990 750 quos
998 721 1025 743 et
1040 717 1136 744 amasti
1148 721 1175 743 et
1187 721 1329 744 consortes
1347 717 1448 744 habere
1458 717 1605 751 exoptasli.
1633 717 1711 744 Nunc

919 762 992 790 enim
1013 766 1160 796 praesentes
1184 762 1274 790 adlmc
1288 763 1380 790 carnis
1398 763 1579 797 proprietates
1612 763 1712 791 discri-

920 816 982 836 men
996 809 1138 836 convictus
1152 809 1282 835 cﬂiciunt.
1299 807 1392 843 Neque
1406 808 1458 836 mei
1484 809 1654 837 obliviscaris
1680 810 1712 836 li-

920 853 1017 880 liorum
1030 858 1138 880 tuorum
1151 853 1256 881 minimi
1269 863 1276 881 :
1290 861 1333 885 ne,
1353 854 1473 888 inquam,
1488 861 1537 882 oro
1552 862 1709 889 quaesoque,

79 898 129 934 μὴ,
140 899 283 931 ἁντιὸολῶ,
300 899 337 934 μὴ
349 899 466 936 ἐπιλήσῃ
480 900 527 927 τοῦ
545 901 671 936 ποιμνίου
688 910 734 928 σου
751 901 798 928 τοῦ
823 910 865 937 μι-

919 899 1009 934 pusilli
1025 899 1113 933 gregis
1128 899 1168 926 tui
1183 907 1278 926 curam
1291 899 1402 926 omittas
1417 906 1504 934 neque
1520 900 1621 934 magni.
1653 898 1705 926 Sed

77 944 147 981 κροῦ
161 954 191 972 τε
207 946 254 972 καὶ
267 945 314 971 τοῦ
329 945 448 980 μεγάλου
459 954 466 962 ·
495 946 562 973 ἀλλὰ
588 947 745 982 παρῤησίας
768 947 866 983 τυχοῦ-

77 999 124 1023 σα,
148 991 305 1018 πιστεύωδ⁷
329 991 370 1018 ὅτι
397 991 445 1019 καὶ
469 992 685 1028 ὲπιτετύχηκας,
721 993 800 1028 στῆθι
819 993 868 1020 καὶ

79 1036 152 1063 Ξλεοῦ
167 1037 215 1063 καὶ
238 1036 381 1069 ὲξιλάσκου
416 1037 568 1072 προσεύχου
584 1038 632 1064 καὶ
646 1038 799 1074 ὑπερεύχω)
821 1039 868 1066 καὶ

79 1082 181 1117 μᾶλλον
195 1081 259 1117 ἄρτι
271 1082 483 1117 ἐκτενεστέρωςι,
499 1083 715 1117 παιδαγωγοῦσα
731 1084 778 1110 καὶ
804 1093 869 1119 στη-

79 1128 195 1162 ριζουσα
209 1127 256 1153 καὶ
269 1125 427 1161 φρουροῠσά
446 1135 479 1162 με
496 1127 541 1154 τὸν
556 1127 672 1154 δείλαιον
695 1129 748 1154 ἀπὸ
783 1128 866 1163 φόϐου

77 1171 281 1207 ἀμαρτητικοῦ,
302 1172 356 1199 ἀπὸ
371 1171 466 1207 βέλους
478 1173 632 1208 πετομένου
658 1173 785 1208 ἀνομίας,
813 1173 868 1200 ἀπὸ

77 1218 170 1252 πάσης
188 1217 273 1252 ἄλλης
287 1217 420 1253 ἐπηρείας
434 1218 596 1253 δαιμονικῆς
605 1227 612 1234 ·
627 1219 809 1255 ποιμαίνουσα
821 1219 869 1246 καὶ

78 1264 329 1298 συμποιμαίνουσα,
340 1263 475 1291 νύσσουσα
485 1264 533 1290 καὶ
545 1266 868 1300 προσυπομιμνήσκουσα

76 1308 122 1336 διὰ
136 1309 254 1345 ψυχικῆς
269 1309 416 1341 ἐντεύξεως
426 1318 433 1325 ·
448 1310 668 1346 ἑπισκεπτομὲνη
685 1319 715 1337 τε
729 1311 776 1338 καὶ
786 1311 868 1337 ἐπαν-

76 1355 231 1390 ορθουμένη
262 1355 405 1389 ἑκάστοτε,
418 1355 466 1383 καὶ
481 1355 607 1392 θεωμένη
623 1356 683 1388 πῶς
704 1356 866 1391 ἀνίσταμαι,

78 1401 139 1432 πῶς
151 1401 297 1436 κεκίνημαι
310 1401 383 1437 ψυχῇ
405 1410 436 1428 τε
460 1402 507 1428 καὶ
529 1401 648 1437 σώματι,
678 1402 722 1429 ἵνα
748 1402 869 1437 παντοίῳ

78 1445 152 1480 λόγῳ
163 1445 267 1481 ῥυθμοῦ
272 1454 351 1480 μενος
368 1447 415 1473 καὶ
426 1446 672 1481 καταρτιζόμενος,
687 1446 758 1472 κατὰ
769 1447 869 1472 σκοπόν

79 1500 109 1518 τε
125 1491 227 1526 βαίνων
241 1491 292 1526 τῆς
306 1491 446 1527 ἀληθείας,
463 1491 558 1526 φθάσω
581 1492 742 1526 εὐαρεστεῖν
758 1491 818 1526 Θεῷ
828 1491 871 1519 διὰ

79 1539 129 1572 τῆς
145 1536 251 1571 ἀγαθῆς
260 1537 435 1572 ἀφηγήσεως,
453 1536 500 1563 καὶ
510 1536 584 1572 τύχω
600 1536 668 1572 μετὰ
677 1536 723 1563 τὸν
734 1536 797 1571 τῇδε
816 1536 872 1572 βίον

921 945 1094 972 securitatem
1126 945 1233 979 adepta,
1249 945 1331 971 credo
1363 944 1436 972 enim
1463 948 1489 972 te
1516 944 1561 972 illa
1582 945 1708 980 politam,

918 990 1022 1021 adesto,
1046 989 1165 1024 indulge.
1196 989 1355 1024 propitiare.
1387 988 1442 1017 Ora
1466 993 1493 1017 et
1519 996 1603 1017 exora
1637 997 1709 1016 nunc

919 1037 1035 1062 maxime
1049 1035 1170 1068 enixius;
1183 1034 1280 1070 dirige,
1296 1036 1384 1068 lirma,
1401 1035 1508 1063 custodi
1524 1042 1568 1063 me
1579 1035 1709 1062 miserum

918 1089 933 1108 a
953 1081 1081 1116 peccandi
1106 1081 1238 1116 periculo.
1253 1089 1268 1109 a
1284 1081 1337 1109 telo
1361 1082 1468 1109 volante
1498 1081 1661 1117 iniquitatis,
1675 1082 1710 1108 ab

919 1127 992 1153 omni
1010 1126 1115 1161 reliquo
1142 1126 1243 1154 diaboli
1268 1131 1442 1157 nocumento.
1458 1126 1544 1154 Pasce
1561 1134 1616 1160 me,
1630 1133 1708 1154 com-

919 1179 1011 1206 pasce,
1034 1179 1280 1206 urge,commone,
1308 1172 1425 1207 spiritali
1451 1172 1594 1207 praesentia
1620 1172 1708 1202 visita.

919 1216 1026 1251 corrige
1049 1216 1076 1243 in
1092 1216 1219 1250 singulis,
1235 1220 1317 1250 atque
1343 1216 1457 1244 observa
1483 1216 1620 1251 quomodo
1648 1224 1709 1244 sur-

920 1269 992 1296 gam,
1006 1262 1145 1296 quomodo
1157 1261 1265 1294 cubem,
1281 1262 1420 1296 quomodo
1436 1269 1552 1296 corpore
1564 1262 1711 1296 animoque

920 1313 1093 1334 commovear
1108 1315 1114 1332 ε
1129 1310 1159 1333 ut
1181 1306 1348 1334 omnimodis
1373 1307 1494 1335 directus
1521 1311 1548 1334 et
1562 1306 1709 1342 perfectus.

920 1360 953 1380 ex
967 1359 1064 1379 norma
1081 1351 1202 1379 veritalis
1218 1351 1356 1384 incedens,
1377 1351 1432 1379 Deo
1443 1352 1549 1386 placere
1567 1353 1639 1380 bono
1651 1353 1712 1379 vitre

921 1398 1030 1425 tramite
1041 1405 1137 1432 queam
1152 1405 1160 1430 ;
1175 1401 1270 1432 etpost
1279 1398 1348 1425 hanc
1359 1398 1440 1424 vitam
1455 1398 1595 1432 impetrem
1609 1403 1637 1425 ut
1649 1406 1710 1425 cum

922 1443 1035 1471 asseclis
1060 1443 1129 1470 meis
1155 1443 1207 1471 sub
1233 1448 1279 1470 tuo
1304 1444 1456 1478 patrocinio
1480 1443 1542 1471 ﬁam
1559 1465 1566 1477 ,
1581 1448 1607 1471 et
1639 1444 1712 1472 [ilius

922 1490 1054 1516 minimus
1069 1493 1157 1516 tecum
1170 1489 1270 1516 sortiar
1288 1489 1315 1516 in
1331 1489 1442 1516 dextera
1466 1489 1568 1517 Christi
1587 1489 1633 1517 Dei
1652 1498 1713 1517 nos-

924 1535 958 1562 tri
969 1535 1129 1563 consistere.
1146 1535 1209 1562 Haec
1235 1542 1289 1568 me,
1309 1541 1327 1561 ο
1349 1534 1408 1567 lilii,
1421 1535 1511 1569 eloqui
1526 1536 1626 1563 veritas
1649 1543 1712 1563 coe—

80 1582 130 1608 σὺν
142 1583 198 1613 τοῖς
215 1581 358 1617 ἑπομένοις
371 1591 416 1617 μοι
430 1582 482 1609 ὑπὸ
495 1582 544 1617 τὴν
557 1582 660 1617 σκέπην
672 1591 719 1609 σου
732 1580 812 1615 εἶναι,
828 1582 865 1609 καὶ

928 1582 976 1617 git,
996 1581 1129 1609 vobismet
1139 1581 1243 1608 scilicet
1263 1581 1326 1608 talia
1350 1580 1451 1608 cursim
1469 1589 1597 1616 perorare
1615 1590 1657 1609 me
1668 1581 1714 1617 ju-

81 1629 288 1663 συμμετασχεῖν
302 1636 349 1654 σου
367 1627 405 1659 ὡς
421 1628 516 1654 τέκνον
533 1628 677 1663 ἐλάχιστον
705 1628 755 1663 τῆς
779 1629 811 1655 ἐκ
831 1629 874 1655 δε-

928 1623 1066 1655 ὺεηιίιωεξ

82 1673 146 1707 ξιῶν
161 1674 281 1709 Χριστοῦ
302 1674 349 1701 τοῦ
379 1674 447 1701 Θεοῦ
483 1674 561 1710 ἡμῶν
595 1675 804 1710 παραστάσεως.
832 1674 925 1703 Ταῦτά
945 1684 990 1710 με,
1024 1675 1119 1708 τέκνα,
1153 1675 1309 1710 ἠνάγκασεν
1333 1675 1349 1709 ἡ
1374 1673 1487 1709 ἀλήθεια
1513 1674 1711 1710 διηγήσαστοαι

83 1722 131 1747 καὶ
156 1721 232 1756 ὑμῖν,
253 1720 328 1757 παρὰ
352 1720 447 1757 ρεῦσιν
469 1722 503 1748 τὰ
526 1721 637 1749 τοιαῦτα
654 1721 819 1749 κελεύουσιν.
