1924 3077
101 166 154 199 905

718 168 988 199 EPISTOLARUM
1000 169 1074 200 LIB.
1094 170 1107 199 Ι
1113 194 1118 199 .

1682 170 1737 203 906

97 226 141 251 θα·
161 223 258 256 κλίνας
278 231 308 249 τε
324 223 366 255 είς
382 223 557 258 συμπάθειαν
575 223 627 255 τὰς
643 223 758 259 καρδίας
776 224 832 251 τῶν
846 224 888 251 δν-

945 224 1090 258 perdnxit,
1119 223 1152 251 ad
1179 230 1308 252 mrumnaa
1331 227 1434 252 nostra:
1463 224 1734 254 commiserationctn

95 279 151 297 των
168 269 276 305 ἀνδρῶν
290 268 342 304 τῆς
355 268 546 304 ταλαιπωρίας
557 269 648 304 ἡμῶν,
660 269 708 296 καὶ
724 268 843 304 μάλιστά
857 277 889 303 γε

95 316 143 343 τοῦ
170 313 402 350 ἀρχιεπισκόπου.
419 313 478 340 Μία
497 313 527 340 δὲ
543 313 638 340 λοιπὸν
665 313 786 349 μέριμνά
814 314 890 340 ἐστιν

94 363 163 397 ἡμῖν
178 361 226 387 καὶ
245 360 433 391 ἀδιάσπαστος
450 359 603 394 ἀδολεσχία,
621 359 691 394 μετά
705 358 826 395 δεήσεως
842 360 889 386 ὲκ-

94 407 192 439 τενοῦς
216 406 265 433 καὶ
284 405 418 438 ἀναξίας,
446 406 479 432 τὸ
502 405 534 431 σὲ
563 404 774 440 κραταιοῦσθαι,
797 406 889 441 Πάτερ

95 453 176 488 ἡμῶν
194 451 381 487 πολυπόθητε,
406 451 454 478 καὶ
479 451 572 486 μένειν
592 451 622 478 ἐν
643 452 701 483 τοῖς
717 451 890 487 δεδογμένοις

94 499 146 534 τῆς
161 498 233 532 ὑπὲρ
250 497 382 533 ἀληθείας
393 496 463 523 Θεοῦ
479 497 626 532 ἧμολογίας
640 497 738 532 ἀκλινῆ
760 498 808 524 καὶ
828 497 890 524 ἀκίυ

93 552 192 579 νητον,
218 543 248 570 ὲν
270 543 368 578 μηδενὶ
390 542 581 579 πτυρόμενον,
605 543 622 578 ἢ
647 542 813 578 διψυχοῦντα
830 543 890 574 ταῖς

93 590 150 617 τῶν
168 589 378 625 προϐαλλόντων
389 589 451 615 κατ’
467 588 622 624 ἐκστροφὴν
631 588 686 616 τῶν
699 588 890 624 οἰκοδομηθέν-

95 645 151 663 των
178 644 221 662 σοι
239 635 331 671 χάριτι
352 635 421 662 Θεοῦ
439 635 512 671 ὑπὲρ
527 635 670 667 εὐσεϐείας
689 635 890 670 ἀγωνισμάτων

95 681 300 716 ἔγχειρήσεσιν.
323 680 470 716 Ἐξὴχηται
487 681 541 715 γὰρ
555 680 657 715 ὀλόγος
669 681 822 716 πανταχοῦ,
840 682 890 710 καὶ

93 727 276 762 δεδυσώπηκε
294 727 388 761 σχεδὸν
406 727 497 754 πᾶσαν
513 726 615 762 ψυχὴν,
631 726 678 753 καὶ
695 727 792 762 ἤγειρε
805 727 890 763 κέρας

94 773 235 807 σωτηρίας
263 773 293 798 ὲν
323 773 381 804 rei;
405 773 593 808 Χριπιανοῖς,
619 772 668 799 καὶ
691 773 803 808 ἀφεῖλεν
818 774 890 801 ovet-

94 819 142 851 δος
156 820 188 845 ἐκ
203 818 259 845 τῶν
276 819 429 854 μοναστῶν.
455 819 511 846 Καὶ
525 817 573 846 οἷδ’
586 819 628 846 ὃτι
648 820 762 855 φήσειεν
774 820 890 852 ἕκαστος

95 863 126 891 εὖ
149 864 268 900 φρονῶν,
284 865 326 891 ὃτι
341 863 375 899 ζῇ
390 863 508 900 Χριστὸς
523 864 553 891 ὲν
572 864 650 899 ἡμῖν,
671 865 720 892 καὶ
737 864 888 900 βασιλεύει,

94 911 145 937 καὶ
162 910 354 945 πειθαρχεῖται
369 910 471 945 μᾶλλον
485 910 555 946 ὑπὲρ
570 910 733 945 ἀνθρώπους
745 911 794 943 οὓς
804 911 890 938 ἐπλα-

95 964 155 987 σεν,
174 956 222 991 οὐχ
247 956 291 982 ἵνα
313 955 479 991 ἀπειθῆται,
506 955 655 992 δοξάζηται
673 956 703 983 δὲ
724 955 770 983 ὑπ’
787 957 889 984 αὐτῶν.

95 1002 191 1028 Πάντα
207 1000 254 1029 οὖν
268 1001 424 1036 γινώσκεις,
443 999 518 1034 οἶδας
538 1002 574 1029 τὰ
593 1002 700 1034 δέοντα,
715 1002 745 1029 οὺ
760 1002 810 1037 τῆς
822 1003 890 1037 ἠμε-

93 1047 180 1082 τὲρας
198 1047 379 1083 ὑπομνήσεως
394 1048 460 1084 δέῃ·
483 1048 555 1082 πλὴν
576 1048 782 1083 προεκέλευσας
802 1048 890 1081 οὕτως

93 1093 171 1127 ἡμᾶς
188 1093 314 1128 γράφειν.
338 1094 385 1121 Διὸ
401 1093 434 1130 δὴ
459 1094 497 1130 μὴ
512 1094 646 1130 φοϐηθῇς,
663 1094 766 1129 Πάτερ,
782 1094 889 1130 ἀνθρω-

94 1146 159 1170 nov,
179 1138 196 1172 ἢ
216 1137 369 1174 ἀνθρώπιον
383 1139 533 1174 ὲκθλίψεις.
550 1139 698 1176 Γνωρίζεις
713 1140 755 1168 ὃτι
771 1141 796 1167 οἱ
816 1140 890 1174 ἅγιοι

93 1183 164 1219 ὖναρ
178 1184 225 1210 καὶ
238 1184 318 1211 σκιὰν
330 1185 419 1212 ταῦτα
434 1185 621 1220 λογισάμενοι,
635 1186 889 1222 ὲθαυμαστώθησαν

91 1230 123 1255 ἐν
143 1230 253 1266 οὐρανῷ
274 1231 323 1258 καὶ
342 1231 390 1258 ἐπὶ
412 1232 475 1267 γῆς.
493 1232 612 1267 Μικρὸν,
633 1232 742 1268 δέομαι,
761 1233 889 1269 πονήσω-

93 1285 157 1310 μεν·
178 1276 219 1303 ἔτι
238 1277 337 1314 μικρὸν
362 1278 573 1314 ὑπομείνωμεν·
592 1279 640 1306 καὶ
656 1279 772 1315 ἧνυσται
793 1279 861 1315 ἡμῖν
874 1279 889 1305 ὁ

90 1321 195 1356 δρόμος
209 1324 223 1349 ὁ
237 1323 330 1355 καλός.
346 1324 403 1350 Καὶ
415 1325 429 1351 ό
454 1324 589 1359 στέφανος
614 1325 782 1358 πέπλεκται,
802 1325 851 1352 καὶ
873 1325 889 1351 ό

93 1369 192 1404 μισθὸς
206 1370 385 1405 ἐτοιμάζεται
401 1370 523 1403 αίώνιος,
538 1371 587 1398 καὶ
603 1371 681 1406 φίλος
695 1371 821 1408 κληθήσῃ
839 1371 888 1398 τοῦ

91 1416 259 1452 ἐπουρανίου
274 1416 418 1450 βασιλέως,
433 1417 482 1444 καὶ
498 1417 553 1444 τῶν
567 1417 655 1452 ἁγίων
677 1418 822 1450 κοινωνὸς,
840 1416 887 1443 καὶ

91 1462 266 1498 όμολογητὴς
295 1463 372 1498 παρά
391 1463 559 1499 ἀνθρώποις.
581 1464 646 1496 Ναὶ,
666 1465 710 1491 ναὶ
726 1464 821 1500 δέομαι
841 1466 887 1493 καὶ

90 1509 228 1535 ἀντιϐολῶ
254 1508 290 1536 τὰ
309 1510 434 1544 πατρικά
454 1518 506 1544 μου
527 1509 687 1545 σπλάγχνα·
713 1511 794 1545 γενοῦ
821 1512 888 1547 ἡμίν

90 1554 236 1590 ὀχύρωμα,
255 1555 390 1591 ὑπομονὴ,
403 1555 551 1591 καρτερία.
573 1557 637 1583 Ἐὰν
647 1557 703 1592 γὰρ
718 1557 762 1590 σὺ,
782 1557 885 1594 Πάτερ,
901 1566 923 1595 c

91 1601 220 1636 στήκῃς,
235 1601 317 1636 ἡμεῖς
336 1602 372 1629 τὰ
394 1602 493 1638 ἀχρεῖά
513 1611 562 1629 σου
588 1603 674 1630 τέκνα
690 1603 886 1640 εὐτονούμεθα,

92 1646 185 1672 πάντα
201 1646 313 1681 οἴσομεν
338 1646 473 1681 γενναίως
498 1647 533 1675 τὰ
558 1647 755 1683 συμϐαίνοντα,
771 1649 888 1684 δυνάμει

90 1689 161 1717 Θεοῦ
179 1691 228 1717 καὶ
242 1691 337 1726 εὐχαῖς
353 1700 412 1718 σου.
431 1692 480 1718 Ἐκ
496 1692 551 1727 γὰρ
563 1692 631 1719 Θεοῦ
647 1693 664 1727 ἡ
676 1693 887 1729 παραχώρησις,

91 1734 180 1766 οὕτως
193 1735 370 1768 εὐδοκοῦντος
388 1736 499 1768 πάντως
524 1737 560 1763 τά
585 1737 720 1772 ἡμέτερα,
741 1739 788 1766 καὶ
803 1739 888 1766 αὑτοῦ

91 1780 210 1812 διδόντος
227 1780 355 1815 δύναμιν.
377 1781 434 1812 Τὰς
453 1780 628 1819 τεχνολογίας
654 1782 710 1809 τῶν
733 1783 889 1811 ὑποκλίνειν

92 1834 125 1852 σε
139 1826 191 1861 τῆς
206 1826 336 1862 ἀληθείας
352 1828 533 1863 πειρωμένων
559 1828 598 1864 μὴ
618 1828 651 1864 δὴ
676 1829 772 1862 πτοοῦ,
794 1826 889 1857 ὦπά-

90 1880 152 1906 τερ.
169 1872 287 1904 ’Δπλοῦς
307 1873 323 1900 ὁ
341 1873 431 1908 λόγος.
446 1874 516 1909 Φησὶ
535 1874 591 1910 γάρ
609 1883 662 1901 που
681 1876 696 1901 ό
716 1875 794 1910 ἅγιος
815 1876 889 1903 Ἐπι-

91 1917 191 1950 φάνιος
205 1918 234 1944 ὲν
251 1917 289 1952 τῷ
305 1918 369 1952 περὶ
391 1918 439 1946 τοῦ
455 1919 553 1954 Πάσχα
571 1920 655 1947 αὑτοῦ
675 1920 758 1956 λόγῳ·
774 1919 838 1953 υἷος
853 1922 888 1949 ἂν

89 1960 108 1999 ᾗ
132 1963 288 1998 ἄνθρωπος,
302 1964 380 2000 παρά
401 1964 438 1992 τὰ
461 1965 492 1991 ὲν
514 1966 548 2001 τῇ
573 1965 635 2002 θείᾳ
658 1966 754 2002 Γραφῇ
770 1967 887 2003 κείμενα

91 2008 301 2044 συμϐουλεύων,
336 2008 392 2037 ἀπὸ
416 2010 532 2045 καρδίας
550 2010 637 2043 λαλεῖ,
659 2011 707 2038 καὶ
729 2012 888 2048 ἐντάλματα

88 2052 247 2088 ἀνθρώπων
265 2053 414 2089 διηγεῖται⁶
429 2054 479 2081 καὶ
498 2055 562 2090 περὶ
582 2055 638 2082 τῶν
652 2056 782 2084 τοιούτων
795 2057 887 2093 φέρων

87 2097 126 2123 τὰ
143 2096 191 2123 τοῦ
213 2097 378 2125 Ἀποστόλου
393 2099 484 2133 λέγει,
500 2100 542 2127 ὅτι
556 2100 619 2128 Κᾶν
634 2099 763 2135 ἄγγελος
777 2102 812 2135 ἐξ
831 2103 884 2130 οὐ-

83 2142 187 2177 ρανοῦ
203 2143 299 2177 ἐστιν,
317 2143 452 2179 ἀνάθεμα
470 2144 561 2178 αὐτῷ.
585 2145 641 2173 Ποῦ
657 2146 686 2174 δὲ
702 2147 827 2183 φήσομεν
841 2149 884 2182 τὸ,

89 2189 125 2214 οι
148 2187 240 2222 ἱερεῖς
251 2197 312 2223 μου
324 2189 455 2224 ἠθέτουν
467 2191 563 2225 νόμον
569 2200 641 2226 μου,
655 2192 705 2219 καὶ
719 2192 886 2228 ὲόεϐήλουν

943 270 1096 297 incolarum
1111 269 1193 297 corda
1216 269 1369 303 inflectens,
1386 269 1434 298 sed
1456 270 1630 305 potissimum
1646 273 1736 300 archi-

942 314 1074 349 episcopi.
1103 314 1219 350 Bcliqua
1239 322 1305 343 vero
1332 322 1387 342 una
1414 320 1457 343 est
1485 324 1551 344 cura
1572 322 1681 351 nostra,
1710 323 1737 346 ct

942 359 1056 388 assidua
1071 360 1224 392 meditatio,
1239 368 1303 388 cum
1324 360 1439 395 prolixis
1451 361 1579 396 precibus
1593 367 1621 389 et
1638 362 1736 391 immo-

941 405 1013 438 ritis,
1029 411 1059 433 ut
1080 407 1138 441 ipse
1152 406 1352 439 corroboreris,
1367 406 1450 434 Pater
1473 407 1747 439 desiderabilissimc,

940 454 968 478 et
993 451 1020 478 in
1045 451 1169 479 instituta
1191 459 1242 486 pro
1261 451 1377 479 veritate
1400 451 1448 479 Dei
1471 452 1646 480 confessione
1664 454 1735 482 ﬁxus

943 502 1027 532 atque
1050 497 1200 525 immobilis
1212 505 1337 531 maneas;
1351 497 1419 525 nihil
1435 498 1589 533 trepidans,
1607 504 1654 527 aut
1676 501 1737 528 ani-

941 550 1015 570 mum
1031 544 1200 571 conturbans
1223 544 1256 571 ad
1275 552 1372 572 eorum
1390 543 1519 578 insultus,
1539 545 1586 580 qui
1606 545 1736 573 certami-

941 598 1007 617 num
1029 591 1145 626 gloriam
1172 599 1234 626 quae
1257 599 1307 627 pro
1325 592 1427 627 pietate
1443 600 1507 620 cum
1532 592 1623 621 divina
1646 593 1734 629 gratia

940 635 1054 668 obiisti,
1085 641 1209 664 evertere
1229 641 1376 664 conantur.
1405 637 1508 672 Sparsa
1535 637 1608 665 enim
1632 638 1735 673 ubique

941 679 1014 707 fama
1031 685 1084 714 est,
1102 688 1254 717 omnesque
1269 681 1468 717 propemodum
1484 682 1610 710 homines
1623 687 1735 718 stupore

941 727 1098 762 complevit,
1119 731 1146 755 et
1166 735 1251 755 cornu
1274 728 1373 756 salutis
1396 728 1485 756 erexit
1510 728 1539 756 in
1555 729 1733 763 Christianis,

942 772 1083 800 infamiam
1102 772 1232 801 auferens
1251 781 1284 801 ex
1301 773 1398 802 ordine
1418 774 1629 802 monachorum.
1645 774 1734 810 Atque

942 817 1005 850 hoc,
1033 819 1112 852 scio,
1139 819 1270 846 fatebitur
1292 819 1485 855 unusquisque
1513 827 1626 855 compos
1653 824 1734 848 rectm

941 863 1053 897 mentis,
1069 864 1162 892 vivere
1178 864 1318 892 Christum
1340 864 1368 892 in
1386 865 1476 898 nobis,
1493 869 1521 893 et
1545 873 1670 900 regnare,
1693 867 1733 893 ei-
1772 900 1773 903 η

942 916 994 943 que
1009 909 1123 937 obedire
1136 917 1186 937 nos
1204 909 1293 945 magis
1304 917 1386 945 quam
1400 910 1560 938 hominibus
1575 918 1645 946 quos
1656 919 1734 939 crea-

939 955 997 987 vit;
1016 961 1070 981 non
1085 959 1116 981 ut
1138 959 1343 988 contemnatur,
1364 955 1412 983 sed
1430 955 1600 990 gloriﬁcetur
1621 956 1657 983 ab
1678 957 1731 984 eis.

939 999 1038 1028 Omnia
1060 1008 1126 1036 ergo
1151 1001 1200 1028 tibi
1225 1005 1370 1036 perspecta
1395 1006 1479 1029 sunt:
1493 1001 1548 1029 scis
1570 1001 1638 1036 quid
1660 1001 1732 1029 facto

939 1054 1026 1081 opus;
1053 1047 1269 1074 comtnonitione
1291 1051 1389 1075 nostra
1414 1054 1468 1074 non
1486 1054 1551 1082 eges
1568 1055 1576 1073 :
1591 1052 1733 1074 verumta-

940 1097 1003 1117 men
1025 1090 1083 1118 htec
1105 1090 1143 1118 ita
1161 1098 1213 1119 nos
1236 1091 1359 1119 scribere
1377 1091 1542 1127 pracepisti.
1559 1091 1650 1125 Quare
1675 1092 1732 1119 noli

940 1135 1081 1164 hominem
1103 1136 1214 1170 timere,
1230 1136 1322 1170 Pater,
1338 1141 1387 1164 aut
1403 1137 1546 1165 hominum
1561 1137 1731 1164 vexationes.

939 1180 1016 1209 Nosti
1030 1187 1144 1210 sanctos
1157 1190 1221 1210 cttm
1238 1183 1366 1210 umbram
1387 1187 1415 1210 et
1425 1182 1561 1210 somnium
1578 1182 1637 1209 haec
1647 1181 1731 1209 duce-

941 1231 1012 1261 rent,
1031 1228 1210 1256 admirabiles
1225 1228 1297 1257 caalo
1317 1229 1456 1264 terrisque
1473 1227 1624 1256 exstitisse.
1646 1227 1732 1255 Modi-

939 1280 1012 1306 cum,
1029 1280 1136 1308 quaeso,
1152 1274 1310 1301 laboremus
1323 1283 1331 1301 ι
1344 1273 1482 1301 modicum
1493 1273 1585 1301 adhuc
1595 1272 1733 1301 sustinea-

943 1327 1015 1353 mus,
1038 1324 1066 1347 et
1088 1313 1229 1355 egregium
1251 1327 1362 1347 cursum
1385 1319 1649 1347 consummabimus.
1670 1317 1732 1345 Jam

939 1371 1042 1391 comna
1073 1364 1201 1396 texitur,
1227 1371 1333 1391 merces
1359 1367 1462 1391 aeterna
1489 1367 1675 1398 praeparatur,
1705 1367 1733 1390 et

939 1408 1060 1436 ccelestis
1085 1409 1158 1444 regis
1192 1408 1299 1436 amicus
1329 1412 1550 1443 sanctorumque
1595 1407 1732 1442 particeps

940 1454 1086 1488 vocabere,
1102 1459 1130 1483 et
1143 1455 1216 1490 apud
1237 1454 1367 1483 homines
1383 1454 1538 1482 confessor.
1551 1453 1608 1488 Sic,
1623 1454 1664 1482 sic
1681 1461 1732 1481 oro

939 1505 1022 1535 atque
1049 1500 1171 1529 obmtor
1197 1500 1288 1528 Patris
1315 1501 1369 1528 mei
1398 1501 1506 1528 viscera
1530 1509 1538 1528 :
1562 1505 1623 1528 esto
1651 1499 1732 1528 nobis

940 1545 1083 1580 fortitudo,
1106 1546 1247 1581 patientia,
1271 1545 1436 1574 constantia.
1462 1544 1504 1572 Tu
1527 1545 1620 1577 enim,
1638 1544 1730 1578 Pater,

940 1592 963 1619 si
977 1591 1096 1625 steteris,
1111 1599 1162 1619 nos
1173 1591 1324 1620 imbecilles
1337 1591 1386 1619 lilii
1400 1591 1440 1619 tui
1456 1590 1621 1619 valentiores
1632 1591 1732 1618 redde-

940 1645 1023 1670 tnur,
1043 1641 1072 1665 et
1095 1637 1189 1665 viriles
1213 1637 1321 1665 animos
1346 1636 1499 1671 capiemus,
1525 1643 1608 1663 casus
1635 1643 1731 1663 omnes

939 1682 1046 1710 fortiter
1065 1681 1198 1716 feremus,
1221 1682 1270 1710 Dei
1290 1683 1392 1710 virtute
1416 1689 1449 1710 ac
1463 1681 1592 1717 precibus
1616 1681 1682 1709 tuis.
1708 1684 1731 1708 Δ

941 1727 997 1756 Deo
1022 1727 1159 1763 siquidem
1185 1732 1229 1756 est
1258 1728 1304 1756 hic
1329 1735 1474 1761 secessus,
1493 1727 1536 1755 sic
1562 1727 1732 1763 approbante

939 1774 1054 1802 omnino
1069 1781 1113 1803 res
1130 1778 1252 1807 nostras,
1262 1774 1392 1810 viresque
1409 1773 1611 1809 suppeditante.
1626 1772 1732 1800 Facun—

939 1820 1012 1847 diam
1026 1827 1121 1847 eorum
1137 1820 1184 1855 qui
1201 1825 1228 1847 te
1242 1827 1258 1847 a
1280 1819 1397 1847 veritate
1417 1819 1560 1846 dimovere
1582 1823 1730 1846 conantur.

940 1864 1011 1892 haud
1026 1871 1167 1900 quaquam
1183 1864 1358 1896 reformides,
1375 1863 1465 1891 Pater.
1484 1862 1606 1898 Simplex
1626 1870 1730 1890 sermo.

939 1909 984 1938 Ait
1001 1910 1074 1937 enim
1102 1911 1211 1945 uspiam
1229 1916 1343 1938 sanctus
1365 1911 1535 1946 Epiphanius
1558 1910 1585 1938 in
1609 1910 1731 1938 oratione

939 1963 990 1983 sua
1009 1955 1044 1983 de
1059 1954 1204 1989 Paschale,
1219 1956 1309 1991 qualis
1321 1955 1358 1985 sit
1372 1956 1465 1990 homo,
1479 1960 1578 1991 praeter
1588 1963 1619 1984 ea
1630 1964 1691 1991 quae
1703 1956 1731 1984 in

938 2001 1039 2029 divinis
1053 2001 1167 2030 Litteris
1184 2002 1286 2038 scripta
1304 2007 1380 2035 sunt,
1405 2003 1569 2037 consultus;
1589 2010 1622 2030 ex
1649 2003 1731 2030 cordo

939 2048 1074 2082 loquitur,
1095 2053 1122 2076 et
1134 2052 1247 2075 enarrat
1266 2048 1397 2075 mandata
1418 2048 1572 2075 hominum.
1593 2048 1625 2076 Et
1639 2048 1673 2075 de
1688 2047 1731 2075 his

940 2094 1007 2129 ipsis
1032 2094 1156 2129 Apostoli
1184 2094 1265 2121 verba
1302 2095 1458 2129 producens
1481 2093 1596 2127 :Licet,
1622 2094 1729 2130 inquit.

938 2140 1046 2176 angelus
1057 2143 1090 2168 de
1105 2141 1169 2168 uelo
1183 2141 1229 2173 sit,
1248 2140 1391 2168 anathema
1407 2140 1481 2168 illi'.
1495 2139 1556 2174 Quo
1571 2145 1662 2169 autent
1678 2149 1730 2168 nu-

938 2194 1016 2214 tnero
1038 2186 1105 2214 illud
1128 2186 1313 2220 censebimus,
1327 2186 1484 2214 Sacerdotes
1499 2187 1550 2214 mei
1568 2192 1731 2221 contempse-

86 2234 126 2261 τὰ
140 2234 214 2268 ἅγιά
226 2243 304 2270 pm);
321 2235 336 2262 δ
349 2236 519 2272 προφητικὸν
535 2237 566 2264 ὂν
583 2238 746 2274 προσλαϐὼν
763 2241 777 2266 ὁ
787 2240 884 2267 Θεολό-

939 2237 999 2260 runt
1020 2232 1102 2268 legem
1122 2241 1220 2266 meum,
1245 2238 1270 2260 et
1285 2232 1438 2267 polluerunt
1458 2233 1617 2260 sanctuaria
1631 2241 1690 2260 mea
1702 2233 1732 2260 ’ἲ

85 2287 138 2313 γος
155 2280 186 2307 ὲν
202 2280 242 2315 τῷ
256 2280 368 2317 μεγάλῳ
384 2281 614 2317 Ἀπολοτητικῷ,
626 2285 805 2320 προστίθησιν
813 2286 886 2314 οὕτω

85 2325 194 2360 λέγων·
214 2326 346 2363 Βεϐήλοις
371 2329 419 2355 καὶ
437 2329 522 2360 ὁσίοις
539 2329 570 2356 οὐ
594 2330 756 2358 διέστελλον⁸
777 2331 836 2359 ἀλλ’
851 2330 886 2369 ἦν

84 2371 184 2404 αὑτοτς
201 2373 310 2400 ἅπαντα
334 2374 423 2402 κοινά.
449 2375 524 2403 Πόσα
537 2376 566 2403 δὲ
588 2376 673 2409 ἀλλα,
690 2377 738 2405 ἐάν
752 2387 796 2410 τις
820 2378 886 2416 θέλῃ

85 2416 221 2450 duodeni;
239 2418 425 2447 Παυέσθωσαν
450 2421 545 2448 λοιπὸν
561 2423 586 2448 οῑ
600 2421 812 2458 διαστρέφοντες
835 2425 886 2461 τὴν

84 2463 222 2499 ἀλήθειαν
235 2463 284 2490 τοῦ
299 2465 368 2492 Θεοῦ
381 2465 492 2501 ψευδέσι
506 2467 607 2502 λόγοις,
622 2469 670 2495 καὶ
682 2469 788 2502 ἑαυτοῖς
803 2479 887 2506 προσ-

85 2510 239 2544 εχέτωσαν.
264 2510 361 2547 Ἡμεῖς
375 2512 430 2548 γὰρ
451 2513 501 2549 τῆς
526 2513 640 2550 ἐντολῆς
661 2515 815 2552 τηλαυγοῦς
840 2516 886 2543 οὒ-

85 2563 152 2590 σης,
170 2557 220 2583 καὶ
238 2557 272 2593 τῇ
288 2557 446 2593 παραϐάσει
463 2559 494 2586 τὸ
510 2559 619 2588 αἰώνιον
634 2560 691 2596 πῦρ
706 2562 884 2598 ἀπειλούσης,

85 2601 139 2636 οὐχ
155 2602 339 2637 ὑποκύψομεν
353 2605 412 2636 τοῖς
435 2605 620 2640 ἀνθρωπίνοις
642 2607 764 2644 φόϐοιςῆ
781 2609 884 2640 πόνοιςο

84 2649 137 2682 οὺ,
166 2650 206 2685 μά
229 2650 293 2682 τοὺς
307 2651 379 2687 ὑπὲρ
403 2652 506 2688 ἀρετῆς
531 2654 659 2688 ἀγῶνας·
683 2655 740 2683 ἀλλ’
755 2657 780 2683 εί
795 2655 886 2683 καὶτὸ

83 2693 159 2730 αἷμα
177 2696 275 2732 χεῦσαι
289 2697 340 2731 δεῖ,
355 2698 425 2733 μετὰ
438 2700 527 2735 χαρᾶς
540 2702 724 2736 ποιησόμεθα,
741 2702 811 2730 Θεοῦ
836 2703 882 2730 ιν-

85 2741 233 2777 ισχύοντος
246 2743 291 2770 διὰ
306 2743 361 2770 τῶν
378 2744 434 2771 σῶν
449 2746 536 2780 ἁγίων
551 2748 722 2783 προσευχῶν.

127 2879 137 2894 ⁹
147 2877 238 2906 Galat.
253 2886 274 2911 t,
290 2878 318 2906 8.
356 2880 366 2896 ³
378 2880 476 2908 Ezecb.
489 2891 557 2913 χιιι,
573 2883 619 2910 26.

231 2929 370 2961 Ρλτιοῐι.
388 2929 446 2960 Gn.
465 2930 558 2962 XCIX

939 2277 1013 2313 quod
1027 2278 1167 2313 prophetae
1181 2277 1287 2305 dictum
1303 2285 1442 2313 usurpans
1456 2276 1615 2312 Theologus
1630 2278 1656 2304 in
1673 2285 1732 2305 ma-

940 2331 993 2359 gno
1006 2323 1189 2358 Apologett'co,
1211 2325 1270 2351 haec
1284 2323 1360 2351 addit
1376 2332 1383 2350 :
1398 2322 1519 2351 Profana
1534 2328 1562 2350 et
1580 2330 1658 2350 sacra
1674 2331 1730 2351 nott

939 2368 1154 2403 distinguebant,
1175 2362 1227 2396 sed
1247 2369 1340 2396 omnia
1370 2368 1426 2396 illis
1450 2368 1611 2396 comtnunia
1639 2373 1728 2396 erant.

935 2414 1023 2447 Quam
1051 2416 1136 2442 multa
1159 2418 1225 2442 sunt
1239 2414 1303 2447 alia,
1318 2414 1342 2442 si
1359 2414 1422 2450 quis
1437 2414 1535 2442 audire
1550 2414 1631 2442 velit?
1651 2413 1729 2442 Desi-

934 2464 1001 2487 nant
1027 2467 1102 2495 ergo,
1127 2461 1174 2495 qui
1197 2460 1275 2488 falsis
1297 2460 1473 2497 sermonibus
1497 2464 1658 2495 pervertunt
1680 2460 1728 2488 Dei

934 2506 1090 2539 veritatem,
1115 2507 1221 2542 sibique
1239 2507 1307 2542 ipsis
1325 2507 1479 2535 attendant.
1495 2507 1551 2536 Nos
1571 2508 1644 2535 enim
1664 2515 1727 2535 cutn

937 2553 1113 2586 perspicuum
1142 2553 1178 2580 sit
1205 2553 1390 2587 mandatum,
1420 2556 1448 2581 et
1477 2553 1568 2588 ignem
1595 2558 1728 2582 aeternum

938 2598 1183 2632 praevaricantibus
1213 2599 1354 2632 minetur,
1388 2607 1563 2635 nequaquam
1595 2600 1727 2628 cedemus

937 2645 1065 2673 humanis
1085 2646 1234 2673 terroribus
1259 2651 1307 2673 aut
1325 2645 1482 2681 suppliciis;
1502 2653 1621 2681 non,per
1633 2653 1729 2673 susce-

936 2695 982 2725 pta
1009 2698 1065 2725 pro
1087 2691 1202 2719 veritate
1227 2692 1389 2720 certamina.
1412 2691 1481 2724 Quin
1512 2691 1536 2718 si
1563 2690 1726 2726 sanguinem

935 2735 1100 2772 profundere
1108 2743 1175 2771 opus
1183 2736 1229 2769 sit,
1239 2737 1355 2764 libentes
1363 2740 1445 2772 atque
1455 2736 1556 2764 hilares
1575 2735 1726 2771 profunde-

937 2790 1011 2816 mus,
1020 2781 1075 2810 Deo
1086 2790 1136 2812 nos
1149 2790 1198 2818 per
1208 2787 1317 2812 sanctas
1330 2790 1425 2819 preces
1447 2787 1508 2811 tuas
1516 2781 1714 2811 corroborantc

1506 2928 1546 2960 29
