1924 3077
210 132 260 165 9οῙ

247 186 368 215 Viriliter
399 192 450 219 age
479 189 505 211 ct
530 189 578 216 tu,
601 182 712 210 domine
737 181 821 209 frater
852 180 978 216 Euthymi
994 188 1000 206 ι
1016 184 1041 213 Α

210 235 313 262 bonum
326 231 438 259 certasti
453 234 592 258 certamen
605 230 614 244 ⁸
632 237 639 256 :
656 236 690 256 ne
705 227 866 255 deseramus
881 234 942 257 nos,
958 225 1006 252 lux

211 288 283 312 mea,
301 284 327 306 et
342 279 449 306 viscera
467 284 526 304 mea
541 284 548 303 :
563 283 597 303 ne
617 282 667 310 pro
690 275 790 309 exiguo
804 278 832 300 et
849 273 923 300 brevi
939 271 1007 299 laeti‘

211 327 256 355 tiae
276 326 378 357 fructu,
404 324 511 351 beatam
527 322 611 349 vitam
636 321 806 348 amittamus.
829 319 868 346 Nc
885 325 1008 354 prasen-

212 374 280 400 tium
299 378 392 398 rerum
407 369 579 405 iucunditate
599 366 727 401 capiaris,
750 373 817 393 neve
839 365 873 392 ad
889 364 1006 392 tribula-

213 418 303 445 tioues
327 415 503 446 succumbas,
519 413 616 440 frater.
631 410 691 438 Noli
707 416 780 445 terga
795 410 872 438 dare.
889 408 1006 436 Gavisus

212 468 255 491 est
270 462 409 491 Christus,
423 460 519 487 videns
536 463 561 486 te
577 465 626 485 sua
644 463 726 484 causa
743 455 920 491 flagellatum.
933 454 1006 481 Cave

213 509 287 535 illum
301 507 457 537 contristes,
474 505 573 532 dilecte
587 504 634 536 mi,
650 503 692 529 rel
703 502 870 529 collaetantes
882 501 1006 536 angelos,

213 555 257 581 vel
276 553 419 580 dominum
436 551 555 582 Patrem,
572 548 624 579 vel.
641 556 701 583 qua:
719 555 769 575 nos
789 547 892 582 Spiritu
911 552 1008 574 sancto

213 600 294 627 enixa
315 603 366 630 est,
390 595 574 624 venerandam
600 594 725 627 Matrem,
751 593 793 620 vel
819 592 918 620 fratres
946 597 1008 620 tuos

215 652 322 676 omnes,
336 650 432 677 meque
447 641 593 676 prmciptre,
607 647 687 674 quem
703 646 795 666 amare
807 642 832 665 te
847 637 926 665 dicis.
941 638 1008 665 Tres

214 697 311 718 sumus
324 696 406 716 carne
423 688 532 718 fratres,
550 686 638 713 simus
653 689 679 712 et
691 684 791 719 spiritu
805 693 811 710 :
827 691 860 710 ne
873 683 1008 711 violemus

214 743 325 763 sacrum
352 739 380 761 et
406 733 528 760 divinum
557 738 701 758 numerum
723 739 729 756 :
752 737 923 764 exponamus
958 736 1008 757 nos

215 783 291 816 ipsos
307 788 355 815 pro
377 779 423 806 Dei
443 778 574 805 mandato
588 777 621 804 ad
644 775 820 810 supplicium,
837 779 866 801 ut
886 774 913 801 in
929 779 1008 802 aeter—

216 835 282 854 num
304 827 439 852 vivamus.
456 823 534 856 Quod
554 826 689 857 superest,
712 821 822 849 solliciti
843 820 937 852 etiam,
955 819 1008 847 Pa-

216 879 268 906 ter,
280 879 377 899 sumus
390 872 423 898 de
438 869 552 904 reliquis
566 867 696 895 fratribus
711 866 814 894 nostris
828 866 1008 899 dulcissimis,
1024 858 1046 886 Β

216 917 386 954 quam'rccte
401 917 463 944 illos
476 916 611 942 Dominus
624 913 764 942 direxerit.
786 912 844 941 lioc
857 913 931 940 enim
947 921 1010 949 pee-

216 970 325 994 catores
349 970 469 995 oramus,
488 967 517 989 ut
540 962 598 996 ipse
618 961 727 988 illorum
750 964 862 988 curator
887 960 932 992 sit,
953 959 1010 987 dis-

217 1016 357 1047 pensator,
382 1014 409 1037 et
429 1009 536 1041 ductor,
557 1011 639 1042 prout
669 1006 726 1042 ipse
748 1006 824 1033 novit
845 1009 873 1033 et
890 1005 969 1040 jubet
985 1010 1012 1033 et

216 1059 285 1091 vult,
310 1065 354 1084 res
376 1056 486 1083 illorum
504 1054 713 1082 administrans.
733 1052 837 1080 Revera
854 1052 927 1079 enim
945 1052 1011 1079 ube-

217 1111 261 1131 res
287 1111 337 1138 pro
363 1102 418 1129 illis
446 1101 581 1136 lacrymas
610 1099 750 1126 fundimus
774 1104 962 1132 :semperque
983 1098 1011 1124 in

218 1151 306 1179 ocuiis
320 1150 424 1178 nostris
439 1149 549 1177 illorum
565 1147 656 1175 vultus
666 1151 823 1178 versantur,
836 1145 901 1173 dum
916 1152 1011 1173 eorum

219 1208 315 1235 preces
338 1199 519 1234 imploramus
550 1198 674 1226 subsidio
703 1195 874 1232 negligentia:
899 1198 1011 1221 nostrae.

221 1246 417 1273 Verumtamen
446 1250 474 1272 tu
495 1252 547 1280 pro
567 1244 697 1272 omnibus
722 1251 845 1279 precare,
865 1241 957 1273 Pater,
985 1245 1015 1266 ut

221 1293 384 1328 patientiam
411 1291 618 1326 adipiscamur,
645 1289 803 1317 felicitatem
820 1307 828 1320 ,
854 1286 1012 1322 prmsidium

222 1347 237 1366 a
259 1338 326 1370 Deo,
350 1343 378 1365 et
400 1337 533 1364 auxilium
549 1336 682 1364 adversus
700 1334 799 1362 diaboli
826 1332 1013 1361 lentationes:

222 1391 260 1419 et,
281 1385 354 1420 quod
379 1384 433 1411 Deo
453 1383 596 1419 placuerit,
617 1386 646 1409 ut
670 1381 738 1409 tein
763 1387 856 1413 carne,
877 1384 922 1406 aut
946 1378 1016 1405 alios

223 1431 323 1458 fratres
340 1435 451 1457 nostros
470 1430 612 1457 videamus
630 1438 635 1455 :
654 1428 710 1460 fiat,
729 1427 785 1454 fiat.
801 1425 965 1458 Quassumus
990 1428 1018 1450 et

223 1477 358 1504 audemus
381 1483 414 1503 cx
439 1475 520 1502 nobis
546 1475 666 1502 salutare
696 1473 803 1501 dulcem
830 1471 942 1499 fratrem
964 1477 1017 1497 no-

224 1529 326 1554 strum,
350 1523 372 1550 si
403 1521 493 1550 tecum
511 1527 563 1554 est,
589 1526 636 1548 aut
662 1520 685 1548 si
715 1519 778 1555 quis
806 1518 876 1546 alius
900 1518 1016 1544 fratrum

225 1574 394 1599 nostrorum.
418 1568 544 1603 quisquis
575 1567 630 1595 erit
653 1567 698 1594 cni
729 1564 879 1593 nuntiabis.
910 1563 1018 1591 Salutat

225 1623 333 1643 mecum
354 1619 476 1642 sanetam
495 1614 615 1641 animam
631 1618 705 1640 tuam
726 1612 856 1640 dominus
869 1610 1018 1640 diaconus,

225 1667 253 1689 et
265 1666 341 1696 pater
358 1664 462 1692 noster,
483 1660 610 1694 egregius
623 1659 706 1686 frater
721 1665 810 1690 meus,
827 1662 854 1684 et
869 1656 941 1684 filius
957 1659 1020 1682 tuus

226 1715 387 1735 (ecounmus
412 1707 504 1734 caeteri
516 1705 667 1733 honorandi
681 1704 778 1731 fratres
793 1708 821 1731 et
834 1700 1018 1730 desiderandi.

226 1753 280 1781 Ora
296 1761 346 1789 pro
369 1754 460 1785 nobis,
476 1752 567 1784 Pater,
588 1751 669 1779 enixe
686 1756 714 1779 et
733 1750 910 1782 incessanter,
931 1755 960 1775 ιιι
973 1747 1019 1781 ju-

229 1800 285 1827 bes.
298 1799 376 1827 Aliud
393 1799 466 1826 enim
480 1798 572 1826 dicere
586 1805 642 1825 non
659 1796 800 1824 habemus.

523 1936 554 1963 ll.
569 1952 605 1957 —
619 1936 720 1963 Eidem.

810 129 840 158 S.
856 127 1054 158 TllEODORI
1069 125 1254 159 .STUDlTrE

1801 119 1856 150 908

1097 177 1234 214 Ἀνὸρίζου
1254 174 1301 205 οὖν
1326 176 1373 204 καὶ
1390 175 1471 208 αὐτὸς
1483 195 1490 208 ,
1507 174 1606 209 ἀδελφὲ
1629 174 1694 210 κῦρι
1718 173 1855 209 E60611.“-

1058 225 1141 252 καλὸν
1154 225 1250 259 ἀγῶνα
1273 222 1412 259 ἠγωνίσω·
1431 221 1470 258 μὴ
1484 220 1695 256 ἀπολειφθῶμεν
1717 220 1856 255 ἀλλήλων,

1058 271 1119 307 φῶς
1142 270 1209 307 ἐμὸν
1229 270 1277 297 καὶ
1294 269 1460 304 σπλάγχνον·
1481 267 1522 303 μὴ
1539 267 1573 294 δι’
1587 266 1682 301 ὀλίγην
1698 267 1746 293 καὶ
1769 267 1860 302 πρόσ-

1059 326 1155 354 καιρον
1179 317 1310 349 εὺξωῖαν,
1335 315 1516 351 ἀπολέσωμεν
1533 313 1584 350 τὴν
1606 313 1746 349 μακαρίαν
1769 313 1858 348 ζωήν.

1058 365 1106 400 Μὴ
1125 363 1247 399 τερφθῇς
1259 363 1317 394 τοῖς
1333 362 1468 397 παροῦσιν
1481 360 1571 397 ἡδέσι,
1585 359 1633 387 καὶ
1655 359 1775 395 ὁκλάσῃς
1787 359 1861 394 πρὸς

1058 412 1094 439 τὰ
1107 411 1231 447 Θλιὸερὰ,
1254 406 1278 437 ὦ
1302 408 1412 444 ἀδελφέ.
1431 408 1478 443 Μὴ
1493 406 1585 444 δώσῃς
1615 406 1699 433 νῶτα.
1719 404 1859 441 Ἐτέρφθη

1059 456 1106 485 οὖν
1123 458 1137 484 6
1154 457 1284 492 Χριστὸς,
1303 455 1365 482 ίδών
1379 463 1410 481 σε
1424 453 1596 488 τυπτόμενον
1614 452 1686 487 ὑπὲρ
1702 451 1800 478 αὒτοῦ·
1821 452 1861 486 μὴ

1060 506 1188 542 λυπήσῃς
1202 504 1294 537 αὑτὸν,
1308 502 1437 539 ἀγαπητέ
1456 510 1519 537 μου,
1535 500 1604 537 μηδὲ
1618 500 1682 532 τοὺς
1694 501 1863 535 περιχαρὲν-

1058 561 1108 584 τας
1120 551 1267 586 ἀγγέλους.
1291 549 1360 585 μηδὲ
1379 549 1425 576 τὸν
1442 548 1547 584 Κύριον
1573 546 1620 574 τδν
1646 547 1772 582 Πατέρα,
1789 545 1862 581 μηδὲ

1058 600 1109 635 τὴν
1126 599 1173 626 καὶ
1191 597 1334 631 Πνεύματι
1354 595 1427 631 ἁγίῳ
1445 594 1594 622 ὠδίνουσαν
1616 593 1691 629 ἡμᾶς
1704 591 1863 626 σεϐασμὶαν

1059 645 1186 681 Μητέρα,
1204 644 1271 680 μηδὲ
1282 643 1346 674 τοὺς
1361 641 1493 676 ἀδελφούς
1509 649 1558 668 σου
1573 640 1692 671 πάνταςο
1709 638 1863 673 ἐξαιρέτως

1059 692 1120 728 ἐμὲ,
1135 691 1164 718 ὃν
1177 691 1268 725 λέγεις
1282 689 1371 724 δῶρον
1385 688 1484 723 φιλεῖν.
1501 687 1584 721 Τρεῖς
1595 686 1682 721 ἐσμεν
1696 685 1735 721 (1)
1746 683 1863 717 ἀδελφοὶ

1058 739 1091 766 τὸ
1109 737 1182 765 κατὰ
1213 736 1324 772 σάρκα,
1349 734 1420 761 ἔστω
1435 734 1485 760 καὶ
1509 733 1540 760 τὸ
1565 731 1637 759 κατὰ
1658 730 1791 766 πνεῦμα·
1822 729 1862 765 μὴ

1059 784 1240 820 ἀτιμάσωμεν
1262 781 1308 809 τὸν
1335 781 1426 815 τίμιον
1468 779 1516 806 καὶ
1543 777 1690 814 Θεαρχικὺν
1716 775 1860 812 ἀριθμὸνὶδ

1060 831 1152 866 δῶμεν
1182 828 1298 860 ἑαυτοὺς
1326 827 1397 861 ὑπὲρ
1423 824 1536 859 ἐντολῆς
1556 823 1625 850 Θεοῦ
1650 823 1787 857 πάσχειν,
1817 821 1863 848 ’ίνα

1059 878 1188 913 ζήσωμεν
1200 876 1246 902 τὸν
1265 873 1364 902 αἰῶνα.
1377 871 1456 907 Λὺπη
1476 871 1499 898 δ’
1513 868 1560 898 οὖν
1575 870 1641 905 ἡμῖν
1669 870 1739 901 ἐστι,
1756 867 1861 903 Πάτερ,

1061 922 1169 959 μεγάλη
1196 921 1244 948 καὶ
1271 920 1315 946 διὰ
1341 919 1407 950 τοὺς
1436 917 1550 948 λοιποὺς
1575 915 1704 949 γλυκίους
1727 913 1862 947 ἀδελφοὺς

1059 958 1159 1004 ἡμῶν,
1185 966 1245 998 πῶς
1276 966 1291 992 6
1312 964 1416 999 Κύριος
1436 961 1611 996 διευθέτησεν
1634 960 1746 991 αὐτούς.
1774 958 1863 985 Τοῦτο

1059 1015 1114 1050 γὰρ
1142 1014 1180 1046 ὡς
1205 1010 1363 1048 ἁμαρτωλοὶ
1393 1008 1542 1044 εὐχόμεθα,
1567 1006 1613 1034 ἵνα
1628 1006 1710 1037 αὐτὸς
1729 1013 1864 1050 μεῗριμνη-

1135 1059 1226 1088 αὐτῶν
1241 1058 1367 1093 γένηται,
1381 1054 1524 1091 διοικητὴς
1534 1073 1542 1087 ,
1555 1054 1664 1088 ὸδηγδς,
1686 1052 1725 1084 ὡς
1744 1049 1801 1078 οἵδε
1817 1050 1864 1077 καὶ

1063 1106 1183 1139 κελεύει,
1200 1105 1248 1132 καὶ¹
1262 1104 1348 1136 θέλει,
1362 1102 1396 1129 τὰ
1411 1102 1473 1129 κατ’
1488 1100 1587 1132 αὐτοὺς
1606 1097 1798 1134 πρυτανεύων.
1818 1097 1864 1131 Τῷ

1064 1154 1121 1181 ὄντι
1142 1152 1198 1188 γὰρ
1229 1150 1318 1184 πικρὰ
1341 1149 1448 1184 δάκρυα
1472 1144 1667 1180 ἀποστάζομεν
1693 1143 1727 1170 δι’
1742 1142 1864 1174 αὐτούς·

1065 1200 1113 1227 καὶ
1140 1198 1185 1226 ἐπ’
1201 1195 1360 1232 ὀφθαλμοὺς
1380 1193 1461 1230 ἡμῶν
1485 1192 1530 1221 ἀεὶ
1543 1192 1572 1218 αι
1593 1190 1669 1226 ὄψεις
1685 1189 1777 1217 αὐτῶν
1792 1190 1865 1215 κεῖν-

1063 1254 1120 1278 ται,
1136 1244 1187 1279 τὴν
1208 1243 1292 1278 εὐχὴν
1316 1241 1408 1269 αὐτῶν
1425 1238 1562 1274 δεομένων
1595 1236 1637 1268 είς
1657 1235 1791 1271 βοήθειαν
1814 1234 1865 1268 τῆς

1067 1289 1206 1328 ῥᾳθυμίας
1219 1288 1311 1323 ἡμῶν.
1327 1287 1424 1322 Ὅμως
1445 1283 1540 1320 εὖχου,
1555 1279 1578 1310 ὧ
1592 1282 1697 1328 ΠάτερΪ
1711 1280 1784 1315 ὑπὲρ
1798 1280 1866 1307 πάν-

1064 1327 1132 1370 των,
1148 1334 1289 1370 ὑπομονὴν
1304 1331 1459 1368 κτήσασθαι
1484 1330 1569 1366 ἡμᾶς,
1603 1327 1743 1363 εὐτυχίαν,
1759 1327 1866 1361 σκέπην

1067 1385 1100 1410 ὲκ
1111 1382 1189 1415 Θεοῦ⁷
1201 1382 1248 1408 καὶ
1262 1380 1389 1415 βοήθειαν
1412 1379 1445 1405 ὲκ
1457 1377 1512 1403 τῶν
1528 1374 1692 1411 πειρασμῶν
1707 1372 1756 1400 τοῦ
1774 1371 1868 1399 διαδό-

1068 1430 1132 1457 λου·
1152 1428 1199 1455 καὶ
1214 1427 1227 1453 6
1243 1425 1357 1461 ἀρέσκει
1370 1423 1410 1459 τῷ
1425 1422 1495 1458 Θεῷ,
1513 1421 1579 1457 περ)⁴
1591 1419 1639 1447 τοῦ
1659 1420 1688 1446 ιν
1703 1419 1789 1454 σαρκὶ
1803 1417 1867 1445 ἰδεῖν

1070 1481 1100 1500 σε
1109 1472 1125 1507 ἢ
1133 1472 1197 1502 τοὺς
1205 1470 1337 1504 ἀδελφοὺς
1346 1467 1436 1504 ἡμῶν,
1443 1467 1560 1501 γένοιτο,
1568 1465 1685 1500 γένοιτο.
1691 1462 1816 1498 Δεόμεθα
1822 1462 1868 1489 καὶ

1071 1517 1218 1553 τολμῶμεν
1233 1514 1263 1549 ἐξ
1278 1514 1357 1550 ἡμῶν
1369 1512 1595 1549 προσαγορεῦσαι
1608 1511 1655 1538 τὸν
1669 1510 1778 1553 γλυκὺν

1071 1552 1198 1596 ἀδελφὸν,
1220 1560 1301 1595 εῐπερ
1318 1557 1378 1585 ἐστὶ
1397 1557 1467 1593 μετά
1484 1555 1544 1589 σοῦ,
1561 1555 1578 1591 ἢ
1595 1554 1642 1582 καὶ
1659 1553 1740 1585 ἄλλος
1752 1552 1868 1587 ἀδελφις

1071 1607 1152 1644 ἡμῶν
1168 1605 1224 1639 οἶος
1239 1606 1273 1634 ἂν
1292 1604 1322 1643 ᾖ,
1341 1604 1394 1632 κᾶν
1408 1603 1516 1640 φθάσῃς
1540 1602 1671 1638 μηνῦσαι.
1698 1599 1868 1632 Ἀσπάζεται

1072 1653 1102 1681 δὲ
1129 1653 1178 1680 σὺν
1203 1651 1269 1687 ὲμοὶ
1283 1651 1334 1687 τὴν
1349 1650 1431 1685 ἁγίαν
1452 1657 1501 1676 σου
1514 1647 1604 1684 ψυχὴν
1627 1648 1642 1674 6
1663 1646 1760 1682 κύριος
1777 1646 1869 1674 διάκο-

1072 1708 1118 1731 νος
1138 1698 1176 1734 (2)
1192 1698 1240 1725 καὶ
1254 1697 1350 1732 Πατὴρ
1366 1695 1457 1731 ἡμῶν,
1480 1695 1496 1721 6
1511 1693 1595 1726 καλός
1614 1701 1665 1728 μου
1676 1691 1802 1726 ἀδελφὸς,
1823 1691 1870 1718 καὶ

1071 1745 1167 1772 τέκνον
1181 1751 1240 1774 σου,
1253 1743 1268 1769 6
1282 1741 1435 1776 οίκονόμοςυ
1451 1740 1477 1767 οἱ
1489 1739 1578 1767 λοιποὶ
1596 1739 1683 1773 τίμιοι
1697 1737 1810 1772 ἀδελφοὶ
1823 1738 1871 1764 καὶ

1070 1788 1267 1824 πολυπόθητοι.
1283 1786 1372 1821 Εὖχου
1387 1786 1466 1822 ἡμῖν,
1479 1784 1584 1820 Πᾶτερ,
1601 1783 1712 1820 θερμῶς
1726 1781 1776 1810 καὶ
1792 1781 1871 1810 ἀδια-

1074 1836 1213 1867 λείπτως,
1232 1833 1271 1865 ὡς
1293 1831 1425 1864 κελεύεις.
1454 1831 1488 1859 Τί
1515 1830 1571 1866 γὰρ
1600 1829 1667 1857 ἄλλο
1687 1828 1792 1864 λέγειν.
1820 1829 1871 1856 οὐκ

1078 1885 1188 1920 ἔχομεν.

1345 1930 1383 1957 Β¹.
1399 1941 1432 1950 ——
1448 1928 1491 1962 Τῷ
1505 1927 1596 1961 αὐτῷ.

309 1997 439 2023 Platonem
451 1997 548 2029 magnis
560 1997 635 2023 effert
645 1996 760 2022 laudibus
774 2004 778 2020 :
799 2001 860 2026 lum,
874 1996 936 2029 utin
950 1998 1066 2027 suscepta
1075 1993 1195 2029 veritatis
1203 1990 1352 2029 defensione
1365 1991 1523 2021 perseveret,
1535 1994 1622 2013 rursus
1631 1987 1789 2013 cohortatur.

880 2027 1012 2058 (Baronius
1023 2033 1063 2052 an.

263 2093 323 2121 .Iam
348 2094 447 2123 iterum
472 2095 506 2123 ad
524 2099 550 2123 te
570 2095 673 2128 scribo,
698 2094 839 2122 dominum
864 2097 891 2121 et
914 2093 1023 2120 Patrem

1078 2025 1133 2055 τοο,
1144 2031 1170 2048 n.
1182 2024 1219 2054 π.)

1112 2088 1271 2125 Δευτερεύω
1288 2088 1352 2123 ἄρτι
1376 2086 1492 2123 γράφων
1516 2084 1596 2122 [cod.
1623 2084 1726 2120 Regius
1741 2085 1870 2121 ἀντιγρά-

228 2147 331 2167 rueum.
349 2139 445 2168 Nescio
471 2147 505 2168 an
527 2141 633 2168 litteras
659 2148 732 2168 meas
754 2139 903 2175 acceperis.
933 2139 1012 2173 Atqui

1080 2136 1146 2173 φων]
1163 2137 1232 2171 πρὸς
1248 2134 1294 2161 τὸν
1312 2133 1393 2168 κῦριν
1414 2132 1462 2160 καὶ
1480 2131 1593 2166 Πατέρα
1611 2140 1675 2167 μου.
1692 2131 1750 2158 Οὐκ
1772 2129 1831 2159 οἴδα
1845 2132 1869 2159 εἰ

228 2186 256 2212 iu
280 2186 334 2213 illis
358 2186 468 2221 quidem
486 2186 560 2222 quod
581 2192 688 2221 tempus
717 2186 853 2221 exigebat,
877 2185 967 2220 quoad
995 2185 1012 2212 iI

1080 2183 1159 2216 ἐδέξω
1181 2182 1216 2208 τὰ
1240 2180 1403 2216 γράμματα.
1430 2178 1487 2205 Καὶ
1507 2179 1537 2205 ὲν
1559 2178 1678 2210 ἐκείνοις
1699 2175 1759 2211 οὖν,
1773 2177 1802 2204 εί
1812 2186 1839 2204 τι
1855 2179 1870 2204 6

229 2232 308 2259 nobis
324 2232 387 2266 fuit,
408 2232 519 2267 indigne
534 2232 608 2265 licet,
625 2232 724 2259 elocuti
745 2240 853 2260 sumus.
866 2231 945 2259 Nune
957 2239 1012 2259 ver:

1080 2228 1172 2263 καιρὸς
1187 2227 1298 2262 ἀπῄτει,
1315 2225 1364 2252 καὶ
1379 2222 1413 2260 ἦν
1426 2225 1493 2260 ἡμῖν
1512 2224 1551 2255 είς
1566 2223 1692 2258 δύναμιν⁷
1711 2223 1830 2256 ἀναξίως
1845 2224 1870 2251 δ’

227 2276 290 2312 Quae
315 2281 482 2312 congruunt,
508 2284 535 2305 et
562 2278 719 2313 suppeditat
747 2279 828 2311 Deus,
850 2279 885 2306 ad
911 2277 1012 2305 humili:

1080 2272 1133 2306 26v,
1149 2275 1224 2309 ὅμως
1237 2270 1444 2307 ἐφθεγξάμεθα.
1457 2270 1513 2297 Καὶ
1530 2269 1593 2305 ἄρτι
1608 2269 1637 2296 δὲ
1652 2269 1704 2296 ὃσα
1715 2269 1869 2302 ἐπιϐάλλει,

227 2323 328 2350 anima:
353 2331 420 2350 mea:
443 2323 601 2356 utilitatem,
629 2329 677 2351 aut
699 2324 733 2351 ad
757 2329 810 2352 tua:
831 2324 925 2356 etiam,
948 2331 1012 2359 quoi

1080 2321 1123 2348 καὶ
1135 2320 1202 2347 διδοῖ
1214 2319 1280 2349 Θεὸς
1294 2318 1336 2344 ἐπ’
1354 2315 1476 2352 ὠφελείᾳ
1490 2315 1540 2351 τῆς
1555 2315 1686 2350 ταπεινῆς
1699 2323 1752 2350 μου
1767 2315 1869 2352 ψυχῆς,

228 2368 378 2396 audentius
389 2368 462 2401 dico,
480 2369 716 2404 magnanimitatis
733 2369 961 2401 consolationem,
980 2376 1011 2403 pa

1080 2368 1091 2403 ἣ
1107 2367 1156 2394 καὶ
1170 2366 1238 2402 πρὸς
1255 2364 1443 2400 παρηγορίαν,
1461 2362 1570 2398 τολμῶν
1583 2362 1666 2397 λέγω,
1682 2362 1733 2398 τῆς
1752 2363 1803 2398 σῆς
1819 2371 1871 2398 με-

229 2421 281 2447 ter,
303 2414 442 2449 adjiciam.
463 2416 520 2443 Hoc
542 2416 626 2450 enim,
647 2420 676 2444 ut
691 2417 761 2444 alias
784 2424 866 2451 smpe,
889 2416 926 2443 ita
950 2424 1012 2444 nunt

1080 2413 1259 2448 γαλοψυχίας,
1277 2408 1414 2446 ὦΠάτερ,
1431 2409 1653 2444 προσερὴσομεν.
1671 2409 1760 2436 Τοῦτο
1772 2409 1812 2441 δὲ,
1832 2410 1871 2442 ὡς

229 2461 292 2488 dico
314 2467 346 2488 ac
360 2460 490 2496 profiteor
506 2470 512 2488 :
527 2461 618 2497 siqua
633 2462 661 2489 in
680 2469 723 2489 me
744 2466 786 2490 est
806 2461 912 2490 dicendi
930 2462 979 2494 vis,
997 2469 1012 2488 e

1080 2460 1218 2490 πολλάκις,
1236 2459 1285 2485 καὶ
1297 2456 1346 2484 νῦν
1360 2456 1434 2491 λέγω
1449 2455 1498 2482 καὶ
1513 2454 1702 2490 ἀπολογοῦμαι
1712 2464 1718 2470 ·
1730 2455 1773 2482 ὅτι
1787 2455 1816 2482 εῐ
1828 2464 1872 2488 τις

229 2506 347 2534 facultas
375 2506 513 2534 scribendi
539 2508 797 2542 quantulacunque,
826 2515 882 2534 non
913 2511 1012 2541 proptei

1080 2507 1155 2540 λόγος
1169 2506 1198 2531 ὲν
1213 2504 1275 2540 ἐμοὶ
1291 2504 1337 2531 καὶ
1352 2502 1542 2539 ἐπιτηδειότης
1553 2502 1611 2533 πῶς
1622 2510 1688 2528 ποτε
1703 2502 1792 2538 μικρὰ
1806 2505 1870 2538 περὶ

229 2561 272 2580 me
290 2552 428 2581 infelicem
444 2553 578 2581 famulum
599 2559 674 2581 tuum
689 2553 779 2581 datam
800 2553 895 2584 fuisse,
914 2552 962 2579 sed
984 2557 1011 2580 tu

1080 2551 1124 2578 τοῦ
1140 2551 1270 2586 γράφειν,
1286 2551 1318 2577 οὺ
1338 2549 1373 2576 δι’
1388 2549 1440 2584 ἐμὲ
1452 2549 1499 2576 τὸν
1513 2548 1605 2576 ἄθλιον
1617 2548 1712 2576 δοῦλόν
1728 2558 1777 2576 σου
1790 2550 1872 2577 δεδώ-

245 2643 257 2658 ⁸
284 2642 294 2670 i
315 2643 386 2670 Tim.
400 2651 438 2676 Iv,
451 2644 479 2670 ‘7.

994 2710 1108 2739 ΝΟΤιΕ.

263 2770 302 2805 (1)
314 2769 395 2804 Τρεῖς
403 2769 508 2805 ἐσμεν.
518 2769 690 2802 Theodorus,
705 2769 853 2805 Josephus,
866 2769 912 2802 qui
926 2770 1018 2797 archi-

228 2804 375 2841 episcopus
393 2804 649 2833 Thessalonicensis
669 2805 730 2836 fuit,
744 2809 772 2832 et
787 2804 961 2840 Euthymius,
972 2813 1018 2833 su-

229 2839 276 2875 pra
294 2839 471 2869 in'Theodori
484 2841 556 2873 Vita,
570 2848 645 2868 num.
664 2841 691 2870 ’ἵν

1073 2805 1079 2811 ‘
1161 2771 1269 2812 Κύριος
1281 2771 1434 2812 ξιάκονος.
1462 2771 1544 2812 Fronte
1570 2771 1748 2812 Naucratith,
1763 2773 1804 2812 de_
1818 2779 1871 2806 quo

1073 2805 1099 2832 in
1119 2805 1255 2833 Theodori
1269 2807 1354 2842 rVita,
1378 2816 1455 2835 num.
1471 2808 1523 2836 126
1533 2829 1541 2842 ,
1556 2808 1590 2835 ad
1604 2815 1685 2842 quem
1710 2805 1870 2836 Theodorus

1073 2842 1164 2876 plures
1177 2841 1288 2877 scripsit
1308 2843 1448 2878 epistolas.
