1924 3077
105 125 159 158 909
474 120 477 126 ‘
724 125 993 156 EPISTOLARUM
1010 126 1081 155 LIB.
1094 125 1117 155 Ι.
1687 126 1741 160 θιο

105 189 200 217 ρηται,
222 179 280 207 ἀλλ’
297 179 379 206 ἕνεκα
395 178 442 206 σοῦ
460 178 506 206 τοῦ
530 178 637 215 ἔχοντος
651 179 701 214 τὴν
718 179 834 213 ἄφθονον
849 188 864 213 χ

988 187 1048 211 usa,
1070 179 1118 214 qui
1145 179 1285 214 copiosam
1307 180 1334 207 in
1353 179 1437 207 corde
1460 180 1654 209 scaturientem
1679 190 1742 218 εει-σε

105 235 148 262 ριν
167 226 196 252 ἐν
213 225 316 260 καρδίᾳ
328 225 518 260 πηγάζουσαν.
534 225 592 252 Καὶ
605 224 648 251 διὰ
663 225 745 252 τοῦτο
759 225 864 260 ἡδομένη

979 233 1016 252 tu)
1033 225 1126 253 habes.
1144 225 1263 260 Indeque
1283 225 1346 253 laeto
1359 233 1392 254 ac
1407 226 1501 253 libenti
1517 226 1649 261 animojd
1672 227 1738 262 agis.

104 273 152 299 καὶ
172 273 323 307 χαιρόντως
339 272 421 306 ἔργον
443 271 517 307 ἔχεις
539 271 678 298 παιδεύειν
700 271 749 298 καὶ
765 271 859 306 σοφίζε

1008 271 1108 299 doceas
1131 275 1159 299 et
1178 271 1300 303 erudias,
1325 279 1378 298 non
1406 271 1488 299 modo
1516 279 1578 304 nos,
1599 279 1669 307 quos
1694 280 1743 306 pro

102 317 135 344 οὐ
158 317 239 351 μόνον
254 317 340 352 ἡμᾶς,
364 316 411 348 οὓς
433 316 471 348 ὡς
496 316 656 351 ἀδελφιδοῦς
673 317 811 351 οἰηθέντες
827 325 861 343 τιν

983 317 1097 352 ’ροιὶὶιυε
1111 317 1242 345 habentes
1256 317 1368 352 quidam
1381 317 1543 345 aberrarunt
1555 326 1563 351 ;
1583 318 1630 345 sed
1646 325 1742 346 omnes

102 363 318 397 ἀπεσφάλησαν,
334 363 403 389 ἀλλὰ
420 364 467 389 καὶ
480 363 585 394 πάντας
598 363 679 395 ὅσους
695 364 727 390 ὲκ
742 363 861 398 πνεύμαε

983 371 1030 395 eo,
1045 368 1180 399 quotquot
1194 371 1227 391 ex
1242 364 1340 398 spiritu
1361 363 1432 391 ﬁlios
1445 363 1604 399 procreasti.
1618 363 1651 391 Et
1668 365 1742 399 quod

101 411 225 445 ἤνεγκας
243 409 318 441 υἱούς
339 417 368 435 τε
385 409 434 435 καὶ
449 409 551 441 παῖδάς
566 418 624 435 σου·
641 410 689 436 καὶ
707 410 749 436 ὅτι
760 409 860 444 ἀληθειέ

981 416 1006 440 0.
1018 416 1113 436 verum
1136 416 1198 437 esse
1219 417 1262 437 res
1277 409 1431 436 docuerunt
1446 409 1480 437 de
1497 415 1522 437 te
1535 417 1601 437 vero
1620 415 1740 445 pastore,

101 455 188 488 ἔδειξε
208 456 243 482 τὰ
258 456 410 491 πράγματα
434 456 504 491 ὑπὲρ
525 456 574 482 σοῦ
595 455 724 492 ἀληθινοῦ
749 456 860 491 ποιμένι

981 455 996 481 Ii
1013 463 1062 490 pro
1073 455 1131 482 tuis
1145 455 1244 483 avibus
1263 456 1384 482 animam
1398 455 1526 490 posuisti,
1543 463 1577 483 ne
1592 464 1710 492 usquam
1725 464 1740 484 a

100 502 151 529 τοῦ
167 503 216 538 τὴν
229 502 320 537 ψυχὴν
336 502 492 534 τεθεικότος
508 502 581 537 ὑπὲρ
599 502 672 529 ίδίων
690 502 845 537 προὸάτων·

981 501 1066 529 :ritate
1088 501 1283 534 deﬂectamus;
1298 502 1386 536 parati
1408 502 1450 529 vel
1465 502 1625 537 sanguinem
1650 503 1740 537 ipsum

100 551 136 577 ἂν
153 551 190 585 μὴ
216 551 448 585 παρατραποῐμεν
465 549 518 582 ἐξω
536 558 588 576 που
602 550 653 584 τῆς
665 549 806 584 ἀληθείας,
822 551 859 585 at;

981 555 1005 573 tn
1028 552 1140 582 gravate
1160 547 1336 582 profundere.
1354 547 1415 574 [hcc
1434 548 1526 582 itaque
1544 548 1600 575 veri
1624 550 1740 583 pastoris

99 596 246 630 τισάμενοι
269 594 334 630 [ms.
358 595 426 630 Reg.
444 594 638 631 αἱρησάμενοι]
661 595 733 630 τάχα
749 595 858 630 προθύμ

980 599 994 620 ,t
1011 593 1163 628 vigilantia,
1181 593 1266 622 falsos
1282 595 1459 630 redarguens,
1483 599 1511 622 et
1523 594 1578 622 Deo
1600 603 1632 622 ac
1656 595 1739 628 Patri,

100 641 151 667 καὶ
173 641 204 666 τδ
232 641 332 666 οἰκεῖον
355 637 425 674 αἷμα
449 640 579 667 κενῶσαι.
605 640 680 676 Αὕτη
698 638 744 668 οὖν
771 641 859 676 ποιμέν

979 645 1151 674 latorumque
1168 640 1288 675 Principi
1310 648 1373 668 vere
1397 641 1507 675 dignam
1534 648 1564 668 se
1595 641 1738 668 exhibens.

100 684 232 719 ἀληθινοῦ
245 685 405 717 ἐπιστασία,
419 685 600 720 διελέγχουσα
614 686 678 716 τοὺς
692 685 859 722 ψευδωνύμοτ

980 692 1018 712 με
1034 685 1116 720 igitur
1129 690 1240 721 propter
1252 690 1278 713 te
1292 686 1358 714 mihi
1376 687 1461 722 gratis
1472 694 1602 714 concessa
1620 686 1739 719 fuerunt,

100 730 151 758 καὶ
164 731 250 761 ὅντως
264 730 431 765 δεικνυμένη
443 730 487 766 Ιτῷ
502 730 562 766 Θεῷ
580 732 628 758 καὶ
646 731 736 766 Πατρὶ
750 733 798 759 καὶ
817 734 859 768 ὰρ]

982 739 1011 759 ec
1029 732 1076 759 tibi
1090 733 1189 767 exigua
1202 733 1321 768 quadam
1343 741 1377 760 ex
1396 738 1472 768 parte
1486 733 1571 760 oﬂ‘ero
1588 742 1596 760 :
1612 738 1640 760 et
1655 734 1741 761 senii-

100 778 215 812 ποίμενι
231 776 354 810 ὲπάξιος.
378 777 420 803 Τὰ
434 777 477 803 διὰ
493 777 524 804 σὲ
547 777 694 813 τοιγαροῦν
711 780 859 814 κεχαριομέ

980 786 1017 805 im
1035 786 1097 814 quae
1113 787 1210 814 magna
1237 787 1303 808 cura
1318 780 1429 814 copiose
1449 780 1586 814 sparsisti,
1611 784 1739 815 tanquam

101 834 149 859 μοι
162 825 311 859 ὀλιγοστῶς
327 824 388 856 πώς
402 833 443 851 σοι
458 825 602 860 προσάγων
621 827 669 852 καὶ
691 826 715 853 εἷ
729 826 860 862 δρεπόμει

980 832 1041 852 mus
1059 825 1190 860 agricola,
1216 825 1301 852 exiles
1323 826 1416 853 nescio
1432 833 1502 860 quos
1516 825 1624 853 l'ructus
1647 825 1739 853 metis.

99 871 166 902 τοὺς
184 871 238 897 τῶν
263 870 492 905 καταϐληθέντων
515 880 558 898 σοι
583 871 825 907 πολυφροντίστως
849 881 858 899 7

982 871 1020 897 rid
1032 878 1101 909 ergo
1120 878 1271 906 congruum
1292 871 1325 897 de
1341 876 1450 904 cetero,
1467 875 1625 905 sauciaeque
1642 871 1741 898 animat

98 916 227 950 ἀφθόνως
247 915 416 951 σπερμάτων
432 916 470 947 ὡς
492 916 595 950 ἀγαθὸς
611 917 752 952 γεωργὸς,
768 918 831 949 τοὺς
845 926 857 944 ο

983 923 1004 943 te
1017 920 1172 951 acceptant,
1190 916 1351 944 dulcissime
1366 921 1453 951 pater,
1469 916 1628 951 proferam?
1641 916 1742 951 Ecquis

99 960 150 988 οἶδ’
168 962 243 993 ὅπως
257 962 366 996 εἴποιμι
383 961 562 997 ῑσχνοφὸρους
576 961 712 997 καρπούς.
730 962 763 988 Τί
781 961 827 989 οὖν
842 963 857 989 λ

983 970 993 989 e
1008 969 1022 988 a
1039 969 1149 996 semper
1165 961 1284 997 optanda
1298 960 1369 989 facie
1389 966 1434 988 tua
1451 961 1605 996 disjunxit?
1619 968 1634 988 a
1649 960 1742 988 suavi--

99 1009 152 1035 πὸν
168 1009 239 1035 εἴπω
259 1008 416 1044 πρόσφορον
443 1007 491 1034 καὶ
514 1008 696 1035 εὐαπόδεχτον
720 1010 752 1044 τῇ
779 1010 811 1044 σῇ
831 1010 858 1043 ἀγ

981 1015 1033 1043 quo
1054 1007 1225 1041 congressu?
1247 1014 1262 1034 a
1280 1006 1394 1034 salutari
1412 1006 1516 1033 ductu?
1535 1005 1575 1032 Tu
1597 1005 1643 1033 lux
1668 1012 1740 1038 mea.

99 1055 185 1090 ψυχῇ,
203 1054 295 1089 Πάτερ
315 1062 366 1088 μου
381 1053 557 1087 γ).υκύτατε;
572 1054 615 1086 τίς
631 1063 666 1090 με
686 1054 828 1089 διέστησεν
843 1055 858 1081 ἀ

1016 1061 1124 1088 semper
1164 1053 1311 1087 splendens
1347 1052 1460 1079 lucerna
1503 1052 1740 1079 tenebricosarum

98 1100 147 1127 τοῦ
169 1099 216 1126 σοῦ
240 1099 387 1131 ἀειποθοῦς
404 1099 571 1134 προσώπου;
595 1099 646 1135 τῆς
665 1100 813 1135 ήδυλαλοῦς
836 1109 857 1127 σι

986 1100 1047 1127 imm
1069 1099 1266 1134 cogitationum
1295 1099 1394 1133 :virga
1421 1098 1514 1126 cordis
1543 1098 1595 1125 mei
1625 1097 1741 1132 languo-

97 1146 211 1181 τυχίας;
226 1146 277 1181 τῆς
292 1144 495 1180 σωτηριοποιοῦ
509 1145 639 1181 ὁδηγίας;
658 1146 694 1172 Σύ
710 1155 760 1176 μου
778 1147 808 1173 τὸ
825 1146 856 1181 φί

981 1155 1005 1173 m
1028 1146 1155 1179 fulciens,
1174 1145 1301 1173 maeroris
1318 1144 1483 1180 proﬂigatio,
1500 1144 1649 1172 alacritatis
1670 1151 1740 1171 con-

98 1194 114 1219 ὁ
130 1193 264 1227 ἀειφανής
276 1191 373 1227 λύχνος
385 1192 440 1219 τῶν
455 1193 484 1218 ὲν
496 1191 572 1227 ψυχῇ
587 1193 734 1219 σκοτεινῶν
746 1193 857 1228 λογισμί

978 1191 1063 1223 liatio,
1078 1191 1180 1218 bonum
1200 1189 1339 1223 nuntium,
1353 1189 1496 1225 gaudium,
1514 1188 1625 1219 festum,
1641 1187 1737 1222 gloria.

99 1238 202 1274 ῥάϐδος
218 1238 446 1273 ὑποστηρίζουσά
463 1247 514 1273 μου
535 1238 566 1265 τὸ
589 1238 685 1266 ἄτονον
706 1239 756 1274 τῆς
769 1240 858 1275 καρδίι

981 1243 1014 1262 nc
1031 1240 1056 1262 te
1079 1235 1120 1262 sol
1143 1235 1202 1270 ipse
1216 1235 1284 1261 mihi
1301 1232 1622 1269 injucunduszaereipso
1644 1238 1740 1259 carere

98 1284 224 1319 ἀθυμίας
243 1284 391 1319 μεταϐολὴ,
409 1284 566 1320 προθυμίας
590 1285 707 1321 ἀλοιφὴ,
724 1285 857 1320 εὐαγγέλιι

979 1282 1096 1314 aiebam,
1111 1289 1195 1316 quam
1214 1281 1270 1308 oris
1290 1280 1330 1307 tui
1345 1283 1495 1314 conspectu
1516 1277 1649 1305 fraudari.
1665 1276 1738 1306 NibK

99 1330 185 1365 χαρὰ,
204 1330 298 1366 ἑορτὴ,
309 1330 427 1362 εὐδοξία.
446 1331 529 1357 Ἀνευ
546 1330 594 1357 σοῦ
608 1331 654 1358 καὶ
667 1332 681 1358 ὁ
693 1331 770 1367 ἥλιός
789 1340 834 1367 μοι
847 1341 858 1357 ν

978 1329 1072 1356 nnium
1086 1335 1147 1363 quae
1159 1327 1185 1354 in
1200 1331 1273 1354 terra
1288 1330 1363 1358 sunt,
1375 1332 1459 1353 suave
1471 1324 1539 1352 mihi
1550 1331 1611 1351 esse
1621 1326 1737 1358 poterat.

98 1378 203 1413 τηφής.
224 1376 298 1411 Ὲγὼ
321 1377 368 1404 τδν
394 1377 465 1412 ἀέρα
494 1377 607 1412 βλέπειν
631 1378 681 1404 οὐκ
695 1378 802 1413 ἤθελον,
818 1378 835 1413 ἢ
851 1387 857 1395 ν

985 1373 1155 1402 consuetudo
1172 1377 1219 1400 tua
1237 1373 1355 1400 deesset.
1375 1371 1447 1404 Quid
1470 1371 1543 1398 enim
1565 1377 1632 1398 vero
1649 1374 1676 1397 et
1696 1377 1738 1397 ses

99 1423 148 1449 σὺν
164 1422 347 1458 προσϐλέπειν
369 1423 544 1458 χαρακτῆρα.
566 1423 650 1450 Οὐδέν
667 1432 711 1458 μοι
723 1421 756 1459 ἦν
773 1424 823 1458 ἡδὺ
840 1432 855 1451 τ

984 1421 1067 1449 ndum
1087 1420 1171 1448 Deum
1196 1425 1275 1455 patre
1295 1418 1466 1454 optabilius?
1486 1416 1567 1444 Novit
1588 1417 1640 1444 hoc
1667 1416 1739 1444 tiliu's

99 1469 148 1495 ἐπὶ
161 1468 225 1502 γῆς,
251 1468 288 1504 μὴ
311 1468 456 1504 παρούσης
479 1470 528 1504 τῆς
549 1469 600 1502 σῆς
617 1469 772 1501 συνουσίας.
792 1470 825 1496 Τί
841 1478 858 1504 γ

984 1468 1033 1495 tris
1048 1475 1155 1499 amans.
1171 1473 1204 1494 ac
1218 1473 1283 1494 vere
1299 1472 1457 1502 germanus.
1477 1465 1547 1497 Quid
1560 1463 1655 1491 multis
1669 1469 1739 1498 opus

99 1514 209 1550 Πατρὺς
221 1514 352 1549 ἀληθινοῦ
368 1515 573 1550 ποθεινότερον,
589 1516 637 1542 καὶ
655 1515 737 1543 τοῦτο
760 1517 807 1543 ἐπὶ
825 1516 858 1543 Θε

981 1519 988 1541 t
1004 1513 1116 1541 verbis?
1130 1513 1224 1541 Dicam
1241 1512 1314 1548 quod
1329 1511 1398 1539 mihi
1415 1511 1525 1539 accidit.
1543 1509 1738 1545 Saepenumero

98 1559 328 1595 λαμϐανόμενονς
343 1558 405 1586 Οῐδε
420 1560 499 1588 τοῦτο
512 1562 579 1592 παῖς
603 1561 773 1597 φιλοπάτωρ,
791 1563 838 1589 καὶ
853 1564 857 1582 ³

980 1561 1033 1593 lim,
1050 1560 1159 1588 tametsi
1181 1560 1215 1587 ad
1238 1566 1346 1587 sacram
1362 1557 1490 1586 cellulam
1517 1562 1590 1584 luant
1608 1557 1739 1584 accedere

98 1614 155 1637 τως
182 1605 306 1641 γνήσιος.
335 1605 369 1632 Τί
389 1605 495 1632 πολλῶν
523 1606 656 1642 ῥημάτων
678 1607 773 1642 χρείας
793 1608 857 1641 ἑξείτ

979 1616 1003 1634 ιιι
1020 1607 1217 1639 instituissem,
1243 1605 1304 1633 sine
1323 1612 1406 1632 sensu
1426 1604 1517 1635 ﬁebat,
1540 1608 1570 1630 ut
1583 1603 1661 1637 quasi
1682 1607 1738 1628 tra-

97 1653 169 1687 ὅπερ
183 1651 345 1679 ὲπάνθανον.
364 1651 426 1678 Ὅτι
443 1660 495 1687 μου
510 1652 641 1685 πολλάκις
656 1654 752 1689 καὶμὴ
766 1654 856 1690 ὠρμηι

978 1659 1029 1681 :nte
1051 1653 1144 1688 aliquo
1167 1653 1201 1681 ad
1221 1657 1248 1680 te
1269 1652 1392 1679 venirem
1408 1659 1414 1678 :
1430 1651 1466 1678 it-a
1479 1654 1510 1677 ut
1523 1650 1657 1677 adventus
1673 1657 1737 1676 catt-

98 1706 147 1725 νου
165 1698 294 1733 ἔρχεσθαι
315 1699 343 1724 ὲν
358 1699 398 1732 τῷ
412 1698 483 1734 ἁγίῳ
498 1698 598 1735 κελλίῳ
611 1708 669 1733 σου,
686 1700 854 1736 ἀνεπαισθήτ

980 1709 1006 1727 m
1032 1698 1226 1735 interroganti,
1249 1698 1315 1734 quid
1338 1704 1478 1730 causarer,
1501 1696 1661 1730 plerumque
1683 1702 1737 1722 non

98 1751 170 1776 πως,
184 1743 222 1775 ὦς
234 1752 307 1776 τινος
319 1744 458 1777 ἕλκοντος,
469 1744 565 1780 ἐπῄειν
577 1746 648 1772 κατὰ
669 1746 817 1782 πρόσωπόν
834 1755 857 1773 σι

977 1745 1077 1772 ibcrem
1093 1753 1100 1772 :
1118 1751 1206 1779 usque
1228 1743 1296 1771 adeo
1318 1743 1393 1770 salus
1415 1749 1474 1769 mea
1490 1749 1522 1769 cx
1550 1745 1577 1768 te
1592 1739 1736 1774 pendebat.

98 1791 139 1822 ὡς
156 1791 287 1821 πολλάκις
302 1790 476 1826 ἐρωτῶντος,
491 1790 524 1817 Τί
538 1788 623 1827 ﬁxae;
637 1792 751 1828 ἀπορεῖν
772 1801 806 1829 με
830 1794 857 1820 ἀπ

980 1795 1097 1826 ηίιιιοιιιθ
1113 1791 1231 1826 quisque
1247 1794 1290 1817 est
1303 1789 1350 1824 qui
1364 1789 1398 1816 ad
1415 1789 1507 1816 lumen
1523 1795 1576 1814 non
1594 1785 1739 1815 occurrat?

99 1835 255 1871 κρίνεσθαι,
267 1835 352 1867 οὕτως
370 1835 422 1871 τῆς
443 1836 581 1872 σωτηρίας
597 1845 649 1872 μου
673 1838 703 1864 ὲν
718 1838 759 1865 σοὶ
771 1839 858 1874 ἁποκρ

979 1844 1049 1864 trum
1066 1837 1168 1871 gratias
1180 1836 1237 1863 Deo
1251 1843 1315 1871 ago,
1332 1839 1443 1870 propter
1457 1842 1538 1869 quem
1550 1842 1566 1861 a
1582 1837 1610 1860 te
1623 1832 1738 1860 avulsus

100 1880 239 1916 μαμένης.
257 1881 312 1907 Καὶ
326 1881 370 1912 τίς
383 1881 452 1917 πρδς
464 1881 495 1908 τὸ
510 1882 568 1916 φῶς
583 1883 633 1909 οὐκ
646 1883 800 1919 ὲπιτρέχει;
821 1885 859 1911 Ἀἰ

982 1890 1007 1910 m
1037 1883 1147 1910 illorum
1171 1881 1309 1914 manibus,
1333 1881 1380 1916 qui
1399 1880 1458 1916 ejus
1482 1880 1567 1915 legem
1590 1879 1738 1907 conculca-

98 1927 257 1962 εὐχαριστῶ
269 1927 307 1962 τῷ
314 1927 384 1962 Θεῷ,
395 1924 469 1954 διὀὖ
483 1937 530 1955 σου
543 1929 715 1965 ἐξεσπάσθην
730 1930 782 1957 ὑπὸ
792 1939 857 1968 χειρ‹

981 1933 1021 1963 nt,
1037 1933 1064 1957 et
1082 1937 1097 1956 a
1118 1928 1257 1956 similibus
1274 1927 1367 1955 exorsi
1380 1931 1456 1955 sunt.
1471 1925 1530 1953 Non
1552 1926 1667 1960 imputet
1683 1925 1737 1951 illis

96 1973 154 2000 τῶν
172 1974 354 2007 πατησάντων
368 1974 414 2000 τὸν
431 1974 514 2010 νόμον
529 1974 624 2008 αὐτοῦ,
639 1976 686 2003 καὶ
701 1977 849 2012 ἡργμένων

979 1975 1079 2003 ιιηίιιιιε
1097 1974 1169 2002 Deus
1182 1981 1261 2002 meus
1278 1978 1436 2010 peccatum;
1455 1973 1502 2001 sed
1524 1972 1558 2000 ad
1577 1971 1738 1999 temeritatis

97 2019 211 2054 ὁμοίων.
230 2019 277 2054 Μὴ
288 2020 381 2051 αὐτοῖς
394 2020 534 2056 λογισθείη
548 2021 649 2057 Κύριος
662 2023 676 2049 ὁ
691 2022 758 2054 Θεός
774 2031 825 2058 μου
844 2032 856 2050 τ

981 2022 1112 2049 nitionem
1136 2021 1198 2048 illos
1219 2020 1381 2055 compellat;
1403 2023 1433 2047 ut
1456 2019 1537 2047 nobis
1561 2019 1671 2054 quidem
1690 2025 1738 2053 pa-

98 2064 247 2100 ἁμαρτίαν·
266 2064 338 2097 ngat
351 2065 380 2091 δὲ
394 2065 434 2097 είς
456 2065 605 2100 ἐπίγνωσιν
627 2066 676 2093 τοῦ
697 2067 857 2103 τολμήματα

976 2077 1015 2096 cm
1041 2068 1203 2101 restituant;
1235 2066 1288 2101 ipsi
1317 2071 1409 2094 autem
1435 2073 1530 2101 pmnas
1559 2066 1620 2101 ejus
1653 2072 1735 2093 causa

97 2111 224 2137 κάκεῖνοι
243 2111 309 2145 περὶ
323 2110 400 2137 τοῦδε
413 2111 555 2139 ἀνεύθυνοι
574 2113 733 2148 εὑρεθῶσιν.
758 2114 856 2141 Ἑνέκλ]

977 2122 1000 2141 ιη
1020 2114 1106 2141 luant.
1123 2112 1300 2140 incluserunt
1314 2117 1350 2144 te,
1375 2115 1405 2139 ut
1428 2111 1596 2146 accepimus,
1620 2114 1736 2146 angusta

98 2155 149 2182 σάν
164 2163 206 2186 σε,
220 2154 258 2186 ὠς
273 2155 425 2190 ἐμάθομεν,
448 2156 478 2182 ἐν
503 2156 619 2192 οἰκίσκῳ
634 2157 725 2193 μικρῷ
750 2159 805 2194 (5)·
822 2159 856 2185 ἀλ

994 2160 1128 2193 aedicula;
1143 2163 1171 2186 at
1185 2158 1246 2186 caeli
1264 2158 1352 2186 civem
1376 2161 1402 2185 te
1421 2158 1625 2186 renuntiarunt.
1646 2157 1686 2185 Te
1708 2156 1735 2184 iu

95 2202 145 2227 τοῦ
161 2200 278 2236 οὐρανοῦ
301 2209 331 2227 σε
355 2202 486 2237 οἰκήτορα
512 2202 663 2236 ἀνέδειξαν.
687 2204 854 2241 Ἐφρούρησε

979 2206 1096 2235 stodiam
1117 2205 1244 2233 homines
1264 2211 1361 2232 sensus
1394 2207 1520 2238 expertes
1540 2204 1735 2238 coniecerunt.

95 2248 149 2274 οὐκ
165 2247 283 2282 ᾔσθοντο
296 2247 338 2274 δέ’
359 2247 496 2283 θησαυρὸν
509 2248 564 2283 γὰρ
580 2249 727 2284 ὁμολογίας
742 2251 819 2277 Θεοῦ·
836 2260 853 2278 κ

976 2259 1103 2279 esaurum
1134 2249 1317 2278 confessionis
1342 2249 1451 2277 divinae.
1481 2248 1528 2276 Vel
1559 2250 1623 2277 hinc
1643 2253 1735 2276 autem

94 2294 195 2320 τούτου
211 2295 303 2327 γνοῖεν
315 2293 339 2320 δ’
354 2293 400 2326 ἂν,
413 2294 493 2330 ειπερ
503 2293 638 2329 βλέψοιεν,
655 2296 696 2322 ὅτι
712 2305 742 2322 σε
757 2297 848 2332 τίμιον

978 2302 1132 2329 noscerent,
1158 2296 1182 2324 si
1204 2295 1269 2331 quid
1289 2295 1423 2328 viderent,
1447 2295 1519 2330 quod
1545 2299 1571 2323 te
1585 2294 1735 2329 pretiosum

94 2339 254 2376 ἀνθρώποις
262 2339 426 2376 ἐγνώρισαν,
438 2340 486 2368 καὶ
498 2339 595 2376 κόσμῳ
608 2342 752 2377 σωτήριον,
765 2344 813 2370 καὶ
825 2353 853 2370 π(

976 2344 1015 2371 ιυᾱ
1030 2343 1156 2370 homines
1176 2341 1355 2374 ostenderint,
1374 2346 1401 2368 et
1415 2341 1518 2368 mundo
1533 2342 1694 2373 salutarem,
1708 2345 1735 2368 et

93 2385 153 2416 λοίς
165 2385 337 2419 φιλοθέατον.

943 2390 1040 2418 multis
1054 2389 1245 2424 expetendum.

135 2430 237 2463 Ἐδέξω
259 2431 308 2462 τὰς
321 2432 435 2467 ἀτιμίας
459 2433 508 2459 καὶ
539 2432 634 2467 ὕϐρεις
660 2434 731 2469 μετὰ
755 2434 886 2469 Χριστοῦ·

978 2436 1083 2464 Probra
1103 2440 1130 2463 et
1157 2435 1337 2463 contumelias
1365 2443 1427 2462 cum
1451 2435 1561 2462 Christo
1587 2434 1731 2470 pertulisti,

93 2477 231 2512 ὲδιώχθης
257 2476 296 2508 ὡς
321 2478 475 2514 μακάριος·
492 2479 661 2514 ὲσκύρπισάν
681 2488 729 2506 σου
739 2480 773 2507 τὰ
788 2481 852 2516 πρόε

974 2482 1161 2511 :rsecutionem
1187 2488 1284 2516 passus
1297 2489 1327 2509 es
1348 2486 1378 2509 ut
1404 2482 1499 2509 beatus
1523 2491 1529 2509 ε
1547 2482 1733 2516 disperserunt

91 2531 139 2556 τα,
159 2522 203 2549 ὅτι
225 2530 256 2549 σε
279 2521 326 2549 τὸν
349 2523 468 2558 ποιμένα
486 2524 524 2556 ὡς
552 2525 670 2560 Χριστὸν
693 2525 842 2558 ἐπάταξαν.

972 2537 1008 2557 'es
1025 2533 1098 2561 tuas,
1114 2529 1178 2564 quia
1200 2533 1226 2555 te
1249 2533 1398 2563 pastorem,
1410 2529 1481 2557 sicut
1497 2528 1649 2562 Christum,
1668 2535 1731 2563 per-

93 2568 142 2596 xal.
153 2567 295 2603 τολμηρὸν
321 2568 420 2601 είπετν,
447 2569 522 2604 ὅμως
541 2569 624 2597 αὐτοῦ
648 2570 696 2598 καὶ
717 2571 734 2605 ἠ
751 2571 838 2607 φωνὴ,

972 2580 1099 2604 tsserunt.
1128 2575 1185 2603 Etsi
1219 2575 1310 2603 dicere
1341 2575 1430 2603 audax
1454 2575 1588 2609 videatur,
1610 2580 1731 2603 attamen

849 2628 968 2659 NOTAE.

128 2669 378 2716 (Ξὶζιὲζςέξξέσθείξι
390 2669 714 2716 ,ἐνθῶ-,ἔιιεοριιέιιεε
732 2673 887 2716 ed.“an

973 2678 1081 2716 ιλατίῳ.
1096 2678 1244 2716 Imperator
1256 2678 1425 2716 Bardaniunt
1433 2679 1581 2716 patricium
1590 2683 1615 2706 el
1625 2678 1732 2716 schola-

91 2705 315 2749 ‘lrjergttstant‘ini
343 2709 370 2732 et
390 2705 548 2749 lrenes."(.)
577 2705 705 2749 βασιλεὺς
723 2709 850 2749 grtiam}

968 2705 1198 2749 intidor‘uestic'um,
1215 2720 1239 2742 et
1258 2714 1392 2741 Joannem
1407 2705 1500 2749 Ofﬁcii
1514 2705 1634 2740 camitem
1644 2705 1727 2746 misit.

257 2740 457 2787 πατρίκιον
469 2742 516 2768 καὶ
525 2737 690 2787 ᾼοὲξὶέστικον
696 2737 757 2787 ’τῶν
768 2744 851 2787 Σχολᾱ

970 2737 1140 2787 ardia—.225}
1145 2737 1187 2787 ἶὶέ
1191 2737 1198 2748 ⁷
1211 2737 1524 2787 ἆὲιξῆι“”ἐὶἷᾴὶὶεῖιίιίιζέιὶ
1530 2737 1729 2787 ’ξὲᾖᾶἱὶιὶιόἶιὶί

91 2776 142 2820 re}
155 2775 296 2820 19433333
305 2776 351 2820 τδγ
366 2776 483 2820 Εδμτιτα
496 2777 544 2820 τεῷ
562 2775 695 2820 θοφιιείορν
708 2780 757 2820 ,κει
771 2775 850 2815 εῖδήγ

971 2784 1076 2820 icltaelir
1086 2784 1201 2820 emicuit
1212 2775 1316 2813 militia:
1326 2775 1454 2820 principis
1466 2775 1493 2811 in
1503 2775 1730 2819 palatioerectam

91 2816 142 2847 γέν
152 2809 201 2847 τὸν
213 2809 347 2847 Πλάτωνα
365 2809 472 2847 είςτὴν
488 2813 578 2844 πόλιν,
595 2809 643 2839 καὶ
660 2809 885 2847 ἀπέκλεισιν”ἐίς

99 2843 281 2881 Ἑγκεῖστραν
299 2845 328 2873 ὸν
344 2846 384 2882 τῷ
406 2843 463 2883 ναῷ
476 2847 525 2875 τοῦ
546 2843 783 2884 ’Ᾱρχιστρατηγοῦ
799 2851 828 2876 ὲν
842 2843 882 2885 τῷ
