1924 3077
174 123 222 155 Sil

769 115 800 144 S.
816 111 1012 144 THEODORI
1032 109 1206 141 STUDlT/E

1750 99 1808 132 912

175 177 257 212 ipsius
266 183 318 203 vox
329 178 372 203 est
384 183 390 201 :
400 173 430 207 Si
441 180 482 201 me
501 171 629 208 persecuti
642 174 745 203 sunt,“
755 177 799 196 vos
809 176 968 204 persequen-

1029 167 1071 202 ψὲ
1084 165 1227 198 ἐδίωξαν,
1247 164 1294 191 καὶ
1308 162 1387 198 ὑμᾶς
1412 160 1555 194 διώξουσι
1566 167 1574 175 ·
1589 158 1636 186 καὶ
1647 157 1742 212 silit}.
1755 157 1807 183 ὅσα

176 229 219 252 tur
233 224 262 255 ⁵;
275 227 302 250 et
315 226 425 254 caetera,
442 227 503 255 quae
520 219 609 254 ipsum
623 216 794 252 sequentium
810 213 963 243 similitudi-

173 276 236 296 nem
257 267 416 295 declarant:
430 265 461 293 Si
475 269 562 292 tamen
585 263 636 298 ipsi
649 262 836 297 compatimur,
847 264 878 288 ut
902 267 962 287 ma-

176 322 246 348 gnus
259 313 359 341 Paulus
371 313 418 346 ait,
438 316 468 339 ut
489 316 514 338 et
526 309 754 346 congiori/icemur
766 308 788 336 ⁸.
803 307 892 342 Atque
907 306 965 334 haec

177 360 286 394 quidem
303 360 330 387 in
344 359 417 386 hunc
442 357 564 385 modum.
593 354 658 382 Mihi
670 361 736 381 vero
751 352 865 388 prodigo
882 355 910 379 et
922 351 965 378 in-

178 404 271 438 digno,
284 403 386 431 sanctis
402 401 529 436 precibus
555 399 620 430 tuis,
645 398 726 426 Pater
738 397 823 433 juste,
838 395 967 424 consola-

181 451 280 477 tionem
304 449 375 476 hanc
398 448 512 483 largitus
538 451 580 474 est
604 444 763 473 misericors
788 442 872 475 Deus,
893 445 967 470 utet

181 495 277 530 spiritu
295 499 384 522 tecum
413 493 475 521 sim.
495 492 541 520 Sic
556 491 628 519 enim
646 497 753 525 semper
767 496 830 524 ago,
848 488 927 524 qttasi
941 491 968 516 te

181 542 298 571 videam,
313 539 392 575 quasi
423 543 512 566 tecum
545 537 654 572 loquar,
680 536 758 571 quasi
783 534 967 570 precationem

183 587 343 622 percipiant,
359 585 437 620 quasi
456 589 592 619 protegar,
610 582 690 618 quasi
706 586 816 609 mutuos
827 580 968 608 conferam

183 637 323 658 sermones
338 630 371 657 ad
383 629 570 657 stabiliendam
582 627 780 656 confessionem
802 633 884 661 quam
901 632 970 653 con-

186 675 272 704 I-ssus
289 683 328 702 es.
355 675 390 701 At
407 674 474 701 mihi
494 673 587 701 videor
611 676 736 707 percepta
759 678 824 699 voce
845 675 890 698 tua
912 670 971 698 haec

183 722 279 748 audire
292 729 299 748 :
312 720 411 747 Pusille
428 719 579 750 Theodore,
593 719 719 753 exiguum
734 721 777 744 est
790 723 882 744 revera
898 715 970 750 quod

184 767 328 800 aﬂligimur
345 774 352 798 ;
368 766 431 801 quia
451 773 526 799 spem
540 764 695 799 praeclaram
709 763 789 791 offert
811 762 893 789 Deus.
908 761 971 789 Haec

184 812 250 839 mihi
269 816 335 839 sunt
350 811 512 842 consolatio,
525 810 581 838 haec
594 809 767 837 refocillatio.
792 808 833 835 Ne
846 807 972 834 reformi-

1014 213 1071 242 τοῖς
1093 209 1287 238 ἀκολουθοῦσιν
1309 208 1384 243 αὗτῷ
1411 207 1490 243 φέρει
1519 205 1571 241 τὴν
1584 202 1786 232 ταυτοπάθειαν
1799 210 1808 218 ο

1016 257 1110 291 Εἵπερ
1130 256 1187 291 γὰρ
1215 254 1443 289 συμπάσχομεν
1461 250 1548 286 αὐτῷ,
1571 249 1610 282 ὥς
1624 257 1708 284 φησιν
1720 248 1736 274 ὸ
1756 247 1814 282 μέ-

1015 311 1068 338 γας
1084 301 1201 334 Παῦλος,
1223 301 1274 328 ἵνα
1296 299 1347 326 καί
1367 296 1636 330 συνδοξασθῶμεν.
1660 294 1716 321 Καὶ
1736 293 1813 320 οὓτω

1018 348 1069 384 μὲν
1086 348 1186 375 ταῦτα.
1202 346 1283 382 Ἐμοὶ
1296 345 1326 373 δὲ
1338 344 1379 380 τῷ
1392 344 1491 378 ἀσώτῳ
1505 342 1554 370 καὶ
1567 340 1682 375 ἀναξίῳ,
1694 339 1740 367 διά
1752 338 1813 365 τῶν

1018 394 1072 422 σῶν
1087 394 1173 428 ἀγίων
1183 392 1284 428 εὐχῶν,
1311 391 1403 426 Πάτερ
1422 389 1523 421 δίκαιε,
1545 387 1693 423 ἐχαρίσατο
1706 386 1721 413 ὁ
1732 385 1814 420 ἐλεή-

1018 449 1079 477 μων
1089 440 1192 476 Κύριος
1210 438 1394 474 παράκλησιν.
1416 436 1464 464 καὶ
1475 436 1507 462 τὸ
1519 435 1549 462 ὲν
1567 434 1704 469 πνεύματι
1719 432 1814 458 συνετ-

1017 488 1063 517 ναί
1078 497 1118 515 σοι
1129 495 1136 503 '
1151 487 1211 522 είμὶ
1231 486 1286 522 γὰρ
1308 486 1352 513 ἀεὶ
1370 485 1408 516 ὡς
1432 483 1503 520 δρῶν
1524 491 1555 509 σε
1576 481 1625 509 καὶ
1639 480 1742 515 ὁμιλῶν
1756 486 1813 511 σοι,

1018 534 1067 562 καὶ
1077 533 1116 565 ὡς
1132 532 1314 568 κομιζόμενος
1327 532 1378 567 τὴν
1397 530 1491 566 εὐχὴν,
1504 529 1551 557 καὶ
1567 528 1606 560 ὼς
1630 526 1814 562 σκεπόμενος,

1018 578 1066 606 καὶ
1077 577 1116 610 ὡς
1129 577 1216 609 διδοὺς
1228 576 1276 604 καὶ
1292 576 1440 612 λαμϐάνων
1453 574 1552 608 λόγους
1565 574 1606 605 είς
1620 572 1746 608 ἓδρασμα
1761 570 1814 605 τῆς

1018 623 1165 659 ὁμολογίας
1179 619 1214 658 ἦς
1228 621 1420 658 ὡμολόγησας.
1441 620 1498 648 Καὶ
1513 618 1585 646 δοκῶ
1602 626 1649 645 σου
1658 616 1814 650 ὲιιταῖούσης

1020 670 1069 702 τῆς
1081 670 1174 704 φωνῆς
1186 668 1275 695 ταῦτα
1288 667 1411 695 ἀκούειν·
1427 665 1545 693 Ta.me
1566 664 1700 699 Θεόδωρε,
1714 661 1815 698 μικρὸν

1020 715 1105 747 ὅντως
1121 713 1364 749 ταλαιπωροῦμεν,
1379 712 1442 740 ἐπεὶ
1457 711 1543 746 καλὴν
1560 710 1639 745 φέρει
1654 710 1669 736 ὸ
1681 708 1748 740 Θεὸς
1762 707 1816 742 τὴν

1021 761 1128 789 ιλπίδα.
1145 760 1238 788 Ταῦτά
1259 769 1305 796 μοι
1328 758 1498 795 παρηγορία,
1519 757 1605 785 ταῦτα
1617 755 1755 791 ἀναψυχή.
1767 754 1816 790 Μὴ

1024 808 1126 844 δείσῃς,
1142 807 1245 842 Πάτερ,
1263 806 1296 833 δι’
1308 806 1359 841 ιμὲ
1371 806 1419 833 τὸν
1432 805 1526 832 δοῦλόν
1546 812 1594 831 σου
1605 803 1653 830 καὶ
1669 802 1818 829 παντάπα-

183 858 243 889 des,
258 856 349 890 Pater,
365 856 416 884 mei
431 863 524 888 causa,
540 855 586 890 qui
611 861 706 882 servus
731 859 795 881 tuus
812 861 873 880 sum
891 852 972 887 plane

1029 862 1068 880 σιν
1082 843 1304 889 ἀπερριμμένον.
1312 852 1368 879 Καὶ
1377 852 1432 887 γάρ
1440 852 1498 886 ειμι
1512 849 1561 877 τοῦ
1575 847 1691 884 οὐρανοῦ
1704 847 1753 876 καὶ
1764 847 1816 882 τῆς

185 903 319 936 abjectus,
335 901 396 929 caeli
417 905 551 936 terraeque
567 900 715 935 piaculum,
730 899 886 926 mortalium
909 905 970 925 out-

185 947 262 974 nium
288 945 492 981 frigidissimus.
519 944 615 972 Verum
637 948 727 971 tamen
749 943 841 971 dicere
871 943 971 975 audeo,

186 997 316 1026 tanquam
331 998 378 1026 spe
388 991 459 1018 bona
474 995 571 1026 praeter
590 990 722 1017 meritum
745 989 841 1023 frctus,
860 996 971 1017 sursum

184 1042 322 1070 spectans,
341 1037 535 1064 intercessione
550 1041 595 1063 tua
607 1037 810 1066 corroboratus.
824 1043 878 1063 non
893 1035 928 1063 ob
940 1042 972 1062 ea

182 1083 353 1111 iusolescens
374 1090 435 1118 quae
448 1090 546 1116 passus
560 1090 621 1110 sum
640 1091 648 1114 ;
666 1081 714 1110 sed
732 1089 776 1110 me
790 1081 880 1117 ipsum
892 1081 972 1109 dam-

185 1137 253 1157 nans
268 1130 371 1163 potius,
393 1129 466 1164 quod
479 1136 533 1156 non
552 1127 668 1160 fortiter,
692 1134 742 1154 nec
764 1131 795 1154 ut
806 1126 930 1158 decebat.
947 1130 975 1154 et

185 1175 256 1210 quod
284 1182 380 1209 pauca.
396 1174 553 1208 nulliusque
582 1173 725 1203 momenti.
738 1172 860 1200 vivificas
879 1172 974 1200 consi—

184 1221 285 1249 dcrans
298 1221 440 1256 passiones
451 1224 620 1248 sanctorum.
632 1219 663 1246 ln
678 1219 762 1246 multa
781 1219 853 1246 enim
867 1223 976 1252 marty-

186 1266 226 1292 ria
252 1265 334 1292 incidi
364 1264 507 1291 duodecim
525 1262 708 1290 voluminibus
734 1262 881 1296 dem-ripta,
898 1261 934 1287 ita
946 1265 976 1288 ut

186 1316 236 1337 cor
245 1310 460 1342 obstupesceret,
477 1316 527 1336 nec
541 1315 584 1335 me
596 1308 700 1343 aliquid
713 1315 762 1342 pro
777 1306 888 1334 Christo
915 1314 976 1340 pas-

187 1363 248 1383 sum
265 1355 355 1383 dicere
374 1356 514 1383 auderem.
541 1353 612 1387 Quid
637 1361 719 1389 porro
744 1353 864 1384 dulcius,
884 1352 975 1385 Pater,

187 1406 318 1437 tanquam
334 1409 430 1429 servus
442 1409 570 1437 suggero,
585 1408 668 1436 quam
683 1407 733 1435 pro
749 1400 809 1435 ipso
821 1400 894 1435 pati?
907 1398 976 1427 Sur-

188 1457 250 1477 sum
277 1449 378 1484 aspice,
391 1448 482 1480 Pater,
497 1456 579 1477 cerne
595 1447 751 1481 Dominum,
773 1447 877 1474 intuere
896 1454 978 1481 ange-

188 1496 278 1523 iorum
289 1495 441 1526 discursus,
456 1494 597 1522 considera
609 1498 765 1522 sanctorum
780 1493 879 1522 choros
893 1501 900 1519 :
917 1492 977 1519 vide
991 1511 1013 1540 ο

189 1541 216 1568 in
242 1541 316 1568 edito
334 1544 362 1567 et
384 1539 495 1568 sublimi
520 1538 590 1567 solio
605 1537 728 1566 Judicem
754 1538 861 1571 mundi,
886 1538 931 1573 qui
952 1542 979 1565 te

190 1587 296 1614 fidelem
310 1593 418 1613 servum
435 1589 688 1620 praeceptoruntque
704 1591 819 1612 suorum
836 1584 978 1612 custodem

189 1630 454 1666 pronuntiabitJet,
477 1630 550 1664 quod
580 1629 669 1663 majus
698 1633 751 1662 est,
781 1627 978 1657 confessorem.

190 1675 293 1703 Deinde
308 1682 427 1710 quonam
455 1678 481 1702 te
495 1673 602 1701 mittet!
616 1672 675 1700 Non
688 1673 716 1700 in
729 1672 820 1708 ignem
837 1677 978 1704 aeternum,

190 1723 237 1758 qui
257 1721 309 1758 legi
333 1721 393 1757 eius
420 1728 475 1748 non
492 1720 676 1754 obsequentes
688 1718 789 1753 excipit
803 1726 811 1746 :
825 1717 872 1745 sed
889 1718 923 1744 ad
940 1717 981 1744 vi-

191 1769 257 1796 tales
269 1768 357 1801 sedes,
375 1767 408 1795 ad
427 1766 544 1802 quietem
567 1764 760 1797 immortalem.
776 1763 810 1792 ad
837 1763 981 1799 sempiter-

191 1822 254 1842 nam
273 1815 494 1848 immensamque
505 1811 638 1843 laetitiam.
651 1810 741 1842 Intra,
753 1809 843 1845 inquit
856 1809 942 1842 enim,
952 1810 980 1836 in

190 1859 319 1894 gaudium
345 1857 452 1885 Domini
468 1856 526 1883 tui'
537 1876 544 1883 .
561 1855 689 1882 Omnium
709 1859 834 1882 nostrum
850 1854 924 1882 oculi
947 1854 981 1881 ad

191 1910 218 1932 te
233 1904 375 1932 collimant
387 1911 394 1929 :
408 1909 504 1928 omnes
515 1905 541 1928 te
552 1903 641 1927 stante
653 1899 758 1934 magnis
774 1903 802 1926 et
811 1898 910 1926 erectis
927 1897 983 1925 ani-

192 1950 245 1977 mis
263 1956 369 1976 sumus.
395 1946 475 1974 Adsit
490 1945 539 1974 tibi
561 1945 643 1972 etiam
659 1949 740 1979 atque
752 1944 834 1972 etiam
849 1943 981 1971 auxilium

194 1994 240 2021 Dei
251 1993 376 2020 muniens
392 1997 429 2025 te,
444 1992 610 2019 conﬁrmans
626 1994 662 2023 te,
675 1989 869 2017 constabiliens
883 1994 919 2022 te,
931 1989 984 2017 for-

192 2041 289 2068 tiorem
314 2039 430 2066 reddens
444 2042 481 2065 te.
511 2036 563 2070 Qui
594 2036 679 2064 Deum
711 2037 802 2069 times,
826 2044 861 2063 ne
887 2036 983 2064 timeas

192 2085 265 2122 quod
281 2085 345 2112 fecit
366 2084 414 2112 tibi
433 2084 515 2111 homo
525 2082 547 2116 ⁸,
561 2088 609 2110 aut
624 2082 681 2110 fors
695 2082 778 2110 etiam
794 2081 916 2110 facturus
930 2086 981 2109 est.

194 2132 318 2161 Confidis
340 2133 367 2160 in
398 2131 525 2164 Domino,
543 2139 622 2159 mons
635 2138 665 2158 es
679 2130 757 2163 Sion,
778 2137 833 2158 non
863 2138 984 2158 commo-

194 2179 300 2207 veberis
329 2179 356 2206 in
385 2182 517 2205 aeternum
530 2178 541 2194 ’
556 2185 562 2204 :
579 2176 774 2204 iultabitantem
797 2176 870 2204 enim
898 2176 982 2204 habes
998 2175 1020 2204 D

193 2231 318 2259 supernae
334 2222 485 2250 Jerusalem
501 2221 670 2250 conditorem
679 2226 705 2249 et
720 2221 912 2249 architectum.
935 2221 981 2249 Vi-

192 2271 316 2298 rulentas
337 2274 365 2297 et
385 2269 418 2296 ad
435 2268 558 2295 fraudem
575 2267 744 2302 compositas
767 2274 863 2294 eorum
888 2275 981 2300 voces,

192 2317 239 2352 qui
254 2317 302 2343 tibi
315 2315 483 2350 serpentium
510 2314 563 2341 ritu
581 2314 766 2346 insusurrant,
783 2318 863 2349 teque
877 2322 892 2341 a
907 2314 982 2342 vitali

192 2363 317 2390 veritatis
331 2362 407 2397 ligno
422 2361 559 2389 abducere
574 2360 679 2393 volunt,
696 2359 769 2396 fuge,
782 2364 810 2387 et
829 2368 912 2388 aures
933 2361 983 2387 oh-

194 2408 284 2440 ﬁrma,
305 2408 412 2435 veritati
440 2407 518 2434 firme
547 2406 700 2437 adherens.
722 2406 869 2442 multisque
897 2414 983 2434 sacrae

194 2454 342 2489 Scriptura:
355 2460 387 2480 ac
409 2452 518 2488 piorum
539 2452 623 2480 etiam
642 2451 784 2479 hominum
808 2452 983 2484 testimoniis.

193 2500 226 2527 ad
247 2499 432 2527 omnimodam
458 2498 676 2526 immobilitatctn
690 2498 849 2529 obstrictus.
865 2504 893 2526 ut
908 2499 983 2526 vocis

192 2554 302 2583 quoque
326 2546 398 2574 illius
423 2545 530 2573 lattdem
558 2551 739 2578 consequare.
757 2543 811 2576 Qui
837 2544 899 2577 facit
917 2544 983 2576 Iure,

193 2603 244 2622 non
256 2593 401 2621 movebitur
420 2593 449 2619 in
465 2596 593 2619 internum
611 2591 643 2617 ¹⁰.
656 2589 720 2617 Sani
738 2589 836 2617 fratres
851 2594 913 2617 sunt
926 2597 985 2616 om-

193 2648 242 2669 nes
258 2650 265 2667 :
283 2639 412 2667 dominus
426 2638 560 2666 diaconus
584 2636 665 2664 Pater
693 2643 782 2669 meus,
797 2634 885 2662 dulcis
901 2634 985 2662 frater

192 2692 282 2718 meus,
299 2693 331 2713 ac
354 2684 442 2720 magis
455 2691 529 2711 nunc
556 2683 655 2710 merito
677 2681 984 2715 desiderabilis.reliqui

192 2732 275 2760 etiam
290 2731 382 2760 dilecti
402 2731 469 2758 mihi
483 2735 510 2758 et
538 2729 691 2757 honorandi
709 2727 755 2755 filii
779 2728 817 2754 tui
832 2736 840 2761 ;
858 2735 907 2762 pro
920 2728 983 2763 qui—

193 2790 238 2851 xl:
251 2788 331 2850 Jgan.
346 2797 391 2820 xv,
405 2788 451 2816 20.
489 2788 500 2804 ⁶
511 2787 590 2815 Rom.
602 2795 660 2818 vui,
674 2787 716 2813 ΓΙ.

755 2787 764 2799 ⁷
780 2785 873 2814 Matth.
892 2795 957 2821 xxv,
984 2788 1030 2817 25.

1021 900 1073 935 γῆς
1097 900 1218 935 μίασμα,
1237 900 1286 928 καὶ
1309 898 1411 930 παντὸς
1431 897 1579 933 ἀνθρώπου
1603 894 1817 930 κατεψυγμένος

1024 945 1134 980 μᾶλλον.
1157 945 1232 982 Πλὴν
1258 945 1351 981 τολμῶ
1374 936 1464 979 λέγειν
1487 944 1527 975 ὡς
1551 941 1660 974 ἀνάξιος
1687 940 1817 972 εὔελπις,

1022 990 1080 1018 ἄνω
1090 990 1198 1025 βλέπων
1213 990 1299 1027 ρωννύ
1304 999 1385 1026 μενος
1396 989 1450 1017 ὑπὸ
1457 989 1510 1024 τῆς
1523 989 1574 1024 σῆς
1590 987 1752 1023 πρεσϐείας,
1764 986 1818 1013 οὒκ

1023 1036 1183 1063 ἀπευδοκῶν
1198 1038 1239 1069 εἰς
1249 1036 1387 1069 ἃεπαθον,
1403 1035 1630 1071 ἐπιμεμφόμενος
1641 1033 1669 1060 δὲ
1683 1032 1817 1068 ἐμαυτὸν,

1024 1084 1065 1111 ὃτι
1084 1084 1121 1119 μὴ
1134 1084 1266 1120 ἀνδρείως
1278 1086 1327 1112 καὶ
1340 1083 1412 1111 κατὰ
1422 1083 1512 1118 λόγον,
1532 1082 1580 1109 καὶ
1600 1081 1642 1108 ὃτι
1663 1080 1742 1114 ὀλίγα
1768 1079 1820 1106 καὶ

1025 1129 1133 1161 οὐδενὸς
1159 1119 1223 1162 ἄξια
1250 1129 1363 1165 ἀφορῶν
1390 1129 1459 1165 πρὸς
1479 1128 1514 1155 τά
1533 1127 1654 1160 ζωοποιά
1673 1125 1748 1161 τάθη
1762 1119 1820 1152 τῶν

1025 1174 1123 1208 ἁγίων.
1139 1175 1265 1209 Ἐγένετό
1274 1183 1319 1210 μοι
1330 1174 1384 1210 γὰρ
1400 1174 1507 1200 πολλῶν
1524 1172 1645 1205 ἔντευξις
1658 1170 1821 1206 μαρτυρίων

1026 1221 1056 1246 ὲν
1074 1220 1179 1247 δώδεκα
1191 1215 1294 1252 δέλτοις
1304 1219 1564 1256 ἀπογεγραμμένων
1575 1227 1581 1233 ⁸
1593 1218 1664 1245 ὥστε
1678 1217 1821 1252 παταχθῆ-

1026 1274 1071 1293 ναι
1084 1266 1134 1302 τὴν
1145 1266 1272 1302 καρδίαν,
1284 1266 1331 1294 καὶ
1353 1266 1422 1302 μηδὲ
1434 1266 1536 1302 τολμᾷν
1550 1265 1643 1300 λέγειν
1657 1265 1700 1292 ὅτι
1714 1264 1821 1292 ἔπαθόν

1027 1320 1054 1338 τι
1069 1310 1113 1338 διὰ
1126 1311 1256 1347 Χριστόν.
1278 1312 1334 1338 Καὶ
1352 1311 1378 1338 τί
1398 1310 1576 1346 γλυκύτερον,
1600 1309 1701 1345 Πάτερ.
1715 1309 1822 1343 ὑπομι-

1028 1357 1142 1392 μνήσκω
1153 1357 1192 1389 ὡς
1205 1356 1310 1389 δοῦλος,
1332 1356 1379 1384 τοῦ
1402 1356 1437 1383 δι’
1452 1356 1535 1384 αὑτὸν
1558 1356 1693 1391 πάσχεινς
1710 1354 1820 1390 ’Δθρει,

1029 1401 1135 1436 Πάτερ,
1156 1401 1227 1428 ἄνω·
1241 1402 1293 1437 ὅρα
1316 1401 1362 1429 τὸν
1377 1401 1490 1436 Κύριον,
1508 1401 1646 1428 ἐπόπτευε
1668 1400 1718 1432 τὰς
1732 1401 1822 1434 ἀγγε-

1027 1446 1136 1480 λοοεῖας
1146 1455 1153 1462 ·
1169 1447 1309 1480 ἐνατένιζε
1323 1448 1373 1480 τὰς
1390 1447 1583 1483 ἁγιοχορείας·
1601 1447 1639 1474 ἴδε
1659 1447 1707 1474 επὶ
1722 1446 1822 1482 θρόνου

1027 1495 1133 1530 ὑψηλοῦ
1155 1495 1201 1523 καὶ
1223 1495 1382 1532 ἐπηρμένου
1400 1497 1448 1522 τδν
1461 1493 1566 1530 Κριτὴν
1586 1493 1633 1521 τοῦ
1649 1494 1754 1528 κόσμου
1766 1501 1774 1509 ·
1791 1494 1822 1525 ὃς

1030 1551 1060 1568 σε
1077 1540 1244 1577 ἀνακηρύξει
1264 1541 1360 1568 πιστὸν
1383 1540 1490 1572 δοῦλον,
1505 1539 1621 1567 καὶτῶν
1637 1538 1755 1566 ἐντολῶν
1769 1539 1823 1566 αὑ-

1029 1587 1077 1613 τοῦ
1091 1586 1223 1622 τηρητὴν,
1236 1587 1295 1619 καὶ,
1308 1586 1340 1613 τὺ
1361 1585 1453 1622 μεῖζον
1464 1605 1472 1618 ,
1486 1585 1668 1622 όμολογητήν.
1685 1582 1754 1612 Εἶτα
1769 1584 1823 1611 1οοῦ

1031 1641 1062 1659 σε
1077 1632 1256 1668 πέμψειςούκ
1270 1632 1311 1664 είς
1324 1631 1381 1668 πῦρ
1397 1631 1520 1664 αἰώνιον,
1532 1631 1601 1666 ὅπερ
1609 1631 1747 1666 λαμϐάνει
1757 1630 1824 1662 τοὺς

1030 1678 1155 1710 ἀπειθεῖς
1168 1677 1215 1704 τοῦ
1229 1677 1314 1713 νόμου
1327 1677 1411 1705 αὑτοῦ
1421 1686 1428 1694 ’
1442 1677 1501 1705 ἀλλ’
1509 1677 1549 1709 είς
1562 1675 1696 1712 ξωοδόχον
1708 1676 1822 1712 χωρίον,

1031 1724 1079 1751 καὶ
1095 1723 1229 1750 ἀθάνατον
1243 1723 1426 1755 κατάπαυσιν,
1442 1724 1491 1750 καὶ
1503 1722 1769 1758 ἀπειροαγαλλίατον
1778 1723 1825 1749 εὗ-

1032 1769 1170 1806 φροσύνην
1179 1769 1243 1806 [ms.
1254 1769 1322 1806 Reg.
1336 1769 1549 1806 θεοφροσύνηνῙ.
1561 1769 1825 1804 Ετσελθεγάρ,φη-

1033 1816 1137 1850 σὶν,εις
1144 1816 1204 1850 τὴν
1212 1816 1310 1851 χαρὰν
1317 1816 1372 1843 τοῦ
1381 1816 1494 1850 Κυρίου
1505 1822 1575 1843 σου.
1586 1816 1700 1843 Πάντων
1710 1816 1789 1851 ἡμῶν
1797 1815 1824 1842 οι

1032 1861 1169 1898 ὀφθαλμοὶ
1181 1863 1221 1894 είς
1233 1862 1263 1889 ei
1282 1861 1423 1897 βλέπουσι.
1437 1862 1542 1893 Πάντες
1563 1860 1822 1897 μεγαλοψυχοῦμεν,

1034 1908 1081 1935 σοῦ
1089 1908 1273 1945 ὴδρασμένου.
1283 1907 1335 1944 Εῐη
1348 1916 1390 1936 σοι
1398 1909 1445 1935 ἰπὶ
1455 1907 1538 1935 πλέον
1549 1908 1567 1943 ἡ
1578 1907 1690 1943 βοήθεια
1697 1907 1746 1934 τοῦ
1754 1907 1823 1934 Θεοῦ

1033 1955 1172 1990 ὀχυροῦσά
1181 1963 1222 1987 σε,
1233 1955 1392 1991 δυναμοῦσά
1400 1963 1443 1986 σε,
1452 1954 1601 1982 εὖτονοῧσά
1609 1963 1650 1986 σε,
1661 1953 1825 1989 ἀνδρειοῦσά

1034 2009 1075 2027 σε.
1098 2000 1128 2027 '0
1145 2000 1191 2028 τὸν
1209 2000 1278 2028 Θεὸν
1293 2000 1476 2036 φοϐούμενος,
1492 1999 1532 2036 μὴ
1546 1999 1670 2036 φοϐηθῇς
1682 2000 1697 2026 δ
1710 1999 1823 2035 ἐποίησέ

1034 2054 1075 2073 σοι
1089 2046 1242 2082 ἄνθρωπος,
1259 2046 1277 2082 ἢ
1296 2047 1344 2074 καὶ
1365 2047 1475 2082 ποιήσει
1504 2046 1597 2081 τυχόν.
1619 2045 1759 2076 Πέποιθας
1777 2045 1825 2072 ἐπὶ

1034 2092 1148 2128 Κύριον,
1163 2092 1227 2128 δρος
1241 2090 1267 2119 ei
1280 2092 1361 2126 Σιὼν,
1376 2092 1407 2119 οὐ
1420 2091 1631 2127 σαλευθήσῃ,είς
1653 2091 1697 2118 τὸν
1715 2091 1802 2118 αἰῶνα
1814 2099 1822 2106 ·

1034 2138 1164 2166 κάτοικον
1177 2137 1233 2174 γάρ
1244 2138 1317 2174 ἔχεις
1331 2138 1379 2165 τὸν
1391 2138 1443 2173 τῆς
1460 2138 1518 2166 ἀνω
1537 2137 1716 2173 Ἰερουσαλὴμ
1734 2137 1824 2172 τεχνί-

1033 2192 1084 2218 την
1100 2183 1147 2211 καὶ
1162 2183 1340 2219 δημιουργόν.
1355 2183 1414 2216 Τὰς
1439 2183 1560 2215 ίοόόλους
1572 2182 1675 2218 φωνὰς,
1689 2182 1739 2209 καὶ
1754 2183 1825 2209 ἀπα-

1033 2228 1200 2262 τηλοθελεϊς,
1215 2228 1269 2255 τῶν
1290 2228 1329 2260 ὡς
1345 2227 1435 2263 δφεων
1457 2227 1674 2264 ὑποσυρομένων
1699 2235 1754 2260 σοι,
1778 2227 1826 2254 καὶ

1035 2274 1166 2302 θελόντων
1179 2283 1209 2301 σε
1223 2274 1271 2302 τοῦ
1280 2274 1361 2308 ξύλου
1373 2274 1421 2301 τοῦ
1431 2273 1548 2307 ζωτικοῦ
1565 2275 1615 2310 τῆς
1626 2273 1756 2308 ἀληθείας
1774 2275 1827 2301 ἀπα

1036 2319 1110 2353 άξαι,
1132 2319 1230 2355 φεῦγε,
1245 2319 1294 2346 καὶ
1308 2318 1437 2351 ἑνωτίζου
1454 2319 1529 2352 ἅπαξ
1551 2318 1735 2355 κραταιωθιὶς
1747 2319 1778 2346 ὲν
1791 2319 1825 2354 τῇ

1035 2364 1161 2401 ἀληθείᾳ,
1176 2365 1225 2392 καὶ
1239 2365 1284 2392 διά
1298 2364 1402 2392 πολλῶν
1417 2365 1575 2401 μαρτυριῶν
1589 2365 1640 2400 τῆς
1656 2364 1739 2399 ἁγίας
1753 2364 1773 2391 Γ
1775 2373 1827 2401 ρα-

1035 2411 1091 2446 φῆς
1106 2410 1295 2446 συσφιγχθεὶς,
1307 2409 1364 2437 ἐσθ’
1379 2411 1424 2437 ὅτε
1443 2410 1492 2438 καὶ
1517 2410 1671 2446 ἀνθρώπων
1691 2410 1824 2443 εὐσεϐῶν,

1036 2457 1076 2489 είς
1103 2457 1223 2492 παντελῆ
1242 2457 1389 2493 ἀκινησίαν
1400 2465 1407 2473 υ
1422 2457 1499 2489 ὅπως
1518 2456 1603 2493 τεύξῃ
1624 2456 1758 2491 κάκείνης
1774 2456 1826 2491 τῆς

1036 2503 1130 2539 φωνῆς
1145 2504 1177 2530 τὺ
1199 2504 1339 2539 ἐγκώμιον
1351 2512 1359 2521 ·
1377 2503 1410 2531 '0
1429 2502 1524 2530 ποιῶν
1536 2502 1642 2535 ταῦτα,
1660 2502 1697 2530 οὺ
1711 2503 1824 2529 σαλευ-

1034 2551 1160 2584 θήσονται
1188 2551 1233 2582 είς
1261 2550 1315 2577 τὸν
1338 2549 1441 2577 αἰῶνα.
1464 2549 1651 2583 Ὺγιαίνουσιν
1671 2548 1696 2575 οἱ
1721 2548 1823 2579 πάντες

1034 2595 1155 2630 ἀδελφοὶ,
1172 2596 1186 2623 ὁ
1201 2595 1295 2631 κύριος
1318 2595 1443 2627 διάκονος
1455 2596 1470 2621 ό
1490 2595 1585 2630 Πατήρ
1601 2602 1664 2629 μου,
1687 2593 1703 2619 ὁ
1720 2593 1824 2628 γλυκύς

1037 2649 1088 2676 μου
1102 2641 1227 2676 ἀδελφὸς,
1243 2641 1292 2669 καὶ
1306 2641 1354 2668 νῦν
1370 2640 1472 2677 μᾶλλον
1484 2639 1567 2672 ἀξίως
1585 2638 1783 2674 περιπόθητος,
1798 2639 1823 2664 oi

1035 2687 1126 2714 λοιποὶ
1141 2687 1299 2723 προσφίλιοι
1313 2687 1361 2714 καὶ
1374 2686 1461 2722 τίμιοί
1473 2693 1536 2721 μου,
1551 2685 1598 2712 καὶ
1614 2685 1698 2712 τέκνα
1713 2692 1773 2717 σου,
1785 2681 1825 2715 οἷς

1036 2733 1086 2760 σὺν
1100 2734 1163 2768 spot
1177 2735 1256 2767 πᾶσι,
1273 2733 1374 2769 Πάτερ,
1386 2731 1479 2768 εὔχου.
1497 2731 1602 2763 Πάντες
1622 2730 1716 2757 οὔτῶν
1731 2729 1825 2765 εὐδρο-

1086 2790 1097 2805 ⁸
1115 2789 1188 2818 Psal.
1239 2797 1281 2823 LV,
1298 2789 1325 2818 5.
1380 2788 1479 2818 'Psal.
1507 2795 1599 2825 exatv,
1632 2789 1644 2815 1
1716 2787 1739 2802 ¹⁶
1751 2785 1823 2814 Psal-
