1924 3077
102 171 158 204 913

723 173 997 206 EPISTOLARUM
1013 176 1087 206 LIB.
1105 176 1131 208 Ι.

1629 173 1751 226 ‘sit

101 231 184 269 μοῦσι
197 240 205 248 ·
219 231 340 267 ποθητδν
352 231 447 263 αὐτοῖς
468 231 550 267 μόνον
560 232 577 267 ἡ
598 232 632 269 σὴ
645 232 725 266 ὑγεία
748 234 778 260 ὲν
794 235 877 271 Κυρίι

932 250 940 268 ι
954 236 1005 264 bus
1015 237 1145 265 omnibus
1157 244 1277 269 mecum,
1296 237 1391 269 Pater.
1403 244 1462 265 ora.
1478 237 1582 266 Omnes
1598 244 1674 268 recte
1685 249 1750 270 cur-

98 279 148 306 καὶ
163 278 320 315 εὐφόρητον
339 277 395 305 πᾶν
411 277 502 304 ὁτιοῦν
513 277 642 307 παθοῦσι.
656 279 769 311 Πάντως
790 280 838 308 καὶ
851 281 898 308 λυ-

98 324 242 360 πούμεθα,
268 323 318 351 καὶ
341 323 553 359 ἀδημονοῦμεν,
580 325 627 352 καὶ
649 324 832 361 ἁσχάλλομεν,
848 327 897 354 καὶ

98 368 292 404 ῥᾳθυμοῦμεν,
316 369 366 396 καὶ
381 369 521 404 λογισμῶν
544 370 674 406 πονηρῶν
690 371 818 407 ὀχλήσεις
835 373 897 408 ἑχο-

97 424 149 450 μεν
164 425 171 431 ·
186 416 236 442 καὶ
260 415 322 442 οὐδὲ
339 415 395 451 γὰρ
424 414 501 442 ἐστιν
523 415 602 448 ὲκτδς
614 416 731 452 θλίψεων
747 418 896 454 παρελθεῖν

94 462 152 488 τῶν
162 462 226 497 τῇδε
236 469 244 476 ·
258 461 328 489 ἀλλά
339 461 384 488 διὰ
399 460 448 497 τὴν
472 461 571 490 ἐλπίδα
583 463 632 489 καὶ
640 463 724 499 εὐχήν
741 473 788 491 σου
803 465 894 501 taxeo-

96 516 160 542 μεν.
184 507 262 543 Ἐμοὶ
279 507 319 539 δὲ,
333 507 438 542 Πάτερ,
467 507 561 543 εὔχου,
585 509 628 536 ὃτι
644 509 691 536 τὸν
712 510 826 538 Ἡσαΐαν
849 511 896 539 τὸν

94 554 174 588 ἅγιον
186 553 353 588 έκστηθίζω.
366 554 422 581 Καὶ
433 554 554 589 δήλωσον
568 563 616 591 μοι
633 556 669 589 εί,
686 558 765 592 παρά
780 558 811 585 τὸ
824 559 895 596 γρά-

94 607 171 634 φειν,
184 599 386 635 ἀναγινώσκειν
406 609 442 636 με
457 599 556 633 θέλεις.

361 700 399 728 I‘.
410 716 447 721 —
466 699 509 733 Τῷ
525 700 617 734 αὐτῷ.

951 285 1041 309 runt:
1073 289 1158 309 unum
1182 281 1236 309 illis
1255 286 1360 315 votum,
1385 287 1431 309 tua
1454 282 1482 310 in
1506 283 1622 312 Domino
1649 285 1746 313 salus:

948 326 1009 354 leve
1021 331 1112 355 autem
1123 332 1151 356 et
1167 327 1321 361 tolerabile,
1340 327 1474 364 quidquid
1485 333 1528 356 est
1540 331 1614 364 quod
1639 331 1749 365 patiun-

948 378 1004 400 tur.
1022 372 1142 401 Omnino
1158 378 1186 401 et
1199 374 1336 407 dolemus,
1349 378 1377 402 et
1396 375 1549 407 tristamur,
1562 380 1590 403 et
1607 376 1746 411 angimur,

946 424 974 447 et
988 420 1080 447 animo
1092 420 1247 456 dejicimur,
1262 425 1291 449 et
1311 428 1457 457 pravarum
1473 422 1675 456 cogitationum
1695 423 1747 450 ﬁu-

948 465 1042 493 ttibus
1060 465 1214 501 agitamur:
1229 475 1320 502 neque
1332 467 1406 495 enim
1423 467 1486 496 sine
1497 469 1629 497 arumnis
1645 469 1678 496 ei
1693 470 1748 498 hae

949 511 1005 539 vita
1024 512 1117 547 egredi
1134 512 1197 540 licet
1216 521 1223 540 :
1241 513 1288 540 sed
1301 520 1350 548 spe
1364 513 1487 546 subnixi,
1501 521 1532 541 ac
1548 515 1675 549 precibus
1689 516 1744 544 tuis

949 556 1022 585 vires
1033 557 1182 586 sumimus.
1199 557 1240 586 Tu
1255 566 1329 592 vero,
1343 559 1435 593 Pater,
1454 559 1522 587 bene
1539 560 1604 587 mihi
1620 568 1744 596 precare,

948 602 976 629 in
994 608 1121 631 sanctum
1138 603 1237 631 Isaiam
1264 604 1433 633 incumbenti
1447 613 1454 632 :
1470 609 1498 633 et
1512 605 1638 641 signiﬁca
1664 607 1744 642 milii,

947 656 982 676 an
995 649 1085 684 legere
1100 657 1145 678 me
1158 650 1301 683 duntaxat,
1316 658 1370 678 non
1383 656 1475 679 autem
1490 657 1515 680 et
1531 652 1653 681 scribere
1665 654 1741 682 velis.

1233 706 1266 734 Ill
1283 720 1320 729 ε·-
1339 706 1443 735 Eidem.

171 756 383 784 Thessalonicam
394 758 420 781 in
431 756 548 782 exsilium
558 757 713 789 deportatus,
742 757 840 784 itineris
849 761 888 785 sui
899 761 998 786 modum
1009 763 1036 786 et
1051 761 1166 787 ordinem
1179 761 1291 799 exponit.
1304 763 1405 794 (Baron.
1417 770 1456 788 an.
1470 764 1526 794 796,
1543 771 1612 790 num.
1638 765 1675 797 1.)

128 811 274 847 Προχεῖταί
300 819 349 846 μοι
366 811 397 838 τὸ
418 811 536 846 δάκρυον
549 810 604 847 πρὸ
614 810 663 838 τοῦ
674 811 755 846 λόγου
767 821 775 828 ·
791 813 838 840 καὶ
854 822 877 841 1::

976 814 1119 844 Proﬁuunt
1137 817 1204 844 mihi
1231 817 1359 852 lacrymze
1373 822 1436 845 ante
1454 819 1537 846 verba
1554 828 1561 846 :
1575 820 1613 853 (et
1630 820 1738 850 viscera

91 858 240 893 σπλάγχνα
265 857 382 884 δονεῖται
394 865 402 873 ⁸
418 857 467 884 καὶ
481 858 498 893 ἡ
508 857 569 894 χεὶρ
588 857 739 894 ὑποτρέμει
753 858 801 886 τοῦ
817 859 888 896 γρά-

91 913 155 940 φειν
166 912 175 920 ·
193 903 241 931 καὶ
253 903 369 939 ἕλκομαι
392 903 575 939 πανταχόθεν,
587 904 636 931 καὶ
657 905 752 940 φέρειν
771 906 801 932 τὸ
824 906 887 933 ὀδυ-

90 950 176 986 νηρὸν
187 949 236 984 οὐχ
251 946 308 980 οἷός
329 948 360 976 τέ
376 949 446 984 ειμι.
460 949 492 975 Ὠ
512 948 572 981 πῶς
587 949 693 983 ἐνέγκω
705 958 764 983 σου,
779 951 885 985 Πάτερ,

89 995 195 1030 Πάτερ,
209 994 244 1021 τὰ
256 993 465 1029 χριστομίμητα
476 994 552 1030 πάθη
564 1003 572 1028 ;
585 994 609 1021 ὥ
621 995 681 1027 πῶς
695 995 764 1022 οἴσω
776 1003 825 1022 σου
836 995 887 1031 τὴν

89 1041 198 1076 ὑψηλὴν
212 1041 261 1067 καὶ
285 1040 367 1075 ἁγίαν
389 1040 576 1075 ταπείνωσινς
597 1040 657 1073 πῶς
683 1041 832 1077 ὑπαντήσω
843 1050 886 1069 σοι

89 1087 163 1114 κατά
180 1086 260 1121 λόγον
286 1087 466 1123 ἀντιγράφειν
479 1095 487 1119 ;
502 1087 551 1114 καὶ
579 1089 627 1114 ποί
651 1087 822 1124 τράπωμαι,
837 1089 886 1116 καὶ

88 1132 153 1160 ὅθεν
167 1132 252 1168 ῐωμαι
271 1132 420 1168 κατάρχειν
450 1132 507 1160 τῶν
530 1133 705 1169 γραμμάτων
718 1141 726 1167 ;
739 1134 812 1170 Πρὸς
833 1133 885 1170 ἐμὲ

87 1179 137 1206 οὖν
151 1179 196 1211 σὺ,
212 1175 236 1206 ὦ
257 1179 361 1214 Πάτερ,
382 1178 497 1206 τοιαῦτα
520 1179 656 1215 γράφεις;
669 1179 740 1216 πρὸς
764 1180 816 1215 ἐμὲ
838 1180 885 1208 τὸν

87 1222 231 1258 σκώληκα,
248 1223 295 1250 καὶ
320 1222 464 1258 βόρϐορον,
492 1223 542 1251 καὶ
561 1224 677 1257 ἄσωτον,
690 1225 705 1251 ὸ
719 1225 816 1260 Πατὴρ
831 1233 885 1259 φω-

85 1271 246 1306 νὰςὰφίησι
272 1269 432 1306 πρεπούσας
445 1270 552 1306 τέκνῳξς
572 1269 702 1297 Ἰκετικὺν
725 1270 884 1306 ἀναλαμϐά-

86 1324 144 1347 νεις
154 1316 247 1351 σχῆμα
260 1316 275 1342 6
284 1316 401 1351 ὀφείλων
415 1315 598 1343 ίκετεύισθαι.
613 1315 699 1348 Κάγὼ
709 1315 802 1342 λοιπὸν
812 1316 827 1342 6
835 1315 884 1343 τά·

85 1362 137 1394 λας
149 1362 178 1389 τί
199 1361 451 1398 προσφθέγξωμαις
471 1361 520 1388 καὶ
535 1361 595 1393 πῶς
611 1361 773 1389 ταπεινωθῶ
788 1362 827 1398 τῷ
840 1362 882 1389 δι-

85 1408 158 1443 καίῳ
173 1417 226 1444 μου
236 1408 344 1444 Πατρί;
364 1408 440 1444 ὅμως
457 1407 594 1443 ἐδεξάμην
609 1405 699 1441 σου,ὦ
716 1408 818 1444 Πάτερ,
831 1408 882 1444 τὴν

86 1456 170 1490 ἁγίαν
184 1455 331 1491 ἐπιστολὴν
346 1456 376 1482 ἐν
397 1455 494 1490 χερσὶν
513 1454 640 1487 ἀναξίαις
649 1455 688 1487 ὡς
709 1455 880 1491 θεογράφους

942 862 1114 895 quatiuntur,
1142 869 1169 890 et
1183 870 1286 891 manus
1300 863 1444 892 scribendo
1455 867 1653 895 contremiscit.
1668 868 1738 896 Tor-

939 914 1025 940 queor
1036 907 1166 942 undique,
1180 915 1231 935 nec
1239 908 1360 936 dolorem
1375 909 1449 937 ferre
1460 910 1518 945 jam
1531 911 1618 938 valeo.
1637 912 1669 939 Et
1683 922 1738 948 quo

941 956 1032 986 pacto,
1047 952 1138 985 Pater,
1157 961 1173 980 o
1185 953 1276 986 Pater,
1293 953 1433 982 Christum
1448 955 1586 984 imitantes
1599 958 1736 986 cruciatus

938 1001 1001 1024 tuos
1031 997 1262 1034 perferam?quo
1293 1005 1373 1035 pacto
1392 1000 1528 1028 excelsam
1554 1008 1737 1040 sanctamque

937 1042 1133 1072 demissionem
1165 1049 1242 1072 tuam
1273 1046 1507 1083 sustinebo?quo
1527 1053 1607 1083 pacto
1634 1058 1733 1085 queam

937 1088 995 1120 tibi,
1012 1093 1091 1124 prout
1108 1091 1177 1118 ratio
1197 1093 1327 1126 postulat,
1344 1093 1518 1121 rescribere?
1534 1094 1594 1128 Quo
1619 1105 1662 1124 me
1675 1105 1734 1125 ver-

938 1138 1003 1167 tam,
1017 1139 1045 1162 et
1059 1136 1130 1164 unde
1139 1136 1244 1166 litteras
1256 1139 1406 1168 exordiar?
1420 1141 1461 1168 Ad
1477 1150 1520 1170 me
1533 1142 1627 1178 igitur,
1641 1144 1732 1178 Pater,

936 1185 964 1208 tu
981 1181 1044 1209 talia
1066 1183 1187 1211 scribis?
1205 1185 1240 1212 ad
1254 1193 1298 1213 me
1324 1188 1514 1221 vermiculurn,
1536 1198 1659 1225 omnum,
1682 1193 1725 1219 in-

935 1231 1144 1263 temperantem,
1167 1229 1248 1259 Pater
1260 1238 1444 1267 congruentes
1457 1234 1517 1262 ﬁlio
1534 1243 1616 1264 voces
1634 1238 1729 1266 mittit.

942 1272 1080 1308 Supplieis
1102 1276 1206 1303 cultum
1236 1276 1337 1310 induis,
1358 1279 1402 1306 cui
1431 1280 1580 1315 supplicari
1605 1290 1654 1317 par
1678 1289 1729 1311 est.

933 1317 969 1345 At
984 1326 1036 1354 ego
1055 1319 1162 1348 tondent
1178 1321 1273 1349 infelix
1296 1323 1362 1358 quid
1387 1324 1512 1360 eloquar,
1525 1330 1553 1354 et
1572 1335 1628 1362 quo
1650 1335 1730 1363 pacto

931 1364 1010 1399 justo
1044 1364 1119 1394 Patri
1136 1375 1197 1395 meo
1214 1368 1397 1397 lmmiliabor?
1412 1371 1603 1400 Verumtamen
1625 1376 1729 1409 accepi,

932 1408 1022 1442 Pater,
1033 1411 1154 1447 indignis
1162 1413 1288 1441 omnibus
1297 1419 1420 1442 sanctam
1433 1417 1585 1451 epistolam,
1599 1408 1728 1453 tanquam

932 1455 1038 1484 tabulas
1049 1464 1064 1483 a
1079 1456 1134 1485 Deo
1150 1463 1286 1487 exaratas.
1308 1459 1408 1488 Audivi
1423 1469 1520 1489 vocem
1535 1468 1611 1490 tuam
1629 1464 1729 1492 litteris

84 1486 206 1533 πλάκας.
229 1486 355 1528 Ἤκουσα
376 1486 496 1536 σου-τῆς
519 1486 718 1536 ἐγγραμμάτου
841 1486 877 1532 ὡς

932 1501 1119 1537 consignatam
1144 1507 1174 1531 ut
1200 1503 1223 1531 si
1239 1504 1303 1539 quis
1326 1506 1415 1541 angeli
1432 1507 1474 1535 vel
1497 1510 1613 1544 apostoli
1632 1518 1728 1538 vocem

83 1548 113 1575 εί
128 1556 172 1579 τις
188 1546 332 1575 ἀκούσειεν
354 1546 474 1581 ἀγγέλου
499 1547 594 1582 φωνῆς
618 1546 635 1582 ἢ
648 1546 799 1574 ἀποστόλου
812 1555 819 1562 ·
831 1547 879 1574 καὶ

85 1593 232 1630 συνέτριψε
245 1593 296 1629 τὴν
318 1593 444 1630 καρδίαν,
462 1593 511 1620 καὶ
531 1592 661 1625 ὲξέϐλυσε
681 1593 811 1630 δάκρυον,
829 1593 879 1620 καὶ

84 1639 316 1676 ἀπεκλαυσάμην,
329 1639 378 1667 καὶ
393 1639 534 1675 ὲθρήνησα
546 1640 597 1674 οὐχ
619 1639 798 1675 Ἱερεμιτικδν
813 1639 879 1675 θρῆ-

83 1695 130 1713 νον
157 1687 206 1713 ἐπὶ.
231 1685 327 1713 παθῶν
344 1685 504 1720 θεοστυγέσι
532 1685 742 1720 γεγενημένων
758 1686 827 1713 ίδιον
849 1685 878 1712 δέ

83 1741 147 1760 τινα
160 1734 210 1759 καὶ
224 1732 416 1767 φιλοπάτριον,
430 1731 479 1758 καὶ
497 1730 557 1767 Θεῷ
578 1731 664 1764 ὅντως
685 1732 873 1768 χαριστήριον.

83 1778 220 1810 Δίνέτεως
254 1778 308 1814 γὰρ
333 1776 452 1812 ἀληθοῦς
471 1776 490 1804 ἃ
514 1776 701 1810 ἀπέσταλκας,
733 1777 824 1814 Πάτερ
839 1778 878 1804 δίη

83 1832 158 1854 iure.
175 1823 343 1859 ἀπογραφῆς
369 1822 445 1857 ἄξια,
464 1823 514 1858 τῆς
532 1823 572 1856 είς
594 1823 662 1851 Θεὸν
678 1824 819 1857 ὸλοτελοῦς
828 1833 876 1852 σου

83 1867 242 1905 προθέσεως
256 1868 396 1904 γνώριμα.

117 1913 285 1950 τοιγαροῦν,
300 1910 323 1940 ὦ
338 1913 444 1949 Πάτερ,
458 1913 608 1951 ἑστήριξας
628 1915 645 1950 ἡ
650 1914 710 1950 μῶν
724 1915 760 1943 τὰ
771 1916 876 1952 φρονή-

83 1968 173 1995 ματα·
191 1958 348 1995 ὲνεὺρωσας
360 1959 440 1995 ἡμῶν
455 1959 505 1992 τὰς
529 1960 654 1996 καρδίας.
677 1961 765 1997 ’Υπὲρ
779 1961 877 1988 ἐλπίδα

929 1547 1088 1580 audiat;et
1117 1556 1165 1576 cor
1198 1550 1331 1578 contrivit
1361 1557 1389 1579 et
1416 1551 1552 1588 lacrymas
1580 1557 1726 1590 expressit.

927 1592 1022 1620 Planxi
1037 1598 1065 1621 et
1088 1593 1255 1623 lamentatus
1276 1604 1349 1629 sum,
1368 1605 1421 1625 non
1446 1597 1602 1628 Jeremitica
1621 1603 1727 1630 lamen-

928 1639 1042 1671 talione,
1050 1640 1084 1667 de
1096 1640 1270 1668 inimicorum
1285 1641 1333 1669 Dei
1345 1642 1549 1673 calamitatibus
1563 1649 1724 1682 composita;

927 1685 976 1712 sed
1000 1686 1143 1720 peculiari,
1157 1694 1218 1721 qua:
1232 1692 1259 1714 et
1270 1687 1393 1715 studium
1419 1689 1449 1716 in
1466 1690 1575 1718 Patrem
1597 1697 1724 1728 tesletur,
1768 1720 1772 1721 γ

927 1735 953 1758 et
968 1738 1031 1759 vere
1046 1730 1101 1759 Deo
1118 1736 1209 1767 grates
1219 1733 1331 1762 referat.
1346 1733 1422 1762 Vera).
1441 1737 1514 1764 enim
1543 1738 1722 1774 laudationis,

926 1774 1008 1804 Pater
1022 1776 1106 1811 juste,
1121 1782 1187 1805 sunt
1214 1785 1276 1813 quae
1301 1778 1413 1814 misisti,
1429 1781 1512 1816 digna
1529 1791 1589 1818 quae
1619 1785 1724 1814 descri-

926 1822 1036 1856 bantur,
1054 1823 1203 1858 perfectam
1214 1832 1278 1860 crga
1291 1824 1375 1852 Deum
1389 1832 1525 1862 mentem,
1546 1830 1724 1866 animumque

928 1872 1003 1896 tuum
1019 1870 1248 1898 demonstrantia.

961 1913 1051 1947 Quare
1067 1922 1164 1943 sensus
1184 1921 1304 1949 nostros,
1313 1916 1406 1950 Pater,
1431 1919 1618 1948 conﬁrmasti:
1638 1923 1721 1951 corda

926 1965 1018 1988 nostra
1044 1961 1237 1989 corroborasti.
1266 1962 1358 1999 Supra
1391 1972 1468 2000 spem
1501 1966 1635 1996 fortitudo
1665 1975 1721 2003 tua,

80 2005 99 2040 ἡ
113 2004 212 2040 ἀνδρία
235 2012 304 2031 σου·
323 2004 395 2040 ὑπὲρ
419 2005 586 2040 προσδοκίαν
609 2007 627 2042 ἠ
648 2007 792 2042 παρρησία
814 2015 874 2034 σου.

932 2014 1008 2040 supra
1021 2008 1251 2042 exspectationem
1274 2008 1387 2038 libertas
1409 2015 1466 2038 tua.
1485 2012 1562 2040 Alius
1584 2015 1721 2051 quispiam

83 2051 183 2083 Ἄλλος
206 2059 248 2083 τις
273 2051 341 2086 ἡμῖν
364 2051 471 2087 ὤφθης,
491 2053 509 2088 ἢ
524 2053 612 2088 ὅσπερ
628 2053 778 2088 ἰγνωρίζου
794 2061 802 2069 ⁸
815 2053 875 2085 ὅλος

80 2098 112 2125 ὲν
129 2097 190 2133 θεῷ
210 2096 407 2133 ἠλλοιωμένος.
424 2099 495 2132 Δόξα
509 2099 548 2134 τῷ
564 2107 594 2125 σε
611 2098 815 2134 δυναμώσαντι.
836 2100 874 2127 Οὐ

925 2051 1003 2078 nobis
1019 2051 1094 2079 visus
1108 2059 1138 2079 es
1153 2053 1187 2079 ab
1195 2060 1228 2080 eo
1236 2061 1317 2089 quem
1331 2063 1496 2084 noveramus
1510 2067 1517 2085 :
1536 2063 1608 2088 totus
1623 2061 1649 2088 in
1666 2063 1720 2090 Deo

925 2095 1095 2123 immutatus.
1111 2096 1181 2124 Laus
1196 2097 1219 2124 ei
1235 2099 1281 2133 qui
1300 2104 1325 2126 te
1348 2100 1530 2129 conﬁrmavit.
1546 2103 1606 2131 Non
1622 2106 1722 2140 dcjccit

80 2142 221 2169 κατέσαλέ
248 2150 278 2169 σε
303 2142 386 2176 φόδος
418 2142 579 2178 βασιλείας·
602 2144 652 2170 οὐκ
685 2144 826 2180 ὲχαύνωσέ
844 2153 873 2172 σε

932 2145 953 2168 Le
968 2145 1056 2169 terror
1082 2141 1265 2178 imperatoris,
1292 2153 1348 2172 non
1363 2147 1495 2174 emollivit
1517 2152 1543 2175 le
1568 2149 1720 2179 insidiatrix

79 2186 201 2223 γοητικὴ
224 2186 340 2215 θωπεία.
358 2187 416 2223 οὐχ
432 2188 503 2215 εἵλου
533 2188 704 2224 προσκαίρου
729 2189 878 2218 ἀπολαύειν

79 2234 192 2270 ἡδονῆς,
207 2234 428 2269 προκινδυνεύειν
442 2234 527 2262 θέλων
536 2237 586 2271 τῆς
594 2235 724 2271 ἀληθείας
735 2236 782 2263 τοῦ
796 2237 877 2266 Θεοῦ.

86 2282 117 2308 '0
133 2279 237 2316 ποιμὴν
251 2281 266 2307 6
279 2280 375 2313 καλδς,
389 2282 404 2307 6
419 2280 476 2313 θεὶς
488 2281 538 2317 τὴν
552 2281 643 2318 ψυχὴν
660 2282 730 2318 ὑπὲρ
740 2282 794 2310 τῶν
811 2292 878 2318 προ-

80 2327 174 2354 ὕὰτων
185 2334 192 2342 ·
207 2327 222 2354 6
236 2327 286 2354 καὶ
295 2326 344 2353 νῦν
358 2326 469 2362 δέσμιος
481 2326 526 2354 διὰ
539 2326 591 2362 τῆς
608 2328 742 2364 φρουρᾶς,
755 2328 793 2359 ὡς
809 2329 878 2363 Χρι-

81 2372 147 2400 στοῦ
169 2371 379 2404 Ἀπόστολος.Ὢ
390 2372 437 2399 τοῦ
449 2372 588 2408 δωματίου
602 2373 718 2406 ἐκείνου,
727 2374 757 2400 ὲν
770 2370 793 2408 ᾧ
804 2374 875 2410 φέρῃ

80 2420 129 2446 καὶ
147 2417 270 2454 περιάγῃ
293 2417 333 2450 ὼς
353 2417 446 2454 τίμιον
471 2419 519 2445 καὶ
540 2418 694 2455 εΰχρηστον
718 2419 817 2452 σκεῦος
834 2419 874 2455 τῷ

79 2464 206 2499 Δεσπότῃ
233 2463 293 2499 Θεῷ
305 2464 313 2490 ι
324 2463 388 2491 Εἴθε
402 2463 449 2491 οὖν
463 2464 494 2491 τδ
507 2463 605 2499 ἔδαφος
620 2466 709 2492 ἐκεῖνο
724 2474 874 2501 περιέπτυ-

80 2509 183 2545 ξάμην,
196 2506 228 2537 οὗ
246 2510 272 2536 ot
290 2510 371 2542 πόδες
387 2510 434 2537 τοῦ
458 2511 554 2546 κυρίου
575 2519 625 2546 μου
642 2511 690 2538 καὶ
704 2511 811 2547 Πατρδς
827 2512 876 2548 βα-

78 2555 211 2588 δίζουσιν.
228 2554 290 2581 Εἴθε
306 2554 357 2586 τὰς
369 2555 441 2582 κατὰ
453 2555 501 2582 σοῦ
513 2555 589 2588 κλεῖς
602 2556 650 2583 καὶ
666 2556 779 2592 κλεῖθρα
790 2565 876 2593 προσ-

78 2602 222 2638 εκύνησα,
256 2601 295 2633 ὡς
325 2601 464 2637 θησαυρὸν
505 2601 650 2634 εὐσεϐείας
690 2602 871 2638 φυλάττοντα.

77 2648 191 2676 Μᾶλλον
212 2648 242 2675 δὲ
268 2648 420 2685 ὲὸουλόμην
435 2649 466 2676 τδ
482 2649 574 2685 τίμιον
588 2649 678 2676 έκεῖνο
696 2650 872 2678 ἀσπάσασθαι

79 2695 168 2728 στόμα.
191 2692 223 2719 τδ
243 2692 417 2728 ὁμολογῆσαν
431 2693 478 2721 τδν
497 2693 577 2729 λόγον
591 2695 641 2730 τῆς
661 2695 791 2731 ἀληθείας
802 2704 809 2712 ·
821 2696 872 2729 τὰς

76 2740 155 2771 ὁσίας
172 2740 270 2774 χεῖρας
284 2739 336 2771 τὰς
353 2740 542 2776 ἐπαιρομένας
558 2742 599 2773 είς
613 2741 695 2776 ἁγίας
715 2743 871 2779 προσευχὰς

77 2785 125 2812 καὶ
145 2783 375 2819 εὐπροσδέκτους.
392 2785 448 2812 Ποῦ
464 2786 531 2813 ποτέ
547 2795 600 2822 μου
613 2786 645 2813 τὸ
659 2787 747 2821 γλυκὺ
760 2788 871 2823 ἀπέπτη

77 2830 246 2864 πρόσωποη
264 2829 318 2856 ποῦ
336 2830 366 2856 δὲ
382 2832 399 2866 ἡ
414 2832 551 2868 σωτήριος
566 2832 643 2868 φωνὴ
664 2834 869 2870 κατεσιγάσθη;

77 2875 144 2902 Ἰδοὺ
158 2874 191 2910 δὴ
204 2873 260 2909 ἐγὼ
270 2874 390 2911 ὀρφανὸς
399 2876 414 2903 6
423 2875 543 2910 ἐλεεινὸς
552 2878 600 2906 καὶ
615 2879 804 2916 παντέρημος,
818 2880 870 2907 οὐκ

927 2186 1057 2215 adulatio.
1072 2186 1187 2216 Noluisti
1207 2189 1297 2225 exigui
1327 2192 1459 2226 temporis
1488 2194 1625 2229 voluptate
1654 2197 1719 2231 frui,

926 2233 974 2269 qui
986 2242 1037 2269 pro
1051 2234 1099 2262 Dei
1118 2235 1233 2263 veritate
1258 2237 1409 2272 periclitari
1425 2239 1545 2268 volebas.
1565 2241 1657 2270 Bonus
1669 2252 1719 2279 pa-

926 2284 992 2313 stor,
1006 2280 1053 2315 qui
1066 2288 1115 2316 pro
1129 2281 1226 2309 ovibus
1236 2282 1356 2311 animant
1374 2285 1475 2320 posuit,
1493 2287 1540 2322 qui
1554 2295 1627 2315 nunc
1650 2297 1720 2324 quo-

925 2333 979 2360 que
1003 2325 1109 2353 vinctus
1134 2326 1162 2354 in
1189 2328 1326 2362 custodia,
1345 2334 1375 2357 ut
1392 2329 1495 2358 Christi
1513 2332 1672 2368 Apostolus.
1696 2335 1719 2363 Ο

925 2371 1049 2399 cellulam
1066 2372 1140 2400 illam
1156 2374 1185 2401 in
1206 2383 1260 2410 qua
1283 2377 1404 2404 versaris
1427 2382 1510 2414 atque
1539 2381 1718 2410 concluderis

924 2423 1054 2453 tanquam
1072 2419 1224 2455 pretiosum
1244 2426 1274 2450 et
1297 2423 1364 2450 utile
1376 2431 1424 2451 vas
1437 2425 1553 2454 Domino
1571 2426 1637 2455 Deo.
1656 2428 1717 2456 Uti-

924 2471 987 2491 nam
1000 2464 1034 2492 ad
1050 2465 1139 2492 solum
1165 2466 1231 2494 illud
1260 2467 1430 2503 advolverer,
1460 2470 1487 2497 in
1501 2480 1556 2506 quo
1574 2473 1678 2500 domini
1690 2478 1718 2501 et

924 2509 1015 2537 Patris
1027 2511 1080 2538 mei
1095 2512 1179 2546 pedes
1190 2512 1378 2543 inambulantl
1399 2516 1511 2545 Utinam
1534 2523 1562 2545 et
1580 2519 1671 2548 claves
1690 2527 1718 2548 et

923 2555 1043 2584 claustra
1058 2558 1242 2591 exoscularer,
1257 2567 1319 2594 quae
1334 2561 1492 2590 thesaurum
1507 2564 1615 2598 pietatis
1627 2573 1717 2594 custo-

924 2600 1020 2629 diuntl
1041 2601 1113 2635 Quin
1138 2603 1231 2638 potius
1248 2607 1434 2634 venerandum
1449 2615 1480 2635 os
1501 2609 1567 2637 illud
1587 2612 1716 2646 amplecti

927 2647 1028 2680 malim,
1039 2648 1111 2682 quod
1127 2650 1249 2678 veritatis
1273 2653 1357 2680 verba
1373 2653 1530 2682 confessum
1543 2660 1585 2683 est
1599 2664 1606 2690 ;
1625 2662 1653 2683 et
1668 2666 1715 2685 sa-

922 2701 983 2722 cras
996 2702 1102 2728 manus,
1121 2704 1182 2730 qua:
1196 2697 1229 2725 ad
1245 2703 1355 2726 sanctas
1375 2704 1404 2727 et
1426 2701 1606 2735 acceptabiles
1616 2711 1714 2737 preces

922 2739 1101 2768 attolluntur.
1117 2742 1150 2769 Et
1165 2751 1220 2778 quo
1234 2745 1343 2772 tandem
1358 2745 1425 2773 mihi
1440 2746 1528 2774 dulcis
1549 2747 1632 2776 facies
1650 2758 1716 2776 avo-

921 2785 998 2819 lavit,
1027 2794 1083 2822 quo
1104 2794 1185 2823 pacto
1204 2791 1332 2818 salutaris
1357 2800 1408 2819 vox
1422 2793 1577 2821 conticuit?
1601 2795 1642 2822 En
1664 2806 1715 2832 ego

920 2832 1026 2861 scilicet
1039 2834 1190 2869 orphanus,
1209 2837 1384 2870 miserabilis,
1407 2838 1529 2874 undique
1544 2840 1712 2876 destitutus;

920 2879 1029 2908 Patrem
1054 2888 1147 2910 meum
1170 2890 1225 2911 non
1242 2883 1358 2918 habens,
1377 2884 1511 2914 luminare
1538 2895 1629 2916 meum
1657 2897 1713 2916 non
