1924 3077
161 291 220 319 sine
243 293 342 320 tutore,
362 287 421 314 sine
451 284 595 312 defensore
622 281 752 309 adversus
775 274 949 304 invisibiliter

163 337 357 371 impugnantes
371 339 427 364 me,
448 329 549 356 Factus
564 336 622 356 tum
645 327 712 354 sicut
723 331 814 351 coruus
836 322 863 348 in
884 319 949 346 soli-

165 382 254 409 tudine
275 385 299 407 et
316 380 383 406 sicut
402 384 494 412 passer
526 373 666 402 solitarius
684 371 713 398 in
728 374 795 397 tecto
810 368 841 400 ¹¹,
857 365 951 393 oculos

166 427 311 455 intendens
327 422 457 459 quotidie,
475 422 528 448 huc
541 420 604 448 illuc
617 419 827 453 prospectanset
834 413 952 440 circum-

167 473 296 508 spiciens.
314 456 366 498 nec
381 476 495 504 usquam
507 470 599 502 optata
610 464 702 493 facies.
723 461 775 490 Sed
787 467 822 487 ne
837 458 876 486 sic
891 456 954 492 qui-

168 520 229 547 dem
242 518 363 545 dolorem
375 523 466 543 meum
478 521 529 549 pro
541 512 646 540 meritis
660 514 824 545 exaggerare
845 511 954 540 queam.

168 567 303 594 (laterum
327 562 427 598 gratias
448 568 509 596 ago,
529 566 633 596 agoque
653 557 735 585 etiam
753 559 835 588 alque
863 555 955 582 etiam,

169 612 243 648 quod
262 614 373 646 propter
388 608 435 635 Dei
458 607 546 642 legem
570 605 613 632 bis
638 603 737 638 dignus
753 599 860 627 habitus
875 604 935 624 smn
949 604 957 629 ;

171 645 242 694 quod
264 645 338 684 tanti
367 653 456 681 Patris
471 652 544 680 ﬁlius
564 656 718 683 nuncupor.
737 646 804 674 Fors
819 645 901 672 etiam
916 650 960 670 re-

173 689 256 741 gnare
268 711 316 738 per
341 707 367 730 te
383 700 465 728 hodie
484 698 587 729 videar,
613 696 694 723 Pater
722 697 825 724 sancte,
842 691 865 718 si
880 689 962 717 modo

175 757 270 786 preces
294 755 348 776 tua:
374 746 478 774 salvmn
503 751 547 771 me
579 740 742 770 custodiant.
770 738 865 765 Timeo
889 735 963 763 enim

176 796 296 832 peccatis
313 794 393 826 meis,
415 797 443 820 et
456 788 673 825 intemperantim
690 794 767 814 meat.
784 784 860 812 Scito
872 787 964 810 autem

177 827 220 871 ine
240 841 367 878 precibus
389 839 442 867 tuis
453 859 460 871 ,
477 837 528 865 etsi
546 836 623 863 valde
641 833 756 862 imbellis
767 838 838 863 sum,
865 827 966 856 contir-

179 894 281 918 matum
306 892 334 914 et
353 891 475 914 erectum
489 893 495 911 :
511 890 600 917 neque
616 888 665 915 ego
685 879 785 911 solum,
806 876 854 904 sed
870 881 967 904 omnes
983 892 1003 921 Β

178 943 265 964 unum
282 940 386 964 sumus,
409 931 482 958 idem
507 933 597 956 tecum
623 925 783 956 sentientes,
813 922 966 953 unanimes,

180 982 212 1010 ad
228 985 342 1009 mortem
357 986 442 1012 usque
453 976 547 1003 eadem
571 972 673 1009 perpeti
692 970 777 1006 parati
792 977 799 997 :
822 976 873 996 nec
887 974 968 995 causa

180 1032 272 1055 nostra
288 1024 436 1061 quidquam
456 1019 628 1049 reformides.
647 1017 706 1050 Eia,
729 1016 820 1048 Pater,
839 1015 891 1042 eia.
910 1013 968 1045 Eia,

181 1073 284 1109 optime
297 1070 472 1107 gubernator,
497 1065 640 1094 aemulator
667 1062 787 1099 pietatis,
814 1064 970 1088 sanctorum

183 1105 313 1147 imitator.
331 1114 471 1151 Magniﬁce
498 1119 592 1140 revera
616 1108 760 1141 dimicasti,
787 1106 902 1135 viriliter
923 1105 971 1132 de-

184 1164 307 1194 certasti.
326 1163 398 1189 lnter
416 1164 558 1195 martyres.
577 1161 618 1185 sat
632 1156 700 1188 scio,
714 1154 825 1190 spiritus
848 1159 912 1180 tuus
931 1151 972 1178 lo-

184 1220 247 1240 cum
261 1211 351 1238 habet.
365 1207 429 1235 llaec
450 1206 531 1242 igitur
551 1204 584 1231 ad
609 1203 683 1230 hunc
698 1201 825 1235 modum,
850 1197 975 1234 quamvis

186 1258 276 1285 adhuc
287 1255 357 1283 infra
373 1252 539 1281 desiderium
559 1257 661 1282 meum,
674 1252 701 1276 et
722 1247 792 1274 infra
814 1245 976 1281 dignitatem

188 1307 274 1330 tuam.
295 1301 328 1329 Et
341 1299 471 1335 quoniam
488 1297 617 1325 distincte
643 1300 754 1322 narrare
776 1299 820 1319 me
839 1291 920 1326 jubes
943 1289 977 1316 ab

189 1349 233 1376 illa
245 1348 366 1382 die,qua
386 1345 538 1372 luctuosam
559 1341 761 1376 separationem
784 1336 977 1366 sustinuimus,

191 1399 278 1423 totum
299 1393 351 1420 iter
372 1395 509 1422 nostrum,
541 1393 598 1415 tum
613 1394 673 1421 qua:
696 1385 724 1412 in
747 1392 781 1412 eo
794 1383 875 1410 nobis
890 1381 979 1409 conti-

192 1445 307 1478 gerunt:
323 1437 450 1473 equidem
476 1436 563 1470 impar
578 1440 639 1461 sum
652 1441 659 1465 ;
675 1429 815 1467 aggrediar
826 1433 917 1456 tamen
930 1427 981 1454 im-

192 1475 269 1523 pigre
286 1485 358 1520 quod
373 1483 464 1519 jubes.
483 1481 531 1508 Illo
542 1487 606 1516 ergo
628 1479 673 1507 die
694 1485 748 1513 quo
764 1475 854 1503 abiisti
875 1479 902 1502 tu
920 1475 982 1509 qui-

193 1520 267 1563 dem,
286 1531 376 1562 Pater,
401 1528 435 1556 ad
459 1531 574 1554 mortem
603 1530 649 1552 tua
669 1524 820 1555 voluntate,
853 1520 928 1548 missi
957 1523 984 1546 et

761 177 791 206 S.
810 169 1008 204 THEODORI
1022 163 1195 198 STUDleE

997 253 1044 294 τίν
1066 264 1157 299 ἰατρὸν
1177 263 1224 290 καὶ
1244 260 1347 296 τροφέα
1365 259 1416 294 τῆς
1447 255 1578 291 ταπεινῆς
1603 263 1653 290 μου
1682 253 1790 288 ψυχῆς·

1000 298 1220 347 ἀπροστᾶτευτος
1234 328 1243 340 ,
1275 305 1499 339 ἀνεπαμύνευτος
1524 301 1593 336 πρὸς
1621 299 1685 330 τοὺς
1716 298 1798 324 πολε-

1003 343 1120 392 μοῦντάς
1161 362 1196 389 με
1233 350 1375 387 ἀοράτως’
1418 347 1582 383 Ἐτενόμην
1605 345 1677 372 ὡσεὶ
1702 343 1797 378 κόραξ

1002 387 1037 430 ἓν
1062 387 1178 436 emunt)"
1202 399 1242 431 ὡς
1272 395 1433 430 στρουθίον
1468 394 1517 421 ἐπὶ
1556 391 1702 426 δώματος,
1736 387 1798 415 καθ’

1003 435 1112 483 ἡμέραν
1143 442 1357 479 ὲποφθαλμιῶν,
1386 438 1438 468 ὦδε
1469 440 1580 468 κάκεῖσε
1609 437 1716 472 βλέπων
1751 435 1801 461 καὶ

1006 492 1176 528 περιαορῶν,
1195 491 1242 518 καὶ
1261 488 1389 523 οὐδαμῶς
1407 487 1436 513 τὴ
1455 485 1623 520 ποθούμενον
1641 483 1800 518 πρόσωπον.

1006 527 1062 567 Καὶ
1079 527 1156 564 οὖπω
1180 536 1241 563 κατ’
1262 534 1343 568 ἀξίαν
1361 531 1496 567 δυναίμην
1520 527 1729 564 ὲκτραγῳδῆσαί
1748 535 1802 562 μου

1007 586 1038 612 τὸ
1053 585 1149 615 πάθος.
1163 582 1239 616 Πλὴν
1260 579 1416 616 εὐχαριστῶ
1437 578 1485 605 καὶ
1508 573 1744 611 ὕπερευχαριστῶ,
1760 573 1804 599 ὅτι

1009 631 1053 658 διὰ
1066 630 1147 665 νόμον
1164 626 1233 655 Θεοῦ
1247 625 1334 653 ταῦτα
1352 623 1540 658 κατηξίωμαι·
1556 622 1597 647 ὃτι
1610 619 1732 646 τοιούτου
1746 617 1804 644 Πα-

1010 676 1074 712 τρὸς
1098 664 1275 710 έχρημάτισα
1300 671 1405 698 τέκνον.
1431 669 1509 704 Τάχα
1537 666 1690 702 βασιλεύειν
1711 664 1806 697 οἴομαι

1012 710 1057 750 διὰ
1071 721 1119 748 σοῦ
1138 721 1273 755 σήμερον,
1301 717 1393 752 Πάτερ
1419 715 1492 749 ἅγιε,
1520 714 1598 747 εἴπερ
1622 712 1638 746 ή
1665 710 1731 745 εὐχή
1758 717 1807 735 σου

1015 767 1086 795 σῶόν
1105 775 1139 801 με
1150 764 1322 799 διαφυλάξοι.
1338 762 1452 788 Δέδοικα
1466 761 1521 795 γάρ
1537 767 1589 794 μου
1605 757 1655 792 τὴν
1669 755 1810 790 ἁμαρτίαν

1016 813 1065 841 καὶ
1085 812 1134 848 τὴν
1158 810 1297 838 ἀσωτίαν
1316 808 1378 844 εἴσῃ
1397 807 1425 834 δὲ
1443 805 1587 841 γινώσκων
1612 804 1653 830 ὅτι
1673 810 1721 829 σου
1746 802 1811 832 ταῖς

1018 859 1112 893 ἁγίαις
1136 857 1229 892 εὐχαῖς
1246 855 1392 890 ὲνίσχυμαι
1419 852 1467 880 καὶ
1488 851 1647 886 ὲνίδρυμαι·
1671 848 1723 875 κᾶν
1748 847 1813 874 λίαν

1019 901 1258 937 εὑκαταγώνιστός
1279 901 1354 936 είμι·
1376 898 1425 926 καὶ
1447 897 1478 924 οὐ
1504 897 1584 932 μόνον
1597 895 1663 929 ἐγὼ,
1682 893 1813 920 ἀλλὰκαὶ

1019 952 1043 978 οἱ
1063 950 1163 981 πάντες
1178 949 1209 976 τὸ
1225 948 1254 974 ἓν
1264 948 1350 982 ἐσμεν
1364 942 1586 981 συμφρονοῦντές
1605 950 1646 968 σοι
1662 940 1813 975 σύμᾲυχοι,

1021 994 1194 1030 συμπάσχειν
1213 992 1372 1028 αἱρούμενοι
1389 989 1472 1024 μέχρι
1496 987 1624 1014 θανάτου.
1650 986 1706 1012 Καὶ
1724 985 1814 1020 μηδα-

1023 1028 1082 1076 uti»:
1101 1039 1181 1075 ήμῶν
1208 1038 1290 1064 ἕνεκα
1307 1035 1400 1067 δεδιὼς
1418 1032 1462 1071 ᾗς.
1481 1031 1564 1067 Εὖγε,
1579 1029 1602 1059 ὧ
1617 1032 1718 1067 Πάτερ,
1737 1028 1814 1063 εὖγε.

1022 1075 1104 1119 Εὖγε,
1118 1081 1140 1111 ὧ
1155 1083 1251 1119 ἄριστε
1268 1081 1436 1116 κυϐερνῆτα,
1454 1077 1564 1113 ζηλωτὰ
1584 1076 1635 1112 τῆς
1659 1075 1817 1107 εὐσεϐείας,

1025 1130 1133 1167 μιμητὰ
1148 1129 1204 1157 τῶν
1217 1128 1314 1163 ἁγίων.
1327 1123 1557 1160 Μεγαλοπρεπῶς
1569 1123 1654 1154 ὅντως
1668 1121 1818 1157 ἠγώνισαι.

1024 1164 1169 1208 hiatus;
1190 1173 1403 1210 ὑπίρήθλησαςο
1429 1170 1500 1207 μετὰ
1525 1168 1673 1204 μαρτύρων
1703 1164 1752 1193 οἷδ’
1775 1166 1820 1192 ὅτι

1026 1225 1068 1260 εῐη
1095 1223 1127 1251 τδ
1149 1222 1261 1257 π’)ιῦμά
1284 1229 1343 1248 σου.
1363 1219 1440 1254 Ἔχει
1459 1217 1508 1253 μὲν
1532 1216 1604 1243 οὕτω
1618 1214 1716 1245 ταῦτα,
1732 1214 1757 1239 εί
1771 1215 1823 1239 καὶ

1029 1259 1112 1306 μηπω
1134 1269 1185 1303 τῆς
1201 1266 1351 1302 ἐπιθυμίας
1374 1273 1425 1301 μου
1445 1263 1492 1290 καὶ
1518 1263 1568 1297 τῆς
1591 1261 1670 1293 ἀξίας
1695 1267 1754 1291 σου,
1780 1259 1823 1289 εἰς

1027 1303 1098 1343 δέον.
1121 1314 1198 1342 Ἐπεὶ
1209 1314 1238 1341 δὲ
1252 1312 1374 1342 κελεύεις
1395 1308 1539 1344 ἱστορῆσαι
1557 1315 1598 1333 σοι
1609 1305 1671 1333 κατ’
1683 1304 1758 1336 ἔπος,
1774 1303 1822 1338 ἀφ’

1029 1358 1063 1396 ἧς
1083 1359 1190 1395 ἡμέρας
1210 1358 1370 1392 ὑπέστημεν
1394 1354 1504 1388 εκείνην
1531 1352 1581 1387 τὴν
1604 1349 1738 1387 ὀδυνηρὰν
1763 1349 1825 1376 διὰ-

1032 1405 1133 1437 ςευξιν,
1151 1405 1201 1439 τήν
1226 1411 1256 1430 τε
1274 1400 1443 1436 ὁδοιπορίαν,
1464 1399 1561 1426 καὶτὰ
1583 1398 1643 1425 κατ’
1657 1396 1743 1432 αὐτὴν
1758 1396 1827 1430 ἡμῖν

1033 1448 1246 1485 συμϐεϐηκόταο
1265 1447 1314 1481 οὐχ
1342 1444 1445 1473 ίκανῶ·
1464 1442 1536 1478 πλὴν
1557 1442 1588 1469 τὸ
1610 1441 1757 1468 κελευσθέν
1780 1448 1830 1475 μοι

1035 1496 1143 1530 ποιήσω
1158 1493 1320 1520 ἀοκνότατα.
1342 1491 1411 1517 Κατ’
1426 1489 1512 1522 αὐτὴν
1527 1488 1669 1523 τοιγάρτοι
1690 1486 1740 1521 τὴν
1754 1485 1827 1521 ἡμέ-

1039 1550 1090 1577 ραν
1107 1539 1168 1567 καθ1
1185 1541 1218 1574 ἣν
1231 1537 1332 1573 ἀπῄεις
1347 1537 1379 1564 σὺ
1392 1536 1452 1572 μὲν,
1468 1532 1490 1561 ὧ
1505 1535 1607 1569 Πάτερ,
1622 1533 1672 1568 τὴν
1686 1533 1734 1558 ἐπὶ
1745 1532 1831 1558 οάνα-

195 1586 246 1606 nos
266 1577 293 1604 iu
313 1575 439 1604 exsilium
453 1580 559 1604 sumus,
574 1571 671 1603 obviis,
687 1574 771 1597 utres
788 1568 857 1601 tulit,
874 1568 982 1602 jumen-

1037 1567 1084 1614 τον
1097 1586 1157 1614 ὁδὸν
1171 1567 1205 1621 τέ]
1223 1567 1400 1621 προαιρέσει,
1415 1584 1462 1609 καὶ
1477 1582 1559 1617 ἡμεῖς
1576 1567 1762 1613 έστειλὰμεθα
1777 1577 1830 1613 τὴν

1192 1602 1205 1621 υ
1226 1602 1395 1621 ιιμνυιδγε-ιικι,
1416 1602 1462 1609 ιη...

196 1625 232 1652 tis
244 1621 379 1651 subvecti.
397 1621 430 1648 Et
452 1620 569 1655 primum
590 1617 711 1652 quidem,
741 1620 872 1649 tauquam
889 1612 986 1639 harum

198 1678 289 1698 rerum
302 1668 384 1696 rudes
399 1672 480 1702 atque
499 1664 646 1699 inexperti,
663 1661 789 1689 nonnihil
812 1659 902 1686 animo
921 1664 988 1685 con-

198 1716 311 1745 sternati
323 1721 428 1743 sumus.
444 1711 607 1747 Appulimus
615 1709 687 1736 enim
699 1709 731 1735 ad
748 1714 832 1742 pagos
845 1704 988 1741 quosdam,

200 1761 386 1798 spectaculum
404 1758 468 1786 facti
487 1757 561 1785 omni
586 1755 727 1782 hominum
749 1752 826 1780 sexui
844 1756 871 1779 et
895 1751 989 1782 aetati,

201 1797 248 1835 ubi
277 1806 395 1834 tumultu
417 1803 637 1837 clamoribusque
663 1800 782 1834 impletae
810 1797 889 1826 nobis
911 1804 993 1824 aures

203 1855 325 1886 fuerunt,
339 1859 401 1879 cum
423 1849 562 1877 solverent
577 1851 604 1875 et
626 1846 808 1874 subsisterent
826 1843 860 1871 ad
882 1849 993 1877 compa-

204 1900 289 1928 randa
314 1897 397 1925 victui
420 1894 587 1924 necessaria.
606 1893 651 1928 qui
670 1900 720 1919 nos
744 1890 891 1918 ducebant.
916 1888 994 1916 Post-

205 1953 286 1981 quam
299 1952 366 1972 vero
394 1941 540 1970 assuefacti
569 1940 679 1967 tandem
705 1938 817 1968 fuimus,
834 1936 942 1963 facilius
967 1938 997 1961 et

205 1992 296 2020 lenius
308 1991 379 2018 ferre
395 1988 528 2023 coepimus
548 1986 674 2013 adversa.
689 1983 817 2011 Omnium
842 1988 923 2016 porro
938 1988 995 2008 ma-

206 2038 279 2066 xime
295 2044 346 2064 nos
359 2034 475 2069 angebat
491 2032 580 2060 Patris
595 2036 622 2058 et
637 2030 741 2058 domini
757 2028 867 2055 diaconi
881 2027 997 2054 inﬁrmi-

209 2089 262 2112 tas.
279 2083 366 2118 Atque
380 2081 432 2108 hoc
443 2079 525 2107 modo
551 2078 643 2105 tristes
656 2081 684 2104 et
710 2074 836 2103 exhausti
866 2073 918 2101 iter
933 2081 999 2100 cou-

210 2131 336 2159 feeimus.
355 2127 509 2155 lllansiones
522 2130 612 2152 autem
637 2124 678 2150 hae
701 2123 823 2154 fuerunt,
842 2129 856 2148 a
876 2120 1000 2147 Catharis

210 2177 245 2204 ad
258 2175 379 2206 Liviana,
398 2173 461 2200 inde
477 2172 509 2199 ad
526 2170 642 2202 Leucas,
659 2175 715 2196 tum
731 2167 889 2203 Phyrmum:
905 2174 959 2201 quo
972 2165 1000 2192 in

211 2224 273 2250 loco
288 2221 403 2257 lugubre
418 2218 548 2254 quiddam
565 2221 592 2244 et
617 2218 767 2242 memoratu
791 2213 903 2248 dignum
921 2211 1001 2238 nobis

213 2268 322 2297 accidit.
334 2266 404 2294 Cum
418 2263 490 2292 enim
509 2270 542 2289 ex
561 2260 709 2296 improviso
725 2267 753 2286 se
769 2258 934 2285 obtulissent
953 2265 1002 2283 no-

213 2323 276 2343 vem
296 2322 329 2341 ex
345 2309 482 2347 primariis
507 2307 649 2338 fratribus,
679 2306 770 2333 ovium
793 2305 879 2331 instar
896 2304 1002 2338 disper-

215 2368 321 2392 sarum,
345 2355 581 2385 circumsederunt
595 2360 646 2379 nos
662 2351 759 2378 ﬂentes
772 2354 799 2378 et
814 2349 896 2377 corda
912 2353 1005 2376 nostra

216 2404 403 2433 conficientes.
422 2401 457 2428 At
470 2400 566 2428 ductor
579 2401 671 2425 noster
687 2404 738 2423 nec
751 2395 850 2430 alloqui
871 2402 918 2422 eos
933 2393 1008 2420 sinc-

219 2452 276 2479 bat.
292 2450 331 2477 lta
343 2448 474 2475 miserum
487 2446 515 2472 in
533 2444 645 2471 modum
664 2445 838 2477 aspectantcs
861 2444 965 2471 mutuo,
981 2442 1008 2465 et

219 2498 281 2525 vale
297 2495 432 2526 dicentes,
452 2499 513 2519 cum
528 2489 655 2524 lacrymis
680 2487 789 2515 tandem
805 2485 904 2513 divulsi
919 2489 947 2511 et
965 2492 1010 2511 se—

220 2543 307 2581 parati
322 2541 433 2569 fuimus.
450 2537 550 2565 Deinde
563 2535 674 2563 Paulam
692 2533 777 2565 ducti,
792 2531 948 2559 invenimus
963 2538 1010 2557 ve-

222 2580 373 2618 nerandam
398 2591 521 2613 sororem
547 2586 622 2609 tuam
639 2587 702 2607 cum
728 2578 839 2606 domino
859 2576 959 2608 Sabba,
984 2581 1013 2604 et

223 2637 293 2665 clam
312 2633 437 2662 venimus
466 2630 493 2657 in
518 2630 708 2662 conspectum,
741 2629 879 2658 totamque
905 2628 1013 2650 noctem

224 2687 347 2716 congruo
372 2683 499 2705 sermone
511 2673 656 2702 duximus:
675 2675 731 2698 tum
749 2670 865 2697 invicem
886 2673 1014 2704 tanquam

226 2726 306 2755 morti
321 2724 442 2753 addictos
458 2721 618 2750 salutantes,
637 2716 816 2745 discessimus
832 2723 893 2743 cum
915 2715 1015 2751 gemitu

264 2795 285 2811 “
302 2793 372 2820 Psal.
389 2799 425 2822 ct,
442 2790 467 2822 7,
483 2789 510 2817 8.

1038 1633 1178 1668 ἐξόριστον
1203 1629 1371 1665 ὁδοιπορίαν,
1405 1627 1586 1662 ὲποχηθέντες
1617 1625 1659 1659 ἐφ’
1682 1621 1723 1655 οἷς
1751 1623 1832 1658 ἔτυχε

1041 1678 1130 1711 ζώοις.
1145 1677 1201 1704 Καὶ
1213 1676 1251 1708 ὡς
1271 1675 1434 1710 ἁπείραστοι
1457 1673 1517 1700 κατ’
1535 1671 1623 1707 ἀρχὰς
1646 1669 1694 1696 τοῦ
1709 1669 1833 1696 τοιούτου

1041 1723 1190 1759 δράματος,
1204 1719 1276 1756 ἦμέν
1290 1728 1350 1751 πως
1366 1720 1392 1745 ὲν
1405 1718 1521 1753 ἀθυμίᾳ.
1538 1713 1766 1751 Προσεϐἁλλομεν
1779 1714 1834 1748 γὰρ

1043 1769 1089 1796 καί
1114 1776 1168 1794 τισι
1193 1767 1313 1801 κώμαις,
1335 1763 1540 1800 θεατριζόμενοι
1559 1761 1605 1787 ἐπὶ
1629 1761 1721 1793 πάσης
1746 1759 1836 1794 ὂψεως

1044 1815 1091 1841 καὶ
1106 1813 1216 1849 ἡλικίας
1237 1810 1406 1846 ἀνθρώπων
1425 1809 1550 1844 Θορύϐοις
1571 1817 1601 1834 τε
1625 1807 1673 1833 καὶ
1699 1806 1837 1840 κραυγαῖς

1046 1858 1257 1896 περιηχήοημεν
1271 1856 1414 1892 ἀμφότερα
1426 1855 1461 1881 τὰ
1475 1851 1532 1880 ὦτα
1542 1862 1548 1868 ·
1564 1854 1592 1879 έν
1611 1861 1640 1878 τε
1654 1851 1694 1887 τῷ
1709 1850 1839 1885 ἀπαίρειν

1047 1907 1094 1933 καὶ
1117 1903 1289 1931 καταπαύειν
1313 1901 1390 1937 παρὰ
1402 1900 1433 1927 τὸ
1458 1900 1490 1926 τὰ
1513 1898 1654 1932 ἐπιτήδεια
1672 1895 1840 1931 συμπορίζε-

1048 1951 1110 1978 σΘαι
1124 1950 1188 1981 τοὺς
1200 1949 1329 1982 ἄγοντας.
1344 1947 1388 1978 Ὧς
1404 1946 1433 1973 δὲ
1448 1945 1533 1982 ᾔομεν
1551 1943 1637 1980 [unus
1665 1941 1777 1977 ᾔειμεν]
1794 1940 1842 1967 ἐπὶ

1048 1997 1143 2033 πρόσω
1160 1995 1326 2026 ἐθισθέντες,
1344 1994 1409 2028 ῥᾷον
1424 1991 1524 2027 μᾶλλον
1537 1990 1671 2026 ἐφέρομεν
1685 1988 1720 2015 τὰ
1741 1988 1842 2022 δυσχε-

1051 2032 1096 2078 pi.
1116 2041 1153 2068 Τδ
1168 2041 1196 2068 δὲ
1210 2040 1294 2068 ἀνιῶν
1307 2039 1381 2075 ἡμᾶς
1395 2037 1476 2064 πλέον
1492 2038 1509 2072 ὴ
1526 2036 1653 2063 ἀσθένεια
1667 2032 1701 2069 ἦν
1723 2033 1772 2060 τοῦ
1785 2034 1843 2059 Πα-

1049 2077 1113 2123 τρὺς
1127 2086 1173 2113 τοῦ
1189 2085 1285 2120 κυρίου
1306 2083 1443 2111 διακόνου.
1464 2081 1519 2108 Καὶ
1530 2079 1602 2107 οὕτω
1614 2080 1664 2114 τὴν
1683 2078 1742 2104 όόδν
1759 2077 1842 2112 ἀχθό-

1058 2141 1144 2168 μενοι,
1173 2129 1415 2167 περιαντλούμενοι
1442 2126 1653 2162 διεπεράναμεν.
1669 2121 1756 2150 Αὗται
1770 2122 1798 2149 δὲ
1816 2122 1847 2147 αἱ

1053 2167 1206 2213 καταμοναί
1219 2184 1226 2190 ·
1243 2176 1297 2203 ἀπὸ
1309 2175 1342 2201 τὰ
1365 2172 1482 2208 Καοαρὰ
1493 2173 1533 2204 εἰς
1546 2170 1677 2198 Λιϐιανά’
1694 2169 1792 2195 ἔπειτα
1806 2167 1848 2198 εἰς

1054 2211 1160 2253 Λεύκας
1173 2230 1180 2237 ·
1194 2218 1244 2247 εἷθ’
1260 2220 1347 2251 οὕτως
1364 2220 1404 2249 είς
1421 2218 1452 2244 τὸ
1465 2217 1598 2252 Φὺραιον·
1614 2213 1679 2240 ἔνθα
1690 2213 1737 2239 καὶ
1752 2211 1850 2244 ὀδυνη-

1059 2270 1105 2305 ρὶιν
1126 2269 1192 2303 ἡμῖν
1210 2266 1321 2300 συνέϐη,
1346 2265 1393 2291 καὶ
1414 2263 1535 2299 ἱστορίας
1556 2261 1640 2293 ἄξιον.
1660 2257 1853 2293 ’Υπερφανέν-

1058 2323 1104 2346 τες
1121 2313 1175 2348 γάρ
1195 2321 1253 2343 πως
1269 2311 1299 2344 ἐξ
1313 2310 1471 2346 ἁπροόπτου
1487 2307 1563 2334 ἐννέα
1578 2306 1632 2332 τῶν
1653 2303 1854 2339 πρωτευόντων

1061 2359 1195 2394 ἀδελφῶν,
1219 2357 1257 2389 ὼς
1280 2356 1407 2391 πρόϐατα
1438 2351 1639 2387 διεσπαρμένα,
1665 2348 1856 2383 περιέστησαν

1062 2409 1129 2444 ἡμῖν
1142 2406 1294 2436 κλαίοντες,
1309 2404 1357 2430 καὶ
1376 2401 1593 2437 συνθρύπτοντες
1613 2396 1693 2433 ἡμῶν
1719 2396 1769 2430 τὴν
1786 2402 1857 2429 καρ-

1064 2442 1135 2481 δίαν.
1156 2452 1211 2479 Kal
1226 2452 1240 2478 ὁ
1257 2450 1306 2485 μὲν
1320 2449 1395 2483 ἄγων
1408 2448 1484 2483 ἡμᾶς
1503 2446 1564 2472 οὐδὲ
1583 2442 1776 2479 προσλαλῆσαι
1791 2442 1836 2467 εία
1849 2448 1856 2454 ·
1873 2467 1877 2470 ,

1062 2498 1168 2526 ἐλεεινὰ
1180 2498 1208 2524 δὲ
1225 2497 1370 2532 βλέποντες
1389 2495 1437 2520 καὶ
1457 2491 1631 2528 βλεπόμενοι,
1657 2488 1706 2515 καὶ
1724 2486 1861 2521 ἐπιφθέγ-

1065 2553 1137 2580 ματα
1149 2543 1274 2578 ἀλλήλοις
1290 2540 1461 2570 ὲπειπόντες,
1478 2537 1634 2564 τελευταῖον
1647 2533 1717 2569 μετὰ
1731 2531 1862 2567 δακρύων

1064 2576 1293 2624 ϐιεχωρίσοημεν.
1321 2582 1388 2612 Εἶτα
1416 2581 1602 2617 καταχθέντες
1628 2580 1656 2605 ὲν
1684 2579 1718 2613 τῇ
1752 2576 1862 2610 Ila-31;,

1065 2634 1183 2670 εὕρομεν
1199 2633 1248 2668 τὴν
1264 2630 1450 2665 πολυτίμητόν
1466 2637 1512 2655 σου
1526 2626 1643 2660 ἀδελφὴν
1657 2624 1705 2650 σὺν
1716 2623 1757 2658 τῷ
1775 2621 1866 2657 κυρίῳ

1069 2668 1164 2715 Σάὸϐᾳ
1176 2680 1225 2713 (4),
1241 2677 1371 2713 κρυπτῶς
1393 2673 1610 2709 συνοψισθέντες,
1626 2671 1673 2697 καὶ
1695 2669 1729 2695 δι’
1740 2668 1807 2702 ὅλης
1821 2676 1866 2693 vu-

1072 2726 1136 2757 xrbc
1150 2726 1178 2752 ὲν
1193 2722 1284 2759 ταυτῷ
1308 2722 1462 2758 μείναντες,
1478 2717 1646 2754 λαλήσαντές
1662 2723 1691 2742 τε
1708 2714 1744 2741 τὰ
1759 2713 1866 2744 εἰκότα,

983 2816 1100 2845 NOTAE.
1114 2814 1138 2846 ⁴.

269 2877 307 2913 (ί)
323 2875 365 2908 Τῷ
390 2876 484 2913 κηρίῳ
517 2872 626 2900 Σάϐϐα.
652 2870 766 2902 Sabbas,
783 2868 951 2897 Studilat‘um

1033 2864 1215 2902 gumcnuspiu
1253 2862 1369 2891 concilio
1395 2859 1505 2888 Nicaeae
1525 2858 1545 2886 ll
1577 2864 1629 2885 una
1655 2863 1717 2883 cum
1745 2855 1870 2885 Platone.

234 2911 406 2947 subscriptus
422 2911 530 2944 legitur.
