1924 3077
109 147 162 181 91⁸7

729 145 995 176 EPISTOLARUM
1009 147 1082 178 LIB.
1102 146 1117 177 Ι
1122 170 1127 177 .

1693 151 1744 184 918

110 207 158 234 καὶ
169 204 361 240 ἀσπασάμενοι
375 202 508 239 ἀλλήλους
523 202 563 234 ὡς
577 200 780 233 ἐπιθανατίους,
793 201 902 236 διέστη-

955 205 980 229 et
992 202 1149 236 ejulatione.
1162 201 1202 230 Ac
1217 207 1285 230 tunc
1298 202 1392 231 videre
1412 207 1471 232 erat
1481 204 1612 233 convulsa
1632 210 1742 241 pectora

111 259 163 286 μεν
178 250 318 281 στένοντες
333 249 381 276 καὶ
394 247 589 283 ποτνιώμενοι.
603 244 658 273 Ἦν
675 246 739 273 ἰδεῖν
752 246 814 273 ἐκεῖ
826 254 898 273 σπα-

110 297 269 334 ρασσόμενα
290 294 433 329 σπλάγχνα
456 294 504 321 καὶ¹
523 292 707 328 σφαδάζοντα,
734 292 898 328 θεοπρεπῶς

109 342 269 377 νικωμένης
290 341 340 376 τῆς
360 340 480 375 φύσεως.
500 339 548 366 Ἐκ
570 338 654 366 τῶνδε
682 337 901 373 κατεπαύσαμεν

108 390 139 416 ἐν
157 388 198 423 τῷ
219 386 373 422 Λουπαδίῳ,
392 385 563 421 φιλοφρόνως
578 384 804 420 συμπαθηθέντες
824 384 902 418 παρά

109 434 158 462 τοῦ
184 432 399 468 ξενοδοχοῦντος,
418 430 588 466 χρησάμενοί
612 439 642 457 τε
664 431 712 457 καὶ
735 429 841 465 λουτρῷ
858 429 902 457 διὰ

108 481 174 512 τοὺς
191 479 329 516 μώλωπας
342 486 349 493 ”
367 477 497 512 γεγόνασι
517 476 580 512 γὰρι
595 475 642 503 καί
665 484 747 503 τινων
768 476 900 509 δυσίατοι,

107 526 165 553 ἀπὸ
190 525 242 559 τῆς
272 523 440 558 ὁδοιπορίας.
463 522 519 549 Καὶ
544 521 725 558 κατήχθημεν
750 522 791 553 εἰς
814 521 901 549 Τίλιν.

114 572 191 598 Ἐκεῖ
207 570 297 597 τοίνυν
311 567 476 596 καταλαϐὼν
489 568 565 603 ἡμᾶς
577 568 592 595 ὅ
603 576 631 594 τε
647 567 747 599 Ἀϐϐᾶς
764 567 902 603 Ζαχαρίας

110 616 182 653 μετά
195 615 243 642 τοῦ
267 614 388 646 Πιονίου,
404 615 438 641 ἐκ
453 613 560 649 θερμῆς
573 613 733 648 προθέσεως
748 612 901 646 κλαίοντες,

107 663 158 689 καὶ
183 661 243 697 μεθ’
266 660 346 696 ήμῶν
373 659 532 695 αἱρούμενοι
565 658 743 694 πορεύεσθαι,
773 658 824 686 κᾶν
852 659 903 686 οὐκ

107 708 255 743 εἰάθησαν.
275 706 341 733 Ἀπὸ
357 705 435 733 τοῦδε
453 706 492 738 εις
511 704 672 740 Ἀλκέριζαν
684 712 692 720 ·
706 705 740 731 ἐκ
753 704 839 731 τῶνδε
861 705 902 736 είς

115 752 403 788 ’Δναγεγραμμένους,
415 751 512 778 ἔπειτα
527 752 567 782 είς
578 750 763 786 Περπερίναν’
774 750 902 777 κάκεῖθεν

109 801 152 832 είς
167 799 199 826 τὺ
214 799 329 834 Πάριον*
347 796 540 828 κοινωνοῦντες
562 796 639 831 παρὰ
654 795 709 822 τῶν
733 795 902 828 ἐπισκόπων,

952 252 980 274 et
994 247 1156 281 fatiscentia,
1171 255 1233 275 cum
1262 248 1392 275 decenter
1408 249 1477 276 victa
1495 250 1607 277 cederet
1632 254 1742 278 natura.

952 293 991 321 Ex
1005 293 1058 320 hoc
1081 293 1142 321 loco
1165 294 1280 330 digressi
1306 294 1477 322 substitimus
1496 295 1526 323 in
1548 295 1681 331 Lupadio,
1697 296 1744 324 ubi

952 343 1128 373 peramanter
1148 339 1183 366 ab
1201 339 1309 374 hospite
1337 340 1424 368 habiti
1452 340 1566 375 fuimus,
1590 342 1743 377 balneoque

952 384 993 412 usi
1005 389 1116 420 propter
1129 385 1253 413 vibices:
1275 386 1415 414 nonnullis
1437 387 1511 414 enim
1535 395 1605 422 pene
1630 388 1743 415 insana-

951 430 1020 457 biles
1031 435 1179 458 evaserunt
1193 439 1227 458 ex
1245 431 1350 460 itineris
1365 432 1523 467 agitatione.
1537 433 1571 460 Et
1583 433 1744 461 divertimus

952 475 1042 503 Tilim.
1064 475 1120 503 Illic
1130 484 1196 512 ergo
1205 480 1347 504 assecutus
1360 485 1411 505 nos
1422 478 1508 505 abbas
1520 478 1668 507 Zacharias
1680 487 1743 507 cum

952 521 1059 555 Pionio,
1086 530 1142 557 prae
1153 523 1236 550 animi
1259 523 1356 551 ardore
1385 524 1527 552 nobiseum
1543 526 1638 552 venire
1649 526 1743 561 cupie-

952 568 1017 595 bant
1031 578 1037 595 :
1051 568 1100 595 sed
1117 568 1282 603 permissum
1298 569 1324 596 id
1339 569 1380 596 eis
1400 577 1455 597 non
1471 570 1534 597 fuit.
1546 570 1612 598 Inde
1636 571 1743 599 Alceri-

953 621 1022 645 sam,
1042 618 1098 641 tum
1114 614 1148 641 ad
1173 614 1451 650 Anagegrammenos,
1489 616 1588 643 deinde
1617 615 1743 652 Perperi-

952 666 1027 691 nam,
1045 663 1127 694 atque
1140 660 1214 687 illinc
1230 660 1352 695 Parium,
1368 669 1430 689 cum
1443 662 1580 698 episcopis
1591 665 1743 691 communi-

952 711 1056 738 cantes,
1072 709 1100 733 et
1126 706 1160 734 de
1181 707 1365 742 jurejurando
1394 709 1519 736 modeste
1548 710 1741 737 admonentes.

953 750 1017 778 Post
1042 752 1100 779 haec
1114 751 1244 786 Horcum,
1267 753 1331 780 inde
1354 753 1533 789 Lampsacum
1547 775 1555 787 ,
1582 755 1628 782 ubi
1658 755 1743 783 Herae

953 797 1053 824 electas
1070 798 1154 830 nacti,
1180 799 1270 826 triduo
1290 800 1420 827 haesimus
1433 802 1561 836 navigare
1577 810 1632 829 non
1648 802 1742 830 valen-

108 847 183 881 πλὴν
198 845 246 872 καὶ
258 844 329 880 μετὰ
354 843 547 874 ταπεινώσεως
572 842 829 878 ὑπομιμνήσκοντες
854 843 903 877 ὀμ-

955 848 1006 871 tes.
1034 844 1138 872 Deinde
1152 845 1292 873 solventes
1312 846 1468 881 appulimus
1489 848 1625 883 Abydum,
1643 856 1657 875 a
1672 856 1743 883 pra:-

109 893 235 924 νύοντας.
260 888 327 917 Εῐτα
352 890 392 922 είς
410 889 518 924 Ὅρκον,
541 888 647 915 ἐκεῖθεν
665 888 706 919 εις
729 887 899 923 Λάμψακονο

955 890 1012 916 side
1024 889 1180 917 humaniter
1190 891 1306 926 excepti.
1321 891 1445 927 Cumque
1454 893 1489 920 ibi
1499 901 1585 928 usque
1597 894 1631 921 ad
1645 894 1744 921 Sabba-

107 941 138 966 ἐν
168 935 186 975 ᾗ
213 937 339 973 εὑρόντες
371 934 586 970 Ἡρακλειώτας,
611 933 901 969 προσανεπαυσάμεθα

108 987 269 1022 τριήμερόν,
292 984 371 1011 πλεῖν
390 983 421 1010 οὺ
440 982 595 1017 δυνάμενοι.
618 979 684 1009 Εἶτα
706 981 902 1017 ὲξορμίσαντες

109 1031 338 1066 κατεπλεύσαμεν
361 1031 390 1056 ἐν
405 1030 439 1065 τῇ
462 1027 570 1063 ’Δϐύδῳ
581 1035 589 1043 ⁸
603 1027 657 1054 ὑπὸ
675 1027 723 1054 τοῦ
742 1028 833 1054 ἐκεῖσε
850 1028 901 1063 ἄρ-

110 1086 206 1113 χοντος
235 1075 357 1107 εὐσεϐῶς
390 1073 618 1110 κατελεηθέντες’
638 1073 687 1101 καὶ
711 1073 902 1109 ἐπιμείναντες

109 1126 163 1156 ἓως
185 1122 235 1150 τοῦ
255 1122 390 1149 σαϐϐάτου
417 1121 600 1156 ὁκταήμερον,
627 1119 842 1155 ἀπεπλεύσαμεν
862 1121 903 1151 εις

115 1170 287 1200 Ἐλεοῦντας.
310 1166 516 1202 Ἑϐδοματιαῖόν
534 1175 564 1193 τε
580 1165 678 1201 χρόνον
696 1166 899 1201 ἐπιμείναντες,

108 1217 154 1244 διὰ
164 1216 196 1243 τὺ
210 1214 319 1247 ἅπλοον,
334 1212 421 1245 δεξιοῦ
432 1212 534 1248 ἀνέμου
551 1211 730 1243 πνεύσαντος,
746 1211 899 1247 ἐπετάσθη-

953 940 1011 962 tum
1027 940 1090 963 octo
1104 937 1209 964 dierum
1223 939 1310 972 spatio
1323 939 1528 972 mansissemus,
1548 939 1607 966 vela
1628 939 1743 967 fecimus

953 982 987 1009 ad
1002 980 1141 1015 Eleuntes,
1165 983 1212 1010 ubi
1242 984 1441 1012 hebdomadem
1472 986 1644 1018 commorati,
1670 986 1742 1020 quod

954 1027 1076 1063 navigari
1088 1035 1143 1055 non
1156 1034 1257 1063 posset,
1275 1030 1396 1057 secundo
1420 1035 1504 1057 vento
1518 1030 1600 1058 ﬂante
1617 1030 1743 1065 perveni-

954 1081 1015 1100 mus
1043 1073 1072 1100 in
1102 1073 1236 1101 Lemnum
1266 1082 1364 1102 novem
1392 1075 1521 1103 horarum
1551 1076 1741 1104 velificatione.

954 1116 1112 1145 Orationem
1127 1119 1174 1147 hic
1199 1125 1320 1147 moratur
1332 1121 1419 1155 pietas
1433 1121 1556 1156 episcopi
1582 1122 1628 1156 qui
1649 1129 1704 1154 me,
1719 1121 1742 1148 si

954 1164 1014 1199 quis
1025 1164 1104 1198 alius,
1119 1165 1237 1201 benigne
1251 1166 1382 1202 suscepit,
1404 1167 1561 1195 consolatus
1579 1172 1631 1201 est,
1644 1173 1672 1196 et
1686 1168 1743 1195 via-

954 1211 1009 1238 tico
1022 1210 1160 1239 instruxit.

111 1270 162 1297 μεν
176 1262 206 1288 ἐν
219 1261 253 1295 τῇ
263 1259 365 1294 Λήμνῳ
375 1259 404 1285 ἐν
418 1257 686 1293 ἐνναωρίῳ.”ιστησί
709 1265 760 1292 μου
777 1257 823 1284 τὸν
835 1257 914 1291 λόγον
949 1255 1066 1283 ἐνταῦθα
1097 1257 1114 1291 ή
1135 1256 1182 1283 τοῦ
1204 1257 1354 1284 ἐπισκόπου
1374 1257 1430 1284 τῶν
1456 1258 1519 1293 τῇδε
1538 1258 1675 1286 εὐσέϐεια.
1695 1259 1743 1292 ⁸ος

108 1309 160 1336 οὐκ
175 1309 202 1335 et
218 1315 261 1339 τις
279 1306 335 1342 γὰρ
359 1304 438 1337 ἀλλος
457 1305 506 1332 καὶ
525 1304 696 1337 ἐδεξιώσατο,
715 1304 762 1331 καὶ
773 1304 962 1340 παρηγόρησε,
977 1303 1025 1330 καὶ
1044 1303 1206 1338 ἐφωδίασεν.

151 1353 200 1380 Ἐκ
213 1351 268 1379 τῶν
288 1351 353 1386 τῇδε
367 1350 457 1377 τοίνυν
472 1349 697 1380 ἀποπλεύσαντες
709 1350 739 1375 ἐν
753 1349 840 1384 φόϐῳ,
857 1349 902 1376 διὰ

990 1348 1055 1376 Inde
1081 1356 1147 1385 ergo
1178 1349 1268 1376 soluta
1296 1349 1369 1382 navi,
1397 1357 1454 1377 non
1485 1349 1545 1377 sine
1578 1355 1663 1385 metu,
1685 1354 1745 1386 pro‘

109 1398 140 1426 τὸ
157 1396 362 1433 παρακείμενον
388 1394 475 1426 ἔθνος,
488 1390 718 1429 ἀντεπεράᾶαμεν
734 1393 902 1430 βορῤοφόρου

109 1444 160 1471 καὶ
177 1441 348 1479 ροιξήδοντος
369 1440 399 1466 ἐν
420 1439 603 1474 δωδεκαωρίῳ
620 1438 717 1465 ἑκατὸν
733 1437 903 1473 πεντήκοντα

112 1488 213 1524 μιλίων
230 1486 260 1514 ὂν
275 1486 306 1512 τὸ
322 1484 456 1519 πέλαγος,
471 1484 635 1519 ὁρμίσαντες
647 1483 677 1510 ἐν
689 1482 729 1517 τῷ
747 1482 903 1517 Κανάστρῳ

110 1536 141 1562 ἐν
161 1535 218 1565 τοῖς
242 1531 446 1566 Θεσσαλονίκης
469 1530 555 1566 ὁρίοις
566 1537 573 1544 ·
590 1529 687 1558 ἔπειτα
704 1529 745 1560 είς
761 1529 904 1564 Παλλήνην

110 1581 147 1607 τὰ
164 1579 301 1615 πρόσγεια
318 1577 366 1604 τοῦ
382 1576 486 1603 κόλπου
498 1584 505 1591 ·
526 1573 588 1602 εἶτα
609 1575 649 1606 είς
663 1575 694 1601 τὸ
709 1574 834 1609 ἔμϐολον.
857 1574 904 1601 Ἐκ

110 1626 166 1654 τῶν
182 1625 260 1653 ἐνθεν
277 1623 358 1657 ζώοις
373 1623 454 1651 πάλιν
472 1621 668 1655 ἐπιϐεϐηκότες
684 1620 817 1656 Σαϐϐάτῳ
831 1619 903 1655 ὴμέ-

113 1681 150 1708 ρᾳ
173 1670 272 1706 ἐορτῆς
300 1668 348 1696 τοῦ
374 1667 582 1702 Εὑαγγελισμοῦ
598 1667 648 1703 (5),
667 1665 727 1701 ὥρᾳ
745 1665 827 1702 τρίτῃ
848 1665 904 1691 είσ-

111 1716 238 1752 ήχθημεν
251 1715 281 1741 ἐν
301 1715 335 1750 τῇ
350 1713 439 1740 πόλει.
457 1711 513 1739 Καὶ
529 1711 573 1738 οῐα
587 1713 604 1747 ὴ
621 1711 724 1742 εἴσοδος
739 1711 745 1736 l
763 1710 830 1737 Οὑδέ
848 1710 904 1745 γὰρ

110 1762 193 1788 τοῦτο
219 1760 366 1796 παρελθεῖν
396 1759 557 1794 ἀναγκαῖον.
589 1757 784 1794 Προπεμφθεὶς
814 1757 904 1784 τοίνυν

111 1807 192 1843 παρὰ
204 1806 252 1834 τοῦ
270 1806 394 1841 ὑπάρχου
410 1805 466 1832 τῶν
484 1804 598 1840 ἐξόχων,
620 1801 661 1836 εἷς
683 1803 754 1839 μετὰ
770 1811 904 1838 στρατιω-

111 1854 178 1886 τῶν,
196 1852 368 1888 προσέμενεν
390 1851 420 1878 ἐν
442 1852 477 1886 τῇ
494 1850 642 1886 ἀνατολικῇ
669 1849 769 1885 πόρτῃ,
783 1850 831 1876 καὶ
843 1850 904 1875 ἐπι-

112 1901 212 1927 στᾶσιν
237 1898 397 1934 ὑπήντησαν
421 1896 507 1932 ὕρθιοι
525 1896 569 1923 διὰ
593 1896 685 1931 σιγῆς.
708 1895 763 1922 Καὶ
785 1895 855 1930 μετὰ
876 1894 905 1920 τὸ

111 1945 246 1973 εἰσελθεῖν
260 1944 421 1975 κλείσαντες
439 1943 489 1975 τὰς
505 1942 605 1975 πύλας,
619 1941 687 1977 ἦγον
703 1942 747 1969 διά
771 1942 821 1977 τῆς
843 1941 906 1974 ἀγο-

113 1993 175 2028 ρᾶς,
191 1990 435 2027 προπομπεύοντες
462 1989 510 2017 ἐπὶ
532 1989 582 2025 τῆς
599 1989 687 2024 ὅψεως
701 1988 756 2015 τῶν
769 1989 809 2018 εἰς
824 1986 904 2013 τοῦτο

112 2037 392 2074 συνδεδραμηκότων·
408 2036 455 2063 καὶ
469 2036 660 2070 ἀπαγαγόντες
675 2036 823 2071 εἰσήγαγον
835 2036 904 2071 πρὸς
920 2028 942 2056 Ῑ)

111 2085 160 2112 τὸν
176 2085 305 2120 ἄρχοντα.
319 2083 376 2110 Καὶ
391 2079 455 2116 εὖγε
468 2081 508 2117 τῷ
518 2081 608 2117 ἀνδρί·
621 2081 737 2116 εὐμενὲς
753 2081 807 2117 γὰρ
819 2082 905 2117 πρόσ-

112 2139 190 2159 ωπον
209 2129 310 2163 δείξας,
334 2127 406 2164 μετὰ
439 2127 470 2154 τὸ
501 2129 595 2154 πεσεῖν
621 2127 729 2162 χρηστὰ
755 2127 905 2162 ἐφθέγξατο

112 2177 192 2212 ἡμῖν.
209 2174 381 2210 Παρέπεμψέ
398 2182 429 2200 τε
445 2173 514 2209 πρὸς
529 2172 575 2199 τὸν
588 2172 812 2208 ἀρχιεπίσκοπον,
827 2172 905 2206 πρῶ-

110 2230 159 2248 τον
175 2219 415 2256 προσευξαμένους
440 2219 468 2245 ἐν
491 2219 525 2254 τῇ
542 2217 608 2253 ἁγίᾳ
631 2217 727 2253 Σοφίᾳ.
746 2217 801 2244 Καὶ
824 2218 853 2243 ἐν
865 2216 905 2252 τῷ

112 2265 252 2302 εὺκτηρίῳ
264 2265 304 2300 τῷ
323 2264 390 2300 παρ’
403 2263 486 2291 αὐτοῦ
506 2263 624 2299 ποιήσας
639 2262 737 2298 εὐχὴν,
753 2263 767 2289 ὁ
783 2263 903 2296 ἁγιώτα-

111 2322 161 2346 τος
185 2312 296 2344 ἐδέξατο
322 2311 370 2338 καὶ
386 2309 583 2345 κατησπάσατο
593 2309 677 2344 ἡμᾶς,
693 2308 828 2344 ὁμιλήσας
840 2309 905 2344 ήμῖν

111 2360 150 2388 τὰ
164 2359 271 2392 δέοντα,
287 2357 335 2384 καὶ
349 2356 415 2392 παρ’
432 2355 501 2383 αὐτὰ
518 2355 670 2391 κρατήσας,
685 2355 733 2381 καὶ
745 2354 906 2385 ἀναπαύσας

112 2407 161 2434 διά.
173 2414 205 2432 τε
218 2403 334 2440 λουτροῦ
349 2403 397 2430 καὶ
411 2401 574 2437 βρωμάτων,
591 2400 631 2435 Τῇ
655 2399 770 2435 δευτέρᾳ
784 2399 906 2435 πρωῖθεν

111 2450 188 2488 ἦραν
209 2450 295 2486 ἡμᾶς,
311 2448 358 2476 καὶ
378 2448 412 2474 δι’
432 2447 568 2482 αἰτήσεως
585 2446 750 2480 ποιήσαντες
775 2444 905 2477 εὔξασθαι

113 2500 156 2530 εις
173 2497 219 2524 τὸν
243 2497 322 2530 ἀγιον
342 2495 510 2531 Δημήτριον,
535 2493 699 2529 διεχώρισαν
727 2494 832 2525 πάντας
858 2493 907 2520 ἀπ’

113 2544 251 2579 ἀλλήλων,
267 2541 511 2577 προπεποιηκότας
525 2539 619 2575 εὐχὴν,
633 2539 680 2567 καὶ
695 2539 906 2575 ἀσπασαμένους

112 2589 258 2624 ἀλλήλους.
280 2588 350 2619 Τοὺς
373 2586 421 2614 δύο
436 2585 465 2612 δὲ
486 2585 560 2620 ἡμᾶς
579 2584 710 2618 ἀδελφοὺς
722 2584 906 2618 ἀναγαγόντες

112 2636 160 2662 ἐπὶ
177 2635 224 2661 τδν
243 2635 272 2661 ἐν
290 2629 313 2667 ᾧ
335 2633 395 2668 ειμι
418 2631 477 2659 νυνὶ
499 2631 591 2662 τόπον,
606 2629 746 2662 διέζευξαν
762 2629 907 2665 ὣκρυρῶς

112 2679 355 2714 καταφιλήσαντας
379 2677 521 2713 ἀλλήλους,
548 2676 586 2708 ὡς
606 2675 654 2702 καί
672 2683 748 2707 τινας
768 2676 822 2702 τῶν
839 2675 907 2703 θεω-

953 1398 1014 1428 pter
1038 1394 1181 1422 ﬁnitimam
1211 1399 1329 1430 gentem,
1353 1394 1382 1421 in
1405 1395 1547 1422 adversam
1580 1403 1667 1430 oram,
1698 1404 1745 1424 va-

953 1440 1008 1467 lido
1022 1440 1146 1475 spirante
1169 1441 1262 1473 borea,
1292 1440 1509 1474 transmisimus,
1535 1446 1648 1469 centum
1664 1443 1743 1478 quin-

953 1485 1082 1520 quaginta
1096 1485 1210 1512 millium
1224 1485 1335 1521 pelagus
1349 1485 1496 1513 duodecim
1522 1486 1597 1514 horis
1618 1488 1724 1515 emensi
1737 1496 1742 1514 :

953 1530 1162 1565 appulimusque
1184 1530 1348 1558 Canastrum
1362 1531 1390 1558 in
1413 1531 1514 1559 ﬁnibus
1531 1530 1744 1566 Thessalonicm,

953 1576 1052 1604 deinde
1062 1575 1200 1604 Pallenam
1219 1577 1291 1604 sinui
1304 1577 1461 1613 contiguam
1476 1586 1482 1604 :
1500 1582 1556 1605 tum
1570 1579 1605 1606 ad
1622 1584 1743 1614 portum,

953 1629 987 1649 ex
1000 1630 1054 1656 quo
1069 1622 1097 1649 in
1112 1623 1278 1650 animalibus
1301 1623 1400 1650 iterum
1426 1624 1564 1657 sedentes,
1588 1625 1684 1652 urbem
1702 1627 1744 1652 in-

954 1667 1039 1702 gressi
1064 1675 1160 1695 sumus
1183 1667 1314 1701 Sabbato,
1336 1668 1380 1696 die
1404 1668 1476 1696 festo
1506 1669 1744 1702 Annuntiationis,

954 1713 1021 1741 hora
1036 1714 1126 1741 tertia.
1146 1713 1240 1747 Qualis
1254 1722 1320 1742 vero
1333 1715 1473 1750 ingressus
1486 1716 1493 1741 ί
1506 1721 1594 1749 neque
1607 1715 1660 1742 hoc
1674 1723 1745 1750 prae-

956 1758 1037 1785 terire
1051 1758 1092 1785 fas
1105 1763 1157 1786 est.
1177 1759 1339 1786 Prazmissus
1355 1766 1371 1786 a
1386 1759 1517 1794 prafecto
1533 1767 1605 1787 unus
1626 1767 1659 1787 ex
1687 1760 1747 1795 pri--

954 1804 1076 1832 moribus
1092 1812 1154 1832 cum
1180 1805 1298 1832 militum
1311 1812 1405 1838 manu,
1424 1805 1458 1832 ad
1482 1805 1651 1833 Orientalem
1681 1815 1746 1841 por-

954 1855 1009 1878 tam
1020 1851 1204 1886 exspectabat.
1213 1850 1246 1878 Et
1256 1851 1539 1886 appropinquantibus
1548 1851 1637 1884 nobis,
1649 1859 1746 1879 occur-

955 1902 1050 1925 rerum
1080 1902 1154 1925 recta
1182 1898 1253 1930 acie,
1283 1897 1415 1925 silentio:
1438 1901 1466 1925 et
1494 1897 1594 1925 clausis
1627 1903 1688 1932 post
1703 1898 1746 1925 in-

955 1952 1080 1980 gressum
1096 1949 1220 1975 nostrum
1238 1944 1336 1978 portis,
1363 1951 1412 1979 per
1428 1943 1518 1970 forum
1538 1951 1588 1971 nos
1609 1943 1745 1971 duxerunt

956 1991 1057 2018 celebri
1073 1998 1183 2025 pompa,
1199 1990 1226 2016 in
1237 1990 1324 2016 oculis
1337 1997 1431 2017 eorum
1449 1989 1494 2024 qui
1507 1990 1540 2016 ad
1559 1990 1745 2024 spectaculum

958 2041 1142 2067 accurrerant,
1159 2035 1399 2070 perduxeruntque
1412 2035 1445 2062 ad
1463 2035 1618 2069 praesidem.
1637 2034 1660 2062 0
1678 2043 1747 2070 prm-

959 2081 1061 2108 clarum
1075 2080 1181 2108 virum!
1199 2080 1333 2115 placidum
1353 2080 1425 2107 enim
1446 2080 1525 2107 nobis
1542 2080 1646 2107 vultum
1666 2081 1746 2108 exhi-

958 2124 1037 2157 bens,
1050 2132 1113 2152 cum
1133 2128 1285 2159 prostratus
1304 2124 1459 2157 salutasset,
1476 2125 1535 2152 miti
1552 2133 1602 2152 nos
1619 2133 1746 2152 sermone

958 2170 1055 2198 allatus
1075 2174 1126 2202 est,
1156 2169 1285 2204 misitque
1299 2169 1335 2196 ad
1362 2169 1600 2204 archiepiscopum
1618 2170 1746 2204 precibus

958 2222 1022 2244 ante
1037 2216 1104 2244 fusis
1116 2215 1144 2242 in
1167 2220 1269 2243 sanctae
1291 2216 1410 2250 Sophim.
1428 2215 1478 2243 Ubi
1503 2223 1567 2251 ergo
1586 2217 1612 2243 in
1628 2217 1747 2243 oratorio

958 2269 1008 2290 suo
1023 2266 1150 2296 precatus
1162 2265 1204 2288 est
1223 2261 1421 2293 sanctissimus,
1441 2262 1550 2296 excepit
1574 2270 1634 2294 nos,
1653 2267 1680 2289 et
1690 2263 1748 2297 opi-

958 2314 1024 2342 pare
1040 2306 1174 2338 tractavit,
1190 2307 1382 2334 consentaneis
1398 2307 1489 2334 verbis
1505 2307 1659 2341 alloquens,
1690 2312 1747 2334 tum

959 2353 1056 2381 balneo
1082 2353 1207 2387 cibisque
1225 2352 1352 2380 reﬁciens
1375 2360 1407 2379 ac
1431 2352 1591 2380 restituens.
1616 2353 1748 2379 Postridie

959 2407 1038 2426 mane
1049 2399 1157 2427 abducti
1171 2406 1276 2431 sumus,
1289 2403 1317 2425 et
1327 2406 1375 2434 per
1385 2399 1503 2433 speciem
1513 2398 1591 2434 quasi
1606 2399 1639 2425 ad
1660 2400 1747 2425 sancti

960 2444 1089 2471 Demetrii
1103 2452 1214 2479 precum
1241 2452 1323 2471 causa
1351 2444 1526 2477 doceremur,
1553 2450 1750 2478 separaverunt

959 2498 1010 2517 uos
1024 2497 1131 2522 omnes,
1154 2495 1264 2517 orantes
1289 2493 1385 2516 mutuo
1413 2493 1440 2516 et
1465 2489 1525 2515 vale
1546 2488 1681 2516 dicentes.
1694 2488 1749 2515 Nos

959 2543 1025 2563 vero
1040 2535 1139 2562 fratres
1157 2535 1235 2568 duos,
1262 2542 1325 2562 cum
1340 2535 1368 2562 in
1383 2535 1457 2562 hunc
1471 2534 1498 2561 in
1514 2542 1568 2569 quo
1582 2542 1656 2561 nunc
1680 2535 1749 2570 dego

960 2581 1048 2609 locum
1073 2582 1277 2617 perduxissent,
1297 2581 1489 2616 sejunxerunt,
1504 2580 1630 2607 flebiliter
1645 2581 1748 2615 ample-

959 2634 1066 2657 ctenles
1081 2633 1187 2660 mutuo,
1211 2628 1280 2655 adeo
1302 2633 1332 2654 ut
1360 2626 1541 2661 spectantium
1557 2624 1682 2651 nonnulli
1698 2625 1750 2651 mi—

961 2674 1107 2703 sericordia
1118 2676 1366 2701 commoverentur.
1374 2671 1417 2699 Sic
1431 2679 1460 2698 se
1473 2671 1575 2698 habent
1583 2677 1626 2697 res
1639 2674 1750 2702 nostrae,

873 2755 990 2784 NOTAE.

149 2814 190 2850 (5)
212 2815 320 2850 Ἡμέρᾳ
329 2814 437 2849 ἑορτῆς
453 2813 507 2841 τοῦ
519 2813 760 2850 ξὺαγτελισμοῦι
785 2814 847 2842 Dies
861 2815 904 2843 fe-

114 2848 175 2878 stus
190 2848 428 2883 Antiuutiationis,
444 2849 503 2877 sive
518 2848 555 2876 25
574 2849 675 2883 Martii,
686 2850 834 2878 Sabbatum
852 2849 905 2878 fuit

959 2823 1005 2842 an.
1025 2815 1085 2848 797,
1100 2815 1214 2850 proinde
1227 2822 1299 2842 anno
1325 2814 1371 2850 illo
1393 2813 1455 2850 data
1479 2810 1667 2850 videturnhzec
1692 2809 1736 2843 cpi

961 2850 1048 2883 stola;
1066 2846 1130 2879 licet
1147 2849 1280 2878 Baronius
1293 2849 1395 2877 referat
1414 2848 1447 2875 ad
1463 2854 1563 2874 annum
1578 2846 1639 2874 796.
