1924 3077
184 132 239 164 919

781 132 811 161 S.
830 130 1028 161 THEODORI
1048 130 1223 161 STUDITIE

1770 128 1827 159 920

186 189 276 220 l‘ater,
290 191 318 215 et
329 194 380 224 ego
391 187 437 214 hic
453 187 535 215 vitam
553 195 627 215 nunc
650 195 700 223 ago
716 187 869 215 luctuosam
897 192 924 216 et
940 187 981 215 la-

1040 187 1124 222 tivum
1147 186 1318 223 ταραχθῆναι
1340 187 1374 222 τῇ
1401 184 1571 222 συμπαθείᾳ.
1591 184 1686 217 οὕτως
1705 185 1741 212 τὰ
1762 185 1827 212 καθ’

186 233 374 261 mentabiietn.
392 232 531 261 Caeterum
558 233 681 269 eulogias
697 238 798 261 sanctae
808 240 905 261 manus
916 238 980 265 tute,

186 278 261 306 velut
270 283 372 306 sanctis
383 278 527 306 Trinitatis
549 277 605 306 vim
619 277 784 311 obtinentes,
800 277 981 313 suscepimus,

186 333 287 360 easque
305 325 417 353 amuleti
430 325 491 354 loco
504 325 646 359 habemus,
659 331 687 353 et
698 324 785 352 oculis
798 324 901 352 nostris
909 324 984 353 velut

187 371 328 400 dexteram
345 375 420 400 tuatn
442 372 632 400 exosculantes
653 371 840 399 admovemus.
863 372 982 400 Rursum

188 418 323 453 laerymte,
340 426 452 446 rursum
467 419 572 447 viscera
590 419 802 446 convolvuntur.
824 418 982 446 Orationem

188 464 262 491 enim
278 464 404 492 claudere
432 469 475 492 est
489 465 608 492 animus.
627 464 649 492 0
666 464 757 498 Pater,
772 473 822 493 cur
844 473 888 493 me
901 465 983 493 dese-

189 510 266 538 ruisti
282 510 294 537 ?
309 510 345 538 At
366 518 422 538 non
445 511 602 539 deseruisti.
618 511 761 544 Quomodo
779 519 795 539 a
819 519 864 539 me
887 512 983 547 procul

188 556 414 584 abscessisti?At
436 557 464 585 in
482 564 526 585 me
553 557 670 585 habitas.
686 557 803 585 Ubinam
833 562 859 585 te
883 558 983 585 iterum

188 602 298 630 visurus
311 610 372 630 sum
383 603 396 630 ‘i
408 604 547 639 quomodo
570 608 599 631 te
618 605 752 631 cernam?
778 604 825 632 ubi
851 603 984 632 suavissi-

188 655 260 675 mam
273 653 301 675 et
315 647 463 675 salutarem
475 653 548 675 tuam
557 656 653 676 vocem
662 647 804 676 exaudiam
816 648 828 675 ?
839 648 983 683 ecquando

189 701 291 721 mensa
315 697 368 721 tua:
382 694 565 721 accumbam?
588 694 634 722 ubi
649 701 798 730 congressu
826 698 873 721 tuo
884 693 983 721 fruar?

189 743 236 767 aut
249 739 295 766 ubi
312 739 422 767 tandem
437 745 463 767 te
476 740 604 768 audiente
620 740 706 776 legam
720 741 732 767 ?
746 745 794 768 aut
808 745 834 768 te
845 745 983 776 praesente

189 793 286 813 canam
298 786 310 812 ?
323 790 371 814 aut
389 786 567 822 castigabor?
581 790 628 814 aut
648 787 834 821 reprehendar
846 787 859 813 ?
871 791 919 814 aut
932 786 981 814 ad-

190 830 322 857 tnonebor
334 831 346 858 ?
360 831 530 866 amplectens
545 831 656 858 assidue
676 831 703 859 id
715 831 788 866 quod
805 831 852 859 tibi
866 831 981 867 placue-

190 877 236 909 rit,
246 877 414 908 convictum.
429 885 532 910 escam,
548 882 654 912 potum.
676 878 853 913 colloquium,
869 882 982 910 statum,

189 930 306 955 sessum,
331 923 495 952 recubitum.
512 924 583 957 Quid
608 929 651 952 est
666 924 739 959 quod
765 925 832 952 mihi
862 925 984 952 accidit?

190 968 286 996 Testes
308 969 417 1004 appello
432 970 574 1002 mortales,
587 970 695 1005 appello
706 974 734 997 et
757 970 885 998 caelestes
905 975 985 1006 pote-

189 1018 274 1043 states
291 1019 420 1050 patronas
436 1016 516 1049 mihi,
531 1017 604 1052 quod
625 1020 652 1044 te
674 1017 716 1044 lex
733 1017 781 1044 Dei
806 1024 822 1044 a
836 1025 881 1045 me
903 1025 985 1053 sepa-

190 1061 267 1094 rarit,
283 1061 442 1089 mandatutn
454 1070 539 1090 unum
555 1067 701 1090 :eternum.
720 1063 822 1091 Audiat
834 1067 906 1091 terra
923 1064 985 1091 uni-

189 1116 278 1136 versa.
294 1108 442 1144 Propterea
459 1109 575 1143 gaudeo,
590 1114 618 1137 et
638 1110 801 1138 laudationis
821 1118 916 1138 vocem
928 1110 985 1139 Deo

191 1153 285 1181 reddo.
311 1154 503 1182 Abundantius
520 1154 613 1182 omnia
625 1155 741 1190 recipio.
773 1155 899 1188 Exsulto,
928 1163 984 1183 non

190 1199 308 1234 amplius
338 1199 467 1232 orbabor,
483 1207 539 1227 non
573 1200 713 1232 tristabor,
747 1208 799 1228 nec
824 1201 984 1229 indecorum

190 1245 338 1280 quidquam
366 1245 488 1280 eloquar.
508 1245 621 1281 Suscipe
632 1251 724 1274 autem
735 1251 762 1274 et
771 1247 921 1282 superiora.
934 1247 985 1275 Pa-

192 1295 244 1323 ter,
262 1293 291 1317 ut
301 1290 407 1318 sincera
419 1295 446 1318 et
460 1291 522 1326 pia:
543 1291 582 1318 tui
608 1293 681 1319 enim
697 1293 799 1320 amoris
827 1297 893 1320 sunt
911 1300 985 1328 sym-

191 1335 264 1363 bola.
282 1335 377 1371 Itaque
391 1336 516 1372 plangam
531 1337 694 1369 etiamnum.
711 1338 760 1366 sed
776 1338 887 1373 planctu
905 1342 983 1374 grato

191 1386 220 1408 et
235 1386 358 1416 accepto.
376 1382 418 1409 Tu
430 1390 504 1414 vero,
524 1387 565 1410 ter
580 1384 659 1411 beate
684 1384 774 1416 Pater,
791 1384 877 1420 gaude
891 1388 918 1411 et
937 1385 986 1412 Ιπ-

193 1433 261 1455 tare.
276 1427 372 1455 Bravia
385 1428 434 1456 tibi
450 1433 577 1457 contexta
593 1435 660 1457 sunt
673 1439 680 1457 :
697 1430 828 1465 requietis
847 1431 923 1458 locus
938 1438 986 1466 pa—

193 1479 269 1502 ratus
280 1478 341 1502 est:
358 1475 433 1502 zelus
448 1479 512 1503 tuus
527 1479 636 1510 patrum
653 1480 762 1504 tuorum
776 1477 863 1504 zelum
878 1477 962 1504 refert
975 1486 983 1505 :

1032 234 1108 269 ἡμᾶς
1127 233 1195 269 ἔχει,
1212 230 1236 261 ὦ
1248 233 1350 268 Πάτερ.
1367 233 1425 259 Καὶ
1447 231 1496 260 νῦν
1515 233 1574 267 ειμι
1595 231 1651 267 ἐγὼ
1666 233 1681 258 ό
1696 231 1828 264 ταπεινὸς

1032 279 1151 307 ἐνταῦθα
1177 279 1235 315 βίον
1257 279 1347 307 ἕλκων
1369 278 1501 314 ὀδυνηρὸν
1526 279 1575 306 καὶ
1591 278 1825 305 πολυστένακτον.

1033 326 1090 358 Τὰς
1104 326 1133 352 δὲ
1146 326 1180 354 ὲκ
1189 327 1241 362 τῆς
1256 326 1337 360 ἁγίας
1353 334 1400 353 σου
1413 325 1506 362 χειρὸς
1523 324 1651 359 εὐλογίας
1661 323 1828 360 ἐδεξάμεθα,

1031 372 1070 404 ὡς
1083 373 1198 408 δύναμιν
1211 372 1327 408 ἐχούσας
1339 372 1378 408 (6)
1393 372 1443 408 τῆς
1459 371 1541 406 ἁγίας
1553 371 1682 406 Τριάδος·
1699 371 1750 397 καὶ
1766 370 1830 405 ἑχο-

1035 427 1086 454 μεν
1116 419 1203 451 αὑτὰς
1218 419 1258 450 ὡς
1274 419 1470 454 φυλακτήριον,
1484 417 1531 444 καὶ
1548 417 1726 453 περιτίθεμεν
1739 416 1829 448 αὑτὰς

1033 465 1063 491 ὲν
1077 464 1228 500 ὀφθαλμοῖς
1247 464 1338 500 ἡμῶν,
1356 464 1395 495 ὡς
1412 464 1463 499 τὴν
1477 463 1569 495 δεξιάν
1580 471 1628 490 σου
1643 462 1830 497 καταφιλοῦν-

1032 518 1089 542 τες.
1106 509 1192 537 Πάλιν
1205 509 1322 545 δάκρυα,
1342 509 1425 537 πάλιν
1439 508 1603 544 στρέφονταί
1619 517 1671 544 μου
1688 508 1724 535 τὰ
1739 508 1829 540 ἐντός.

1033 555 1220 582 Καταπαῢσαι
1236 556 1291 591 γὰρ
1314 554 1384 582 θέλω
1401 555 1448 582 τὸν
1468 555 1556 589 λόγον.
1570 551 1606 581 Ὦ
1630 554 1733 589 Πάτερ,
1747 554 1775 581 τί
1791 563 1830 590 με

1033 601 1231 635 ὲγκατέλιπεςς
1259 601 1328 628 Ἀλλ’
1357 601 1408 628 οὐκ
1428 601 1620 636 ἐγκατέλιπες.
1643 600 1704 632 Πῶς
1727 601 1756 628 δέ
1773 609 1830 636 μου

1033 647 1248 683 ἁπεμάκρυνας;
1271 648 1343 675 Ἀλλ’
1355 648 1384 675 ἂν
1401 648 1464 683 ἐμοὶ
1478 645 1513 674 εἴ.
1526 647 1582 675 Ποῦ
1592 647 1622 674 δέ
1636 655 1666 673 σε
1678 647 1720 674 ἐτι
1736 647 1831 682 μέλλω

1033 694 1116 730 όρᾷνς
1134 694 1194 726 πῶς
1211 702 1240 721 σε
1259 693 1378 729 ὅψομαι;
1396 693 1449 722 ποῦ
1464 702 1512 721 σου
1526 693 1639 721 ἀκούσω
1649 694 1698 728 τῆς
1713 693 1831 729 ἡδίστης

1033 740 1082 766 καὶ
1098 739 1234 775 σωτηρίου
1250 740 1361 775 φωνῆς;
1383 740 1480 769 Ὁπότε
1501 748 1549 767 σου
1569 740 1693 775 γένωμαι
1706 739 1832 775 ὁμοτρά-

1034 785 1131 819 πεζος;
1150 786 1206 813 Ποῦ
1229 795 1276 813 σου
1299 786 1443 818 συνουσίας
1458 785 1654 821 ἀπολαύσω;ἢ
1674 785 1784 812 πώποτε
1798 786 1832 812 ὲν

1033 831 1084 858 ὠσί
1098 840 1145 858 σου
1159 831 1368 867 ἀναγνώσομαι;
1385 832 1402 868 ἢ
1415 832 1471 867 πρὸ
1485 831 1633 867 προσώπου
1654 839 1701 858 σου
1715 831 1792 866 ᾷσως
1811 831 1831 865 ἢ

1036 877 1233 913 σωφρονισθῶ;
1261 878 1279 914 ἢ
1308 878 1483 913 ὲπιτιμηθῶ;
1511 878 1528 913 ἢ
1565 877 1744 913 ἔπιμνησθῶ;
1771 877 1832 911 ἕξιν

1036 923 1121 950 ποιῶν
1135 923 1154 951 ἃ.
1164 923 1241 959 φίλον
1255 932 1310 955 σοι.
1323 923 1456 956 ἑστίασιν,
1472 923 1584 960 βρῶσιν,
1600 923 1692 956 ποτὸν,
1705 923 1830 958 ὁμιλίαν,

1036 968 1145 1001 στάσιν,
1171 969 1319 1006 καθέδραν,
1346 970 1500 997 ἀνάκλισιν.
1525 968 1559 996 Τί
1584 978 1630 1005 μοι
1650 969 1831 1005 συμϐέϐηκε;

1036 1013 1120 1041 Καλῶ
1134 1014 1199 1046 τοὺς
1213 1014 1375 1050 ἀνθρώπους
1396 1015 1551 1050 μάρτυρας,
1569 1013 1645 1041 καλῶ
1658 1014 1706 1041 καὶ
1719 1014 1768 1046 τὰς
1782 1014 1833 1040 οὖ-

1036 1060 1146 1096 ρανίους
1158 1060 1289 1095 δυνάμεις
1302 1060 1471 1095 συνηγόρους
1489 1068 1535 1095 μοι
1544 1068 1550 1076 ·
1564 1060 1607 1087 ὅτι
1622 1060 1704 1095 νόμος
1715 1068 1745 1086 σε
1760 1059 1833 1086 Θεοῦ

1035 1105 1170 1142 ἐχώρισεν
1182 1106 1229 1133 ἀπ’
1245 1106 1314 1142 ἐμοῦ
1327 1115 1334 1122 ’
1347 1107 1442 1142 ἐντολὴ
1461 1106 1511 1141 μία
1533 1106 1653 1139 αἰώνιος.
1671 1106 1835 1134 ’Δκουσάτω

1035 1153 1053 1188 ἡ
1071 1153 1117 1180 ὑπ’
1132 1153 1258 1189 οὐρανόν.
1275 1153 1325 1181 Διὰ
1346 1152 1427 1180 τοῦτο
1438 1153 1538 1189 χαίρω,
1555 1153 1606 1180 καὶ
1619 1153 1712 1188 φωνὴν
1726 1152 1834 1187 ἀφίημι

1036 1199 1168 1231 αἰνέσεως
1191 1199 1260 1235 Θεῷ.
1283 1199 1394 1235 ’Δπὲχω
1413 1200 1504 1227 πάντα
1529 1199 1600 1235 ὑπὲρ
1622 1200 1656 1226 ὲκ
1681 1198 1832 1234 περισσοῦ.

1042 1246 1220 1282 Ἀγάλλομαι,
1243 1247 1295 1274 οὐκ
1311 1246 1548 1282 ὸρφανισθήσομαι
1571 1245 1625 1277 ἐτι,
1637 1245 1689 1272 οὐκ
1702 1245 1835 1281 όδυνηθήυ

1037 1301 1132 1328 σομαι,
1150 1293 1206 1319 οὐδ’
1225 1293 1324 1327 ἁγενές
1340 1301 1367 1319 τι
1389 1291 1554 1328 φθέγξομαι.
1579 1291 1675 1325 Δέξαιο
1690 1291 1719 1318 δὲ
1733 1290 1783 1318 καὶ
1795 1291 1835 1318 τὰ

1036 1338 1172 1375 ἀνώτερα,
1203 1339 1306 1374 Πάτερ,
1334 1339 1373 1371 ὼς
1392 1339 1499 1374 εὐαγῆ·
1518 1337 1565 1365 τοῦ
1590 1338 1673 1365 πόθου
1699 1346 1749 1364 σου
1775 1337 1833 1373 γὰρ

1037 1383 1174 1420 σύμϐολα.
1190 1384 1265 1420 Πλὴν
1283 1385 1325 1411 ὅτι
1345 1384 1394 1411 καὶ
1411 1383 1453 1411 ἔτι
1467 1383 1632 1419 κλαύσομαι,
1649 1383 1707 1410 ἀλλ’
1726 1383 1834 1410 εὖαπό-

1036 1431 1130 1458 δεκτα.
1148 1431 1186 1457 Σὺ
1199 1430 1238 1462 δὲ,
1257 1427 1281 1457 ὧ
1296 1431 1388 1466 Πάτερ
1409 1429 1609 1466 τρισμακάριε,
1621 1430 1701 1465 χαῖρε
1713 1429 1762 1455 καὶ
1784 1429 1834 1455 εὑ-

1037 1477 1163 1513 φραίνου.
1177 1476 1218 1503 Τὰ
1235 1476 1352 1512 βραδεῖά
1366 1485 1408 1503 σοι
1420 1476 1591 1511 ιπλάκησαν,
1608 1477 1623 1503 ὁ
1635 1476 1687 1511 τῆς
1704 1474 1834 1502 ἀναπαὺ-

193 1521 316 1549 custodia
328 1525 373 1549 tua
383 1522 525 1550 veritatem
532 1522 694 1557 proclamat.
708 1522 822 1551 Vinctus
833 1528 875 1551 est
883 1523 984 1559 justus,

1040 1531 1109 1555 σεως
1123 1522 1206 1555 τόπος
1221 1522 1398 1558 ἡτοίμασται.
1417 1522 1446 1549 '0
1460 1521 1543 1557 ζῆλός
1558 1530 1607 1548 σου
1621 1521 1693 1549 κατὰ
1702 1521 1767 1553 τοὺς
1782 1529 1835 1548 τεα-

194 1567 270 1594 velut
298 1567 489 1596 intractabilis.
519 1568 571 1602 Qui
599 1568 728 1604 pietatem
756 1570 860 1602 colunt,
883 1570 983 1606 gratias

193 1613 358 1648 agunt:qui
373 1613 431 1649 pari
454 1614 514 1642 zelo
541 1617 681 1647 tenentur,
705 1614 886 1643 ferventiores
908 1619 983 1649 sunt,

193 1658 408 1693 pulcherrimum
430 1659 571 1687 exordium
599 1661 826 1696 contemplantes.
847 1660 899 1694 Qui
922 1669 985 1697 per-

194 1709 356 1738 sequuntur,
384 1712 527 1733 sermones
542 1705 610 1734 loris
624 1710 738 1734 nectunt
753 1711 781 1734 et
792 1707 960 1734 maledicunt
976 1715 984 1740 ;
1003 1722 1014 1733 ρ

193 1749 306 1784 quidam
339 1751 491 1785 praesertim
515 1752 653 1779 monachi.
682 1752 760 1779 Intus
789 1761 855 1780 vero
882 1753 987 1789 cogita-

195 1794 316 1822 tionibus
342 1795 561 1830 diverbcrantur,
587 1801 616 1824 et
645 1797 775 1825 acerbum
799 1803 986 1826 accusatorem

195 1840 300 1868 habent
324 1848 402 1868 suam
429 1840 552 1876 ipsorum
581 1843 789 1870 conscientiam.
818 1843 890 1877 Quin
903 1845 986 1873 etiam

195 1885 376 1913 admirantur.
393 1885 501 1914 Norunt
525 1887 638 1922 quippe,
655 1893 684 1914 ut
707 1896 821 1924 magnus
839 1889 988 1926 Gregorius

195 1931 244 1964 ait,
255 1931 306 1959 viri
318 1931 533 1960 fortisvirtulem
548 1933 677 1961 admirari
686 1934 767 1961 etiam
779 1935 872 1963 hostes
888 1945 896 1966 ;
911 1944 988 1969 cum,

197 1978 237 2004 ira
260 1982 397 2011 cessante,
412 1985 463 2006 suo
480 1986 524 2006 res
538 1984 677 2007 momento
691 1980 851 2008 aestimatur.
871 1981 910 2009 Te
929 1982 988 2009 lau-

196 2024 262 2051 dant
273 2024 371 2060 angeli,
393 2025 502 2052 beatum
517 2025 668 2060 przedicant
698 2026 835 2060 homines,
860 2027 988 2056 Christus

195 2069 314 2105 excepit,
333 2070 410 2106 regni
426 2071 560 2099 calorum
584 2071 633 2099 tibi
651 2071 749 2107 ianuas
768 2073 878 2106 aperuit
894 2073 921 2101 itt
939 2082 988 2102 sa:-

196 2116 266 2143 cuia.
282 2116 380 2144 Amen.

381 2161 426 2190 IV.
443 2177 479 2183 —
493 2163 641 2198 Nicephoro
659 2165 810 2198 prmposito.

1004 2159 1028 2187 υ

1037 1568 1122 1605 τέρας
1135 1577 1182 1595 σου
1193 1576 1200 1583 ·
1210 1569 1227 1603 ὴ
1243 1567 1351 1604 φρουρὰ
1365 1568 1414 1604 βοᾷ
1426 1568 1476 1604 τὴν
1488 1567 1629 1603 ἀλήθειαν.
1651 1567 1746 1602 Ἐδέθη
1766 1568 1781 1594 ό
1792 1567 1834 1594 δί-

1038 1623 1129 1646 καιος,
1154 1614 1193 1646 ὡς
1211 1613 1399 1649 δύσχρηστος·
1415 1614 1440 1640 oi.
1459 1614 1488 1640 tv
1503 1612 1631 1649 εὐσεϐείᾳ
1656 1613 1831 1648 εὐχάριστοι,

1039 1661 1063 1688 οι
1080 1660 1220 1696 όμόζηλοι,
1239 1659 1412 1695 θερμότεροι,
1437 1659 1582 1687 κάλλιστον
1600 1659 1744 1694 προοίμιον
1768 1658 1835 1686 θεα-

1041 1707 1165 1742 σάμενοι.
1194 1707 1226 1734 οι
1242 1706 1389 1738 διώκοντες
1408 1705 1509 1740 λόγους
1523 1704 1624 1737 ἔξωθεν
1637 1704 1772 1731 πλέκουσι
1784 1704 1836 1730 καὶ

1038 1753 1194 1787 κακίζουσι,
1211 1752 1259 1779 καὶ
1277 1752 1396 1788 μάλιστα
1406 1751 1505 1783 οἵτινες
1522 1750 1578 1777 τῶν
1588 1749 1725 1786 μοναχῶν.
1741 1750 1836 1776 Ἔσωο

1039 1798 1085 1826 θεν
1099 1799 1128 1826 δὲ
1146 1800 1207 1830 ταῖς
1226 1799 1345 1830 ἐννοίαις
1358 1798 1575 1830 ὑπωπιάζονται,
1591 1797 1639 1824 καὶ
1653 1797 1752 1833 πικρὸν
1766 1805 1836 1823 κατ-

1039 1846 1139 1881 ήγορον
1154 1845 1203 1881 τὴν
1223 1845 1291 1872 ίδίαν
1307 1844 1461 1878 συνείδησιν
1476 1843 1595 1878 ἔχουσιν.
1614 1841 1692 1869 Ἐπεὶ
1705 1841 1754 1868 καὶ
1768 1841 1837 1868 θαι»⁴

1041 1892 1185 1928 μὰζουσιν.
1204 1892 1294 1918 Ἰσασι
1311 1891 1364 1926 γὰρ
1382 1890 1515 1925 ἄγασθαι,
1533 1889 1571 1920 ὼς
1586 1889 1601 1916 6
1621 1883 1708 1924 μέγας
1729 1888 1836 1923 Γρηγό-

1042 1946 1112 1973 ριος,
1126 1937 1222 1972 ἀνδρὸς
1245 1936 1349 1972 ἀρετὴν
1372 1935 1421 1962 καὶ
1443 1935 1584 1970 πολέμιον
1597 1934 1662 1961 ὅταν
1676 1933 1725 1961 τοῦ
1744 1934 1835 1968 θυμοῦ

1040 1982 1169 2015 λήξαντος
1187 1982 1230 2016 ἐφ’
1243 1981 1343 2017 ἑαυτὴν
1360 1983 1377 2017 ἡ
1399 1980 1498 2017 πρᾶξις
1524 1980 1717 2016 ὀοκιμάζηται.
1732 1980 1837 2013 Ἀγγευ

1039 2028 1081 2055 λοι
1109 2028 1225 2064 ὺμνοῦσί
1250 2036 1292 2061 σε,
1314 2027 1455 2063 ἄνθρωποι
1481 2027 1688 2063 μακαρίζουσι·
1713 2026 1836 2062 Χριστὸς

1040 2075 1204 2107 ἀπεδέξατο·
1215 2075 1265 2107 τὰς
1283 2075 1370 2106 πύλας
1383 2083 1425 2102 σοι
1437 2074 1542 2109 ἀνέῳγε
1556 2074 1608 2109 τῆς
1625 2073 1766 2109 βασιλείας
1778 2073 1835 2100 τῶν

1038 2121 1162 2157 οὐρανῶν
1173 2122 1214 2153 εἰς
1227 2121 1290 2153 τοὺς
1306 2120 1418 2152 αίῶνας.
1433 2120 1531 2156 Ἀμήν.

1152 2168 1189 2194 Δί
1209 2182 1242 2188 -
1263 2167 1423 2201 Mritde
1438 2166 1477 2202 l7)
1497 2165 1657 2201 ἠτουμένφ
1673 2164 1724 2200 (8)-

267 2219 345 2249 Quam
356 2225 431 2251 grave
448 2220 482 2245 sit
492 2220 576 2245 scelus
586 2219 743 2252 imperatoris
754 2223 808 2253 qui,
819 2228 897 2247 uxore
912 2223 1023 2254 legitima
1035 2225 1124 2256 ejecta,
1141 2225 1213 2250 aliam
1232 2224 1402 2256 assumpserit.
1420 2225 1522 2255 (Baron.
1534 2230 1591 2248 anu.
1604 2223 1659 2253 795,
1670 2229 1697 2247 ιι.
1707 2222 1760 2253 65.)

233 2260 351 2289 Reddito
362 2261 441 2289 nobis
457 2269 506 2296 per
519 2263 660 2290 dominum
671 2263 818 2290 diaconum
846 2272 988 2300 responso,

197 2316 326 2344 germane
338 2315 371 2335 ac
384 2308 616 2336 desideratissitne
640 2309 677 2335 mi
689 2310 863 2343 consobriue,
880 2312 988 2340 animus

197 2359 257 2381 erat
268 2354 340 2381 illico
353 2354 387 2381 ad
410 2359 437 2381 te
450 2354 582 2382 scribere.
598 2354 652 2382 Sed
665 2355 727 2390 quia
752 2356 903 2391 hybernum
918 2362 988 2385 tem-

197 2408 250 2436 pus
265 2406 332 2432 erat,
347 2405 536 2435 mutatumque
553 2401 696 2428 consilium
717 2402 884 2435 retrahebat,
900 2404 987 2432 satius

197 2447 262 2474 duxi
275 2455 328 2474 non
341 2447 396 2474 cito
409 2447 491 2475 verba
514 2447 640 2475 fundere.
659 2448 805 2484 Postquam
819 2458 886 2478 vero
895 2451 930 2478 ad
944 2451 988 2478 in-

1076 2267 1134 2303 Τῆς
1149 2268 1323 2303 ἀποκρίσεως
1339 2266 1464 2302 δοθείσης
1478 2267 1545 2302 ἡμῖν
1565 2266 1642 2302 παρὰ
1663 2264 1711 2291 τοῦ
1737 2263 1835 2300 κυρίου

1039 2313 1176 2345 διακόνου,
1191 2314 1286 2349 γνήσιε
1311 2313 1358 2340 καὶ
1375 2312 1549 2348 πολυπόθητέ
1566 2320 1618 2347 μου
1630 2311 1736 2345 ἀνεψιὲ,
1753 2310 1837 2342 εὐθὺς

1039 2359 1233 2394 ἠϐουλήοημεν
1248 2358 1400 2386 ἐπιστεῖλαί
1415 2366 1468 2386 σοι.
1491 2357 1568 2384 Ἐπεὶ
1580 2356 1608 2383 δὲ
1619 2354 1655 2392 ἦν
1669 2356 1768 2391 καιρὸς
1779 2364 1836 2391 χει-

1044 2405 1138 2441 μέριος
1151 2405 1201 2441 (9),
1216 2404 1265 2431 καὶ
1281 2405 1299 2440 ή
1316 2404 1500 2440 παλιμσουλία
1515 2403 1709 2432 συστέλλουσα,
1730 2402 1835 2436 ἀγαθὸν

1042 2451 1208 2487 ἡγησάμεθα
1228 2451 1266 2487 μὴ
1284 2451 1353 2486 ταχὺ
1377 2450 1470 2478 δοῦναι
1489 2450 1580 2484 λόγον.
1601 2449 1699 2476 Ἦνίκα
1718 2448 1748 2475 δὲ
1764 2447 1836 2483 μετὰ

964 2506 1082 2535 NOTAE.

233 2554 273 2589 (6)
285 2552 618 2589 ξΩςὸύναμινέχούσας.
631 2552 749 2580 Sanctus
762 2552 893 2581 Paulinus
902 2554 985 2588 epist.

196 2591 242 2618 45.
260 2598 269 2615 ι
284 2588 387 2616 Panem
401 2595 487 2615 unum
512 2588 651 2623 sanctitati
677 2594 731 2615 tua:
758 2588 873 2616 unitatis
898 2589 987 2623 gratia

198 2625 338 2656 misimus,
354 2624 382 2651 in
399 2630 456 2658 quo
469 2623 554 2650 etiam
569 2622 712 2650 Trinitatis
725 2623 851 2658 soliditas
862 2622 988 2651 contine-

197 2666 251 2687 tur.
267 2659 346 2687 Hune
363 2657 461 2693 panem
475 2658 612 2693 eulogiam
639 2665 702 2686 esse
727 2662 756 2685 tu
786 2657 871 2686 facies
890 2659 988 2693 digna-

198 2697 272 2723 tione
284 2692 423 2723 sutueitdi.
441 2702 451 2719 ι
474 2692 581 2721 Videsis
599 2692 744 2728 Rosweydi
768 2697 848 2722 notas
872 2694 899 2721 in
917 2692 989 2721 Pau-

197 2731 293 2758 linum.

233 2765 273 2800 (7)
307 2765 476 2800 Νικηφόρῳ.
505 2773 514 2790 ι
537 2763 731 2792 Consobrinus
749 2763 888 2791 Theodori
908 2764 990 2792 Nice-

198 2801 301 2832 phorus
312 2805 339 2828 et
351 2799 397 2828 alii
411 2800 516 2831 attines,
527 2799 600 2834 quod
614 2807 647 2827 ex
658 2800 834 2827 matrimonio
844 2800 912 2835 ltnp.
925 2808 987 2828 cum

199 2835 342 2864 'I‘hcodote
356 2836 478 2870 ipsorum
493 2835 659 2870 propinqua,
671 2835 726 2869 jam
742 2834 867 2870 Augusta
883 2834 987 2869 creata,

199 2870 347 2900 corradcre
374 2879 505 2909 maguum
534 2875 677 2908 sperarent
707 2870 935 2904 emolumentum,
959 2871 987 2899 in

1039 2553 1213 2581 Theodorum
1231 2553 1282 2581 ista
1296 2553 1374 2581 nihili
1388 2553 1545 2586 facientem,
1561 2552 1610 2581 sed
1625 2552 1833 2583 adversantem.

1039 2589 1294 2617 commovebantur.
1313 2588 1427 2624 (Baron.
1447 2588 1555 2624 795,7n.
1574 2588 1634 2623 64.)

1077 2623 1115 2659 (8)
1137 2622 1323 2659 Ἠγουμένῳί
1332 2624 1378 2652 Sic
1404 2623 1612 2659 appellabantur
1629 2622 1759 2659 praefecti
1775 2631 1836 2650 mo-

1041 2658 1237 2691 nasteriorum,
1255 2659 1391 2688 interdum
1401 2660 1484 2686 etiam
1495 2663 1524 2686 et
1538 2658 1668 2694 praesides
1680 2658 1740 2692 alii,
1760 2659 1836 2686 velut

1042 2694 1069 2721 in
1083 2693 1231 2722 Justinian.
1241 2694 1308 2722 Nov.
1320 2702 1380 2726 vut,
1394 2702 1455 2730 cap.
1467 2694 1494 2721 5.

1135 2729 1244 2764 Καιρὸς
1254 2728 1436 2771 ’χειιιέιριρςβ
1448 2730 1647 2771 Constantinus
1673 2728 1834 2771 Porphyro-

1043 2765 1152 2800 genitus
1167 2772 1240 2792 anno
1254 2765 1360 2799 imperii
1378 2765 1405 2797 5,
1422 2772 1517 2792 mense
1527 2764 1668 2797 Januario.
1681 2764 1834 2792 indictione

1044 2800 1070 2832 5,
1089 2799 1364 2835 Mariamrcoujugem
1376 2800 1540 2834 repudiavit,
1555 2805 1581 2835 et
1596 2800 1622 2827 in
1635 2801 1832 2828 monasterium

1043 2835 1173 2862 detrusit.
1191 2834 1283 2863 Mense
1294 2834 1393 2862 deinde
1401 2836 1523 2869 Augusto
1541 2834 1699 2862 Thcodolen
1716 2836 1832 2863 cubicu-

1043 2871 1140 2899 iariam
1158 2870 1475 2908 coronavitAugustatu,
1499 2874 1527 2899 et
1554 2870 1694 2906 iilcgitiuto
1719 2872 1771 2899 sibi
1792 2881 1834 2899 c0-
