1924 3077
113 133 145 166 21
711 133 874 163 EPISTOL.

927 134 981 164 ΠΜ
998 134 1072 164 LIB.
1086 135 1111 164 Ι.

1676 139 1728 172 9:22

93 190 145 225 τῆς
158 188 358 225 ἐπερωτήσεως
379 189 427 217 καὶ
441 189 477 217 τὰ
499 190 653 235 γράμματα
667 191 801 227 ἀπῄτουν,
819 192 874 218 αὐτὶ

941 193 1161 228 terrogationem,
1186 195 1270 222 etiam
1297 195 1394 225 littera:
1432 197 1551 233 idipsum
1575 198 1729 235 ﬂagitantes

93 236 175 263 τοῦτο
188 235 215 263 τί
227 235 268 262 δεῖ
282 235 323 262 ἔτι
338 235 538 271 διακρίνεσθαι,
554 237 602 263 καὶ
617 235 656 273 μὴ
667 237 698 264 τὸ
714 238 887 273 παριστάμε-

93 291 139 309 νον
156 282 292 316 eiu-trefit;
307 282 419 319 Πρῶτον
432 283 461 310 δὲ
483 284 571 310 ἐκεῖνο
592 283 659 318 ἐρῶ,
677 283 724 310 καί
737 292 770 318 με
784 283 885 316 δέξαιο,

91 327 257 362 τιμιώτατε,
271 328 324 360 ὅτι,
341 328 380 359 ὥς
403 329 452 355 καὶ
468 328 550 360 αὐτὸς
569 326 655 361 οἶδας,
669 329 771 365 πολλῆς
786 329 886 361 κακίας

92 374 246 409 ὑπόδειγμα
259 375 307 401 τὸν
319 374 417 402 ἑαυτοῦ
433 375 492 410 βίον
512 376 731 411 παρεστησάμην
746 377 802 407 τοῖς
823 375 887 402 πολ-

91 420 158 451 λοῖς.
173 420 227 446 Kal
240 420 291 447 οὐκ
310 420 370 447 ἐστι
383 420 477 456 σχεδὸν
495 421 584 447 εἰπεῖν
597 420 721 456 σφάλμα,
736 416 767 447 οὗ
787 420 824 456 μὴ
839 420 886 448 καὶ

89 465 173 497 αὲτδς
181 465 237 499 ἐγὼ
250 465 391 500 μετέσχον,
404 466 450 492 καὶ
463 465 553 496 ἄλλοις
565 466 796 501 προσωρὲδωκα.
815 465 885 492 Ἀλλ’

89 510 186 546 ἐπειδὴ
213 510 341 545 μανθάνω
367 510 418 546 τὴν
437 510 643 546 φιλανθρωπίαν
662 511 710 538 τοῦ
736 511 816 544 Θεοῦ,
837 513 884 538 καὶ

87 556 135 582 τὸν
168 557 209 587 εἰς
239 554 366 590 πυθμένα
389 555 490 587 κακίας
522 556 722 592 κατενεχθέντα
746 557 885 593 ἀναῤῥύε-

89 600 164 633 σθαι,
181 599 228 626 καὶ
257 600 365 636 ὀρέγειν
395 601 475 635 χεῖρα
503 599 572 636 πρὸς
602 601 766 636 μετάνοιαν·
783 601 884 636 ἔφυγον

87 647 139 683 τὴν
154 642 313 680 ἀπόγνωσιν
325 666 333 678 ,
347 647 394 673 καὶ
413 646 493 680 ἔδοξα
520 647 620 682 μικρόν
639 656 666 674 τι
689 648 884 684 ὑποστηρίζειν

87 692 207 728 ἐμαυτὸν
219 692 289 728 πρὸς
303 692 334 720 τδ
348 692 438 725 εὒθές.

122 738 173 765 Διὰ
186 738 277 771 τοῦτο,
287 738 325 770 ὡς
333 739 347 765 ό
359 738 414 765 τῶν
430 738 541 773 ἀφανῶν
551 739 676 774 γνὼστης
687 739 753 771 Θεὸς
766 740 880 766 ἐπίστα-

85 793 144 817 ται,
161 784 342 819 ἀπεοχοίνισα
360 785 480 819 ἐμαυτὸν
494 784 543 811 καὶ
560 785 610 820 τῆς
622 785 816 821 συνδιατριϐῆς
825 786 880 812 τῶν

85 831 229 866 συγγενῶν
254 839 317 866 μου,
339 830 388 857 καὶ
407 829 454 857 τοῦ
479 830 595 865 ἐθισμοῦ
621 830 676 858 τῶν
696 831 768 858 κατά
788 831 879 867 σάρκα

937 244 1121 273 accesserunt,
1137 241 1202 275 quid
1228 242 1346 277 amplius
1372 242 1523 271 deliberare
1535 252 1605 280 opus
1627 250 1679 278 est,
1696 253 1728 272 ac

937 294 992 313 non
1004 287 1095 322 potius
1109 288 1183 323 quod
1203 296 1246 316 res
1260 293 1302 316 est
1327 290 1471 324 proﬁteri?
1485 291 1607 318 Primqu
1635 296 1728 318 autem

937 332 1002 360 illud
1015 333 1116 366 dicam,
1135 338 1174 368 (ct
1183 335 1288 362 sustine
1303 343 1357 365 me.
1373 337 1613 371 reverendissime)
1629 345 1682 369 me,
1699 343 1728 364 ut

937 378 996 412 ipse
1018 379 1103 412 nosti,
1120 380 1267 415 singularis
1296 381 1427 416 nequitiae
1449 383 1604 416 exetnplum
1624 383 1650 409 iu
1671 384 1726 410 vita

937 431 998 451 mea
1021 425 1116 452 multis
1144 426 1301 458 exstitisse;
1318 435 1371 454 nec
1386 427 1471 454 ullum
1491 427 1548 454 fere
1563 428 1621 454 vitii
1641 437 1727 463 genus

936 475 1007 501 esse,
1023 469 1096 503 quod
1112 477 1166 497 non
1187 474 1214 497 et
1242 471 1301 505 ipse
1320 472 1468 507 attigerim,
1492 477 1520 499 et
1536 473 1562 499 in
1574 473 1640 499 alios
1653 474 1726 500 deri—

936 513 1033 541 varim.
1046 513 1241 542 Verumtamen
1254 516 1344 544 sciens
1365 517 1561 552 benignitatem
1575 518 1631 549 Dei,
1644 519 1725 546 etiam

936 559 1011 586 illum
1027 560 1074 595 qui
1089 560 1117 587 in
1136 561 1191 588 imo
1210 561 1338 589 vitiorum
1358 562 1444 590 fundo
1457 563 1600 590 demersus
1609 565 1655 595 sit,
1672 566 1726 591 eri-

935 612 1011 640 pere,
1025 613 1191 640 manumque
1204 606 1238 633 ad
1251 607 1441 641 paenitentiam
1452 609 1590 644 porrigere
1606 618 1614 642 ;
1628 609 1726 645 despe-

935 651 1068 678 rationem
1084 652 1231 684 declinavi,
1247 660 1345 688 meque
1365 653 1456 688 ipsum
1469 655 1503 682 ad
1518 655 1586 682 recti
1603 656 1725 684 studium

933 697 1073 732 paululum
1085 697 1248 725 conﬁrmare
1261 698 1337 725 visus
1353 706 1424 726 sum.

967 742 1126 778 Propterea,
1158 748 1187 770 ut
1215 744 1386 771 occultorum
1410 746 1535 780 cognitor
1560 748 1612 775 scit
1640 749 1723 781 Deus,

931 789 1048 816 subduxi
1063 796 1106 816 me
1119 796 1135 816 a
1150 789 1331 817 contubernio
1347 790 1564 826 propinquorum
1589 802 1722 826 meorum.

931 838 959 862 et
979 842 994 862 ο
1008 835 1209 863 consuetudine
1241 836 1393 864 amicorum
1424 845 1547 865 meorum
1571 841 1723 869 secundum

85 877 172 911 φίλων
190 885 251 912 μου,
268 877 315 902 καὶ
334 876 360 903 εῖ
379 883 451 908 τινος
468 877 501 911 δὴ
526 873 575 903 οὖν
596 876 690 909 ἄλλου,
718 876 805 912 μόνης
826 878 874 913 τῆς

929 886 1055 910 carnem.
1070 879 1239 915 aliorumque
1258 881 1456 920 quorumlibet,
1469 883 1526 910 sola
1540 883 1587 911 Dei
1604 886 1723 919 potentia

84 923 228 958 δυνάμεως
248 922 295 949 τοῦ
314 921 382 948 Θεοῦ
402 921 604 957 ἐπιϐοηθούσης
620 923 654 958 τῇ
673 921 800 958 ἀσθενείᾳ
824 930 876 957 μου

84 970 152 1004 περὶ
177 969 277 996 πάντα.
302 968 358 995 Kal
379 968 427 994 νῦν
443 968 456 994 ὃ
472 967 647 1003 ὲπεζήτησας
664 969 730 1004 παρ’
746 968 813 1003 ἐμοῦ
830 967 877 994 τοῦ

83 1016 210 1051 ἀμαθοῦς
225 1015 331 1053 μαθεῖν,
343 1014 430 1046 οὕτως
449 1015 516 1050 ἔχει,
534 1015 572 1045 ὡς
583 1014 677 1050 είρηκέ
692 1023 734 1042 σοι
747 1015 761 1041 ό
784 1015 878 1051 κύριος

83 1063 218 1092 διάκονος.
236 1061 323 1087 Τοῦτο
343 1060 371 1087 δὲ
388 1061 438 1087 οὐκ
456 1060 588 1095 ἀκρίτως,
602 1060 619 1096 ἢ
631 1060 876 1096 ἀπεφθεγξάμεθα,

85 1110 102 1144 η
120 1109 168 1135 καὶ
183 1108 348 1143 ὑπέσχομεν,
362 1107 421 1134 ἀλλ’
437 1107 467 1133 ἐν
487 1107 633 1142 ἐρευνήσει
655 1107 704 1133 καὶ
726 1107 877 1142 συζητήσει

82 1155 136 1189 τῆς
148 1154 328 1181 θεοπνεύστου
344 1153 455 1189 Γραφῆς
469 1153 500 1188 βε
508 1153 672 1185 ὄαιωθέντες
687 1154 734 1180 καὶ
757 1162 878 1188 κρατυν-

87 1202 192 1232 θέντες,
215 1201 262 1227 καὶ
276 1199 330 1235 μὴν
353 1199 422 1226 ἀλλὰ
439 1199 487 1226 καὶ
502 1198 535 1225 δι’
553 1200 714 1235 ἐρωτήσεως
731 1199 787 1226 τῶν
801 1200 877 1234 ὀφει-

82 1247 195 1274 λόντων.
210 1247 264 1273 Καί
278 1254 313 1280 γε
329 1246 346 1280 ή
363 1245 479 1280 ἀλήθεια
493 1244 581 1277 οὓτως
594 1244 662 1281 εχει,
679 1245 726 1272 τοῦ
743 1245 815 1272 θείου
831 1246 875 1272 νό-

84 1302 138 1328 μου
150 1292 282 1328 ὲμφανῶς
298 1291 529 1327 ἀπαγορεύοντος,
544 1291 576 1318 οὐ
591 1290 636 1318 διὰ
647 1290 694 1318 τοῦ
712 1291 786 1317 θείου
802 1291 876 1318 [lati-

82 1339 130 1366 λου
147 1339 238 1374 μόνον,
257 1338 325 1364 ἀλλά
347 1337 395 1364 καὶ
415 1337 450 1364 δι’
461 1336 550 1364 ἄλλων
573 1337 707 1371 θεολόγων
733 1338 874 1373 Πατέρων,

82 1385 151 1412 αὐτὸ
174 1384 256 1411 τοῦτο
276 1384 501 1420 διευκρινοῦντων
524 1384 573 1411 καὶ
610 1384 873 1416 ἀπολευκαινόντων,

82 1430 131 1458 καὶ
161 1430 436 1465 συναποφαινομένων
469 1431 503 1465 τῇ
539 1429 706 1465 ἀποστολικῇ
745 1429 876 1463 ἐγκελεύ-

82 1483 138 1503 σει.
156 1476 212 1502 Kal
234 1475 293 1507 πῶς
307 1475 400 1502 λοιπὸν
418 1475 526 1509 ἀλόγως
549 1475 745 1511 ἁδιαφορήσω;
763 1475 811 1501 καὶ
836 1475 875 1510 μὴ

84 1521 188 1556 μᾶλλον
203 1520 368 1553 διασταλθῶ,
380 1521 430 1548 καὶ
449 1521 620 1555 ὑπεξαγάγοι
636 1521 734 1547 ἑαυτὸν
748 1521 803 1547 ἀπὸ
817 1520 873 1547 τῶν

84 1567 261 1603 βλαπτόντων
272 1567 322 1602 τὴν
337 1566 458 1602 ὲλεεινήν
483 1575 533 1602 μου
558 1567 671 1602 ψυχήν;
691 1566 738 1592 καὶ
760 1563 817 1597 οἶος
839 1565 873 1592 ἂν

82 1613 207 1644 κίνδυνος
232 1614 319 1648 παρῇ,
343 1612 392 1639 τοῦ
415 1612 470 1640 τῶν
497 1613 627 1648 ιιατέρων
655 1612 872 1647 κορυφαιοτάτου

83 1660 202 1694 βοῶντος
218 1659 265 1686 καὶ
275 1659 411 1693 λέγοντος,
424 1658 466 1685 ὅτι
475 1658 552 1692 rem
562 1658 777 1693 τιπαρ’ὲντολήν
788 1659 873 1691 ἐστιν,

81 1707 99 1742 ἢ
119 1706 169 1742 τὴν
191 1707 303 1741 ἐντολὴν
336 1705 532 1741 παρασλάπτῃ,
565 1704 694 1739 οὐδαμῶς
727 1704 873 1739 ἀνέχεσθαι

84 1753 152 1788 χρή·
172 1752 226 1779 κᾶν
244 1752 317 1786 ζωῆς
332 1751 501 1786 ἐπαγγελίαν
519 1750 580 1786 ἔχῃ,
594 1749 646 1777 κᾶν
663 1750 780 1778 θανάτου
796 1750 875 1776 ἀπει-

82 1799 150 1834 λήνς
172 1798 226 1825 Ἐῶ
237 1798 326 1833 λέγειν
338 1797 400 1824 ὗσαι
414 1797 635 1833 παρυφίστανται
649 1796 697 1823 καὶ
711 1796 789 1823 mat
803 1796 873 1832 χρή-

82 1853 152 1876 σεις,
169 1844 207 1879 μὴ
222 1844 306 1871 ἐῶσαι
321 1844 396 1879 ἡμᾶς
410 1843 598 1877 ὲξυπάγεσθαι
621 1842 674 1870 κᾶν
700 1843 731 1870 τὸ
754 1842 872 1878 σμικρόι

80 1899 162 1918 τατον
188 1890 254 1925 γοῦν
273 1890 326 1923 ἔξω
349 1890 400 1926 τῆς
424 1889 537 1925 ιντολῆς
549 1897 557 1904 ·
574 1889 663 1921 ἄλλως
681 1897 712 1915 τε
726 1889 773 1916 καὶ
788 1889 872 1916 πάλιν

80 1936 273 1972 παραγγελίαν
286 1935 399 1971 ἔχοντας
425 1935 473 1962 τοῦ
503 1935 623 1970 μεγάλου
650 1934 803 1968 Βασιλείου,
828 1934 872 1961 ὅτι

79 1983 122 2010 δεῖ
138 1983 227 2009 πάντα
241 1981 455 2018 ἀπαραλείπτως
473 1981 620 2016 φυλάττειν
635 1981 670 2008 τὰ
691 1980 736 2008 διὰ
757 1979 805 2007 τοῦ
819 1981 871 2007 Εὑ-

79 2029 209 2063 αγγελίου
227 2028 345 2055 καὶτῶν
366 2027 524 2054 ἀποστόλων
549 2028 602 2054 ὑπὸ
623 2026 671 2054 τοῦ
695 2026 800 2062 Κυρίου
817 2035 872 2052 πα-

80 2075 260 2111 ραδεδομένα.
276 2072 370 2100 Ταῦτα
383 2073 422 2106 ὡς
434 2073 522 2107 Πατρὶ
536 2073 584 2100 καὶ
598 2073 754 2108 φιλουμένῳ
770 2072 870 2109 τεθάρ-

78 2121 156 2155 ῥηκα.
173 2118 331 2153 φανερῶσαί
348 2126 390 2145 σοι
401 2126 409 2134 ·
424 2118 486 2144 ἐπεὶ
506 2118 555 2144 καὶ
567 2118 660 2153 ἡμεῖς,
674 2118 712 2149 ὡς
735 2117 839 2152 μάρτυς
855 2117 869 2143 ό

77 2164 301 2201 καρδιογνώστης
322 2164 401 2198 Θεὸς,
424 2163 487 2190 οὕτε
510 2163 686 2200 κηρύσσομεν
711 2163 793 2199 (οὗτε
813 2164 867 2199 γάρ

75 2213 162 2246 ἐσμεν
187 2209 375 2247 προῦχοντες),
398 2208 461 2236 οὗτε
481 2209 709 2245 ιὶμιτεχθανόμεθιτι.¹
725 2209 794 2236 ἀλλὰ
819 2210 866 2236 καὶ
883 2221 904 2249 D

75 2259 123 2285 τὸν
160 2257 352 2293 αὐτοκράτορα
382 2257 430 2283 καὶ
455 2256 512 2292 (10)
537 2256 729 2282 εὐσεϐέστατον
754 2254 867 2290 βασιλέα

75 2303 298 2339 ὲγκαρδιωμένον
323 2302 422 2338 ἔχομεν
435 2303 468 2338 τῇ
484 2302 588 2337 ἀγάπῃ,
605 2301 654 2328 καὶ
670 2301 792 2333 ἅπαντας
804 2301 868 2332 τοὺς

76 2350 220 2384 συγγενεῖς
243 2357 306 2384 μου,
324 2347 455 2382 φιλοϊδιος
476 2347 617 2383 ὑπάρχων,
637 2346 674 2379 ὡς
691 2347 768 2382 ὑμεῖς
791 2346 868 2382 γινώ-

75 2404 169 2428 σκετε,
189 2396 237 2422 καὶ
251 2395 460 2430 μνημονεύομεν
481 2393 566 2421 αὐτοῦ
581 2394 628 2421 καὶ
640 2395 670 2420 ὲν
684 2395 718 2429 τῇ
735 2393 797 2429 θείᾳ
808 2393 865 2420 λει-

73 2440 203 2476 τουργίᾳ,
227 2440 276 2466 καὶ
292 2438 466 2474 ὲπευχόμεθα
482 2437 536 2473 ίδίςι
554 2445 584 2463 τε
606 2437 654 2463 καὶ
667 2436 794 2472 δημοσίᾳ.
810 2436 864 2462 Kal.

72 2488 124 2521 τῆς
145 2485 311 2520 Ἐκκλησῐας
330 2484 482 2511 κοινωνικοί
502 2485 597 2518 ὲσμεν.
611 2483 665 2509 Kal
686 2482 724 2517 μὴ
737 2482 779 2518 είη
796 2483 863 2517 ἡμῖν

74 2541 141 2560 ποτε
162 2531 352 2567 διασχισθῆναι
368 2530 416 2557 ἀπ’
429 2528 746 2565 αὑτῆς.’Συγχωρήσατέ
764 2536 808 2563 μοι
823 2527 862 2563 τῷ

74 2579 150 2613 μόνῳ
169 2576 345 2612 ἀμαρτωλῷο
363 2576 477 2611 εἱλόμην
499 2575 634 2611 θρηνῆσαι
657 2574 707 2606 τὰς
725 2573 863 2609 ἁμαρτίας

109 2658 132 2674 ι’
145 2657 242 2684 Morel.
258 2656 360 2693 Regula
369 2665 418 2689 xu,
429 2664 490 2692 cap.
506 2656 533 2683 3.

929 923 1111 951 imbecillitati
1138 931 1205 952 meae
1236 925 1264 951 in
1291 926 1419 953 omnibus
1447 927 1611 962 opitulante.
1643 929 1722 962 Quod

928 975 992 1004 ergo
1006 977 1021 995 a
1039 976 1083 996 me
1093 969 1205 996 indocto
1222 969 1329 998 discere
1344 971 1465 1005 voluisti,
1485 972 1524 1000 sic
1548 973 1659 1008 penitus
1671 974 1721 1000 ha-

929 1014 985 1046 bet,
999 1019 1027 1042 ut
1040 1014 1142 1042 dictum
1158 1019 1200 1044 est
1212 1023 1228 1043 a
1243 1015 1354 1044 domino
1383 1017 1509 1045 diacono.
1527 1018 1620 1054 Neque
1635 1020 1660 1046 id
1672 1028 1722 1048 nos

929 1064 1032 1087 temere
1045 1064 1092 1086 aut
1105 1060 1311 1094 alﬁrmavimus,
1328 1066 1377 1089 aut
1392 1062 1474 1090 locuti
1488 1070 1583 1090 sumus
1595 1073 1603 1091 :
1622 1065 1669 1092 sed
1679 1065 1722 1092 in-

929 1105 1097 1141 vestigandis
1111 1110 1138 1133 et
1162 1107 1368 1141 perserutandis
1392 1108 1478 1136 sacris
1493 1108 1603 1137 Litteris
1618 1111 1720 1138 conﬁr-

928 1150 993 1178 mati
1008 1155 1036 1178 ct
1048 1152 1229 1184 corroborati,
1246 1152 1336 1187 iisque
1359 1153 1442 1180 etiam
1461 1154 1637 1191 interrogatis
1652 1164 1722 1191 quos

928 1195 1122 1222 conveniebat.
1141 1195 1174 1223 Et
1189 1196 1313 1232 profecto
1325 1197 1425 1225 veritas
1445 1198 1485 1226 sic
1497 1199 1589 1233 habet,
1605 1200 1665 1236 lege
1679 1202 1721 1228 di-

927 1239 992 1267 vina
1008 1240 1155 1268 manifeste
1191 1246 1313 1275 vetante,
1343 1250 1399 1270 non
1420 1244 1502 1270 modo
1530 1252 1579 1280 per
1608 1246 1720 1274 beatum

928 1285 1052 1318 Paulum,
1065 1286 1113 1313 sed
1126 1294 1174 1321 per
1189 1287 1257 1314 alios
1274 1288 1359 1314 etiam
1391 1288 1533 1326 theologos
1553 1291 1658 1324 Patres,
1674 1293 1720 1327 qui

927 1331 980 1359 hoc
998 1332 1087 1367 ipsum
1105 1333 1256 1361 discutiunt
1279 1341 1312 1360 ac
1339 1333 1489 1368 declarant,
1517 1340 1545 1364 et
1569 1345 1632 1365 cum
1653 1345 1720 1373 apo-

927 1378 1024 1407 stolico
1040 1379 1170 1407 mandato
1183 1380 1372 1408 consentiunt.
1389 1381 1422 1408 Et
1438 1390 1571 1416 quorsum
1594 1392 1644 1420 ego
1661 1393 1720 1412 am-

927 1425 1000 1460 plius
1016 1425 1197 1454 dissimulabo
1215 1427 1384 1461 inconsulte,
1396 1436 1430 1456 ac
1448 1437 1503 1456 non
1521 1430 1613 1464 potius
1630 1436 1719 1458 retra-

927 1470 991 1497 ham
1002 1464 1047 1498 me
1066 1471 1167 1506 ipsum,
1193 1476 1221 1500 et
1239 1473 1394 1501 subducam
1408 1474 1443 1502 ab
1459 1475 1492 1502 iis
1515 1476 1562 1510 qui
1581 1476 1720 1505 infelicem

926 1516 1044 1544 animam
1055 1525 1143 1545 meam
1155 1519 1336 1554 opprimunt?
1348 1520 1487 1553 Quantum
1499 1529 1581 1557 porro
1592 1528 1632 1550 est
1643 1524 1719 1558 peri-

925 1563 1029 1595 culum,
1045 1571 1108 1591 cum
1125 1565 1234 1592 Patrum
1250 1573 1375 1594 summus
1395 1567 1572 1602 vociferetur,
1584 1574 1611 1596 et
1626 1569 1715 1597 dicat:

927 1606 954 1634 Si
967 1608 1030 1642 quid
1044 1608 1073 1636 lit
1085 1614 1186 1644 prater
1196 1611 1369 1645 mandatum,
1384 1617 1432 1639 aut
1445 1613 1574 1641 mandato
1585 1614 1716 1646 alliciens.

925 1661 1097 1689 nequaquam
1119 1655 1262 1683 ferendum
1283 1661 1336 1691 est,
1361 1658 1486 1693 quamvis
1506 1660 1716 1694 promissionem

925 1699 998 1731 vitae,
1012 1701 1137 1734 quamvis
1159 1701 1256 1728 mortis
1272 1703 1361 1730 minas
1385 1703 1508 1731 habeat?
1525 1704 1602 1731 Mitto
1625 1705 1719 1733 dicere

925 1753 1005 1780 quam
1025 1745 1117 1772 multa-
1132 1746 1192 1774 aliae
1211 1747 1268 1774 sint
1285 1749 1442 1780 sententiae.
1458 1757 1519 1784 qua:
1536 1757 1587 1778 nos
1602 1751 1645 1778 vel
1663 1751 1718 1778 mi-

924 1791 1029 1818 nimum
1043 1799 1058 1818 a
1073 1792 1201 1820 mandato
1218 1793 1360 1822 discedere
1373 1796 1532 1830 prohibent,
1547 1804 1609 1824 cum
1624 1797 1715 1832 magni

925 1836 1023 1864 iterum
1048 1837 1138 1866 Basilii
1161 1839 1284 1867 edictum
1309 1840 1461 1870 habeamus
1483 1850 1491 1868 :
1522 1843 1594 1878 quod
1622 1844 1714 1871 omnia

924 1891 1036 1918 prorsus
1062 1892 1111 1920 per
1139 1884 1317 1921 Evangelium
1345 1891 1375 1914 et
1399 1888 1538 1922 apostolos
1555 1896 1571 1916 a
1600 1888 1715 1916 Domino

923 1929 1031 1963 tradita,
1045 1931 1178 1958 servanda
1195 1931 1251 1958 sint
1272 1932 1306 1958 “.
1321 1931 1385 1960 Haec
1401 1940 1452 1968 ego
1470 1933 1518 1960 tibi
1545 1938 1575 1960 ut
1596 1933 1668 1961 Patri
1686 1938 1715 1961 et

922 1975 1010 2003 amico
1024 1976 1178 2011 patefacere
1195 1984 1251 2004 non
1264 1977 1398 2009 dubitavi,
1424 1979 1643 2013 quandoquidem
1663 1987 1714 2006 nos

922 2020 964 2056 (ut
979 2021 1054 2048 testis
1073 2025 1115 2048 est
1127 2021 1249 2048 cordium
1271 2021 1409 2057 inspector
1432 2021 1514 2058 Deus)
1530 2031 1621 2058 neque
1645 2032 1714 2059 pne-

921 2066 1064 2099 dicamus;
1080 2074 1135 2093 non
1154 2067 1229 2094 enim
1258 2067 1469 2102 praeminentes
1488 2076 1602 2102 sumus;
1623 2076 1712 2104 neque

920 2111 982 2139 odia
1006 2111 1178 2146 proﬁtemur,
1196 2112 1243 2140 sed
1259 2117 1287 2140 et
1309 2113 1502 2148 imperatorem
1519 2114 1608 2149 ipsum
1621 2115 1712 2150 piissi-

920 2163 1049 2191 mumque
1062 2163 1154 2191 regem
1175 2157 1308 2185 charitate
1331 2158 1451 2193 gerimus
1462 2159 1490 2186 in
1505 2164 1627 2194 pectore,
1646 2168 1708 2187 om~

919 2209 1023 2236 nesque
1045 2202 1177 2237 sanguine
1204 2203 1272 2230 Inibi
1301 2203 1476 2238 conjunetos,
1497 2213 1560 2232 cum
1586 2213 1710 2234 necussa-

916 2248 1019 2275 riorum
1033 2248 1172 2276 studiosus
1187 2249 1249 2282 sim,
1267 2254 1297 2277 ut
1309 2250 1360 2285 ipsi
1372 2250 1459 2278 nostis
1472 2259 1480 2284 ;
1495 2255 1524 2279 et
1539 2253 1708 2280 mentionem

915 2296 975 2330 ejus
989 2294 1105 2323 facimus
1121 2295 1204 2323 etiam
1227 2295 1255 2322 in
1285 2295 1378 2324 divina
1394 2296 1514 2332 liturgia,
1547 2301 1575 2324 et
1591 2305 1640 2332 pro
1662 2298 1709 2325 illo

914 2348 1058 2377 precamur
1075 2341 1202 2376 privatim
1219 2349 1252 2369 ac
1263 2342 1381 2377 publice,
1407 2347 1434 2369 et
1445 2342 1574 2370 Ecclesia:
1585 2351 1709 2370 coturnu—

915 2388 1005 2415 nionis
1021 2388 1170 2424 participes
1194 2396 1291 2416 sumus
1312 2399 1319 2417 :
1345 2389 1472 2424 absitque
1490 2394 1521 2417 ut
1545 2390 1579 2418 ab
1603 2399 1635 2418 ea
1655 2399 1709 2418 un-

917 2442 998 2469 quam
1020 2442 1191 2469 separemur.
1213 2434 1352 2471 ignoscite
1386 2435 1454 2463 mihi
1478 2436 1528 2463 soli
1558 2437 1707 2471 peceatori.

919 2480 1008 2516 Delegi
1023 2480 1096 2508 hunc
1112 2480 1179 2508 mihi
1194 2480 1336 2516 angulum,
1350 2485 1382 2508 ut
1391 2481 1504 2509 deﬂeam
1517 2487 1626 2516 peccata
1636 2490 1707 2514 mea,

917 2530 992 2554 etne
1017 2526 1133 2554 miscear
1147 2534 1210 2554 cum
1223 2526 1337 2554 mundo.
1354 2526 1498 2560 Quodnam
1525 2527 1577 2554 hoc
1601 2527 1706 2554 crimen

917 2572 981 2600 est?
997 2571 1125 2601 Concede
1140 2572 1195 2601 hoc
1219 2573 1300 2606 mihi,
1321 2573 1500 2602 dilectissime
1529 2573 1704 2606 consobrino,

835 2723 953 2752 NOTAE.

71 2784 181 2822 pulavit
211 2782 409 2822 matrimonio.
424 2781 528 2822 Mense“
547 2780 656 2822 demum
686 2779 852 2822 Septembri,

943 2779 1000 2814 (l0)
1013 2780 1246 2808 Εὐσεϐἐστατον
1265 2779 1409 2813 βασιλέα.
1443 2779 1550 2815 ςοιὶριο
1575 2784 1617 2807 est
1642 2780 1701 2808 lia-e

72 2815 226 2848 indictione
236 2818 264 2851 4,
282 2817 352 2855 feria
368 2816 546 2855 hebdomadis
564 2821 671 2855 quarta.
697 2816 800 2855 nuptiae
825 2816 853 2844 in
907 2815 1022 2855 epistola
1034 2815 1115 2855 paulo
1129 2821 1194 2843 ante
1206 2816 1325 2855 primum
1339 2815 1478 2855 exsilium,
1495 2823 1560 2843 cum
1572 2815 1694 2844 nondqu

69 2857 96 2883 5.
111 2850 260 2883 Mamantis
270 2852 372 2888 templo
386 2852 529 2881 celebrata:
543 2856 619 2879 sunt.
638 2850 782 2887 (Tneorn.)

907 2856 938 2878 se
950 2850 1123 2885 imperatoris
1137 2851 1332 2879 communione
1347 2850 1524 2886 seiunxissct.
