  <div class='ocr_page' id='page_1' title='image "/cluster/home/n/w/nwhite01/storage/ocr_20150623/99/njp.32101010943858/491.png"; bbox 0 0 1924 3077; ppageno 0'>
   <div class='ocr_carea' id='block_1_1' title="bbox 193 143 982 178">
    <p class='ocr_par' dir='ltr' id='par_1_1' title="bbox 193 143 982 177">
     <span class='ocr_line' id='line_1_1' title="bbox 193 143 982 177; baseline 0.003 -2"><span class='ocrx_word' id='word_1_1' title='bbox 193 143 246 175; x_wconf 70' lang='lat'><strong>923</strong></span> <span class='ocrx_word' id='word_1_2' title='bbox 792 145 821 175; x_wconf 93' lang='lat' dir='ltr'><strong>S.</strong></span> <span class='ocrx_word' id='word_1_3' title='bbox 836 146 982 177; x_wconf 83' lang='lat' dir='ltr'><strong>THEOD(</strong></span> 
     </span>
    </p>
   </div>
   <div class='ocr_carea' id='block_1_2' title="bbox 1034 143 1826 178">
    <p class='ocr_par' dir='ltr' id='par_1_2' title="bbox 1050 144 1826 178">
     <span class='ocr_line' id='line_1_2' title="bbox 1050 144 1826 178; baseline -0.004 0"><span class='ocrx_word' id='word_1_4' title='bbox 1050 147 1229 178; x_wconf 72' lang='grc' dir='ltr'><strong>ΒΤΗΒΙΉΕ</strong></span> <span class='ocrx_word' id='word_1_5' title='bbox 1774 144 1826 175; x_wconf 59' lang='grc' dir='ltr'><strong>ΨΑ</strong></span> 
     </span>
    </p>
   </div>
   <div class='ocr_carea' id='block_1_3' title="bbox 180 200 982 239">
    <p class='ocr_par' dir='ltr' id='par_1_3' title="bbox 180 200 979 236">
     <span class='ocr_line' id='line_1_3' title="bbox 180 200 979 236; baseline 0.003 -9"><span class='ocrx_word' id='word_1_6' title='bbox 180 205 269 236; x_wconf 63' lang='lat' dir='ltr'><strong>’potes</strong></span> <span class='ocrx_word' id='word_1_7' title='bbox 279 200 363 232; x_wconf 90' lang='lat' dir='ltr'><strong>enim,</strong></span> <span class='ocrx_word' id='word_1_8' title='bbox 380 205 422 228; x_wconf 81' lang='lat' dir='ltr'><strong>sat</strong></span> <span class='ocrx_word' id='word_1_9' title='bbox 443 200 511 234; x_wconf 87' lang='lat' dir='ltr'><strong>scio,</strong></span> <span class='ocrx_word' id='word_1_10' title='bbox 527 205 558 228; x_wconf 88' lang='lat' dir='ltr'><strong>ut</strong></span> <span class='ocrx_word' id='word_1_11' title='bbox 568 200 678 235; x_wconf 88' lang='lat' dir='ltr'><strong>quietus</strong></span> <span class='ocrx_word' id='word_1_12' title='bbox 700 200 745 228; x_wconf 88' lang='lat' dir='ltr'><strong>hic</strong></span> <span class='ocrx_word' id='word_1_13' title='bbox 762 208 852 236; x_wconf 85' lang='lat' dir='ltr'><strong>agam,</strong></span> <span class='ocrx_word' id='word_1_14' title='bbox 869 202 904 228; x_wconf 90' lang='lat' dir='ltr'><strong>ab</strong></span> <span class='ocrx_word' id='word_1_15' title='bbox 917 210 979 229; x_wconf 92' lang='lat' dir='ltr'><strong>om-</strong></span> 
     </span>
    </p>
   </div>
   <div class='ocr_carea' id='block_1_4' title="bbox 1034 200 1828 239">
    <p class='ocr_par' dir='ltr' id='par_1_4' title="bbox 1035 200 1828 239">
     <span class='ocr_line' id='line_1_4' title="bbox 1035 200 1828 239; baseline -0.006 -8"><span class='ocrx_word' id='word_1_16' title='bbox 1035 212 1085 239; x_wconf 80' lang='grc' dir='ltr'><strong>μου</strong></span> <span class='ocrx_word' id='word_1_17' title='bbox 1101 206 1131 230; x_wconf 79' lang='grc' dir='ltr'><strong>ἐν</strong></span> <span class='ocrx_word' id='word_1_18' title='bbox 1150 205 1183 239; x_wconf 82' lang='grc' dir='ltr'><strong>τῇ</strong></span> <span class='ocrx_word' id='word_1_19' title='bbox 1201 203 1290 239; x_wconf 75' lang='grc' dir='ltr'>γωνίᾳ</span> <span class='ocrx_word' id='word_1_20' title='bbox 1303 202 1399 238; x_wconf 84' lang='grc' dir='ltr'>ταύτῃ,</span> <span class='ocrx_word' id='word_1_21' title='bbox 1418 201 1466 228; x_wconf 71' lang='grc' dir='ltr'>καὶ</span> <span class='ocrx_word' id='word_1_22' title='bbox 1493 200 1532 236; x_wconf 85' lang='grc' dir='ltr'><strong>μὴ</strong></span> <span class='ocrx_word' id='word_1_23' title='bbox 1555 200 1750 236; x_wconf 78' lang='grc' dir='ltr'>συμφύρεσοαι</span> <span class='ocrx_word' id='word_1_24' title='bbox 1769 201 1828 232; x_wconf 83' lang='grc' dir='ltr'>τοῖς</span> 
     </span>
    </p>
   </div>
   <div class='ocr_carea' id='block_1_5' title="bbox 186 245 982 285">
    <p class='ocr_par' dir='ltr' id='par_1_5' title="bbox 186 246 981 281">
     <span class='ocr_line' id='line_1_5' title="bbox 186 246 981 281; baseline 0.003 -8"><span class='ocrx_word' id='word_1_25' title='bbox 186 247 275 279; x_wconf 85' lang='lat' dir='ltr'><strong>nibus,</strong></span> <span class='ocrx_word' id='word_1_26' title='bbox 300 246 391 281; x_wconf 85' lang='lat' dir='ltr'><strong>quoad</strong></span> <span class='ocrx_word' id='word_1_27' title='bbox 422 246 497 279; x_wconf 89' lang='lat' dir='ltr'><strong>licet,</strong></span> <span class='ocrx_word' id='word_1_28' title='bbox 527 250 710 281; x_wconf 85' lang='lat' dir='ltr'><strong>segregatus:</strong></span> <span class='ocrx_word' id='word_1_29' title='bbox 736 251 763 273; x_wconf 91' lang='lat' dir='ltr'><strong>et</strong></span> <span class='ocrx_word' id='word_1_30' title='bbox 782 247 840 275; x_wconf 85' lang='lat' dir='ltr'><strong>acri</strong></span> <span class='ocrx_word' id='word_1_31' title='bbox 868 248 981 275; x_wconf 74' lang='lat' dir='ltr'><strong>solertia</strong></span> 
     </span>
    </p>
   </div>
   <div class='ocr_carea' id='block_1_6' title="bbox 1034 245 1826 285">
    <p class='ocr_par' dir='ltr' id='par_1_6' title="bbox 1035 245 1826 285">
     <span class='ocr_line' id='line_1_6' title="bbox 1035 245 1826 285; baseline -0.006 -8"><span class='ocrx_word' id='word_1_32' title='bbox 1035 250 1064 277; x_wconf 79' lang='grc' dir='ltr'><strong>ἐν</strong></span> <span class='ocrx_word' id='word_1_33' title='bbox 1078 250 1185 285; x_wconf 85' lang='grc' dir='ltr'>κόσμῳ.</span> <span class='ocrx_word' id='word_1_34' title='bbox 1203 249 1236 276; x_wconf 88' lang='grc' dir='ltr'>Τί</span> <span class='ocrx_word' id='word_1_35' title='bbox 1258 249 1337 276; x_wconf 85' lang='grc' dir='ltr'>τοῦτο</span> <span class='ocrx_word' id='word_1_36' title='bbox 1360 249 1508 283; x_wconf 75' lang='grc' dir='ltr'>ἐγκλημας</span> <span class='ocrx_word' id='word_1_37' title='bbox 1534 247 1645 282; x_wconf 86' lang='grc' dir='ltr'>χάρισαί</span> <span class='ocrx_word' id='word_1_38' title='bbox 1669 255 1714 282; x_wconf 80' lang='grc' dir='ltr'><strong>μοι</strong></span> <span class='ocrx_word' id='word_1_39' title='bbox 1734 245 1826 279; x_wconf 85' lang='grc' dir='ltr'>τοῦτο,</span> 
     </span>
    </p>
   </div>
   <div class='ocr_carea' id='block_1_7' title="bbox 185 290 982 328">
    <p class='ocr_par' dir='ltr' id='par_1_7' title="bbox 185 291 979 328">
     <span class='ocr_line' id='line_1_7' title="bbox 185 291 979 328; baseline 0.003 -10"><span class='ocrx_word' id='word_1_40' title='bbox 185 297 230 318; x_wconf 86' lang='lat' dir='ltr'><strong>tua</strong></span> <span class='ocrx_word' id='word_1_41' title='bbox 251 292 361 327; x_wconf 87' lang='lat' dir='ltr'><strong>obliqua</strong></span> <span class='ocrx_word' id='word_1_42' title='bbox 388 291 484 327; x_wconf 84' lang='lat' dir='ltr'><strong>dirige,</strong></span> <span class='ocrx_word' id='word_1_43' title='bbox 508 295 536 318; x_wconf 91' lang='lat' dir='ltr'><strong>et</strong></span> <span class='ocrx_word' id='word_1_44' title='bbox 554 299 652 326; x_wconf 87' lang='lat' dir='ltr'><strong>aspera</strong></span> <span class='ocrx_word' id='word_1_45' title='bbox 676 292 830 327; x_wconf 86' lang='lat' dir='ltr'><strong>complana,</strong></span> <span class='ocrx_word' id='word_1_46' title='bbox 848 293 979 328; x_wconf 91' lang='lat' dir='ltr'><strong>pacisque</strong></span> 
     </span>
    </p>
   </div>
   <div class='ocr_carea' id='block_1_8' title="bbox 1034 290 1828 328">
    <p class='ocr_par' dir='ltr' id='par_1_8' title="bbox 1034 290 1828 327">
     <span class='ocr_line' id='line_1_8' title="bbox 1034 290 1828 327; baseline -0.005 -7"><span class='ocrx_word' id='word_1_47' title='bbox 1034 294 1208 320; x_wconf 84' lang='grc' dir='ltr'>ποθεινότατε</span> <span class='ocrx_word' id='word_1_48' title='bbox 1233 292 1337 327; x_wconf 79' lang='grc' dir='ltr'>ἀνεψιέ·</span> <span class='ocrx_word' id='word_1_49' title='bbox 1364 291 1424 319; x_wconf 78' lang='grc' dir='ltr'>οἶδα</span> <span class='ocrx_word' id='word_1_50' title='bbox 1451 292 1506 327; x_wconf 80' lang='grc' dir='ltr'><strong>γὰρ</strong></span> <span class='ocrx_word' id='word_1_51' title='bbox 1529 291 1571 318; x_wconf 62' lang='lat' dir='ltr'><strong>hi.</strong></span> <span class='ocrx_word' id='word_1_52' title='bbox 1597 291 1644 318; x_wconf 76' lang='grc' dir='ltr'>καὶ</span> <span class='ocrx_word' id='word_1_53' title='bbox 1669 290 1756 326; x_wconf 82' lang='grc' dir='ltr'>δύνῃ’</span> <span class='ocrx_word' id='word_1_54' title='bbox 1779 291 1828 317; x_wconf 74' lang='grc' dir='ltr'>καὶ</span> 
     </span>
    </p>
   </div>
   <div class='ocr_carea' id='block_1_9' title="bbox 185 336 982 375">
    <p class='ocr_par' dir='ltr' id='par_1_9' title="bbox 185 337 978 372">
     <span class='ocr_line' id='line_1_9' title="bbox 185 337 978 372; baseline 0.005 -9"><span class='ocrx_word' id='word_1_55' title='bbox 185 340 285 364; x_wconf 66' lang='lat' dir='ltr'><strong>nostra:</strong></span> <span class='ocrx_word' id='word_1_56' title='bbox 300 337 458 364; x_wconf 75' lang='lat' dir='ltr'><strong>conciliator</strong></span> <span class='ocrx_word' id='word_1_57' title='bbox 485 341 554 368; x_wconf 90' lang='lat' dir='ltr'><strong>esto,</strong></span> <span class='ocrx_word' id='word_1_58' title='bbox 578 340 607 363; x_wconf 87' lang='lat' dir='ltr'><strong>et</strong></span> <span class='ocrx_word' id='word_1_59' title='bbox 632 337 732 371; x_wconf 85' lang='lat' dir='ltr'><strong>quietis</strong></span> <span class='ocrx_word' id='word_1_60' title='bbox 758 338 876 372; x_wconf 76' lang='lat' dir='ltr'><strong>adiutor,</strong></span> <span class='ocrx_word' id='word_1_61' title='bbox 891 343 928 366; x_wconf 46' lang='lat' dir='ltr'><strong>&#39;ut</strong></span> <span class='ocrx_word' id='word_1_62' title='bbox 955 339 978 368; x_wconf 89' lang='lat' dir='ltr'><strong>si</strong></span> 
     </span>
    </p>
   </div>
   <div class='ocr_carea' id='block_1_10' title="bbox 1034 336 1825 375">
    <p class='ocr_par' dir='ltr' id='par_1_10' title="bbox 1034 336 1825 375">
     <span class='ocr_line' id='line_1_10' title="bbox 1034 336 1825 375; baseline -0.005 -9"><span class='ocrx_word' id='word_1_63' title='bbox 1034 340 1148 375; x_wconf 74' lang='grc' dir='ltr'>ἠρεμεῖν</span> <span class='ocrx_word' id='word_1_64' title='bbox 1163 338 1294 371; x_wconf 73' lang='grc' dir='ltr'>ἐνταῦθα,</span> <span class='ocrx_word' id='word_1_65' title='bbox 1316 339 1363 365; x_wconf 81' lang='grc' dir='ltr'>καὶ</span> <span class='ocrx_word' id='word_1_66' title='bbox 1383 337 1594 365; x_wconf 85' lang='grc' dir='ltr'>ἀποδιίστασθαι</span> <span class='ocrx_word' id='word_1_67' title='bbox 1619 337 1721 369; x_wconf 75' lang='grc' dir='ltr'>παντὸς</span> <span class='ocrx_word' id='word_1_68' title='bbox 1743 336 1825 371; x_wconf 68' lang='grc' dir='ltr'>τυχὸν</span> 
     </span>
    </p>
   </div>
   <div class='ocr_carea' id='block_1_11' title="bbox 185 381 982 419">
    <p class='ocr_par' dir='ltr' id='par_1_11' title="bbox 185 381 980 418">
     <span class='ocr_line' id='line_1_11' title="bbox 185 381 980 418; baseline 0.004 -10"><span class='ocrx_word' id='word_1_69' title='bbox 185 382 249 416; x_wconf 89' lang='lat' dir='ltr'><strong>quid</strong></span> <span class='ocrx_word' id='word_1_70' title='bbox 272 383 336 409; x_wconf 90' lang='lat' dir='ltr'><strong>hinc</strong></span> <span class='ocrx_word' id='word_1_71' title='bbox 355 382 435 410; x_wconf 92' lang='lat' dir='ltr'><strong>nobis</strong></span> <span class='ocrx_word' id='word_1_72' title='bbox 453 381 592 409; x_wconf 89' lang='lat' dir='ltr'><strong>commodi</strong></span> <span class='ocrx_word' id='word_1_73' title='bbox 613 387 715 416; x_wconf 78' lang='lat' dir='ltr'><strong>exstet,</strong></span> <span class='ocrx_word' id='word_1_74' title='bbox 738 383 813 418; x_wconf 86' lang='lat' dir='ltr'><strong>juste</strong></span> <span class='ocrx_word' id='word_1_75' title='bbox 840 388 922 418; x_wconf 89' lang='lat' dir='ltr'><strong>atque</strong></span> <span class='ocrx_word' id='word_1_76' title='bbox 946 391 980 411; x_wconf 85' lang='lat' dir='ltr'><strong>ex</strong></span> 
     </span>
    </p>
   </div>
   <div class='ocr_carea' id='block_1_12' title="bbox 1034 381 1828 419">
    <p class='ocr_par' dir='ltr' id='par_1_12' title="bbox 1034 381 1828 419">
     <span class='ocr_line' id='line_1_12' title="bbox 1034 381 1828 419; baseline -0.004 -8"><span class='ocrx_word' id='word_1_77' title='bbox 1034 384 1176 419; x_wconf 86' lang='grc' dir='ltr'>ἀνθρώπου</span> <span class='ocrx_word' id='word_1_78' title='bbox 1187 393 1194 400; x_wconf 88' lang='grc'><strong>·</strong></span> <span class='ocrx_word' id='word_1_79' title='bbox 1209 384 1256 411; x_wconf 73' lang='grc' dir='ltr'>καὶ</span> <span class='ocrx_word' id='word_1_80' title='bbox 1271 385 1304 419; x_wconf 82' lang='grc' dir='ltr'>τῇ</span> <span class='ocrx_word' id='word_1_81' title='bbox 1327 383 1443 419; x_wconf 82' lang='grc' dir='ltr'>ἐμμελεῖ</span> <span class='ocrx_word' id='word_1_82' title='bbox 1457 383 1584 418; x_wconf 77' lang='grc' dir='ltr'><strong>ἀγχινοίᾳ</strong></span> <span class='ocrx_word' id='word_1_83' title='bbox 1611 391 1658 408; x_wconf 85' lang='grc' dir='ltr'><strong>σου</strong></span> <span class='ocrx_word' id='word_1_84' title='bbox 1675 382 1710 409; x_wconf 85' lang='grc' dir='ltr'>τὰ</span> <span class='ocrx_word' id='word_1_85' title='bbox 1731 381 1828 408; x_wconf 78' lang='grc' dir='ltr'>σκολιὰ</span> 
     </span>
    </p>
   </div>
   <div class='ocr_carea' id='block_1_13' title="bbox 185 427 982 464">
    <p class='ocr_par' dir='ltr' id='par_1_13' title="bbox 185 428 492 462">
     <span class='ocr_line' id='line_1_13' title="bbox 185 428 492 462; baseline 0 -8"><span class='ocrx_word' id='word_1_86' title='bbox 185 428 291 454; x_wconf 86' lang='lat' dir='ltr'><strong>ratione</strong></span> <span class='ocrx_word' id='word_1_87' title='bbox 306 428 492 462; x_wconf 88' lang='lat' dir='ltr'><strong>dispensetur.</strong></span> 
     </span>
    </p>
   </div>
   <div class='ocr_carea' id='block_1_14' title="bbox 1034 427 1827 464">
    <p class='ocr_par' dir='ltr' id='par_1_14' title="bbox 1034 427 1827 464">
     <span class='ocr_line' id='line_1_14' title="bbox 1034 427 1827 464; baseline -0.003 -9"><span class='ocrx_word' id='word_1_88' title='bbox 1034 429 1148 464; x_wconf 87' lang='grc' dir='ltr'>ποίησον</span> <span class='ocrx_word' id='word_1_89' title='bbox 1168 430 1229 456; x_wconf 79' lang='grc' dir='ltr'>λεῖα</span> <span class='ocrx_word' id='word_1_90' title='bbox 1242 438 1250 445; x_wconf 93' lang='grc'><strong>·</strong></span> <span class='ocrx_word' id='word_1_91' title='bbox 1261 430 1307 456; x_wconf 77' lang='grc' dir='ltr'><strong>καὶ</strong></span> <span class='ocrx_word' id='word_1_92' title='bbox 1321 430 1355 455; x_wconf 84' lang='grc' dir='ltr'>τὰ</span> <span class='ocrx_word' id='word_1_93' title='bbox 1369 437 1542 464; x_wconf 83' lang='grc' dir='ltr'>τραχυνοντα</span> <span class='ocrx_word' id='word_1_94' title='bbox 1561 427 1757 464; x_wconf 78' lang='grc' dir='ltr'>καθομάλισον.</span> <span class='ocrx_word' id='word_1_95' title='bbox 1770 427 1827 453; x_wconf 78' lang='grc' dir='ltr'><strong>Καὶ</strong></span> 
     </span>
    </p>
   </div>
   <div class='ocr_carea' id='block_1_15' title="bbox 185 471 1826 511">
    <p class='ocr_par' dir='ltr' id='par_1_15' title="bbox 185 471 1826 511">
     <span class='ocr_line' id='line_1_15' title="bbox 185 471 1826 511; baseline 0.001 -13"><span class='ocrx_word' id='word_1_96' title='bbox 185 471 265 506; x_wconf 81' lang='grc' dir='ltr'><strong>γενοῦ</strong></span> <span class='ocrx_word' id='word_1_97' title='bbox 288 472 336 499; x_wconf 78' lang='grc' dir='ltr'><strong>τοῦ</strong></span> <span class='ocrx_word' id='word_1_98' title='bbox 351 472 490 508; x_wconf 77' lang='grc' dir='ltr'>εἰρηνικοῦ</span> <span class='ocrx_word' id='word_1_99' title='bbox 506 471 585 508; x_wconf 81' lang='grc' dir='ltr'>ἡμῶν</span> <span class='ocrx_word' id='word_1_100' title='bbox 600 472 765 509; x_wconf 73' lang='grc' dir='ltr'>βραϐευτὴε,</span> <span class='ocrx_word' id='word_1_101' title='bbox 797 474 846 501; x_wconf 73' lang='grc' dir='ltr'>καὶ</span> <span class='ocrx_word' id='word_1_102' title='bbox 880 475 930 510; x_wconf 87' lang='grc' dir='ltr'>τῆς</span> <span class='ocrx_word' id='word_1_103' title='bbox 958 474 1075 511; x_wconf 80' lang='grc' dir='ltr'><strong>ἡσυχίας</strong></span> <span class='ocrx_word' id='word_1_104' title='bbox 1107 476 1308 511; x_wconf 83' lang='grc' dir='ltr'>συνασπιστής·</span> <span class='ocrx_word' id='word_1_105' title='bbox 1325 476 1369 502; x_wconf 86' lang='grc' dir='ltr'><strong>ἴνα</strong></span> <span class='ocrx_word' id='word_1_106' title='bbox 1384 475 1408 501; x_wconf 89' lang='grc' dir='ltr'><strong>εί</strong></span> <span class='ocrx_word' id='word_1_107' title='bbox 1424 475 1471 502; x_wconf 89' lang='grc' dir='ltr'><strong>καί</strong></span> <span class='ocrx_word' id='word_1_108' title='bbox 1486 484 1513 501; x_wconf 87' lang='grc' dir='ltr'><strong>τι</strong></span> <span class='ocrx_word' id='word_1_109' title='bbox 1528 475 1594 511; x_wconf 82' lang='grc' dir='ltr'><strong>ἡμῖν</strong></span> <span class='ocrx_word' id='word_1_110' title='bbox 1606 475 1679 501; x_wconf 78' lang='grc' dir='ltr'>ἐστιν</span> <span class='ocrx_word' id='word_1_111' title='bbox 1696 474 1726 500; x_wconf 74' lang='grc' dir='ltr'><strong>ἐν</strong></span> <span class='ocrx_word' id='word_1_112' title='bbox 1739 472 1826 508; x_wconf 81' lang='grc' dir='ltr'>τούτῳ</span> 
     </span>
    </p>
   </div>
   <div class='ocr_carea' id='block_1_16' title="bbox 185 517 854 555">
    <p class='ocr_par' dir='ltr' id='par_1_16' title="bbox 185 517 854 555">
     <span class='ocr_line' id='line_1_16' title="bbox 185 517 854 555; baseline 0.004 -11"><span class='ocrx_word' id='word_1_113' title='bbox 185 517 332 554; x_wconf 82' lang='grc' dir='ltr'>χρήσιμον,</span> <span class='ocrx_word' id='word_1_114' title='bbox 351 518 478 555; x_wconf 82' lang='grc' dir='ltr'>διαιτήσῃ</span> <span class='ocrx_word' id='word_1_115' title='bbox 494 518 608 550; x_wconf 79' lang='grc' dir='ltr'>δικαίως</span> <span class='ocrx_word' id='word_1_116' title='bbox 622 519 670 546; x_wconf 69' lang='grc' dir='ltr'>καὶ</span> <span class='ocrx_word' id='word_1_117' title='bbox 684 520 755 546; x_wconf 81' lang='grc' dir='ltr'>κατὰ</span> <span class='ocrx_word' id='word_1_118' title='bbox 766 519 854 554; x_wconf 82' lang='grc' dir='ltr'>λόγον.</span> 
     </span>
    </p>
   </div>
   <div class='ocr_carea' id='block_1_17' title="bbox 380 575 780 612">
    <p class='ocr_par' dir='ltr' id='par_1_17' title="bbox 380 575 780 612">
     <span class='ocr_line' id='line_1_17' title="bbox 380 575 780 612; baseline 0.003 -9"><span class='ocrx_word' id='word_1_119' title='bbox 380 575 413 603; x_wconf 75' lang='grc' dir='ltr'>ν.</span> <span class='ocrx_word' id='word_1_120' title='bbox 430 591 465 596; x_wconf 88' lang='grc'><strong><em>-</em></strong></span> <span class='ocrx_word' id='word_1_121' title='bbox 478 576 613 612; x_wconf 79' lang='lat' dir='ltr'><strong>Stephano</strong></span> <span class='ocrx_word' id='word_1_122' title='bbox 629 585 646 602; x_wconf 91' lang='lat' dir='ltr'><strong>a</strong></span> <span class='ocrx_word' id='word_1_123' title='bbox 661 577 780 604; x_wconf 74' lang='lat' dir='ltr'><strong>secretis.</strong></span> 
     </span>
    </p>
   </div>
   <div class='ocr_carea' id='block_1_18' title="bbox 1201 577 1647 613">
    <p class='ocr_par' dir='ltr' id='par_1_18' title="bbox 1201 577 1647 613">
     <span class='ocr_line' id='line_1_18' title="bbox 1201 577 1647 613; baseline -0.004 -7"><span class='ocrx_word' id='word_1_124' title='bbox 1201 579 1240 606; x_wconf 86' lang='lat' dir='ltr'><strong>E&#39;.</strong></span> <span class='ocrx_word' id='word_1_125' title='bbox 1259 594 1295 599; x_wconf 95' lang='lat'><strong>—</strong></span> <span class='ocrx_word' id='word_1_126' title='bbox 1313 578 1454 613; x_wconf 75' lang='grc' dir='ltr'><strong>Στεφάνῳ</strong></span> <span class='ocrx_word' id='word_1_127' title='bbox 1471 577 1647 612; x_wconf 78' lang='grc' dir='ltr'>ἀσηκρῆτις.</span> 
     </span>
    </p>
   </div>
   <div class='ocr_carea' id='block_1_19' title="bbox 247 643 1760 679">
    <p class='ocr_par' dir='ltr' id='par_1_19' title="bbox 247 643 1760 679">
     <span class='ocr_line' id='line_1_19' title="bbox 247 643 1760 679; baseline 0.001 -9"><span class='ocrx_word' id='word_1_128' title='bbox 247 646 336 670; x_wconf 82' lang='lat' dir='ltr'><strong>Saeros</strong></span> <span class='ocrx_word' id='word_1_129' title='bbox 348 644 422 669; x_wconf 87' lang='lat' dir='ltr'><strong>etiam</strong></span> <span class='ocrx_word' id='word_1_130' title='bbox 434 643 569 674; x_wconf 80' lang='lat' dir='ltr'><strong>antistites,</strong></span> <span class='ocrx_word' id='word_1_131' title='bbox 586 650 641 668; x_wconf 87' lang='lat' dir='ltr'><strong>cum</strong></span> <span class='ocrx_word' id='word_1_132' title='bbox 657 647 770 675; x_wconf 83' lang='lat' dir='ltr'><strong>peccant,</strong></span> <span class='ocrx_word' id='word_1_133' title='bbox 781 645 830 669; x_wconf 90' lang='lat' dir='ltr'><strong>rite</strong></span> <span class='ocrx_word' id='word_1_134' title='bbox 843 644 874 669; x_wconf 90' lang='lat' dir='ltr'><strong>ab</strong></span> <span class='ocrx_word' id='word_1_135' title='bbox 884 645 948 676; x_wconf 87' lang='lat' dir='ltr'><strong>aliis,</strong></span> <span class='ocrx_word' id='word_1_136' title='bbox 958 645 1018 672; x_wconf 79' lang='lat' dir='ltr'><strong>licet</strong></span> <span class='ocrx_word' id='word_1_137' title='bbox 1026 647 1105 679; x_wconf 76' lang='lat' dir='ltr'><strong>gradu</strong></span> <span class='ocrx_word' id='word_1_138' title='bbox 1115 646 1272 672; x_wconf 77' lang='lat' dir='ltr'><strong>inferioribus</strong></span> <span class='ocrx_word' id='word_1_139' title='bbox 1287 646 1422 671; x_wconf 77' lang='lat' dir='ltr'><strong>admoneri.</strong></span> <span class='ocrx_word' id='word_1_140' title='bbox 1439 646 1588 677; x_wconf 83' lang='lat' dir='ltr'><strong>(Baron.an.</strong></span> <span class='ocrx_word' id='word_1_141' title='bbox 1602 645 1657 675; x_wconf 81' lang='lat'><strong>795,</strong></span> <span class='ocrx_word' id='word_1_142' title='bbox 1672 652 1698 670; x_wconf 73' lang='grc' dir='ltr'>ιι.</span> <span class='ocrx_word' id='word_1_143' title='bbox 1708 645 1760 677; x_wconf 85' lang='grc'><strong>61.)</strong></span> 
     </span>
    </p>
   </div>
   <div class='ocr_carea' id='block_1_20' title="bbox 222 696 976 730">
    <p class='ocr_par' dir='ltr' id='par_1_20' title="bbox 222 696 976 730">
     <span class='ocr_line' id='line_1_20' title="bbox 222 696 976 730; baseline 0.001 -5"><span class='ocrx_word' id='word_1_144' title='bbox 222 697 358 725; x_wconf 84' lang='lat' dir='ltr'><strong>Hesterno</strong></span> <span class='ocrx_word' id='word_1_145' title='bbox 371 697 414 724; x_wconf 88' lang='lat' dir='ltr'><strong>die</strong></span> <span class='ocrx_word' id='word_1_146' title='bbox 428 704 490 723; x_wconf 87' lang='lat' dir='ltr'><strong>cum</strong></span> <span class='ocrx_word' id='word_1_147' title='bbox 515 696 632 730; x_wconf 84' lang='lat' dir='ltr'><strong>gloriosa</strong></span> <span class='ocrx_word' id='word_1_148' title='bbox 647 697 792 730; x_wconf 65' lang='lat' dir='ltr'><strong>praesentia</strong></span> <span class='ocrx_word' id='word_1_149' title='bbox 808 702 853 725; x_wconf 86' lang='lat' dir='ltr'><strong>tua</strong></span> <span class='ocrx_word' id='word_1_150' title='bbox 869 697 976 726; x_wconf 80' lang='lat' dir='ltr'><strong>fruere-</strong></span> 
     </span>
    </p>
   </div>
   <div class='ocr_carea' id='block_1_21' title="bbox 187 742 975 778">
    <p class='ocr_par' dir='ltr' id='par_1_21' title="bbox 187 742 975 778">
     <span class='ocr_line' id='line_1_21' title="bbox 187 742 975 778; baseline 0 -6"><span class='ocrx_word' id='word_1_151' title='bbox 187 753 259 777; x_wconf 88' lang='lat' dir='ltr'><strong>mur,</strong></span> <span class='ocrx_word' id='word_1_152' title='bbox 277 748 338 778; x_wconf 91' lang='lat' dir='ltr'><strong>post</strong></span> <span class='ocrx_word' id='word_1_153' title='bbox 352 743 403 770; x_wconf 87' lang='lat' dir='ltr'><strong>alia</strong></span> <span class='ocrx_word' id='word_1_154' title='bbox 423 743 547 778; x_wconf 70' lang='lat' dir='ltr'><strong>quazdam</strong></span> <span class='ocrx_word' id='word_1_155' title='bbox 572 742 719 776; x_wconf 78' lang='lat' dir='ltr'><strong>colloquia,</strong></span> <span class='ocrx_word' id='word_1_156' title='bbox 746 751 863 778; x_wconf 90' lang='lat' dir='ltr'><strong>quorum</strong></span> <span class='ocrx_word' id='word_1_157' title='bbox 892 752 975 772; x_wconf 84' lang='lat' dir='ltr'><strong>causa</strong></span> 
     </span>
    </p>
   </div>
   <div class='ocr_carea' id='block_1_22' title="bbox 188 791 978 827">
    <p class='ocr_par' dir='ltr' id='par_1_22' title="bbox 188 791 978 827">
     <span class='ocr_line' id='line_1_22' title="bbox 188 791 978 827; baseline 0.001 -8"><span class='ocrx_word' id='word_1_158' title='bbox 188 792 242 819; x_wconf 88' lang='lat' dir='ltr'><strong>huc</strong></span> <span class='ocrx_word' id='word_1_159' title='bbox 253 798 377 823; x_wconf 76' lang='lat' dir='ltr'><strong>veneras,</strong></span> <span class='ocrx_word' id='word_1_160' title='bbox 396 791 557 818; x_wconf 85' lang='lat' dir='ltr'><strong>devenimus</strong></span> <span class='ocrx_word' id='word_1_161' title='bbox 577 791 685 818; x_wconf 92' lang='lat' dir='ltr'><strong>tandem</strong></span> <span class='ocrx_word' id='word_1_162' title='bbox 701 791 733 818; x_wconf 92' lang='lat' dir='ltr'><strong>ad</strong></span> <span class='ocrx_word' id='word_1_163' title='bbox 749 791 978 827; x_wconf 64' lang='lat' dir='ltr'><strong>Scripturzequa-</strong></span> 
     </span>
    </p>
   </div>
   <div class='ocr_carea' id='block_1_23' title="bbox 187 836 979 872">
    <p class='ocr_par' dir='ltr' id='par_1_23' title="bbox 187 836 979 872">
     <span class='ocr_line' id='line_1_23' title="bbox 187 836 979 872; baseline 0 -7"><span class='ocrx_word' id='word_1_164' title='bbox 187 838 301 869; x_wconf 82' lang='lat' dir='ltr'><strong>stiones,</strong></span> <span class='ocrx_word' id='word_1_165' title='bbox 321 841 349 864; x_wconf 91' lang='lat' dir='ltr'><strong>et</strong></span> <span class='ocrx_word' id='word_1_166' title='bbox 369 837 396 864; x_wconf 95' lang='lat' dir='ltr'><strong>in</strong></span> <span class='ocrx_word' id='word_1_167' title='bbox 420 836 546 872; x_wconf 82' lang='lat' dir='ltr'><strong>ambigua</strong></span> <span class='ocrx_word' id='word_1_168' title='bbox 573 837 709 864; x_wconf 68' lang='lat' dir='ltr'><strong>hterentes</strong></span> <span class='ocrx_word' id='word_1_169' title='bbox 733 837 930 872; x_wconf 77' lang='lat' dir='ltr'><strong>disputatione,</strong></span> <span class='ocrx_word' id='word_1_170' title='bbox 950 846 979 865; x_wconf 90' lang='lat' dir='ltr'><strong>re</strong></span> 
     </span>
    </p>
   </div>
   <div class='ocr_carea' id='block_1_24' title="bbox 188 881 978 918">
    <p class='ocr_par' dir='ltr' id='par_1_24' title="bbox 188 881 978 918">
     <span class='ocr_line' id='line_1_24' title="bbox 188 881 978 918; baseline 0.003 -9"><span class='ocrx_word' id='word_1_171' title='bbox 188 883 299 914; x_wconf 82' lang='lat' dir='ltr'><strong>iniecta,</strong></span> <span class='ocrx_word' id='word_1_172' title='bbox 319 881 432 918; x_wconf 82' lang='lat' dir='ltr'><strong>digressi</strong></span> <span class='ocrx_word' id='word_1_173' title='bbox 453 890 557 910; x_wconf 89' lang='lat' dir='ltr'><strong>sumus.</strong></span> <span class='ocrx_word' id='word_1_174' title='bbox 586 881 619 909; x_wconf 84' lang='lat' dir='ltr'><strong>Et</strong></span> <span class='ocrx_word' id='word_1_175' title='bbox 638 890 689 909; x_wconf 89' lang='lat' dir='ltr'><strong>nos</strong></span> <span class='ocrx_word' id='word_1_176' title='bbox 712 883 833 917; x_wconf 87' lang='lat' dir='ltr'><strong>quidem,</strong></span> <span class='ocrx_word' id='word_1_177' title='bbox 857 883 978 917; x_wconf 89' lang='lat' dir='ltr'><strong>domine,</strong></span> 
     </span>
    </p>
   </div>
   <div class='ocr_carea' id='block_1_25' title="bbox 1072 697 1825 735">
    <p class='ocr_par' dir='ltr' id='par_1_25' title="bbox 1072 697 1825 735">
     <span class='ocr_line' id='line_1_25' title="bbox 1072 697 1825 735; baseline -0.001 -8"><span class='ocrx_word' id='word_1_178' title='bbox 1072 700 1118 727; x_wconf 87' lang='grc' dir='ltr'>Ἐν</span> <span class='ocrx_word' id='word_1_179' title='bbox 1132 701 1164 735; x_wconf 77' lang='grc' dir='ltr'>τῇ</span> <span class='ocrx_word' id='word_1_180' title='bbox 1180 699 1244 735; x_wconf 79' lang='grc' dir='ltr'>χθὲς</span> <span class='ocrx_word' id='word_1_181' title='bbox 1254 699 1358 735; x_wconf 78' lang='grc' dir='ltr'>ἡμέρᾳ,</span> <span class='ocrx_word' id='word_1_182' title='bbox 1371 699 1465 734; x_wconf 76' lang='grc' dir='ltr'>ἐπειδὴ</span> <span class='ocrx_word' id='word_1_183' title='bbox 1479 698 1530 733; x_wconf 84' lang='grc' dir='ltr'>τῆς</span> <span class='ocrx_word' id='word_1_184' title='bbox 1545 697 1673 730; x_wconf 75' lang='grc' dir='ltr'><strong>εὐκλεοῦς</strong></span> <span class='ocrx_word' id='word_1_185' title='bbox 1689 707 1736 725; x_wconf 90' lang='grc' dir='ltr'><strong>σου</strong></span> <span class='ocrx_word' id='word_1_186' title='bbox 1751 708 1825 735; x_wconf 85' lang='grc' dir='ltr'>παρ-</span> 
     </span>
    </p>
   </div>
   <div class='ocr_carea' id='block_1_26' title="bbox 1030 744 1826 780">
    <p class='ocr_par' dir='ltr' id='par_1_26' title="bbox 1030 744 1826 780">
     <span class='ocr_line' id='line_1_26' title="bbox 1030 744 1826 780; baseline 0.001 -8"><span class='ocrx_word' id='word_1_187' title='bbox 1030 745 1124 777; x_wconf 88' lang='grc' dir='ltr'>ουσίας</span> <span class='ocrx_word' id='word_1_188' title='bbox 1153 746 1183 772; x_wconf 84' lang='grc' dir='ltr'><strong>ἐν</strong></span> <span class='ocrx_word' id='word_1_189' title='bbox 1205 745 1315 780; x_wconf 80' lang='grc' dir='ltr'><strong>μεθέξει</strong></span> <span class='ocrx_word' id='word_1_190' title='bbox 1338 745 1502 780; x_wconf 84' lang='grc' dir='ltr'>γεγόναμεν,</span> <span class='ocrx_word' id='word_1_191' title='bbox 1531 744 1601 779; x_wconf 77' lang='grc' dir='ltr'>μετά</span> <span class='ocrx_word' id='word_1_192' title='bbox 1631 752 1709 776; x_wconf 84' lang='grc' dir='ltr'>τινας</span> <span class='ocrx_word' id='word_1_193' title='bbox 1742 745 1826 778; x_wconf 77' lang='grc' dir='ltr'>ἄλλας</span> 
     </span>
    </p>
   </div>
   <div class='ocr_carea' id='block_1_27' title="bbox 1031 789 1823 826">
    <p class='ocr_par' dir='ltr' id='par_1_27' title="bbox 1031 789 1823 826">
     <span class='ocr_line' id='line_1_27' title="bbox 1031 789 1823 826; baseline -0.001 -9"><span class='ocrx_word' id='word_1_194' title='bbox 1031 791 1190 826; x_wconf 81' lang='grc' dir='ltr'>ὀμιλίας,δι¹</span> <span class='ocrx_word' id='word_1_195' title='bbox 1205 791 1238 823; x_wconf 75' lang='grc' dir='ltr'>ἃς</span> <span class='ocrx_word' id='word_1_196' title='bbox 1249 791 1296 817; x_wconf 77' lang='grc' dir='ltr'>καὶ</span> <span class='ocrx_word' id='word_1_197' title='bbox 1304 791 1318 818; x_wconf 82' lang='grc' dir='ltr'><strong><em>ὁ</em></strong></span> <span class='ocrx_word' id='word_1_198' title='bbox 1331 791 1431 826; x_wconf 81' lang='grc' dir='ltr'><strong>τρόπος</strong></span> <span class='ocrx_word' id='word_1_199' title='bbox 1446 790 1495 825; x_wconf 85' lang='grc' dir='ltr'><strong>τῆς</strong></span> <span class='ocrx_word' id='word_1_200' title='bbox 1507 789 1625 817; x_wconf 80' lang='grc' dir='ltr'>ἐνταῦθά</span> <span class='ocrx_word' id='word_1_201' title='bbox 1636 798 1682 816; x_wconf 87' lang='grc' dir='ltr'><strong>σου</strong></span> <span class='ocrx_word' id='word_1_202' title='bbox 1694 790 1823 824; x_wconf 77' lang='grc' dir='ltr'><strong>ἀφίξεως,</strong></span> 
     </span>
    </p>
   </div>
   <div class='ocr_carea' id='block_1_28' title="bbox 1031 835 1822 872">
    <p class='ocr_par' dir='ltr' id='par_1_28' title="bbox 1031 835 1822 872">
     <span class='ocr_line' id='line_1_28' title="bbox 1031 835 1822 872; baseline 0.001 -10"><span class='ocrx_word' id='word_1_203' title='bbox 1031 837 1072 868; x_wconf 86' lang='grc' dir='ltr'><strong>είς</strong></span> <span class='ocrx_word' id='word_1_204' title='bbox 1095 836 1172 870; x_wconf 81' lang='grc' dir='ltr'>λόγον</span> <span class='ocrx_word' id='word_1_205' title='bbox 1192 845 1251 868; x_wconf 86' lang='grc' dir='ltr'><strong>πως</strong></span> <span class='ocrx_word' id='word_1_206' title='bbox 1272 835 1443 872; x_wconf 72' lang='grc' dir='ltr'><strong>ἐληλύθαμεν</strong></span> <span class='ocrx_word' id='word_1_207' title='bbox 1462 835 1611 870; x_wconf 83' lang='grc' dir='ltr'>Γραφικῶν</span> <span class='ocrx_word' id='word_1_208' title='bbox 1638 836 1822 871; x_wconf 80' lang='grc' dir='ltr'><strong>ζητημάτων·</strong></span> 
     </span>
    </p>
   </div>
   <div class='ocr_carea' id='block_1_29' title="bbox 1032 880 1825 917">
    <p class='ocr_par' dir='ltr' id='par_1_29' title="bbox 1032 880 1825 917">
     <span class='ocr_line' id='line_1_29' title="bbox 1032 880 1825 917; baseline -0.003 -9"><span class='ocrx_word' id='word_1_209' title='bbox 1032 882 1080 909; x_wconf 80' lang='grc' dir='ltr'>καὶ</span> <span class='ocrx_word' id='word_1_210' title='bbox 1094 882 1124 908; x_wconf 82' lang='grc' dir='ltr'>ἐν</span> <span class='ocrx_word' id='word_1_211' title='bbox 1139 881 1292 917; x_wconf 72' lang='grc' dir='ltr'>ἀμφιϐολίᾳ</span> <span class='ocrx_word' id='word_1_212' title='bbox 1305 881 1388 917; x_wconf 83' lang='grc' dir='ltr'>πολλῇ</span> <span class='ocrx_word' id='word_1_213' title='bbox 1404 880 1593 916; x_wconf 81' lang='grc' dir='ltr'>συσχεθέντες,</span> <span class='ocrx_word' id='word_1_214' title='bbox 1604 880 1747 913; x_wconf 77' lang='grc' dir='ltr'><strong>ἀπιθάνως</strong></span> <span class='ocrx_word' id='word_1_215' title='bbox 1757 881 1825 916; x_wconf 71' lang='grc' dir='ltr'>πρὸς</span> 
     </span>
    </p>
   </div>
   <div class='ocr_carea' id='block_1_30' title="bbox 188 923 982 964">
    <p class='ocr_par' dir='ltr' id='par_1_30' title="bbox 188 928 979 964">
     <span class='ocr_line' id='line_1_30' title="bbox 188 928 979 964; baseline 0 -8"><span class='ocrx_word' id='word_1_216' title='bbox 188 929 270 956; x_wconf 89' lang='lat' dir='ltr'><strong>rudes</strong></span> <span class='ocrx_word' id='word_1_217' title='bbox 281 933 309 956; x_wconf 90' lang='lat' dir='ltr'><strong>et</strong></span> <span class='ocrx_word' id='word_1_218' title='bbox 319 928 418 964; x_wconf 83' lang='lat' dir='ltr'><strong>ignari,</strong></span> <span class='ocrx_word' id='word_1_219' title='bbox 438 928 579 963; x_wconf 64' lang='lat' dir='ltr'><strong>sapientiae</strong></span> <span class='ocrx_word' id='word_1_220' title='bbox 598 931 651 955; x_wconf 69' lang='lat' dir='ltr'><strong>tua:</strong></span> <span class='ocrx_word' id='word_1_221' title='bbox 659 928 772 955; x_wconf 91' lang='lat' dir='ltr'><strong>minime</strong></span> <span class='ocrx_word' id='word_1_222' title='bbox 783 936 861 963; x_wconf 87' lang='lat' dir='ltr'><strong>pares</strong></span> <span class='ocrx_word' id='word_1_223' title='bbox 872 936 979 956; x_wconf 88' lang='lat' dir='ltr'><strong>sumus.</strong></span> 
     </span>
    </p>
   </div>
   <div class='ocr_carea' id='block_1_31' title="bbox 1034 923 1826 964">
    <p class='ocr_par' dir='ltr' id='par_1_31' title="bbox 1034 923 1826 962">
     <span class='ocr_line' id='line_1_31' title="bbox 1034 923 1826 962; baseline -0.001 -8"><span class='ocrx_word' id='word_1_224' title='bbox 1034 927 1118 954; x_wconf 82' lang='grc' dir='ltr'>ταῦτα</span> <span class='ocrx_word' id='word_1_225' title='bbox 1138 927 1285 962; x_wconf 79' lang='grc' dir='ltr'>διέστημεν</span> <span class='ocrx_word' id='word_1_226' title='bbox 1310 926 1358 953; x_wconf 82' lang='grc' dir='ltr'>ἀπ’</span> <span class='ocrx_word' id='word_1_227' title='bbox 1384 926 1527 962; x_wconf 90' lang='grc' dir='ltr'>ἀλλήλων·</span> <span class='ocrx_word' id='word_1_228' title='bbox 1550 925 1598 952; x_wconf 72' lang='grc' dir='ltr'>καὶ</span> <span class='ocrx_word' id='word_1_229' title='bbox 1619 926 1702 961; x_wconf 76' lang='grc' dir='ltr'>ἡμεῖς</span> <span class='ocrx_word' id='word_1_230' title='bbox 1726 926 1784 960; x_wconf 79' lang='grc' dir='ltr'>μὲν,</span> <span class='ocrx_word' id='word_1_231' title='bbox 1801 923 1826 953; x_wconf 83' lang='grc' dir='ltr'>ὧ</span> 
     </span>
    </p>
   </div>
   <div class='ocr_carea' id='block_1_32' title="bbox 191 974 980 1009">
    <p class='ocr_par' dir='ltr' id='par_1_32' title="bbox 191 974 980 1009">
     <span class='ocr_line' id='line_1_32' title="bbox 191 974 980 1009; baseline 0.001 -7"><span class='ocrx_word' id='word_1_232' title='bbox 191 976 232 1002; x_wconf 81' lang='lat' dir='ltr'><strong>Ne</strong></span> <span class='ocrx_word' id='word_1_233' title='bbox 249 980 338 1002; x_wconf 80' lang='lat' dir='ltr'><strong>tamen</strong></span> <span class='ocrx_word' id='word_1_234' title='bbox 364 982 459 1002; x_wconf 89' lang='lat' dir='ltr'><strong>eorum</strong></span> <span class='ocrx_word' id='word_1_235' title='bbox 476 982 537 1009; x_wconf 64' lang='lat' dir='ltr'><strong>quae</strong></span> <span class='ocrx_word' id='word_1_236' title='bbox 564 974 617 1001; x_wconf 92' lang='lat' dir='ltr'><strong>dici</strong></span> <span class='ocrx_word' id='word_1_237' title='bbox 639 974 741 1001; x_wconf 76' lang='lat' dir='ltr'><strong>debent</strong></span> <span class='ocrx_word' id='word_1_238' title='bbox 765 974 874 1002; x_wconf 88' lang='lat' dir='ltr'><strong>silentio</strong></span> <span class='ocrx_word' id='word_1_239' title='bbox 898 975 980 1003; x_wconf 88' lang='lat' dir='ltr'><strong>nobis</strong></span> 
     </span>
    </p>
   </div>
   <div class='ocr_carea' id='block_1_33' title="bbox 190 1020 980 1058">
    <p class='ocr_par' dir='ltr' id='par_1_33' title="bbox 190 1020 980 1058">
     <span class='ocr_line' id='line_1_33' title="bbox 190 1020 980 1058; baseline 0.004 -12"><span class='ocrx_word' id='word_1_240' title='bbox 190 1020 323 1054; x_wconf 84' lang='lat' dir='ltr'><strong>judicium</strong></span> <span class='ocrx_word' id='word_1_241' title='bbox 337 1027 526 1052; x_wconf 80' lang='lat' dir='ltr'><strong>accersamus;</strong></span> <span class='ocrx_word' id='word_1_242' title='bbox 539 1020 640 1047; x_wconf 88' lang='lat' dir='ltr'><strong>etenim</strong></span> <span class='ocrx_word' id='word_1_243' title='bbox 655 1020 804 1056; x_wconf 78' lang='lat' dir='ltr'><strong>Arguendo,</strong></span> <span class='ocrx_word' id='word_1_244' title='bbox 819 1021 866 1054; x_wconf 89' lang='lat' dir='ltr'><strong>ait,</strong></span> <span class='ocrx_word' id='word_1_245' title='bbox 883 1030 980 1058; x_wconf 69' lang='lat' dir='ltr'><strong>argues</strong></span> 
     </span>
    </p>
   </div>
   <div class='ocr_carea' id='block_1_34' title="bbox 188 1065 980 1100">
    <p class='ocr_par' dir='ltr' id='par_1_34' title="bbox 188 1065 980 1100">
     <span class='ocr_line' id='line_1_34' title="bbox 188 1065 980 1100; baseline 0.003 -9"><span class='ocrx_word' id='word_1_246' title='bbox 188 1066 337 1100; x_wconf 69' lang='lat' dir='ltr'><strong>proximum</strong></span> <span class='ocrx_word' id='word_1_247' title='bbox 361 1070 445 1097; x_wconf 88' lang='lat' dir='ltr'><strong>tuum,</strong></span> <span class='ocrx_word' id='word_1_248' title='bbox 475 1069 499 1092; x_wconf 85' lang='lat' dir='ltr'><strong>et</strong></span> <span class='ocrx_word' id='word_1_249' title='bbox 515 1073 565 1092; x_wconf 81' lang='lat' dir='ltr'><strong>non</strong></span> <span class='ocrx_word' id='word_1_250' title='bbox 586 1065 694 1092; x_wconf 72' lang='lat' dir='ltr'><strong>habebis</strong></span> <span class='ocrx_word' id='word_1_251' title='bbox 718 1073 797 1100; x_wconf 77' lang='lat' dir='ltr'><strong>super</strong></span> <span class='ocrx_word' id='word_1_252' title='bbox 813 1065 860 1092; x_wconf 74' lang='lat' dir='ltr'><strong>illo</strong></span> <span class='ocrx_word' id='word_1_253' title='bbox 885 1074 980 1100; x_wconf 79' lang='lat' dir='ltr'><strong>pecca-</strong></span> 
     </span>
    </p>
   </div>
   <div class='ocr_carea' id='block_1_35' title="bbox 189 1111 981 1147">
    <p class='ocr_par' dir='ltr' id='par_1_35' title="bbox 189 1111 981 1147">
     <span class='ocr_line' id='line_1_35' title="bbox 189 1111 981 1147; baseline 0.001 -10"><span class='ocrx_word' id='word_1_254' title='bbox 189 1111 288 1143; x_wconf 78' lang='lat' dir='ltr'><strong>tum&quot;,</strong></span> <span class='ocrx_word' id='word_1_255' title='bbox 312 1111 430 1138; x_wconf 89' lang='lat' dir='ltr'><strong>maxime</strong></span> <span class='ocrx_word' id='word_1_256' title='bbox 454 1118 516 1138; x_wconf 92' lang='lat' dir='ltr'><strong>cum</strong></span> <span class='ocrx_word' id='word_1_257' title='bbox 543 1111 695 1145; x_wconf 86' lang='lat' dir='ltr'><strong>sapientem</strong></span> <span class='ocrx_word' id='word_1_258' title='bbox 716 1116 861 1146; x_wconf 76' lang='lat' dir='ltr'><strong>arguentes</strong></span> <span class='ocrx_word' id='word_1_259' title='bbox 893 1111 981 1147; x_wconf 84' lang='lat' dir='ltr'><strong>magis</strong></span> 
     </span>
    </p>
   </div>
   <div class='ocr_carea' id='block_1_36' title="bbox 188 1155 981 1192">
    <p class='ocr_par' dir='ltr' id='par_1_36' title="bbox 188 1155 981 1192">
     <span class='ocr_line' id='line_1_36' title="bbox 188 1155 981 1192; baseline 0.001 -9"><span class='ocrx_word' id='word_1_260' title='bbox 188 1157 352 1192; x_wconf 85' lang='lat' dir='ltr'><strong>diligamur:</strong></span> <span class='ocrx_word' id='word_1_261' title='bbox 370 1155 557 1187; x_wconf 84' lang='lat' dir='ltr'><strong>necessarium</strong></span> <span class='ocrx_word' id='word_1_262' title='bbox 582 1156 711 1184; x_wconf 84' lang='lat' dir='ltr'><strong>duximus</strong></span> <span class='ocrx_word' id='word_1_263' title='bbox 736 1157 915 1192; x_wconf 77' lang='lat' dir='ltr'><strong>congruentia</strong></span> <span class='ocrx_word' id='word_1_264' title='bbox 932 1157 981 1184; x_wconf 87' lang='lat' dir='ltr'><strong>tibi</strong></span> 
     </span>
    </p>
   </div>
   <div class='ocr_carea' id='block_1_37' title="bbox 189 1200 981 1238">
    <p class='ocr_par' dir='ltr' id='par_1_37' title="bbox 189 1200 981 1238">
     <span class='ocr_line' id='line_1_37' title="bbox 189 1200 981 1238; baseline 0 -8"><span class='ocrx_word' id='word_1_265' title='bbox 189 1209 415 1230; x_wconf 83' lang='lat' dir='ltr'><strong>commemorare.</strong></span> <span class='ocrx_word' id='word_1_266' title='bbox 441 1200 492 1234; x_wconf 85' lang='lat' dir='ltr'><strong>Tu,</strong></span> <span class='ocrx_word' id='word_1_267' title='bbox 505 1202 615 1229; x_wconf 89' lang='lat' dir='ltr'><strong>domine</strong></span> <span class='ocrx_word' id='word_1_268' title='bbox 636 1202 684 1234; x_wconf 91' lang='lat' dir='ltr'><strong>mi,</strong></span> <span class='ocrx_word' id='word_1_269' title='bbox 703 1207 733 1229; x_wconf 89' lang='lat' dir='ltr'><strong>ut</strong></span> <span class='ocrx_word' id='word_1_270' title='bbox 757 1203 923 1238; x_wconf 87' lang='lat' dir='ltr'><strong>compendio</strong></span> <span class='ocrx_word' id='word_1_271' title='bbox 939 1203 981 1230; x_wconf 94' lang='lat' dir='ltr'><strong>di-</strong></span> 
     </span>
    </p>
   </div>
   <div class='ocr_carea' id='block_1_38' title="bbox 190 1248 980 1284">
    <p class='ocr_par' dir='ltr' id='par_1_38' title="bbox 190 1248 980 1284">
     <span class='ocr_line' id='line_1_38' title="bbox 190 1248 980 1284; baseline 0.001 -9"><span class='ocrx_word' id='word_1_272' title='bbox 190 1255 262 1279; x_wconf 87' lang='lat' dir='ltr'><strong>cam,</strong></span> <span class='ocrx_word' id='word_1_273' title='bbox 277 1248 507 1283; x_wconf 76' lang='lat' dir='ltr'><strong>interrogationes</strong></span> <span class='ocrx_word' id='word_1_274' title='bbox 522 1249 623 1276; x_wconf 90' lang='lat' dir='ltr'><strong>multas</strong></span> <span class='ocrx_word' id='word_1_275' title='bbox 638 1248 891 1284; x_wconf 88' lang='lat' dir='ltr'><strong>responsionesque</strong></span> <span class='ocrx_word' id='word_1_276' title='bbox 910 1257 980 1284; x_wconf 64' lang='lat' dir='ltr'><strong>prte-</strong></span> 
     </span>
    </p>
   </div>
   <div class='ocr_carea' id='block_1_39' title="bbox 190 1293 981 1328">
    <p class='ocr_par' dir='ltr' id='par_1_39' title="bbox 190 1293 981 1328">
     <span class='ocr_line' id='line_1_39' title="bbox 190 1293 981 1328; baseline 0 -7"><span class='ocrx_word' id='word_1_277' title='bbox 190 1293 296 1326; x_wconf 87' lang='lat' dir='ltr'><strong>cidens,</strong></span> <span class='ocrx_word' id='word_1_278' title='bbox 322 1294 381 1320; x_wconf 67' lang='lat' dir='ltr'><strong>haec</strong></span> <span class='ocrx_word' id='word_1_279' title='bbox 397 1293 489 1320; x_wconf 79' lang='lat' dir='ltr'><strong>dixisti</strong></span> <span class='ocrx_word' id='word_1_280' title='bbox 513 1301 520 1320; x_wconf 90' lang='lat'>:</span> <span class='ocrx_word' id='word_1_281' title='bbox 544 1293 604 1320; x_wconf 80' lang='lat' dir='ltr'><strong>Non</strong></span> <span class='ocrx_word' id='word_1_282' title='bbox 635 1293 735 1321; x_wconf 86' lang='lat' dir='ltr'><strong>debere</strong></span> <span class='ocrx_word' id='word_1_283' title='bbox 758 1293 909 1320; x_wconf 84' lang='lat' dir='ltr'><strong>antistitem</strong></span> <span class='ocrx_word' id='word_1_284' title='bbox 935 1293 981 1328; x_wconf 86' lang='lat' dir='ltr'><strong>qui</strong></span> 
     </span>
    </p>
   </div>
   <div class='ocr_carea' id='block_1_40' title="bbox 191 1338 981 1375">
    <p class='ocr_par' dir='ltr' id='par_1_40' title="bbox 191 1338 981 1375">
     <span class='ocr_line' id='line_1_40' title="bbox 191 1338 981 1375; baseline 0.001 -9"><span class='ocrx_word' id='word_1_285' title='bbox 191 1339 266 1375; x_wconf 87' lang='lat' dir='ltr'><strong>gregi</strong></span> <span class='ocrx_word' id='word_1_286' title='bbox 282 1339 384 1374; x_wconf 70' lang='lat' dir='ltr'><strong>praesit.</strong></span> <span class='ocrx_word' id='word_1_287' title='bbox 410 1344 486 1366; x_wconf 80' lang='lat' dir='ltr'><strong>extra</strong></span> <span class='ocrx_word' id='word_1_288' title='bbox 504 1338 566 1366; x_wconf 85' lang='lat' dir='ltr'><strong>ﬁdei</strong></span> <span class='ocrx_word' id='word_1_289' title='bbox 594 1346 715 1369; x_wconf 80' lang='lat' dir='ltr'><strong>causam.</strong></span> <span class='ocrx_word' id='word_1_290' title='bbox 744 1338 765 1366; x_wconf 88' lang='lat' dir='ltr'><strong>si</strong></span> <span class='ocrx_word' id='word_1_291' title='bbox 782 1339 847 1374; x_wconf 90' lang='lat' dir='ltr'><strong>quid</strong></span> <span class='ocrx_word' id='word_1_292' title='bbox 877 1339 906 1366; x_wconf 96' lang='lat' dir='ltr'><strong>in</strong></span> <span class='ocrx_word' id='word_1_293' title='bbox 921 1339 981 1367; x_wconf 85' lang='lat' dir='ltr'><strong>aliis</strong></span> 
     </span>
    </p>
   </div>
   <div class='ocr_carea' id='block_1_41' title="bbox 192 1384 982 1420">
    <p class='ocr_par' dir='ltr' id='par_1_41' title="bbox 192 1384 982 1420">
     <span class='ocr_line' id='line_1_41' title="bbox 192 1384 982 1420; baseline 0 -8"><span class='ocrx_word' id='word_1_294' title='bbox 192 1385 299 1413; x_wconf 91' lang='lat' dir='ltr'><strong>Domini</strong></span> <span class='ocrx_word' id='word_1_295' title='bbox 325 1384 461 1412; x_wconf 88' lang='lat' dir='ltr'><strong>mandatis</strong></span> <span class='ocrx_word' id='word_1_296' title='bbox 487 1385 531 1412; x_wconf 90' lang='lat' dir='ltr'><strong>vel</strong></span> <span class='ocrx_word' id='word_1_297' title='bbox 551 1385 719 1419; x_wconf 87' lang='lat' dir='ltr'><strong>imprudens,</strong></span> <span class='ocrx_word' id='word_1_298' title='bbox 744 1385 787 1412; x_wconf 88' lang='lat' dir='ltr'><strong>vel</strong></span> <span class='ocrx_word' id='word_1_299' title='bbox 812 1392 860 1412; x_wconf 88' lang='lat' dir='ltr'><strong>sua</strong></span> <span class='ocrx_word' id='word_1_300' title='bbox 886 1390 982 1420; x_wconf 80' lang='lat' dir='ltr'><strong>sponte</strong></span> 
     </span>
    </p>
   </div>
   <div class='ocr_carea' id='block_1_42' title="bbox 191 1430 982 1465">
    <p class='ocr_par' dir='ltr' id='par_1_42' title="bbox 191 1430 982 1465">
     <span class='ocr_line' id='line_1_42' title="bbox 191 1430 982 1465; baseline 0 -7"><span class='ocrx_word' id='word_1_301' title='bbox 191 1430 274 1458; x_wconf 82' lang='lat' dir='ltr'><strong>faciat</strong></span> <span class='ocrx_word' id='word_1_302' title='bbox 288 1430 359 1465; x_wconf 90' lang='lat' dir='ltr'><strong>quod</strong></span> <span class='ocrx_word' id='word_1_303' title='bbox 378 1430 491 1457; x_wconf 88' lang='lat' dir='ltr'><strong>vetitum</strong></span> <span class='ocrx_word' id='word_1_304' title='bbox 520 1430 565 1461; x_wconf 84' lang='lat' dir='ltr'><strong>sit.</strong></span> <span class='ocrx_word' id='word_1_305' title='bbox 590 1433 624 1457; x_wconf 89' lang='lat' dir='ltr'><strong>ab</strong></span> <span class='ocrx_word' id='word_1_306' title='bbox 645 1430 700 1457; x_wconf 81' lang='lat' dir='ltr'><strong>ullo</strong></span> <span class='ocrx_word' id='word_1_307' title='bbox 724 1430 885 1458; x_wconf 84' lang='lat' dir='ltr'><strong>admoneri:</strong></span> <span class='ocrx_word' id='word_1_308' title='bbox 902 1431 982 1458; x_wconf 87' lang='lat' dir='ltr'><strong>nobis</strong></span> 
     </span>
    </p>
   </div>
   <div class='ocr_carea' id='block_1_43' title="bbox 191 1475 983 1508">
    <p class='ocr_par' dir='ltr' id='par_1_43' title="bbox 191 1475 983 1508">
     <span class='ocr_line' id='line_1_43' title="bbox 191 1475 983 1508; baseline 0.001 -5"><span class='ocrx_word' id='word_1_309' title='bbox 191 1480 287 1503; x_wconf 89' lang='lat' dir='ltr'><strong>contra</strong></span> <span class='ocrx_word' id='word_1_310' title='bbox 314 1475 521 1508; x_wconf 78' lang='lat' dir='ltr'><strong>aliirmantibus,</strong></span> <span class='ocrx_word' id='word_1_311' title='bbox 553 1476 665 1503; x_wconf 90' lang='lat' dir='ltr'><strong>omnino</strong></span> <span class='ocrx_word' id='word_1_312' title='bbox 691 1476 802 1508; x_wconf 85' lang='lat' dir='ltr'><strong>debere,</strong></span> <span class='ocrx_word' id='word_1_313' title='bbox 829 1476 877 1503; x_wconf 89' lang='lat' dir='ltr'><strong>sed</strong></span> <span class='ocrx_word' id='word_1_314' title='bbox 899 1477 934 1504; x_wconf 89' lang='lat' dir='ltr'><strong>ab</strong></span> <span class='ocrx_word' id='word_1_315' title='bbox 950 1476 983 1504; x_wconf 92' lang='lat' dir='ltr'><strong>iis</strong></span> 
     </span>
    </p>
   </div>
   <div class='ocr_carea' id='block_1_44' title="bbox 190 1521 983 1556">
    <p class='ocr_par' dir='ltr' id='par_1_44' title="bbox 190 1521 983 1556">
     <span class='ocr_line' id='line_1_44' title="bbox 190 1521 983 1556; baseline 0 -8"><span class='ocrx_word' id='word_1_316' title='bbox 190 1521 237 1556; x_wconf 91' lang='lat' dir='ltr'><strong>qui</strong></span> <span class='ocrx_word' id='word_1_317' title='bbox 255 1521 328 1548; x_wconf 89' lang='lat' dir='ltr'><strong>inter</strong></span> <span class='ocrx_word' id='word_1_318' title='bbox 342 1521 411 1548; x_wconf 87' lang='lat' dir='ltr'><strong>alios</strong></span> <span class='ocrx_word' id='word_1_319' title='bbox 431 1521 546 1548; x_wconf 87' lang='lat' dir='ltr'><strong>scientia</strong></span> <span class='ocrx_word' id='word_1_320' title='bbox 560 1525 588 1548; x_wconf 91' lang='lat' dir='ltr'><strong>et</strong></span> <span class='ocrx_word' id='word_1_321' title='bbox 611 1521 756 1556; x_wconf 84' lang='lat' dir='ltr'><strong>prudentia</strong></span> <span class='ocrx_word' id='word_1_322' title='bbox 775 1521 906 1549; x_wconf 87' lang='lat' dir='ltr'><strong>eminent.</strong></span> <span class='ocrx_word' id='word_1_323' title='bbox 924 1521 983 1549; x_wconf 91' lang='lat' dir='ltr'><strong>Un-</strong></span> 
     </span>
    </p>
   </div>
   <div class='ocr_carea' id='block_1_45' title="bbox 191 1566 983 1602">
    <p class='ocr_par' dir='ltr' id='par_1_45' title="bbox 191 1566 983 1602">
     <span class='ocr_line' id='line_1_45' title="bbox 191 1566 983 1602; baseline 0 -8"><span class='ocrx_word' id='word_1_324' title='bbox 191 1567 290 1595; x_wconf 87' lang='lat' dir='ltr'><strong>denam</strong></span> <span class='ocrx_word' id='word_1_325' title='bbox 305 1575 370 1594; x_wconf 88' lang='lat' dir='ltr'><strong>vero</strong></span> <span class='ocrx_word' id='word_1_326' title='bbox 381 1566 446 1594; x_wconf 91' lang='lat' dir='ltr'><strong>dicti</strong></span> <span class='ocrx_word' id='word_1_327' title='bbox 459 1567 542 1602; x_wconf 82' lang='lat' dir='ltr'><strong>hujus</strong></span> <span class='ocrx_word' id='word_1_328' title='bbox 555 1567 751 1594; x_wconf 86' lang='lat' dir='ltr'><strong>absurditatem</strong></span> <span class='ocrx_word' id='word_1_329' title='bbox 767 1567 815 1594; x_wconf 92' lang='lat' dir='ltr'><strong>tibi</strong></span> <span class='ocrx_word' id='word_1_330' title='bbox 830 1575 885 1594; x_wconf 93' lang='lat' dir='ltr'><strong>non</strong></span> <span class='ocrx_word' id='word_1_331' title='bbox 894 1572 983 1595; x_wconf 82' lang='lat' dir='ltr'><strong>osten-</strong></span> 
     </span>
    </p>
   </div>
   <div class='ocr_carea' id='block_1_46' title="bbox 1029 971 1825 1007">
    <p class='ocr_par' dir='ltr' id='par_1_46' title="bbox 1029 971 1825 1007">
     <span class='ocr_line' id='line_1_46' title="bbox 1029 971 1825 1007; baseline -0.004 -7"><span class='ocrx_word' id='word_1_332' title='bbox 1029 973 1147 1000; x_wconf 76' lang='grc' dir='ltr'><strong>δέσποτα</strong></span> <span class='ocrx_word' id='word_1_333' title='bbox 1160 992 1168 1006; x_wconf 89' lang='grc'><strong>,</strong></span> <span class='ocrx_word' id='word_1_334' title='bbox 1190 972 1378 1005; x_wconf 78' lang='grc' dir='ltr'>ίδιωτίζοντες,</span> <span class='ocrx_word' id='word_1_335' title='bbox 1392 972 1424 999; x_wconf 85' lang='grc' dir='ltr'>οὐ</span> <span class='ocrx_word' id='word_1_336' title='bbox 1440 971 1550 1002; x_wconf 83' lang='grc' dir='ltr'>πάντως</span> <span class='ocrx_word' id='word_1_337' title='bbox 1566 971 1639 998; x_wconf 81' lang='grc' dir='ltr'><strong>κατά</strong></span> <span class='ocrx_word' id='word_1_338' title='bbox 1652 971 1704 1006; x_wconf 87' lang='grc' dir='ltr'><strong>τὴν</strong></span> <span class='ocrx_word' id='word_1_339' title='bbox 1719 971 1825 1007; x_wconf 78' lang='grc' dir='ltr'>παροῦ-</span> 
     </span>
    </p>
   </div>
   <div class='ocr_carea' id='block_1_47' title="bbox 1031 1015 1826 1051">
    <p class='ocr_par' dir='ltr' id='par_1_47' title="bbox 1031 1015 1826 1051">
     <span class='ocr_line' id='line_1_47' title="bbox 1031 1015 1826 1051; baseline -0.003 -8"><span class='ocrx_word' id='word_1_340' title='bbox 1031 1017 1081 1044; x_wconf 83' lang='grc' dir='ltr'>σάν</span> <span class='ocrx_word' id='word_1_341' title='bbox 1100 1025 1148 1043; x_wconf 89' lang='grc' dir='ltr'><strong>σου</strong></span> <span class='ocrx_word' id='word_1_342' title='bbox 1166 1017 1267 1051; x_wconf 82' lang='grc' dir='ltr'>σοφίαν</span> <span class='ocrx_word' id='word_1_343' title='bbox 1294 1016 1497 1051; x_wconf 79' lang='grc' dir='ltr'>ὑπαντήσομεν.</span> <span class='ocrx_word' id='word_1_344' title='bbox 1513 1015 1573 1042; x_wconf 80' lang='grc' dir='ltr'>Ἵνα</span> <span class='ocrx_word' id='word_1_345' title='bbox 1585 1015 1614 1042; x_wconf 73' lang='grc' dir='ltr'>δὲ</span> <span class='ocrx_word' id='word_1_346' title='bbox 1629 1015 1668 1051; x_wconf 84' lang='grc' dir='ltr'><strong>μὴ</strong></span> <span class='ocrx_word' id='word_1_347' title='bbox 1680 1017 1713 1051; x_wconf 82' lang='grc' dir='ltr'>τῇ</span> <span class='ocrx_word' id='word_1_348' title='bbox 1727 1016 1826 1050; x_wconf 81' lang='grc' dir='ltr'>ἐφησυ-</span> 
     </span>
    </p>
   </div>
   <div class='ocr_carea' id='block_1_48' title="bbox 1030 1061 1825 1098">
    <p class='ocr_par' dir='ltr' id='par_1_48' title="bbox 1030 1061 1825 1098">
     <span class='ocr_line' id='line_1_48' title="bbox 1030 1061 1825 1098; baseline -0.003 -8"><span class='ocrx_word' id='word_1_349' title='bbox 1030 1063 1108 1098; x_wconf 82' lang='grc' dir='ltr'>χάσει</span> <span class='ocrx_word' id='word_1_350' title='bbox 1135 1063 1191 1090; x_wconf 86' lang='grc' dir='ltr'>τῶν</span> <span class='ocrx_word' id='word_1_351' title='bbox 1221 1062 1405 1097; x_wconf 83' lang='grc' dir='ltr'><strong>ὀφειλομένων</strong></span> <span class='ocrx_word' id='word_1_352' title='bbox 1428 1061 1581 1097; x_wconf 79' lang='grc' dir='ltr'>λαληθῆναι</span> <span class='ocrx_word' id='word_1_353' title='bbox 1606 1062 1693 1097; x_wconf 72' lang='grc' dir='ltr'>κρίμα</span> <span class='ocrx_word' id='word_1_354' title='bbox 1718 1062 1825 1094; x_wconf 75' lang='grc' dir='ltr'><strong>ἑαυτοῖς</strong></span> 
     </span>
    </p>
   </div>
   <div class='ocr_carea' id='block_1_49' title="bbox 1030 1106 1826 1144">
    <p class='ocr_par' dir='ltr' id='par_1_49' title="bbox 1030 1106 1826 1144">
     <span class='ocr_line' id='line_1_49' title="bbox 1030 1106 1826 1144; baseline -0.004 -8"><span class='ocrx_word' id='word_1_355' title='bbox 1030 1109 1229 1144; x_wconf 80' lang='grc' dir='ltr'>ἀπενέγκοιμεν</span> <span class='ocrx_word' id='word_1_356' title='bbox 1249 1107 1398 1144; x_wconf 71' lang='grc' dir='ltr'>(Ἐλεγμῷ</span> <span class='ocrx_word' id='word_1_357' title='bbox 1424 1107 1490 1142; x_wconf 83' lang='grc' dir='ltr'>γὰρ,</span> <span class='ocrx_word' id='word_1_358' title='bbox 1511 1107 1605 1142; x_wconf 75' lang='grc' dir='ltr'>φησὶν,</span> <span class='ocrx_word' id='word_1_359' title='bbox 1622 1106 1757 1142; x_wconf 56' lang='lat' dir='ltr'><strong>eleg-Este</strong></span> <span class='ocrx_word' id='word_1_360' title='bbox 1771 1107 1826 1134; x_wconf 73' lang='grc' dir='ltr'><strong>τὸν</strong></span> 
     </span>
    </p>
   </div>
   <div class='ocr_carea' id='block_1_50' title="bbox 1031 1153 1825 1188">
    <p class='ocr_par' dir='ltr' id='par_1_50' title="bbox 1031 1153 1825 1188">
     <span class='ocr_line' id='line_1_50' title="bbox 1031 1153 1825 1188; baseline -0.004 -6"><span class='ocrx_word' id='word_1_361' title='bbox 1031 1155 1166 1188; x_wconf 78' lang='grc' dir='ltr'>πλησίον</span> <span class='ocrx_word' id='word_1_362' title='bbox 1197 1161 1266 1186; x_wconf 83' lang='grc' dir='ltr'>σου,</span> <span class='ocrx_word' id='word_1_363' title='bbox 1292 1154 1342 1181; x_wconf 79' lang='grc' dir='ltr'>καὶ</span> <span class='ocrx_word' id='word_1_364' title='bbox 1373 1154 1409 1181; x_wconf 82' lang='grc' dir='ltr'>οὐ</span> <span class='ocrx_word' id='word_1_365' title='bbox 1441 1153 1529 1187; x_wconf 72' lang='grc' dir='ltr'><strong><em>λήψῃ</em></strong></span> <span class='ocrx_word' id='word_1_366' title='bbox 1561 1153 1598 1180; x_wconf 78' lang='grc' dir='ltr'>δι’</span> <span class='ocrx_word' id='word_1_367' title='bbox 1622 1153 1716 1180; x_wconf 76' lang='grc' dir='ltr'>αὐτὸν</span> <span class='ocrx_word' id='word_1_368' title='bbox 1731 1153 1825 1187; x_wconf 76' lang='grc' dir='ltr'>ἀμαρ-</span> 
     </span>
    </p>
   </div>
   <div class='ocr_carea' id='block_1_51' title="bbox 1031 1199 1826 1234">
    <p class='ocr_par' dir='ltr' id='par_1_51' title="bbox 1031 1199 1826 1234">
     <span class='ocr_line' id='line_1_51' title="bbox 1031 1199 1826 1234; baseline -0.003 -7"><span class='ocrx_word' id='word_1_369' title='bbox 1031 1201 1126 1234; x_wconf 79' lang='grc' dir='ltr'>τίιιν),</span> <span class='ocrx_word' id='word_1_370' title='bbox 1145 1201 1233 1232; x_wconf 77' lang='grc' dir='ltr'>ἄλλως</span> <span class='ocrx_word' id='word_1_371' title='bbox 1256 1208 1286 1226; x_wconf 85' lang='grc' dir='ltr'><strong>τε</strong></span> <span class='ocrx_word' id='word_1_372' title='bbox 1309 1200 1351 1226; x_wconf 81' lang='grc' dir='ltr'>ὃτι</span> <span class='ocrx_word' id='word_1_373' title='bbox 1373 1199 1421 1226; x_wconf 73' lang='grc' dir='ltr'>καὶ</span> <span class='ocrx_word' id='word_1_374' title='bbox 1445 1199 1527 1233; x_wconf 67' lang='grc' dir='ltr'>σοφὸν</span> <span class='ocrx_word' id='word_1_375' title='bbox 1543 1199 1701 1234; x_wconf 71' lang='grc' dir='ltr'><strong>ἐλέγχοντες</strong></span> <span class='ocrx_word' id='word_1_376' title='bbox 1723 1199 1826 1234; x_wconf 76' lang='grc' dir='ltr'>μᾶλλον</span> 
     </span>
    </p>
   </div>
   <div class='ocr_carea' id='block_1_52' title="bbox 1031 1245 1826 1282">
    <p class='ocr_par' dir='ltr' id='par_1_52' title="bbox 1031 1245 1826 1282">
     <span class='ocr_line' id='line_1_52' title="bbox 1031 1245 1826 1282; baseline -0.003 -8"><span class='ocrx_word' id='word_1_377' title='bbox 1031 1247 1278 1282; x_wconf 83' lang='grc' dir='ltr'>ἀγαπηθησόμεθα,</span> <span class='ocrx_word' id='word_1_378' title='bbox 1309 1247 1459 1280; x_wconf 85' lang='grc' dir='ltr'>ἀναγκαῖον</span> <span class='ocrx_word' id='word_1_379' title='bbox 1477 1246 1608 1282; x_wconf 73' lang='grc' dir='ltr'>ᾠήθημεν</span> <span class='ocrx_word' id='word_1_380' title='bbox 1625 1245 1826 1281; x_wconf 74' lang='grc' dir='ltr'>προσφωνῆσαι</span> 
     </span>
    </p>
   </div>
   <div class='ocr_carea' id='block_1_53' title="bbox 1033 1291 1827 1327">
    <p class='ocr_par' dir='ltr' id='par_1_53' title="bbox 1033 1291 1827 1327">
     <span class='ocr_line' id='line_1_53' title="bbox 1033 1291 1827 1327; baseline -0.004 -7"><span class='ocrx_word' id='word_1_381' title='bbox 1033 1301 1075 1320; x_wconf 89' lang='grc' dir='ltr'><strong>σοι</strong></span> <span class='ocrx_word' id='word_1_382' title='bbox 1093 1293 1128 1319; x_wconf 85' lang='grc' dir='ltr'><strong>τὰ</strong></span> <span class='ocrx_word' id='word_1_383' title='bbox 1155 1292 1346 1319; x_wconf 77' lang='grc' dir='ltr'>ἐπιϐάλλοντα.</span> <span class='ocrx_word' id='word_1_384' title='bbox 1370 1292 1401 1318; x_wconf 84' lang='lat'><strong>‘0</strong></span> <span class='ocrx_word' id='word_1_385' title='bbox 1420 1291 1518 1327; x_wconf 85' lang='grc' dir='ltr'>κύριός</span> <span class='ocrx_word' id='word_1_386' title='bbox 1541 1300 1603 1326; x_wconf 82' lang='grc' dir='ltr'>μου,</span> <span class='ocrx_word' id='word_1_387' title='bbox 1617 1291 1662 1318; x_wconf 77' lang='grc' dir='ltr'>ἶνα</span> <span class='ocrx_word' id='word_1_388' title='bbox 1685 1291 1827 1326; x_wconf 74' lang='grc' dir='ltr'><strong>συντόμως</strong></span> 
     </span>
    </p>
   </div>
   <div class='ocr_carea' id='block_1_54' title="bbox 1032 1336 1823 1375">
    <p class='ocr_par' dir='ltr' id='par_1_54' title="bbox 1032 1336 1823 1375">
     <span class='ocr_line' id='line_1_54' title="bbox 1032 1336 1823 1375; baseline -0.004 -10"><span class='ocrx_word' id='word_1_389' title='bbox 1032 1338 1098 1375; x_wconf 78' lang='grc' dir='ltr'>ἐρῶ,</span> <span class='ocrx_word' id='word_1_390' title='bbox 1116 1338 1167 1370; x_wconf 85' lang='grc' dir='ltr'><strong>τὰς</strong></span> <span class='ocrx_word' id='word_1_391' title='bbox 1188 1337 1290 1370; x_wconf 86' lang='grc' dir='ltr'>πολλὰς</span> <span class='ocrx_word' id='word_1_392' title='bbox 1311 1337 1424 1369; x_wconf 84' lang='grc' dir='ltr'><strong>πεύσεις</strong></span> <span class='ocrx_word' id='word_1_393' title='bbox 1454 1338 1501 1364; x_wconf 81' lang='grc' dir='ltr'>καὶ</span> <span class='ocrx_word' id='word_1_394' title='bbox 1525 1337 1702 1372; x_wconf 68' lang='grc' dir='ltr'>ἀντιρρήσεις</span> <span class='ocrx_word' id='word_1_395' title='bbox 1726 1336 1823 1363; x_wconf 75' lang='grc' dir='ltr'>ἐπισυ-</span> 
     </span>
    </p>
   </div>
   <div class='ocr_carea' id='block_1_55' title="bbox 1034 1382 1823 1420">
    <p class='ocr_par' dir='ltr' id='par_1_55' title="bbox 1034 1382 1823 1420">
     <span class='ocr_line' id='line_1_55' title="bbox 1034 1382 1823 1420; baseline -0.005 -8"><span class='ocrx_word' id='word_1_396' title='bbox 1034 1385 1151 1412; x_wconf 85' lang='grc' dir='ltr'>στέλλων</span> <span class='ocrx_word' id='word_1_397' title='bbox 1160 1405 1167 1417; x_wconf 82' lang='lat'><strong>,</strong></span> <span class='ocrx_word' id='word_1_398' title='bbox 1183 1384 1302 1420; x_wconf 75' lang='grc' dir='ltr'>ἔφησθα,</span> <span class='ocrx_word' id='word_1_399' title='bbox 1317 1384 1356 1416; x_wconf 87' lang='grc' dir='ltr'><strong>ὡς</strong></span> <span class='ocrx_word' id='word_1_400' title='bbox 1367 1384 1397 1410; x_wconf 86' lang='grc' dir='ltr'>οὐ</span> <span class='ocrx_word' id='word_1_401' title='bbox 1415 1383 1468 1419; x_wconf 80' lang='grc' dir='ltr'>χρὴ</span> <span class='ocrx_word' id='word_1_402' title='bbox 1482 1383 1528 1410; x_wconf 72' lang='grc' dir='ltr'>τὸν</span> <span class='ocrx_word' id='word_1_403' title='bbox 1542 1382 1705 1418; x_wconf 78' lang='grc' dir='ltr'>προεστῶτα</span> <span class='ocrx_word' id='word_1_404' title='bbox 1712 1390 1823 1417; x_wconf 79' lang='grc' dir='ltr'>ποιμεν-</span> 
     </span>
    </p>
   </div>
   <div class='ocr_carea' id='block_1_56' title="bbox 1033 1428 1827 1468">
    <p class='ocr_par' dir='ltr' id='par_1_56' title="bbox 1033 1428 1827 1468">
     <span class='ocr_line' id='line_1_56' title="bbox 1033 1428 1827 1468; baseline -0.005 -9"><span class='ocrx_word' id='word_1_405' title='bbox 1033 1432 1131 1468; x_wconf 82' lang='grc' dir='ltr'>ἀρχην,</span> <span class='ocrx_word' id='word_1_406' title='bbox 1146 1432 1213 1467; x_wconf 82' lang='grc' dir='ltr'>ἀτερ</span> <span class='ocrx_word' id='word_1_407' title='bbox 1236 1430 1366 1464; x_wconf 86' lang='grc' dir='ltr'>πίστεως,</span> <span class='ocrx_word' id='word_1_408' title='bbox 1383 1430 1432 1457; x_wconf 73' lang='grc' dir='ltr'><strong>ἐπὶ</strong></span> <span class='ocrx_word' id='word_1_409' title='bbox 1447 1430 1508 1461; x_wconf 74' lang='grc' dir='ltr'>ταῖς</span> <span class='ocrx_word' id='word_1_410' title='bbox 1534 1429 1628 1460; x_wconf 73' lang='grc' dir='ltr'>ἄλλαις</span> <span class='ocrx_word' id='word_1_411' title='bbox 1643 1429 1764 1461; x_wconf 81' lang='grc' dir='ltr'>ἐντολαῑς</span> <span class='ocrx_word' id='word_1_412' title='bbox 1777 1428 1827 1456; x_wconf 85' lang='grc' dir='ltr'><strong>τοῦ</strong></span> 
     </span>
    </p>
   </div>
   <div class='ocr_carea' id='block_1_57' title="bbox 1034 1473 1828 1512">
    <p class='ocr_par' dir='ltr' id='par_1_57' title="bbox 1034 1473 1828 1512">
     <span class='ocr_line' id='line_1_57' title="bbox 1034 1473 1828 1512; baseline -0.005 -8"><span class='ocrx_word' id='word_1_413' title='bbox 1034 1477 1149 1512; x_wconf 86' lang='grc' dir='ltr'>Κυρίου,</span> <span class='ocrx_word' id='word_1_414' title='bbox 1166 1476 1238 1503; x_wconf 81' lang='grc' dir='ltr'>κατὰ</span> <span class='ocrx_word' id='word_1_415' title='bbox 1255 1475 1369 1510; x_wconf 74' lang='grc' dir='ltr'>ἄγνοιαν</span> <span class='ocrx_word' id='word_1_416' title='bbox 1388 1475 1405 1511; x_wconf 78' lang='grc' dir='ltr'>ἢ</span> <span class='ocrx_word' id='word_1_417' title='bbox 1427 1475 1549 1502; x_wconf 70' lang='grc' dir='ltr'>ἐθελοντὶ</span> <span class='ocrx_word' id='word_1_418' title='bbox 1564 1474 1720 1510; x_wconf 77' lang='grc' dir='ltr'>πράττοντά.</span> <span class='ocrx_word' id='word_1_419' title='bbox 1731 1482 1759 1500; x_wconf 90' lang='grc' dir='ltr'><strong>τι</strong></span> <span class='ocrx_word' id='word_1_420' title='bbox 1772 1473 1828 1500; x_wconf 79' lang='grc' dir='ltr'>τῶν</span> 
     </span>
    </p>
   </div>
   <div class='ocr_carea' id='block_1_58' title="bbox 1003 1518 1827 1565">
    <p class='ocr_par' dir='ltr' id='par_1_58' title="bbox 1003 1518 1827 1565">
     <span class='ocr_line' id='line_1_58' title="bbox 1003 1518 1827 1565; baseline -0.005 -16"><span class='ocrx_word' id='word_1_421' title='bbox 1003 1551 1012 1565; x_wconf 58' lang='grc'><strong><em>.</em></strong></span> <span class='ocrx_word' id='word_1_422' title='bbox 1034 1520 1355 1557; x_wconf 84' lang='grc' dir='ltr'>ἀπηγορευμένων,πρός</span> <span class='ocrx_word' id='word_1_423' title='bbox 1370 1528 1444 1552; x_wconf 85' lang='grc' dir='ltr'>τινος</span> <span class='ocrx_word' id='word_1_424' title='bbox 1459 1518 1730 1555; x_wconf 79' lang='grc' dir='ltr'>ὑπομιμνήσκεσθαι,</span> <span class='ocrx_word' id='word_1_425' title='bbox 1745 1518 1827 1554; x_wconf 83' lang='grc' dir='ltr'>ἡμῶν</span> 
     </span>
    </p>
   </div>
   <div class='ocr_carea' id='block_1_59' title="bbox 1035 1566 1824 1602">
    <p class='ocr_par' dir='ltr' id='par_1_59' title="bbox 1035 1566 1824 1602">
     <span class='ocr_line' id='line_1_59' title="bbox 1035 1566 1824 1602; baseline -0.003 -7"><span class='ocrx_word' id='word_1_426' title='bbox 1035 1568 1179 1602; x_wconf 81' lang='grc' dir='ltr'>λεγόντων,</span> <span class='ocrx_word' id='word_1_427' title='bbox 1201 1567 1242 1594; x_wconf 80' lang='grc' dir='ltr'>ὅτι</span> <span class='ocrx_word' id='word_1_428' title='bbox 1266 1568 1315 1594; x_wconf 81' lang='grc' dir='ltr'>καὶ</span> <span class='ocrx_word' id='word_1_429' title='bbox 1337 1566 1425 1602; x_wconf 75' lang='grc' dir='ltr'>μάλαο</span> <span class='ocrx_word' id='word_1_430' title='bbox 1437 1566 1494 1594; x_wconf 82' lang='grc' dir='ltr'>ἀλλ’</span> <span class='ocrx_word' id='word_1_431' title='bbox 1509 1566 1563 1593; x_wconf 81' lang='grc' dir='ltr'><strong>ὑπὸ</strong></span> <span class='ocrx_word' id='word_1_432' title='bbox 1579 1566 1634 1593; x_wconf 84' lang='grc' dir='ltr'>τῶν</span> <span class='ocrx_word' id='word_1_433' title='bbox 1648 1567 1824 1602; x_wconf 78' lang='grc' dir='ltr'>προεχόντων</span> 
     </span>
    </p>
   </div>
   <div class='ocr_carea' id='block_1_60' title="bbox 191 1603 982 1648">
    <p class='ocr_par' dir='ltr' id='par_1_60' title="bbox 191 1611 979 1648">
     <span class='ocr_line' id='line_1_60' title="bbox 191 1611 979 1648; baseline -0.001 -8"><span class='ocrx_word' id='word_1_434' title='bbox 191 1613 310 1640; x_wconf 82' lang='lat' dir='ltr'><strong>demus?</strong></span> <span class='ocrx_word' id='word_1_435' title='bbox 334 1612 456 1640; x_wconf 86' lang='lat' dir='ltr'><strong>Primum</strong></span> <span class='ocrx_word' id='word_1_436' title='bbox 483 1613 593 1648; x_wconf 89' lang='lat' dir='ltr'><strong>quidem</strong></span> <span class='ocrx_word' id='word_1_437' title='bbox 615 1620 649 1640; x_wconf 90' lang='lat' dir='ltr'><strong>ex</strong></span> <span class='ocrx_word' id='word_1_438' title='bbox 673 1611 763 1639; x_wconf 85' lang='lat' dir='ltr'><strong>Veteri</strong></span> <span class='ocrx_word' id='word_1_439' title='bbox 789 1612 979 1641; x_wconf 87' lang='lat' dir='ltr'><strong>Testamento.</strong></span> 
     </span>
    </p>
   </div>
   <div class='ocr_carea' id='block_1_61' title="bbox 1034 1603 1829 1648">
    <p class='ocr_par' dir='ltr' id='par_1_61' title="bbox 1035 1612 1829 1648">
     <span class='ocr_line' id='line_1_61' title="bbox 1035 1612 1829 1648; baseline -0.001 -8"><span class='ocrx_word' id='word_1_440' title='bbox 1035 1615 1065 1640; x_wconf 86' lang='grc' dir='ltr'><strong>ἐν</strong></span> <span class='ocrx_word' id='word_1_441' title='bbox 1079 1613 1178 1648; x_wconf 77' lang='grc' dir='ltr'>γνώσει</span> <span class='ocrx_word' id='word_1_442' title='bbox 1195 1614 1243 1640; x_wconf 83' lang='grc' dir='ltr'>καὶ</span> <span class='ocrx_word' id='word_1_443' title='bbox 1259 1614 1368 1640; x_wconf 83' lang='grc' dir='ltr'>συνέσει</span> <span class='ocrx_word' id='word_1_444' title='bbox 1382 1612 1460 1648; x_wconf 86' lang='grc' dir='ltr'><strong>παρά</strong></span> <span class='ocrx_word' id='word_1_445' title='bbox 1478 1613 1543 1644; x_wconf 81' lang='grc' dir='ltr'>τοὺς</span> <span class='ocrx_word' id='word_1_446' title='bbox 1559 1613 1667 1644; x_wconf 79' lang='grc' dir='ltr'>ἄλλους.</span> <span class='ocrx_word' id='word_1_447' title='bbox 1686 1613 1742 1639; x_wconf 82' lang='grc' dir='ltr'><strong>Καὶ</strong></span> <span class='ocrx_word' id='word_1_448' title='bbox 1758 1613 1829 1648; x_wconf 78' lang='grc' dir='ltr'>πρὸς</span> 
     </span>
    </p>
   </div>
   <div class='ocr_carea' id='block_1_62' title="bbox 191 1658 1009 1694">
    <p class='ocr_par' dir='ltr' id='par_1_62' title="bbox 191 1658 1009 1694">
     <span class='ocr_line' id='line_1_62' title="bbox 191 1658 1009 1694; baseline 0.001 -9"><span class='ocrx_word' id='word_1_449' title='bbox 191 1658 261 1692; x_wconf 83' lang='lat' dir='ltr'><strong>Quid</strong></span> <span class='ocrx_word' id='word_1_450' title='bbox 271 1659 343 1687; x_wconf 90' lang='lat' dir='ltr'><strong>enim</strong></span> <span class='ocrx_word' id='word_1_451' title='bbox 360 1659 394 1686; x_wconf 88' lang='lat' dir='ltr'><strong>de</strong></span> <span class='ocrx_word' id='word_1_452' title='bbox 410 1659 521 1686; x_wconf 88' lang='lat' dir='ltr'><strong>Daniele</strong></span> <span class='ocrx_word' id='word_1_453' title='bbox 540 1659 660 1687; x_wconf 83' lang='lat' dir='ltr'><strong>censes?</strong></span> <span class='ocrx_word' id='word_1_454' title='bbox 679 1659 720 1686; x_wconf 87' lang='lat' dir='ltr'><strong>An</strong></span> <span class='ocrx_word' id='word_1_455' title='bbox 735 1659 868 1691; x_wconf 84' lang='lat' dir='ltr'><strong>seniores,</strong></span> <span class='ocrx_word' id='word_1_456' title='bbox 886 1667 983 1694; x_wconf 86' lang='lat' dir='ltr'><strong>qnam-</strong></span> <span class='ocrx_word' id='word_1_457' title='bbox 999 1679 1009 1691; x_wconf 87' lang='lat'><strong>,</strong></span> 
     </span>
    </p>
   </div>
   <div class='ocr_carea' id='block_1_63' title="bbox 191 1704 982 1739">
    <p class='ocr_par' dir='ltr' id='par_1_63' title="bbox 191 1704 982 1739">
     <span class='ocr_line' id='line_1_63' title="bbox 191 1704 982 1739; baseline 0.001 -8"><span class='ocrx_word' id='word_1_458' title='bbox 191 1704 233 1731; x_wconf 92' lang='lat' dir='ltr'><strong>vis</strong></span> <span class='ocrx_word' id='word_1_459' title='bbox 246 1712 277 1731; x_wconf 85' lang='lat' dir='ltr'><strong>ea</strong></span> <span class='ocrx_word' id='word_1_460' title='bbox 290 1705 412 1732; x_wconf 90' lang='lat' dir='ltr'><strong>nondum</strong></span> <span class='ocrx_word' id='word_1_461' title='bbox 427 1708 508 1731; x_wconf 66' lang='lat' dir='ltr'><strong>aetate</strong></span> <span class='ocrx_word' id='word_1_462' title='bbox 523 1712 584 1739; x_wconf 68' lang='lat' dir='ltr'><strong>qua:</strong></span> <span class='ocrx_word' id='word_1_463' title='bbox 602 1704 748 1739; x_wconf 76' lang='lat' dir='ltr'><strong>legitimam</strong></span> <span class='ocrx_word' id='word_1_464' title='bbox 762 1704 889 1739; x_wconf 90' lang='lat' dir='ltr'><strong>loquendi</strong></span> <span class='ocrx_word' id='word_1_465' title='bbox 899 1705 982 1732; x_wconf 88' lang='lat' dir='ltr'><strong>liber-</strong></span> 
     </span>
    </p>
   </div>
   <div class='ocr_carea' id='block_1_64' title="bbox 191 1748 984 1781">
    <p class='ocr_par' dir='ltr' id='par_1_64' title="bbox 191 1748 984 1781">
     <span class='ocr_line' id='line_1_64' title="bbox 191 1748 984 1781; baseline -0.001 -4"><span class='ocrx_word' id='word_1_466' title='bbox 191 1753 276 1777; x_wconf 88' lang='lat' dir='ltr'><strong>tatem</strong></span> <span class='ocrx_word' id='word_1_467' title='bbox 299 1749 385 1781; x_wconf 83' lang='lat' dir='ltr'><strong>daret,</strong></span> <span class='ocrx_word' id='word_1_468' title='bbox 407 1748 434 1775; x_wconf 93' lang='lat' dir='ltr'><strong>in</strong></span> <span class='ocrx_word' id='word_1_469' title='bbox 458 1748 559 1776; x_wconf 75' lang='lat' dir='ltr'><strong>divinae</strong></span> <span class='ocrx_word' id='word_1_470' title='bbox 593 1748 728 1776; x_wconf 63' lang='lat' dir='ltr'><strong>Susanna;</strong></span> <span class='ocrx_word' id='word_1_471' title='bbox 754 1749 984 1777; x_wconf 88' lang='lat' dir='ltr'><strong>condemnatione</strong></span> 
     </span>
    </p>
   </div>
   <div class='ocr_carea' id='block_1_65' title="bbox 192 1794 983 1830">
    <p class='ocr_par' dir='ltr' id='par_1_65' title="bbox 192 1794 983 1830">
     <span class='ocr_line' id='line_1_65' title="bbox 192 1794 983 1830; baseline 0.003 -9"><span class='ocrx_word' id='word_1_472' title='bbox 192 1795 418 1830; x_wconf 72' lang='lat' dir='ltr'><strong>praevaricantes,</strong></span> <span class='ocrx_word' id='word_1_473' title='bbox 431 1802 484 1821; x_wconf 87' lang='lat' dir='ltr'><strong>non</strong></span> <span class='ocrx_word' id='word_1_474' title='bbox 503 1794 591 1821; x_wconf 88' lang='lat' dir='ltr'><strong>solum</strong></span> <span class='ocrx_word' id='word_1_475' title='bbox 607 1795 768 1826; x_wconf 84' lang='lat' dir='ltr'><strong>admonens,</strong></span> <span class='ocrx_word' id='word_1_476' title='bbox 792 1803 888 1822; x_wconf 84' lang='lat' dir='ltr'><strong>verum</strong></span> <span class='ocrx_word' id='word_1_477' title='bbox 900 1795 983 1823; x_wconf 78' lang='lat' dir='ltr'><strong>etiam</strong></span> 
     </span>
    </p>
   </div>
   <div class='ocr_carea' id='block_1_66' title="bbox 192 1839 981 1872">
    <p class='ocr_par' dir='ltr' id='par_1_66' title="bbox 192 1839 981 1872">
     <span class='ocr_line' id='line_1_66' title="bbox 192 1839 981 1872; baseline 0.001 -6"><span class='ocrx_word' id='word_1_478' title='bbox 192 1840 389 1872; x_wconf 78' lang='lat' dir='ltr'><strong>condemnatis,</strong></span> <span class='ocrx_word' id='word_1_479' title='bbox 406 1839 534 1866; x_wconf 85' lang='lat' dir='ltr'><strong>laudatus</strong></span> <span class='ocrx_word' id='word_1_480' title='bbox 550 1843 601 1871; x_wconf 83' lang='lat' dir='ltr'><strong>est,</strong></span> <span class='ocrx_word' id='word_1_481' title='bbox 618 1845 653 1866; x_wconf 89' lang='lat' dir='ltr'><strong>an</strong></span> <span class='ocrx_word' id='word_1_482' title='bbox 668 1847 723 1866; x_wconf 86' lang='lat' dir='ltr'><strong>non</strong></span> <span class='ocrx_word' id='word_1_483' title='bbox 737 1839 780 1866; x_wconf 71' lang='lat'><strong>&quot;‘1</strong></span> <span class='ocrx_word' id='word_1_484' title='bbox 804 1840 906 1867; x_wconf 88' lang='lat' dir='ltr'><strong>Deinde</strong></span> <span class='ocrx_word' id='word_1_485' title='bbox 925 1848 981 1867; x_wconf 91' lang='lat' dir='ltr'><strong>non</strong></span> 
     </span>
    </p>
   </div>
   <div class='ocr_carea' id='block_1_67' title="bbox 192 1884 982 1920">
    <p class='ocr_par' dir='ltr' id='par_1_67' title="bbox 192 1884 982 1920">
     <span class='ocr_line' id='line_1_67' title="bbox 192 1884 982 1920; baseline 0 -8"><span class='ocrx_word' id='word_1_486' title='bbox 192 1885 387 1912; x_wconf 85' lang='lat' dir='ltr'><strong>animadvertis</strong></span> <span class='ocrx_word' id='word_1_487' title='bbox 405 1884 474 1912; x_wconf 78' lang='lat' dir='ltr'><strong>Joab</strong></span> <span class='ocrx_word' id='word_1_488' title='bbox 489 1884 516 1911; x_wconf 90' lang='lat' dir='ltr'><strong>in</strong></span> <span class='ocrx_word' id='word_1_489' title='bbox 532 1884 626 1920; x_wconf 86' lang='lat' dir='ltr'><strong>populi</strong></span> <span class='ocrx_word' id='word_1_490' title='bbox 639 1885 861 1917; x_wconf 80' lang='lat' dir='ltr'><strong>enumeratione,</strong></span> <span class='ocrx_word' id='word_1_491' title='bbox 879 1893 942 1913; x_wconf 89' lang='lat' dir='ltr'><strong>cum</strong></span> <span class='ocrx_word' id='word_1_492' title='bbox 955 1885 982 1912; x_wconf 88' lang='lat' dir='ltr'><strong>in</strong></span> 
     </span>
    </p>
   </div>
   <div class='ocr_carea' id='block_1_68' title="bbox 194 1931 985 1967">
    <p class='ocr_par' dir='ltr' id='par_1_68' title="bbox 194 1931 985 1967">
     <span class='ocr_line' id='line_1_68' title="bbox 194 1931 985 1967; baseline -0.001 -8"><span class='ocrx_word' id='word_1_493' title='bbox 194 1931 241 1959; x_wconf 91' lang='lat' dir='ltr'><strong>Dei</strong></span> <span class='ocrx_word' id='word_1_494' title='bbox 258 1931 438 1959; x_wconf 88' lang='lat' dir='ltr'><strong>tentationem</strong></span> <span class='ocrx_word' id='word_1_495' title='bbox 455 1939 499 1959; x_wconf 87' lang='lat' dir='ltr'><strong>res</strong></span> <span class='ocrx_word' id='word_1_496' title='bbox 519 1936 654 1967; x_wconf 81' lang='lat' dir='ltr'><strong>vergeret,</strong></span> <span class='ocrx_word' id='word_1_497' title='bbox 681 1931 890 1967; x_wconf 86' lang='lat' dir='ltr'><strong>supplicantem.</strong></span> <span class='ocrx_word' id='word_1_498' title='bbox 907 1931 985 1958; x_wconf 84' lang='lat' dir='ltr'><strong>obte-</strong></span> 
     </span>
    </p>
   </div>
   <div class='ocr_carea' id='block_1_69' title="bbox 193 1977 984 2013">
    <p class='ocr_par' dir='ltr' id='par_1_69' title="bbox 193 1977 984 2013">
     <span class='ocr_line' id='line_1_69' title="bbox 193 1977 984 2013; baseline -0.001 -8"><span class='ocrx_word' id='word_1_499' title='bbox 193 1983 324 2011; x_wconf 87' lang='lat' dir='ltr'><strong>stantem,</strong></span> <span class='ocrx_word' id='word_1_500' title='bbox 341 1978 506 2013; x_wconf 82' lang='lat' dir='ltr'><strong>persuadere</strong></span> <span class='ocrx_word' id='word_1_501' title='bbox 533 1978 628 2005; x_wconf 92' lang='lat' dir='ltr'><strong>divino</strong></span> <span class='ocrx_word' id='word_1_502' title='bbox 655 1977 748 2005; x_wconf 90' lang='lat' dir='ltr'><strong>Davidi</strong></span> <span class='ocrx_word' id='word_1_503' title='bbox 775 1981 931 2010; x_wconf 86' lang='lat' dir='ltr'><strong>conantem,</strong></span> <span class='ocrx_word' id='word_1_504' title='bbox 948 1985 984 2004; x_wconf 90' lang='lat' dir='ltr'><strong>ne</strong></span> 
     </span>
    </p>
   </div>
   <div class='ocr_carea' id='block_1_70' title="bbox 194 2023 984 2052">
    <p class='ocr_par' dir='ltr' id='par_1_70' title="bbox 194 2023 984 2052">
     <span class='ocr_line' id='line_1_70' title="bbox 194 2023 984 2052; baseline -0.003 0"><span class='ocrx_word' id='word_1_505' title='bbox 194 2024 221 2052; x_wconf 90' lang='lat' dir='ltr'><strong>id</strong></span> <span class='ocrx_word' id='word_1_506' title='bbox 237 2024 350 2052; x_wconf 74' lang='lat' dir='ltr'><strong>iaciat”</strong></span> <span class='ocrx_word' id='word_1_507' title='bbox 365 2024 376 2051; x_wconf 83' lang='lat'><strong>?</strong></span> <span class='ocrx_word' id='word_1_508' title='bbox 394 2029 458 2051; x_wconf 87' lang='lat' dir='ltr'><strong>nota</strong></span> <span class='ocrx_word' id='word_1_509' title='bbox 486 2024 559 2051; x_wconf 88' lang='lat' dir='ltr'><strong>enim</strong></span> <span class='ocrx_word' id='word_1_510' title='bbox 588 2024 638 2051; x_wconf 88' lang='lat' dir='ltr'><strong>tibi</strong></span> <span class='ocrx_word' id='word_1_511' title='bbox 657 2029 700 2051; x_wconf 90' lang='lat' dir='ltr'><strong>est</strong></span> <span class='ocrx_word' id='word_1_512' title='bbox 713 2023 838 2052; x_wconf 86' lang='lat' dir='ltr'><strong>historia.</strong></span> <span class='ocrx_word' id='word_1_513' title='bbox 856 2023 897 2051; x_wconf 80' lang='lat' dir='ltr'><strong>Me</strong></span> <span class='ocrx_word' id='word_1_514' title='bbox 917 2031 984 2051; x_wconf 81' lang='lat' dir='ltr'><strong>vero</strong></span> 
     </span>
    </p>
   </div>
   <div class='ocr_carea' id='block_1_71' title="bbox 193 2069 984 2105">
    <p class='ocr_par' dir='ltr' id='par_1_71' title="bbox 193 2069 984 2105">
     <span class='ocr_line' id='line_1_71' title="bbox 193 2069 984 2105; baseline -0.003 -7"><span class='ocrx_word' id='word_1_515' title='bbox 193 2075 285 2098; x_wconf 90' lang='lat' dir='ltr'><strong>movet</strong></span> <span class='ocrx_word' id='word_1_516' title='bbox 296 2075 324 2097; x_wconf 92' lang='lat' dir='ltr'><strong>et</strong></span> <span class='ocrx_word' id='word_1_517' title='bbox 337 2070 432 2098; x_wconf 84' lang='lat' dir='ltr'><strong>Jethro</strong></span> <span class='ocrx_word' id='word_1_518' title='bbox 452 2078 580 2105; x_wconf 85' lang='lat' dir='ltr'><strong>magnum</strong></span> <span class='ocrx_word' id='word_1_519' title='bbox 600 2069 694 2097; x_wconf 84' lang='lat' dir='ltr'><strong>Mosen</strong></span> <span class='ocrx_word' id='word_1_520' title='bbox 708 2070 871 2101; x_wconf 86' lang='lat' dir='ltr'><strong>admonens.</strong></span> <span class='ocrx_word' id='word_1_521' title='bbox 894 2073 923 2097; x_wconf 91' lang='lat' dir='ltr'><strong>et</strong></span> <span class='ocrx_word' id='word_1_522' title='bbox 935 2077 984 2097; x_wconf 77' lang='lat' dir='ltr'><strong>ex-</strong></span> 
     </span>
    </p>
   </div>
   <div class='ocr_carea' id='block_1_72' title="bbox 194 2116 983 2152">
    <p class='ocr_par' dir='ltr' id='par_1_72' title="bbox 194 2116 983 2152">
     <span class='ocr_line' id='line_1_72' title="bbox 194 2116 983 2152; baseline -0.001 -9"><span class='ocrx_word' id='word_1_523' title='bbox 194 2117 307 2144; x_wconf 89' lang='lat' dir='ltr'><strong>hortans</strong></span> <span class='ocrx_word' id='word_1_524' title='bbox 321 2124 376 2143; x_wconf 91' lang='lat' dir='ltr'><strong>non</strong></span> <span class='ocrx_word' id='word_1_525' title='bbox 393 2117 432 2144; x_wconf 87' lang='lat' dir='ltr'><strong>sic</strong></span> <span class='ocrx_word' id='word_1_526' title='bbox 446 2124 540 2152; x_wconf 88' lang='lat' dir='ltr'><strong>regere</strong></span> <span class='ocrx_word' id='word_1_527' title='bbox 552 2116 693 2151; x_wconf 90' lang='lat' dir='ltr'><strong>populum,</strong></span> <span class='ocrx_word' id='word_1_528' title='bbox 720 2116 915 2150; x_wconf 81' lang='lat' dir='ltr'><strong>hominemque</strong></span> <span class='ocrx_word' id='word_1_529' title='bbox 931 2123 983 2143; x_wconf 83' lang='lat' dir='ltr'><strong>ru-</strong></span> 
     </span>
    </p>
   </div>
   <div class='ocr_carea' id='block_1_73' title="bbox 193 2161 984 2197">
    <p class='ocr_par' dir='ltr' id='par_1_73' title="bbox 193 2161 984 2197">
     <span class='ocr_line' id='line_1_73' title="bbox 193 2161 984 2197; baseline -0.001 -8"><span class='ocrx_word' id='word_1_530' title='bbox 193 2163 323 2190; x_wconf 89' lang='lat' dir='ltr'><strong>dimentis</strong></span> <span class='ocrx_word' id='word_1_531' title='bbox 337 2162 538 2197; x_wconf 87' lang='lat' dir='ltr'><strong>quodammodo</strong></span> <span class='ocrx_word' id='word_1_532' title='bbox 558 2162 714 2194; x_wconf 86' lang='lat' dir='ltr'><strong>instituens,</strong></span> <span class='ocrx_word' id='word_1_533' title='bbox 736 2162 935 2196; x_wconf 80' lang='lat' dir='ltr'><strong>traducensque</strong></span> <span class='ocrx_word' id='word_1_534' title='bbox 950 2161 984 2189; x_wconf 89' lang='lat' dir='ltr'><strong>ad</strong></span> 
     </span>
    </p>
   </div>
   <div class='ocr_carea' id='block_1_74' title="bbox 194 2208 983 2244">
    <p class='ocr_par' dir='ltr' id='par_1_74' title="bbox 194 2208 983 2244">
     <span class='ocr_line' id='line_1_74' title="bbox 194 2208 983 2244; baseline -0.003 -7"><span class='ocrx_word' id='word_1_535' title='bbox 194 2209 339 2237; x_wconf 88' lang='lat' dir='ltr'><strong>consilium</strong></span> <span class='ocrx_word' id='word_1_536' title='bbox 354 2217 444 2236; x_wconf 90' lang='lat' dir='ltr'><strong>suum.</strong></span> <span class='ocrx_word' id='word_1_537' title='bbox 459 2209 493 2236; x_wconf 86' lang='lat' dir='ltr'><strong>Et</strong></span> <span class='ocrx_word' id='word_1_538' title='bbox 507 2209 633 2243; x_wconf 88' lang='lat' dir='ltr'><strong>quisnam</strong></span> <span class='ocrx_word' id='word_1_539' title='bbox 646 2209 726 2243; x_wconf 87' lang='lat' dir='ltr'><strong>ipse?</strong></span> <span class='ocrx_word' id='word_1_540' title='bbox 743 2208 911 2244; x_wconf 78' lang='lat' dir='ltr'><strong>Alienigena,</strong></span> <span class='ocrx_word' id='word_1_541' title='bbox 930 2208 983 2235; x_wconf 88' lang='lat' dir='ltr'><strong>etsi</strong></span> 
     </span>
    </p>
   </div>
   <div class='ocr_carea' id='block_1_75' title="bbox 195 2254 1022 2300">
    <p class='ocr_par' dir='ltr' id='par_1_75' title="bbox 195 2254 1022 2300">
     <span class='ocr_line' id='line_1_75' title="bbox 195 2254 1022 2300; baseline 0 -18"><span class='ocrx_word' id='word_1_542' title='bbox 195 2262 282 2282; x_wconf 90' lang='lat' dir='ltr'><strong>socer.</strong></span> <span class='ocrx_word' id='word_1_543' title='bbox 300 2254 350 2282; x_wconf 87' lang='lat' dir='ltr'><strong>Cui</strong></span> <span class='ocrx_word' id='word_1_544' title='bbox 362 2255 476 2289; x_wconf 89' lang='lat' dir='ltr'><strong>loquens</strong></span> <span class='ocrx_word' id='word_1_545' title='bbox 489 2255 501 2281; x_wconf 68' lang='grc' dir='ltr'><strong>’ἶ</strong></span> <span class='ocrx_word' id='word_1_546' title='bbox 516 2255 545 2281; x_wconf 84' lang='lat' dir='ltr'><strong>Ei</strong></span> <span class='ocrx_word' id='word_1_547' title='bbox 559 2254 605 2289; x_wconf 87' lang='lat' dir='ltr'><strong>qui</strong></span> <span class='ocrx_word' id='word_1_548' title='bbox 626 2255 717 2281; x_wconf 90' lang='lat' dir='ltr'><strong>omnia</strong></span> <span class='ocrx_word' id='word_1_549' title='bbox 735 2262 767 2281; x_wconf 79' lang='lat' dir='ltr'><strong>ex</strong></span> <span class='ocrx_word' id='word_1_550' title='bbox 781 2254 872 2281; x_wconf 87' lang='lat' dir='ltr'><strong>divina</strong></span> <span class='ocrx_word' id='word_1_551' title='bbox 902 2262 982 2282; x_wconf 88' lang='lat' dir='ltr'><strong>reve-</strong></span> <span class='ocrx_word' id='word_1_552' title='bbox 1001 2273 1022 2300; x_wconf 68' lang='grc' dir='ltr'><strong>Β</strong></span> 
     </span>
    </p>
   </div>
   <div class='ocr_carea' id='block_1_76' title="bbox 195 2299 984 2336">
    <p class='ocr_par' dir='ltr' id='par_1_76' title="bbox 195 2299 984 2336">
     <span class='ocr_line' id='line_1_76' title="bbox 195 2299 984 2336; baseline 0 -10"><span class='ocrx_word' id='word_1_553' title='bbox 195 2299 296 2327; x_wconf 88' lang='lat' dir='ltr'><strong>latione</strong></span> <span class='ocrx_word' id='word_1_554' title='bbox 319 2300 416 2336; x_wconf 86' lang='lat' dir='ltr'><strong>agebat</strong></span> <span class='ocrx_word' id='word_1_555' title='bbox 429 2300 459 2327; x_wconf 83' lang='lat'><strong>&quot;.</strong></span> <span class='ocrx_word' id='word_1_556' title='bbox 482 2300 568 2334; x_wconf 78' lang='lat' dir='ltr'><strong>Atque</strong></span> <span class='ocrx_word' id='word_1_557' title='bbox 598 2300 656 2327; x_wconf 63' lang='lat' dir='ltr'><strong>hate</strong></span> <span class='ocrx_word' id='word_1_558' title='bbox 680 2299 789 2334; x_wconf 88' lang='lat' dir='ltr'><strong>quidem</strong></span> <span class='ocrx_word' id='word_1_559' title='bbox 814 2299 920 2334; x_wconf 86' lang='lat' dir='ltr'><strong>paucis,</strong></span> <span class='ocrx_word' id='word_1_560' title='bbox 948 2306 984 2326; x_wconf 85' lang='lat' dir='ltr'><strong>ne</strong></span> 
     </span>
    </p>
   </div>
   <div class='ocr_carea' id='block_1_77' title="bbox 195 2344 985 2380">
    <p class='ocr_par' dir='ltr' id='par_1_77' title="bbox 195 2344 985 2380">
     <span class='ocr_line' id='line_1_77' title="bbox 195 2344 985 2380; baseline 0 -9"><span class='ocrx_word' id='word_1_561' title='bbox 195 2345 332 2380; x_wconf 80' lang='lat' dir='ltr'><strong>longiOres</strong></span> <span class='ocrx_word' id='word_1_562' title='bbox 344 2346 440 2373; x_wconf 90' lang='lat' dir='ltr'><strong>simus.</strong></span> <span class='ocrx_word' id='word_1_563' title='bbox 459 2345 667 2372; x_wconf 85' lang='lat' dir='ltr'><strong>Transeundum</strong></span> <span class='ocrx_word' id='word_1_564' title='bbox 684 2349 725 2372; x_wconf 84' lang='lat' dir='ltr'><strong>est</strong></span> <span class='ocrx_word' id='word_1_565' title='bbox 741 2345 775 2372; x_wconf 85' lang='lat' dir='ltr'><strong>ad</strong></span> <span class='ocrx_word' id='word_1_566' title='bbox 794 2344 912 2372; x_wconf 81' lang='lat' dir='ltr'><strong>Novum.</strong></span> <span class='ocrx_word' id='word_1_567' title='bbox 928 2344 985 2372; x_wconf 84' lang='lat' dir='ltr'><strong>Re-</strong></span> 
     </span>
    </p>
   </div>
   <div class='ocr_carea' id='block_1_78' title="bbox 196 2390 986 2426">
    <p class='ocr_par' dir='ltr' id='par_1_78' title="bbox 196 2390 986 2426">
     <span class='ocr_line' id='line_1_78' title="bbox 196 2390 986 2426; baseline 0.001 -9"><span class='ocrx_word' id='word_1_568' title='bbox 196 2398 351 2421; x_wconf 88' lang='lat' dir='ltr'><strong>vereamur,</strong></span> <span class='ocrx_word' id='word_1_569' title='bbox 367 2390 389 2418; x_wconf 90' lang='lat' dir='ltr'><strong>si</strong></span> <span class='ocrx_word' id='word_1_570' title='bbox 408 2391 505 2425; x_wconf 84' lang='lat' dir='ltr'><strong>placet,</strong></span> <span class='ocrx_word' id='word_1_571' title='bbox 521 2391 725 2426; x_wconf 83' lang='lat' dir='ltr'><strong>gloriosissime,</strong></span> <span class='ocrx_word' id='word_1_572' title='bbox 744 2390 887 2418; x_wconf 87' lang='lat' dir='ltr'><strong>clarissimi</strong></span> <span class='ocrx_word' id='word_1_573' title='bbox 911 2391 986 2418; x_wconf 88' lang='lat' dir='ltr'><strong>orbis</strong></span> 
     </span>
    </p>
   </div>
   <div class='ocr_carea' id='block_1_79' title="bbox 197 2435 986 2470">
    <p class='ocr_par' dir='ltr' id='par_1_79' title="bbox 197 2435 986 2470">
     <span class='ocr_line' id='line_1_79' title="bbox 197 2435 986 2470; baseline 0 -8"><span class='ocrx_word' id='word_1_574' title='bbox 197 2439 277 2462; x_wconf 59' lang='lat' dir='ltr'><strong>terra;</strong></span> <span class='ocrx_word' id='word_1_575' title='bbox 290 2436 422 2470; x_wconf 64' lang='lat' dir='ltr'><strong>praeconis</strong></span> <span class='ocrx_word' id='word_1_576' title='bbox 436 2436 555 2463; x_wconf 88' lang='lat' dir='ltr'><strong>edictum</strong></span> <span class='ocrx_word' id='word_1_577' title='bbox 567 2444 574 2462; x_wconf 94' lang='lat'>:</span> <span class='ocrx_word' id='word_1_578' title='bbox 586 2435 616 2463; x_wconf 83' lang='lat' dir='ltr'><strong>Si</strong></span> <span class='ocrx_word' id='word_1_579' title='bbox 632 2440 761 2469; x_wconf 80' lang='lat' dir='ltr'><strong>postremo</strong></span> <span class='ocrx_word' id='word_1_580' title='bbox 772 2435 914 2462; x_wconf 80' lang='lat' dir='ltr'><strong>revelatum</strong></span> <span class='ocrx_word' id='word_1_581' title='bbox 927 2436 986 2470; x_wconf 81' lang='lat' dir='ltr'><strong>fue-</strong></span> 
     </span>
    </p>
   </div>
   <div class='ocr_carea' id='block_1_80' title="bbox 197 2480 986 2516">
    <p class='ocr_par' dir='ltr' id='par_1_80' title="bbox 197 2480 986 2516">
     <span class='ocr_line' id='line_1_80' title="bbox 197 2480 986 2516; baseline 0.003 -10"><span class='ocrx_word' id='word_1_582' title='bbox 197 2481 242 2513; x_wconf 75' lang='lat' dir='ltr'><strong>rit,</strong></span> <span class='ocrx_word' id='word_1_583' title='bbox 255 2481 356 2514; x_wconf 75' lang='lat' dir='ltr'><strong>primus</strong></span> <span class='ocrx_word' id='word_1_584' title='bbox 368 2481 446 2507; x_wconf 77' lang='lat' dir='ltr'><strong>sileat</strong></span> <span class='ocrx_word' id='word_1_585' title='bbox 465 2481 497 2508; x_wconf 86' lang='lat'><strong>&quot;’.</strong></span> <span class='ocrx_word' id='word_1_586' title='bbox 515 2480 585 2514; x_wconf 86' lang='lat' dir='ltr'><strong>Non,</strong></span> <span class='ocrx_word' id='word_1_587' title='bbox 606 2481 677 2508; x_wconf 91' lang='lat' dir='ltr'><strong>sicut</strong></span> <span class='ocrx_word' id='word_1_588' title='bbox 691 2481 786 2516; x_wconf 79' lang='lat' dir='ltr'><strong>objicit</strong></span> <span class='ocrx_word' id='word_1_589' title='bbox 810 2481 909 2508; x_wconf 83' lang='lat' dir='ltr'><strong>caritas</strong></span> <span class='ocrx_word' id='word_1_590' title='bbox 929 2485 986 2513; x_wconf 83' lang='lat' dir='ltr'><strong>tua,</strong></span> 
     </span>
    </p>
   </div>
   <div class='ocr_carea' id='block_1_81' title="bbox 197 2525 983 2562">
    <p class='ocr_par' dir='ltr' id='par_1_81' title="bbox 197 2525 983 2562">
     <span class='ocr_line' id='line_1_81' title="bbox 197 2525 983 2562; baseline 0 -9"><span class='ocrx_word' id='word_1_591' title='bbox 197 2525 297 2553; x_wconf 88' lang='lat' dir='ltr'><strong>deiide</strong></span> <span class='ocrx_word' id='word_1_592' title='bbox 312 2526 378 2553; x_wconf 87' lang='lat' dir='ltr'><strong>sola.</strong></span> <span class='ocrx_word' id='word_1_593' title='bbox 397 2526 439 2559; x_wconf 89' lang='lat' dir='ltr'><strong>Et,</strong></span> <span class='ocrx_word' id='word_1_594' title='bbox 467 2527 541 2561; x_wconf 88' lang='lat' dir='ltr'><strong>quod</strong></span> <span class='ocrx_word' id='word_1_595' title='bbox 564 2534 608 2554; x_wconf 89' lang='lat' dir='ltr'><strong>me</strong></span> <span class='ocrx_word' id='word_1_596' title='bbox 632 2527 831 2562; x_wconf 86' lang='lat' dir='ltr'><strong>propemodum</strong></span> <span class='ocrx_word' id='word_1_597' title='bbox 851 2526 983 2562; x_wconf 80' lang='lat' dir='ltr'><strong>fugiebat,</strong></span> 
     </span>
    </p>
   </div>
   <div class='ocr_carea' id='block_1_82' title="bbox 198 2573 985 2608">
    <p class='ocr_par' dir='ltr' id='par_1_82' title="bbox 198 2573 985 2608">
     <span class='ocr_line' id='line_1_82' title="bbox 198 2573 985 2608; baseline 0.001 -10"><span class='ocrx_word' id='word_1_598' title='bbox 198 2580 312 2608; x_wconf 85' lang='lat' dir='ltr'><strong>magnus</strong></span> <span class='ocrx_word' id='word_1_599' title='bbox 331 2580 421 2607; x_wconf 57' lang='lat' dir='ltr'><strong>praeco</strong></span> <span class='ocrx_word' id='word_1_600' title='bbox 446 2573 568 2601; x_wconf 87' lang='lat' dir='ltr'><strong>veritatis</strong></span> <span class='ocrx_word' id='word_1_601' title='bbox 591 2573 713 2600; x_wconf 77' lang='lat' dir='ltr'><strong>Joannes</strong></span> <span class='ocrx_word' id='word_1_602' title='bbox 728 2573 865 2599; x_wconf 82' lang='lat' dir='ltr'><strong>Herodem</strong></span> <span class='ocrx_word' id='word_1_603' title='bbox 890 2580 985 2607; x_wconf 87' lang='lat' dir='ltr'><strong>repre-</strong></span> 
     </span>
    </p>
   </div>
   <div class='ocr_carea' id='block_1_83' title="bbox 199 2616 988 2652">
    <p class='ocr_par' dir='ltr' id='par_1_83' title="bbox 199 2616 988 2652">
     <span class='ocr_line' id='line_1_83' title="bbox 199 2616 988 2652; baseline 0.003 -10"><span class='ocrx_word' id='word_1_604' title='bbox 199 2616 295 2644; x_wconf 88' lang='lat' dir='ltr'><strong>hendit</strong></span> <span class='ocrx_word' id='word_1_605' title='bbox 307 2617 339 2645; x_wconf 88' lang='grc'><strong>¹⁸.</strong></span> <span class='ocrx_word' id='word_1_606' title='bbox 354 2617 464 2650; x_wconf 70' lang='grc' dir='ltr'>ριιωεο.</span> <span class='ocrx_word' id='word_1_607' title='bbox 478 2617 613 2652; x_wconf 88' lang='lat' dir='ltr'><strong>responde</strong></span> <span class='ocrx_word' id='word_1_608' title='bbox 627 2617 707 2644; x_wconf 89' lang='lat' dir='ltr'><strong>mihi.</strong></span> <span class='ocrx_word' id='word_1_609' title='bbox 727 2616 780 2644; x_wconf 89' lang='lat' dir='ltr'><strong>Sed</strong></span> <span class='ocrx_word' id='word_1_610' title='bbox 799 2616 940 2651; x_wconf 86' lang='lat' dir='ltr'><strong>explodar,</strong></span> <span class='ocrx_word' id='word_1_611' title='bbox 958 2621 988 2644; x_wconf 93' lang='lat' dir='ltr'><strong>ut</strong></span> 
     </span>
    </p>
   </div>
   <div class='ocr_carea' id='block_1_84' title="bbox 199 2661 987 2697">
    <p class='ocr_par' dir='ltr' id='par_1_84' title="bbox 199 2661 987 2697">
     <span class='ocr_line' id='line_1_84' title="bbox 199 2661 987 2697; baseline 0.001 -9"><span class='ocrx_word' id='word_1_612' title='bbox 199 2661 289 2695; x_wconf 88' lang='lat' dir='ltr'><strong>video,</strong></span> <span class='ocrx_word' id='word_1_613' title='bbox 307 2667 335 2689; x_wconf 91' lang='lat' dir='ltr'><strong>et</strong></span> <span class='ocrx_word' id='word_1_614' title='bbox 349 2663 503 2696; x_wconf 86' lang='lat' dir='ltr'><strong>deridebor,</strong></span> <span class='ocrx_word' id='word_1_615' title='bbox 519 2663 592 2697; x_wconf 92' lang='lat' dir='ltr'><strong>quod</strong></span> <span class='ocrx_word' id='word_1_616' title='bbox 602 2662 767 2697; x_wconf 65' lang='lat' dir='ltr'><strong>azquiparem</strong></span> <span class='ocrx_word' id='word_1_617' title='bbox 779 2669 823 2689; x_wconf 93' lang='lat' dir='ltr'><strong>me</strong></span> <span class='ocrx_word' id='word_1_618' title='bbox 836 2662 987 2697; x_wconf 67' lang='lat' dir='ltr'><strong>prophetae.</strong></span> 
     </span>
    </p>
   </div>
   <div class='ocr_carea' id='block_1_85' title="bbox 200 2708 988 2744">
    <p class='ocr_par' dir='ltr' id='par_1_85' title="bbox 200 2708 988 2744">
     <span class='ocr_line' id='line_1_85' title="bbox 200 2708 988 2744; baseline 0 -9"><span class='ocrx_word' id='word_1_619' title='bbox 200 2708 279 2735; x_wconf 80' lang='lat' dir='ltr'><strong>Absit</strong></span> <span class='ocrx_word' id='word_1_620' title='bbox 295 2717 302 2734; x_wconf 87' lang='lat'><strong>:</strong></span> <span class='ocrx_word' id='word_1_621' title='bbox 319 2716 374 2735; x_wconf 92' lang='lat' dir='ltr'><strong>non</strong></span> <span class='ocrx_word' id='word_1_622' title='bbox 390 2709 426 2736; x_wconf 93' lang='lat' dir='ltr'><strong>ita</strong></span> <span class='ocrx_word' id='word_1_623' title='bbox 442 2713 494 2741; x_wconf 89' lang='lat' dir='ltr'><strong>est,</strong></span> <span class='ocrx_word' id='word_1_624' title='bbox 505 2708 619 2744; x_wconf 89' lang='lat' dir='ltr'><strong>optime.</strong></span> <span class='ocrx_word' id='word_1_625' title='bbox 635 2708 698 2735; x_wconf 78' lang='lat' dir='ltr'><strong>ch</strong></span> <span class='ocrx_word' id='word_1_626' title='bbox 710 2716 782 2739; x_wconf 84' lang='lat' dir='ltr'><strong>vero,</strong></span> <span class='ocrx_word' id='word_1_627' title='bbox 798 2708 896 2742; x_wconf 90' lang='lat' dir='ltr'><strong>inquit,</strong></span> <span class='ocrx_word' id='word_1_628' title='bbox 919 2709 988 2735; x_wconf 72' lang='lat' dir='ltr'><strong>scri-</strong></span> 
     </span>
    </p>
   </div>
   <div class='ocr_carea' id='block_1_86' title="bbox 200 2753 988 2788">
    <p class='ocr_par' dir='ltr' id='par_1_86' title="bbox 200 2753 988 2788">
     <span class='ocr_line' id='line_1_86' title="bbox 200 2753 988 2788; baseline 0.003 -8"><span class='ocrx_word' id='word_1_629' title='bbox 200 2759 246 2787; x_wconf 74' lang='lat' dir='ltr'><strong>pta</strong></span> <span class='ocrx_word' id='word_1_630' title='bbox 268 2759 328 2781; x_wconf 75' lang='lat' dir='ltr'><strong>sunt</strong></span> <span class='ocrx_word' id='word_1_631' title='bbox 352 2755 388 2781; x_wconf 85' lang='lat' dir='ltr'><strong>ad</strong></span> <span class='ocrx_word' id='word_1_632' title='bbox 415 2755 604 2788; x_wconf 69' lang='lat' dir='ltr'><strong>surreptionem</strong></span> <span class='ocrx_word' id='word_1_633' title='bbox 624 2758 743 2781; x_wconf 77' lang='lat' dir='ltr'><strong>nostram</strong></span> <span class='ocrx_word' id='word_1_634' title='bbox 758 2753 801 2780; x_wconf 62' lang='grc' dir='ltr'><strong>ιν.</strong></span> <span class='ocrx_word' id='word_1_635' title='bbox 831 2754 864 2781; x_wconf 88' lang='grc' dir='ltr'><strong>ΕΙ.</strong></span> <span class='ocrx_word' id='word_1_636' title='bbox 889 2755 988 2782; x_wconf 89' lang='lat' dir='ltr'><strong>iterum</strong></span> 
     </span>
    </p>
   </div>
   <div class='ocr_carea' id='block_1_87' title="bbox 1033 1658 1829 1694">
    <p class='ocr_par' dir='ltr' id='par_1_87' title="bbox 1033 1658 1829 1694">
     <span class='ocr_line' id='line_1_87' title="bbox 1033 1658 1829 1694; baseline -0.001 -9"><span class='ocrx_word' id='word_1_637' title='bbox 1033 1658 1112 1685; x_wconf 85' lang='grc' dir='ltr'>τοῦτο</span> <span class='ocrx_word' id='word_1_638' title='bbox 1135 1658 1234 1685; x_wconf 80' lang='grc' dir='ltr'>ὁπόθεν</span> <span class='ocrx_word' id='word_1_639' title='bbox 1275 1658 1324 1685; x_wconf 73' lang='grc' dir='ltr'>καὶ</span> <span class='ocrx_word' id='word_1_640' title='bbox 1346 1658 1378 1684; x_wconf 84' lang='grc' dir='ltr'>οὐ</span> <span class='ocrx_word' id='word_1_641' title='bbox 1399 1658 1635 1694; x_wconf 79' lang='grc' dir='ltr'>παραστησόμεθά</span> <span class='ocrx_word' id='word_1_642' title='bbox 1659 1666 1702 1684; x_wconf 91' lang='grc' dir='ltr'><strong>σοι</strong></span> <span class='ocrx_word' id='word_1_643' title='bbox 1720 1658 1752 1685; x_wconf 74' lang='grc' dir='ltr'>τὸ</span> <span class='ocrx_word' id='word_1_644' title='bbox 1779 1658 1829 1685; x_wconf 85' lang='grc' dir='ltr'><strong>τοῦ</strong></span> 
     </span>
    </p>
   </div>
   <div class='ocr_carea' id='block_1_88' title="bbox 1034 1703 1828 1740">
    <p class='ocr_par' dir='ltr' id='par_1_88' title="bbox 1034 1703 1828 1740">
     <span class='ocr_line' id='line_1_88' title="bbox 1034 1703 1828 1740; baseline -0.001 -9"><span class='ocrx_word' id='word_1_645' title='bbox 1034 1705 1114 1738; x_wconf 84' lang='grc' dir='ltr'>λόγου</span> <span class='ocrx_word' id='word_1_646' title='bbox 1128 1704 1243 1738; x_wconf 79' lang='grc' dir='ltr'>ἄτοπον;</span> <span class='ocrx_word' id='word_1_647' title='bbox 1256 1704 1368 1740; x_wconf 84' lang='grc' dir='ltr'>Πρῶτον</span> <span class='ocrx_word' id='word_1_648' title='bbox 1376 1704 1425 1739; x_wconf 79' lang='grc' dir='ltr'><strong>μὲν</strong></span> <span class='ocrx_word' id='word_1_649' title='bbox 1439 1704 1494 1732; x_wconf 82' lang='grc' dir='ltr'><strong>ἀπὺ</strong></span> <span class='ocrx_word' id='word_1_650' title='bbox 1511 1704 1563 1739; x_wconf 81' lang='grc' dir='ltr'>τῆς</span> <span class='ocrx_word' id='word_1_651' title='bbox 1579 1704 1704 1736; x_wconf 80' lang='grc' dir='ltr'>Παλαιᾶς</span> <span class='ocrx_word' id='word_1_652' title='bbox 1725 1703 1828 1739; x_wconf 77' lang='grc' dir='ltr'><strong>Διαθῆ-</strong></span> 
     </span>
    </p>
   </div>
   <div class='ocr_carea' id='block_1_89' title="bbox 1034 1748 1830 1786">
    <p class='ocr_par' dir='ltr' id='par_1_89' title="bbox 1034 1748 1830 1786">
     <span class='ocr_line' id='line_1_89' title="bbox 1034 1748 1830 1786; baseline -0.003 -8"><span class='ocrx_word' id='word_1_653' title='bbox 1034 1759 1096 1786; x_wconf 86' lang='grc' dir='ltr'>κης.</span> <span class='ocrx_word' id='word_1_654' title='bbox 1112 1750 1146 1777; x_wconf 92' lang='grc' dir='ltr'>Τί</span> <span class='ocrx_word' id='word_1_655' title='bbox 1161 1751 1216 1786; x_wconf 83' lang='grc' dir='ltr'>γάρ</span> <span class='ocrx_word' id='word_1_656' title='bbox 1233 1759 1274 1777; x_wconf 85' lang='grc' dir='ltr'><strong>σοι</strong></span> <span class='ocrx_word' id='word_1_657' title='bbox 1287 1750 1404 1778; x_wconf 75' lang='grc' dir='ltr'>δοκεῖτὸ</span> <span class='ocrx_word' id='word_1_658' title='bbox 1418 1750 1466 1777; x_wconf 90' lang='grc' dir='ltr'><strong>τοῦ</strong></span> <span class='ocrx_word' id='word_1_659' title='bbox 1482 1750 1598 1786; x_wconf 87' lang='grc' dir='ltr'>Δανιήλ;</span> <span class='ocrx_word' id='word_1_660' title='bbox 1616 1748 1672 1786; x_wconf 80' lang='grc' dir='ltr'>ἄρα</span> <span class='ocrx_word' id='word_1_661' title='bbox 1688 1751 1752 1782; x_wconf 83' lang='grc' dir='ltr'>τοὺς</span> <span class='ocrx_word' id='word_1_662' title='bbox 1761 1759 1830 1786; x_wconf 84' lang='grc' dir='ltr'>πρε-</span> 
     </span>
    </p>
   </div>
   <div class='ocr_carea' id='block_1_90' title="bbox 1035 1795 1830 1834">
    <p class='ocr_par' dir='ltr' id='par_1_90' title="bbox 1035 1795 1830 1834">
     <span class='ocr_line' id='line_1_90' title="bbox 1035 1795 1830 1834; baseline -0.004 -10"><span class='ocrx_word' id='word_1_663' title='bbox 1035 1798 1194 1834; x_wconf 76' lang='grc' dir='ltr'>σϐυτέρους,</span> <span class='ocrx_word' id='word_1_664' title='bbox 1210 1798 1311 1833; x_wconf 75' lang='grc' dir='ltr'>καίπερ</span> <span class='ocrx_word' id='word_1_665' title='bbox 1327 1797 1364 1824; x_wconf 84' lang='grc' dir='ltr'><strong>ὢν</strong></span> <span class='ocrx_word' id='word_1_666' title='bbox 1374 1797 1405 1824; x_wconf 80' lang='grc' dir='ltr'>οὐ</span> <span class='ocrx_word' id='word_1_667' title='bbox 1421 1795 1468 1823; x_wconf 85' lang='grc' dir='ltr'><strong>τοῦ</strong></span> <span class='ocrx_word' id='word_1_668' title='bbox 1486 1796 1599 1831; x_wconf 81' lang='grc' dir='ltr'>ἐννόμου</span> <span class='ocrx_word' id='word_1_669' title='bbox 1614 1795 1713 1831; x_wconf 79' lang='grc' dir='ltr'>καιροῦ</span> <span class='ocrx_word' id='word_1_670' title='bbox 1724 1796 1773 1829; x_wconf 81' lang='grc' dir='ltr'>τῆς</span> <span class='ocrx_word' id='word_1_671' title='bbox 1787 1796 1830 1828; x_wconf 84' lang='grc' dir='ltr'><strong>είς</strong></span> 
     </span>
    </p>
   </div>
   <div class='ocr_carea' id='block_1_91' title="bbox 1034 1841 1830 1879">
    <p class='ocr_par' dir='ltr' id='par_1_91' title="bbox 1034 1841 1830 1879">
     <span class='ocr_line' id='line_1_91' title="bbox 1034 1841 1830 1879; baseline -0.004 -8"><span class='ocrx_word' id='word_1_672' title='bbox 1034 1844 1064 1871; x_wconf 75' lang='grc' dir='ltr'><strong>ἐδ</strong></span> <span class='ocrx_word' id='word_1_673' title='bbox 1078 1843 1169 1878; x_wconf 78' lang='grc' dir='ltr'>λέγειν</span> <span class='ocrx_word' id='word_1_674' title='bbox 1180 1845 1227 1870; x_wconf 80' lang='grc' dir='ltr'>καὶ</span> <span class='ocrx_word' id='word_1_675' title='bbox 1239 1842 1479 1879; x_wconf 75' lang='grc' dir='ltr'>παρρησιάζεσθαι</span> <span class='ocrx_word' id='word_1_676' title='bbox 1498 1842 1617 1877; x_wconf 84' lang='grc' dir='ltr'>ἡλικίας,</span> <span class='ocrx_word' id='word_1_677' title='bbox 1635 1841 1830 1877; x_wconf 86' lang='grc' dir='ltr'>παρανομοῦν-</span> 
     </span>
    </p>
   </div>
   <div class='ocr_carea' id='block_1_92' title="bbox 1035 1888 1831 1925">
    <p class='ocr_par' dir='ltr' id='par_1_92' title="bbox 1035 1888 1831 1925">
     <span class='ocr_line' id='line_1_92' title="bbox 1035 1888 1831 1925; baseline -0.004 -8"><span class='ocrx_word' id='word_1_678' title='bbox 1035 1899 1085 1922; x_wconf 86' lang='grc' dir='ltr'><strong>τας</strong></span> <span class='ocrx_word' id='word_1_679' title='bbox 1110 1890 1180 1925; x_wconf 82' lang='grc' dir='ltr'>πρὺς</span> <span class='ocrx_word' id='word_1_680' title='bbox 1201 1890 1251 1925; x_wconf 84' lang='grc' dir='ltr'>τὴν</span> <span class='ocrx_word' id='word_1_681' title='bbox 1271 1889 1322 1925; x_wconf 80' lang='grc' dir='ltr'><strong>τῆς</strong></span> <span class='ocrx_word' id='word_1_682' title='bbox 1351 1889 1426 1920; x_wconf 84' lang='grc' dir='ltr'>θείας</span> <span class='ocrx_word' id='word_1_683' title='bbox 1442 1888 1589 1923; x_wconf 82' lang='grc' dir='ltr'>Σωσάννης</span> <span class='ocrx_word' id='word_1_684' title='bbox 1607 1888 1769 1922; x_wconf 76' lang='grc' dir='ltr'>καταδίκην,</span> <span class='ocrx_word' id='word_1_685' title='bbox 1784 1889 1831 1914; x_wconf 56' lang='lat' dir='ltr'><strong>ire</strong></span> 
     </span>
    </p>
   </div>
   <div class='ocr_carea' id='block_1_93' title="bbox 1034 1934 1830 1971">
    <p class='ocr_par' dir='ltr' id='par_1_93' title="bbox 1034 1934 1830 1971">
     <span class='ocr_line' id='line_1_93' title="bbox 1034 1934 1830 1971; baseline -0.004 -9"><span class='ocrx_word' id='word_1_686' title='bbox 1034 1935 1118 1971; x_wconf 80' lang='grc' dir='ltr'>ῃνέθη</span> <span class='ocrx_word' id='word_1_687' title='bbox 1129 1935 1159 1962; x_wconf 80' lang='grc' dir='ltr'>οὗ</span> <span class='ocrx_word' id='word_1_688' title='bbox 1175 1935 1255 1970; x_wconf 85' lang='grc' dir='ltr'>μόνον</span> <span class='ocrx_word' id='word_1_689' title='bbox 1265 1935 1491 1970; x_wconf 75' lang='grc' dir='ltr'>ὑπομιμνήσκων,</span> <span class='ocrx_word' id='word_1_690' title='bbox 1501 1934 1569 1961; x_wconf 84' lang='grc' dir='ltr'>ἀλλὰ</span> <span class='ocrx_word' id='word_1_691' title='bbox 1581 1934 1628 1960; x_wconf 84' lang='grc' dir='ltr'>καὶ</span> <span class='ocrx_word' id='word_1_692' title='bbox 1643 1934 1830 1968; x_wconf 83' lang='grc' dir='ltr'>κατακρίνων·</span> 
     </span>
    </p>
   </div>
   <div class='ocr_carea' id='block_1_94' title="bbox 1034 1978 1832 2017">
    <p class='ocr_par' dir='ltr' id='par_1_94' title="bbox 1034 1978 1832 2017">
     <span class='ocr_line' id='line_1_94' title="bbox 1034 1978 1832 2017; baseline -0.005 -9"><span class='ocrx_word' id='word_1_693' title='bbox 1034 1981 1172 2017; x_wconf 75' lang='grc' dir='ltr'>ναὶῆοὖς</span> <span class='ocrx_word' id='word_1_694' title='bbox 1188 1979 1256 2008; x_wconf 83' lang='grc' dir='ltr'>Εἶτα</span> <span class='ocrx_word' id='word_1_695' title='bbox 1293 1981 1324 2008; x_wconf 82' lang='grc' dir='ltr'>οὐ</span> <span class='ocrx_word' id='word_1_696' title='bbox 1349 1980 1415 2017; x_wconf 84' lang='grc' dir='ltr'>δέχῃ</span> <span class='ocrx_word' id='word_1_697' title='bbox 1441 1980 1487 2007; x_wconf 74' lang='grc' dir='ltr'>τὸν</span> <span class='ocrx_word' id='word_1_698' title='bbox 1510 1979 1589 2006; x_wconf 79' lang='grc' dir='ltr'>Ἰωάσ</span> <span class='ocrx_word' id='word_1_699' title='bbox 1615 1980 1644 2006; x_wconf 84' lang='grc' dir='ltr'>ὲν</span> <span class='ocrx_word' id='word_1_700' title='bbox 1668 1979 1702 2014; x_wconf 80' lang='grc' dir='ltr'>τῇ</span> <span class='ocrx_word' id='word_1_701' title='bbox 1728 1978 1832 2014; x_wconf 81' lang='grc' dir='ltr'>ἀπαρι-</span> 
     </span>
    </p>
   </div>
   <div class='ocr_carea' id='block_1_95' title="bbox 1035 2024 1832 2062">
    <p class='ocr_par' dir='ltr' id='par_1_95' title="bbox 1035 2024 1832 2062">
     <span class='ocr_line' id='line_1_95' title="bbox 1035 2024 1832 2062; baseline -0.005 -9"><span class='ocrx_word' id='word_1_702' title='bbox 1035 2027 1136 2062; x_wconf 85' lang='grc' dir='ltr'>θμήσει</span> <span class='ocrx_word' id='word_1_703' title='bbox 1169 2026 1217 2053; x_wconf 87' lang='grc' dir='ltr'><strong>τοῦ</strong></span> <span class='ocrx_word' id='word_1_704' title='bbox 1238 2026 1315 2058; x_wconf 85' lang='grc' dir='ltr'>λαοῦ,</span> <span class='ocrx_word' id='word_1_705' title='bbox 1344 2026 1418 2057; x_wconf 78' lang='grc' dir='ltr'>δντος</span> <span class='ocrx_word' id='word_1_706' title='bbox 1441 2025 1490 2052; x_wconf 88' lang='grc' dir='ltr'><strong>τοῦ</strong></span> <span class='ocrx_word' id='word_1_707' title='bbox 1508 2024 1646 2060; x_wconf 82' lang='grc' dir='ltr'>δράματος</span> <span class='ocrx_word' id='word_1_708' title='bbox 1661 2025 1701 2056; x_wconf 80' lang='grc' dir='ltr'>εἰς</span> <span class='ocrx_word' id='word_1_709' title='bbox 1726 2032 1832 2059; x_wconf 80' lang='grc' dir='ltr'>παρορ-</span> 
     </span>
    </p>
   </div>
   <div class='ocr_carea' id='block_1_96' title="bbox 1035 2070 1832 2108">
    <p class='ocr_par' dir='ltr' id='par_1_96' title="bbox 1035 2070 1832 2108">
     <span class='ocr_line' id='line_1_96' title="bbox 1035 2070 1832 2108; baseline -0.006 -8"><span class='ocrx_word' id='word_1_710' title='bbox 1035 2072 1135 2108; x_wconf 87' lang='grc' dir='ltr'>γισμὸν</span> <span class='ocrx_word' id='word_1_711' title='bbox 1148 2072 1227 2106; x_wconf 84' lang='grc' dir='ltr'>Θεοῦ,</span> <span class='ocrx_word' id='word_1_712' title='bbox 1253 2072 1457 2104; x_wconf 77' lang='grc' dir='ltr'>ἀντιϐολοῦντα,</span> <span class='ocrx_word' id='word_1_713' title='bbox 1481 2070 1693 2106; x_wconf 81' lang='grc' dir='ltr'>ἐκλιπαροῦντα,</span> <span class='ocrx_word' id='word_1_714' title='bbox 1715 2070 1832 2096; x_wconf 81' lang='grc' dir='ltr'>ἀναπεί-</span> 
     </span>
    </p>
   </div>
   <div class='ocr_carea' id='block_1_97' title="bbox 1036 2116 1831 2154">
    <p class='ocr_par' dir='ltr' id='par_1_97' title="bbox 1036 2116 1831 2154">
     <span class='ocr_line' id='line_1_97' title="bbox 1036 2116 1831 2154; baseline -0.005 -9"><span class='ocrx_word' id='word_1_715' title='bbox 1036 2118 1092 2146; x_wconf 83' lang='grc' dir='ltr'>θειν</span> <span class='ocrx_word' id='word_1_716' title='bbox 1112 2117 1285 2154; x_wconf 86' lang='grc' dir='ltr'>πειρώμενον</span> <span class='ocrx_word' id='word_1_717' title='bbox 1303 2118 1352 2144; x_wconf 79' lang='grc' dir='ltr'>τὸν</span> <span class='ocrx_word' id='word_1_718' title='bbox 1375 2118 1446 2145; x_wconf 84' lang='grc' dir='ltr'>θεῖον</span> <span class='ocrx_word' id='word_1_719' title='bbox 1470 2117 1563 2148; x_wconf 71' lang='grc' dir='ltr'>Δαὸὶδ,</span> <span class='ocrx_word' id='word_1_720' title='bbox 1582 2116 1620 2152; x_wconf 79' lang='grc' dir='ltr'>μὴ</span> <span class='ocrx_word' id='word_1_721' title='bbox 1641 2116 1722 2142; x_wconf 80' lang='grc' dir='ltr'>τοῦτο</span> <span class='ocrx_word' id='word_1_722' title='bbox 1743 2116 1831 2151; x_wconf 74' lang='grc' dir='ltr'>δρᾷνς</span> 
     </span>
    </p>
   </div>
   <div class='ocr_carea' id='block_1_98' title="bbox 1035 2161 1833 2200">
    <p class='ocr_par' dir='ltr' id='par_1_98' title="bbox 1035 2161 1833 2200">
     <span class='ocr_line' id='line_1_98' title="bbox 1035 2161 1833 2200; baseline -0.005 -8"><span class='ocrx_word' id='word_1_723' title='bbox 1035 2163 1114 2192; x_wconf 78' lang='grc' dir='ltr'>οἶσθα</span> <span class='ocrx_word' id='word_1_724' title='bbox 1125 2165 1179 2200; x_wconf 79' lang='grc' dir='ltr'><strong>γὰρ</strong></span> <span class='ocrx_word' id='word_1_725' title='bbox 1193 2165 1242 2200; x_wconf 84' lang='grc' dir='ltr'>τὴν</span> <span class='ocrx_word' id='word_1_726' title='bbox 1258 2164 1391 2200; x_wconf 76' lang='grc' dir='ltr'>ἱστορίαν.</span> <span class='ocrx_word' id='word_1_727' title='bbox 1414 2163 1480 2199; x_wconf 82' lang='grc' dir='ltr'>Ἑμέ</span> <span class='ocrx_word' id='word_1_728' title='bbox 1495 2163 1523 2190; x_wconf 78' lang='grc' dir='ltr'>δὲ</span> <span class='ocrx_word' id='word_1_729' title='bbox 1535 2163 1657 2190; x_wconf 76' lang='grc' dir='ltr'>δυσωπεῖ</span> <span class='ocrx_word' id='word_1_730' title='bbox 1672 2163 1721 2189; x_wconf 76' lang='grc' dir='ltr'>καὶ</span> <span class='ocrx_word' id='word_1_731' title='bbox 1745 2161 1833 2198; x_wconf 80' lang='grc' dir='ltr'>Ἰσθδρ</span> 
     </span>
    </p>
   </div>
   <div class='ocr_carea' id='block_1_99' title="bbox 1035 2206 1834 2245">
    <p class='ocr_par' dir='ltr' id='par_1_99' title="bbox 1035 2206 1834 2245">
     <span class='ocr_line' id='line_1_99' title="bbox 1035 2206 1834 2245; baseline -0.005 -9"><span class='ocrx_word' id='word_1_732' title='bbox 1035 2209 1254 2245; x_wconf 79' lang='grc' dir='ltr'>ὑπομιμνήσκων</span> <span class='ocrx_word' id='word_1_733' title='bbox 1271 2209 1318 2235; x_wconf 86' lang='grc' dir='ltr'>τὸν</span> <span class='ocrx_word' id='word_1_734' title='bbox 1333 2208 1419 2244; x_wconf 86' lang='grc' dir='ltr'>μέγαν</span> <span class='ocrx_word' id='word_1_735' title='bbox 1432 2209 1545 2243; x_wconf 82' lang='grc' dir='ltr'>Μωσῆν,</span> <span class='ocrx_word' id='word_1_736' title='bbox 1563 2207 1611 2234; x_wconf 81' lang='grc' dir='ltr'>καὶ</span> <span class='ocrx_word' id='word_1_737' title='bbox 1629 2206 1834 2241; x_wconf 85' lang='grc' dir='ltr'>παρεγγυώμε-</span> 
     </span>
    </p>
   </div>
   <div class='ocr_carea' id='block_1_100' title="bbox 1036 2252 1832 2290">
    <p class='ocr_par' dir='ltr' id='par_1_100' title="bbox 1036 2252 1832 2290">
     <span class='ocr_line' id='line_1_100' title="bbox 1036 2252 1832 2290; baseline -0.005 -8"><span class='ocrx_word' id='word_1_738' title='bbox 1036 2264 1081 2287; x_wconf 86' lang='grc' dir='ltr'><strong>νος</strong></span> <span class='ocrx_word' id='word_1_739' title='bbox 1093 2254 1131 2290; x_wconf 84' lang='grc' dir='ltr'><strong>μὴ</strong></span> <span class='ocrx_word' id='word_1_740' title='bbox 1143 2254 1215 2281; x_wconf 79' lang='grc' dir='ltr'>οὕτω</span> <span class='ocrx_word' id='word_1_741' title='bbox 1229 2253 1363 2288; x_wconf 76' lang='grc' dir='ltr'>διεξάγειν</span> <span class='ocrx_word' id='word_1_742' title='bbox 1381 2253 1425 2280; x_wconf 87' lang='grc' dir='ltr'>τὸν</span> <span class='ocrx_word' id='word_1_743' title='bbox 1443 2253 1516 2285; x_wconf 82' lang='grc' dir='ltr'>λαὸν,</span> <span class='ocrx_word' id='word_1_744' title='bbox 1525 2253 1571 2280; x_wconf 77' lang='grc' dir='ltr'>καὶ</span> <span class='ocrx_word' id='word_1_745' title='bbox 1584 2252 1667 2279; x_wconf 79' lang='grc' dir='ltr'>οἱονεὶ</span> <span class='ocrx_word' id='word_1_746' title='bbox 1678 2252 1832 2287; x_wconf 73' lang='grc' dir='ltr'>ατοιχειῶν,</span> 
     </span>
    </p>
   </div>
   <div class='ocr_carea' id='block_1_101' title="bbox 1040 2297 1835 2336">
    <p class='ocr_par' dir='ltr' id='par_1_101' title="bbox 1040 2297 1835 2336">
     <span class='ocr_line' id='line_1_101' title="bbox 1040 2297 1835 2336; baseline -0.005 -9"><span class='ocrx_word' id='word_1_747' title='bbox 1040 2300 1088 2327; x_wconf 81' lang='grc' dir='ltr'>καὶ</span> <span class='ocrx_word' id='word_1_748' title='bbox 1109 2301 1178 2336; x_wconf 81' lang='grc' dir='ltr'>πρὸς</span> <span class='ocrx_word' id='word_1_749' title='bbox 1201 2301 1252 2334; x_wconf 85' lang='grc' dir='ltr'>τὴν</span> <span class='ocrx_word' id='word_1_750' title='bbox 1274 2300 1377 2326; x_wconf 75' lang='grc' dir='ltr'>οἰκείαν</span> <span class='ocrx_word' id='word_1_751' title='bbox 1393 2299 1490 2334; x_wconf 82' lang='grc' dir='ltr'>βουλὴν</span> <span class='ocrx_word' id='word_1_752' title='bbox 1515 2297 1758 2334; x_wconf 77' lang='grc' dir='ltr'>μεταρρυθμίζων,</span> <span class='ocrx_word' id='word_1_753' title='bbox 1776 2297 1835 2324; x_wconf 78' lang='grc' dir='ltr'><strong>Καὶ</strong></span> 
     </span>
    </p>
   </div>
   <div class='ocr_carea' id='block_1_102' title="bbox 1039 2343 1835 2381">
    <p class='ocr_par' dir='ltr' id='par_1_102' title="bbox 1039 2343 1835 2381">
     <span class='ocr_line' id='line_1_102' title="bbox 1039 2343 1835 2381; baseline -0.004 -9"><span class='ocrx_word' id='word_1_754' title='bbox 1039 2346 1081 2378; x_wconf 88' lang='grc' dir='ltr'><strong>τίς</strong></span> <span class='ocrx_word' id='word_1_755' title='bbox 1092 2345 1129 2372; x_wconf 81' lang='grc' dir='ltr'>ὤν</span> <span class='ocrx_word' id='word_1_756' title='bbox 1141 2355 1148 2379; x_wconf 92' lang='grc'><strong>;</strong></span> <span class='ocrx_word' id='word_1_757' title='bbox 1172 2345 1379 2381; x_wconf 78' lang='grc' dir='ltr'>’Δλλογενὴς,εί</span> <span class='ocrx_word' id='word_1_758' title='bbox 1393 2345 1441 2372; x_wconf 75' lang='grc' dir='ltr'>καὶ</span> <span class='ocrx_word' id='word_1_759' title='bbox 1457 2345 1604 2380; x_wconf 74' lang='grc' dir='ltr'>κηδεστής.</span> <span class='ocrx_word' id='word_1_760' title='bbox 1625 2344 1679 2371; x_wconf 79' lang='grc' dir='ltr'><strong>Καὶ</strong></span> <span class='ocrx_word' id='word_1_761' title='bbox 1689 2343 1742 2370; x_wconf 79' lang='grc' dir='ltr'>τίνι</span> <span class='ocrx_word' id='word_1_762' title='bbox 1754 2343 1835 2378; x_wconf 76' lang='grc' dir='ltr'>φῶνς</span> 
     </span>
    </p>
   </div>
   <div class='ocr_carea' id='block_1_103' title="bbox 1040 2390 1835 2426">
    <p class='ocr_par' dir='ltr' id='par_1_103' title="bbox 1040 2390 1835 2426">
     <span class='ocr_line' id='line_1_103' title="bbox 1040 2390 1835 2426; baseline -0.003 -8"><span class='ocrx_word' id='word_1_763' title='bbox 1040 2392 1086 2426; x_wconf 88' lang='grc' dir='ltr'><strong>Τῷ</strong></span> <span class='ocrx_word' id='word_1_764' title='bbox 1099 2392 1188 2419; x_wconf 81' lang='grc' dir='ltr'>πάντα</span> <span class='ocrx_word' id='word_1_765' title='bbox 1208 2391 1279 2418; x_wconf 78' lang='grc' dir='ltr'>κατὰ</span> <span class='ocrx_word' id='word_1_766' title='bbox 1304 2391 1479 2426; x_wconf 79' lang='grc' dir='ltr'>ἀποκάλυψιν</span> <span class='ocrx_word' id='word_1_767' title='bbox 1505 2390 1574 2417; x_wconf 88' lang='grc' dir='ltr'>Θεοῦ</span> <span class='ocrx_word' id='word_1_768' title='bbox 1592 2390 1835 2425; x_wconf 76' lang='grc' dir='ltr'>διαπραττομένῳ.</span> 
     </span>
    </p>
   </div>
   <div class='ocr_carea' id='block_1_104' title="bbox 1040 2435 1837 2472">
    <p class='ocr_par' dir='ltr' id='par_1_104' title="bbox 1040 2435 1837 2472">
     <span class='ocr_line' id='line_1_104' title="bbox 1040 2435 1837 2472; baseline -0.004 -8"><span class='ocrx_word' id='word_1_769' title='bbox 1040 2437 1096 2464; x_wconf 76' lang='grc' dir='ltr'><strong>Καὶ</strong></span> <span class='ocrx_word' id='word_1_770' title='bbox 1118 2437 1205 2464; x_wconf 80' lang='grc' dir='ltr'>ταῦτα</span> <span class='ocrx_word' id='word_1_771' title='bbox 1225 2437 1275 2472; x_wconf 83' lang='grc' dir='ltr'><strong>μὲν</strong></span> <span class='ocrx_word' id='word_1_772' title='bbox 1300 2437 1344 2464; x_wconf 80' lang='grc' dir='ltr'>ἐπ’</span> <span class='ocrx_word' id='word_1_773' title='bbox 1358 2437 1462 2471; x_wconf 85' lang='grc' dir='ltr'>ὀλίγον·</span> <span class='ocrx_word' id='word_1_774' title='bbox 1480 2437 1524 2464; x_wconf 86' lang='grc' dir='ltr'>ῐνα</span> <span class='ocrx_word' id='word_1_775' title='bbox 1550 2435 1587 2471; x_wconf 83' lang='grc' dir='ltr'><strong>μὴ</strong></span> <span class='ocrx_word' id='word_1_776' title='bbox 1608 2435 1837 2471; x_wconf 82' lang='grc' dir='ltr'>μακρηγορήσω-</span> 
     </span>
    </p>
   </div>
   <div class='ocr_carea' id='block_1_105' title="bbox 1027 2479 1840 2519">
    <p class='ocr_par' dir='ltr' id='par_1_105' title="bbox 1027 2479 1840 2519">
     <span class='ocr_line' id='line_1_105' title="bbox 1027 2479 1840 2519; baseline -0.002 -9"><span class='ocrx_word' id='word_1_777' title='bbox 1027 2486 1102 2519; x_wconf 85' lang='grc' dir='ltr'>’μεν.</span> <span class='ocrx_word' id='word_1_778' title='bbox 1117 2483 1251 2510; x_wconf 84' lang='grc' dir='ltr'>Μετιτέον</span> <span class='ocrx_word' id='word_1_779' title='bbox 1263 2482 1292 2509; x_wconf 77' lang='grc' dir='ltr'>δὲ</span> <span class='ocrx_word' id='word_1_780' title='bbox 1304 2483 1351 2509; x_wconf 78' lang='grc' dir='ltr'>ἐπὶ</span> <span class='ocrx_word' id='word_1_781' title='bbox 1367 2483 1416 2518; x_wconf 82' lang='grc' dir='ltr'><strong>τὴν</strong></span> <span class='ocrx_word' id='word_1_782' title='bbox 1433 2481 1516 2509; x_wconf 80' lang='grc' dir='ltr'>Νέαν.</span> <span class='ocrx_word' id='word_1_783' title='bbox 1532 2481 1719 2516; x_wconf 78' lang='grc' dir='ltr'>Δίδεσθῶμεν,</span> <span class='ocrx_word' id='word_1_784' title='bbox 1736 2482 1762 2506; x_wconf 84' lang='grc' dir='ltr'><strong>εἰ</strong></span> <span class='ocrx_word' id='word_1_785' title='bbox 1775 2479 1840 2515; x_wconf 75' lang='grc' dir='ltr'>βού-</span> 
     </span>
    </p>
   </div>
   <div class='ocr_carea' id='block_1_106' title="bbox 1039 2527 1838 2564">
    <p class='ocr_par' dir='ltr' id='par_1_106' title="bbox 1039 2527 1838 2564">
     <span class='ocr_line' id='line_1_106' title="bbox 1039 2527 1838 2564; baseline -0.003 -9"><span class='ocrx_word' id='word_1_786' title='bbox 1039 2529 1091 2562; x_wconf 81' lang='grc' dir='ltr'>λει,</span> <span class='ocrx_word' id='word_1_787' title='bbox 1116 2529 1291 2564; x_wconf 79' lang='grc' dir='ltr'>πανεύφημε,</span> <span class='ocrx_word' id='word_1_788' title='bbox 1315 2528 1364 2555; x_wconf 57' lang='grc' dir='ltr'><strong>καὶ⁸</strong></span> <span class='ocrx_word' id='word_1_789' title='bbox 1389 2529 1419 2555; x_wconf 82' lang='grc' dir='ltr'>τὸ</span> <span class='ocrx_word' id='word_1_790' title='bbox 1442 2528 1489 2555; x_wconf 87' lang='grc' dir='ltr'><strong>τοῦ</strong></span> <span class='ocrx_word' id='word_1_791' title='bbox 1513 2528 1563 2563; x_wconf 85' lang='grc' dir='ltr'>τῆς</span> <span class='ocrx_word' id='word_1_792' title='bbox 1583 2527 1752 2562; x_wconf 80' lang='grc' dir='ltr'>οίκουμένης</span> <span class='ocrx_word' id='word_1_793' title='bbox 1774 2527 1838 2553; x_wconf 65' lang='grc' dir='ltr'>διας</span> 
     </span>
    </p>
   </div>
   <div class='ocr_carea' id='block_1_107' title="bbox 1037 2572 1840 2611">
    <p class='ocr_par' dir='ltr' id='par_1_107' title="bbox 1037 2572 1840 2611">
     <span class='ocr_line' id='line_1_107' title="bbox 1037 2572 1840 2611; baseline -0.002 -10"><span class='ocrx_word' id='word_1_794' title='bbox 1037 2574 1153 2611; x_wconf 88' lang='grc' dir='ltr'>πρυσίου</span> <span class='ocrx_word' id='word_1_795' title='bbox 1168 2575 1289 2610; x_wconf 83' lang='grc' dir='ltr'>κήρυκος</span> <span class='ocrx_word' id='word_1_796' title='bbox 1306 2575 1497 2610; x_wconf 81' lang='grc' dir='ltr'>ὑπαγόρευμα,</span> <span class='ocrx_word' id='word_1_797' title='bbox 1511 2574 1553 2607; x_wconf 81' lang='grc' dir='ltr'><strong>τὸ,</strong></span> <span class='ocrx_word' id='word_1_798' title='bbox 1577 2574 1648 2601; x_wconf 83' lang='grc' dir='ltr'><strong>Ἐὰν</strong></span> <span class='ocrx_word' id='word_1_799' title='bbox 1661 2572 1701 2605; x_wconf 75' lang='grc' dir='ltr'>τῷ</span> <span class='ocrx_word' id='word_1_800' title='bbox 1714 2573 1840 2607; x_wconf 76' lang='grc' dir='ltr'><strong>ἐσχάτῳ</strong></span> 
     </span>
    </p>
   </div>
   <div class='ocr_carea' id='block_1_108' title="bbox 1040 2619 1841 2655">
    <p class='ocr_par' dir='ltr' id='par_1_108' title="bbox 1040 2619 1841 2655">
     <span class='ocr_line' id='line_1_108' title="bbox 1040 2619 1841 2655; baseline -0.004 -7"><span class='ocrx_word' id='word_1_801' title='bbox 1040 2620 1257 2655; x_wconf 73' lang='grc' dir='ltr'>ἀποκαλυφθῇ,</span> <span class='ocrx_word' id='word_1_802' title='bbox 1270 2622 1287 2648; x_wconf 90' lang='grc' dir='ltr'><em>ὁ</em></span> <span class='ocrx_word' id='word_1_803' title='bbox 1299 2620 1415 2655; x_wconf 79' lang='grc' dir='ltr'>πρῶτος</span> <span class='ocrx_word' id='word_1_804' title='bbox 1427 2619 1622 2655; x_wconf 73' lang='grc' dir='ltr'>σιτάτω.(ιῦχ,</span> <span class='ocrx_word' id='word_1_805' title='bbox 1637 2619 1675 2650; x_wconf 88' lang='grc' dir='ltr'>ὼς</span> <span class='ocrx_word' id='word_1_806' title='bbox 1687 2619 1841 2646; x_wconf 78' lang='grc' dir='ltr'>ἀντιτείνει</span> 
     </span>
    </p>
   </div>
   <div class='ocr_carea' id='block_1_109' title="bbox 1040 2661 1841 2702">
    <p class='ocr_par' dir='ltr' id='par_1_109' title="bbox 1040 2661 1841 2702">
     <span class='ocr_line' id='line_1_109' title="bbox 1040 2661 1841 2702; baseline -0.002 -10"><span class='ocrx_word' id='word_1_807' title='bbox 1040 2667 1058 2701; x_wconf 84' lang='grc' dir='ltr'><strong>ἡ</strong></span> <span class='ocrx_word' id='word_1_808' title='bbox 1074 2666 1186 2701; x_wconf 81' lang='grc' dir='ltr'>φιλότης</span> <span class='ocrx_word' id='word_1_809' title='bbox 1198 2675 1257 2700; x_wconf 84' lang='grc' dir='ltr'>σου,</span> <span class='ocrx_word' id='word_1_810' title='bbox 1274 2666 1354 2693; x_wconf 84' lang='grc' dir='ltr'>τοῦτο</span> <span class='ocrx_word' id='word_1_811' title='bbox 1368 2666 1432 2702; x_wconf 77' lang='grc' dir='ltr'>περὶ</span> <span class='ocrx_word' id='word_1_812' title='bbox 1448 2666 1534 2701; x_wconf 84' lang='grc' dir='ltr'>μόνης</span> <span class='ocrx_word' id='word_1_813' title='bbox 1549 2665 1680 2696; x_wconf 80' lang='grc' dir='ltr'>πίστεως.</span> <span class='ocrx_word' id='word_1_814' title='bbox 1695 2664 1763 2695; x_wconf 75' lang='grc' dir='ltr'>Καὶ,</span> <span class='ocrx_word' id='word_1_815' title='bbox 1778 2661 1841 2690; x_wconf 73' lang='grc' dir='ltr'>οἷον</span> 
     </span>
    </p>
   </div>
   <div class='ocr_carea' id='block_1_110' title="bbox 1041 2710 1842 2747">
    <p class='ocr_par' dir='ltr' id='par_1_110' title="bbox 1041 2710 1842 2747">
     <span class='ocr_line' id='line_1_110' title="bbox 1041 2710 1842 2747; baseline -0.002 -10"><span class='ocrx_word' id='word_1_816' title='bbox 1041 2711 1074 2746; x_wconf 83' lang='grc' dir='ltr'>δή</span> <span class='ocrx_word' id='word_1_817' title='bbox 1093 2719 1127 2745; x_wconf 86' lang='grc' dir='ltr'><strong>με</strong></span> <span class='ocrx_word' id='word_1_818' title='bbox 1150 2711 1292 2747; x_wconf 84' lang='grc' dir='ltr'>παρέλαθε</span> <span class='ocrx_word' id='word_1_819' title='bbox 1319 2711 1420 2747; x_wconf 79' lang='grc' dir='ltr'>μικροῦ</span> <span class='ocrx_word' id='word_1_820' title='bbox 1441 2712 1508 2744; x_wconf 82' lang='grc' dir='ltr'>δεῖν,</span> <span class='ocrx_word' id='word_1_821' title='bbox 1524 2712 1539 2738; x_wconf 85' lang='grc' dir='ltr'><strong>ὁ</strong></span> <span class='ocrx_word' id='word_1_822' title='bbox 1557 2711 1643 2746; x_wconf 81' lang='grc' dir='ltr'>μέγας</span> <span class='ocrx_word' id='word_1_823' title='bbox 1666 2710 1758 2745; x_wconf 77' lang='grc' dir='ltr'>κήρυε</span> <span class='ocrx_word' id='word_1_824' title='bbox 1786 2710 1842 2744; x_wconf 77' lang='grc' dir='ltr'>τῆς</span> 
     </span>
    </p>
   </div>
   <div class='ocr_carea' id='block_1_111' title="bbox 1042 2754 1898 2792">
    <p class='ocr_par' dir='ltr' id='par_1_111' title="bbox 1042 2754 1898 2792">
     <span class='ocr_line' id='line_1_111' title="bbox 1042 2754 1898 2792; baseline -0.001 -10"><span class='ocrx_word' id='word_1_825' title='bbox 1042 2755 1172 2792; x_wconf 83' lang='grc' dir='ltr'>ἀληθείας</span> <span class='ocrx_word' id='word_1_826' title='bbox 1197 2756 1324 2792; x_wconf 79' lang='grc' dir='ltr'>Ἰωάννης</span> <span class='ocrx_word' id='word_1_827' title='bbox 1346 2756 1452 2792; x_wconf 75' lang='grc' dir='ltr'>ἐλέγχει</span> <span class='ocrx_word' id='word_1_828' title='bbox 1480 2756 1527 2783; x_wconf 70' lang='grc' dir='ltr'><strong>τὸν</strong></span> <span class='ocrx_word' id='word_1_829' title='bbox 1547 2755 1682 2791; x_wconf 79' lang='grc' dir='ltr'>Ἡρώδην.</span> <span class='ocrx_word' id='word_1_830' title='bbox 1705 2754 1837 2790; x_wconf 80' lang='grc' dir='ltr'>Ἐρωτῶ,</span> <span class='ocrx_word' id='word_1_831' title='bbox 1895 2786 1898 2788; x_wconf 31' lang='grc' dir='ltr'><strong>η</strong></span> 
     </span>
    </p>
   </div>
   <div class='ocr_carea' id='block_1_112' title="bbox 238 2818 1837 2860">
    <p class='ocr_par' dir='ltr' id='par_1_112' title="bbox 238 2818 1837 2860">
     <span class='ocr_line' id='line_1_112' title="bbox 238 2818 1837 2860; baseline 0.002 -14"><span class='ocrx_word' id='word_1_832' title='bbox 238 2818 369 2860; x_wconf 44' lang='lat' dir='ltr'><strong>&#39;I’Uchit.</strong></span> <span class='ocrx_word' id='word_1_833' title='bbox 382 2819 486 2860; x_wconf 43' lang='lat' dir='ltr'><strong>x1x_,ni7</strong></span> <span class='ocrx_word' id='word_1_834' title='bbox 497 2820 656 2860; x_wconf 49' lang='lat' dir='ltr'><strong>;_‘Prpv._lx,</strong></span> <span class='ocrx_word' id='word_1_835' title='bbox 672 2820 699 2847; x_wconf 90' lang='lat'>8.</span> <span class='ocrx_word' id='word_1_836' title='bbox 734 2820 759 2860; x_wconf 61' lang='lat' dir='ltr'><strong>f‘</strong></span> <span class='ocrx_word' id='word_1_837' title='bbox 774 2820 850 2860; x_wconf 75' lang='lat' dir='ltr'><strong>Da_n._</strong></span> <span class='ocrx_word' id='word_1_838' title='bbox 863 2829 924 2860; x_wconf 46' lang='grc' dir='ltr'>ειη,</span> <span class='ocrx_word' id='word_1_839' title='bbox 950 2821 960 2847; x_wconf 83' lang='grc'>1</span> <span class='ocrx_word' id='word_1_840' title='bbox 982 2828 1057 2860; x_wconf 79' lang='lat' dir='ltr'><strong>seqq.</strong></span> <span class='ocrx_word' id='word_1_841' title='bbox 1099 2823 1120 2839; x_wconf 84' lang='lat'><strong><em>“</em></strong></span> <span class='ocrx_word' id='word_1_842' title='bbox 1141 2822 1227 2860; x_wconf 84' lang='lat' dir='ltr'><strong>lReg.</strong></span> <span class='ocrx_word' id='word_1_843' title='bbox 1244 2831 1320 2857; x_wconf 78' lang='lat' dir='ltr'><strong>xxtv,</strong></span> <span class='ocrx_word' id='word_1_844' title='bbox 1335 2823 1347 2850; x_wconf 81' lang='lat' dir='ltr'><strong>l</strong></span> <span class='ocrx_word' id='word_1_845' title='bbox 1363 2831 1438 2858; x_wconf 87' lang='lat' dir='ltr'><strong>seqq.</strong></span> <span class='ocrx_word' id='word_1_846' title='bbox 1480 2823 1502 2840; x_wconf 83' lang='lat'><strong><em>“</em></strong></span> <span class='ocrx_word' id='word_1_847' title='bbox 1516 2822 1600 2851; x_wconf 85' lang='lat' dir='ltr'><strong>Exod.</strong></span> <span class='ocrx_word' id='word_1_848' title='bbox 1613 2830 1690 2853; x_wconf 83' lang='lat' dir='ltr'><strong>xvui,</strong></span> <span class='ocrx_word' id='word_1_849' title='bbox 1704 2822 1740 2850; x_wconf 76' lang='grc'><strong>15</strong></span> <span class='ocrx_word' id='word_1_850' title='bbox 1755 2829 1837 2857; x_wconf 86' lang='lat' dir='ltr'><strong>seqq.</strong></span> 
     </span>
    </p>
   </div>
   <div class='ocr_carea' id='block_1_113' title="bbox 204 2853 1008 2889">
    <p class='ocr_par' dir='ltr' id='par_1_113' title="bbox 204 2853 1008 2889">
     <span class='ocr_line' id='line_1_113' title="bbox 204 2853 1008 2889; baseline 0.001 -7"><span class='ocrx_word' id='word_1_851' title='bbox 204 2853 224 2870; x_wconf 92' lang='grc'><strong>¹⁷</strong></span> <span class='ocrx_word' id='word_1_852' title='bbox 243 2853 253 2882; x_wconf 88' lang='lat' dir='ltr'><strong>l</strong></span> <span class='ocrx_word' id='word_1_853' title='bbox 267 2854 331 2882; x_wconf 76' lang='lat' dir='ltr'><strong>Cor.</strong></span> <span class='ocrx_word' id='word_1_854' title='bbox 352 2863 408 2889; x_wconf 79' lang='lat' dir='ltr'><strong>xiv,</strong></span> <span class='ocrx_word' id='word_1_855' title='bbox 419 2855 464 2883; x_wconf 76' lang='lat'><strong>30.</strong></span> <span class='ocrx_word' id='word_1_856' title='bbox 503 2855 525 2872; x_wconf 83' lang='grc'><strong>¹⁸</strong></span> <span class='ocrx_word' id='word_1_857' title='bbox 541 2855 637 2883; x_wconf 87' lang='lat' dir='ltr'><strong>Matth.</strong></span> <span class='ocrx_word' id='word_1_858' title='bbox 660 2863 713 2889; x_wconf 85' lang='lat' dir='ltr'><strong>xw,</strong></span> <span class='ocrx_word' id='word_1_859' title='bbox 730 2856 755 2883; x_wconf 62' lang='grc' dir='ltr'>ί.</span> <span class='ocrx_word' id='word_1_860' title='bbox 796 2856 827 2871; x_wconf 77' lang='grc'><strong>¹⁶¹</strong></span> <span class='ocrx_word' id='word_1_861' title='bbox 844 2856 925 2883; x_wconf 76' lang='lat' dir='ltr'><strong>ltlor.</strong></span> <span class='ocrx_word' id='word_1_862' title='bbox 941 2865 966 2887; x_wconf 66' lang='grc' dir='ltr'>κ,</span> <span class='ocrx_word' id='word_1_863' title='bbox 980 2857 1008 2883; x_wconf 75' lang='lat'><strong>‘2.</strong></span> 
     </span>
    </p>
   </div>
  </div>
