1924 3077
70 143 124 176 925

687 141 958 172 EPISTOLARUM
979 142 1043 172 LIB
1066 143 1092 172 I-

1653 143 1705 175 926

68 199 218 234 ἀπόκριναί
245 207 303 234 μοι.
323 198 393 225 Ἀλλ’
419 198 568 234 ἀγχιθυρος
591 199 605 224 ό
632 199 702 234 πρὸς
729 199 781 234 ἐμὲ
811 197 859 225 οἶδ’

926 199 1027 226 ἠιιΙηεε
1049 199 1200 226 Imitatores
1214 198 1266 226 mei
1284 202 1376 230 estote,
1390 198 1459 225 sicut
1472 203 1497 226 et
1511 207 1556 234 ego
1563 199 1660 227 Christi
1671 200 1702 227 ‘9.

68 249 112 274 ὅτι
124 247 226 279 γέλως·
241 245 273 271 τὸ
288 245 330 271 ὃτι
344 245 373 271 ὲν
386 243 478 280 μέτρῳ
494 245 542 271 τοῦ
567 245 708 280 προφήτου
728 246 864 272 ισοστατεῖ

68 293 175 319 ὲιυτὸν.
193 291 264 319 Ἀλλ’
283 291 333 326 οὐχ
359 290 457 322 οὕτως,
471 287 494 316 ὦ
523 290 665 325 βέλτιστε·
699 290 794 318 Ταῦτα
818 290 862 322 δὲ,

68 338 164 374 φησὶν,
178 337 293 372 ἐγράφη
305 336 380 371 πρὸς
395 337 560 364 νουθεσίαν
574 336 730 370 ἡμετέραν.
748 337 802 363 Καὶ
814 334 863 363 αὗ-

70 385 112 416 θις
125 385 140 410 ό
154 383 260 414 Παῦλος
270 391 276 398 ·
293 383 424 417 Mummi
439 390 498 417 μου
513 383 645 417 γίνεσθε,
661 382 759 414 καθὼς
783 381 864 416 κάγὼ

69 429 212 464 Χριστοῦ.
221 429 283 460 ῐΙῶς
288 429 317 455 δὲ
323 429 370 455 καὶ
377 426 433 455 οἷόν
443 437 472 454 τε
481 428 528 464 όρθ
532 428 631 459 οδοξεῖν
638 428 684 454 τὸν
690 427 765 460 toea:
771 428 864 462 ργοῦν-
869 422 890 450 7“

70 484 116 508 τα,
127 475 173 501 τοῦ
181 474 253 501 θείου
268 473 398 501 Ἰακώϐου
409 474 594 509 ἐνισταμένου,
610 474 643 499 ὲκ
650 473 704 499 τῶν
719 473 808 509 ἔργων
814 473 865 499 δεί-

71 521 188 548 κνυσθαι
201 520 252 556 τὴν
271 520 380 547 πίστιν·
396 519 444 546 καὶ
454 520 518 552 τοὺς
537 519 601 555 περ)⁵
615 520 645 546 τὸ
666 519 695 545 ἓν
711 519 861 554 σφαλλομέ-

71 566 216 602 νους,μηδὲ
224 567 253 594 τὸ
263 566 376 602 Θάτερον
384 566 456 601 ἔχειν
464 574 472 599 ;
481 566 621 592 Τοσούτων
631 559 731 592 οὖνκαὶ
738 566 863 600 τηλικού-

70 623 127 640 των
138 613 223 640 ὄντων
235 612 391 648 μαρτύρων,
403 612 454 638 οὐκ
465 612 556 647 οἴομαι
567 613 746 646 ἀντιφάσκειν
759 612 809 647 τὴν
822 612 864 638 εὑ-

71 658 181 692 γὲνειάν
197 666 253 684 σου.
276 657 308 684 Et
327 657 356 684 δὲ
372 656 462 689 τοῦτο,
480 657 712 685 άντεπιστελλέτω
723 659 757 693 τῇ
773 658 863 692 ἀσυμ-

71 705 150 740 φύ.ίᾳ
164 704 244 740 ἡμῶν
258 704 404 736 ἀναλύσεις
432 704 481 740 μὲν
503 705 532 731 ὲν
553 704 625 740 λόγῳ
647 705 701 732 τῶν
715 705 863 740 πρπαθέν-

70 761 127 778 των
136 760 143 767 ·
157 751 350 786 ἀντεξαγωγὰς
372 751 400 778 δὲ
414 751 654 787 διευκρινεστέρας
666 751 722 778 τῶν
735 760 865 779 συσκευα-

72 798 250 832 σθησομένων
276 805 329 824 σοι.
356 797 419 824 Εἴθε
442 797 490 824 καὶ
502 797 629 832 πάρεισιν
640 805 648 813 σ
663 799 743 833 ἡμεῖς
753 806 783 832 γε
799 806 864 825 σιωο

72 844 209 878 στήσομεν,
231 842 279 869 καὶ
295 842 463 878 συγγνώμην
475 842 526 877 τῆς
542 842 705 876 ὲνστάσεως,
717 844 819 879 καίπερ
834 844 863 870 ὲν

916 245 966 278 Qui
983 249 1074 272 autem
1093 245 1150 272 ﬁeri
1165 249 1268 280 potest,
1284 249 1314 272 ut
1329 249 1405 272 recte
1417 245 1479 279 quis
1490 246 1602 278 sentiat,
1619 253 1705 281 agens

917 299 1055 326 perverse,
1080 291 1173 318 divino
1192 291 1295 319 Jacobo
1321 291 1484 324 afﬁrmante,
1516 300 1548 318 ex
1575 292 1705 327 operibus

916 338 1023 365 ostendi
1043 338 1135 371 ﬁdem,
1151 342 1178 365 et
1196 338 1229 365 iis
1242 338 1286 372 qui
1305 338 1377 365 circa
1394 346 1479 365 unum
1501 338 1640 371 aberrant,
1654 346 1706 365 ne-

916 391 969 418 que
981 383 1097 410 alterum
1117 383 1230 410 inesse?
1245 382 1296 409 Tot
1315 383 1399 418 igitur
1425 387 1452 410 et
1478 387 1550 410 tanta
1565 391 1626 410 cum
1651 383 1707 410 sint

918 429 1083 461 testimonia.
1122 437 1174 456 non
1201 434 1268 464 puto
1288 429 1389 456 habere
1424 429 1593 456 nobilitatem
1631 433 1706 456 tuam

917 475 989 509 quod
1003 474 1183 501 contradicat.
1211 474 1259 501 Sin
1273 478 1386 502 autem:
1412 474 1502 501 mittat
1522 474 1618 508 impari
1639 474 1708 501 ami-

917 520 989 547 citiae
1004 524 1104 547 nostra
1128 520 1278 547 solutiones
1303 520 1526 555 propositionum
1538 524 1706 552 nostrarum,

918 571 978 593 tum
998 566 1127 594 clariores
1155 566 1308 594 contrarias
1325 567 1513 601 oppositiones
1526 574 1622 593 eorum
1645 574 1707 601 qua:

915 613 1027 641 astruis.
1044 612 1154 641 Utinam
1176 620 1241 639 vero
1254 616 1411 648 suppetant,
1426 617 1454 640 et
1480 620 1529 639 nos
1544 612 1706 643 silebimus.

916 659 1079 694 veniamque
1103 658 1288 686 contentionis
1308 663 1419 691 nostra,
1435 658 1558 693 quamvis
1569 665 1630 685 eum
1649 657 1707 684 zelo

917 705 1081 740 conjunctae,
1093 704 1292 739 postulabimus
1305 705 1311 731 l
1329 704 1539 739 lteprehendere
1558 703 1629 730 enim
1644 707 1706 730 tan-

917 751 1067 783 tummodo,
1080 750 1158 778 facile
1171 754 1222 783 est,
1238 755 1266 777 et
1288 750 1400 777 cuilibet
1420 750 1521 777 volenti
1538 754 1704 784 promptum.

916 802 946 825 ut
958 797 1043 833 legisti
1058 805 1066 829 ;
1080 804 1157 824 suam
1179 804 1246 824 vero
1269 796 1432 823 sententiam
1455 803 1539 823 sacrae
1559 795 1707 830 Scriptura;

917 842 1080 870 testimoniis
1096 842 1283 869 confirmatam
1294 841 1432 874 inducere,
1449 841 1570 868 hominis
1581 846 1623 868 est
1634 848 1708 868 sana:

71 889 149 923 ζήλῳ
169 888 264 923 οὔσης,
277 887 458 923 αἰτησόμεθα.
485 888 522 914 Τὸ
543 888 598 922 γάρ
625 889 756 925 ἐπιτιμᾷν
771 889 862 924 μόνον,

926 888 1015 916 uentis
1043 896 1075 915 ac
1098 888 1206 921 iudicii.
1233 887 1272 914 Ne
1287 895 1352 923 ergo
1371 887 1396 913 in
1413 887 1576 914 immensum
1603 890 1708 914 crescat

73 936 189 970 ῥᾷστον·
209 935 257 961 καὶ
280 934 327 961 τοῦ
351 934 514 970 βουλομένου
531 934 642 967 παντὸς,
668 935 706 966 ὠς
729 935 865 969 ἀναγινώ-

72 987 164 1010 σκεις·
180 979 211 1005 τδ
223 979 252 1006 δὲ
265 979 436 1013 ἀντεισάγειν
449 979 497 1014 τὴν
507 979 604 1006 ἑαυτοῦ
613 979 725 1015 γνώμην
739 980 783 1007 διὰ
798 989 866 1015 μαρ-

71 1023 171 1058 τυρίας
184 1024 234 1057 τῆς
247 1022 427 1049 θεοπνεύστου
433 1023 555 1058 Γραφῆς,
571 1023 666 1058 ἀνδρὸς
680 1023 765 1056 ὅντως
772 1024 865 1058 ὑγιοῦς

74 1070 123 1096 καὶ
136 1068 199 1096 νοῦν
218 1069 337 1104 ἔχοντος.
362 1069 433 1105 [Ιρδς
449 1069 477 1095 δὲ
488 1069 519 1095 τὺ
536 1069 573 1104 μὴ
585 1069 625 1100 εἰς
641 1069 776 1104 ἀμετρίαν
789 1072 866 1105 ἐνεγ-

73 1116 133 1142 κεῖν
141 1115 191 1150 τὴν
206 1115 362 1151 ἐπιστολὴν,
378 1114 495 1142 ἐνταῦθα
519 1116 753 1151 κατεπαυσάμεθα
765 1117 810 1144 τὸν
823 1117 868 1144 λό-

73 1170 123 1195 γον
133 1170 141 1178 ι
157 1161 326 1196 παραθέντες
335 1161 383 1188 καὶ
393 1161 505 1196 χρήσεις
519 1160 564 1187 τοῦ
575 1161 694 1195 μεγάλου
711 1162 861 1194 Βασιλείου,

915 934 1041 969 epistola,
1058 934 1140 960 tinem
1152 933 1196 960 bic
1219 933 1344 964 fecimus,
1359 933 1471 967 adjectis
1494 940 1602 967 quoque
1618 933 1725 967 magni.

916 979 1007 1007 Basilii
1035 979 1179 1007 sententiis
1193 979 1226 1006 ad
1256 979 1406 1013 pleniorem
1433 978 1707 1011 demonstrationem.

918 1026 1015 1053 Salvus
1029 1026 1067 1053 sis
1080 1033 1142 1053 cum
1166 1029 1220 1052 tota
1246 1025 1347 1052 familia
1360 1045 1367 1058 ,
1388 1024 1499 1051 domine
1521 1024 1707 1056 dilectissime,

918 1071 1055 1106 utrimque
1072 1071 1142 1098 bene
1154 1070 1256 1098 valens.
1268 1069 1322 1097 Nos
1335 1070 1408 1096 enim
1426 1068 1568 1097 cbaritatis
1592 1072 1644 1096 tuze
1659 1068 1708 1096 bo-

918 1125 985 1144 num
1000 1121 1028 1144 et
1041 1117 1193 1145 scribentes
1219 1121 1247 1144 et
1265 1124 1320 1143 non
1341 1115 1493 1144 scribentes
1513 1115 1637 1150 cupimus
1662 1121 1707 1142 re-

917 1164 1014 1191 tinere.

73 1209 116 1240 εῑς
142 1208 336 1244 ἐντελεστέραν
362 1208 516 1242 ἀπόδειξιν
540 1208 706 1244 φυλαχθείης
731 1207 779 1236 οὖν
809 1212 877 1245 ἡμῖν
906 1211 1062 1243 πανέστιος,
1079 1212 1094 1238 ό
1113 1210 1293 1245 ἡγαπημένος
1316 1209 1395 1244 ἡμῶν
1419 1208 1564 1243 δεσπότης,
1588 1208 1709 1236 εὐεκτῶν

73 1256 273 1291 ἀμφοτέρωθεν
284 1264 291 1271 '
304 1257 385 1291 ἡμεῖς
399 1256 454 1292 γὰρ
467 1257 498 1283 τὸ
513 1257 565 1290 τῆς
581 1257 693 1292 ἀγάπης
708 1265 755 1284 σου
772 1258 865 1292 καλὸν,
884 1259 933 1285 καὶ
947 1259 1110 1294 γράφοντες,
1127 1259 1175 1285 καὶ
1196 1258 1234 1293 μὴ
1246 1257 1410 1292 γράφοντες,
1426 1255 1575 1290 γλιχόμεθα
1589 1255 1674 1289 ἔχειν.

82 1303 131 1330 Ἐκ
140 1302 194 1330 τοῦ
201 1303 341 1330 εἰκοστοῦ
351 1304 446 1365 λόγὲου
459 1303 521 1366 τιέωᾶ
527 1304 714 1339 Ἀσκητικῶν
722 1305 776 1332 τοῦ
784 1305 871 1340 ἁγίου

420 1347 472 1366 ασι
522 1348 569 1366 ου.

420 1347 569 1366 ασιΑειου.

113 1383 176 1410 Ὀτι
198 1382 240 1409 δεῖ
264 1382 311 1409 τὸν
332 1383 494 1418 προεστῶτα
519 1384 777 1419 ὑπομιμνήσκεσθαι
796 1386 872 1421 παρὰ

76 1427 132 1454 τῶν
158 1427 329 1463 προεχόντων
351 1429 381 1456 ὲν
404 1430 438 1464 ’ιῇ
462 1428 633 1465 ἀδελφότητι,
657 1431 690 1457 ἄν
713 1439 779 1458 ποτε
803 1431 872 1458 ἀπο-

77 1473 178 1509 σφαλῇ.

233 1519 285 1547 ἐκ
299 1520 353 1547 τοῦ
371 1520 548 1554 τριακοστοῦ
562 1521 715 1556 τετάρτου.

113 1564 167 1592 Τὸν
189 1565 227 1601 μὴ
249 1565 465 1601 καταδεχόμενον
482 1567 516 1593 τά
532 1567 608 1603 παρὰ
628 1567 676 1594 τοῦ
696 1568 869 1603 προεστῶτος

76 1610 252 1646 ὲγκριθέντα,
267 1611 320 1646 χρὴ
329 1612 358 1638 ὲν
380 1611 419 1646 τῷ
445 1613 565 1648 φανερῷ,
587 1613 604 1649 ἢ
627 1613 690 1649 ὶδιᾳ,
706 1613 781 1649 αὐτῴ
796 1614 870 1640 ἀντι-

77 1657 180 1690 λέγειν,
198 1657 225 1683 el
243 1664 303 1683 τινα
327 1657 384 1692 ἔχοι
399 1658 478 1692 λόγον
494 1659 604 1693 ἰσχυρὸν
619 1659 689 1685 κατὰ
700 1658 732 1685 τὸ
747 1658 870 1694 βούλημα

77 1701 135 1727 τῶν
164 1701 292 1736 Γραφῶν,
321 1700 338 1736 ἦ
365 1703 545 1736 σιωπήσαντα
573 1703 604 1729 τὸ
630 1704 870 1738 προστεταγμένον

79 1747 183 1773 ποιεῖν·
201 1747 225 1772 εἰ
238 1747 266 1773 δὲ
281 1747 361 1779 αὐτὸς
376 1747 546 1783 αἰσχύνεται,
559 1748 650 1781 ἄλλοις
666 1750 723 1775 τισὶ
745 1750 871 1784 μεσίταις

79 1792 148 1828 πρὸς
160 1792 239 1819 τοῦτο
255 1793 414 1828 χρησάσθω.

85 1882 138 1909 Ἐκ
151 1880 211 1908 τῶν
228 1880 352 1909 Ἠθικῶν
369 1882 423 1943 tog
437 1882 530 1942 τιὺέοῦ
541 1882 634 1917 ,λόγου
648 1881 872 1917 ἑϐδομηκοστοῦ

419 1925 470 1943 ευτ
488 1925 555 1943 οου.

419 1925 555 1950 ευτερου.

117 1964 182 1990 Ὀτι
201 1963 254 1999 χρὴ
269 1964 323 1990 τῶν
335 1964 480 1999 ἀκροατῶν
496 1965 559 1995 τοὺς
575 1963 812 1998 πεπαιδευμένους
824 1963 874 1994 τὰς

78 2008 193 2045 Γραφάς
216 2009 372 2044 δοκιμάζειν
394 2009 429 2036 τὰ
449 2009 524 2044 παρά
538 2009 593 2036 τῶν
617 2009 783 2036 διδασκάλων
801 2008 875 2043 λεγό-

81 2064 163 2091 μενα.

117 2102 181 2128 Ὅτι
193 2101 234 2128 δεῖ
249 2102 292 2129 τὸν
310 2101 470 2137 προεστῶτα
483 2101 530 2127 τοῦ
545 2101 638 2135 λόγου,
657 2100 726 2134 μετὰ
741 2099 874 2135 περισκέ-

78 2148 155 2182 ψεως
168 2147 215 2173 καὶ
227 2146 389 2182 δοκιμασίας
406 2146 518 2181 πολλῆς,
536 2146 607 2173 κατά
623 2146 724 2172 σκοπὸν
734 2145 784 2180 τῆς
802 2145 872 2180 πρὸς

879 1518 901 1550 C

949 1307 989 1334 ΕΞ
1004 1315 1125 1334 sermone
1140 1306 1262 1333 vicesimo
1279 1305 1458 1332 Aueticorum
1477 1303 1561 1330 nancti
1578 1302 1682 1330 Basilii.

954 1385 1032 1418 Quod
1049 1385 1106 1420 ipse
1123 1391 1232 1419 quoque
1255 1383 1396 1411 admoneri
1412 1382 1528 1409 antistes
1548 1380 1640 1413 debet,
1660 1386 1710 1414 per

918 1439 966 1459 eos
979 1431 1027 1467 qui
1043 1431 1114 1458 inter
1127 1431 1226 1458 fratres
1236 1430 1371 1461 eminent,
1388 1428 1409 1455 si
1422 1427 1533 1463 quando
1549 1426 1657 1452 labatur
1673 1425 1708 1451 η.

1111 1517 1153 1545 Ex
1164 1526 1242 1544 ειη-ιη.
1262 1517 1393 1544 tricesimo
1407 1521 1513 1551 quarto.

956 1565 1023 1592 Eum
1035 1565 1080 1600 qui
1096 1564 1164 1591 nolit
1176 1564 1319 1591 admittere
1335 1571 1395 1597 qua:
1414 1561 1529 1589 antistes
1545 1560 1709 1593 decreverit,

920 1617 1029 1647 oportet
1043 1610 1209 1646 respondere
1225 1609 1277 1644 ipsi
1299 1609 1386 1644 palam
1409 1612 1457 1635 aut
1478 1607 1604 1642 privatim
1627 1613 1712 1640 expo-

922 1666 998 1690 nere,
1014 1657 1036 1684 si
1059 1664 1139 1692 quam
1163 1655 1290 1682 habuerit
1314 1654 1430 1682 validam
1456 1653 1591 1680 rationem
1621 1651 1708 1679 sacris

921 1704 1031 1732 Litteris
1046 1706 1259 1730 consentaneam
1278 1711 1284 1728 :
1301 1705 1349 1727 aut
1366 1705 1439 1728 certe
1453 1699 1524 1734 quod
1547 1699 1711 1732 imperatum

922 1756 973 1784 est,
995 1751 1103 1778 silentio
1120 1749 1242 1784 exsequi.
1272 1748 1350 1781 Quod
1377 1747 1399 1774 si
1414 1746 1517 1782 pudore
1535 1745 1712 1780 prohibeatur

924 1798 975 1825 hoc
992 1797 1092 1828 facere,
1109 1795 1169 1823 aliis
1190 1794 1366 1830 quibuspiam
1385 1791 1563 1820 internuntiis
1594 1791 1628 1818 ad
1651 1798 1712 1818 eam

922 1851 980 1871 rem
994 1846 1087 1870 utatur
1102 1842 1135 1868 ¹¹.

924 1891 965 1917 Ex
977 1888 1120 1915 Moralium
1132 1887 1248 1921 ejusdem
1261 1892 1379 1912 sermone
1390 1884 1580 1918 septuagesimo
1589 1885 1711 1908 secundo.

959 1966 1036 2000 Quod
1055 1966 1156 1993 debent
1169 1964 1308 1991 auditores
1332 1964 1377 1998 qui
1394 1969 1531 1990 sacrarum
1549 1961 1714 1988 Litterarum

926 2013 1005 2048 periti
1022 2015 1096 2045 sunt,
1123 2010 1245 2037 adhibito
1266 2009 1380 2044 judicio,
1398 2016 1430 2036 ea
1446 2007 1601 2034 auscultare
1626 2014 1687 2041 qua:
1700 2013 1715 2032 a

926 2057 1081 2085 doctoribus
1093 2056 1220 2083 dicuntur
1231 2055 1264 2082 ¹¹.

962 2103 1040 2136 Quod
1064 2102 1109 2136 qui
1131 2101 1164 2128 ad
1186 2100 1338 2128 docendum
1362 2103 1404 2126 est
1416 2098 1590 2134 praepositus,
1617 2105 1716 2132 magna

928 2147 1171 2183 circumspectione
1189 2154 1220 2173 ac
1241 2145 1356 2181 judicio,
1380 2145 1413 2172 ad
1432 2153 1494 2172 eum
1513 2145 1594 2171 finem
1611 2149 1641 2171 ut
1661 2144 1719 2179 pla-

79 2192 148 2218 Θεὸν
165 2192 382 2227 εὐαρεστήσεως,
406 2191 521 2218 ἕκαστον
544 2192 631 2218 ποιεῖν
654 2200 682 2218 τε
703 2190 750 2217 καὶ
765 2190 868 2224 λέγειν·

926 2200 985 2223 ceat
1001 2194 1065 2226 Deo,
1080 2201 1159 2229 agere
1172 2193 1277 2228 singula
1300 2191 1382 2219 debet
1407 2199 1440 2218 ac
1459 2191 1544 2226 loqui,
1563 2195 1593 2218 ut
1608 2191 1653 2225 qui
1670 2198 1717 2216 en—

80 2239 119 2270 ὼς
133 2238 277 2272 ὀφείλοντα
298 2238 344 2264 καὶ
358 2238 403 2264 ὑπ’
417 2237 506 2264 αὐτῶν
521 2237 575 2263 τῶν
590 2236 812 2264 πεπιστευκότων
824 2236 873 2261 αὺ-

79 2285 119 2320 τῷ
134 2283 341 2319 δοκιμάζεσθαι.

191 2343 235 2375 ς’.
257 2358 289 2362 —
311 2344 474 2377 Θεοκτίστῃ
489 2341 526 2377 τῇ
535 2340 644 2369 ἑαυτοῦ
659 2339 749 2375 μητρί

927 2250 987 2269 rum
1005 2241 1087 2268 etiam
1113 2239 1218 2274 judicio
1242 2238 1289 2273 qui
1313 2245 1386 2265 cura:
1405 2237 1491 2272 ipsius
1515 2236 1612 2264 crediti
1639 2239 1716 2268 sunt,

927 2286 1085 2322 probandus
1097 2285 1132 2312 sit
1142 2285 1175 2312 ".

1105 2330 1150 2358 Vl.
1166 2346 1201 2351 --
1212 2330 1365 2357 ΤΙιεοειίειω
1379 2329 1460 2356 matri
1473 2336 1540 2355 suat.

159 2398 259 2422 Doloris
272 2400 299 2422 et
309 2398 399 2422 amoris
409 2400 488 2422 testes
500 2403 528 2422 ae
541 2396 641 2428 pietatis
651 2396 738 2427 plenas
748 2394 847 2419 litteras
867 2391 946 2416 mittit
957 2389 1039 2418 matri,
1051 2394 1106 2412 cum
1127 2393 1180 2411 eam
1200 2384 1343 2417 gravissime
1355 2387 1477 2416 aegrotare
1493 2383 1639 2414 accepisset.

117 2452 150 2478 Et
168 2449 224 2478 οἷόν
238 2460 268 2477 τε
289 2449 323 2486 ἦν
338 2451 442 2486 δάκρυα
459 2451 488 2477 ὲν
506 2450 669 2486 γράμμασιν
682 2447 873 2482 ἀποκομίζειν,

81 2499 228 2534 ἐμπλήσας
251 2498 354 2532 ταύτην
376 2506 427 2532 μου
446 2496 479 2523 ἂν
492 2496 541 2531 τὴν
561 2494 716 2530 ἐπιστολὴν,
735 2493 814 2529 τιμία
828 2493 876 2519 καὶ

83 2545 198 2579 γλυκεῖα
221 2544 269 2570 καὶ
290 2543 439 2577 θεοπόθητέ
458 2551 509 2577 μου
526 2543 625 2576 μῆτερ,
644 2539 875 2575 παρεπεμψάμην

82 2598 125 2616 σοι
139 2590 169 2615 ὲν
182 2588 295 2620 ταύταις
305 2589 365 2620 ταῖς
382 2588 510 2623 ἡμέραις.
528 2587 574 2622 Τῷ
594 2587 651 2613 δντι
663 2586 719 2621 γὰρ
749 2585 800 2611 οὐκ
830 2585 877 2610 ἀν-

81 2633 172 2665 εκτῶς
185 2633 262 2668 φέρω
277 2633 312 2660 τὰ
325 2633 390 2668 περὶ
405 2632 452 2659 σοῦ
473 2632 591 2665 ἀκούειν,
620 2632 652 2658 οὐ
666 2631 740 2665 λέγω
751 2630 877 2664 ἐντάφια,

81 2678 154 2706 ἀλλά
165 2679 214 2705 καὶ
226 2681 289 2712 νοσὴ
295 2687 370 2713 ματα
389 2678 586 2713 ὲπιθανάσιμα.
605 2677 662 2704 Καὶ
678 2677 722 2703 ἵνα
735 2677 762 2703 τι
776 2675 875 2709 οὕτως,

85 2725 177 2760 μῆτέρ
189 2733 251 2759 μου,
264 2724 338 2751 εἵλου
359 2725 433 2760 ἡμᾶς
446 2725 537 2757 ἐᾶσαι,
551 2723 719 2759 ἀγαπήσασα
743 2723 789 2749 τὸν
812 2722 877 2756 μέλ-

82 2769 166 2796 λοντα
191 2769 297 2802 aliive;
317 2769 470 2805 ἐκδημῆσαι
491 2769 537 2803 ἀφ’
553 2768 642 2804 ἡμῶν,
657 2768 703 2794 καὶ
725 2766 876 2802 ἐνδημῆσαι

961 2442 989 2469 Si
1006 2440 1063 2468 ﬁeri
1084 2443 1176 2475 posset
1190 2443 1219 2465 ut
1234 2438 1260 2465 in
1282 2438 1380 2465 litteris
1397 2437 1522 2472 lacrymre
1533 2437 1715 2470 deferrentur,

927 2487 971 2514 bis
985 2485 1091 2521 plenam
1107 2484 1178 2510 banc
1200 2482 1342 2517 epistolam
1361 2489 1460 2514 meam,
1478 2481 1592 2508 colenda
1614 2485 1642 2508 et
1656 2482 1718 2508 dul-

928 2533 967 2561 cis
986 2533 1097 2566 Deoque
1115 2533 1226 2563 accepta
1250 2532 1347 2559 mater,
1373 2527 1415 2554 bis
1438 2527 1535 2554 diebus
1557 2527 1590 2554 ad
1612 2530 1637 2553 te
1663 2527 1717 2554 mi-

929 2578 1035 2605 sissem.
1054 2575 1159 2602 Revera
1175 2574 1247 2601 enim
1260 2572 1498 2608 impatientissime
1516 2571 1586 2604 fero,
1603 2579 1665 2599 eum
1683 2572 1718 2600 de

930 2624 1013 2650 rebus
1034 2621 1087 2649 tuis
1107 2620 1198 2652 audio,
1212 2627 1267 2647 non
1294 2619 1356 2646 dico
1380 2618 1515 2649 funebria.
1531 2618 1579 2645 sed
1606 2618 1718 2645 morbos

930 2670 1013 2697 etiam
1029 2667 1155 2695 lethales.
1171 2666 1210 2694 Ac
1230 2672 1361 2701 quorsum
1384 2664 1420 2691 ita
1435 2671 1497 2696 nos,
1513 2668 1610 2696 mater,
1635 2664 1718 2690 relin-

931 2724 1015 2752 quere
1028 2715 1107 2743 libuit
1125 2713 1210 2741 futuri
1226 2713 1317 2740 steculi
1334 2711 1492 2739 desiderio?
1510 2719 1525 2738 a
1540 2710 1619 2737 nobis
1630 2710 1716 2742 abire,

930 2767 958 2791 et
968 2763 1001 2790 ad
1022 2761 1169 2789 Dominum
1196 2758 1356 2795 proﬁcisci?
1371 2757 1425 2785 Sed
1449 2761 1478 2784 tu
1492 2757 1634 2790 nimirum,
1657 2764 1718 2791 qua:

123 2827 145 2842 "
160 2825 170 2852 Ι
183 2825 244 2854 Cor.
266 2834 297 2860 ιι,
314 2826 338 2854 1.
377 2825 400 2841 ¹⁰
412 2825 502 2861 chul.
517 2825 567 2860 fus.
580 2824 692 2859 diaput.,
708 2822 864 2858 interrogat.
879 2821 925 2848 27.
963 2820 983 2836 "
1000 2819 1160 2855 luterrogat.
1178 2818 1222 2846 47.
1261 2818 1283 2834 ”
1300 2815 1400 2852 Regula
1412 2816 1457 2849 72,
1475 2823 1535 2851 cap.
1551 2815 1578 2842 Ι.
1615 2816 1638 2832 ³³
1650 2815 1718 2852 Reg.

85 2862 131 2894 70,
146 2870 207 2896 cap.
220 2861 264 2888 57.
