  <div class='ocr_page' id='page_1' title='image "/cluster/home/n/w/nwhite01/storage/ocr_20150623/99/njp.32101010943858/493.png"; bbox 0 0 1924 3077; ppageno 0'>
   <div class='ocr_carea' id='block_1_1' title="bbox 204 139 255 172">
    <p class='ocr_par' dir='ltr' id='par_1_1' title="bbox 204 139 255 172">
     <span class='ocr_line' id='line_1_1' title="bbox 204 139 255 172; baseline 0 -1"><span class='ocrx_word' id='word_1_1' title='bbox 204 139 255 172; x_wconf 70' lang='grc' dir='ltr'><strong>ΩΞῚ</strong></span> 
     </span>
    </p>
   </div>
   <div class='ocr_carea' id='block_1_2' title="bbox 797 142 1245 173">
    <p class='ocr_par' dir='ltr' id='par_1_2' title="bbox 797 142 1245 173">
     <span class='ocr_line' id='line_1_2' title="bbox 797 142 1245 173; baseline 0 -1"><span class='ocrx_word' id='word_1_2' title='bbox 797 143 828 172; x_wconf 87' lang='lat' dir='ltr'><strong>S.</strong></span> <span class='ocrx_word' id='word_1_3' title='bbox 848 142 1044 173; x_wconf 76' lang='lat' dir='ltr'><strong>TllEODORI</strong></span> <span class='ocrx_word' id='word_1_4' title='bbox 1069 142 1140 172; x_wconf 86' lang='lat' dir='ltr'><strong>STU</strong></span> <span class='ocrx_word' id='word_1_5' title='bbox 1146 142 1245 172; x_wconf 71' lang='lat' dir='ltr'><strong>DlT/E</strong></span> 
     </span>
    </p>
   </div>
   <div class='ocr_carea' id='block_1_3' title="bbox 1788 134 1842 169">
    <p class='ocr_par' dir='ltr' id='par_1_3' title="bbox 1788 134 1842 169">
     <span class='ocr_line' id='line_1_3' title="bbox 1788 134 1842 169; baseline -0.019 0"><span class='ocrx_word' id='word_1_6' title='bbox 1788 134 1842 169; x_wconf 73' lang='lat'><strong>9&#39;28</strong></span> 
     </span>
    </p>
   </div>
   <div class='ocr_carea' id='block_1_4' title="bbox 203 193 994 233">
    <p class='ocr_par' dir='ltr' id='par_1_4' title="bbox 203 194 994 230">
     <span class='ocr_line' id='line_1_4' title="bbox 203 194 994 230; baseline 0.003 -8"><span class='ocrx_word' id='word_1_7' title='bbox 203 194 241 222; x_wconf 98' lang='lat' dir='ltr'><strong>ibi</strong></span> <span class='ocrx_word' id='word_1_8' title='bbox 255 198 321 222; x_wconf 85' lang='lat' dir='ltr'><strong>sunt</strong></span> <span class='ocrx_word' id='word_1_9' title='bbox 333 194 487 228; x_wconf 79' lang='lat' dir='ltr'><strong>adamaras,</strong></span> <span class='ocrx_word' id='word_1_10' title='bbox 503 199 666 230; x_wconf 88' lang='lat' dir='ltr'><strong>mutatoque</strong></span> <span class='ocrx_word' id='word_1_11' title='bbox 676 196 808 230; x_wconf 83' lang='lat' dir='ltr'><strong>majorem</strong></span> <span class='ocrx_word' id='word_1_12' title='bbox 823 198 860 224; x_wconf 89' lang='lat' dir='ltr'><strong>ob</strong></span> <span class='ocrx_word' id='word_1_13' title='bbox 872 197 994 225; x_wconf 80' lang='lat' dir='ltr'><strong>eﬂ‘ectum</strong></span> 
     </span>
    </p>
   </div>
   <div class='ocr_carea' id='block_1_5' title="bbox 1046 193 1843 233">
    <p class='ocr_par' dir='ltr' id='par_1_5' title="bbox 1053 193 1843 233">
     <span class='ocr_line' id='line_1_5' title="bbox 1053 193 1843 233; baseline -0.008 -8"><span class='ocrx_word' id='word_1_14' title='bbox 1053 197 1122 233; x_wconf 73' lang='grc' dir='ltr'>πρὸς</span> <span class='ocrx_word' id='word_1_15' title='bbox 1142 197 1259 233; x_wconf 84' lang='grc' dir='ltr'>Κύριον;</span> <span class='ocrx_word' id='word_1_16' title='bbox 1279 195 1362 222; x_wconf 78' lang='grc' dir='ltr'>Ἀλλά</span> <span class='ocrx_word' id='word_1_17' title='bbox 1377 195 1411 222; x_wconf 84' lang='grc' dir='ltr'>τὰ</span> <span class='ocrx_word' id='word_1_18' title='bbox 1426 195 1485 222; x_wconf 76' lang='grc' dir='ltr'>ἐκεῖ</span> <span class='ocrx_word' id='word_1_19' title='bbox 1502 194 1610 226; x_wconf 78' lang='grc' dir='ltr'>πάντως</span> <span class='ocrx_word' id='word_1_20' title='bbox 1621 193 1795 229; x_wconf 71' lang='grc' dir='ltr'>ἦγαπήκιις·</span> <span class='ocrx_word' id='word_1_21' title='bbox 1811 194 1843 219; x_wconf 75' lang='grc' dir='ltr'>ὲκ</span> 
     </span>
    </p>
   </div>
   <div class='ocr_carea' id='block_1_6' title="bbox 203 241 996 277">
    <p class='ocr_par' dir='ltr' id='par_1_6' title="bbox 203 241 996 277">
     <span class='ocr_line' id='line_1_6' title="bbox 203 241 996 277; baseline 0.005 -9"><span class='ocrx_word' id='word_1_22' title='bbox 203 241 352 276; x_wconf 83' lang='lat' dir='ltr'><strong>proposito,</strong></span> <span class='ocrx_word' id='word_1_23' title='bbox 370 241 404 268; x_wconf 90' lang='lat' dir='ltr'><strong>ad</strong></span> <span class='ocrx_word' id='word_1_24' title='bbox 425 241 564 277; x_wconf 80' lang='lat' dir='ltr'><strong>egregiam</strong></span> <span class='ocrx_word' id='word_1_25' title='bbox 580 246 757 277; x_wconf 87' lang='lat' dir='ltr'><strong>sanctamque</strong></span> <span class='ocrx_word' id='word_1_26' title='bbox 773 250 895 271; x_wconf 88' lang='lat' dir='ltr'><strong>sororem</strong></span> <span class='ocrx_word' id='word_1_27' title='bbox 907 252 996 272; x_wconf 85' lang='lat' dir='ltr'><strong>meam</strong></span> 
     </span>
    </p>
   </div>
   <div class='ocr_carea' id='block_1_7' title="bbox 205 287 995 322">
    <p class='ocr_par' dir='ltr' id='par_1_7' title="bbox 205 287 995 322">
     <span class='ocr_line' id='line_1_7' title="bbox 205 287 995 322; baseline 0.005 -9"><span class='ocrx_word' id='word_1_28' title='bbox 205 287 350 321; x_wconf 81' lang='lat' dir='ltr'><strong>pervenire</strong></span> <span class='ocrx_word' id='word_1_29' title='bbox 368 287 516 322; x_wconf 77' lang='lat' dir='ltr'><strong>gestiebas,</strong></span> <span class='ocrx_word' id='word_1_30' title='bbox 534 292 561 315; x_wconf 90' lang='lat' dir='ltr'><strong>et</strong></span> <span class='ocrx_word' id='word_1_31' title='bbox 572 288 605 315; x_wconf 90' lang='lat' dir='ltr'><strong>ad</strong></span> <span class='ocrx_word' id='word_1_32' title='bbox 624 288 730 315; x_wconf 87' lang='lat' dir='ltr'><strong>dulcem</strong></span> <span class='ocrx_word' id='word_1_33' title='bbox 743 288 886 316; x_wconf 92' lang='lat' dir='ltr'><strong>dominum</strong></span> <span class='ocrx_word' id='word_1_34' title='bbox 903 297 995 317; x_wconf 89' lang='lat' dir='ltr'><strong>meum</strong></span> 
     </span>
    </p>
   </div>
   <div class='ocr_carea' id='block_1_8' title="bbox 204 332 997 367">
    <p class='ocr_par' dir='ltr' id='par_1_8' title="bbox 204 332 997 367">
     <span class='ocr_line' id='line_1_8' title="bbox 204 332 997 367; baseline 0.005 -9"><span class='ocrx_word' id='word_1_35' title='bbox 204 332 391 367; x_wconf 79' lang='lat' dir='ltr'><strong>Eutltymium,</strong></span> <span class='ocrx_word' id='word_1_36' title='bbox 407 337 455 360; x_wconf 90' lang='lat' dir='ltr'><strong>aut</strong></span> <span class='ocrx_word' id='word_1_37' title='bbox 466 333 500 360; x_wconf 85' lang='lat' dir='ltr'><strong>ad</strong></span> <span class='ocrx_word' id='word_1_38' title='bbox 522 333 612 367; x_wconf 92' lang='lat' dir='ltr'><strong>ipsum</strong></span> <span class='ocrx_word' id='word_1_39' title='bbox 634 333 726 367; x_wconf 92' lang='lat' dir='ltr'><strong>potius</strong></span> <span class='ocrx_word' id='word_1_40' title='bbox 751 339 908 362; x_wconf 89' lang='lat' dir='ltr'><strong>sanctorum</strong></span> <span class='ocrx_word' id='word_1_41' title='bbox 930 335 997 362; x_wconf 89' lang='lat' dir='ltr'><strong>cho-</strong></span> 
     </span>
    </p>
   </div>
   <div class='ocr_carea' id='block_1_9' title="bbox 204 377 995 416">
    <p class='ocr_par' dir='ltr' id='par_1_9' title="bbox 204 377 995 416">
     <span class='ocr_line' id='line_1_9' title="bbox 204 377 995 416; baseline 0.005 -12"><span class='ocrx_word' id='word_1_42' title='bbox 204 385 273 404; x_wconf 90' lang='lat' dir='ltr'><strong>rum.</strong></span> <span class='ocrx_word' id='word_1_43' title='bbox 292 377 325 404; x_wconf 85' lang='lat' dir='ltr'><strong>Et</strong></span> <span class='ocrx_word' id='word_1_44' title='bbox 345 386 400 413; x_wconf 91' lang='lat' dir='ltr'><strong>quo</strong></span> <span class='ocrx_word' id='word_1_45' title='bbox 425 383 517 413; x_wconf 87' lang='lat' dir='ltr'><strong>pacto,</strong></span> <span class='ocrx_word' id='word_1_46' title='bbox 537 383 634 410; x_wconf 88' lang='lat' dir='ltr'><strong>mater,</strong></span> <span class='ocrx_word' id='word_1_47' title='bbox 659 379 718 405; x_wconf 83' lang='lat' dir='ltr'><strong>sine</strong></span> <span class='ocrx_word' id='word_1_48' title='bbox 740 379 865 415; x_wconf 71' lang='lat' dir='ltr'><strong>lacrymis</strong></span> <span class='ocrx_word' id='word_1_49' title='bbox 886 388 995 416; x_wconf 83' lang='lat' dir='ltr'><strong>pergam</strong></span> 
     </span>
    </p>
   </div>
   <div class='ocr_carea' id='block_1_10' title="bbox 203 422 997 458">
    <p class='ocr_par' dir='ltr' id='par_1_10' title="bbox 203 422 997 458">
     <span class='ocr_line' id='line_1_10' title="bbox 203 422 997 458; baseline 0.004 -9"><span class='ocrx_word' id='word_1_50' title='bbox 203 422 346 456; x_wconf 76' lang='lat' dir='ltr'><strong>epistolam</strong></span> <span class='ocrx_word' id='word_1_51' title='bbox 372 423 544 450; x_wconf 80' lang='lat' dir='ltr'><strong>contexere?</strong></span> <span class='ocrx_word' id='word_1_52' title='bbox 561 423 632 458; x_wconf 89' lang='lat' dir='ltr'><strong>Ergo</strong></span> <span class='ocrx_word' id='word_1_53' title='bbox 654 423 681 450; x_wconf 88' lang='lat' dir='ltr'><strong>id</strong></span> <span class='ocrx_word' id='word_1_54' title='bbox 704 423 839 458; x_wconf 87' lang='lat' dir='ltr'><strong>reliquum</strong></span> <span class='ocrx_word' id='word_1_55' title='bbox 860 424 911 451; x_wconf 83' lang='lat' dir='ltr'><strong>fuit</strong></span> <span class='ocrx_word' id='word_1_56' title='bbox 931 425 997 453; x_wconf 80' lang='lat' dir='ltr'><strong>infe-</strong></span> 
     </span>
    </p>
   </div>
   <div class='ocr_carea' id='block_1_11' title="bbox 204 468 996 504">
    <p class='ocr_par' dir='ltr' id='par_1_11' title="bbox 204 468 996 504">
     <span class='ocr_line' id='line_1_11' title="bbox 204 468 996 504; baseline 0.004 -9"><span class='ocrx_word' id='word_1_57' title='bbox 204 468 247 496; x_wconf 88' lang='lat' dir='ltr'><strong>lici</strong></span> <span class='ocrx_word' id='word_1_58' title='bbox 268 469 330 496; x_wconf 59' lang='lat' dir='ltr'><strong>vitae</strong></span> <span class='ocrx_word' id='word_1_59' title='bbox 352 477 429 499; x_wconf 66' lang='lat' dir='ltr'><strong>meae.</strong></span> <span class='ocrx_word' id='word_1_60' title='bbox 446 473 476 496; x_wconf 89' lang='lat' dir='ltr'><strong>ut</strong></span> <span class='ocrx_word' id='word_1_61' title='bbox 487 475 601 496; x_wconf 87' lang='lat' dir='ltr'><strong>mortem</strong></span> <span class='ocrx_word' id='word_1_62' title='bbox 615 477 726 504; x_wconf 85' lang='lat' dir='ltr'><strong>quoque</strong></span> <span class='ocrx_word' id='word_1_63' title='bbox 756 474 831 497; x_wconf 87' lang='lat' dir='ltr'><strong>tuam</strong></span> <span class='ocrx_word' id='word_1_64' title='bbox 862 471 996 498; x_wconf 83' lang='lat' dir='ltr'><strong>audiam?</strong></span> 
     </span>
    </p>
   </div>
   <div class='ocr_carea' id='block_1_12' title="bbox 204 513 995 549">
    <p class='ocr_par' dir='ltr' id='par_1_12' title="bbox 204 513 995 549">
     <span class='ocr_line' id='line_1_12' title="bbox 204 513 995 549; baseline 0.005 -9"><span class='ocrx_word' id='word_1_65' title='bbox 204 514 388 548; x_wconf 77' lang='lat' dir='ltr'><strong>utlugubrem</strong></span> <span class='ocrx_word' id='word_1_66' title='bbox 403 513 452 541; x_wconf 86' lang='lat' dir='ltr'><strong>tibi</strong></span> <span class='ocrx_word' id='word_1_67' title='bbox 474 518 585 541; x_wconf 92' lang='lat' dir='ltr'><strong>cantum</strong></span> <span class='ocrx_word' id='word_1_68' title='bbox 611 514 791 549; x_wconf 84' lang='lat' dir='ltr'><strong>impendam?</strong></span> <span class='ocrx_word' id='word_1_69' title='bbox 809 520 838 543; x_wconf 88' lang='lat' dir='ltr'><strong>ut</strong></span> <span class='ocrx_word' id='word_1_70' title='bbox 860 516 995 544; x_wconf 88' lang='lat' dir='ltr'><strong>tumulum</strong></span> 
     </span>
    </p>
   </div>
   <div class='ocr_carea' id='block_1_13' title="bbox 204 559 996 596">
    <p class='ocr_par' dir='ltr' id='par_1_13' title="bbox 204 559 996 596">
     <span class='ocr_line' id='line_1_13' title="bbox 204 559 996 596; baseline 0.004 -10"><span class='ocrx_word' id='word_1_71' title='bbox 204 565 281 586; x_wconf 90' lang='lat' dir='ltr'><strong>tuum</strong></span> <span class='ocrx_word' id='word_1_72' title='bbox 305 567 431 591; x_wconf 73' lang='lat' dir='ltr'><strong>cernens.</strong></span> <span class='ocrx_word' id='word_1_73' title='bbox 453 559 545 595; x_wconf 86' lang='lat' dir='ltr'><strong>elegos</strong></span> <span class='ocrx_word' id='word_1_74' title='bbox 572 559 742 586; x_wconf 81' lang='lat' dir='ltr'><strong>inscribam?</strong></span> <span class='ocrx_word' id='word_1_75' title='bbox 769 565 797 587; x_wconf 88' lang='lat' dir='ltr'><strong>ut</strong></span> <span class='ocrx_word' id='word_1_76' title='bbox 823 564 852 587; x_wconf 91' lang='lat' dir='ltr'><strong>tu</strong></span> <span class='ocrx_word' id='word_1_77' title='bbox 881 569 996 596; x_wconf 85' lang='lat' dir='ltr'><strong>corpore</strong></span> 
     </span>
    </p>
   </div>
   <div class='ocr_carea' id='block_1_14' title="bbox 203 603 994 639">
    <p class='ocr_par' dir='ltr' id='par_1_14' title="bbox 203 603 994 639">
     <span class='ocr_line' id='line_1_14' title="bbox 203 603 994 639; baseline 0.005 -9"><span class='ocrx_word' id='word_1_78' title='bbox 203 604 313 638; x_wconf 90' lang='lat' dir='ltr'><strong>quidem</strong></span> <span class='ocrx_word' id='word_1_79' title='bbox 327 603 378 630; x_wconf 87' lang='lat' dir='ltr'><strong>sub</strong></span> <span class='ocrx_word' id='word_1_80' title='bbox 390 607 461 630; x_wconf 87' lang='lat' dir='ltr'><strong>terra</strong></span> <span class='ocrx_word' id='word_1_81' title='bbox 475 603 621 638; x_wconf 87' lang='lat' dir='ltr'><strong>deponaris</strong></span> <span class='ocrx_word' id='word_1_82' title='bbox 636 612 643 630; x_wconf 85' lang='lat'><strong>:</strong></span> <span class='ocrx_word' id='word_1_83' title='bbox 660 604 758 638; x_wconf 85' lang='lat' dir='ltr'><strong>spiritu</strong></span> <span class='ocrx_word' id='word_1_84' title='bbox 774 604 859 637; x_wconf 89' lang='lat' dir='ltr'><strong>enim,</strong></span> <span class='ocrx_word' id='word_1_85' title='bbox 875 611 916 633; x_wconf 87' lang='lat' dir='ltr'><strong>sat</strong></span> <span class='ocrx_word' id='word_1_86' title='bbox 926 607 994 639; x_wconf 86' lang='lat' dir='ltr'><strong>scio,</strong></span> 
     </span>
    </p>
   </div>
   <div class='ocr_carea' id='block_1_15' title="bbox 204 650 993 686">
    <p class='ocr_par' dir='ltr' id='par_1_15' title="bbox 204 650 993 686">
     <span class='ocr_line' id='line_1_15' title="bbox 204 650 993 686; baseline 0.004 -9"><span class='ocrx_word' id='word_1_87' title='bbox 204 651 231 677; x_wconf 89' lang='lat' dir='ltr'><strong>in</strong></span> <span class='ocrx_word' id='word_1_88' title='bbox 254 650 325 678; x_wconf 70' lang='lat' dir='ltr'><strong>caelo</strong></span> <span class='ocrx_word' id='word_1_89' title='bbox 346 650 501 677; x_wconf 86' lang='lat' dir='ltr'><strong>babitabis:</strong></span> <span class='ocrx_word' id='word_1_90' title='bbox 524 658 575 685; x_wconf 90' lang='lat' dir='ltr'><strong>ego</strong></span> <span class='ocrx_word' id='word_1_91' title='bbox 603 658 670 678; x_wconf 85' lang='lat' dir='ltr'><strong>vero</strong></span> <span class='ocrx_word' id='word_1_92' title='bbox 696 651 723 677; x_wconf 91' lang='lat' dir='ltr'><strong>iu</strong></span> <span class='ocrx_word' id='word_1_93' title='bbox 752 655 825 678; x_wconf 90' lang='lat' dir='ltr'><strong>terra</strong></span> <span class='ocrx_word' id='word_1_94' title='bbox 857 660 993 686; x_wconf 89' lang='lat' dir='ltr'><strong>maneam,</strong></span> 
     </span>
    </p>
   </div>
   <div class='ocr_carea' id='block_1_16' title="bbox 206 694 996 730">
    <p class='ocr_par' dir='ltr' id='par_1_16' title="bbox 206 694 996 730">
     <span class='ocr_line' id='line_1_16' title="bbox 206 694 996 730; baseline 0.006 -9"><span class='ocrx_word' id='word_1_95' title='bbox 206 695 311 722; x_wconf 88' lang='lat' dir='ltr'><strong>tristem</strong></span> <span class='ocrx_word' id='word_1_96' title='bbox 327 695 419 722; x_wconf 84' lang='lat' dir='ltr'><strong>adhuc</strong></span> <span class='ocrx_word' id='word_1_97' title='bbox 433 699 461 722; x_wconf 92' lang='lat' dir='ltr'><strong>et</strong></span> <span class='ocrx_word' id='word_1_98' title='bbox 481 694 600 730; x_wconf 83' lang='lat' dir='ltr'><strong>peccatis</strong></span> <span class='ocrx_word' id='word_1_99' title='bbox 613 695 730 722; x_wconf 88' lang='lat' dir='ltr'><strong>obsitam</strong></span> <span class='ocrx_word' id='word_1_100' title='bbox 750 696 834 724; x_wconf 90' lang='lat' dir='ltr'><strong>vitam</strong></span> <span class='ocrx_word' id='word_1_101' title='bbox 856 698 969 726; x_wconf 87' lang='lat' dir='ltr'><strong>trahens</strong></span> <span class='ocrx_word' id='word_1_102' title='bbox 984 699 996 726; x_wconf 72' lang='grc'><strong><em>2</em></strong></span> 
     </span>
    </p>
   </div>
   <div class='ocr_carea' id='block_1_17' title="bbox 204 740 992 774">
    <p class='ocr_par' dir='ltr' id='par_1_17' title="bbox 204 740 992 774">
     <span class='ocr_line' id='line_1_17' title="bbox 204 740 992 774; baseline 0.006 -7"><span class='ocrx_word' id='word_1_103' title='bbox 204 741 345 774; x_wconf 80' lang='lat' dir='ltr'><strong>Quomodo</strong></span> <span class='ocrx_word' id='word_1_104' title='bbox 364 741 422 768; x_wconf 55' lang='lat' dir='ltr'><strong>hac</strong></span> <span class='ocrx_word' id='word_1_105' title='bbox 441 740 574 768; x_wconf 84' lang='lat' dir='ltr'><strong>ferenda?</strong></span> <span class='ocrx_word' id='word_1_106' title='bbox 589 741 655 768; x_wconf 84' lang='lat' dir='ltr'><strong>mihi</strong></span> <span class='ocrx_word' id='word_1_107' title='bbox 679 749 745 769; x_wconf 90' lang='lat' dir='ltr'><strong>vero</strong></span> <span class='ocrx_word' id='word_1_108' title='bbox 770 750 824 770; x_wconf 93' lang='lat' dir='ltr'><strong>non</strong></span> <span class='ocrx_word' id='word_1_109' title='bbox 853 744 992 772; x_wconf 86' lang='lat' dir='ltr'><strong>eveniant.</strong></span> 
     </span>
    </p>
   </div>
   <div class='ocr_carea' id='block_1_18' title="bbox 204 786 994 821">
    <p class='ocr_par' dir='ltr' id='par_1_18' title="bbox 204 786 994 821">
     <span class='ocr_line' id='line_1_18' title="bbox 204 786 994 821; baseline 0.005 -9"><span class='ocrx_word' id='word_1_110' title='bbox 204 787 334 814; x_wconf 82' lang='lat' dir='ltr'><strong>Altamen</strong></span> <span class='ocrx_word' id='word_1_111' title='bbox 352 786 536 821; x_wconf 89' lang='lat' dir='ltr'><strong>permittenda</strong></span> <span class='ocrx_word' id='word_1_112' title='bbox 560 791 624 814; x_wconf 91' lang='lat' dir='ltr'><strong>sunt</strong></span> <span class='ocrx_word' id='word_1_113' title='bbox 639 787 732 814; x_wconf 81' lang='lat' dir='ltr'><strong>omnia</strong></span> <span class='ocrx_word' id='word_1_114' title='bbox 754 788 870 815; x_wconf 89' lang='lat' dir='ltr'><strong>consilio</strong></span> <span class='ocrx_word' id='word_1_115' title='bbox 895 789 994 816; x_wconf 90' lang='lat' dir='ltr'><strong>volun-</strong></span> 
     </span>
    </p>
   </div>
   <div class='ocr_carea' id='block_1_19' title="bbox 205 831 993 868">
    <p class='ocr_par' dir='ltr' id='par_1_19' title="bbox 205 831 993 868">
     <span class='ocr_line' id='line_1_19' title="bbox 205 831 993 868; baseline 0.006 -10"><span class='ocrx_word' id='word_1_116' title='bbox 205 831 308 866; x_wconf 84' lang='lat' dir='ltr'><strong>tatique</strong></span> <span class='ocrx_word' id='word_1_117' title='bbox 327 831 423 866; x_wconf 88' lang='lat' dir='ltr'><strong>optimi</strong></span> <span class='ocrx_word' id='word_1_118' title='bbox 438 831 486 858; x_wconf 84' lang='lat' dir='ltr'><strong>Dei</strong></span> <span class='ocrx_word' id='word_1_119' title='bbox 507 832 604 859; x_wconf 83' lang='lat' dir='ltr'><strong>nostri.</strong></span> <span class='ocrx_word' id='word_1_120' title='bbox 619 832 702 860; x_wconf 87' lang='lat' dir='ltr'><strong>Novit</strong></span> <span class='ocrx_word' id='word_1_121' title='bbox 712 833 786 860; x_wconf 86' lang='lat' dir='ltr'><strong>enim</strong></span> <span class='ocrx_word' id='word_1_122' title='bbox 804 833 869 868; x_wconf 89' lang='lat' dir='ltr'><strong>quid</strong></span> <span class='ocrx_word' id='word_1_123' title='bbox 891 835 993 863; x_wconf 92' lang='lat' dir='ltr'><strong>condu-</strong></span> 
     </span>
    </p>
   </div>
   <div class='ocr_carea' id='block_1_20' title="bbox 205 873 1033 917">
    <p class='ocr_par' dir='ltr' id='par_1_20' title="bbox 205 873 1033 917">
     <span class='ocr_line' id='line_1_20' title="bbox 205 873 1033 917; baseline 0.002 -11"><span class='ocrx_word' id='word_1_124' title='bbox 205 884 250 906; x_wconf 87' lang='lat' dir='ltr'><strong>cat</strong></span> <span class='ocrx_word' id='word_1_125' title='bbox 267 879 413 914; x_wconf 86' lang='lat' dir='ltr'><strong>unicuique</strong></span> <span class='ocrx_word' id='word_1_126' title='bbox 436 884 580 906; x_wconf 86' lang='lat' dir='ltr'><strong>nostrum:</strong></span> <span class='ocrx_word' id='word_1_127' title='bbox 596 879 661 913; x_wconf 89' lang='lat' dir='ltr'><strong>quid</strong></span> <span class='ocrx_word' id='word_1_128' title='bbox 683 887 753 914; x_wconf 86' lang='lat' dir='ltr'><strong>opus</strong></span> <span class='ocrx_word' id='word_1_129' title='bbox 772 881 819 914; x_wconf 81' lang='lat' dir='ltr'><strong>sit,</strong></span> <span class='ocrx_word' id='word_1_130' title='bbox 846 880 993 917; x_wconf 77' lang='lat' dir='ltr'><strong>intelligit;</strong></span> <span class='ocrx_word' id='word_1_131' title='bbox 1012 873 1033 902; x_wconf 73' lang='grc' dir='ltr'><strong><em>Β</em></strong></span> 
     </span>
    </p>
   </div>
   <div class='ocr_carea' id='block_1_21' title="bbox 202 924 996 960">
    <p class='ocr_par' dir='ltr' id='par_1_21' title="bbox 202 924 996 960">
     <span class='ocr_line' id='line_1_21' title="bbox 202 924 996 960; baseline 0.004 -9"><span class='ocrx_word' id='word_1_132' title='bbox 202 925 274 960; x_wconf 91' lang='lat' dir='ltr'><strong>quod</strong></span> <span class='ocrx_word' id='word_1_133' title='bbox 287 933 437 960; x_wconf 87' lang='lat' dir='ltr'><strong>congruum</strong></span> <span class='ocrx_word' id='word_1_134' title='bbox 461 929 514 956; x_wconf 85' lang='lat' dir='ltr'><strong>est,</strong></span> <span class='ocrx_word' id='word_1_135' title='bbox 539 924 671 960; x_wconf 87' lang='lat' dir='ltr'><strong>adaptat;</strong></span> <span class='ocrx_word' id='word_1_136' title='bbox 696 924 813 953; x_wconf 87' lang='lat' dir='ltr'><strong>ﬁliorum</strong></span> <span class='ocrx_word' id='word_1_137' title='bbox 835 934 931 954; x_wconf 84' lang='lat' dir='ltr'><strong>amans</strong></span> <span class='ocrx_word' id='word_1_138' title='bbox 953 931 996 954; x_wconf 87' lang='lat' dir='ltr'><strong>est</strong></span> 
     </span>
    </p>
   </div>
   <div class='ocr_carea' id='block_1_22' title="bbox 204 971 996 1008">
    <p class='ocr_par' dir='ltr' id='par_1_22' title="bbox 204 971 996 1008">
     <span class='ocr_line' id='line_1_22' title="bbox 204 971 996 1008; baseline 0.004 -11"><span class='ocrx_word' id='word_1_139' title='bbox 204 971 292 1004; x_wconf 75' lang='lat' dir='ltr'><strong>Pater,</strong></span> <span class='ocrx_word' id='word_1_140' title='bbox 307 976 381 999; x_wconf 87' lang='lat' dir='ltr'><strong>recte</strong></span> <span class='ocrx_word' id='word_1_141' title='bbox 388 971 479 998; x_wconf 85' lang='lat' dir='ltr'><strong>omnia</strong></span> <span class='ocrx_word' id='word_1_142' title='bbox 492 971 625 1006; x_wconf 84' lang='lat' dir='ltr'><strong>disponit.</strong></span> <span class='ocrx_word' id='word_1_143' title='bbox 643 972 722 1005; x_wconf 85' lang='lat' dir='ltr'><strong>scite,</strong></span> <span class='ocrx_word' id='word_1_144' title='bbox 733 973 870 1005; x_wconf 86' lang='lat' dir='ltr'><strong>consulte,</strong></span> <span class='ocrx_word' id='word_1_145' title='bbox 886 973 996 1008; x_wconf 83' lang='lat' dir='ltr'><strong>sapien-</strong></span> 
     </span>
    </p>
   </div>
   <div class='ocr_carea' id='block_1_23' title="bbox 203 1017 995 1054">
    <p class='ocr_par' dir='ltr' id='par_1_23' title="bbox 203 1017 995 1054">
     <span class='ocr_line' id='line_1_23' title="bbox 203 1017 995 1054; baseline 0.004 -10"><span class='ocrx_word' id='word_1_146' title='bbox 203 1022 254 1050; x_wconf 86' lang='lat' dir='ltr'><strong>ter,</strong></span> <span class='ocrx_word' id='word_1_147' title='bbox 277 1017 389 1052; x_wconf 86' lang='lat' dir='ltr'><strong>pulchre</strong></span> <span class='ocrx_word' id='word_1_148' title='bbox 401 1025 526 1052; x_wconf 79' lang='lat' dir='ltr'><strong>prorsus,</strong></span> <span class='ocrx_word' id='word_1_149' title='bbox 553 1018 749 1046; x_wconf 85' lang='lat' dir='ltr'><strong>indesinenter.</strong></span> <span class='ocrx_word' id='word_1_150' title='bbox 769 1018 812 1051; x_wconf 84' lang='lat' dir='ltr'><strong>Et,</strong></span> <span class='ocrx_word' id='word_1_151' title='bbox 829 1027 847 1046; x_wconf 89' lang='grc' dir='ltr'><strong>ο</strong></span> <span class='ocrx_word' id='word_1_152' title='bbox 858 1020 995 1054; x_wconf 83' lang='lat' dir='ltr'><strong>sapientia</strong></span> 
     </span>
    </p>
   </div>
   <div class='ocr_carea' id='block_1_24' title="bbox 201 1064 994 1100">
    <p class='ocr_par' dir='ltr' id='par_1_24' title="bbox 201 1064 994 1100">
     <span class='ocr_line' id='line_1_24' title="bbox 201 1064 994 1100; baseline 0.004 -9"><span class='ocrx_word' id='word_1_153' title='bbox 201 1068 230 1091; x_wconf 91' lang='lat' dir='ltr'><strong>et</strong></span> <span class='ocrx_word' id='word_1_154' title='bbox 241 1065 355 1092; x_wconf 85' lang='lat' dir='ltr'><strong>altitudo</strong></span> <span class='ocrx_word' id='word_1_155' title='bbox 370 1064 537 1098; x_wconf 88' lang='lat' dir='ltr'><strong>judiciorum</strong></span> <span class='ocrx_word' id='word_1_156' title='bbox 561 1065 640 1100; x_wconf 83' lang='lat' dir='ltr'><strong>ejus!</strong></span> <span class='ocrx_word' id='word_1_157' title='bbox 657 1065 721 1100; x_wconf 88' lang='lat' dir='ltr'><strong>quia</strong></span> <span class='ocrx_word' id='word_1_158' title='bbox 746 1066 939 1093; x_wconf 85' lang='lat' dir='ltr'><strong>inscrutabiles</strong></span> <span class='ocrx_word' id='word_1_159' title='bbox 966 1071 994 1094; x_wconf 91' lang='lat' dir='ltr'><strong>et</strong></span> 
     </span>
    </p>
   </div>
   <div class='ocr_carea' id='block_1_25' title="bbox 202 1109 994 1146">
    <p class='ocr_par' dir='ltr' id='par_1_25' title="bbox 202 1109 994 1146">
     <span class='ocr_line' id='line_1_25' title="bbox 202 1109 994 1146; baseline 0.005 -10"><span class='ocrx_word' id='word_1_160' title='bbox 202 1109 405 1146; x_wconf 87' lang='lat' dir='ltr'><strong>investigabiles</strong></span> <span class='ocrx_word' id='word_1_161' title='bbox 427 1110 478 1137; x_wconf 71' lang='lat' dir='ltr'><strong>via:</strong></span> <span class='ocrx_word' id='word_1_162' title='bbox 504 1110 574 1144; x_wconf 87' lang='lat' dir='ltr'><strong>ejus.</strong></span> <span class='ocrx_word' id='word_1_163' title='bbox 592 1110 687 1138; x_wconf 85' lang='lat' dir='ltr'><strong>Priore</strong></span> <span class='ocrx_word' id='word_1_164' title='bbox 713 1111 823 1146; x_wconf 86' lang='lat' dir='ltr'><strong>quidem</strong></span> <span class='ocrx_word' id='word_1_165' title='bbox 843 1112 904 1140; x_wconf 89' lang='lat' dir='ltr'><strong>loco</strong></span> <span class='ocrx_word' id='word_1_166' title='bbox 914 1119 994 1140; x_wconf 84' lang='lat' dir='ltr'><strong>soro-</strong></span> 
     </span>
    </p>
   </div>
   <div class='ocr_carea' id='block_1_26' title="bbox 202 1156 995 1192">
    <p class='ocr_par' dir='ltr' id='par_1_26' title="bbox 202 1156 995 1192">
     <span class='ocr_line' id='line_1_26' title="bbox 202 1156 995 1192; baseline 0.005 -10"><span class='ocrx_word' id='word_1_167' title='bbox 202 1163 260 1182; x_wconf 89' lang='lat' dir='ltr'><strong>rem</strong></span> <span class='ocrx_word' id='word_1_168' title='bbox 281 1156 448 1190; x_wconf 83' lang='lat' dir='ltr'><strong>assumpsit:</strong></span> <span class='ocrx_word' id='word_1_169' title='bbox 466 1157 615 1192; x_wconf 82' lang='lat' dir='ltr'><strong>assumpsit</strong></span> <span class='ocrx_word' id='word_1_170' title='bbox 635 1161 730 1192; x_wconf 84' lang='lat' dir='ltr'><strong>postea</strong></span> <span class='ocrx_word' id='word_1_171' title='bbox 744 1161 773 1184; x_wconf 89' lang='lat' dir='ltr'><strong>et</strong></span> <span class='ocrx_word' id='word_1_172' title='bbox 795 1157 907 1185; x_wconf 79' lang='lat' dir='ltr'><strong>fratrem</strong></span> <span class='ocrx_word' id='word_1_173' title='bbox 920 1168 927 1192; x_wconf 82' lang='lat'><strong>;</strong></span> <span class='ocrx_word' id='word_1_174' title='bbox 940 1164 995 1186; x_wconf 87' lang='lat' dir='ltr'><strong>ter-</strong></span> 
     </span>
    </p>
   </div>
   <div class='ocr_carea' id='block_1_27' title="bbox 202 1201 994 1239">
    <p class='ocr_par' dir='ltr' id='par_1_27' title="bbox 202 1201 994 1239">
     <span class='ocr_line' id='line_1_27' title="bbox 202 1201 994 1239; baseline 0.005 -11"><span class='ocrx_word' id='word_1_175' title='bbox 202 1206 270 1228; x_wconf 30' lang='lat' dir='ltr'><strong>t‘um</strong></span> <span class='ocrx_word' id='word_1_176' title='bbox 287 1201 395 1237; x_wconf 67' lang='lat' dir='ltr'><strong>quaerit.</strong></span> <span class='ocrx_word' id='word_1_177' title='bbox 411 1202 479 1235; x_wconf 83' lang='lat' dir='ltr'><strong>Quis</strong></span> <span class='ocrx_word' id='word_1_178' title='bbox 493 1202 538 1230; x_wconf 84' lang='lat' dir='ltr'><strong>ille</strong></span> <span class='ocrx_word' id='word_1_179' title='bbox 551 1203 661 1230; x_wconf 88' lang='lat' dir='ltr'><strong>tandem</strong></span> <span class='ocrx_word' id='word_1_180' title='bbox 677 1202 788 1231; x_wconf 85' lang='lat' dir='ltr'><strong>futurus</strong></span> <span class='ocrx_word' id='word_1_181' title='bbox 804 1204 868 1231; x_wconf 84' lang='lat' dir='ltr'><strong>est?</strong></span> <span class='ocrx_word' id='word_1_182' title='bbox 882 1204 910 1232; x_wconf 90' lang='lat' dir='ltr'><strong>Si</strong></span> <span class='ocrx_word' id='word_1_183' title='bbox 932 1205 994 1239; x_wconf 92' lang='lat' dir='ltr'><strong>qui-</strong></span> 
     </span>
    </p>
   </div>
   <div class='ocr_carea' id='block_1_28' title="bbox 201 1247 995 1286">
    <p class='ocr_par' dir='ltr' id='par_1_28' title="bbox 201 1247 995 1286">
     <span class='ocr_line' id='line_1_28' title="bbox 201 1247 995 1286; baseline 0.004 -12"><span class='ocrx_word' id='word_1_184' title='bbox 201 1247 263 1274; x_wconf 85' lang='lat' dir='ltr'><strong>dem</strong></span> <span class='ocrx_word' id='word_1_185' title='bbox 278 1247 348 1282; x_wconf 84' lang='lat' dir='ltr'><strong>ipsa,</strong></span> <span class='ocrx_word' id='word_1_186' title='bbox 363 1255 459 1283; x_wconf 84' lang='lat' dir='ltr'><strong>magna</strong></span> <span class='ocrx_word' id='word_1_187' title='bbox 473 1248 532 1275; x_wconf 84' lang='lat' dir='ltr'><strong>laus</strong></span> <span class='ocrx_word' id='word_1_188' title='bbox 543 1252 596 1276; x_wconf 83' lang='lat' dir='ltr'><strong>est.</strong></span> <span class='ocrx_word' id='word_1_189' title='bbox 617 1248 694 1277; x_wconf 88' lang='lat' dir='ltr'><strong>Trini</strong></span> <span class='ocrx_word' id='word_1_190' title='bbox 718 1249 791 1276; x_wconf 87' lang='lat' dir='ltr'><strong>enim</strong></span> <span class='ocrx_word' id='word_1_191' title='bbox 807 1250 914 1277; x_wconf 90' lang='lat' dir='ltr'><strong>numeri</strong></span> <span class='ocrx_word' id='word_1_192' title='bbox 929 1258 995 1286; x_wconf 83' lang='lat' dir='ltr'><strong>par-</strong></span> 
     </span>
    </p>
   </div>
   <div class='ocr_carea' id='block_1_29' title="bbox 203 1295 995 1333">
    <p class='ocr_par' dir='ltr' id='par_1_29' title="bbox 203 1295 995 1333">
     <span class='ocr_line' id='line_1_29' title="bbox 203 1295 995 1333; baseline 0.006 -12"><span class='ocrx_word' id='word_1_193' title='bbox 203 1295 271 1321; x_wconf 76' lang='lat' dir='ltr'><strong>tium</strong></span> <span class='ocrx_word' id='word_1_194' title='bbox 286 1295 398 1329; x_wconf 64' lang='lat' dir='ltr'><strong>pramio</strong></span> <span class='ocrx_word' id='word_1_195' title='bbox 411 1295 624 1330; x_wconf 84' lang='lat' dir='ltr'><strong>appropinquas,</strong></span> <span class='ocrx_word' id='word_1_196' title='bbox 641 1296 696 1324; x_wconf 76' lang='lat' dir='ltr'><strong>vita</strong></span> <span class='ocrx_word' id='word_1_197' title='bbox 722 1297 773 1324; x_wconf 87' lang='lat' dir='ltr'><strong>rite</strong></span> <span class='ocrx_word' id='word_1_198' title='bbox 790 1302 911 1332; x_wconf 86' lang='lat' dir='ltr'><strong>peracta,</strong></span> <span class='ocrx_word' id='word_1_199' title='bbox 933 1307 995 1333; x_wconf 70' lang='lat' dir='ltr'><strong>qua:</strong></span> 
     </span>
    </p>
   </div>
   <div class='ocr_carea' id='block_1_30' title="bbox 203 1340 995 1377">
    <p class='ocr_par' dir='ltr' id='par_1_30' title="bbox 203 1340 995 1377">
     <span class='ocr_line' id='line_1_30' title="bbox 203 1340 995 1377; baseline 0.004 -10"><span class='ocrx_word' id='word_1_200' title='bbox 203 1340 295 1368; x_wconf 84' lang='lat' dir='ltr'><strong>omnia</strong></span> <span class='ocrx_word' id='word_1_201' title='bbox 320 1341 464 1375; x_wconf 85' lang='lat' dir='ltr'><strong>reliquisti,</strong></span> <span class='ocrx_word' id='word_1_202' title='bbox 488 1342 580 1369; x_wconf 86' lang='lat' dir='ltr'><strong>omnia</strong></span> <span class='ocrx_word' id='word_1_203' title='bbox 598 1341 652 1369; x_wconf 87' lang='lat' dir='ltr'><strong>Deo</strong></span> <span class='ocrx_word' id='word_1_204' title='bbox 668 1342 778 1375; x_wconf 91' lang='lat' dir='ltr'><strong>dedisti,</strong></span> <span class='ocrx_word' id='word_1_205' title='bbox 797 1346 889 1377; x_wconf 81' lang='lat' dir='ltr'><strong>caput.</strong></span> <span class='ocrx_word' id='word_1_206' title='bbox 907 1351 995 1370; x_wconf 90' lang='lat' dir='ltr'><strong>mem—</strong></span> 
     </span>
    </p>
   </div>
   <div class='ocr_carea' id='block_1_31' title="bbox 203 1387 996 1423">
    <p class='ocr_par' dir='ltr' id='par_1_31' title="bbox 203 1387 996 1423">
     <span class='ocr_line' id='line_1_31' title="bbox 203 1387 996 1423; baseline 0.005 -10"><span class='ocrx_word' id='word_1_207' title='bbox 203 1387 262 1419; x_wconf 86' lang='lat' dir='ltr'><strong>bra,</strong></span> <span class='ocrx_word' id='word_1_208' title='bbox 280 1387 394 1421; x_wconf 83' lang='lat' dir='ltr'><strong>teipsam</strong></span> <span class='ocrx_word' id='word_1_209' title='bbox 409 1396 416 1414; x_wconf 89' lang='lat'>:</span> <span class='ocrx_word' id='word_1_210' title='bbox 433 1395 494 1421; x_wconf 65' lang='lat' dir='ltr'><strong>quae</strong></span> <span class='ocrx_word' id='word_1_211' title='bbox 508 1388 695 1415; x_wconf 87' lang='lat' dir='ltr'><strong>venerandum</strong></span> <span class='ocrx_word' id='word_1_212' title='bbox 712 1396 813 1423; x_wconf 84' lang='lat' dir='ltr'><strong>corpus</strong></span> <span class='ocrx_word' id='word_1_213' title='bbox 830 1393 906 1416; x_wconf 93' lang='lat' dir='ltr'><strong>tuum</strong></span> <span class='ocrx_word' id='word_1_214' title='bbox 919 1397 996 1417; x_wconf 78' lang='lat' dir='ltr'><strong>exer-</strong></span> 
     </span>
    </p>
   </div>
   <div class='ocr_carea' id='block_1_32' title="bbox 203 1432 995 1463">
    <p class='ocr_par' dir='ltr' id='par_1_32' title="bbox 203 1432 995 1463">
     <span class='ocr_line' id='line_1_32' title="bbox 203 1432 995 1463; baseline 0.004 -3"><span class='ocrx_word' id='word_1_215' title='bbox 203 1432 380 1460; x_wconf 84' lang='lat' dir='ltr'><strong>citationibus</strong></span> <span class='ocrx_word' id='word_1_216' title='bbox 402 1433 553 1460; x_wconf 86' lang='lat' dir='ltr'><strong>attrivisti:</strong></span> <span class='ocrx_word' id='word_1_217' title='bbox 574 1433 656 1461; x_wconf 86' lang='lat' dir='ltr'><strong>vitam</strong></span> <span class='ocrx_word' id='word_1_218' title='bbox 684 1434 776 1461; x_wconf 89' lang='lat' dir='ltr'><strong>multis</strong></span> <span class='ocrx_word' id='word_1_219' title='bbox 800 1434 828 1461; x_wconf 92' lang='lat' dir='ltr'><strong>in</strong></span> <span class='ocrx_word' id='word_1_220' title='bbox 855 1435 995 1463; x_wconf 89' lang='lat' dir='ltr'><strong>laboribus</strong></span> 
     </span>
    </p>
   </div>
   <div class='ocr_carea' id='block_1_33' title="bbox 203 1478 995 1515">
    <p class='ocr_par' dir='ltr' id='par_1_33' title="bbox 203 1478 995 1515">
     <span class='ocr_line' id='line_1_33' title="bbox 203 1478 995 1515; baseline 0.003 -10"><span class='ocrx_word' id='word_1_221' title='bbox 203 1478 315 1513; x_wconf 79' lang='lat' dir='ltr'><strong>exegisti</strong></span> <span class='ocrx_word' id='word_1_222' title='bbox 334 1486 341 1511; x_wconf 90' lang='lat'><strong>;</strong></span> <span class='ocrx_word' id='word_1_223' title='bbox 360 1478 402 1506; x_wconf 89' lang='lat' dir='ltr'><strong>vel</strong></span> <span class='ocrx_word' id='word_1_224' title='bbox 428 1483 532 1506; x_wconf 85' lang='lat' dir='ltr'><strong>arctam</strong></span> <span class='ocrx_word' id='word_1_225' title='bbox 550 1479 641 1514; x_wconf 89' lang='lat' dir='ltr'><strong>potius</strong></span> <span class='ocrx_word' id='word_1_226' title='bbox 669 1484 698 1507; x_wconf 88' lang='lat' dir='ltr'><strong>et</strong></span> <span class='ocrx_word' id='word_1_227' title='bbox 723 1484 866 1515; x_wconf 86' lang='lat' dir='ltr'><strong>angustam</strong></span> <span class='ocrx_word' id='word_1_228' title='bbox 888 1480 995 1508; x_wconf 89' lang='lat' dir='ltr'><strong>Domini</strong></span> 
     </span>
    </p>
   </div>
   <div class='ocr_carea' id='block_1_34' title="bbox 203 1525 996 1562">
    <p class='ocr_par' dir='ltr' id='par_1_34' title="bbox 203 1525 996 1562">
     <span class='ocr_line' id='line_1_34' title="bbox 203 1525 996 1562; baseline 0.003 -10"><span class='ocrx_word' id='word_1_229' title='bbox 203 1526 274 1552; x_wconf 92' lang='lat' dir='ltr'><strong>viam</strong></span> <span class='ocrx_word' id='word_1_230' title='bbox 289 1533 410 1558; x_wconf 84' lang='lat' dir='ltr'><strong>emensa,</strong></span> <span class='ocrx_word' id='word_1_231' title='bbox 427 1525 529 1553; x_wconf 78' lang='lat' dir='ltr'><strong>exitum</strong></span> <span class='ocrx_word' id='word_1_232' title='bbox 548 1526 575 1553; x_wconf 95' lang='lat' dir='ltr'><strong>in</strong></span> <span class='ocrx_word' id='word_1_233' title='bbox 592 1526 662 1553; x_wconf 90' lang='lat' dir='ltr'><strong>bona</strong></span> <span class='ocrx_word' id='word_1_234' title='bbox 677 1531 819 1554; x_wconf 89' lang='lat' dir='ltr'><strong>senectute</strong></span> <span class='ocrx_word' id='word_1_235' title='bbox 833 1534 906 1554; x_wconf 90' lang='lat' dir='ltr'><strong>nunc</strong></span> <span class='ocrx_word' id='word_1_236' title='bbox 921 1535 996 1562; x_wconf 63' lang='lat' dir='ltr'><strong>quaa-</strong></span> 
     </span>
    </p>
   </div>
   <div class='ocr_carea' id='block_1_35' title="bbox 204 1571 994 1608">
    <p class='ocr_par' dir='ltr' id='par_1_35' title="bbox 204 1571 994 1608">
     <span class='ocr_line' id='line_1_35' title="bbox 204 1571 994 1608; baseline 0.003 -10"><span class='ocrx_word' id='word_1_237' title='bbox 204 1572 251 1599; x_wconf 79' lang='lat' dir='ltr'><strong>ris.</strong></span> <span class='ocrx_word' id='word_1_238' title='bbox 266 1571 345 1599; x_wconf 86' lang='lat' dir='ltr'><strong>Hunc</strong></span> <span class='ocrx_word' id='word_1_239' title='bbox 359 1577 450 1599; x_wconf 90' lang='lat' dir='ltr'><strong>autem</strong></span> <span class='ocrx_word' id='word_1_240' title='bbox 462 1579 513 1608; x_wconf 91' lang='lat' dir='ltr'><strong>ego</strong></span> <span class='ocrx_word' id='word_1_241' title='bbox 528 1573 662 1600; x_wconf 87' lang='lat' dir='ltr'><strong>hactenus</strong></span> <span class='ocrx_word' id='word_1_242' title='bbox 684 1572 827 1608; x_wconf 85' lang='lat' dir='ltr'><strong>deprecor.</strong></span> <span class='ocrx_word' id='word_1_243' title='bbox 846 1572 994 1606; x_wconf 64' lang='lat' dir='ltr'><strong>Caaterum,</strong></span> 
     </span>
    </p>
   </div>
   <div class='ocr_carea' id='block_1_36' title="bbox 202 1618 996 1654">
    <p class='ocr_par' dir='ltr' id='par_1_36' title="bbox 202 1618 996 1654">
     <span class='ocr_line' id='line_1_36' title="bbox 202 1618 996 1654; baseline 0.003 -9"><span class='ocrx_word' id='word_1_244' title='bbox 202 1619 325 1646; x_wconf 91' lang='lat' dir='ltr'><strong>omnium</strong></span> <span class='ocrx_word' id='word_1_245' title='bbox 340 1619 483 1654; x_wconf 87' lang='lat' dir='ltr'><strong>optimum,</strong></span> <span class='ocrx_word' id='word_1_246' title='bbox 504 1619 577 1654; x_wconf 91' lang='lat' dir='ltr'><strong>quod</strong></span> <span class='ocrx_word' id='word_1_247' title='bbox 593 1618 648 1646; x_wconf 87' lang='lat' dir='ltr'><strong>Deo</strong></span> <span class='ocrx_word' id='word_1_248' title='bbox 661 1619 807 1654; x_wconf 88' lang='lat' dir='ltr'><strong>placuerit.</strong></span> <span class='ocrx_word' id='word_1_249' title='bbox 829 1618 897 1652; x_wconf 81' lang='lat' dir='ltr'><strong>Quis</strong></span> <span class='ocrx_word' id='word_1_250' title='bbox 921 1619 996 1647; x_wconf 93' lang='lat' dir='ltr'><strong>enim</strong></span> 
     </span>
    </p>
   </div>
   <div class='ocr_carea' id='block_1_37' title="bbox 202 1665 997 1700">
    <p class='ocr_par' dir='ltr' id='par_1_37' title="bbox 202 1665 997 1700">
     <span class='ocr_line' id='line_1_37' title="bbox 202 1665 997 1700; baseline 0.003 -8"><span class='ocrx_word' id='word_1_251' title='bbox 202 1665 354 1692; x_wconf 87' lang='lat' dir='ltr'><strong>consultius</strong></span> <span class='ocrx_word' id='word_1_252' title='bbox 375 1673 458 1700; x_wconf 86' lang='lat' dir='ltr'><strong>quam</strong></span> <span class='ocrx_word' id='word_1_253' title='bbox 474 1665 520 1692; x_wconf 89' lang='lat' dir='ltr'><strong>ille</strong></span> <span class='ocrx_word' id='word_1_254' title='bbox 535 1665 618 1692; x_wconf 88' lang='lat' dir='ltr'><strong>rebus</strong></span> <span class='ocrx_word' id='word_1_255' title='bbox 650 1665 753 1693; x_wconf 85' lang='lat' dir='ltr'><strong>nostris</strong></span> <span class='ocrx_word' id='word_1_256' title='bbox 774 1665 946 1700; x_wconf 82' lang='lat' dir='ltr'><strong>prospiciet?</strong></span> <span class='ocrx_word' id='word_1_257' title='bbox 961 1667 997 1694; x_wconf 84' lang='lat' dir='ltr'><strong>At</strong></span> 
     </span>
    </p>
   </div>
   <div class='ocr_carea' id='block_1_38' title="bbox 204 1711 996 1744">
    <p class='ocr_par' dir='ltr' id='par_1_38' title="bbox 204 1711 996 1744">
     <span class='ocr_line' id='line_1_38' title="bbox 204 1711 996 1744; baseline 0.001 -6"><span class='ocrx_word' id='word_1_258' title='bbox 204 1716 231 1738; x_wconf 89' lang='lat' dir='ltr'><strong>tu</strong></span> <span class='ocrx_word' id='word_1_259' title='bbox 255 1711 340 1744; x_wconf 76' lang='lat' dir='ltr'><strong>salve,</strong></span> <span class='ocrx_word' id='word_1_260' title='bbox 365 1717 464 1744; x_wconf 86' lang='lat' dir='ltr'><strong>mater,</strong></span> <span class='ocrx_word' id='word_1_261' title='bbox 488 1715 516 1739; x_wconf 83' lang='lat' dir='ltr'><strong>et</strong></span> <span class='ocrx_word' id='word_1_262' title='bbox 539 1711 646 1743; x_wconf 87' lang='lat' dir='ltr'><strong>vivens,</strong></span> <span class='ocrx_word' id='word_1_263' title='bbox 659 1716 687 1738; x_wconf 92' lang='lat' dir='ltr'><strong>et</strong></span> <span class='ocrx_word' id='word_1_264' title='bbox 703 1716 822 1739; x_wconf 89' lang='lat' dir='ltr'><strong>mortua.</strong></span> <span class='ocrx_word' id='word_1_265' title='bbox 838 1711 898 1739; x_wconf 83' lang='lat' dir='ltr'><strong>Non</strong></span> <span class='ocrx_word' id='word_1_266' title='bbox 920 1712 996 1739; x_wconf 89' lang='lat' dir='ltr'><strong>enim</strong></span> 
     </span>
    </p>
   </div>
   <div class='ocr_carea' id='block_1_39' title="bbox 203 1757 996 1792">
    <p class='ocr_par' dir='ltr' id='par_1_39' title="bbox 203 1757 996 1792">
     <span class='ocr_line' id='line_1_39' title="bbox 203 1757 996 1792; baseline 0.001 -8"><span class='ocrx_word' id='word_1_267' title='bbox 203 1758 339 1790; x_wconf 86' lang='lat' dir='ltr'><strong>morieris,</strong></span> <span class='ocrx_word' id='word_1_268' title='bbox 358 1758 488 1792; x_wconf 90' lang='lat' dir='ltr'><strong>quoniam</strong></span> <span class='ocrx_word' id='word_1_269' title='bbox 511 1757 572 1785; x_wconf 85' lang='lat' dir='ltr'><strong>viva</strong></span> <span class='ocrx_word' id='word_1_270' title='bbox 595 1766 635 1785; x_wconf 88' lang='lat' dir='ltr'><strong>es.</strong></span> <span class='ocrx_word' id='word_1_271' title='bbox 664 1757 809 1785; x_wconf 87' lang='lat' dir='ltr'><strong>Voluntate</strong></span> <span class='ocrx_word' id='word_1_272' title='bbox 834 1762 942 1785; x_wconf 89' lang='lat' dir='ltr'><strong>mortua</strong></span> <span class='ocrx_word' id='word_1_273' title='bbox 965 1766 996 1786; x_wconf 91' lang='lat' dir='ltr'><strong>es</strong></span> 
     </span>
    </p>
   </div>
   <div class='ocr_carea' id='block_1_40' title="bbox 203 1803 996 1838">
    <p class='ocr_par' dir='ltr' id='par_1_40' title="bbox 203 1803 996 1838">
     <span class='ocr_line' id='line_1_40' title="bbox 203 1803 996 1838; baseline 0.001 -8"><span class='ocrx_word' id='word_1_274' title='bbox 203 1803 274 1835; x_wconf 64' lang='lat' dir='ltr'><strong>vitae,</strong></span> <span class='ocrx_word' id='word_1_275' title='bbox 292 1803 356 1838; x_wconf 91' lang='lat' dir='ltr'><strong>quia</strong></span> <span class='ocrx_word' id='word_1_276' title='bbox 372 1803 476 1830; x_wconf 90' lang='lat' dir='ltr'><strong>bonum</strong></span> <span class='ocrx_word' id='word_1_277' title='bbox 490 1807 630 1831; x_wconf 83' lang='lat' dir='ltr'><strong>certamen</strong></span> <span class='ocrx_word' id='word_1_278' title='bbox 652 1804 762 1830; x_wconf 86' lang='lat' dir='ltr'><strong>certasti</strong></span> <span class='ocrx_word' id='word_1_279' title='bbox 777 1812 785 1835; x_wconf 88' lang='lat'><strong><em>;</em></strong></span> <span class='ocrx_word' id='word_1_280' title='bbox 801 1804 866 1838; x_wconf 83' lang='lat' dir='ltr'><strong>quia</strong></span> <span class='ocrx_word' id='word_1_281' title='bbox 879 1804 996 1831; x_wconf 86' lang='lat' dir='ltr'><strong>terrenis</strong></span> 
     </span>
    </p>
   </div>
   <div class='ocr_carea' id='block_1_41' title="bbox 203 1849 994 1882">
    <p class='ocr_par' dir='ltr' id='par_1_41' title="bbox 203 1849 994 1882">
     <span class='ocr_line' id='line_1_41' title="bbox 203 1849 994 1882; baseline 0 -6"><span class='ocrx_word' id='word_1_282' title='bbox 203 1849 285 1876; x_wconf 87' lang='lat' dir='ltr'><strong>rebus</strong></span> <span class='ocrx_word' id='word_1_283' title='bbox 301 1849 394 1876; x_wconf 88' lang='lat' dir='ltr'><strong>orbata</strong></span> <span class='ocrx_word' id='word_1_284' title='bbox 407 1856 447 1882; x_wconf 89' lang='lat' dir='ltr'><strong>es,</strong></span> <span class='ocrx_word' id='word_1_285' title='bbox 465 1854 492 1876; x_wconf 93' lang='lat' dir='ltr'><strong>ut</strong></span> <span class='ocrx_word' id='word_1_286' title='bbox 507 1849 660 1876; x_wconf 65' lang='lat' dir='ltr'><strong>cutlestium</strong></span> <span class='ocrx_word' id='word_1_287' title='bbox 676 1849 765 1876; x_wconf 88' lang='lat' dir='ltr'><strong>adires</strong></span> <span class='ocrx_word' id='word_1_288' title='bbox 787 1849 994 1882; x_wconf 67' lang='lat' dir='ltr'><strong>ltmreditatem;</strong></span> 
     </span>
    </p>
   </div>
   <div class='ocr_carea' id='block_1_42' title="bbox 203 1894 996 1930">
    <p class='ocr_par' dir='ltr' id='par_1_42' title="bbox 203 1894 996 1930">
     <span class='ocr_line' id='line_1_42' title="bbox 203 1894 996 1930; baseline 0.001 -9"><span class='ocrx_word' id='word_1_289' title='bbox 203 1895 267 1930; x_wconf 86' lang='lat' dir='ltr'><strong>quia</strong></span> <span class='ocrx_word' id='word_1_290' title='bbox 294 1894 417 1928; x_wconf 86' lang='lat' dir='ltr'><strong>martyrii</strong></span> <span class='ocrx_word' id='word_1_291' title='bbox 441 1895 594 1922; x_wconf 88' lang='lat' dir='ltr'><strong>certamina</strong></span> <span class='ocrx_word' id='word_1_292' title='bbox 621 1894 683 1922; x_wconf 87' lang='lat' dir='ltr'><strong>sine</strong></span> <span class='ocrx_word' id='word_1_293' title='bbox 710 1894 844 1930; x_wconf 87' lang='lat' dir='ltr'><strong>sanguine</strong></span> <span class='ocrx_word' id='word_1_294' title='bbox 881 1895 996 1930; x_wconf 86' lang='lat' dir='ltr'><strong>partici-</strong></span> 
     </span>
    </p>
   </div>
   <div class='ocr_carea' id='block_1_43' title="bbox 203 1939 994 1975">
    <p class='ocr_par' dir='ltr' id='par_1_43' title="bbox 203 1939 994 1975">
     <span class='ocr_line' id='line_1_43' title="bbox 203 1939 994 1975; baseline 0 -7"><span class='ocrx_word' id='word_1_295' title='bbox 203 1940 276 1975; x_wconf 60' lang='grc' dir='ltr'>τριειί</span> <span class='ocrx_word' id='word_1_296' title='bbox 289 1948 297 1973; x_wconf 89' lang='lat'><strong>;</strong></span> <span class='ocrx_word' id='word_1_297' title='bbox 313 1940 434 1968; x_wconf 90' lang='lat' dir='ltr'><strong>membra</strong></span> <span class='ocrx_word' id='word_1_298' title='bbox 453 1944 499 1967; x_wconf 90' lang='lat' dir='ltr'><strong>tua</strong></span> <span class='ocrx_word' id='word_1_299' title='bbox 513 1939 616 1967; x_wconf 84' lang='lat' dir='ltr'><strong>Christi</strong></span> <span class='ocrx_word' id='word_1_300' title='bbox 632 1947 725 1967; x_wconf 87' lang='lat' dir='ltr'><strong>amore</strong></span> <span class='ocrx_word' id='word_1_301' title='bbox 753 1947 804 1967; x_wconf 90' lang='lat' dir='ltr'><strong>nos</strong></span> <span class='ocrx_word' id='word_1_302' title='bbox 817 1940 994 1972; x_wconf 88' lang='lat' dir='ltr'><strong>abscindens,</strong></span> 
     </span>
    </p>
   </div>
   <div class='ocr_carea' id='block_1_44' title="bbox 203 1984 994 2021">
    <p class='ocr_par' dir='ltr' id='par_1_44' title="bbox 203 1984 994 2021">
     <span class='ocr_line' id='line_1_44' title="bbox 203 1984 994 2021; baseline 0.001 -8"><span class='ocrx_word' id='word_1_303' title='bbox 203 1994 300 2014; x_wconf 84' lang='lat' dir='ltr'><strong>secura</strong></span> <span class='ocrx_word' id='word_1_304' title='bbox 325 1986 445 2014; x_wconf 86' lang='lat' dir='ltr'><strong>discedis</strong></span> <span class='ocrx_word' id='word_1_305' title='bbox 469 1986 608 2014; x_wconf 86' lang='lat' dir='ltr'><strong>intestata.</strong></span> <span class='ocrx_word' id='word_1_306' title='bbox 629 1984 685 2013; x_wconf 86' lang='lat' dir='ltr'><strong>Nec</strong></span> <span class='ocrx_word' id='word_1_307' title='bbox 716 1985 789 2013; x_wconf 85' lang='lat' dir='ltr'><strong>enim</strong></span> <span class='ocrx_word' id='word_1_308' title='bbox 816 1990 859 2013; x_wconf 89' lang='lat' dir='ltr'><strong>est</strong></span> <span class='ocrx_word' id='word_1_309' title='bbox 879 1986 914 2013; x_wconf 92' lang='lat' dir='ltr'><strong>de</strong></span> <span class='ocrx_word' id='word_1_310' title='bbox 939 1993 994 2021; x_wconf 89' lang='lat' dir='ltr'><strong>quo</strong></span> 
     </span>
    </p>
   </div>
   <div class='ocr_carea' id='block_1_45' title="bbox 140 2030 995 2066">
    <p class='ocr_par' dir='ltr' id='par_1_45' title="bbox 140 2030 995 2066">
     <span class='ocr_line' id='line_1_45' title="bbox 140 2030 995 2066; baseline 0.002 -9"><span class='ocrx_word' id='word_1_311' title='bbox 140 2038 146 2042; x_wconf 83' lang='lat'>&#39;</span> <span class='ocrx_word' id='word_1_312' title='bbox 204 2031 325 2064; x_wconf 83' lang='lat' dir='ltr'><strong>testeris,</strong></span> <span class='ocrx_word' id='word_1_313' title='bbox 340 2035 438 2066; x_wconf 70' lang='lat' dir='ltr'><strong>przeter</strong></span> <span class='ocrx_word' id='word_1_314' title='bbox 455 2035 559 2058; x_wconf 86' lang='lat' dir='ltr'><strong>vestem</strong></span> <span class='ocrx_word' id='word_1_315' title='bbox 578 2035 652 2057; x_wconf 86' lang='lat' dir='ltr'><strong>tuam</strong></span> <span class='ocrx_word' id='word_1_316' title='bbox 672 2030 820 2062; x_wconf 84' lang='lat' dir='ltr'><strong>cilicinam,</strong></span> <span class='ocrx_word' id='word_1_317' title='bbox 838 2035 866 2058; x_wconf 89' lang='lat' dir='ltr'><strong>et</strong></span> <span class='ocrx_word' id='word_1_318' title='bbox 882 2031 906 2059; x_wconf 84' lang='lat' dir='ltr'><strong>si</strong></span> <span class='ocrx_word' id='word_1_319' title='bbox 921 2031 995 2066; x_wconf 87' lang='lat' dir='ltr'><strong>quod</strong></span> 
     </span>
    </p>
   </div>
   <div class='ocr_carea' id='block_1_46' title="bbox 203 2076 995 2112">
    <p class='ocr_par' dir='ltr' id='par_1_46' title="bbox 203 2076 995 2112">
     <span class='ocr_line' id='line_1_46' title="bbox 203 2076 995 2112; baseline 0.003 -9"><span class='ocrx_word' id='word_1_320' title='bbox 203 2076 278 2104; x_wconf 90' lang='lat' dir='ltr'><strong>aliud</strong></span> <span class='ocrx_word' id='word_1_321' title='bbox 293 2082 337 2105; x_wconf 90' lang='lat' dir='ltr'><strong>est</strong></span> <span class='ocrx_word' id='word_1_322' title='bbox 351 2077 442 2112; x_wconf 90' lang='lat' dir='ltr'><strong>inopis</strong></span> <span class='ocrx_word' id='word_1_323' title='bbox 459 2077 522 2105; x_wconf 68' lang='lat' dir='ltr'><strong>vita:</strong></span> <span class='ocrx_word' id='word_1_324' title='bbox 547 2076 773 2104; x_wconf 88' lang='lat' dir='ltr'><strong>instrumentum.</strong></span> <span class='ocrx_word' id='word_1_325' title='bbox 801 2076 907 2104; x_wconf 86' lang='lat' dir='ltr'><strong>Nudam</strong></span> <span class='ocrx_word' id='word_1_326' title='bbox 929 2077 995 2105; x_wconf 86' lang='lat' dir='ltr'><strong>hinc</strong></span> 
     </span>
    </p>
   </div>
   <div class='ocr_carea' id='block_1_47' title="bbox 201 2119 994 2156">
    <p class='ocr_par' dir='ltr' id='par_1_47' title="bbox 201 2119 994 2156">
     <span class='ocr_line' id='line_1_47' title="bbox 201 2119 994 2156; baseline 0.004 -10"><span class='ocrx_word' id='word_1_327' title='bbox 201 2119 258 2155; x_wconf 80' lang='lat' dir='ltr'><strong>jam</strong></span> <span class='ocrx_word' id='word_1_328' title='bbox 273 2120 328 2148; x_wconf 87' lang='lat' dir='ltr'><strong>Deo</strong></span> <span class='ocrx_word' id='word_1_329' title='bbox 344 2124 370 2147; x_wconf 90' lang='lat' dir='ltr'><strong>te</strong></span> <span class='ocrx_word' id='word_1_330' title='bbox 392 2120 477 2153; x_wconf 80' lang='lat' dir='ltr'><strong>sistis,</strong></span> <span class='ocrx_word' id='word_1_331' title='bbox 506 2128 602 2156; x_wconf 86' lang='lat' dir='ltr'><strong>puram</strong></span> <span class='ocrx_word' id='word_1_332' title='bbox 614 2128 630 2148; x_wconf 87' lang='lat' dir='ltr'><strong>a</strong></span> <span class='ocrx_word' id='word_1_333' title='bbox 643 2120 774 2148; x_wconf 89' lang='lat' dir='ltr'><strong>sordibus</strong></span> <span class='ocrx_word' id='word_1_334' title='bbox 797 2122 914 2149; x_wconf 87' lang='lat' dir='ltr'><strong>terrenis</strong></span> <span class='ocrx_word' id='word_1_335' title='bbox 932 2122 994 2149; x_wconf 90' lang='lat' dir='ltr'><strong>ani-</strong></span> 
     </span>
    </p>
   </div>
   <div class='ocr_carea' id='block_1_48' title="bbox 203 2167 993 2203">
    <p class='ocr_par' dir='ltr' id='par_1_48' title="bbox 203 2167 993 2203">
     <span class='ocr_line' id='line_1_48' title="bbox 203 2167 993 2203; baseline 0.003 -10"><span class='ocrx_word' id='word_1_336' title='bbox 203 2174 276 2193; x_wconf 89' lang='lat' dir='ltr'><strong>mam</strong></span> <span class='ocrx_word' id='word_1_337' title='bbox 290 2174 400 2202; x_wconf 78' lang='lat' dir='ltr'><strong>gerens.</strong></span> <span class='ocrx_word' id='word_1_338' title='bbox 425 2167 516 2194; x_wconf 87' lang='lat' dir='ltr'><strong>Habes</strong></span> <span class='ocrx_word' id='word_1_339' title='bbox 539 2171 631 2194; x_wconf 85' lang='lat' dir='ltr'><strong>tamen</strong></span> <span class='ocrx_word' id='word_1_340' title='bbox 644 2167 717 2202; x_wconf 81' lang='lat' dir='ltr'><strong>quod</strong></span> <span class='ocrx_word' id='word_1_341' title='bbox 731 2167 813 2194; x_wconf 90' lang='lat' dir='ltr'><strong>nobis</strong></span> <span class='ocrx_word' id='word_1_342' title='bbox 842 2167 993 2203; x_wconf 85' lang='lat' dir='ltr'><strong>relinquas,</strong></span> 
     </span>
    </p>
   </div>
   <div class='ocr_carea' id='block_1_49' title="bbox 1008 1542 1030 1572">
    <p class='ocr_par' dir='ltr' id='par_1_49' title="bbox 1008 1542 1030 1572">
     <span class='ocr_line' id='line_1_49' title="bbox 1008 1542 1030 1572; baseline 0 0"><span class='ocrx_word' id='word_1_343' title='bbox 1008 1542 1030 1572; x_wconf 83' lang='lat' dir='ltr'><strong>C</strong></span> 
     </span>
    </p>
   </div>
   <div class='ocr_carea' id='block_1_50' title="bbox 1048 239 1840 278">
    <p class='ocr_par' dir='ltr' id='par_1_50' title="bbox 1048 239 1840 278">
     <span class='ocr_line' id='line_1_50' title="bbox 1048 239 1840 278; baseline -0.005 -9"><span class='ocrx_word' id='word_1_344' title='bbox 1048 243 1172 274; x_wconf 82' lang='grc' dir='ltr'>πλείονος</span> <span class='ocrx_word' id='word_1_345' title='bbox 1196 242 1280 269; x_wconf 80' lang='grc' dir='ltr'>πόθου</span> <span class='ocrx_word' id='word_1_346' title='bbox 1295 243 1329 278; x_wconf 80' lang='grc' dir='ltr'>τῇ</span> <span class='ocrx_word' id='word_1_347' title='bbox 1343 241 1463 268; x_wconf 78' lang='grc' dir='ltr'><strong>διαθέσει</strong></span> <span class='ocrx_word' id='word_1_348' title='bbox 1488 240 1677 276; x_wconf 74' lang='grc' dir='ltr'>μετατεθείαα,</span> <span class='ocrx_word' id='word_1_349' title='bbox 1690 239 1741 275; x_wconf 80' lang='grc' dir='ltr'>τὴν</span> <span class='ocrx_word' id='word_1_350' title='bbox 1755 239 1840 273; x_wconf 68' lang='grc' dir='ltr'>καλὴι</span> 
     </span>
    </p>
   </div>
   <div class='ocr_carea' id='block_1_51' title="bbox 1048 284 1844 323">
    <p class='ocr_par' dir='ltr' id='par_1_51' title="bbox 1048 284 1844 323">
     <span class='ocr_line' id='line_1_51' title="bbox 1048 284 1844 323; baseline -0.005 -9"><span class='ocrx_word' id='word_1_351' title='bbox 1048 287 1096 314; x_wconf 74' lang='grc' dir='ltr'>καὶ</span> <span class='ocrx_word' id='word_1_352' title='bbox 1116 288 1198 322; x_wconf 89' lang='grc' dir='ltr'>ἀγίαν</span> <span class='ocrx_word' id='word_1_353' title='bbox 1213 296 1265 323; x_wconf 84' lang='grc' dir='ltr'><strong>μου</strong></span> <span class='ocrx_word' id='word_1_354' title='bbox 1281 287 1401 322; x_wconf 80' lang='grc' dir='ltr'>ἀδελφὴν</span> <span class='ocrx_word' id='word_1_355' title='bbox 1416 286 1454 318; x_wconf 82' lang='grc' dir='ltr'><strong>ὡς</strong></span> <span class='ocrx_word' id='word_1_356' title='bbox 1477 285 1578 321; x_wconf 80' lang='grc' dir='ltr'>μᾶλλον</span> <span class='ocrx_word' id='word_1_357' title='bbox 1600 284 1780 320; x_wconf 59' lang='grc' dir='ltr'>ἀπθύμησας</span> <span class='ocrx_word' id='word_1_358' title='bbox 1794 292 1844 310; x_wconf 86' lang='grc' dir='ltr'>κα-</span> 
     </span>
    </p>
   </div>
   <div class='ocr_carea' id='block_1_52' title="bbox 1046 329 1843 367">
    <p class='ocr_par' dir='ltr' id='par_1_52' title="bbox 1046 329 1843 367">
     <span class='ocr_line' id='line_1_52' title="bbox 1046 329 1843 367; baseline -0.006 -7"><span class='ocrx_word' id='word_1_359' title='bbox 1046 334 1186 365; x_wconf 74' lang='grc' dir='ltr'>ταλαϐεῖν,</span> <span class='ocrx_word' id='word_1_360' title='bbox 1204 334 1252 361; x_wconf 75' lang='grc' dir='ltr'>καὶ</span> <span class='ocrx_word' id='word_1_361' title='bbox 1265 333 1311 360; x_wconf 76' lang='grc' dir='ltr'><strong>τὸν</strong></span> <span class='ocrx_word' id='word_1_362' title='bbox 1324 332 1429 367; x_wconf 84' lang='grc' dir='ltr'>γλυκύν</span> <span class='ocrx_word' id='word_1_363' title='bbox 1446 340 1498 366; x_wconf 84' lang='grc' dir='ltr'><strong>μου</strong></span> <span class='ocrx_word' id='word_1_364' title='bbox 1510 330 1592 366; x_wconf 83' lang='grc' dir='ltr'>κῦριν</span> <span class='ocrx_word' id='word_1_365' title='bbox 1605 329 1754 365; x_wconf 82' lang='grc' dir='ltr'>Εὑθύμιον,</span> <span class='ocrx_word' id='word_1_366' title='bbox 1773 329 1843 365; x_wconf 68' lang='grc' dir='ltr'>μᾶλ-</span> 
     </span>
    </p>
   </div>
   <div class='ocr_carea' id='block_1_53' title="bbox 1046 374 1842 414">
    <p class='ocr_par' dir='ltr' id='par_1_53' title="bbox 1046 374 1842 414">
     <span class='ocr_line' id='line_1_53' title="bbox 1046 374 1842 414; baseline -0.006 -7"><span class='ocrx_word' id='word_1_367' title='bbox 1046 381 1091 408; x_wconf 85' lang='grc' dir='ltr'><strong>λον</strong></span> <span class='ocrx_word' id='word_1_368' title='bbox 1105 381 1134 407; x_wconf 75' lang='grc' dir='ltr'><strong>δὲ</strong></span> <span class='ocrx_word' id='word_1_369' title='bbox 1150 380 1195 407; x_wconf 74' lang='grc' dir='ltr'><strong>τὸν</strong></span> <span class='ocrx_word' id='word_1_370' title='bbox 1216 380 1272 407; x_wconf 87' lang='grc' dir='ltr'><strong>τῶν</strong></span> <span class='ocrx_word' id='word_1_371' title='bbox 1298 380 1385 414; x_wconf 88' lang='grc' dir='ltr'>ἀγίων</span> <span class='ocrx_word' id='word_1_372' title='bbox 1409 378 1500 414; x_wconf 83' lang='grc' dir='ltr'>χορόν.</span> <span class='ocrx_word' id='word_1_373' title='bbox 1528 378 1593 410; x_wconf 74' lang='grc' dir='ltr'>Καὶ,</span> <span class='ocrx_word' id='word_1_374' title='bbox 1611 374 1634 404; x_wconf 81' lang='grc' dir='ltr'>ὦ</span> <span class='ocrx_word' id='word_1_375' title='bbox 1661 377 1760 412; x_wconf 83' lang='grc' dir='ltr'>μῆτερ,</span> <span class='ocrx_word' id='word_1_376' title='bbox 1783 377 1842 408; x_wconf 71' lang='grc' dir='ltr'>πῶς</span> 
     </span>
    </p>
   </div>
   <div class='ocr_carea' id='block_1_54' title="bbox 1046 422 1840 463">
    <p class='ocr_par' dir='ltr' id='par_1_54' title="bbox 1046 422 1840 463">
     <span class='ocr_line' id='line_1_54' title="bbox 1046 422 1840 463; baseline -0.009 -9"><span class='ocrx_word' id='word_1_377' title='bbox 1046 427 1181 463; x_wconf 79' lang='grc' dir='ltr'>ἀδακρυτὶ</span> <span class='ocrx_word' id='word_1_378' title='bbox 1199 426 1408 462; x_wconf 76' lang='grc' dir='ltr'>παρελεύσομαι</span> <span class='ocrx_word' id='word_1_379' title='bbox 1419 424 1471 459; x_wconf 78' lang='grc' dir='ltr'>τὴν</span> <span class='ocrx_word' id='word_1_380' title='bbox 1486 423 1634 458; x_wconf 74' lang='grc' dir='ltr'>ἐπιστολὴν</span> <span class='ocrx_word' id='word_1_381' title='bbox 1649 422 1840 458; x_wconf 75' lang='grc' dir='ltr'>διερχόμενοςς</span> 
     </span>
    </p>
   </div>
   <div class='ocr_carea' id='block_1_55' title="bbox 1047 466 1844 508">
    <p class='ocr_par' dir='ltr' id='par_1_55' title="bbox 1047 466 1844 508">
     <span class='ocr_line' id='line_1_55' title="bbox 1047 466 1844 508; baseline -0.009 -8"><span class='ocrx_word' id='word_1_382' title='bbox 1047 471 1101 508; x_wconf 74' lang='grc' dir='ltr'><strong>ἄρα</strong></span> <span class='ocrx_word' id='word_1_383' title='bbox 1119 472 1265 499; x_wconf 80' lang='grc' dir='ltr'>ἀπόκειται</span> <span class='ocrx_word' id='word_1_384' title='bbox 1279 471 1360 498; x_wconf 85' lang='grc' dir='ltr'>τοῦτο</span> <span class='ocrx_word' id='word_1_385' title='bbox 1375 471 1409 506; x_wconf 82' lang='grc' dir='ltr'><strong>τῇ</strong></span> <span class='ocrx_word' id='word_1_386' title='bbox 1431 470 1554 505; x_wconf 77' lang='grc' dir='ltr'><strong>δυστήνῳ</strong></span> <span class='ocrx_word' id='word_1_387' title='bbox 1577 477 1630 504; x_wconf 89' lang='grc' dir='ltr'><strong>μου</strong></span> <span class='ocrx_word' id='word_1_388' title='bbox 1647 468 1715 503; x_wconf 79' lang='grc' dir='ltr'>ζωῇ,</span> <span class='ocrx_word' id='word_1_389' title='bbox 1733 468 1777 494; x_wconf 82' lang='grc' dir='ltr'>ἵνα</span> <span class='ocrx_word' id='word_1_390' title='bbox 1795 466 1844 493; x_wconf 81' lang='grc' dir='ltr'>καὶ</span> 
     </span>
    </p>
   </div>
   <div class='ocr_carea' id='block_1_56' title="bbox 1045 513 1846 550">
    <p class='ocr_par' dir='ltr' id='par_1_56' title="bbox 1045 513 1846 550">
     <span class='ocr_line' id='line_1_56' title="bbox 1045 513 1846 550; baseline -0.007 -6"><span class='ocrx_word' id='word_1_391' title='bbox 1045 518 1092 544; x_wconf 77' lang='grc' dir='ltr'>τὸν</span> <span class='ocrx_word' id='word_1_392' title='bbox 1117 518 1163 545; x_wconf 77' lang='grc' dir='ltr'><strong>σὺν</strong></span> <span class='ocrx_word' id='word_1_393' title='bbox 1176 518 1291 546; x_wconf 80' lang='grc' dir='ltr'>θάνατον</span> <span class='ocrx_word' id='word_1_394' title='bbox 1300 515 1423 549; x_wconf 65' lang='lat' dir='ltr'><strong>datodato;</strong></span> <span class='ocrx_word' id='word_1_395' title='bbox 1437 516 1481 543; x_wconf 83' lang='grc' dir='ltr'>ῐνα</span> <span class='ocrx_word' id='word_1_396' title='bbox 1492 514 1616 550; x_wconf 77' lang='grc' dir='ltr'>ὲπιψάλω</span> <span class='ocrx_word' id='word_1_397' title='bbox 1631 513 1692 550; x_wconf 69' lang='grc' dir='ltr'><strong>[γης.</strong></span> <span class='ocrx_word' id='word_1_398' title='bbox 1709 513 1772 548; x_wconf 72' lang='lat' dir='ltr'><strong>Reg.</strong></span> <span class='ocrx_word' id='word_1_399' title='bbox 1784 513 1846 538; x_wconf 81' lang='grc' dir='ltr'>ὲπι-</span> 
     </span>
    </p>
   </div>
   <div class='ocr_carea' id='block_1_57' title="bbox 1045 560 1846 600">
    <p class='ocr_par' dir='ltr' id='par_1_57' title="bbox 1045 560 1846 600">
     <span class='ocr_line' id='line_1_57' title="bbox 1045 560 1846 600; baseline -0.007 -9"><span class='ocrx_word' id='word_1_400' title='bbox 1045 563 1150 600; x_wconf 81' lang='grc' dir='ltr'><strong>ψάλλω]</strong></span> <span class='ocrx_word' id='word_1_401' title='bbox 1169 572 1209 590; x_wconf 75' lang='grc' dir='ltr'><strong>σοι</strong></span> <span class='ocrx_word' id='word_1_402' title='bbox 1225 563 1386 600; x_wconf 55' lang='grc' dir='ltr'>θρηνῳδῶκ</span> <span class='ocrx_word' id='word_1_403' title='bbox 1401 562 1446 589; x_wconf 85' lang='grc' dir='ltr'>ἵνα</span> <span class='ocrx_word' id='word_1_404' title='bbox 1454 561 1525 597; x_wconf 84' lang='grc' dir='ltr'>ὀρῶν</span> <span class='ocrx_word' id='word_1_405' title='bbox 1549 569 1596 588; x_wconf 88' lang='grc' dir='ltr'><strong>σου</strong></span> <span class='ocrx_word' id='word_1_406' title='bbox 1619 561 1664 587; x_wconf 81' lang='grc' dir='ltr'><strong>τὸν</strong></span> <span class='ocrx_word' id='word_1_407' title='bbox 1674 561 1769 594; x_wconf 79' lang='grc' dir='ltr'>τάφον,</span> <span class='ocrx_word' id='word_1_408' title='bbox 1786 560 1846 585; x_wconf 74' lang='grc' dir='ltr'>ἑπι-</span> 
     </span>
    </p>
   </div>
   <div class='ocr_carea' id='block_1_58' title="bbox 1045 604 1843 645">
    <p class='ocr_par' dir='ltr' id='par_1_58' title="bbox 1045 604 1843 645">
     <span class='ocr_line' id='line_1_58' title="bbox 1045 604 1843 645; baseline -0.008 -9"><span class='ocrx_word' id='word_1_409' title='bbox 1045 609 1143 645; x_wconf 81' lang='grc' dir='ltr'>γράψω</span> <span class='ocrx_word' id='word_1_410' title='bbox 1153 609 1277 644; x_wconf 69' lang='grc' dir='ltr'>δλεγεϊα;</span> <span class='ocrx_word' id='word_1_411' title='bbox 1291 609 1396 636; x_wconf 80' lang='grc' dir='ltr'>ῐναὺπδ</span> <span class='ocrx_word' id='word_1_412' title='bbox 1406 609 1458 643; x_wconf 82' lang='grc' dir='ltr'>γῆν</span> <span class='ocrx_word' id='word_1_413' title='bbox 1471 607 1541 642; x_wconf 77' lang='grc' dir='ltr'>αὕτη</span> <span class='ocrx_word' id='word_1_414' title='bbox 1555 606 1663 641; x_wconf 77' lang='grc' dir='ltr'>σώματι</span> <span class='ocrx_word' id='word_1_415' title='bbox 1679 606 1728 640; x_wconf 71' lang='grc' dir='ltr'><strong>μὲν</strong></span> <span class='ocrx_word' id='word_1_416' title='bbox 1743 604 1826 639; x_wconf 78' lang='grc' dir='ltr'>τεθῇς</span> <span class='ocrx_word' id='word_1_417' title='bbox 1835 612 1843 620; x_wconf 94' lang='grc'><strong>·</strong></span> 
     </span>
    </p>
   </div>
   <div class='ocr_carea' id='block_1_59' title="bbox 1045 650 1844 690">
    <p class='ocr_par' dir='ltr' id='par_1_59' title="bbox 1045 650 1844 690">
     <span class='ocr_line' id='line_1_59' title="bbox 1045 650 1844 690; baseline 0.005 -9"><span class='ocrx_word' id='word_1_418' title='bbox 1045 654 1182 689; x_wconf 85' lang='grc' dir='ltr'>πνεύματι</span> <span class='ocrx_word' id='word_1_419' title='bbox 1203 654 1259 690; x_wconf 82' lang='grc' dir='ltr'>γὰρ</span> <span class='ocrx_word' id='word_1_420' title='bbox 1277 651 1327 680; x_wconf 80' lang='grc' dir='ltr'><strong>οἶδ’</strong></span> <span class='ocrx_word' id='word_1_421' title='bbox 1342 655 1384 681; x_wconf 80' lang='grc' dir='ltr'>ὅτι</span> <span class='ocrx_word' id='word_1_422' title='bbox 1404 654 1434 680; x_wconf 72' lang='grc' dir='ltr'>ὲν</span> <span class='ocrx_word' id='word_1_423' title='bbox 1457 653 1584 688; x_wconf 74' lang='grc' dir='ltr'>οὐρανοῖς</span> <span class='ocrx_word' id='word_1_424' title='bbox 1600 651 1771 686; x_wconf 74' lang='grc' dir='ltr'><strong>αὖλισθήσῃ⁸</strong></span> <span class='ocrx_word' id='word_1_425' title='bbox 1787 650 1844 685; x_wconf 58' lang='grc' dir='ltr'><strong>ἐγὼ</strong></span> 
     </span>
    </p>
   </div>
   <div class='ocr_carea' id='block_1_60' title="bbox 1044 691 1844 734">
    <p class='ocr_par' dir='ltr' id='par_1_60' title="bbox 1044 691 1844 734">
     <span class='ocr_line' id='line_1_60' title="bbox 1044 691 1844 734; baseline -0.005 -8"><span class='ocrx_word' id='word_1_426' title='bbox 1044 699 1074 726; x_wconf 82' lang='grc' dir='ltr'><strong>δὲ</strong></span> <span class='ocrx_word' id='word_1_427' title='bbox 1088 691 1232 734; x_wconf 66' lang='grc' dir='ltr'>ὑπὲργῆν</span> <span class='ocrx_word' id='word_1_428' title='bbox 1259 696 1292 729; x_wconf 80' lang='grc' dir='ltr'><strong>ὦ.</strong></span> <span class='ocrx_word' id='word_1_429' title='bbox 1305 699 1393 726; x_wconf 65' lang='grc' dir='ltr'>ἕλκων</span> <span class='ocrx_word' id='word_1_430' title='bbox 1414 698 1455 725; x_wconf 72' lang='grc' dir='ltr'>ἔτι</span> <span class='ocrx_word' id='word_1_431' title='bbox 1483 698 1530 725; x_wconf 86' lang='grc' dir='ltr'>τδν</span> <span class='ocrx_word' id='word_1_432' title='bbox 1545 697 1676 732; x_wconf 76' lang='grc' dir='ltr'>ὀδυνηρὸν</span> <span class='ocrx_word' id='word_1_433' title='bbox 1697 697 1745 723; x_wconf 79' lang='grc' dir='ltr'>καὶ</span> <span class='ocrx_word' id='word_1_434' title='bbox 1762 696 1844 722; x_wconf 79' lang='grc' dir='ltr'>πολυ-</span> 
     </span>
    </p>
   </div>
   <div class='ocr_carea' id='block_1_61' title="bbox 1044 742 1843 780">
    <p class='ocr_par' dir='ltr' id='par_1_61' title="bbox 1044 742 1843 780">
     <span class='ocr_line' id='line_1_61' title="bbox 1044 742 1843 780; baseline -0.004 -8"><span class='ocrx_word' id='word_1_435' title='bbox 1044 745 1202 780; x_wconf 79' lang='grc' dir='ltr'>αμάρτητόν</span> <span class='ocrx_word' id='word_1_436' title='bbox 1215 753 1266 779; x_wconf 86' lang='grc' dir='ltr'><strong>μου</strong></span> <span class='ocrx_word' id='word_1_437' title='bbox 1280 744 1352 779; x_wconf 85' lang='grc' dir='ltr'>βίον;</span> <span class='ocrx_word' id='word_1_438' title='bbox 1368 744 1423 770; x_wconf 72' lang='grc' dir='ltr'>Καὶ</span> <span class='ocrx_word' id='word_1_439' title='bbox 1437 743 1497 775; x_wconf 77' lang='grc' dir='ltr'>πῶς</span> <span class='ocrx_word' id='word_1_440' title='bbox 1508 742 1594 769; x_wconf 81' lang='grc' dir='ltr'>ταῦτα</span> <span class='ocrx_word' id='word_1_441' title='bbox 1604 743 1719 774; x_wconf 83' lang='grc' dir='ltr'>ἁνεκτά;</span> <span class='ocrx_word' id='word_1_442' title='bbox 1741 743 1780 777; x_wconf 74' lang='grc' dir='ltr'>μή</span> <span class='ocrx_word' id='word_1_443' title='bbox 1797 751 1843 777; x_wconf 77' lang='grc' dir='ltr'><strong>μοι</strong></span> 
     </span>
    </p>
   </div>
   <div class='ocr_carea' id='block_1_62' title="bbox 1044 787 1843 825">
    <p class='ocr_par' dir='ltr' id='par_1_62' title="bbox 1044 787 1843 825">
     <span class='ocr_line' id='line_1_62' title="bbox 1044 787 1843 825; baseline -0.004 -8"><span class='ocrx_word' id='word_1_444' title='bbox 1044 790 1149 824; x_wconf 79' lang='grc' dir='ltr'>γένοιτο</span> <span class='ocrx_word' id='word_1_445' title='bbox 1158 798 1167 805; x_wconf 81' lang='grc'><em>”</em></span> <span class='ocrx_word' id='word_1_446' title='bbox 1181 790 1254 825; x_wconf 82' lang='grc' dir='ltr'>πλὴν</span> <span class='ocrx_word' id='word_1_447' title='bbox 1265 789 1481 825; x_wconf 67' lang='grc' dir='ltr'><strong>παραχωρητέον</strong></span> <span class='ocrx_word' id='word_1_448' title='bbox 1496 788 1585 815; x_wconf 78' lang='grc' dir='ltr'>πάντα</span> <span class='ocrx_word' id='word_1_449' title='bbox 1596 788 1625 814; x_wconf 80' lang='grc' dir='ltr'>ὲν</span> <span class='ocrx_word' id='word_1_450' title='bbox 1637 789 1670 824; x_wconf 80' lang='grc' dir='ltr'>τῇ</span> <span class='ocrx_word' id='word_1_451' title='bbox 1695 788 1776 824; x_wconf 71' lang='grc' dir='ltr'>βουλῇ</span> <span class='ocrx_word' id='word_1_452' title='bbox 1794 787 1843 814; x_wconf 80' lang='grc' dir='ltr'>καὶ</span> 
     </span>
    </p>
   </div>
   <div class='ocr_carea' id='block_1_63' title="bbox 1044 833 1842 872">
    <p class='ocr_par' dir='ltr' id='par_1_63' title="bbox 1044 833 1842 872">
     <span class='ocr_line' id='line_1_63' title="bbox 1044 833 1842 872; baseline -0.003 -10"><span class='ocrx_word' id='word_1_453' title='bbox 1044 835 1153 872; x_wconf 71' lang='grc' dir='ltr'>θελήσει</span> <span class='ocrx_word' id='word_1_454' title='bbox 1165 836 1213 863; x_wconf 87' lang='grc' dir='ltr'><strong>τοῦ</strong></span> <span class='ocrx_word' id='word_1_455' title='bbox 1228 836 1403 871; x_wconf 84' lang='grc' dir='ltr'>ὐπεραγάθου</span> <span class='ocrx_word' id='word_1_456' title='bbox 1410 835 1479 863; x_wconf 84' lang='grc' dir='ltr'>Θεοῦ</span> <span class='ocrx_word' id='word_1_457' title='bbox 1495 834 1648 871; x_wconf 73' lang='grc' dir='ltr'>ἡμῶν.Καὶ</span> <span class='ocrx_word' id='word_1_458' title='bbox 1661 835 1718 870; x_wconf 78' lang='grc' dir='ltr'><strong>γὰρ</strong></span> <span class='ocrx_word' id='word_1_459' title='bbox 1737 833 1810 860; x_wconf 74' lang='grc' dir='ltr'>οἶδεν</span> <span class='ocrx_word' id='word_1_460' title='bbox 1827 835 1842 861; x_wconf 82' lang='grc' dir='ltr'><strong><em>ὃ</em></strong></span> 
     </span>
    </p>
   </div>
   <div class='ocr_carea' id='block_1_64' title="bbox 1046 879 1841 916">
    <p class='ocr_par' dir='ltr' id='par_1_64' title="bbox 1046 879 1841 916">
     <span class='ocr_line' id='line_1_64' title="bbox 1046 879 1841 916; baseline -0.001 -10"><span class='ocrx_word' id='word_1_461' title='bbox 1046 888 1072 906; x_wconf 88' lang='grc' dir='ltr'>τι</span> <span class='ocrx_word' id='word_1_462' title='bbox 1086 880 1221 916; x_wconf 81' lang='grc' dir='ltr'><strong>συμφέρει</strong></span> <span class='ocrx_word' id='word_1_463' title='bbox 1234 880 1342 916; x_wconf 74' lang='grc' dir='ltr'>ἑκάστῳ</span> <span class='ocrx_word' id='word_1_464' title='bbox 1353 880 1441 916; x_wconf 54' lang='lat' dir='ltr'><strong>nm»</strong></span> <span class='ocrx_word' id='word_1_465' title='bbox 1452 880 1598 907; x_wconf 74' lang='grc' dir='ltr'>ιπίσταται</span> <span class='ocrx_word' id='word_1_466' title='bbox 1609 879 1640 906; x_wconf 79' lang='grc' dir='ltr'>τδ</span> <span class='ocrx_word' id='word_1_467' title='bbox 1651 879 1727 906; x_wconf 79' lang='grc' dir='ltr'>δέον·</span> <span class='ocrx_word' id='word_1_468' title='bbox 1741 887 1841 914; x_wconf 75' lang='grc' dir='ltr'>συναρ-</span> 
     </span>
    </p>
   </div>
   <div class='ocr_carea' id='block_1_65' title="bbox 1046 925 1841 963">
    <p class='ocr_par' dir='ltr' id='par_1_65' title="bbox 1046 925 1841 963">
     <span class='ocr_line' id='line_1_65' title="bbox 1046 925 1841 963; baseline -0.001 -11"><span class='ocrx_word' id='word_1_469' title='bbox 1046 926 1124 961; x_wconf 73' lang='grc' dir='ltr'>μύζει</span> <span class='ocrx_word' id='word_1_470' title='bbox 1145 926 1176 952; x_wconf 75' lang='grc' dir='ltr'><strong>τὸ</strong></span> <span class='ocrx_word' id='word_1_471' title='bbox 1199 926 1322 962; x_wconf 71' lang='grc' dir='ltr'>πρέπονο</span> <span class='ocrx_word' id='word_1_472' title='bbox 1338 927 1515 963; x_wconf 70' lang='grc' dir='ltr'>φιλόποργός</span> <span class='ocrx_word' id='word_1_473' title='bbox 1538 927 1598 954; x_wconf 71' lang='grc' dir='ltr'>ἐστι</span> <span class='ocrx_word' id='word_1_474' title='bbox 1625 926 1736 961; x_wconf 83' lang='grc' dir='ltr'>Πατήρ·</span> <span class='ocrx_word' id='word_1_475' title='bbox 1749 925 1841 957; x_wconf 81' lang='grc' dir='ltr'>καλῶς</span> 
     </span>
    </p>
   </div>
   <div class='ocr_carea' id='block_1_66' title="bbox 1043 971 1841 1008">
    <p class='ocr_par' dir='ltr' id='par_1_66' title="bbox 1043 971 1841 1008">
     <span class='ocr_line' id='line_1_66' title="bbox 1043 971 1841 1008; baseline 0 -10"><span class='ocrx_word' id='word_1_476' title='bbox 1043 971 1196 1007; x_wconf 79' lang='grc' dir='ltr'><strong>διατίθησιν</strong></span> <span class='ocrx_word' id='word_1_477' title='bbox 1220 972 1344 1005; x_wconf 71' lang='grc' dir='ltr'>ᾶπαντα,</span> <span class='ocrx_word' id='word_1_478' title='bbox 1358 973 1505 1008; x_wconf 81' lang='grc' dir='ltr'>εὐστόχως,</span> <span class='ocrx_word' id='word_1_479' title='bbox 1521 971 1668 1004; x_wconf 75' lang='grc' dir='ltr'>εὒῦοὑλως,</span> <span class='ocrx_word' id='word_1_480' title='bbox 1683 972 1841 1006; x_wconf 73' lang='grc' dir='ltr'>πανσόφικ,</span> 
     </span>
    </p>
   </div>
   <div class='ocr_carea' id='block_1_67' title="bbox 1044 1017 1836 1052">
    <p class='ocr_par' dir='ltr' id='par_1_67' title="bbox 1044 1017 1836 1052">
     <span class='ocr_line' id='line_1_67' title="bbox 1044 1017 1836 1052; baseline -0.001 -8"><span class='ocrx_word' id='word_1_481' title='bbox 1044 1017 1205 1052; x_wconf 75' lang='grc' dir='ltr'><strong>παγκάλως,</strong></span> <span class='ocrx_word' id='word_1_482' title='bbox 1230 1017 1451 1050; x_wconf 83' lang='grc' dir='ltr'>ἁκαταλείπτως.</span> <span class='ocrx_word' id='word_1_483' title='bbox 1473 1018 1538 1051; x_wconf 79' lang='grc' dir='ltr'>Καὶ,</span> <span class='ocrx_word' id='word_1_484' title='bbox 1563 1017 1586 1045; x_wconf 85' lang='grc' dir='ltr'><strong>ὣ</strong></span> <span class='ocrx_word' id='word_1_485' title='bbox 1599 1017 1651 1052; x_wconf 84' lang='grc' dir='ltr'>τῆς</span> <span class='ocrx_word' id='word_1_486' title='bbox 1671 1017 1768 1052; x_wconf 72' lang='grc' dir='ltr'>σοφίας</span> <span class='ocrx_word' id='word_1_487' title='bbox 1787 1017 1836 1043; x_wconf 77' lang='grc' dir='ltr'><strong>τοῦ</strong></span> 
     </span>
    </p>
   </div>
   <div class='ocr_carea' id='block_1_68' title="bbox 1048 1062 1842 1099">
    <p class='ocr_par' dir='ltr' id='par_1_68' title="bbox 1048 1062 1842 1099">
     <span class='ocr_line' id='line_1_68' title="bbox 1048 1062 1842 1099; baseline 0 -10"><span class='ocrx_word' id='word_1_488' title='bbox 1048 1063 1151 1098; x_wconf 80' lang='grc' dir='ltr'><strong>βάθους</strong></span> <span class='ocrx_word' id='word_1_489' title='bbox 1160 1062 1216 1089; x_wconf 85' lang='grc' dir='ltr'><strong>τῶν</strong></span> <span class='ocrx_word' id='word_1_490' title='bbox 1231 1063 1376 1099; x_wconf 74' lang='grc' dir='ltr'><strong>χριμάτων</strong></span> <span class='ocrx_word' id='word_1_491' title='bbox 1391 1062 1475 1090; x_wconf 80' lang='grc' dir='ltr'>αὐτοῦ</span> <span class='ocrx_word' id='word_1_492' title='bbox 1488 1071 1496 1079; x_wconf 90' lang='grc'><strong>·</strong></span> <span class='ocrx_word' id='word_1_493' title='bbox 1512 1063 1554 1090; x_wconf 78' lang='grc' dir='ltr'><strong>δτι</strong></span> <span class='ocrx_word' id='word_1_494' title='bbox 1571 1063 1777 1098; x_wconf 83' lang='grc' dir='ltr'>ἀνεξερεύνητοι</span> <span class='ocrx_word' id='word_1_495' title='bbox 1792 1062 1842 1089; x_wconf 76' lang='grc' dir='ltr'>καὶ</span> 
     </span>
    </p>
   </div>
   <div class='ocr_carea' id='block_1_69' title="bbox 1045 1109 1842 1146">
    <p class='ocr_par' dir='ltr' id='par_1_69' title="bbox 1045 1109 1842 1146">
     <span class='ocr_line' id='line_1_69' title="bbox 1045 1109 1842 1146; baseline -0.001 -10"><span class='ocrx_word' id='word_1_496' title='bbox 1045 1109 1245 1145; x_wconf 76' lang='grc' dir='ltr'><strong>ἀνεξιχνίαστοι</strong></span> <span class='ocrx_word' id='word_1_497' title='bbox 1260 1110 1289 1136; x_wconf 81' lang='grc' dir='ltr'>αι</span> <span class='ocrx_word' id='word_1_498' title='bbox 1302 1109 1358 1136; x_wconf 84' lang='grc' dir='ltr'><strong>ὁδοὶ</strong></span> <span class='ocrx_word' id='word_1_499' title='bbox 1372 1109 1466 1137; x_wconf 78' lang='grc' dir='ltr'>αὐτοῦ.</span> <span class='ocrx_word' id='word_1_500' title='bbox 1482 1109 1639 1146; x_wconf 59' lang='grc' dir='ltr'>Προσϋαὸε</span> <span class='ocrx_word' id='word_1_501' title='bbox 1654 1109 1719 1144; x_wconf 89' lang='grc' dir='ltr'>γοῦν</span> <span class='ocrx_word' id='word_1_502' title='bbox 1731 1109 1762 1136; x_wconf 79' lang='grc' dir='ltr'><strong>τὸ</strong></span> <span class='ocrx_word' id='word_1_503' title='bbox 1773 1109 1842 1144; x_wconf 76' lang='grc' dir='ltr'>πρό-</span> 
     </span>
    </p>
   </div>
   <div class='ocr_carea' id='block_1_70' title="bbox 1045 1155 1842 1193">
    <p class='ocr_par' dir='ltr' id='par_1_70' title="bbox 1045 1155 1842 1193">
     <span class='ocr_line' id='line_1_70' title="bbox 1045 1155 1842 1193; baseline -0.003 -9"><span class='ocrx_word' id='word_1_504' title='bbox 1045 1166 1123 1193; x_wconf 82' lang='grc' dir='ltr'>τερον</span> <span class='ocrx_word' id='word_1_505' title='bbox 1140 1157 1189 1190; x_wconf 86' lang='grc' dir='ltr'>τὴν</span> <span class='ocrx_word' id='word_1_506' title='bbox 1205 1156 1322 1192; x_wconf 77' lang='grc' dir='ltr'>ἀδελφὴν</span> <span class='ocrx_word' id='word_1_507' title='bbox 1331 1177 1339 1190; x_wconf 89' lang='grc'><strong>,</strong></span> <span class='ocrx_word' id='word_1_508' title='bbox 1355 1156 1548 1193; x_wconf 79' lang='grc' dir='ltr'>προσελήψατο</span> <span class='ocrx_word' id='word_1_509' title='bbox 1562 1156 1688 1192; x_wconf 77' lang='grc' dir='ltr'>δεύτερον</span> <span class='ocrx_word' id='word_1_510' title='bbox 1701 1156 1748 1183; x_wconf 74' lang='grc' dir='ltr'>τὸν</span> <span class='ocrx_word' id='word_1_511' title='bbox 1761 1155 1842 1182; x_wconf 83' lang='grc' dir='ltr'>ἀδελ-</span> 
     </span>
    </p>
   </div>
   <div class='ocr_carea' id='block_1_71' title="bbox 1045 1198 1840 1237">
    <p class='ocr_par' dir='ltr' id='par_1_71' title="bbox 1045 1198 1840 1237">
     <span class='ocr_line' id='line_1_71' title="bbox 1045 1198 1840 1237; baseline -0.004 -8"><span class='ocrx_word' id='word_1_512' title='bbox 1045 1202 1107 1237; x_wconf 82' lang='grc' dir='ltr'>φόν·</span> <span class='ocrx_word' id='word_1_513' title='bbox 1121 1201 1199 1237; x_wconf 77' lang='grc' dir='ltr'>ζητιῖ</span> <span class='ocrx_word' id='word_1_514' title='bbox 1212 1202 1258 1229; x_wconf 86' lang='grc' dir='ltr'>τὸν</span> <span class='ocrx_word' id='word_1_515' title='bbox 1272 1202 1373 1236; x_wconf 86' lang='grc' dir='ltr'>τρίτον.</span> <span class='ocrx_word' id='word_1_516' title='bbox 1389 1202 1438 1233; x_wconf 89' lang='grc' dir='ltr'>Τίς</span> <span class='ocrx_word' id='word_1_517' title='bbox 1455 1202 1497 1237; x_wconf 77' lang='grc' dir='ltr'>εἴη</span> <span class='ocrx_word' id='word_1_518' title='bbox 1522 1198 1619 1234; x_wconf 76' lang='grc' dir='ltr'>οῦτοςς</span> <span class='ocrx_word' id='word_1_519' title='bbox 1643 1201 1676 1228; x_wconf 87' lang='lat' dir='ltr'><strong>El.</strong></span> <span class='ocrx_word' id='word_1_520' title='bbox 1691 1200 1742 1236; x_wconf 75' lang='grc' dir='ltr'>μὲν</span> <span class='ocrx_word' id='word_1_521' title='bbox 1757 1199 1840 1235; x_wconf 78' lang='grc' dir='ltr'>αὑτὴ,</span> 
     </span>
    </p>
   </div>
   <div class='ocr_carea' id='block_1_72' title="bbox 1047 1245 1842 1283">
    <p class='ocr_par' dir='ltr' id='par_1_72' title="bbox 1047 1245 1842 1283">
     <span class='ocr_line' id='line_1_72' title="bbox 1047 1245 1842 1283; baseline -0.004 -9"><span class='ocrx_word' id='word_1_522' title='bbox 1047 1249 1119 1283; x_wconf 81' lang='grc' dir='ltr'>μέγα</span> <span class='ocrx_word' id='word_1_523' title='bbox 1139 1247 1171 1274; x_wconf 85' lang='grc' dir='ltr'>τὸ</span> <span class='ocrx_word' id='word_1_524' title='bbox 1193 1247 1342 1283; x_wconf 73' lang='grc' dir='ltr'>ιγκώμιον.</span> <span class='ocrx_word' id='word_1_525' title='bbox 1367 1247 1518 1283; x_wconf 85' lang='grc' dir='ltr'>Τριαδικῆς</span> <span class='ocrx_word' id='word_1_526' title='bbox 1530 1247 1585 1282; x_wconf 82' lang='grc' dir='ltr'><strong>γὰρ</strong></span> <span class='ocrx_word' id='word_1_527' title='bbox 1600 1246 1709 1282; x_wconf 81' lang='grc' dir='ltr'><strong>μερίδος</strong></span> <span class='ocrx_word' id='word_1_528' title='bbox 1723 1245 1842 1272; x_wconf 76' lang='grc' dir='ltr'>ἔπαθλον</span> 
     </span>
    </p>
   </div>
   <div class='ocr_carea' id='block_1_73' title="bbox 1045 1291 1842 1329">
    <p class='ocr_par' dir='ltr' id='par_1_73' title="bbox 1045 1291 1842 1329">
     <span class='ocr_line' id='line_1_73' title="bbox 1045 1291 1842 1329; baseline -0.003 -9"><span class='ocrx_word' id='word_1_529' title='bbox 1045 1293 1174 1326; x_wconf 76' lang='grc' dir='ltr'>διανύεις,</span> <span class='ocrx_word' id='word_1_530' title='bbox 1188 1294 1279 1326; x_wconf 86' lang='grc' dir='ltr'>καλῶς</span> <span class='ocrx_word' id='word_1_531' title='bbox 1298 1293 1468 1329; x_wconf 80' lang='grc' dir='ltr'>διαμείψασα</span> <span class='ocrx_word' id='word_1_532' title='bbox 1489 1293 1536 1320; x_wconf 76' lang='grc' dir='ltr'><strong>τὸν</strong></span> <span class='ocrx_word' id='word_1_533' title='bbox 1559 1292 1628 1328; x_wconf 87' lang='grc' dir='ltr'>βίον,</span> <span class='ocrx_word' id='word_1_534' title='bbox 1641 1293 1732 1319; x_wconf 80' lang='grc' dir='ltr'>πάντα</span> <span class='ocrx_word' id='word_1_535' title='bbox 1743 1291 1842 1318; x_wconf 75' lang='grc' dir='ltr'>ἀπολι-</span> 
     </span>
    </p>
   </div>
   <div class='ocr_carea' id='block_1_74' title="bbox 1046 1338 1841 1375">
    <p class='ocr_par' dir='ltr' id='par_1_74' title="bbox 1046 1338 1841 1375">
     <span class='ocr_line' id='line_1_74' title="bbox 1046 1338 1841 1375; baseline -0.005 -8"><span class='ocrx_word' id='word_1_536' title='bbox 1046 1339 1147 1372; x_wconf 82' lang='grc' dir='ltr'>ποῦσα,</span> <span class='ocrx_word' id='word_1_537' title='bbox 1168 1339 1259 1367; x_wconf 83' lang='grc' dir='ltr'>πάντα</span> <span class='ocrx_word' id='word_1_538' title='bbox 1283 1339 1366 1367; x_wconf 82' lang='grc' dir='ltr'>δοῦσα</span> <span class='ocrx_word' id='word_1_539' title='bbox 1389 1339 1461 1375; x_wconf 76' lang='grc' dir='ltr'>Θεῷ,</span> <span class='ocrx_word' id='word_1_540' title='bbox 1483 1339 1534 1375; x_wconf 83' lang='grc' dir='ltr'>τὴν</span> <span class='ocrx_word' id='word_1_541' title='bbox 1549 1338 1682 1373; x_wconf 78' lang='grc' dir='ltr'>κεφαλὴν,</span> <span class='ocrx_word' id='word_1_542' title='bbox 1697 1338 1733 1364; x_wconf 79' lang='grc' dir='ltr'><strong>τὰ</strong></span> <span class='ocrx_word' id='word_1_543' title='bbox 1759 1338 1841 1372; x_wconf 78' lang='grc' dir='ltr'>μέλη,</span> 
     </span>
    </p>
   </div>
   <div class='ocr_carea' id='block_1_75' title="bbox 1047 1384 1843 1422">
    <p class='ocr_par' dir='ltr' id='par_1_75' title="bbox 1047 1384 1843 1422">
     <span class='ocr_line' id='line_1_75' title="bbox 1047 1384 1843 1422; baseline -0.005 -9"><span class='ocrx_word' id='word_1_544' title='bbox 1047 1386 1149 1422; x_wconf 85' lang='grc' dir='ltr'>σαυτήν</span> <span class='ocrx_word' id='word_1_545' title='bbox 1160 1394 1169 1401; x_wconf 76' lang='grc' dir='ltr'><strong>ο</strong></span> <span class='ocrx_word' id='word_1_546' title='bbox 1181 1386 1210 1413; x_wconf 78' lang='grc' dir='ltr'>ὲν</span> <span class='ocrx_word' id='word_1_547' title='bbox 1224 1386 1341 1422; x_wconf 83' lang='grc' dir='ltr'><strong>ἀσκήσει</strong></span> <span class='ocrx_word' id='word_1_548' title='bbox 1362 1385 1557 1421; x_wconf 82' lang='grc' dir='ltr'>κατατρίψασα</span> <span class='ocrx_word' id='word_1_549' title='bbox 1569 1384 1600 1412; x_wconf 86' lang='grc' dir='ltr'>τὸ</span> <span class='ocrx_word' id='word_1_550' title='bbox 1612 1384 1705 1420; x_wconf 78' lang='grc' dir='ltr'>τίμιόν</span> <span class='ocrx_word' id='word_1_551' title='bbox 1721 1392 1769 1410; x_wconf 85' lang='grc' dir='ltr'><strong>σου</strong></span> <span class='ocrx_word' id='word_1_552' title='bbox 1784 1384 1843 1410; x_wconf 79' lang='grc' dir='ltr'><strong>σῶ-</strong></span> 
     </span>
    </p>
   </div>
   <div class='ocr_carea' id='block_1_76' title="bbox 1050 1428 1839 1468">
    <p class='ocr_par' dir='ltr' id='par_1_76' title="bbox 1050 1428 1839 1468">
     <span class='ocr_line' id='line_1_76' title="bbox 1050 1428 1839 1468; baseline -0.006 -9"><span class='ocrx_word' id='word_1_553' title='bbox 1050 1440 1099 1468; x_wconf 80' lang='grc' dir='ltr'>μα’</span> <span class='ocrx_word' id='word_1_554' title='bbox 1116 1431 1298 1459; x_wconf 77' lang='grc' dir='ltr'>πολύθλιπτον</span> <span class='ocrx_word' id='word_1_555' title='bbox 1322 1432 1380 1467; x_wconf 83' lang='grc' dir='ltr'>βίον</span> <span class='ocrx_word' id='word_1_556' title='bbox 1399 1431 1599 1465; x_wconf 77' lang='grc' dir='ltr'>διεεανύσασα·</span> <span class='ocrx_word' id='word_1_557' title='bbox 1620 1429 1722 1465; x_wconf 81' lang='grc' dir='ltr'>μᾶλλον</span> <span class='ocrx_word' id='word_1_558' title='bbox 1743 1428 1773 1456; x_wconf 80' lang='grc' dir='ltr'><strong>δὲ</strong></span> <span class='ocrx_word' id='word_1_559' title='bbox 1786 1429 1839 1463; x_wconf 73' lang='grc' dir='ltr'>τὴν</span> 
     </span>
    </p>
   </div>
   <div class='ocr_carea' id='block_1_77' title="bbox 1048 1475 1840 1515">
    <p class='ocr_par' dir='ltr' id='par_1_77' title="bbox 1048 1475 1840 1515">
     <span class='ocr_line' id='line_1_77' title="bbox 1048 1475 1840 1515; baseline -0.006 -9"><span class='ocrx_word' id='word_1_560' title='bbox 1048 1479 1145 1515; x_wconf 83' lang='grc' dir='ltr'>στενὴν</span> <span class='ocrx_word' id='word_1_561' title='bbox 1156 1479 1204 1505; x_wconf 86' lang='grc' dir='ltr'>καὶ</span> <span class='ocrx_word' id='word_1_562' title='bbox 1219 1478 1407 1514; x_wconf 78' lang='grc' dir='ltr'>τεθλιμμένην</span> <span class='ocrx_word' id='word_1_563' title='bbox 1421 1477 1482 1505; x_wconf 79' lang='grc' dir='ltr'>ὁδὸν</span> <span class='ocrx_word' id='word_1_564' title='bbox 1495 1477 1543 1504; x_wconf 86' lang='grc' dir='ltr'><strong>τοῦ</strong></span> <span class='ocrx_word' id='word_1_565' title='bbox 1565 1476 1669 1512; x_wconf 76' lang='grc' dir='ltr'>Κυρίου</span> <span class='ocrx_word' id='word_1_566' title='bbox 1685 1475 1820 1511; x_wconf 79' lang='grc' dir='ltr'>βαδίσασα</span> <span class='ocrx_word' id='word_1_567' title='bbox 1831 1483 1840 1490; x_wconf 88' lang='grc'><strong>·</strong></span> 
     </span>
    </p>
   </div>
   <div class='ocr_carea' id='block_1_78' title="bbox 1047 1522 1838 1560">
    <p class='ocr_par' dir='ltr' id='par_1_78' title="bbox 1047 1522 1838 1560">
     <span class='ocr_line' id='line_1_78' title="bbox 1047 1522 1838 1560; baseline -0.005 -8"><span class='ocrx_word' id='word_1_568' title='bbox 1047 1524 1095 1552; x_wconf 73' lang='grc' dir='ltr'>καὶ</span> <span class='ocrx_word' id='word_1_569' title='bbox 1107 1524 1155 1551; x_wconf 87' lang='grc' dir='ltr'><strong>νῦν</strong></span> <span class='ocrx_word' id='word_1_570' title='bbox 1169 1525 1198 1551; x_wconf 76' lang='grc' dir='ltr'>ὲν</span> <span class='ocrx_word' id='word_1_571' title='bbox 1214 1525 1295 1560; x_wconf 83' lang='grc' dir='ltr'><strong>γήρει</strong></span> <span class='ocrx_word' id='word_1_572' title='bbox 1308 1523 1384 1560; x_wconf 89' lang='grc' dir='ltr'>καλῷ</span> <span class='ocrx_word' id='word_1_573' title='bbox 1400 1523 1518 1559; x_wconf 80' lang='grc' dir='ltr'><strong>ζητοῦσα</strong></span> <span class='ocrx_word' id='word_1_574' title='bbox 1538 1522 1588 1558; x_wconf 81' lang='grc' dir='ltr'><strong>τὴν</strong></span> <span class='ocrx_word' id='word_1_575' title='bbox 1613 1522 1754 1550; x_wconf 79' lang='grc' dir='ltr'>ἀνάλυσιν.</span> <span class='ocrx_word' id='word_1_576' title='bbox 1766 1522 1838 1548; x_wconf 78' lang='grc' dir='ltr'>Ταῦ-</span> 
     </span>
    </p>
   </div>
   <div class='ocr_carea' id='block_1_79' title="bbox 1045 1567 1843 1606">
    <p class='ocr_par' dir='ltr' id='par_1_79' title="bbox 1045 1567 1843 1606">
     <span class='ocr_line' id='line_1_79' title="bbox 1045 1567 1843 1606; baseline -0.005 -9"><span class='ocrx_word' id='word_1_577' title='bbox 1045 1579 1097 1605; x_wconf 81' lang='grc' dir='ltr'><strong>την</strong></span> <span class='ocrx_word' id='word_1_578' title='bbox 1113 1570 1203 1597; x_wconf 81' lang='grc' dir='ltr'>τοίνυν</span> <span class='ocrx_word' id='word_1_579' title='bbox 1216 1570 1373 1606; x_wconf 82' lang='grc' dir='ltr'><strong>ἀπεύχομαι</strong></span> <span class='ocrx_word' id='word_1_580' title='bbox 1386 1570 1456 1601; x_wconf 84' lang='grc' dir='ltr'>τέως</span> <span class='ocrx_word' id='word_1_581' title='bbox 1470 1569 1545 1605; x_wconf 80' lang='grc' dir='ltr'>ἀρτι.</span> <span class='ocrx_word' id='word_1_582' title='bbox 1564 1568 1647 1604; x_wconf 81' lang='grc' dir='ltr'>Πλὴν,</span> <span class='ocrx_word' id='word_1_583' title='bbox 1662 1567 1812 1602; x_wconf 80' lang='grc' dir='ltr'>κράτιστον</span> <span class='ocrx_word' id='word_1_584' title='bbox 1826 1568 1843 1593; x_wconf 84' lang='grc' dir='ltr'><strong>ὃ</strong></span> 
     </span>
    </p>
   </div>
   <div class='ocr_carea' id='block_1_80' title="bbox 1045 1613 1842 1651">
    <p class='ocr_par' dir='ltr' id='par_1_80' title="bbox 1045 1613 1842 1651">
     <span class='ocr_line' id='line_1_80' title="bbox 1045 1613 1842 1651; baseline -0.005 -9"><span class='ocrx_word' id='word_1_585' title='bbox 1045 1615 1085 1651; x_wconf 86' lang='grc' dir='ltr'>τῷ</span> <span class='ocrx_word' id='word_1_586' title='bbox 1101 1615 1162 1651; x_wconf 82' lang='grc' dir='ltr'><strong>Θεῷ</strong></span> <span class='ocrx_word' id='word_1_587' title='bbox 1184 1615 1272 1650; x_wconf 73' lang='grc' dir='ltr'>φίλον,</span> <span class='ocrx_word' id='word_1_588' title='bbox 1294 1616 1343 1642; x_wconf 78' lang='grc' dir='ltr'>καὶ</span> <span class='ocrx_word' id='word_1_589' title='bbox 1366 1615 1409 1647; x_wconf 82' lang='grc' dir='ltr'><strong>τίς</strong></span> <span class='ocrx_word' id='word_1_590' title='bbox 1427 1613 1602 1649; x_wconf 77' lang='grc' dir='ltr'><strong>οἰκειοτέρως</strong></span> <span class='ocrx_word' id='word_1_591' title='bbox 1624 1613 1659 1640; x_wconf 79' lang='grc' dir='ltr'>τὰ</span> <span class='ocrx_word' id='word_1_592' title='bbox 1682 1614 1748 1648; x_wconf 65' lang='grc' dir='ltr'>περὶ</span> <span class='ocrx_word' id='word_1_593' title='bbox 1765 1613 1842 1648; x_wconf 71' lang='grc' dir='ltr'>ἡμᾶς</span> 
     </span>
    </p>
   </div>
   <div class='ocr_carea' id='block_1_81' title="bbox 1047 1658 1841 1697">
    <p class='ocr_par' dir='ltr' id='par_1_81' title="bbox 1047 1658 1841 1697">
     <span class='ocr_line' id='line_1_81' title="bbox 1047 1658 1841 1697; baseline -0.005 -9"><span class='ocrx_word' id='word_1_594' title='bbox 1047 1661 1220 1697; x_wconf 84' lang='grc' dir='ltr'>βουλεύσεται</span> <span class='ocrx_word' id='word_1_595' title='bbox 1248 1661 1316 1697; x_wconf 77' lang='grc' dir='ltr'>ἄτερ</span> <span class='ocrx_word' id='word_1_596' title='bbox 1342 1660 1445 1695; x_wconf 57' lang='lat' dir='ltr'><strong>absab;</strong></span> <span class='ocrx_word' id='word_1_597' title='bbox 1467 1660 1548 1687; x_wconf 82' lang='grc' dir='ltr'>Ἀλλά</span> <span class='ocrx_word' id='word_1_598' title='bbox 1567 1668 1612 1694; x_wconf 91' lang='grc' dir='ltr'><strong>μοι</strong></span> <span class='ocrx_word' id='word_1_599' title='bbox 1635 1660 1725 1695; x_wconf 86' lang='grc' dir='ltr'>χαῖρε,</span> <span class='ocrx_word' id='word_1_600' title='bbox 1739 1658 1841 1693; x_wconf 81' lang='grc' dir='ltr'>μῆτερ,</span> 
     </span>
    </p>
   </div>
   <div class='ocr_carea' id='block_1_82' title="bbox 1046 1704 1844 1743">
    <p class='ocr_par' dir='ltr' id='par_1_82' title="bbox 1046 1704 1844 1743">
     <span class='ocr_line' id='line_1_82' title="bbox 1046 1704 1844 1743; baseline -0.006 -8"><span class='ocrx_word' id='word_1_601' title='bbox 1046 1708 1093 1734; x_wconf 76' lang='grc' dir='ltr'>καὶ</span> <span class='ocrx_word' id='word_1_602' title='bbox 1111 1707 1197 1740; x_wconf 81' lang='grc' dir='ltr'>ζῶσα,</span> <span class='ocrx_word' id='word_1_603' title='bbox 1212 1708 1261 1735; x_wconf 74' lang='grc' dir='ltr'>καὶ</span> <span class='ocrx_word' id='word_1_604' title='bbox 1281 1707 1454 1743; x_wconf 79' lang='grc' dir='ltr'>κοιμωμένη.</span> <span class='ocrx_word' id='word_1_605' title='bbox 1470 1707 1508 1733; x_wconf 86' lang='grc' dir='ltr'><strong>Οὺ</strong></span> <span class='ocrx_word' id='word_1_606' title='bbox 1521 1707 1575 1741; x_wconf 87' lang='grc' dir='ltr'><strong>γὰρ</strong></span> <span class='ocrx_word' id='word_1_607' title='bbox 1598 1705 1747 1741; x_wconf 77' lang='grc' dir='ltr'>τεθνήξεις,</span> <span class='ocrx_word' id='word_1_608' title='bbox 1771 1704 1844 1731; x_wconf 77' lang='grc' dir='ltr'>διότι</span> 
     </span>
    </p>
   </div>
   <div class='ocr_carea' id='block_1_83' title="bbox 1046 1751 1842 1789">
    <p class='ocr_par' dir='ltr' id='par_1_83' title="bbox 1046 1751 1842 1789">
     <span class='ocr_line' id='line_1_83' title="bbox 1046 1751 1842 1789; baseline -0.005 -9"><span class='ocrx_word' id='word_1_609' title='bbox 1046 1752 1122 1785; x_wconf 79' lang='grc' dir='ltr'>ζῶσα</span> <span class='ocrx_word' id='word_1_610' title='bbox 1137 1751 1182 1780; x_wconf 86' lang='grc' dir='ltr'><strong>εῐ·</strong></span> <span class='ocrx_word' id='word_1_611' title='bbox 1199 1753 1362 1789; x_wconf 82' lang='grc' dir='ltr'>προαιρέσει</span> <span class='ocrx_word' id='word_1_612' title='bbox 1392 1752 1588 1788; x_wconf 82' lang='grc' dir='ltr'>ἀπενεκρώθης</span> <span class='ocrx_word' id='word_1_613' title='bbox 1613 1751 1654 1787; x_wconf 83' lang='grc' dir='ltr'>τῷ</span> <span class='ocrx_word' id='word_1_614' title='bbox 1677 1751 1745 1786; x_wconf 81' lang='grc' dir='ltr'><strong>βίῳ·</strong></span> <span class='ocrx_word' id='word_1_615' title='bbox 1771 1751 1842 1777; x_wconf 75' lang='grc' dir='ltr'>διότι</span> 
     </span>
    </p>
   </div>
   <div class='ocr_carea' id='block_1_84' title="bbox 1046 1797 1841 1834">
    <p class='ocr_par' dir='ltr' id='par_1_84' title="bbox 1046 1797 1841 1834">
     <span class='ocr_line' id='line_1_84' title="bbox 1046 1797 1841 1834; baseline -0.006 -8"><span class='ocrx_word' id='word_1_616' title='bbox 1046 1799 1127 1826; x_wconf 81' lang='grc' dir='ltr'>καλὸν</span> <span class='ocrx_word' id='word_1_617' title='bbox 1144 1799 1238 1833; x_wconf 83' lang='grc' dir='ltr'>ἀγῶνα</span> <span class='ocrx_word' id='word_1_618' title='bbox 1256 1799 1406 1834; x_wconf 77' lang='grc' dir='ltr'>ἠγώνισαι·</span> <span class='ocrx_word' id='word_1_619' title='bbox 1422 1799 1490 1826; x_wconf 83' lang='grc' dir='ltr'>διότι</span> <span class='ocrx_word' id='word_1_620' title='bbox 1515 1797 1669 1833; x_wconf 79' lang='grc' dir='ltr'>ὲστερήθης</span> <span class='ocrx_word' id='word_1_621' title='bbox 1691 1797 1746 1822; x_wconf 85' lang='grc' dir='ltr'>τῶν</span> <span class='ocrx_word' id='word_1_622' title='bbox 1774 1797 1841 1822; x_wconf 78' lang='grc' dir='ltr'>ἐπι-</span> 
     </span>
    </p>
   </div>
   <div class='ocr_carea' id='block_1_85' title="bbox 1046 1841 1843 1880">
    <p class='ocr_par' dir='ltr' id='par_1_85' title="bbox 1046 1841 1843 1880">
     <span class='ocr_line' id='line_1_85' title="bbox 1046 1841 1843 1880; baseline -0.004 -9"><span class='ocrx_word' id='word_1_623' title='bbox 1046 1845 1140 1879; x_wconf 85' lang='grc' dir='ltr'>γείων,</span> <span class='ocrx_word' id='word_1_624' title='bbox 1153 1845 1198 1872; x_wconf 85' lang='grc' dir='ltr'>ῐνα</span> <span class='ocrx_word' id='word_1_625' title='bbox 1212 1844 1247 1871; x_wconf 80' lang='grc' dir='ltr'>τὰ</span> <span class='ocrx_word' id='word_1_626' title='bbox 1263 1844 1379 1880; x_wconf 81' lang='grc' dir='ltr'>οὐράνια</span> <span class='ocrx_word' id='word_1_627' title='bbox 1399 1844 1609 1880; x_wconf 80' lang='grc' dir='ltr'>κληρονομήσῃς</span> <span class='ocrx_word' id='word_1_628' title='bbox 1618 1851 1625 1859; x_wconf 69' lang='grc' dir='ltr'><strong>ο</strong></span> <span class='ocrx_word' id='word_1_629' title='bbox 1637 1843 1704 1869; x_wconf 85' lang='grc' dir='ltr'>διότι</span> <span class='ocrx_word' id='word_1_630' title='bbox 1718 1843 1775 1873; x_wconf 82' lang='grc' dir='ltr'>τοῖς</span> <span class='ocrx_word' id='word_1_631' title='bbox 1790 1841 1843 1868; x_wconf 79' lang='grc' dir='ltr'><strong>τοῦ</strong></span> 
     </span>
    </p>
   </div>
   <div class='ocr_carea' id='block_1_86' title="bbox 1047 1889 1844 1926">
    <p class='ocr_par' dir='ltr' id='par_1_86' title="bbox 1047 1889 1844 1926">
     <span class='ocr_line' id='line_1_86' title="bbox 1047 1889 1844 1926; baseline -0.004 -9"><span class='ocrx_word' id='word_1_632' title='bbox 1047 1891 1200 1926; x_wconf 82' lang='grc' dir='ltr'>μαρτυρίου</span> <span class='ocrx_word' id='word_1_633' title='bbox 1223 1890 1366 1926; x_wconf 85' lang='grc' dir='ltr'>ὡμίλησας</span> <span class='ocrx_word' id='word_1_634' title='bbox 1378 1890 1469 1922; x_wconf 75' lang='grc' dir='ltr'>ἄθλοις</span> <span class='ocrx_word' id='word_1_635' title='bbox 1483 1889 1636 1925; x_wconf 84' lang='grc' dir='ltr'>ἀναιμωτί·</span> <span class='ocrx_word' id='word_1_636' title='bbox 1652 1889 1687 1915; x_wconf 87' lang='grc' dir='ltr'><strong>τά</strong></span> <span class='ocrx_word' id='word_1_637' title='bbox 1706 1889 1772 1924; x_wconf 83' lang='grc' dir='ltr'>μέλη</span> <span class='ocrx_word' id='word_1_638' title='bbox 1792 1897 1844 1915; x_wconf 88' lang='grc' dir='ltr'><strong>σου</strong></span> 
     </span>
    </p>
   </div>
   <div class='ocr_carea' id='block_1_87' title="bbox 1045 1935 1845 1972">
    <p class='ocr_par' dir='ltr' id='par_1_87' title="bbox 1045 1935 1845 1972">
     <span class='ocr_line' id='line_1_87' title="bbox 1045 1935 1845 1972; baseline 0 -10"><span class='ocrx_word' id='word_1_639' title='bbox 1045 1936 1120 1972; x_wconf 79' lang='grc' dir='ltr'>ἡμᾶς</span> <span class='ocrx_word' id='word_1_640' title='bbox 1132 1936 1307 1971; x_wconf 80' lang='grc' dir='ltr'>ἀποτεμοῦσα</span> <span class='ocrx_word' id='word_1_641' title='bbox 1317 1936 1363 1964; x_wconf 80' lang='grc' dir='ltr'><strong>διὰ</strong></span> <span class='ocrx_word' id='word_1_642' title='bbox 1375 1935 1425 1972; x_wconf 81' lang='grc' dir='ltr'><strong>τὴν</strong></span> <span class='ocrx_word' id='word_1_643' title='bbox 1433 1936 1545 1971; x_wconf 78' lang='grc' dir='ltr'>ἀγάπην</span> <span class='ocrx_word' id='word_1_644' title='bbox 1555 1935 1602 1962; x_wconf 87' lang='grc' dir='ltr'><strong>τοῦ</strong></span> <span class='ocrx_word' id='word_1_645' title='bbox 1613 1935 1717 1971; x_wconf 80' lang='grc' dir='ltr'>Κυρίου</span> <span class='ocrx_word' id='word_1_646' title='bbox 1728 1935 1845 1970; x_wconf 66' lang='grc' dir='ltr'>’ἀμέρι-</span> 
     </span>
    </p>
   </div>
   <div class='ocr_carea' id='block_1_88' title="bbox 1047 1981 1843 2019">
    <p class='ocr_par' dir='ltr' id='par_1_88' title="bbox 1047 1981 1843 2019">
     <span class='ocr_line' id='line_1_88' title="bbox 1047 1981 1843 2019; baseline -0.003 -9"><span class='ocrx_word' id='word_1_647' title='bbox 1047 1991 1113 2019; x_wconf 81' lang='grc' dir='ltr'>μνος</span> <span class='ocrx_word' id='word_1_648' title='bbox 1122 1982 1241 2019; x_wconf 75' lang='grc' dir='ltr'>ἀπέρχῃ,</span> <span class='ocrx_word' id='word_1_649' title='bbox 1249 1982 1398 2014; x_wconf 81' lang='grc' dir='ltr'>ἀδιάθετος.</span> <span class='ocrx_word' id='word_1_650' title='bbox 1410 1983 1448 2010; x_wconf 83' lang='grc' dir='ltr'><strong>Οὺ</strong></span> <span class='ocrx_word' id='word_1_651' title='bbox 1461 1982 1515 2018; x_wconf 82' lang='grc' dir='ltr'>γὰρ</span> <span class='ocrx_word' id='word_1_652' title='bbox 1526 1982 1644 2018; x_wconf 82' lang='grc' dir='ltr'>πάρεστί</span> <span class='ocrx_word' id='word_1_653' title='bbox 1653 1982 1693 2008; x_wconf 89' lang='grc' dir='ltr'><strong>σοί</strong></span> <span class='ocrx_word' id='word_1_654' title='bbox 1705 1990 1732 2008; x_wconf 82' lang='grc' dir='ltr'><strong>τι</strong></span> <span class='ocrx_word' id='word_1_655' title='bbox 1747 1981 1843 2008; x_wconf 81' lang='grc' dir='ltr'>διαθέ-</span> 
     </span>
    </p>
   </div>
   <div class='ocr_carea' id='block_1_89' title="bbox 1047 2028 1843 2065">
    <p class='ocr_par' dir='ltr' id='par_1_89' title="bbox 1047 2028 1843 2065">
     <span class='ocr_line' id='line_1_89' title="bbox 1047 2028 1843 2065; baseline -0.003 -9"><span class='ocrx_word' id='word_1_656' title='bbox 1047 2029 1119 2061; x_wconf 86' lang='grc' dir='ltr'>σθαι,</span> <span class='ocrx_word' id='word_1_657' title='bbox 1133 2030 1150 2065; x_wconf 64' lang='lat' dir='ltr'><strong>ﬂ</strong></span> <span class='ocrx_word' id='word_1_658' title='bbox 1162 2031 1192 2056; x_wconf 85' lang='grc' dir='ltr'><strong>τὺ</strong></span> <span class='ocrx_word' id='word_1_659' title='bbox 1202 2029 1304 2065; x_wconf 74' lang='grc' dir='ltr'>ἔνδυμα</span> <span class='ocrx_word' id='word_1_660' title='bbox 1318 2038 1364 2056; x_wconf 90' lang='grc' dir='ltr'><strong>σου</strong></span> <span class='ocrx_word' id='word_1_661' title='bbox 1380 2030 1410 2056; x_wconf 80' lang='grc' dir='ltr'><strong>τὺ</strong></span> <span class='ocrx_word' id='word_1_662' title='bbox 1429 2029 1559 2065; x_wconf 83' lang='grc' dir='ltr'>τρίχινον,</span> <span class='ocrx_word' id='word_1_663' title='bbox 1572 2030 1619 2056; x_wconf 81' lang='grc' dir='ltr'>καὶ</span> <span class='ocrx_word' id='word_1_664' title='bbox 1640 2028 1668 2055; x_wconf 80' lang='grc' dir='ltr'><strong>εί</strong></span> <span class='ocrx_word' id='word_1_665' title='bbox 1676 2038 1702 2055; x_wconf 88' lang='grc' dir='ltr'><strong>τι</strong></span> <span class='ocrx_word' id='word_1_666' title='bbox 1714 2028 1780 2055; x_wconf 78' lang='grc' dir='ltr'>ἄλλο</span> <span class='ocrx_word' id='word_1_667' title='bbox 1791 2028 1843 2063; x_wconf 83' lang='grc' dir='ltr'>τῆς</span> 
     </span>
    </p>
   </div>
   <div class='ocr_carea' id='block_1_90' title="bbox 1045 2074 1842 2110">
    <p class='ocr_par' dir='ltr' id='par_1_90' title="bbox 1045 2074 1842 2110">
     <span class='ocr_line' id='line_1_90' title="bbox 1045 2074 1842 2110; baseline -0.004 -8"><span class='ocrx_word' id='word_1_668' title='bbox 1045 2075 1215 2102; x_wconf 77' lang='grc' dir='ltr'>ἀσκευάστου</span> <span class='ocrx_word' id='word_1_669' title='bbox 1241 2074 1313 2110; x_wconf 82' lang='grc' dir='ltr'>ζωῆς</span> <span class='ocrx_word' id='word_1_670' title='bbox 1333 2074 1447 2110; x_wconf 86' lang='grc' dir='ltr'>σχέδιον.</span> <span class='ocrx_word' id='word_1_671' title='bbox 1468 2074 1645 2102; x_wconf 79' lang='grc' dir='ltr'>’Δπεντεῦθεν</span> <span class='ocrx_word' id='word_1_672' title='bbox 1667 2074 1719 2109; x_wconf 70' lang='grc' dir='ltr'>ἤδη</span> <span class='ocrx_word' id='word_1_673' title='bbox 1745 2075 1842 2109; x_wconf 76' lang='grc' dir='ltr'>γυμνὴ</span> 
     </span>
    </p>
   </div>
   <div class='ocr_carea' id='block_1_91' title="bbox 1046 2117 1843 2156">
    <p class='ocr_par' dir='ltr' id='par_1_91' title="bbox 1046 2117 1843 2156">
     <span class='ocr_line' id='line_1_91' title="bbox 1046 2117 1843 2156; baseline -0.005 -9"><span class='ocrx_word' id='word_1_674' title='bbox 1046 2120 1213 2156; x_wconf 84' lang='grc' dir='ltr'>παρίστασαι</span> <span class='ocrx_word' id='word_1_675' title='bbox 1223 2119 1340 2155; x_wconf 82' lang='grc' dir='ltr'><strong>τῷΘεῷ,</strong></span> <span class='ocrx_word' id='word_1_676' title='bbox 1349 2119 1472 2154; x_wconf 82' lang='grc' dir='ltr'>καθαρὰν</span> <span class='ocrx_word' id='word_1_677' title='bbox 1487 2119 1536 2154; x_wconf 83' lang='grc' dir='ltr'>τῆς</span> <span class='ocrx_word' id='word_1_678' title='bbox 1548 2118 1602 2146; x_wconf 85' lang='grc' dir='ltr'>τῶν</span> <span class='ocrx_word' id='word_1_679' title='bbox 1616 2118 1687 2145; x_wconf 85' lang='grc' dir='ltr'>ὑλῶν</span> <span class='ocrx_word' id='word_1_680' title='bbox 1702 2117 1843 2153; x_wconf 74' lang='grc' dir='ltr'>βορϐορώ-</span> 
     </span>
    </p>
   </div>
   <div class='ocr_carea' id='block_1_92' title="bbox 1046 2164 1843 2201">
    <p class='ocr_par' dir='ltr' id='par_1_92' title="bbox 1046 2164 1843 2201">
     <span class='ocr_line' id='line_1_92' title="bbox 1046 2164 1843 2201; baseline -0.004 -9"><span class='ocrx_word' id='word_1_681' title='bbox 1046 2174 1116 2197; x_wconf 84' lang='grc' dir='ltr'>σεως</span> <span class='ocrx_word' id='word_1_682' title='bbox 1130 2165 1250 2201; x_wconf 82' lang='grc' dir='ltr'>φέρουσα</span> <span class='ocrx_word' id='word_1_683' title='bbox 1263 2165 1313 2200; x_wconf 83' lang='grc' dir='ltr'>τὴν</span> <span class='ocrx_word' id='word_1_684' title='bbox 1336 2164 1436 2200; x_wconf 85' lang='grc' dir='ltr'>ψυχήν.</span> <span class='ocrx_word' id='word_1_685' title='bbox 1456 2165 1549 2200; x_wconf 79' lang='grc' dir='ltr'>Ἔχεις</span> <span class='ocrx_word' id='word_1_686' title='bbox 1562 2164 1585 2191; x_wconf 84' lang='grc' dir='ltr'><strong>δ’</strong></span> <span class='ocrx_word' id='word_1_687' title='bbox 1596 2165 1610 2191; x_wconf 85' lang='grc' dir='ltr'><strong>ὃ</strong></span> <span class='ocrx_word' id='word_1_688' title='bbox 1623 2172 1650 2191; x_wconf 89' lang='grc' dir='ltr'><strong>τι</strong></span> <span class='ocrx_word' id='word_1_689' title='bbox 1662 2165 1729 2199; x_wconf 82' lang='grc' dir='ltr'>ἡμῖν</span> <span class='ocrx_word' id='word_1_690' title='bbox 1753 2171 1843 2190; x_wconf 79' lang='grc' dir='ltr'>κατα-</span> 
     </span>
    </p>
   </div>
   <div class='ocr_carea' id='block_1_93' title="bbox 203 2209 994 2248">
    <p class='ocr_par' dir='ltr' id='par_1_93' title="bbox 203 2211 994 2248">
     <span class='ocr_line' id='line_1_93' title="bbox 203 2211 994 2248; baseline 0.004 -9"><span class='ocrx_word' id='word_1_691' title='bbox 203 2211 320 2239; x_wconf 82' lang='lat' dir='ltr'><strong>validam</strong></span> <span class='ocrx_word' id='word_1_692' title='bbox 334 2212 531 2247; x_wconf 83' lang='lat' dir='ltr'><strong>precationem,</strong></span> <span class='ocrx_word' id='word_1_693' title='bbox 559 2221 640 2247; x_wconf 92' lang='lat' dir='ltr'><strong>quam</strong></span> <span class='ocrx_word' id='word_1_694' title='bbox 663 2221 747 2248; x_wconf 88' lang='lat' dir='ltr'><strong>prope</strong></span> <span class='ocrx_word' id='word_1_695' title='bbox 771 2213 861 2241; x_wconf 85' lang='lat' dir='ltr'><strong>adhuc</strong></span> <span class='ocrx_word' id='word_1_696' title='bbox 881 2214 994 2242; x_wconf 69' lang='lat' dir='ltr'><strong>infanti~</strong></span> 
     </span>
    </p>
   </div>
   <div class='ocr_carea' id='block_1_94' title="bbox 1046 2209 1844 2248">
    <p class='ocr_par' dir='ltr' id='par_1_94' title="bbox 1047 2209 1844 2246">
     <span class='ocr_line' id='line_1_94' title="bbox 1047 2209 1844 2246; baseline -0.004 -9"><span class='ocrx_word' id='word_1_697' title='bbox 1047 2210 1159 2246; x_wconf 84' lang='grc' dir='ltr'>λείψεις,</span> <span class='ocrx_word' id='word_1_698' title='bbox 1174 2210 1223 2246; x_wconf 84' lang='grc' dir='ltr'><strong>τὴν</strong></span> <span class='ocrx_word' id='word_1_699' title='bbox 1238 2210 1374 2246; x_wconf 72' lang='grc' dir='ltr'>κραταιὰν</span> <span class='ocrx_word' id='word_1_700' title='bbox 1397 2210 1492 2246; x_wconf 83' lang='grc' dir='ltr'>εὐχὴν,</span> <span class='ocrx_word' id='word_1_701' title='bbox 1508 2210 1543 2245; x_wconf 81' lang='grc' dir='ltr'>ἢν</span> <span class='ocrx_word' id='word_1_702' title='bbox 1565 2209 1612 2236; x_wconf 74' lang='grc' dir='ltr'>καὶ</span> <span class='ocrx_word' id='word_1_703' title='bbox 1636 2209 1745 2244; x_wconf 78' lang='grc' dir='ltr'>νηπίοις</span> <span class='ocrx_word' id='word_1_704' title='bbox 1771 2209 1844 2244; x_wconf 74' lang='grc' dir='ltr'>ἡμῖν</span> 
     </span>
    </p>
   </div>
   <div class='ocr_carea' id='block_1_95' title="bbox 203 2257 994 2295">
    <p class='ocr_par' dir='ltr' id='par_1_95' title="bbox 203 2257 994 2295">
     <span class='ocr_line' id='line_1_95' title="bbox 203 2257 994 2295; baseline 0.005 -11"><span class='ocrx_word' id='word_1_705' title='bbox 203 2257 255 2285; x_wconf 88' lang='lat' dir='ltr'><strong>bus</strong></span> <span class='ocrx_word' id='word_1_706' title='bbox 269 2258 350 2285; x_wconf 89' lang='lat' dir='ltr'><strong>nobis</strong></span> <span class='ocrx_word' id='word_1_707' title='bbox 365 2258 551 2293; x_wconf 89' lang='lat' dir='ltr'><strong>impertiebas,</strong></span> <span class='ocrx_word' id='word_1_708' title='bbox 569 2258 711 2285; x_wconf 90' lang='lat' dir='ltr'><strong>nocturnis</strong></span> <span class='ocrx_word' id='word_1_709' title='bbox 739 2259 815 2287; x_wconf 88' lang='lat' dir='ltr'><strong>horis</strong></span> <span class='ocrx_word' id='word_1_710' title='bbox 835 2260 948 2295; x_wconf 87' lang='lat' dir='ltr'><strong>signans</strong></span> <span class='ocrx_word' id='word_1_711' title='bbox 965 2265 994 2288; x_wconf 88' lang='lat' dir='ltr'><strong>et</strong></span> 
     </span>
    </p>
   </div>
   <div class='ocr_carea' id='block_1_96' title="bbox 202 2302 995 2341">
    <p class='ocr_par' dir='ltr' id='par_1_96' title="bbox 202 2302 995 2341">
     <span class='ocr_line' id='line_1_96' title="bbox 202 2302 995 2341; baseline 0.005 -12"><span class='ocrx_word' id='word_1_712' title='bbox 202 2303 378 2337; x_wconf 80' lang='lat' dir='ltr'><strong>consignans,</strong></span> <span class='ocrx_word' id='word_1_713' title='bbox 396 2310 492 2337; x_wconf 85' lang='lat' dir='ltr'><strong>preces</strong></span> <span class='ocrx_word' id='word_1_714' title='bbox 506 2310 556 2338; x_wconf 92' lang='lat' dir='ltr'><strong>pro</strong></span> <span class='ocrx_word' id='word_1_715' title='bbox 570 2302 650 2330; x_wconf 88' lang='lat' dir='ltr'><strong>nobis</strong></span> <span class='ocrx_word' id='word_1_716' title='bbox 666 2303 782 2331; x_wconf 84' lang='lat' dir='ltr'><strong>Domino</strong></span> <span class='ocrx_word' id='word_1_717' title='bbox 797 2312 995 2341; x_wconf 87' lang='lat' dir='ltr'><strong>usquequaque</strong></span> 
     </span>
    </p>
   </div>
   <div class='ocr_carea' id='block_1_97' title="bbox 204 2347 994 2385">
    <p class='ocr_par' dir='ltr' id='par_1_97' title="bbox 204 2347 994 2385">
     <span class='ocr_line' id='line_1_97' title="bbox 204 2347 994 2385; baseline 0.005 -10"><span class='ocrx_word' id='word_1_718' title='bbox 204 2348 336 2376; x_wconf 83' lang='lat' dir='ltr'><strong>oll&#39;erens.</strong></span> <span class='ocrx_word' id='word_1_719' title='bbox 363 2347 515 2383; x_wconf 78' lang='lat' dir='ltr'><strong>Relinques</strong></span> <span class='ocrx_word' id='word_1_720' title='bbox 539 2353 568 2376; x_wconf 84' lang='lat' dir='ltr'><strong>et</strong></span> <span class='ocrx_word' id='word_1_721' title='bbox 590 2349 735 2385; x_wconf 82' lang='lat' dir='ltr'><strong>impigram</strong></span> <span class='ocrx_word' id='word_1_722' title='bbox 759 2353 833 2377; x_wconf 90' lang='lat' dir='ltr'><strong>tuam</strong></span> <span class='ocrx_word' id='word_1_723' title='bbox 847 2351 875 2378; x_wconf 92' lang='lat' dir='ltr'><strong>in</strong></span> <span class='ocrx_word' id='word_1_724' title='bbox 893 2351 994 2379; x_wconf 85' lang='lat' dir='ltr'><strong>divinis</strong></span> 
     </span>
    </p>
   </div>
   <div class='ocr_carea' id='block_1_98' title="bbox 204 2393 992 2430">
    <p class='ocr_par' dir='ltr' id='par_1_98' title="bbox 204 2393 992 2430">
     <span class='ocr_line' id='line_1_98' title="bbox 204 2393 992 2430; baseline 0.005 -10"><span class='ocrx_word' id='word_1_725' title='bbox 204 2393 323 2430; x_wconf 83' lang='lat' dir='ltr'><strong>liturgiis</strong></span> <span class='ocrx_word' id='word_1_726' title='bbox 335 2393 515 2429; x_wconf 85' lang='lat' dir='ltr'><strong>diligentiam,</strong></span> <span class='ocrx_word' id='word_1_727' title='bbox 528 2394 652 2422; x_wconf 84' lang='lat' dir='ltr'><strong>studium</strong></span> <span class='ocrx_word' id='word_1_728' title='bbox 671 2395 808 2423; x_wconf 89' lang='lat' dir='ltr'><strong>castitatis</strong></span> <span class='ocrx_word' id='word_1_729' title='bbox 824 2401 853 2424; x_wconf 89' lang='lat' dir='ltr'><strong>et</strong></span> <span class='ocrx_word' id='word_1_730' title='bbox 869 2397 992 2430; x_wconf 85' lang='lat' dir='ltr'><strong>virtutis,</strong></span> 
     </span>
    </p>
   </div>
   <div class='ocr_carea' id='block_1_99' title="bbox 202 2439 994 2475">
    <p class='ocr_par' dir='ltr' id='par_1_99' title="bbox 202 2439 994 2475">
     <span class='ocr_line' id='line_1_99' title="bbox 202 2439 994 2475; baseline 0.006 -9"><span class='ocrx_word' id='word_1_731' title='bbox 202 2443 232 2467; x_wconf 88' lang='lat' dir='ltr'><strong>et</strong></span> <span class='ocrx_word' id='word_1_732' title='bbox 245 2439 422 2474; x_wconf 85' lang='lat' dir='ltr'><strong>apostolicam</strong></span> <span class='ocrx_word' id='word_1_733' title='bbox 446 2439 637 2475; x_wconf 87' lang='lat' dir='ltr'><strong>gloriationem</strong></span> <span class='ocrx_word' id='word_1_734' title='bbox 656 2441 769 2469; x_wconf 88' lang='lat' dir='ltr'><strong>laboris.</strong></span> <span class='ocrx_word' id='word_1_735' title='bbox 791 2441 898 2470; x_wconf 85' lang='lat' dir='ltr'><strong>Revera</strong></span> <span class='ocrx_word' id='word_1_736' title='bbox 921 2443 994 2471; x_wconf 84' lang='lat' dir='ltr'><strong>enim</strong></span> 
     </span>
    </p>
   </div>
   <div class='ocr_carea' id='block_1_100' title="bbox 204 2484 992 2520">
    <p class='ocr_par' dir='ltr' id='par_1_100' title="bbox 204 2484 992 2520">
     <span class='ocr_line' id='line_1_100' title="bbox 204 2484 992 2520; baseline 0.004 -9"><span class='ocrx_word' id='word_1_737' title='bbox 204 2484 338 2520; x_wconf 83' lang='lat' dir='ltr'><strong>plurimus</strong></span> <span class='ocrx_word' id='word_1_738' title='bbox 351 2487 508 2512; x_wconf 88' lang='lat' dir='ltr'><strong>sanctarum</strong></span> <span class='ocrx_word' id='word_1_739' title='bbox 526 2492 655 2512; x_wconf 88' lang='lat' dir='ltr'><strong>manuum</strong></span> <span class='ocrx_word' id='word_1_740' title='bbox 663 2491 770 2514; x_wconf 92' lang='lat' dir='ltr'><strong>tuarum</strong></span> <span class='ocrx_word' id='word_1_741' title='bbox 787 2486 864 2514; x_wconf 87' lang='lat' dir='ltr'><strong>labor</strong></span> <span class='ocrx_word' id='word_1_742' title='bbox 878 2488 992 2520; x_wconf 82' lang='lat' dir='ltr'><strong>exstitit,</strong></span> 
     </span>
    </p>
   </div>
   <div class='ocr_carea' id='block_1_101' title="bbox 136 2529 994 2565">
    <p class='ocr_par' dir='ltr' id='par_1_101' title="bbox 136 2529 994 2565">
     <span class='ocr_line' id='line_1_101' title="bbox 136 2529 994 2565; baseline 0.003 -8"><span class='ocrx_word' id='word_1_743' title='bbox 136 2555 146 2560; x_wconf 25' lang='grc' dir='ltr'>ι</span> <span class='ocrx_word' id='word_1_744' title='bbox 203 2530 369 2565; x_wconf 90' lang='lat' dir='ltr'><strong>operuitque</strong></span> <span class='ocrx_word' id='word_1_745' title='bbox 384 2536 417 2557; x_wconf 86' lang='lat' dir='ltr'><strong>ac</strong></span> <span class='ocrx_word' id='word_1_746' title='bbox 440 2529 517 2563; x_wconf 80' lang='lat' dir='ltr'><strong>fovit,</strong></span> <span class='ocrx_word' id='word_1_747' title='bbox 541 2537 597 2557; x_wconf 93' lang='lat' dir='ltr'><strong>non</strong></span> <span class='ocrx_word' id='word_1_748' title='bbox 618 2538 669 2558; x_wconf 86' lang='lat' dir='ltr'><strong>nos</strong></span> <span class='ocrx_word' id='word_1_749' title='bbox 685 2531 770 2565; x_wconf 89' lang='lat' dir='ltr'><strong>solos,</strong></span> <span class='ocrx_word' id='word_1_750' title='bbox 782 2532 831 2559; x_wconf 87' lang='lat' dir='ltr'><strong>sed</strong></span> <span class='ocrx_word' id='word_1_751' title='bbox 843 2537 871 2560; x_wconf 91' lang='lat' dir='ltr'><strong>et</strong></span> <span class='ocrx_word' id='word_1_752' title='bbox 896 2532 994 2560; x_wconf 81' lang='lat' dir='ltr'><strong>fratres</strong></span> 
     </span>
    </p>
   </div>
   <div class='ocr_carea' id='block_1_102' title="bbox 203 2575 993 2613">
    <p class='ocr_par' dir='ltr' id='par_1_102' title="bbox 203 2575 993 2613">
     <span class='ocr_line' id='line_1_102' title="bbox 203 2575 993 2613; baseline 0.005 -11"><span class='ocrx_word' id='word_1_753' title='bbox 203 2576 286 2603; x_wconf 85' lang='lat' dir='ltr'><strong>simul</strong></span> <span class='ocrx_word' id='word_1_754' title='bbox 310 2575 466 2608; x_wconf 84' lang='lat' dir='ltr'><strong>universos,</strong></span> <span class='ocrx_word' id='word_1_755' title='bbox 498 2575 546 2610; x_wconf 90' lang='lat' dir='ltr'><strong>qui</strong></span> <span class='ocrx_word' id='word_1_756' title='bbox 563 2580 591 2604; x_wconf 90' lang='lat' dir='ltr'><strong>te</strong></span> <span class='ocrx_word' id='word_1_757' title='bbox 606 2583 659 2604; x_wconf 90' lang='lat' dir='ltr'><strong>ceu</strong></span> <span class='ocrx_word' id='word_1_758' title='bbox 681 2581 796 2605; x_wconf 85' lang='lat' dir='ltr'><strong>matrem</strong></span> <span class='ocrx_word' id='word_1_759' title='bbox 823 2578 993 2613; x_wconf 88' lang='lat' dir='ltr'><strong>spiritualem</strong></span> 
     </span>
    </p>
   </div>
   <div class='ocr_carea' id='block_1_103' title="bbox 203 2622 994 2659">
    <p class='ocr_par' dir='ltr' id='par_1_103' title="bbox 203 2622 994 2659">
     <span class='ocr_line' id='line_1_103' title="bbox 203 2622 994 2659; baseline 0.005 -11"><span class='ocrx_word' id='word_1_760' title='bbox 203 2626 395 2657; x_wconf 83' lang='lat' dir='ltr'><strong>agnoscentes.</strong></span> <span class='ocrx_word' id='word_1_761' title='bbox 420 2622 606 2657; x_wconf 81' lang='lat' dir='ltr'><strong>colentesque,</strong></span> <span class='ocrx_word' id='word_1_762' title='bbox 624 2630 753 2658; x_wconf 67' lang='lat' dir='ltr'><strong>peraeque</strong></span> <span class='ocrx_word' id='word_1_763' title='bbox 773 2628 804 2651; x_wconf 89' lang='lat' dir='ltr'><strong>ut</strong></span> <span class='ocrx_word' id='word_1_764' title='bbox 831 2632 882 2651; x_wconf 88' lang='lat' dir='ltr'><strong>nos</strong></span> <span class='ocrx_word' id='word_1_765' title='bbox 901 2625 952 2659; x_wconf 91' lang='lat' dir='ltr'><strong>ipsi</strong></span> <span class='ocrx_word' id='word_1_766' title='bbox 968 2629 994 2653; x_wconf 90' lang='lat' dir='ltr'><strong>te</strong></span> 
     </span>
    </p>
   </div>
   <div class='ocr_carea' id='block_1_104' title="bbox 203 2667 994 2703">
    <p class='ocr_par' dir='ltr' id='par_1_104' title="bbox 203 2667 994 2703">
     <span class='ocr_line' id='line_1_104' title="bbox 203 2667 994 2703; baseline 0.003 -8"><span class='ocrx_word' id='word_1_767' title='bbox 203 2668 300 2703; x_wconf 74' lang='lat' dir='ltr'><strong>lugent</strong></span> <span class='ocrx_word' id='word_1_768' title='bbox 315 2673 343 2696; x_wconf 90' lang='lat' dir='ltr'><strong>et</strong></span> <span class='ocrx_word' id='word_1_769' title='bbox 360 2668 498 2695; x_wconf 86' lang='lat' dir='ltr'><strong>invocant.</strong></span> <span class='ocrx_word' id='word_1_770' title='bbox 517 2667 580 2694; x_wconf 71' lang='lat' dir='ltr'><strong>Haec</strong></span> <span class='ocrx_word' id='word_1_771' title='bbox 593 2676 655 2703; x_wconf 65' lang='lat' dir='ltr'><strong>qua:</strong></span> <span class='ocrx_word' id='word_1_772' title='bbox 669 2669 790 2696; x_wconf 91' lang='lat' dir='ltr'><strong>nondum</strong></span> <span class='ocrx_word' id='word_1_773' title='bbox 817 2674 882 2697; x_wconf 90' lang='lat' dir='ltr'><strong>sunt</strong></span> <span class='ocrx_word' id='word_1_774' title='bbox 895 2670 994 2698; x_wconf 88' lang='lat' dir='ltr'><strong>litteris</strong></span> 
     </span>
    </p>
   </div>
   <div class='ocr_carea' id='block_1_105' title="bbox 205 2712 995 2750">
    <p class='ocr_par' dir='ltr' id='par_1_105' title="bbox 205 2712 995 2750">
     <span class='ocr_line' id='line_1_105' title="bbox 205 2712 995 2750; baseline 0.005 -11"><span class='ocrx_word' id='word_1_775' title='bbox 205 2712 371 2746; x_wconf 81' lang='lat' dir='ltr'><strong>elﬁnximus,</strong></span> <span class='ocrx_word' id='word_1_776' title='bbox 386 2713 601 2740; x_wconf 87' lang='lat' dir='ltr'><strong>consolationem</strong></span> <span class='ocrx_word' id='word_1_777' title='bbox 618 2713 698 2741; x_wconf 85' lang='lat' dir='ltr'><strong>nobis</strong></span> <span class='ocrx_word' id='word_1_778' title='bbox 711 2714 778 2749; x_wconf 85' lang='lat' dir='ltr'><strong>ipsis</strong></span> <span class='ocrx_word' id='word_1_779' title='bbox 794 2720 946 2750; x_wconf 80' lang='lat' dir='ltr'><strong>captantes.</strong></span> <span class='ocrx_word' id='word_1_780' title='bbox 966 2722 995 2744; x_wconf 88' lang='lat' dir='ltr'><strong>et</strong></span> 
     </span>
    </p>
   </div>
   <div class='ocr_carea' id='block_1_106' title="bbox 203 2758 993 2797">
    <p class='ocr_par' dir='ltr' id='par_1_106' title="bbox 203 2758 993 2797">
     <span class='ocr_line' id='line_1_106' title="bbox 203 2758 993 2797; baseline 0.004 -11"><span class='ocrx_word' id='word_1_781' title='bbox 203 2759 297 2786; x_wconf 84' lang='lat' dir='ltr'><strong>cordis</strong></span> <span class='ocrx_word' id='word_1_782' title='bbox 308 2758 395 2786; x_wconf 90' lang='lat' dir='ltr'><strong>nostri</strong></span> <span class='ocrx_word' id='word_1_783' title='bbox 406 2766 528 2790; x_wconf 86' lang='lat' dir='ltr'><strong>sensum,</strong></span> <span class='ocrx_word' id='word_1_784' title='bbox 544 2766 626 2793; x_wconf 90' lang='lat' dir='ltr'><strong>quem</strong></span> <span class='ocrx_word' id='word_1_785' title='bbox 639 2759 696 2795; x_wconf 84' lang='lat' dir='ltr'><strong>ipsa</strong></span> <span class='ocrx_word' id='word_1_786' title='bbox 711 2760 793 2788; x_wconf 88' lang='lat' dir='ltr'><strong>etiam</strong></span> <span class='ocrx_word' id='word_1_787' title='bbox 808 2768 858 2796; x_wconf 89' lang='lat' dir='ltr'><strong>per</strong></span> <span class='ocrx_word' id='word_1_788' title='bbox 873 2765 899 2788; x_wconf 90' lang='lat' dir='ltr'><strong>te</strong></span> <span class='ocrx_word' id='word_1_789' title='bbox 911 2762 993 2797; x_wconf 87' lang='lat' dir='ltr'><strong>nosti,</strong></span> 
     </span>
    </p>
   </div>
   <div class='ocr_carea' id='block_1_107' title="bbox 207 2804 995 2840">
    <p class='ocr_par' dir='ltr' id='par_1_107' title="bbox 207 2804 995 2840">
     <span class='ocr_line' id='line_1_107' title="bbox 207 2804 995 2840; baseline 0.006 -8"><span class='ocrx_word' id='word_1_790' title='bbox 207 2805 413 2840; x_wconf 74' lang='lat' dir='ltr'><strong>patefacientes.</strong></span> <span class='ocrx_word' id='word_1_791' title='bbox 432 2804 489 2840; x_wconf 83' lang='lat' dir='ltr'><strong>Ego</strong></span> <span class='ocrx_word' id='word_1_792' title='bbox 504 2804 597 2839; x_wconf 78' lang='lat' dir='ltr'><strong>igitur,</strong></span> <span class='ocrx_word' id='word_1_793' title='bbox 611 2809 698 2833; x_wconf 90' lang='lat' dir='ltr'><strong>mater</strong></span> <span class='ocrx_word' id='word_1_794' title='bbox 714 2811 817 2840; x_wconf 81' lang='lat' dir='ltr'><strong>sancta,</strong></span> <span class='ocrx_word' id='word_1_795' title='bbox 833 2812 864 2835; x_wconf 92' lang='lat' dir='ltr'><strong>ut</strong></span> <span class='ocrx_word' id='word_1_796' title='bbox 877 2809 995 2837; x_wconf 84' lang='lat' dir='ltr'><strong>maxime</strong></span> 
     </span>
    </p>
   </div>
   <div class='ocr_carea' id='block_1_108' title="bbox 210 2850 994 2890">
    <p class='ocr_par' dir='ltr' id='par_1_108' title="bbox 210 2850 994 2890">
     <span class='ocr_line' id='line_1_108' title="bbox 210 2850 994 2890; baseline 0.005 -12"><span class='ocrx_word' id='word_1_797' title='bbox 210 2850 319 2883; x_wconf 69' lang='lat' dir='ltr'><strong>vellem,</strong></span> <span class='ocrx_word' id='word_1_798' title='bbox 330 2851 403 2886; x_wconf 89' lang='lat' dir='ltr'><strong>quod</strong></span> <span class='ocrx_word' id='word_1_799' title='bbox 415 2855 441 2879; x_wconf 83' lang='lat' dir='ltr'><strong>te</strong></span> <span class='ocrx_word' id='word_1_800' title='bbox 452 2859 507 2879; x_wconf 89' lang='lat' dir='ltr'><strong>non</strong></span> <span class='ocrx_word' id='word_1_801' title='bbox 521 2851 595 2885; x_wconf 89' lang='lat' dir='ltr'><strong>latet,</strong></span> <span class='ocrx_word' id='word_1_802' title='bbox 609 2851 703 2880; x_wconf 86' lang='lat' dir='ltr'><strong>venire</strong></span> <span class='ocrx_word' id='word_1_803' title='bbox 717 2860 771 2880; x_wconf 87' lang='lat' dir='ltr'><strong>non</strong></span> <span class='ocrx_word' id='word_1_804' title='bbox 787 2853 874 2889; x_wconf 87' lang='lat' dir='ltr'><strong>potui,</strong></span> <span class='ocrx_word' id='word_1_805' title='bbox 883 2858 994 2890; x_wconf 87' lang='lat' dir='ltr'><strong>propter</strong></span> 
     </span>
    </p>
   </div>
   <div class='ocr_carea' id='block_1_109' title="bbox 1046 2252 1843 2290">
    <p class='ocr_par' dir='ltr' id='par_1_109' title="bbox 1046 2252 1843 2290">
     <span class='ocr_line' id='line_1_109' title="bbox 1046 2252 1843 2290; baseline -0.001 -9"><span class='ocrx_word' id='word_1_806' title='bbox 1046 2252 1106 2282; x_wconf 81' lang='grc' dir='ltr'>οὖσι</span> <span class='ocrx_word' id='word_1_807' title='bbox 1120 2255 1213 2290; x_wconf 79' lang='grc' dir='ltr'>σχεδὸν</span> <span class='ocrx_word' id='word_1_808' title='bbox 1227 2255 1416 2290; x_wconf 78' lang='grc' dir='ltr'>κατέπεμπες,</span> <span class='ocrx_word' id='word_1_809' title='bbox 1437 2254 1591 2289; x_wconf 84' lang='grc' dir='ltr'>σημειοῦσα</span> <span class='ocrx_word' id='word_1_810' title='bbox 1612 2254 1660 2281; x_wconf 81' lang='grc' dir='ltr'>καὶ</span> <span class='ocrx_word' id='word_1_811' title='bbox 1677 2261 1843 2289; x_wconf 73' lang='grc' dir='ltr'>κατασφρα-</span> 
     </span>
    </p>
   </div>
   <div class='ocr_carea' id='block_1_110' title="bbox 1045 2299 1845 2336">
    <p class='ocr_par' dir='ltr' id='par_1_110' title="bbox 1045 2299 1845 2336">
     <span class='ocr_line' id='line_1_110' title="bbox 1045 2299 1845 2336; baseline 0 -10"><span class='ocrx_word' id='word_1_812' title='bbox 1045 2300 1161 2335; x_wconf 73' lang='grc' dir='ltr'>γίζουσα</span> <span class='ocrx_word' id='word_1_813' title='bbox 1176 2301 1206 2327; x_wconf 81' lang='grc' dir='ltr'>ὲν</span> <span class='ocrx_word' id='word_1_814' title='bbox 1218 2301 1282 2332; x_wconf 81' lang='grc' dir='ltr'>ταῖς</span> <span class='ocrx_word' id='word_1_815' title='bbox 1297 2302 1472 2336; x_wconf 79' lang='grc' dir='ltr'>νυκτεριναϊς</span> <span class='ocrx_word' id='word_1_816' title='bbox 1484 2299 1583 2335; x_wconf 86' lang='grc' dir='ltr'>ὥραις,</span> <span class='ocrx_word' id='word_1_817' title='bbox 1597 2299 1673 2332; x_wconf 86' lang='grc' dir='ltr'>λιτάς</span> <span class='ocrx_word' id='word_1_818' title='bbox 1687 2299 1747 2327; x_wconf 81' lang='grc' dir='ltr'>ἀνθ’</span> <span class='ocrx_word' id='word_1_819' title='bbox 1759 2300 1845 2335; x_wconf 76' lang='grc' dir='ltr'>ἡμῶν</span> 
     </span>
    </p>
   </div>
   <div class='ocr_carea' id='block_1_111' title="bbox 1045 2347 1844 2383">
    <p class='ocr_par' dir='ltr' id='par_1_111' title="bbox 1045 2347 1844 2383">
     <span class='ocr_line' id='line_1_111' title="bbox 1045 2347 1844 2383; baseline 0 -9"><span class='ocrx_word' id='word_1_820' title='bbox 1045 2347 1085 2383; x_wconf 82' lang='grc' dir='ltr'>τῷ</span> <span class='ocrx_word' id='word_1_821' title='bbox 1103 2348 1200 2383; x_wconf 82' lang='grc' dir='ltr'>Κυρίῳ</span> <span class='ocrx_word' id='word_1_822' title='bbox 1213 2348 1243 2375; x_wconf 80' lang='grc' dir='ltr'>ὲν</span> <span class='ocrx_word' id='word_1_823' title='bbox 1261 2348 1345 2375; x_wconf 75' lang='grc' dir='ltr'>παντὶ</span> <span class='ocrx_word' id='word_1_824' title='bbox 1363 2347 1454 2383; x_wconf 87' lang='grc' dir='ltr'>καιρῷ</span> <span class='ocrx_word' id='word_1_825' title='bbox 1475 2348 1680 2382; x_wconf 77' lang='grc' dir='ltr'>προσφέρουσα.</span> <span class='ocrx_word' id='word_1_826' title='bbox 1697 2347 1844 2374; x_wconf 76' lang='grc' dir='ltr'>Καταλεί-</span> 
     </span>
    </p>
   </div>
   <div class='ocr_carea' id='block_1_112' title="bbox 1044 2392 1845 2428">
    <p class='ocr_par' dir='ltr' id='par_1_112' title="bbox 1044 2392 1845 2428">
     <span class='ocr_line' id='line_1_112' title="bbox 1044 2392 1845 2428; baseline -0.001 -8"><span class='ocrx_word' id='word_1_827' title='bbox 1044 2393 1107 2428; x_wconf 81' lang='grc' dir='ltr'>ψεις</span> <span class='ocrx_word' id='word_1_828' title='bbox 1129 2394 1158 2420; x_wconf 80' lang='grc' dir='ltr'><strong>δὲ</strong></span> <span class='ocrx_word' id='word_1_829' title='bbox 1178 2393 1226 2420; x_wconf 78' lang='grc' dir='ltr'>καὶ</span> <span class='ocrx_word' id='word_1_830' title='bbox 1243 2393 1275 2420; x_wconf 80' lang='grc' dir='ltr'><strong>τὺ</strong></span> <span class='ocrx_word' id='word_1_831' title='bbox 1294 2393 1393 2421; x_wconf 75' lang='grc' dir='ltr'>ἀοκνόν</span> <span class='ocrx_word' id='word_1_832' title='bbox 1409 2401 1458 2419; x_wconf 84' lang='grc' dir='ltr'><strong>σου</strong></span> <span class='ocrx_word' id='word_1_833' title='bbox 1475 2393 1505 2420; x_wconf 78' lang='grc' dir='ltr'>ὲν</span> <span class='ocrx_word' id='word_1_834' title='bbox 1527 2393 1589 2424; x_wconf 81' lang='grc' dir='ltr'>ταῖς</span> <span class='ocrx_word' id='word_1_835' title='bbox 1606 2392 1695 2424; x_wconf 85' lang='grc' dir='ltr'>θείαις</span> <span class='ocrx_word' id='word_1_836' title='bbox 1712 2392 1845 2428; x_wconf 79' lang='grc' dir='ltr'>λειτουρ-</span> 
     </span>
    </p>
   </div>
   <div class='ocr_carea' id='block_1_113' title="bbox 1045 2438 1844 2474">
    <p class='ocr_par' dir='ltr' id='par_1_113' title="bbox 1045 2438 1844 2474">
     <span class='ocr_line' id='line_1_113' title="bbox 1045 2438 1844 2474; baseline -0.003 -8"><span class='ocrx_word' id='word_1_837' title='bbox 1045 2439 1129 2474; x_wconf 83' lang='grc' dir='ltr'>γίαις,</span> <span class='ocrx_word' id='word_1_838' title='bbox 1151 2439 1199 2466; x_wconf 74' lang='grc' dir='ltr'><strong>καὶ</strong></span> <span class='ocrx_word' id='word_1_839' title='bbox 1216 2439 1358 2474; x_wconf 79' lang='grc' dir='ltr'>φίλαγνον,</span> <span class='ocrx_word' id='word_1_840' title='bbox 1377 2438 1427 2466; x_wconf 79' lang='grc' dir='ltr'>καὶ</span> <span class='ocrx_word' id='word_1_841' title='bbox 1449 2438 1606 2471; x_wconf 83' lang='grc' dir='ltr'>σπουδαῖον,</span> <span class='ocrx_word' id='word_1_842' title='bbox 1630 2438 1679 2465; x_wconf 82' lang='grc' dir='ltr'><strong>καὶ</strong></span> <span class='ocrx_word' id='word_1_843' title='bbox 1708 2438 1742 2465; x_wconf 80' lang='grc' dir='ltr'>τὸ</span> <span class='ocrx_word' id='word_1_844' title='bbox 1769 2438 1844 2465; x_wconf 79' lang='grc' dir='ltr'>ἀπο-</span> 
     </span>
    </p>
   </div>
   <div class='ocr_carea' id='block_1_114' title="bbox 1046 2483 1842 2521">
    <p class='ocr_par' dir='ltr' id='par_1_114' title="bbox 1046 2483 1842 2521">
     <span class='ocr_line' id='line_1_114' title="bbox 1046 2483 1842 2521; baseline -0.001 -9"><span class='ocrx_word' id='word_1_845' title='bbox 1046 2485 1170 2512; x_wconf 80' lang='grc' dir='ltr'>στολικὸν</span> <span class='ocrx_word' id='word_1_846' title='bbox 1184 2485 1316 2521; x_wconf 82' lang='grc' dir='ltr'>καύχημα</span> <span class='ocrx_word' id='word_1_847' title='bbox 1330 2485 1378 2512; x_wconf 80' lang='grc' dir='ltr'><strong>τοῦ</strong></span> <span class='ocrx_word' id='word_1_848' title='bbox 1400 2484 1537 2520; x_wconf 79' lang='grc' dir='ltr'>καμάτου.</span> <span class='ocrx_word' id='word_1_849' title='bbox 1550 2484 1596 2520; x_wconf 85' lang='grc' dir='ltr'><strong>Τῷ</strong></span> <span class='ocrx_word' id='word_1_850' title='bbox 1610 2484 1667 2510; x_wconf 74' lang='grc' dir='ltr'>ὖντι</span> <span class='ocrx_word' id='word_1_851' title='bbox 1680 2483 1736 2519; x_wconf 80' lang='grc' dir='ltr'><strong>γὰρ</strong></span> <span class='ocrx_word' id='word_1_852' title='bbox 1755 2485 1842 2517; x_wconf 72' lang='grc' dir='ltr'>πολὺς</span> 
     </span>
    </p>
   </div>
   <div class='ocr_carea' id='block_1_115' title="bbox 1045 2529 1842 2567">
    <p class='ocr_par' dir='ltr' id='par_1_115' title="bbox 1045 2529 1842 2567">
     <span class='ocr_line' id='line_1_115' title="bbox 1045 2529 1842 2567; baseline -0.001 -9"><span class='ocrx_word' id='word_1_853' title='bbox 1045 2531 1169 2567; x_wconf 81' lang='grc' dir='ltr'>κάματος</span> <span class='ocrx_word' id='word_1_854' title='bbox 1186 2532 1219 2558; x_wconf 77' lang='grc' dir='ltr'>ὲκ</span> <span class='ocrx_word' id='word_1_855' title='bbox 1235 2531 1291 2558; x_wconf 86' lang='grc' dir='ltr'><strong>τῶν</strong></span> <span class='ocrx_word' id='word_1_856' title='bbox 1311 2531 1394 2558; x_wconf 82' lang='grc' dir='ltr'>ὁσίων</span> <span class='ocrx_word' id='word_1_857' title='bbox 1417 2538 1464 2557; x_wconf 86' lang='grc' dir='ltr'><strong>σου</strong></span> <span class='ocrx_word' id='word_1_858' title='bbox 1485 2530 1588 2566; x_wconf 84' lang='grc' dir='ltr'>χειρῶν</span> <span class='ocrx_word' id='word_1_859' title='bbox 1608 2529 1768 2565; x_wconf 76' lang='grc' dir='ltr'>ἐξελήλυθε,</span> <span class='ocrx_word' id='word_1_860' title='bbox 1791 2532 1842 2557; x_wconf 74' lang='grc' dir='ltr'>καὶ</span> 
     </span>
    </p>
   </div>
   <div class='ocr_carea' id='block_1_116' title="bbox 1044 2576 1842 2612">
    <p class='ocr_par' dir='ltr' id='par_1_116' title="bbox 1044 2576 1842 2612">
     <span class='ocr_line' id='line_1_116' title="bbox 1044 2576 1842 2612; baseline -0.003 -8"><span class='ocrx_word' id='word_1_861' title='bbox 1044 2577 1211 2604; x_wconf 78' lang='grc' dir='ltr'>διεσκέπασε</span> <span class='ocrx_word' id='word_1_862' title='bbox 1233 2578 1282 2604; x_wconf 79' lang='grc' dir='ltr'>καὶ</span> <span class='ocrx_word' id='word_1_863' title='bbox 1305 2576 1460 2612; x_wconf 79' lang='grc' dir='ltr'>διέθαλψεν,</span> <span class='ocrx_word' id='word_1_864' title='bbox 1478 2576 1528 2611; x_wconf 82' lang='grc' dir='ltr'>οὐχ</span> <span class='ocrx_word' id='word_1_865' title='bbox 1545 2577 1620 2611; x_wconf 77' lang='grc' dir='ltr'>ἡμᾶς</span> <span class='ocrx_word' id='word_1_866' title='bbox 1642 2577 1754 2611; x_wconf 82' lang='grc' dir='ltr'>μόνους,</span> <span class='ocrx_word' id='word_1_867' title='bbox 1768 2577 1842 2603; x_wconf 79' lang='grc' dir='ltr'><strong>ἀλλά</strong></span> 
     </span>
    </p>
   </div>
   <div class='ocr_carea' id='block_1_117' title="bbox 1045 2622 1841 2658">
    <p class='ocr_par' dir='ltr' id='par_1_117' title="bbox 1045 2622 1841 2658">
     <span class='ocr_line' id='line_1_117' title="bbox 1045 2622 1841 2658; baseline -0.001 -8"><span class='ocrx_word' id='word_1_868' title='bbox 1045 2624 1092 2650; x_wconf 80' lang='grc' dir='ltr'>καὶ</span> <span class='ocrx_word' id='word_1_869' title='bbox 1122 2623 1231 2650; x_wconf 72' lang='grc' dir='ltr'>ἃπασαν</span> <span class='ocrx_word' id='word_1_870' title='bbox 1253 2623 1304 2658; x_wconf 82' lang='grc' dir='ltr'>τὴν</span> <span class='ocrx_word' id='word_1_871' title='bbox 1329 2622 1514 2658; x_wconf 70' lang='grc' dir='ltr'>ἀδελφότηταθ</span> <span class='ocrx_word' id='word_1_872' title='bbox 1539 2622 1564 2648; x_wconf 85' lang='grc' dir='ltr'>οἳ</span> <span class='ocrx_word' id='word_1_873' title='bbox 1589 2622 1638 2648; x_wconf 72' lang='grc' dir='ltr'>καὶ</span> <span class='ocrx_word' id='word_1_874' title='bbox 1663 2622 1702 2653; x_wconf 85' lang='grc' dir='ltr'>ὡς</span> <span class='ocrx_word' id='word_1_875' title='bbox 1728 2623 1841 2658; x_wconf 75' lang='grc' dir='ltr'>μητέρα</span> 
     </span>
    </p>
   </div>
   <div class='ocr_carea' id='block_1_118' title="bbox 1046 2666 1840 2703">
    <p class='ocr_par' dir='ltr' id='par_1_118' title="bbox 1046 2666 1840 2703">
     <span class='ocr_line' id='line_1_118' title="bbox 1046 2666 1840 2703; baseline -0.001 -8"><span class='ocrx_word' id='word_1_876' title='bbox 1046 2668 1235 2703; x_wconf 78' lang='grc' dir='ltr'>πνευματικὴν</span> <span class='ocrx_word' id='word_1_877' title='bbox 1257 2667 1364 2703; x_wconf 75' lang='grc' dir='ltr'>ἔχοντές</span> <span class='ocrx_word' id='word_1_878' title='bbox 1389 2675 1419 2694; x_wconf 81' lang='grc' dir='ltr'><strong>σε</strong></span> <span class='ocrx_word' id='word_1_879' title='bbox 1442 2667 1490 2694; x_wconf 59' lang='grc' dir='ltr'><strong>καὶ¹</strong></span> <span class='ocrx_word' id='word_1_880' title='bbox 1518 2666 1708 2702; x_wconf 73' lang='grc' dir='ltr'>περιέποντες,</span> <span class='ocrx_word' id='word_1_881' title='bbox 1724 2667 1761 2693; x_wconf 76' lang='grc' dir='ltr'>τὰ</span> <span class='ocrx_word' id='word_1_882' title='bbox 1793 2668 1840 2694; x_wconf 72' lang='lat' dir='ltr'><strong>tua.</strong></span> 
     </span>
    </p>
   </div>
   <div class='ocr_carea' id='block_1_119' title="bbox 1045 2712 1837 2750">
    <p class='ocr_par' dir='ltr' id='par_1_119' title="bbox 1045 2712 1837 2750">
     <span class='ocr_line' id='line_1_119' title="bbox 1045 2712 1837 2750; baseline -0.001 -9"><span class='ocrx_word' id='word_1_883' title='bbox 1045 2715 1112 2750; x_wconf 82' lang='grc' dir='ltr'>ἡμῖν</span> <span class='ocrx_word' id='word_1_884' title='bbox 1135 2713 1358 2741; x_wconf 86' lang='grc' dir='ltr'>καταλυποῦνταί</span> <span class='ocrx_word' id='word_1_885' title='bbox 1376 2721 1406 2740; x_wconf 80' lang='grc' dir='ltr'><strong>σε</strong></span> <span class='ocrx_word' id='word_1_886' title='bbox 1429 2713 1478 2739; x_wconf 79' lang='grc' dir='ltr'>καὶ</span> <span class='ocrx_word' id='word_1_887' title='bbox 1502 2712 1715 2740; x_wconf 76' lang='grc' dir='ltr'>ἀνακαλοῦνται.</span> <span class='ocrx_word' id='word_1_888' title='bbox 1729 2713 1837 2745; x_wconf 72' lang='grc' dir='ltr'>Ταῦτα,</span> 
     </span>
    </p>
   </div>
   <div class='ocr_carea' id='block_1_120' title="bbox 1044 2758 1837 2796">
    <p class='ocr_par' dir='ltr' id='par_1_120' title="bbox 1044 2758 1837 2796">
     <span class='ocr_line' id='line_1_120' title="bbox 1044 2758 1837 2796; baseline -0.003 -9"><span class='ocrx_word' id='word_1_889' title='bbox 1044 2760 1083 2792; x_wconf 82' lang='grc' dir='ltr'>ὡς</span> <span class='ocrx_word' id='word_1_890' title='bbox 1097 2759 1136 2796; x_wconf 81' lang='grc' dir='ltr'>μὴ</span> <span class='ocrx_word' id='word_1_891' title='bbox 1148 2760 1290 2795; x_wconf 76' lang='grc' dir='ltr'>γινόμενα,</span> <span class='ocrx_word' id='word_1_892' title='bbox 1307 2758 1533 2794; x_wconf 82' lang='grc' dir='ltr'>ὲσχηματίσαμεν</span> <span class='ocrx_word' id='word_1_893' title='bbox 1554 2758 1583 2785; x_wconf 77' lang='grc' dir='ltr'>ὲν</span> <span class='ocrx_word' id='word_1_894' title='bbox 1600 2759 1658 2790; x_wconf 86' lang='grc' dir='ltr'>τοῖς</span> <span class='ocrx_word' id='word_1_895' title='bbox 1673 2759 1837 2794; x_wconf 79' lang='grc' dir='ltr'>γράμμασι,</span> 
     </span>
    </p>
   </div>
   <div class='ocr_carea' id='block_1_121' title="bbox 1045 2804 1838 2841">
    <p class='ocr_par' dir='ltr' id='par_1_121' title="bbox 1045 2804 1838 2841">
     <span class='ocr_line' id='line_1_121' title="bbox 1045 2804 1838 2841; baseline -0.001 -8"><span class='ocrx_word' id='word_1_896' title='bbox 1045 2805 1220 2841; x_wconf 88' lang='grc' dir='ltr'>παρηγορίαν</span> <span class='ocrx_word' id='word_1_897' title='bbox 1232 2806 1298 2841; x_wconf 78' lang='grc' dir='ltr'>ἡμῖν</span> <span class='ocrx_word' id='word_1_898' title='bbox 1308 2805 1401 2837; x_wconf 77' lang='grc' dir='ltr'>αὐτοῖς</span> <span class='ocrx_word' id='word_1_899' title='bbox 1414 2804 1566 2837; x_wconf 61' lang='grc' dir='ltr'>ποιοῦντες,</span> <span class='ocrx_word' id='word_1_900' title='bbox 1582 2805 1630 2831; x_wconf 83' lang='grc' dir='ltr'><strong>καὶ</strong></span> <span class='ocrx_word' id='word_1_901' title='bbox 1645 2805 1838 2832; x_wconf 71' lang='grc' dir='ltr'>ὑποδεικνύον-</span> 
     </span>
    </p>
   </div>
   <div class='ocr_carea' id='block_1_122' title="bbox 1046 2849 1833 2888">
    <p class='ocr_par' dir='ltr' id='par_1_122' title="bbox 1046 2849 1833 2888">
     <span class='ocr_line' id='line_1_122' title="bbox 1046 2849 1833 2888; baseline 0 -10"><span class='ocrx_word' id='word_1_902' title='bbox 1046 2851 1091 2884; x_wconf 79' lang='grc' dir='ltr'>τές</span> <span class='ocrx_word' id='word_1_903' title='bbox 1108 2860 1151 2878; x_wconf 89' lang='grc' dir='ltr'><strong>σοι</strong></span> <span class='ocrx_word' id='word_1_904' title='bbox 1167 2851 1201 2878; x_wconf 78' lang='grc' dir='ltr'><strong>τὰ</strong></span> <span class='ocrx_word' id='word_1_905' title='bbox 1221 2851 1270 2887; x_wconf 80' lang='grc' dir='ltr'>τῆς</span> <span class='ocrx_word' id='word_1_906' title='bbox 1289 2851 1403 2888; x_wconf 80' lang='grc' dir='ltr'>καρδίας</span> <span class='ocrx_word' id='word_1_907' title='bbox 1419 2849 1507 2886; x_wconf 84' lang='grc' dir='ltr'>ἡμῶν,</span> <span class='ocrx_word' id='word_1_908' title='bbox 1525 2849 1599 2886; x_wconf 76' lang='grc' dir='ltr'>ἅπερ</span> <span class='ocrx_word' id='word_1_909' title='bbox 1613 2850 1662 2878; x_wconf 78' lang='grc' dir='ltr'>καὶ</span> <span class='ocrx_word' id='word_1_910' title='bbox 1677 2851 1709 2884; x_wconf 82' lang='grc' dir='ltr'><strong>ὲξ</strong></span> <span class='ocrx_word' id='word_1_911' title='bbox 1730 2852 1833 2887; x_wconf 80' lang='grc' dir='ltr'>ἑαυτῆς</span> 
     </span>
    </p>
   </div>
  </div>
