1924 3077
67 97 118 130 929

678 100 947 132 EPISTULARUM
966 102 1039 132 LIB.
1061 102 1085 132 Ι.

1644 100 1698 132 930

66 154 226 181 ὲπίστασαι.
248 152 319 188 Ἐγὼ
333 153 434 187 τοίνυν,
449 153 538 190 μῆτέρ
554 162 606 189 μου
623 155 699 190 ἁγία,
712 156 750 188 ὡς
762 152 854 190 οῐσθα,

909 165 1001 184 curam
1014 166 1075 193 quae
1089 158 1200 194 indigno
1214 158 1281 186 mihi
1293 158 1388 186 nescio
1400 164 1452 193 qua
1467 157 1572 185 ratione
1589 157 1694 184 incum-

66 200 90 226 εξ
104 200 151 226 καὶ
164 199 261 235 ἧθελον
279 199 422 232 εἰσελθεῖν,
440 200 492 226 οὐκ
505 198 578 236 εἶχον
592 201 615 234 (1
624 202 649 236 Ι)
667 202 735 234 πῶς,
750 202 795 229 διὰ
807 203 857 238 τὴν

64 244 195 280 φροντίδα
210 245 261 281 τὴν
277 245 459 281 ἐπικειμένην
477 254 523 281 μοι
535 246 665 280 ἀναξίως,
676 248 723 274 καὶ
738 247 788 274 οὐκ
799 246 857 275 οἶδα

65 291 135 326 ποίῳ
151 291 235 326 λόγῳ.
257 291 302 323 Ὧς
313 290 470 326 θαυμαστὸν
485 291 549 327 γὰρ,
566 293 660 328 φησὶν,
673 294 697 320 εί
713 294 760 320 καὶ
771 294 857 321 Σαοὺλ

63 338 93 363 ἐν
105 338 260 372 προφήταις
270 344 277 351 ·
294 336 341 364 καί
356 345 388 370 γε
406 337 455 363 καὶ
469 337 607 373 Θεόδωρος
627 339 656 365 ὲν
679 339 855 374 ἡγουμένοις.

63 382 150 409 Τοῦτό
165 391 199 417 με
212 379 298 418 εἶρξε,
312 382 393 409 τοῦτό
406 392 439 417 με
455 383 617 420 ἑδέσμησεν.
637 384 715 411 Ἐπεὶ
728 385 854 420 σιδηραῖς

63 428 192 455 ἀλύσεσιν
217 429 242 455 εί
265 427 300 464 ἦν
318 430 548 465 κατεπιασμένος,
567 430 731 466 διέρρησσον
755 432 853 465 αὑτὰς,

62 474 110 500 καὶ
136 473 190 508 πρὸ
216 473 365 509 προσώπου
385 482 432 500 σου
450 475 580 510 ἱστάμην.
594 476 652 503 Νῦν
666 475 694 502 δὲ
709 476 771 503 ἀντὶ
785 477 854 512 ἐμοῦ

61 519 176 554 ἔπεμψά
199 528 242 546 σοι
265 519 312 546 τὸν
339 519 527 556 πρεσϐύτερον
541 521 583 553 είς
601 523 705 557 μικρὰν
727 531 855 558 παραμυ-

63 565 136 597 οἱαν,
150 566 192 592 ὅτι
212 565 259 592 καὶ
278 565 360 598 αὐτός
373 574 415 592 σοι
429 566 548 602 παθητὸς
574 568 621 594 καὶ
634 568 727 603 τίμιος
739 577 746 584 ·
764 569 809 596 ἵνα
824 570 855 596 ὲν

60 612 270 647 πᾶσισυμπαρῇ
286 613 319 647 τῇ
332 612 461 648 ἀσθενείᾳ
477 621 535 646 σου,
547 613 782 649 ἐπισκεπτόμενος
805 616 854 643 καὶ

60 657 216 691 φροντίζων
232 657 266 684 τὰ
283 657 393 685 δέονταο
413 658 464 684 κᾶν
479 667 508 685 τε
525 658 660 694 ἐπιμένῃς
682 660 712 686 ὲν
729 661 786 692 τοῖς
803 661 853 687 αὐ-

58 701 130 733 τόθι,
151 702 284 738 ἐπιμένῃ·
302 701 353 728 κᾶν
364 710 394 728 τε
413 702 524 738 ὲξέρχῃ,
541 702 771 739 συνεξερχόμενος
794 705 853 741 ἅμα

58 746 99 781 τῷ
120 747 267 782 οἰκονόμῳ.
284 747 396 780 Λοιπὸν,
409 748 447 780 ὡς
463 748 591 776 εὐοδῶσει
606 749 620 775 ό
640 749 718 783 Θεὸς,
736 750 784 776 καὶ
804 751 852 785 φέ-

59 802 102 827 ρει
118 794 135 828 ἡ
147 793 291 825 ἀσθένεια,
309 792 408 826 οὕτως,
425 793 513 830 μῆτέρ
528 803 579 829 μου
595 795 684 830 τιμία,
699 795 746 822 καὶ
760 796 851 830 διαγε-

58 838 117 869 νοῦ,
133 839 180 865 καὶ
198 839 237 874 μὴ
251 839 323 874 ὑπὲρ
340 839 458 874 δύναμιν
478 840 564 876 ταθῇς
583 841 698 869 θέλουσα
716 842 849 875 ἐξελθεῖν.
868 831 888 858 Β

58 885 162 919 Τὰχιον
189 884 218 911 δὲ
243 885 319 917 ὅπως
344 885 461 922 διαφέρῃ
485 886 515 912 ἑν
544 888 578 923 τῇ
605 887 687 923 νόσῳ,
703 889 851 923 διάγνωσιν

58 930 171 965 πέμψον
187 931 265 966 ἡμῖν,
282 931 326 958 ἵνα
341 931 544 968 εὑψυχήσωμεν
564 933 674 969 μικρόν.
696 935 807 961 Κανόνα
822 935 852 962 δὲ

58 976 164 1006 εὐθέως
193 977 296 1009 πάντες
320 977 346 1003 οἱ
375 977 487 1013 ἀδελφοὶ
512 979 647 1014 ἐποίησάν
663 979 718 1015 (ίὲ)
737 989 790 1014 σοι,
806 981 854 1007 καὶ

58 1021 145 1056 εὐχὴν
159 1022 252 1057 ἔχουσι
275 1023 388 1058 διηνεκῆ
402 1024 468 1059 περὶ
481 1023 532 1059 τῆς
544 1024 640 1058 ὑγείας
656 1034 716 1054 σου.
734 1026 853 1062 Χάρισαι

58 1067 128 1100 ἡμῖν
149 1067 199 1102 τὴν
215 1067 296 1101 ἁγίαν
307 1076 354 1094 σου
370 1068 453 1104 εὐχήν
464 1076 472 1082 ·
489 1069 637 1104 εὐλόγησαν
662 1071 737 1106 ἡμᾶς
754 1079 854 1108 μητρι-

909 202 958 229 bit.
978 202 1129 230 Mirandum
1145 203 1230 236 enim,
1256 203 1304 236 ait,
1328 203 1351 230 si
1369 203 1450 230 etiam
1468 202 1532 229 Saul
1547 201 1619 229 inter
1633 209 1699 236 pro-

907 247 1004 282 phetas
1018 248 1040 264 “
1055 257 1062 280 ;
1079 249 1174 284 utique
1187 248 1210 276 si
1227 253 1254 276 et
1269 248 1431 276 Theodorus
1442 248 1513 274 inter
1524 247 1696 282 praepositos.

908 292 966 320 Hoc
974 301 1018 320 me
1031 293 1160 327 inhibuit,
1175 295 1229 322 hoc
1236 302 1281 322 me
1294 294 1468 322 constrinxit.
1487 293 1553 320 Nam
1567 292 1591 320 si
1602 292 1698 319 ferreis

906 339 1011 366 catenis
1026 340 1151 375 alligatus
1165 340 1291 373 fuissem,
1312 340 1506 375 perfregissem
1530 339 1600 372 illas,
1627 343 1655 366 et
1670 338 1697 365 in

906 384 993 412 oculis
1021 386 1075 414 tuis
1087 395 1258 422 apparerem.
1284 387 1364 414 Nunc
1387 394 1452 414 vero
1472 386 1531 413 vice
1551 392 1612 412 mea
1635 393 1698 420 pri--

906 430 1045 465 sbyterum
1072 432 1105 459 ad
1123 436 1149 459 te
1165 432 1226 459 misi
1250 433 1365 460 modica:
1385 430 1580 459 consolationis
1601 430 1696 466 gratia,

905 475 1126 511 quandoquidem
1150 478 1172 504 is
1194 478 1275 504 etiam
1293 482 1385 512 gratus
1414 481 1442 504 et
1465 484 1547 503 carus
1570 480 1613 502 est
1637 475 1697 507 tibi,

906 526 935 549 ut
947 521 974 549 in
985 523 1114 550 omnibus
1140 528 1239 559 pnesto
1263 524 1300 551 sit
1314 523 1467 551 infirmitati
1485 527 1549 554 tute,
1577 528 1698 557 congrua

905 568 995 596 omnia
1009 569 1157 604 providens
1182 574 1211 597 et
1232 577 1394 604 procurans,
1428 572 1459 595 ut
1475 567 1533 595 sive
1556 567 1618 595 istic
1641 574 1699 594 ma-

905 622 984 647 neas,
1002 623 1057 642 una
1081 620 1202 646 maneat.
1228 615 1286 643 sive
1309 615 1401 647 abeas,
1422 614 1503 641 simul
1529 614 1609 640 abeat
1634 620 1697 639 cum

904 668 1059 688 teconomo.
1079 660 1228 694 Caeterum,
1252 661 1326 688 sicut
1349 660 1448 695 diriget
1473 659 1556 689 Deus.
1580 663 1607 685 et
1630 660 1699 685 feret.

903 706 1059 739 inﬁrmitas,
1078 706 1117 734 sic
1132 714 1225 741 perge,
1248 705 1404 733 veneranda
1436 708 1523 732 mater
1546 712 1616 734 mea.
1647 712 1699 731 nec

903 760 985 788 supra
997 753 1067 780 vires
1082 753 1226 783 contende.
1243 751 1335 787 egredi
1347 750 1491 778 festinans.
1505 750 1593 778 Citius
1607 754 1698 781 autem

902 799 1039 834 quomodo
1054 799 1082 826 in
1100 799 1196 825 morbo
1210 803 1236 826 te
1255 798 1357 825 habeas
1371 797 1461 825 indica
1477 796 1567 826 nobis.
1587 800 1617 823 ut
1629 804 1699 830 pau-

902 843 985 877 lisper
997 849 1160 869 recreemur.
1174 841 1313 869 Canoncm
1328 841 1375 868 tibi
1388 841 1479 868 statim
1491 840 1589 867 fratres
1602 846 1698 866 omnes

904 888 1104 924 pependerunt.
1119 887 1314 914 cteontinuam
1326 894 1375 921 pro
1388 886 1475 913 salute
1484 890 1529 913 tua
1544 885 1696 912 orationem

905 934 1018 961 habent.
1034 932 1146 967 Largirc
1158 933 1239 960 nobis
1253 935 1362 959 sanctas
1381 938 1477 966 preces
1492 935 1564 963 tuas,
1582 930 1698 958 benedic

908 979 989 1007 nobis
1014 978 1150 1006 maternis
1169 978 1352 1005 muneribus:
1382 978 1548 1011 amplectere
1576 984 1628 1004 nos
1650 984 1699 1010 per

905 1025 1022 1052 litteras.
1040 1023 1078 1051 Da
1090 1024 1172 1051 nobis
1184 1031 1291 1058 pacem,
1308 1030 1390 1058 quam
1405 1030 1454 1057 per
1465 1021 1573 1049 Christi
1582 1021 1698 1056 gratiam

909 1070 1006 1103 babes,
1020 1074 1047 1097 et
1062 1070 1189 1097 habitura
1206 1076 1236 1096 es
1251 1069 1278 1096 in
1293 1069 1392 1097 satcula
1404 1068 1580 1095 saeculorum.

57 1116 123 1146 καῖε
140 1115 272 1151 δωρεαῖς·
285 1115 408 1143 ἇσπασαι
419 1117 494 1152 ἡμᾶς
509 1117 553 1145 διὰ
565 1117 613 1144 τοῦ
625 1119 801 1154 γράμματος.
835 1118 886 1150 Δὸς
916 1118 984 1154 ἡμῖν
1015 1117 1065 1153 τὴν
1095 1117 1221 1153 εἰρήνην,
1236 1116 1270 1152 ἣν
1294 1116 1366 1151 ἔχεις
1381 1115 1427 1142 διὰ
1454 1115 1504 1150 τῆς
1524 1115 1634 1150 χάριτος
1652 1113 1698 1140 τοῦ

56 1163 192 1198 Χριστοῦ,
210 1164 256 1190 καὶ
270 1163 342 1196 ἕξεις
358 1164 398 1197 εις
413 1164 516 1197 αἰῶνας
532 1165 648 1193 αἰώνων.

255 1222 293 1248 Ζ’.
303 1235 340 1241 -
352 1219 466 1256 Εἰρήνῃ
481 1222 667 1256 Βασιλισσῃ.

1121 1221 1177 1249 VII.
1191 1221 1318 1248 -Ιηηω
1338 1220 1475 1256 Augusta.

436 1277 527 1302 lrenen
537 1278 621 1303 laudat
631 1279 699 1310 quod
711 1278 805 1305 tributa
816 1280 978 1306 relaxaverit.
992 1279 1093 1311 (Baron.
1106 1286 1145 1304 an.
1157 1279 1213 1307 801,
1225 1286 1250 1304 ιι.
1262 1279 1314 1310 22.)

96 1330 199 1364 Φωνὴ,
216 1330 311 1366 φησὶν,
323 1329 358 1356 ἐν
367 1329 461 1365 Ῥαμᾷ
474 1330 623 1366 ἠκούσθη,
633 1332 647 1358 ὁ
664 1331 853 1359 θεοπτικώταε

58 1385 107 1408 τος
129 1375 283 1411 Ἱερεμίας·
299 1375 410 1410 θρῆνος
436 1376 487 1403 καὶ
505 1377 636 1411 ὀδυρμὸς
651 1378 768 1411 πολύς-⁸
789 1378 855 1405 Ῥα-

59 1419 125 1454 χὴλ
139 1420 207 1446 τότε
217 1420 369 1446 κλαίουσα
388 1420 426 1447 τὰ
446 1419 537 1448 τέκνα
559 1420 665 1455 αὐτῆς.
683 1422 725 1449 Τὰ
739 1422 768 1449 δὲ
784 1431 857 1459 παρ-

59 1467 130 1492 όντα
142 1462 188 1492 οἵα
201 1465 249 1492 καὶ
264 1466 365 1501 ἡλίκας
380 1465 466 1492 Πόθεν
480 1474 531 1492 που
549 1465 624 1502 χθὲς,
633 1466 763 1494 δέσποινα
778 1468 858 1503 ἡμῶν

59 1510 224 1545 πανάγαθε,
245 1511 431 1544 ἀναφανέντες
447 1511 562 1545 ἄγγελοι
581 1511 629 1538 τοῦ
649 1512 722 1547 ἱεροῦ
736 1521 783 1539 σου
803 1522 858 1539 πα-

61 1557 173 1589 λατίου,
187 1557 236 1583 καὶ
250 1556 445 1588 ἀκουτίσαντες
453 1557 521 1591 ἡμῖν
536 1556 626 1588 πάσας
644 1558 694 1589 τὰς
710 1558 860 1593 γεγενημέ-

61 1612 112 1632 va:
127 1611 176 1629 σου
189 1602 244 1629 τῶν
258 1602 347 1638 ἔργων
359 1601 561 1638 ᾶρτιαίνέσεις;
575 1603 703 1638 Ἦχησαν
716 1603 794 1639 ἡμῶν
807 1604 861 1639 ἀμ-

62 1648 169 1684 φότερα
182 1648 220 1679 ὡς
232 1647 341 1683 ἀληθῶς
356 1647 390 1674 τὰ
409 1644 478 1675 ὦτα.
492 1647 525 1674 Τί
542 1648 706 1684 τοιγαροῠν;
720 1649 761 1676 ὅτι
787 1647 860 1684 ἤρας

63 1694 237 1729 συσσεισμὸν
252 1693 285 1730 [Γ.
305 1694 459 1730 σύσσημον]
471 1695 500 1721 ἐν
510 1697 566 1728 τοῖς
578 1695 679 1731 πέρασι
691 1695 860 1730 τηλικαύτης

63 1741 229 1772 εὐσεῦείας’
244 1742 292 1768 καὶ
315 1741 371 1768 ἰδοὺ
395 1741 495 1776 ἥκουσί
518 1751 559 1769 σοι
584 1742 860 1778 κυκλοτέρωθεν,ὼς

62 1789 178 1823 νεφέλαι
195 1788 358 1822 πετόμεναι,
377 1787 451 1814 λιταὶ
472 1788 661 1823 παμπληθεῖς,
681 1788 860 1824 γεραίρουσαι

61 1835 111 1861 τὸν
131 1834 200 1861 Θεὸν
216 1834 288 1869 ὑπὲρ
303 1833 359 1860 ⁴τῶν
372 1834 471 1860 αἰσίων
494 1842 543 1860 σου
558 1835 772 1870 καταπράξεων.
787 1835 860 1870 Φρά-

63 1881 95 1912 ζε
109 1881 190 1916 ἡμῖν,
204 1877 227 1907 ὦ
239 1880 379 1911 δέσποινα,
391 1879 433 1911 τις
444 1880 458 1906 ὁ
468 1880 633 1912 ὲπιῦιῦάσας
647 1889 696 1907 σου
712 1881 756 1907 τὸν
771 1881 858 1907 καθα-

62 1927 192 1961 ρώτατον
221 1926 285 1953 νοῦν
307 1927 356 1953 ἐπὶ
372 1927 407 1953 τὰ
423 1926 479 1961 ὕψη
495 1925 550 1952 τῶν
565 1926 711 1961 νοημάτων
727 1926 779 1961 τῆς
793 1927 860 1962 ἁλη-

61 1971 159 2003 θείας·
174 1970 246 1998 ὥστε
252 1971 291 2002 ὡς
306 1971 361 1998 ana
370 1971 487 2002 σκοπιᾶς
501 1979 576 2003 τινος
586 1970 694 2006 ὑψηλῆς
719 1970 859 2006 μετεώρου

60 2017 242 2054 καταθρῆσαι
259 2017 294 2044 τὰ
312 2017 425 2044 τοιαῦτα
445 2017 548 2052 ἀρεστὰ
562 2017 622 2053 Θεῷ
644 2016 691 2044 καὶ
716 2017 798 2050 data;
817 2017 861 2043 Δί-

59 2065 148 2097 δαξον
162 2063 224 2091 ὅθεν
238 2064 303 2090 σοιό
311 2063 363 2099 τῆς
372 2063 514 2094 εὐσεϐείας
525 2062 653 2095 τοσοῦτος
664 2063 736 2099 ἔρως
744 2064 858 2099 ἐνέσκη-

59 2111 114 2146 5'13-
135 2110 229 2141 καλῶς
243 2109 463 2146 ἁπληστεύεσθαι
473 2109 508 2136 τὰ
519 2109 666 2145 θεάρεστα,
679 2110 726 2136 καὶ
738 2110 779 2141 εἰς
788 2109 859 2146 ὕπερ

60 2157 165 2184 ἐλάσαι
179 2155 288 2191 φειδοῦς
302 2157 352 2191 τῆς
366 2155 437 2192 ὑπὲρ
450 2156 503 2182 τῶν
511 2156 684 2191 Χριστιανῶν
693 2156 814 2192 ψυχικῆς
829 2165 859 2182 τε

942 1331 1000 1359 Vox
1015 1332 1042 1358 in
1054 1331 1140 1359 Rama
1156 1331 1250 1357 audita
1265 1335 1312 1363 est,
1323 1330 1361 1357 ait
1372 1329 1508 1357 visionum
1522 1327 1571 1356 Dei
1592 1332 1699 1363 specta-

904 1381 949 1405 tor
969 1376 1113 1409 Jeremias,
1139 1376 1258 1409 ploratus
1285 1379 1308 1402 et
1327 1374 1445 1401 ululatu:
1470 1373 1588 1406 multus;
1603 1373 1700 1400 Rachel

907 1426 964 1449 tum
993 1421 1102 1457 plorans
1121 1421 1189 1456 ﬁlios
1201 1429 1262 1447 suo:
1271 1421 1305 1447 ¹¹.
1322 1419 1400 1447 Nunc
1414 1427 1480 1447 vero
1491 1419 1591 1454 qualia,
1606 1424 1635 1446 et
1647 1427 1701 1446 cu-

905 1469 1095 1504 jusmodisunt
1108 1466 1274 1503 pmsentia?
1286 1466 1423 1493 undenam
1440 1465 1572 1497 hesterni,
1590 1465 1701 1492 domina

910 1514 1024 1549 optima,
1047 1513 1117 1541 sacri
1139 1512 1230 1548 palatii
1257 1511 1296 1538 tui
1318 1511 1406 1538 nuntii
1436 1518 1506 1546 quos
1538 1510 1655 1538 vidimus
1674 1514 1703 1537 et

910 1559 1076 1591 audivimus.
1103 1566 1167 1586 cum
1192 1563 1318 1586 recentes
1346 1557 1426 1584 nobis
1455 1564 1570 1592 operum
1591 1561 1700 1584 tuorum

910 1605 1004 1634 laudes
1011 1608 1256 1633 commemorarent
1271 1604 1282 1631 ?
1295 1603 1501 1631 Personuerunt
1509 1610 1603 1630 revera
1616 1603 1703 1630 amba:

910 1659 993 1679 aures
1019 1656 1130 1678 nostra.
1149 1650 1220 1683 Quid
1238 1658 1303 1685 ergo
1319 1650 1332 1676 ’ἔ
1352 1650 1416 1684 quia
1435 1649 1571 1676 sustulisti
1594 1649 1702 1684 signum

910 1697 945 1723 ab
966 1696 1096 1724 extremis
1118 1696 1219 1723 ﬁnibus
1236 1699 1319 1722 tantae
1332 1695 1443 1730 pietatis
1459 1703 1466 1721 :
1483 1699 1512 1722 et
1538 1701 1602 1721 ecce
1618 1694 1652 1721 ad
1677 1698 1703 1720 te

910 1742 1026 1770 veniunt
1045 1742 1178 1777 undique,
1204 1745 1233 1769 et
1253 1741 1368 1768 nubium
1389 1740 1476 1767 instar
1504 1739 1701 1769 advolantium.

910 1797 1007 1826 preces
1033 1789 1253 1825 quamplurimas,
1274 1788 1360 1816 Deum
1382 1788 1525 1816 laudantes
1543 1796 1592 1823 pro
1609 1787 1702 1822 auspi-

911 1835 981 1862 catis
1005 1834 1160 1862 actionibus
1184 1834 1248 1861 tuis.
1281 1833 1328 1861 Dic
1351 1833 1442 1866 nobis,
1463 1833 1584 1866 domina,
1609 1833 1703 1868 ecquis

910 1880 956 1908 ille
979 1884 1031 1912 est,
1047 1880 1093 1914 qui
1113 1879 1294 1907 castissimam
1318 1885 1439 1906 mentem
1466 1884 1539 1906 tuam
1555 1879 1645 1906 evexit
1668 1879 1702 1906 ad

911 1926 1056 1954 altissimos
1080 1933 1178 1954 sensus
1201 1925 1335 1958 veritatis,
1362 1930 1392 1952 ut
1421 1930 1550 1960 tanquam
1575 1934 1608 1952 ex
1629 1925 1702 1952 edita

911 1973 1022 2008 specula
1038 1976 1066 1999 et
1083 1972 1193 2000 sublimi
1208 1972 1266 1999 ha:c
1280 1972 1343 1999 talia
1360 1979 1489 1999 cerneres
1509 1972 1564 1999 Deo
1585 1977 1660 2007 grata
1676 1976 1704 1998 et

911 2023 1004 2047 sancta
1017 2019 1029 2045 'l
1042 2018 1124 2050 Doce,
1137 2018 1209 2046 unde
1226 2023 1318 2046 tantus
1333 2018 1381 2045 tibi
1401 2018 1510 2053 pietatis
1525 2026 1601 2045 amor
1613 2018 1703 2045 inces-

911 2066 956 2099 sit,
973 2070 1002 2093 ut
1013 2066 1068 2093 Deo
1083 2065 1218 2100 placentia
1243 2064 1434 2092 insatiabiliter
1453 2070 1607 2099 expeteres,
1627 2070 1653 2092 el
1669 2065 1703 2092 ad

912 2118 1050 2138 summum
1082 2110 1191 2138 culmen
1230 2110 1400 2145 pertingeres
1427 2110 1614 2138 saluberrima:
1638 2118 1702 2145 erga

911 2157 1128 2184 Christianorum
1138 2160 1194 2183 tmn
1205 2155 1309 2182 animas
1319 2161 1374 2182 tum
1387 2164 1501 2191 corpora
1514 2157 1704 2191 providentiae?

60 2204 114 2231 καὶ
123 2203 285 2239 σωματικῆς
306 2202 498 2237 πολυωφελῶς
517 2202 699 2238 προμηθείας.
717 2203 753 2230 Ἦ
766 2203 854 2237 ἐπειδὴ

911 2201 963 2233 An,
978 2206 1008 2228 ut
1023 2201 1114 2228 divina
1139 2200 1292 2236 intelligens
1305 2205 1331 2227 et
1353 2201 1533 2236 amplectens.
1549 2206 1702 2229 maternum

60 2250 138 2276 πολὺ
159 2248 195 2275 τὰ
209 2248 269 2275 θεῖα
281 2248 430 2283 φρονοῦσα,
447 2248 496 2275 καὶ
516 2248 679 2284 ἱμειρομένη
699 2249 858 2284 μητρικῶς,

59 2296 117 2322 οὐκ
133 2295 254 2330 ἀρκετὸν
266 2295 364 2330 ἡγήσω
375 2294 406 2321 τὸ
418 2294 499 2330 μόνον
512 2294 558 2322 τὸν
573 2294 637 2322 λαόν
656 2303 702 2321 σου
715 2296 747 2330 τῇ
756 2293 859 2321 ἄνωθεν

59 2341 228 2376 ἐπικουρίᾳ,
245 2341 283 2372 ώς
304 2340 335 2373 ἐξ
352 2341 545 2376 Αἰγυπτιακῆς
568 2349 641 2372 τινος
663 2340 797 2374 δουλείας,
809 2341 860 2376 τῆς

60 2387 230 2419 δυσσεϐοῦς,
243 2387 326 2422 φημὶ,
337 2386 467 2419 πίστεως,
478 2385 666 2421 λυτρώσασθαι
677 2394 685 2402 ·
698 2388 722 2413 εί
732 2387 781 2423 μὴ,
791 2387 860 2422 μετὰ

58 2434 119 2460 τῶν
133 2432 328 2468 προλαϐόντων
345 2432 525 2468 πολυτρόπως
546 2431 747 2467 ὲκλαμψάντων
766 2441 807 2459 σοι
821 2432 861 2458 δί-

59 2488 117 2516 κην
141 2480 269 2514 ἀστέρων
286 2478 554 2514 ἁγαθουργημάτων,
571 2479 619 2506 καὶ
641 2479 691 2515 τὴν
706 2478 859 2514 παροῦσαν,

57 2527 103 2557 ὡς
123 2524 270 2558 κολοψῶνά
290 2532 352 2551 τινα
382 2524 437 2550 τῶν
455 2524 579 2560 ἀρετῶν,
601 2523 858 2559 ὲπιπροσθήσασθαι

56 2571 167 2607 χάριν;
183 2571 291 2606 Ἄγιος,
317 2570 412 2605 ἅγιος,
430 2571 517 2604 ἅγιος.
539 2570 687 2605 Εὑφράνθη
707 2572 721 2598 ὁ
743 2570 858 2603 οὐρανὸς

103 2627 224 2664 "lReg.
240 2627 326 2662 1,“.

913 2247 941 2274 in
962 2254 1067 2274 morem
1092 2254 1146 2274 non
1164 2247 1230 2274 satis
1254 2246 1364 2279 duxisti,
1384 2247 1515 2282 populum
1533 2247 1636 2275 caelesti
1652 2255 1704 2283 ope

913 2294 986 2321 velut
994 2302 1027 2321 ex
1034 2293 1191 2329 Aﬂgyptiaca
1200 2294 1317 2328 quadam
1327 2294 1470 2326 servitute,
1480 2294 1572 2328 impia.
1581 2294 1703 2329 inquam.

913 2340 977 2372 ﬁde,
994 2340 1123 2366 liberasse
1138 2348 1146 2374 ;
1161 2339 1214 2366 nisi
1229 2340 1262 2367 ad
1277 2339 1425 2374 prmterita,
1442 2344 1470 2366 et
1484 2339 1605 2367 siderum
1618 2345 1705 2367 mstar

913 2386 989 2414 varie
1003 2386 1165 2413 collucentia
1185 2385 1317 2412 beneﬁcia
1334 2390 1390 2417 tua,
1404 2386 1486 2419 hanc,
1502 2386 1586 2414 veluti
1607 2394 1705 2421 quem-

914 2433 976 2460 dam
994 2433 1125 2460 virtutum
1145 2435 1253 2458 tuarum
1275 2431 1467 2466 colophonem,
1491 2432 1625 2466 adjiceres
1642 2440 1704 2466 gra~

914 2478 1007 2505 tiam?
1029 2478 1157 2508 Sanctus.
1180 2481 1301 2509 sanctus,
1324 2482 1447 2505 sanctus.
1467 2476 1586 2505 Laetetur
1603 2478 1702 2504 cmlum

912 2525 1041 2560 desuper,
1059 2531 1122 2551 cum
1138 2531 1222 2551 sacra:
1237 2523 1312 2551 vocis
1327 2522 1395 2550 Isaia
1410 2523 1534 2550 dicamus
1544 2522 1577 2555 “,
1594 2524 1699 2550 tametsi

911 2571 986 2599 istud
1000 2570 1140 2603 audacius,
1154 2569 1218 2605 quia
1229 2569 1299 2597 Deus
1310 2577 1360 2606 per
1372 2574 1398 2597 te
1409 2569 1539 2597 misertus
1551 2573 1592 2597 est
1607 2569 1700 2604 populi

385 2628 408 2644 "
424 2627 525 2656 Jerem.
540 2636 615 2661 xxxx,
632 2628 676 2655 15.
713 2629 736 2644 "
765 2628 817 2656 lsa.
836 2636 908 2662 xuv,
922 2629 978 2662 25;
993 2636 1030 2662 lx,
1045 2629 1071 2656 ι.

824 2685 942 2715 NOTAE.

104 2742 167 2780 (ll)_
190 2742 366 2775 Εῑσελθεῒν,
403 2744 460 2770 οὐκ
486 2741 580 2780 εἶχον.
608 2744 684 2772 Hanc
711 2746 855 2780 epistolam

55 2778 193 2813 scripsit,
211 2783 240 2805 ut
256 2782 379 2813 apparet.
396 2786 458 2806 cum
471 2779 562 2807 adhuc
576 2780 604 2807 in
617 2778 786 2809 monasterio
798 2789 857 2809 ver-

56 2820 190 2848 saretur,
211 2813 384 2849 proindeque
394 2817 457 2843 ante
469 2814 608 2847 exsilium.

946 2745 1003 2780 (12)
1014 2745 1137 2773 Κανόνα
1149 2744 1309 2779 ἐποίησαν.
1325 2742 1551 2780 Ecclesiasticum
1567 2740 1697 2769 ofllicium

910 2778 969 2809 sive
982 2788 1088 2815 preces,
1101 2788 1170 2815 quas
1182 2778 1235 2816 pro
1257 2787 1328 2815 πετο
1345 2778 1483 2807 Theodori
1501 2782 1588 2806 matre
1600 2784 1698 2804 mona-

911 2816 954 2844 chi
972 2816 1172 2851 persolverunt.
