1924 3077
234 124 285 158 931

832 125 865 155 S.
881 123 1079 154 THEODORI
1094 123 1267 154 STUDITE

1812 123 1869 156 932

231 182 286 210 sui.
312 180 456 217 lmpletum
479 185 520 208 est
542 188 606 217 ergo
629 181 785 208 universum
808 189 922 216 regnum
947 187 1022 208 tuum

1076 180 1191 213 ἄνωθεν,
1207 181 1278 215 μετά
1290 181 1338 207 τοῦ
1353 179 1567 215 Ξεροφωνοτάτου
1588 179 1702 207 Ἡσαΐου
1718 179 1868 216 ἑπιὸοήσο-

232 227 331 263 gaudio
345 231 374 254 et
398 227 590 257 exsultatione.
617 227 746 261 quoniam
763 227 883 254 ablatum
902 231 944 254 est
969 227 1022 253 ini-

231 281 316 309 quum
335 273 441 308 jugum,
461 273 534 308 quod
556 281 638 307 supra
656 273 745 308 ipsum
762 277 821 300 erat
841 273 971 307 positum,
995 277 1022 299 et

231 321 306 356 virga
329 328 390 355 qua!
412 328 494 354 super
512 320 611 347 collum
628 320 757 354 potentiae
775 320 865 354 hujus.
880 319 948 352 Quis
961 319 1022 346 talia

232 365 354 393 audivit?
369 366 414 392 Eia
427 365 519 398 dicite,
537 366 597 392 viri.
612 365 678 398 Quis
694 366 744 392 sub
760 365 812 392 alio
827 366 943 400 imperio
969 365 1022 392 tale

232 420 264 440 ac
278 417 380 439 tantum
393 412 498 439 facinus
510 412 576 439 vidit
589 412 600 438 ?
616 412 734 438 Laudate
746 419 817 442 eam.
830 419 924 438 omnes
933 419 1022 446 popu-

233 458 262 489 li,
287 458 458 493 magniﬁcatc
480 466 539 484 eam
567 458 833 493 mecum,principes
859 463 887 485 et
908 458 1020 491 subditi,

233 503 390 530 sacerdotes
407 507 434 529 et
445 503 582 534 monachi,
599 504 853 530 etllbristianorum
872 504 947 530 natio
962 503 1022 530 uni-

232 556 321 576 versa.
350 549 409 575 Non
433 549 506 575 enim
528 549 686 576 admiranda
704 549 792 576 solum
815 549 865 576 fuit
895 553 934 576 tot
961 549 1020 576 auri

232 594 397 621 talentorum
431 595 556 621 remissio
578 595 586 630 (
610 603 765 630 quanquam
801 595 1022 630 iueomparabilis

233 640 277 667 illa
293 649 336 668 res
352 645 393 667 est
409 640 430 675 ).
448 649 541 667 verum
557 641 648 671 etiam.
672 641 743 675 quod
765 641 907 676 iniustitiae
927 641 1021 667 multi—

232 686 293 719 plex
314 686 354 712 via
378 685 429 712 hac
450 686 530 712 simul
552 686 657 712 ratione
675 686 788 720 praecisa
803 689 856 718 est,
885 693 954 721 opus
970 686 1021 712 fuit

233 731 312 765 longe
340 731 555 758 sanctissimum.
573 731 677 758 Sublati
701 737 764 759 sunt
783 740 798 759 e
823 732 914 759 medio
934 740 1022 759 nexus

232 776 412 803 violentarum
429 775 671 810 Ietbilerarumque
687 776 869 808 exactionum,
886 777 932 811 qui
954 784 1019 811 prae-

232 822 391 850 decessores
407 827 467 848 tuos
483 830 579 849 omnes
591 822 728 849 latuerunt
742 831 748 855 ;
765 823 828 850 licet
843 831 876 850 ex
893 823 936 850 his
950 830 1021 849 non-

233 868 300 895 nulli
328 868 371 902 pie
395 873 544 902 sancteque
570 868 771 903 imperaverint.
798 869 856 896 Hoc
872 870 945 897 enim
973 869 1020 897 tibi

234 915 401 942 servabatur.
417 914 507 941 Cessit
529 915 734 950 jusjurandum,
759 916 854 943 crebra
878 916 1020 951 dejeratio,

233 961 275 987 vel
286 960 376 994 potius
388 961 535 995 periurium
545 961 710 995 exigentium
722 962 803 988 simul
816 966 843 988 et
853 961 1021 993 debentium,

235 1006 359 1040 utrisque
385 1005 447 1033 inde
463 1013 512 1040 pro
529 1013 558 1032 re
580 1009 643 1033 nata
667 1006 873 1040 altercantibus,
895 1008 960 1034 dum
979 1007 1024 1034 ille

234 1052 316 1079 celari
339 1052 461 1079 debitum
477 1052 634 1087 exprobrat,
652 1052 696 1080 hic
726 1057 822 1080 contra
848 1061 878 1080 se
905 1053 1023 1088 opprimi

235 1103 406 1124 sacramento
431 1097 550 1132 adiurat.
574 1097 697 1124 Cessavit
721 1098 834 1133 inopum
856 1097 975 1130 alllictio,
996 1101 1024 1125 et

233 1151 383 1178 pauperum
393 1144 559 1176 sollicitudo,
578 1151 631 1171 non
645 1144 699 1179 jam
712 1152 768 1181 quo
782 1145 903 1172 remedio
916 1144 1024 1172 mendi-

235 1190 344 1216 citatem
362 1189 509 1224 depellant,
525 1190 705 1224 quaerentium
725 1198 731 1222 ;
752 1191 824 1225 quod
840 1190 931 1218 minus
948 1198 1024 1218 acer-

235 1236 298 1262 bum
315 1235 415 1268 fuerit;
435 1236 482 1263 sed
498 1241 526 1262 ut
539 1236 611 1270 quod
635 1236 736 1270 injuste
765 1237 892 1272 exigitur,
908 1241 935 1264 et
951 1236 1024 1271 quod

234 1280 376 1307 desursum
399 1281 610 1315 quodammodo,
633 1286 663 1308 ut
683 1282 785 1316 peccati
809 1282 891 1316 fetus,
916 1283 1024 1318 irrupit,

235 1327 452 1361 compulsoribus
467 1327 634 1362 persolvant.
647 1327 704 1355 Non
728 1329 850 1363 pendunt
875 1337 948 1356 nunc
963 1329 1023 1362 vize,

236 1377 307 1399 terra
322 1373 443 1407 marique
461 1373 611 1409 vectigalia.
630 1374 755 1402 Consona
770 1380 834 1402 sunt
850 1375 908 1402 hmc
934 1375 1023 1411 magni

236 1424 264 1446 et
275 1420 344 1447 sacri
358 1420 542 1456 Cbrysostomi
557 1421 656 1448 verbis.
671 1421 729 1448 Non
742 1421 859 1456 amplius
874 1422 1025 1457 spoliantur

235 1466 338 1501 injuste
361 1467 475 1502 pecunia
500 1467 691 1495 mediterranei
713 1468 747 1495 ab
763 1467 806 1499 iis,
829 1468 874 1503 qui
894 1473 1025 1503 angustos

1075 234 1136 261 μεν,
1154 227 1178 253 ει
1191 227 1238 253 καὶ
1253 226 1402 261 τολμηρὸν,
1417 227 1459 253 ὄτι
1475 226 1587 260 ἐλέησεν
1601 227 1615 252 ὁ
1630 226 1697 258 Θεὸς
1709 226 1753 253 διὰ
1763 226 1812 252 σοῦ
1820 227 1867 253 τὸν

1071 272 1135 298 λαὺν
1150 272 1246 299 αὑτοῦ.
1274 272 1412 307 Ἐπλήσθη
1423 273 1515 307 γοῦνή
1528 272 1660 307 σύμπασά
1677 281 1724 299 σου
1742 272 1870 308 βασιλεία

1072 318 1160 352 χαρᾶς
1178 320 1226 344 καὶ
1241 317 1429 351 ἀγαλλιάσεως
1443 327 1449 332 ·
1466 318 1508 344 ὅτι
1525 318 1665 353 ἀφῄρηται
1677 319 1692 345 ὁ
1708 318 1811 353 ἄνομος
1821 318 1868 350 ζυ-

1072 363 1119 397 γὸς
1134 365 1148 389 ὁ
1162 363 1205 390 ἐπ’
1222 364 1308 398 αὐτὴν
1331 363 1468 398 κείμενος,
1492 364 1541 390 καὶ
1559 365 1576 399 ἡ
1600 364 1696 399 ῥάϐδος
1712 366 1729 400 ἡ
1745 365 1791 391 ἐπὶ
1817 364 1867 391 τοῦ

1072 409 1210 445 τραχήλου
1236 411 1287 444 τῆς
1307 410 1437 445 τοιαύτης
1454 411 1674 446 ὲπικρατὴσεως.
1699 411 1747 442 Τίς
1763 411 1867 446 ἤκουσε

1071 454 1184 480 τοιαῦτα
1194 463 1202 487 ;
1214 454 1303 489 δεῦρο,
1317 455 1423 488 εἴπατε,
1437 454 1543 489 ἄνδρες.
1561 455 1616 482 Καὶ
1632 455 1673 487 τίς
1683 455 1807 490 ἑώρακεν
1821 455 1866 481 ἐπ’

1072 499 1156 535 ἄλλης
1172 499 1312 534 βασιλείας
1325 500 1447 526 τοιοῦτον
1464 501 1511 526 καὶ
1523 500 1651 526 τοσοῦτον
1676 501 1864 536 κατόρθωμα;

1078 546 1257 572 Ἐπαινέσατε
1273 546 1368 580 αὐτὴν,
1379 546 1479 577 πάντες
1491 547 1515 572 οι
1531 546 1589 572 λαοί
1600 555 1606 562 ·
1627 547 1798 581 μεγαλύνειτε
1814 547 1866 573 αὺ-

1071 591 1121 627 τὴν
1137 592 1185 618 σὺν
1199 592 1276 626 ἡμῖν,
1295 591 1424 627 ἄρχοντές
1435 600 1464 618 τε
1484 592 1532 619 καὶ
1546 593 1707 628 ἀρχόμενοι,
1731 595 1815 628 ἱερεῖς
1836 603 1866 620 τε

1073 637 1121 664 καὶ
1138 637 1282 672 μονασταὶ,
1298 640 1344 663 καὶ
1363 638 1416 664 πᾶν
1434 638 1463 664 τὸ
1476 638 1669 671 Χριστιανικὸν
1683 639 1776 673 φῦλον.
1796 642 1866 668 Οὐδὲ

1072 684 1136 720 γὰρ,
1153 685 1194 711 ὃτι
1211 684 1264 711 τῶν
1278 684 1414 710 τοσούτων
1429 684 1476 710 τοῦ
1490 684 1603 720 χρυσίου
1617 686 1756 713 ταλάντων
1771 688 1788 722 ἡ
1811 688 1866 721 ἃς)-

1072 738 1131 761 εσις
1147 731 1253 764 γέγονε,
1277 730 1434 765 θαυμαστὸν
1458 730 1551 765 μόνον,
1574 731 1677 767 καίπερ
1700 731 1730 758 ὃν
1746 733 1867 768 ἀνυπέρ-

1072 775 1171 810 ϐλητον
1181 784 1189 791 ·
1207 775 1266 802 ἀλλ’
1279 776 1319 802 ὅτι
1335 776 1384 802 καὶ
1400 776 1484 810 πόρος
1507 776 1616 808 ἀδικίας
1638 777 1822 810 πολυπλάσιος
1836 780 1867 804 ἐν

1072 823 1105 857 τῇ
1124 821 1236 858 τοιαύτῃ
1250 821 1378 848 ὑποθέσει
1398 822 1579 856 συνεξεκόπη.
1596 822 1757 850 ὁσιώτατον.
1772 824 1864 860 Ἠρθη

1074 870 1106 895 ὲκ
1125 869 1208 903 μέσου
1229 868 1402 903 στραγγαλιὰ
1414 868 1509 904 βιαίων
1528 869 1576 895 καὶ
1585 868 1767 905 ψυχοφθόρων
1779 871 1864 897 ἀπαι-

1073 915 1214 950 τημὰτων,
1225 914 1345 942 λαϐοῦσα
1358 914 1422 946 τοὺς
1433 915 1486 950 πρὺ
1500 914 1548 941 σοῦ
1563 914 1697 948 ἅπαντας,
1709 915 1813 950 καίπερ
1821 925 1863 942 τι-

1074 961 1121 992 νὰς
1134 959 1254 992 εὑσεδῶς
1262 960 1502 995 βεϐασιλευκότας.
1512 961 1598 987 Τοῦτο
1608 961 1663 996 γάρ
1674 970 1714 987 σοι
1721 961 1864 990 ἀπέκειτο.

1075 1007 1215 1034 Πέπαυται
1230 1007 1373 1041 ὲφομοσία,
1388 1007 1488 1042 πολυορ
1496 1007 1552 1039 κία,
1566 1007 1667 1042 μᾶλλον
1679 1007 1706 1034 δὲ
1717 1007 1866 1044 ψευδορκία

1074 1053 1120 1079 ἐπί
1136 1061 1166 1079 τε
1184 1052 1238 1079 τῶν
1252 1053 1440 1079 ἀπαιτούντων
1465 1053 1513 1079 καὶ
1532 1053 1742 1088 ἀπαιτουμένων
1753 1061 1760 1069 ⁸
1776 1055 1867 1088 ἀμφο-

1073 1099 1161 1134 τέρων
1171 1097 1297 1125 ἐντεῦθεν
1310 1098 1348 1130 ὡς
1361 1098 1392 1124 τὺ
1413 1097 1520 1133 συμϐὰν
1535 1097 1740 1132 ἀπολλυμένων,
1751 1098 1801 1124 τοῦ
1816 1099 1868 1134 μὲν

1074 1145 1088 1172 ὃ
1100 1154 1126 1172 τι
1146 1144 1316 1179 άποκρύψειε
1339 1144 1522 1179 πειρωμένου,
1539 1143 1587 1170 τοῦ
1602 1143 1640 1177 δὲ,
1658 1144 1672 1170 ὂ
1690 1153 1716 1171 τι
1729 1145 1867 1180 ὑπερπιά-

1075 1199 1131 1218 σειε
1160 1189 1453 1225 καταπολιορκοῦντος.
1471 1189 1613 1216 Πέπαυται
1633 1188 1759 1225 ἔκθλιψις
1774 1198 1867 1216 atavo.

1075 1236 1266 1272 χωρουμένων,
1277 1235 1326 1262 καὶ
1338 1235 1497 1270 πενομένων
1508 1237 1715 1272 φροντιστήρια.
1726 1236 1776 1271 οὐχ
1788 1236 1864 1268 ὅπως

1074 1283 1124 1318 τῆς
1140 1283 1277 1317 πτωχείας
1293 1281 1438 1317 φάρμακον
1449 1281 1620 1318 ἀλεξιτήριον
1647 1281 1804 1318 ὲξευρεθείη
1822 1283 1867 1318 ζη-

1075 1329 1206 1355 τούντων·
1228 1326 1309 1363 ἦττον
1340 1327 1394 1362 γὰρ
1420 1325 1455 1362 ἦν
1477 1327 1510 1354 ἂν
1527 1327 1558 1353 τὸ
1581 1327 1704 1363 λυπηρόν
1720 1336 1727 1343 ”
1748 1327 1808 1355 ἀλλ’
1822 1329 1867 1355 ἵνα

1075 1374 1106 1400 τὸ
1123 1373 1280 1406 ἀσύνθετον,
1293 1373 1340 1400 καὶ
1348 1372 1452 1401 ἄνωθέν
1467 1381 1526 1405 πως
1542 1372 1580 1405 ὡς
1593 1373 1733 1409 ἁμαρτίας
1741 1374 1870 1410 γέννημα⁵

1075 1419 1275 1455 ὲπεισφρῆσαν,
1296 1419 1481 1446 ἀποτίσωνται
1496 1420 1552 1450 τοῖς
1570 1420 1750 1456 πράκτορσιν.
1767 1421 1872 1448 Οὐκέτι

1075 1466 1103 1492 αἱ
1118 1466 1174 1492 ὁδοὶ
1187 1464 1378 1497 τελωνοῦνται,
1394 1465 1455 1492 ὅσαι
1476 1465 1547 1492 κατά
1569 1465 1632 1500 γῆν,
1653 1466 1714 1492 ὅσαι
1736 1467 1808 1493 κατᾶ
1824 1466 1873 1493 θά-

234 1513 340 1540 viarum
352 1513 442 1540 aditus
453 1513 588 1546 obsident,
601 1513 717 1549 agrestis
729 1514 880 1549 cujuspiani
893 1514 1023 1542 daemonis

1076 1512 1189 1539 λασσαν.
1212 1511 1397 1546 Ἀντιφθογγα
1421 1511 1510 1538 ταῦτα
1531 1511 1586 1538 τῶν
1610 1511 1662 1538 ὑπὸ
1684 1512 1731 1539 τοῦ
1746 1513 1872 1546 μεγάλου

236 1567 322 1592 more,
340 1564 386 1586 aut
400 1559 588 1587 inunansuctae
610 1559 674 1587 fera:
687 1560 832 1588 delibantis
850 1569 959 1596 semper
975 1561 1025 1588 ali-

234 1605 298 1640 quid
307 1614 340 1633 ex
350 1607 454 1633 sarcina
461 1606 589 1642 pauperis
600 1607 720 1634 viatoris.
738 1606 792 1635 Nec
801 1615 894 1635 rursus
905 1608 1024 1643 turpium

235 1651 390 1687 hujusmodi
404 1653 576 1680 exactionum
590 1657 662 1680 metu
680 1653 751 1681 domi
763 1662 792 1681 se
804 1655 947 1682 continent
960 1663 1024 1690 ege-

235 1698 274 1731 ni,
291 1707 378 1734 neque
390 1699 500 1734 oppida,
519 1707 608 1734 neque
623 1700 758 1727 maritima
774 1700 833 1727 loca
849 1700 1025 1735 frequentan-

236 1747 276 1770 tes
295 1752 302 1771 :
317 1745 418 1779 ubique
439 1745 510 1771 enim
526 1745 677 1779 iniquitatis
692 1745 797 1780 scopuli
822 1747 1023 1780 prominebant.

229 1789 294 1816 ‘Non
306 1790 424 1823 amplius
438 1795 528 1816 nauta:
539 1791 572 1817 ab
592 1790 697 1817 oriente
712 1797 740 1819 et
753 1791 895 1819 occidente
905 1797 932 1819 ct
947 1793 1024 1827 aqui-

235 1833 298 1860 lone
311 1834 459 1865 solventes.
472 1835 624 1869 navigando
640 1835 833 1869 praefocantur.
851 1841 978 1871 tanquam
991 1846 1026 1865 ex

236 1884 344 1915 gutture
353 1881 475 1915 angustis
489 1880 611 1908 faucibus
622 1883 774 1916 portorium
790 1883 932 1910 reddituri.
945 1883 1026 1911 Libe-

237 1925 287 1951 rati
301 1929 364 1952 sunt
379 1925 424 1959 qui
440 1925 554 1952 venandi
567 1931 653 1952 arlem
666 1932 804 1959 exercent,
816 1929 941 1962 expedite
953 1937 1026 1957 nunc

236 1971 308 1997 illam
326 1971 469 2002 obeuntes,
488 1979 564 1998 sacra
582 1970 667 1999 lrene.
691 1973 811 2001 Piscator
824 1974 870 2009 qui
888 1980 942 2002 tres
957 1976 1025 2003 forte

237 2017 325 2052 pisces
341 2017 432 2047 traxit.
450 2017 531 2052 idque
548 2023 608 2053 post
632 2027 760 2055 magnum
779 2028 891 2056 prorsus
907 2021 1025 2050 laborem

237 2064 320 2090 totius
335 2063 400 2096 diei,
416 2072 500 2090 unum
516 2066 633 2099 pendere
648 2074 702 2093 non
713 2067 829 2102 cogitur.
845 2067 952 2103 Anceps
964 2077 1025 2096 cum

237 2117 301 2136 arcu
326 2113 373 2136 aut
389 2109 463 2136 visco
490 2110 620 2144 pauculas
634 2111 703 2137 forte
722 2118 787 2138 aves
800 2112 914 2146 ceperit.
937 2113 970 2140 ad
987 2112 1027 2139 vi-

237 2159 310 2182 ctum
327 2156 378 2183 sibi
396 2156 563 2183 necessarias
585 2156 740 2184 immunisa
764 2158 884 2193 vectigali
900 2167 1024 2191 manens,

236 2201 343 2228 beatius
368 2202 450 2229 vivet.
476 2201 590 2228 Militum
607 2209 706 2228 uxores
723 2202 904 2230 domesticum
920 2204 1024 2231 luctum

238 2247 371 2275 habentes
383 2247 418 2274 ob
434 2247 555 2273 virorum
568 2247 756 2280 amissionem,
768 2256 823 2275 non
841 2249 938 2277 acerbe
950 2250 1027 2277 insu-

237 2301 286 2329 per
302 2293 406 2320 ﬂebunt
421 2292 604 2320 miserabilem
614 2296 642 2319 et
658 2292 835 2321 inhumanam
851 2302 899 2329 pro
918 2300 1027 2324 mortuo

237 2339 419 2367 exactionem.
428 2338 523 2366 Missos
535 2338 604 2365 facio
615 2339 754 2371 subulcos,
771 2340 861 2367 ovium
875 2340 1026 2373 institores.

239 2386 291 2413 vini
317 2389 466 2420 emptores.
495 2384 572 2411 Mitto
597 2384 696 2416 lanios,
726 2390 858 2419 textores,
889 2387 1026 2419 ferrarios,

238 2435 356 2462 sutores,
378 2430 506 2462 fullones,
529 2431 720 2463 aromatarios,
734 2437 761 2458 et
776 2432 943 2461 architectos
958 2442 965 2466 ;
982 2438 1026 2461 at-

238 2485 292 2512 que
314 2480 345 2504 ut
364 2476 458 2512 paucis
472 2476 649 2512 complectar,
667 2482 754 2505 artem
779 2486 899 2513 omnem,
920 2487 981 2514 qua:
999 2481 1024 2507 in

238 2531 316 2555 auro,
334 2522 377 2550 vel
391 2522 417 2549 in
435 2522 518 2557 ligno,
540 2522 582 2550 vel
606 2523 633 2550 in
645 2523 697 2551 alia
712 2524 821 2551 demum
837 2525 951 2552 materia
967 2533 1029 2553 cer-

241 2569 325 2601 nitur,
344 2575 378 2594 ne
391 2568 496 2603 longior
513 2569 574 2601 sim,
593 2568 619 2595 in
649 2569 701 2597 hac
725 2569 865 2597 minutiori
885 2577 1029 2599 enumera-

240 2614 324 2646 tione,
338 2613 438 2649 optima
453 2614 575 2644 domina.
589 2614 749 2649 plauserunt
761 2622 856 2642 omnes
868 2616 925 2644 suis
938 2618 1027 2645 mani-

239 2659 302 2693 bus,
325 2664 353 2687 et
366 2660 452 2696 gavisi
477 2664 541 2687 sunt
554 2661 652 2696 gaudio
673 2668 772 2696 magno
791 2662 868 2689 valde
879 2663 1002 2691 dicentes
1020 2673 1026 2691 ε

241 2705 402 2733 Benedicam
419 2711 455 2736 te.
479 2705 602 2739 Domine,
628 2707 758 2741 quoniam
774 2707 902 2736 misertus
918 2717 948 2736 es
962 2710 1028 2742 mei,

242 2758 270 2779 et
285 2751 373 2780 lactus
387 2760 418 2779 es
433 2752 500 2780 mihi
516 2753 542 2779 in
559 2752 686 2780 salutem.

1075 1560 1124 1586 καὶ
1140 1558 1213 1593 ἱεροῦ
1229 1558 1426 1593 Χρυσοστόμου
1442 1558 1609 1593 εἰρημένων.
1634 1558 1733 1585 Οὐκέτι
1750 1559 1872 1594 ἠπειρῶ-

1074 1613 1120 1631 ται
1141 1603 1369 1640 ὲξαργυρίζονται
1390 1603 1472 1630 ἄδικα
1495 1603 1568 1630 κατὰ
1581 1604 1644 1634 τοὺς
1663 1604 1819 1635 στενωποὺς
1836 1606 1873 1630 ἐκ

1075 1650 1129 1676 τῶν
1141 1649 1354 1685 ἐπικαθημένων
1365 1649 1466 1676 ὡσανεὶ
1475 1649 1573 1685 ἀγρίου
1602 1648 1676 1681 τινος
1697 1648 1835 1684 δαίμονος,
1853 1649 1873 1684 ἢ

1075 1695 1224 1722 άτιθάσσου
1245 1695 1340 1730 θηρὸς,
1354 1695 1562 1730 ἀπογευομένου
1587 1695 1698 1726 πάντως
1713 1695 1746 1721 ὲκ
1757 1694 1808 1729 τῆς
1820 1695 1873 1721 τοῦ

1076 1742 1226 1777 πενομένου
1247 1741 1335 1768 ὁδίτου
1363 1740 1587 1776 ὲπιφορτώσεως.
1606 1740 1668 1767 Οὐδ’
1685 1739 1719 1767 αὖ
1738 1741 1794 1767 δέει
1814 1741 1874 1767 τῶν

1075 1787 1205 1814 τοιούτων
1226 1787 1349 1823 αἰσχρῶν
1370 1787 1525 1822 λημμάτων
1540 1787 1610 1813 οῐκοι
1625 1786 1751 1821 μένουσιν
1765 1787 1790 1813 οἱ
1802 1787 1875 1813 ἀπο-

1078 1834 1217 1870 ρούμενοι,
1236 1835 1305 1870 μήτε
1320 1833 1354 1860 τὰ
1369 1834 1398 1860 ὲν
1413 1834 1503 1866 ἄστει,
1521 1835 1591 1869 μήτε
1608 1833 1673 1864 τοὺς
1690 1831 1874 1867 παραὈαλασ-

1077 1880 1152 1912 σίους
1182 1880 1283 1911 τόπους
1312 1879 1568 1914 καταλαμϐάνοντες
1584 1877 1743 1912 ’πανταχοῦ
1767 1877 1823 1912 γὰρ
1846 1878 1874 1904 οἱ

1076 1925 1127 1961 τῆς
1139 1926 1247 1958 ἀδικίας
1267 1925 1396 1952 σκόπελοι
1411 1925 1627 1960 προεστήκασιν.
1644 1925 1744 1951 Οὐκέτι
1760 1925 1784 1951 οἱ
1798 1924 1874 1950 πλω-

1076 1973 1158 2008 τῆρες
1175 1972 1229 2000 ἀπὺ
1244 1972 1382 1999 ἀνατολῶν
1397 1972 1446 1998 καὶ
1468 1971 1582 2006 δυσμῶν
1607 1971 1655 1997 καὶ
1678 1970 1765 2006 suppa
1797 1971 1875 2005 ἐξορ-

1079 2019 1200 2055 μώμενοι
1214 2019 1262 2046 καὶ
1286 2019 1488 2048 καταπλέοντες
1514 2017 1725 2052 ὑποπνιγονται,
1739 2017 1778 2049 ὡς
1792 2017 1824 2043 ἂν
1839 2018 1873 2043 ὲκ

1077 2065 1175 2100 λαιμοῦ
1194 2066 1249 2096 τοῖς
1274 2065 1377 2096 στενοῖς
1394 2064 1514 2098 στομίοις
1528 2064 1559 2090 τὺ
1580 2063 1783 2097 τελωνοὺμενον
1803 2064 1872 2089 ἁπο-

1077 2111 1220 2142 δώσοντες.
1249 2110 1415 2146 Ἀφείθησαν
1437 2111 1463 2136 οἱ
1488 2110 1538 2146 τὴν
1561 2110 1732 2145 ἀγρευτικὴν
1756 2109 1873 2143 μέθοδον

1080 2157 1288 2192 μετερχόμενοι,
1312 2156 1424 2191 κούφως
1448 2155 1552 2191 ταύτην
1566 2155 1808 2190 διαλαμδάνοντες.
1825 2155 1873 2181 El-

1081 2204 1149 2239 ρήνη
1166 2202 1305 2238 ἱερόψυχε.
1329 2203 1358 2229 '0
1376 2202 1469 2234 ἁλιεὺς
1484 2202 1565 2237 τυχὸν
1586 2202 1662 2237 τρεῖς
1684 2201 1780 2236 ἰχθύας
1796 2201 1874 2227 ἀνελ-

1080 2249 1178 2282 κύσας,
1191 2250 1239 2276 καὶ
1253 2249 1332 2275 τοῦτο
1346 2249 1455 2280 πάντως
1470 2248 1558 2275 πολλὰ
1573 2246 1751 2279 κεκοπιακὼς
1765 2247 1799 2274 δι’
1809 2247 1874 2283 ὅλης

1080 2296 1198 2330 ἡμέρας,
1213 2294 1258 2321 τδν
1285 2294 1334 2321 ἕνα
1346 2294 1396 2321 οὐκ
1423 2294 1609 2322 ἁποτίννυσιν.
1633 2294 1662 2321 ’0
1689 2294 1802 2328 τοξότης
1826 2293 1843 2328 ἢ
1861 2294 1875 2320 ὁ

1083 2341 1189 2376 ἰξευτὴς
1204 2340 1308 2376 οὕσπερ
1331 2341 1481 2376 ὲθήρευσεν
1504 2341 1612 2373 ὀλίγους
1630 2340 1701 2375 τάχα
1723 2340 1834 2375 ὄρνεις,
1846 2339 1876 2371 ἐξ

1082 2383 1119 2415 ὧν
1143 2387 1219 2422 αὐτῷ
1240 2388 1256 2423 ἠ
1281 2387 1419 2422 ἀναγκαία
1437 2387 1535 2423 τροφὴ,
1561 2387 1757 2422 ἀλογοθέτητος
1778 2386 1875 2421 διαμέ-

1080 2443 1134 2462 νων
1157 2434 1333 2470 εὖζωήσειεν.
1350 2434 1384 2460 Δί
1402 2433 1595 2470 στρατιώτιδες
1616 2433 1647 2460 τὺ
1661 2433 1762 2459 οἰκεῖον
1774 2433 1875 2464 πένθος

1081 2479 1191 2515 ἔχουσαι
1205 2480 1255 2515 τῆς
1277 2479 1409 2516 ἀνδρικῆς
1429 2479 1577 2514 ἀποϐολῆς,
1590 2479 1641 2505 οὐκ
1657 2479 1876 2514 ὲπιθρηνήσουσι

1081 2526 1188 2562 πικρῶς
1210 2526 1260 2562 τὴν
1284 2525 1355 2561 ὑπὲρ
1374 2525 1421 2552 τοῦ
1439 2525 1566 2557 θανέντος
1587 2525 1707 2561 ἐλεεινὴν
1721 2525 1770 2552 καὶ
1786 2524 1877 2552 ἀπάν-

1082 2572 1191 2608 θρωπον
1204 2572 1392 2607 ὲξαπαίτησιν.
1404 2572 1460 2599 Καὶ
1472 2571 1591 2607 πάρειμι
1598 2572 1662 2603 τοὺς
1673 2571 1803 2604 συὸότας,
1813 2571 1878 2603 τοὺς

1082 2618 1340 2654 προϐατεμπόρους,
1361 2619 1424 2650 τοὺς
1437 2617 1611 2653 οἰνοπράτας.
1636 2617 1688 2644 Ἐῶ
1701 2617 1795 2651 λέγειν
1813 2618 1877 2649 τοὺς

1083 2665 1263 2701 κρεωπώλας,
1279 2665 1342 2696 τοὺς
1358 2664 1581 2700 ίστουργοῦντας,
1595 2665 1657 2696 τοὺς
1674 2664 1876 2699 χαλκοτύπους,

1083 2712 1146 2744 τοὺς
1163 2710 1357 2745 σκυτοτόμους,
1377 2711 1440 2743 τοὺς
1463 2711 1647 2742 δευσοποιοὺς,
1667 2711 1876 2746 ἀρωματοπρά-

1084 2767 1134 2791 τας
1149 2767 1179 2786 τε
1196 2758 1243 2785 καὶ
1255 2758 1450 2793 ἀρχιτέκτονας
1462 2767 1468 2774 ·
1485 2758 1532 2785 καὶ
1542 2758 1693 2794 συλλήωην
1703 2758 1793 2784 εἰπεῖν
1806 2757 1876 2784 ἃπα-

242 2808 291 2826 σαν
306 2799 432 2834 μέθοδον,
453 2799 502 2834 ὅση
517 2799 587 2826 κατὰ
608 2799 808 2834 χρυσουργίαν,
821 2800 872 2837 ὅση
891 2802 962 2829 κατὰ
983 2802 1155 2840 ξυλουργίαν,
1179 2803 1230 2837 ὅση
1261 2803 1332 2829 κατά
1359 2803 1451 2829 πᾶσαν
1478 2803 1563 2838 ἄλλην
1575 2802 1642 2838 ὕλην
1659 2803 1875 2839 ὲπιῧεωρεῖται·

243 2846 286 2873 ἵνα
311 2846 350 2883 μὴ
372 2846 671 2882 μακρδνιάποτείνοιμι
694 2847 789 2880 λόγον’
826 2849 855 2875 ὲν
876 2851 910 2885 τῇ
931 2850 1043 2885 τοιαύτῃ
1077 2849 1299 2886 κατακερμασίᾳ.
1319 2846 1342 2876 ὧ
1356 2849 1498 2884 πανάγαθε
1520 2849 1660 2883 δέσποινα,
1683 2849 1876 2885 ἐπεκρότησεν
