1924 3077
83 94 133 127 933

695 95 967 128 EPISTOLARUM
991 97 1066 128 LIB.
1080 98 1106 128 Ι.

1674 95 1725 127 9ῒ4

80 153 140 182 ταῖς
163 151 259 187 χερσὶν
281 151 372 179 αὐτῶν
399 152 534 184 ἅπαντες,
557 153 604 179 καὶ
627 153 765 189 ἐχάρησαν
787 153 875 189 χαράν
896 155 1020 191 μεγάλην
1039 155 1162 191 σφόδρα,
1186 155 1278 182 ἐκεῖνα.
1316 154 1458 190 εἰρηκότες
1472 161 1480 169 ·
1510 153 1659 190 Εὖλογήσω
1682 162 1726 184 σε,

81 201 176 237 Κύριε,
202 201 244 227 ὅτι
264 201 384 236 ἡλέησάς
407 210 453 236 με,
468 201 516 228 καὶ
537 201 630 236 ἐγένου
654 211 698 237 μοι
723 202 763 234 εἰς
783 203 934 238 σωτηρίαν.

116 247 161 273 Διὸ
177 245 321 278 πεποιθὼς
345 246 444 280 ἔσομαι
467 246 514 272 ἐπὶ
531 248 564 282 τῇ
587 246 721 281 θεοσδότῳ
738 256 785 274 σου
801 247 882 282 βασι-

967 248 1116 284 Propterea
1142 249 1270 276 ﬁduciam
1287 256 1392 276 sumam
1411 249 1438 276 in
1455 250 1508 277 hoc
1518 249 1648 278 divinitus
1661 249 1727 278 dato

80 291 150 326 λείᾳ.
162 291 256 318 Ταῦτα
269 291 359 318 πάντα
370 292 426 327 (15)
444 292 575 324 αἰνέσεως
591 292 681 328 πλήρη
698 294 745 319 καὶ
759 292 878 328 ἐξυμνή-

81 346 160 370 σεως,
185 337 288 373 Εἰρήνη
314 338 378 372 φίλη
396 337 527 373 Χριστοῦ,
539 338 570 365 τὸ
589 338 675 373 γλυκὺ
697 339 745 365 καὶ
762 339 880 374 πρᾶγμα

80 384 128 410 καὶ
139 383 236 418 ὄνομα.
248 383 341 410 Ταῦτα
355 384 386 410 οὺ
405 384 486 419 μόνον
503 385 531 411 ἐν
543 385 576 420 τῇ
593 385 757 420 ἐπικρατείᾳ
767 385 817 419 τῆς
830 384 879 419 βα-

81 429 187 460 σιλείας
205 437 264 460 σου,
282 428 350 455 ἀλλὰ
366 430 412 456 καὶ
428 429 510 465 μέχρι
530 429 676 465 τερμάτων
689 430 737 465 τῆς
748 429 879 465 οἰκουμέ-

81 483 131 510 νης
145 474 360 509 διαδοθήσονται,
373 475 421 501 καὶ
441 475 604 502 ἀκούσονται
619 476 694 510 ἡμᾶς
711 475 877 510 ἀλλοεθνεῖς,

81 520 131 546 καὶ
145 519 343 555 θαυμάσονται,
359 521 408 547 καὶ
423 520 625 556 πτοηθήσονται
639 522 694 548 ἀπὸ
707 521 758 556 τῆς
772 521 879 555 εὐπρα-

83 565 143 597 ξίας
158 565 212 592 τῶν
228 565 319 599 σοφῶν
334 573 382 592 σου
396 566 632 600 ἐπιτηδευμάτων.
646 566 792 594 Αἰδοῦνται
808 567 876 602 γὰρ.

83 613 180 646 φησιν.
199 610 304 644 ἀνδρῶν
317 610 420 646 ἀρετὴν
438 611 486 637 καὶ
503 611 639 644 πολέμιοι,
653 611 668 637 ό
683 611 736 638 τῶν
745 612 879 645 οεολόγων

82 655 256 691 διαπρύσιος.
273 654 352 682 Οὕτω
368 656 535 690 φυλάττεταί
549 665 596 682 σου
612 656 734 692 ἀρραγές
753 657 785 683 τὺ
800 656 878 692 βασί-

82 702 156 727 λειον
167 709 175 715 ·
188 700 275 732 οὕτως
290 701 358 728 εἴκει
375 701 421 728 καὶ
434 701 558 728 πείθεται
573 710 613 728 σοι
624 702 753 737 ἀσμένως
781 703 811 729 τὸ
827 702 879 729 ὐπ-

82 748 175 783 ήκοον.
190 746 284 783 Ταύτῃ
297 747 460 783 θεραπεύεις
473 747 504 774 τὸ
513 747 605 774 Θείον·
625 747 711 783 ταύτῃ
725 747 877 783 ἐπευφραί-

83 802 140 825 νεις
153 794 215 825 τοὺς
229 794 376 825 ἐκλεκτοὺς
388 793 455 820 Θεοῦ
469 793 612 829 ἀγγέλους,
628 794 685 821 ἀλλ’
700 794 747 822 οὖν
758 795 878 827 καὶτοὺς

83 839 165 870 ὁσίως
175 839 222 866 καὶ
236 839 348 870 δικαίως
365 838 603 873 πολιτευομένους,
619 839 721 874 Εἰρήνη
741 839 876 873 θεώνυμε.

90 885 135 910 Ἐν
152 884 259 917 τούτοις
271 886 288 920 ἡ
306 884 433 911 εὐσέϐειά
458 893 505 911 σου
527 884 687 919 διαλάμπει.
708 885 753 911 Ἐν
771 885 878 916 τούτοις

933 293 1047 330 imperio
1065 301 1122 322 tuo.
1139 294 1204 322 Haec
1214 295 1305 322 omnia
1318 295 1407 322 laudis
1421 295 1501 330 plena
1513 299 1540 322 et
1556 295 1726 330 praedicatio-

932 339 986 372 nis,
1005 338 1083 367 lrene
1106 339 1217 367 Christo
1245 340 1340 372 chara,
1361 340 1449 367 dulcis
1470 344 1499 367 et
1514 348 1543 367 re
1561 345 1588 367 et
1603 341 1724 367 nomine.

933 384 996 412 Haec
1013 393 1068 412 non
1084 385 1172 412 solum
1187 393 1240 420 qua
1253 390 1328 420 patet
1348 385 1456 420 imperii
1473 386 1511 412 tui
1530 390 1661 420 potestas,
1677 386 1725 413 sed

932 431 967 459 ad
979 432 1052 467 ipsos
1062 440 1149 467 usque
1160 433 1235 460 orbis
1249 437 1329 460 terra:
1345 434 1477 460 terminos
1489 433 1700 460 celebrabuntur
1717 439 1725 459 :

932 478 1098 512 audientque
1113 479 1146 506 de
1159 478 1238 506 nobis
1257 483 1356 506 extera:
1375 483 1481 514 gentes,
1500 484 1528 506 et
1542 479 1725 510 mirabuntur,

932 528 961 551 et
975 524 1172 558 obstupeseent
1187 523 1452 558 sapientissimarum
1466 523 1603 550 actionum
1620 529 1726 550 tuarum

933 569 1102 597 felicitatem.
1127 570 1300 597 Reverenlur
1329 570 1402 597 enim
1431 569 1573 597 hominum
1598 570 1726 596 virtutem

932 615 1015 642 etiam
1024 615 1126 646 hostes,
1136 614 1173 642 ait
1187 615 1374 650 theologorum
1387 614 1555 642 clarissimus
1563 615 1596 642 ’⁷.
1609 615 1648 642 lta
1658 622 1727 642 con-

932 663 1057 686 servatur
1073 659 1267 687 inconcussum
1290 660 1434 695 imperium
1459 664 1547 692 tuum,
1574 660 1610 687 ita
1626 660 1728 687 cedunt

932 704 1086 732 etlibenter
1094 705 1226 732 obediunt
1238 706 1284 732 tibi
1298 706 1409 733 subditi.
1421 705 1477 733 llac
1484 711 1542 733 arte
1555 706 1638 732 Deum
1648 705 1726 736 colis,

933 748 985 775 hac
1011 749 1113 776 electos
1139 749 1187 776 Dei
1216 750 1327 785 angelos
1344 749 1476 782 laetiﬁcas,
1492 750 1546 777 imo
1568 755 1596 777 et
1610 750 1669 777 illos
1681 750 1728 785 qui

932 798 1026 821 sancte
1037 802 1070 821 ac
1080 795 1156 830 juste
1165 795 1248 822 vitam
1260 796 1376 826 ducunt,
1389 796 1466 822 lrene
1480 795 1604 822 divinum
1614 802 1726 822 nomen.

932 837 962 865 lu
979 839 1020 866 his
1042 839 1129 874 pietas
1145 845 1191 867 tua
1208 840 1297 866 elucet
1314 847 1320 865 :
1338 839 1365 866 in
1379 839 1422 867 his
1444 847 1476 866 os
1491 847 1572 867 omne
1589 844 1617 866 et
1637 839 1728 875 lingua

932 884 961 911 in
976 884 1070 912 laudes
1085 890 1146 912 tuas
1163 885 1296 920 aperitur,
1316 885 1379 913 Haec
1395 893 1458 912 vera
1472 890 1515 912 est
1534 885 1620 920 gloria
1636 885 1729 913 Eccle-

83 931 141 957 πᾶν
157 930 243 966 στόμα
261 930 309 957 καὶ
323 931 399 957 πᾶσα
428 930 540 965 γλῶσσα
557 931 626 966 πρὸς
641 931 745 957 αῐνεσίν
767 939 814 957 σου
843 930 887 962 ἐξ·

941 931 986 958 sia:
1008 939 1015 959 :
1032 930 1083 958 hoc
1096 930 1213 966 sigillum
1233 935 1345 958 asserta:
1360 939 1374 958 a
1393 935 1418 958 te
1436 936 1566 965 paternae,
1583 935 1610 958 et
1630 931 1729 958 divini-

83 977 236 1011 ανοίγεται.
249 976 322 1012 Αὕτη
336 977 374 1009 ὡς
385 976 492 1012 ἀληθῶς
511 977 527 1012 ἠ
543 977 607 1010 δόξα
623 977 674 1012 τῆς
697 976 860 1010 Ἐκκλησίας
872 983 880 991 ·

84 1023 156 1058 αὕτη
176 1024 192 1056 ή
209 1023 330 1059 σφραγὶς
359 1023 409 1058 τῆς
430 1022 659 1058 περιποιηθείσης
684 1031 726 1049 σοι
744 1021 883 1057 πατρικῆς

85 1070 135 1096 καὶ
147 1068 329 1096 Θεοπνεύστου
343 1069 397 1095 τῶν
416 1068 590 1104 Χριστιανῶν
609 1067 776 1104 ὸρθοδοξίας,
790 1067 882 1094 ἐκδικε

83 1113 134 1140 τοῦ
147 1113 227 1143 Θεοῦ.
245 1114 293 1140 καὶ
315 1114 366 1149 τῆς
382 1113 512 1148 ἀληθείας
538 1112 695 1148 ὑπέρμαχε.
711 1112 883 1148 Τηλικαῦται

85 1168 135 1186 σου
149 1159 176 1185 αἱ
191 1159 245 1185 τῶν
263 1159 369 1194 ἀρετῶν
387 1159 535 1192 ἐπιδόσεις,
550 1159 588 1191 ὡς
621 1158 734 1194 μεγάλοι
763 1158 809 1185 καὶ
825 1157 885 1191 ἀξι-

85 1205 196 1232 ἑπαινοι
211 1206 235 1231 οἱ
255 1204 346 1240 μισθοῖ
362 1213 409 1232 σου
423 1212 430 1219 ⁶
446 1204 484 1236 ὡς
501 1204 569 1232 πολύ
590 1213 637 1231 σου
647 1205 696 1231 καὶ
711 1203 884 1239 ὑπερϐάλλον

84 1250 116 1278 τὸ
132 1251 308 1286 ἀνταπόδομα
320 1251 394 1286 παρὰ
408 1250 456 1277 τοῦ
476 1250 530 1277 τῶν
545 1250 616 1277 ὅλων
633 1250 714 1277 Θεοῦ.
741 1250 821 1284 Μέγα
835 1250 885 1285 μὲν

85 1296 142 1331 γὰρ
157 1296 205 1322 καὶ
217 1296 248 1322 τὺ
261 1295 311 1322 ἕνα
325 1296 434 1328 σώζειν.
456 1296 520 1327 Πῶς
533 1296 588 1331 γὰρ
600 1295 630 1322 ού
642 1304 650 1329 ;
666 1296 738 1328 ἐπεὶ,
753 1295 791 1327 ὥς
803 1304 885 1331 φησιν

86 1341 172 1377 ήῡεία
182 1341 287 1377 Γραφὴ,
304 1342 336 1368 '0
343 1341 460 1377 ἐξάγων·
467 1341 555 1374 ἄξιον
561 1342 596 1374 ἐξ
608 1341 748 1375 ἀναξίου,
761 1341 799 1374 ὡς
809 1342 884 1368 στό-

84 1395 129 1421 μα
142 1396 199 1421 μου
212 1387 298 1414 ἔσται
310 1395 317 1403 ·
333 1387 364 1414 τὺ
380 1387 408 1414 δὲ
417 1387 550 1419 τοσαύτας
560 1387 650 1422 ψυχὰς
659 1388 708 1413 καὶ
726 1387 756 1413 τὸ
769 1387 823 1414 πᾶν
836 1387 884 1413 τοῦ

87 1432 169 1465 λαοῦ,
187 1433 246 1464 πῶς
259 1433 289 1459 οὐ
311 1433 383 1468 μέγα
405 1434 453 1460 καὶ
469 1433 628 1468 σεϐάσμιον,
651 1434 698 1460 καὶ
720 1433 769 1467 τῆς
783 1433 886 1459 ἀνωθεν

88 1478 298 1514 μεγαλοδωρεᾶς
312 1478 398 1510 ὅντως
412 1478 524 1511 ἐπάξιον
538 1487 546 1512 ;
563 1479 599 1505 Σὺ
612 1476 658 1505 οὗν
673 1479 704 1504 τὸ
721 1478 790 1513 μέγα
802 1477 887 1510 ὅντως

87 1523 136 1549 καὶ
150 1523 341 1558 πραγματικὸν
356 1524 452 1559 ϐνομα,
469 1524 538 1559 μετὰ
552 1523 600 1550 τοῦ
616 1524 715 1555 παντὸς
730 1523 813 1550 καλοῦ
829 1524 888 1549 εἱσ-

89 1568 227 1603 ελήλυθας
250 1570 289 1601 είς
306 1569 340 1596 τά
365 1569 507 1605 βασίλεια·
523 1571 571 1597 καὶ
596 1570 628 1596 σὺ
650 1570 686 1596 τά
706 1568 888 1604 ἐγκατάλειμ-

89 1623 167 1650 ματα
183 1615 234 1651 τῆς
247 1615 421 1652 δικαιοσύνης
438 1617 547 1648 ἐάσειας
561 1615 760 1649 διαιωνίζοντα.

293 1674 335 1702 H’.
346 1689 380 1695 -—
388 1674 511 1709 Συμεὼν
522 1674 688 1710 ἡγουμένῳ.

937 981 980 1004 tus
1001 976 1140 1011 inspirnlze
1160 975 1382 1003 Christianorum
1407 976 1469 1003 iidei
1485 975 1654 1008 orthodoxae,
1669 976 1730 1003 vin-

936 1022 987 1050 dex
1001 1022 1061 1053 Dei,
1077 1027 1105 1049 et
1128 1022 1252 1049 veritatis
1268 1022 1475 1057 propugnatrix.
1497 1021 1583 1048 Tanta
1597 1026 1661 1048 sunt
1675 1021 1730 1050 vir-

937 1071 1027 1095 tutum
1043 1071 1151 1094 tuarum
1163 1067 1343 1095 incrementa.
1360 1067 1445 1100 Quam
1457 1075 1554 1102 magna
1564 1072 1592 1095 et
1601 1067 1729 1102 praetura

937 1121 1043 1140 merces
1069 1114 1136 1140 tua!
1157 1117 1257 1148 quanta
1273 1118 1301 1140 et
1319 1120 1401 1146 quam
1425 1113 1561 1140 excellens
1587 1112 1730 1140 retributio

936 1158 972 1186 ab
995 1158 1187 1186 universorum
1205 1158 1261 1185 Deo
1278 1159 1284 1185 l
1312 1157 1438 1193 Magnum
1453 1158 1526 1185 enim
1542 1164 1655 1192 prorsus
1676 1161 1730 1188 est,

937 1205 981 1232 vel
997 1212 1082 1232 unum
1095 1212 1223 1232 servare:
1238 1204 1333 1239 quidni
1358 1204 1431 1230 enim
1445 1203 1456 1230 ?
1471 1211 1533 1230 cum
1551 1202 1625 1230 dicat
1638 1202 1730 1230 divina

939 1250 1099 1285 Scriptura:
1125 1249 1175 1282 Qui
1195 1250 1281 1277 educit
1296 1249 1405 1284 dignum
1419 1249 1450 1275 de
1466 1249 1585 1282 indigno,
1612 1248 1661 1274 erit
1678 1248 1731 1274 Lic-

939 1302 967 1324 ut
995 1305 1022 1323 as
1046 1305 1133 1323 meum
1146 1296 1192 1329 ης
1225 1300 1264 1322 tot
1284 1295 1389 1322 animas
1409 1299 1437 1322 et
1467 1295 1596 1329 populum
1620 1301 1730 1320 onmem

939 1350 1073 1375 servasse,
1099 1341 1236 1377 quomodo
1255 1349 1385 1376 magnum
1409 1348 1463 1367 non
1484 1344 1629 1367 censeatur
1639 1344 1666 1366 et
1676 1339 1730 1374 glo-

939 1389 1054 1421 riosum,
1070 1392 1098 1415 et
1120 1387 1225 1415 caelesti
1248 1386 1435 1414 muniﬁcentia
1462 1385 1574 1421 dignum
1589 1384 1599 1411 Ἰ
1612 1384 1654 1411 Tu
1667 1391 1732 1419 ergo

940 1442 1068 1470 magnum
1095 1442 1190 1461 revera
1207 1438 1235 1461 et
1250 1432 1344 1460 ellieax
1364 1440 1475 1464 nomen,
1500 1431 1645 1467 imperium
1669 1438 1731 1457 cum

940 1479 1014 1507 omni
1038 1480 1110 1507 bono
1135 1479 1259 1507 inivisti:
1279 1484 1307 1506 tu
1334 1478 1448 1514 iustitia:
1475 1478 1603 1514 reliquias
1623 1483 1733 1513 semper

940 1526 1032 1563 vigere
1049 1527 1134 1554 sinas.

1124 1672 1191 1700 Vill.
1215 1671 1379 1708 —Symeoni
1397 1671 1546 1706 praeposita.

623 1741 662 1767 De
682 1742 803 1768 monacho
823 1742 868 1774 qui
889 1741 1033 1767 emnobium
1053 1739 1203 1772 reliquerat.

135 1796 223 1831 ’Υπὲρ
231 1795 305 1831 ἡμᾶς
318 1795 352 1823 τὰ
363 1796 424 1823 καθ’
432 1797 507 1832 ἡμᾶς
515 1797 749 1832 ὑπολαμϐάνουσα
760 1798 776 1834 ἡ
787 1806 884 1832 πατρι-

94 1842 131 1876 κή
143 1850 190 1868 σου
208 1841 360 1876 ἀγιωσύνη,
370 1840 414 1867 διὰ
424 1840 479 1867 τῶν
485 1840 531 1867 δύο
541 1840 626 1875 αὐτῆς
638 1842 803 1877 ίδιογράφων
817 1837 884 1878 luis.

95 1888 165 1922 lieg.
178 1887 361 1923 ίερογράφων]
371 1887 522 1914 ἐπιστολῶν
536 1887 676 1923 ὡμίλησεν
690 1888 756 1923 ἡμῖν
771 1888 804 1915 τὰ
816 1889 887 1921 ξενί-

94 1934 181 1965 ζοντα
192 1933 240 1960 καὶ
251 1933 447 1969 ἐκπλήττοντα.
460 1933 542 1960 Ἀλλὰ
557 1933 621 1968 περὶ
633 1933 684 1968 μὲν
694 1933 748 1960 τῶν
757 1942 888 1970 γραμμα-

93 1979 220 2014 τοφόρων
226 1980 371 2015 εὐδόκησεν
377 1980 391 2006 ὸ
397 1979 668 2013 Θεδς,ὑποκλιθέντος
674 1979 720 2007 τοῦ
729 1980 890 2016 ἡγουμένου,

94 2026 289 2061 ἀναληφθῆναι
299 2026 398 2058 αὐτοὺς
409 2027 438 2052 ἐν
448 2026 487 2061 τῷ
495 2026 588 2062 οἰκείῳ
597 2027 687 2053 αὐτῶν
700 2027 875 2063 μοναστηρίῳ
883 2036 890 2043 ·

95 2072 192 2104 καλῶς
200 2072 279 2099 τοῦτο
289 2072 432 2108 πραξάσης
441 2073 490 2108 τῆς
500 2073 656 2104 θεοσεϐείας
667 2081 725 2106 σου,
737 2074 776 2105 είς
787 2074 817 2100 τὸ
827 2073 892 2100 ἀνθ-

96 2119 263 2153 υπενεγκείν
275 2119 374 2151 αὐτοὺς
384 2120 429 2146 διὰ
440 2119 486 2146 τοῦ
500 2119 655 2146 διδακτικοῦ
665 2119 749 2152 αὐτῆς
761 2119 841 2152 λόγου
851 2121 891 2152 είς

974 1797 1061 1833 Supra
1068 1802 1177 1832 captum
1185 1801 1307 1824 nostrum
1320 1804 1363 1824 res
1370 1800 1477 1823 nostras
1485 1793 1636 1829 suscipiens
1644 1799 1736 1829 pater-

939 1851 973 1870 na
982 1843 1113 1871 sanctitas
1120 1848 1175 1876 tua,
1183 1851 1213 1870 ea
1223 1843 1303 1870 nobis
1313 1842 1420 1870 duabus
1432 1849 1513 1868 manu
1523 1840 1631 1875 propria
1644 1847 1736 1868 exara-

941 1889 975 1917 tis
986 1889 1107 1924 epistolis
1113 1890 1171 1917 suis
1179 1889 1314 1924 exposuit,
1326 1897 1386 1924 qua
1393 1887 1601 1916 admirationem
1608 1891 1635 1914 et
1644 1891 1737 1922 stupo-

942 1943 1000 1963 rem
1010 1936 1171 1970 injecerunt.
1180 1936 1234 1964 Sed
1243 1936 1277 1963 de
1289 1934 1564 1969 tabellariisquidem.
1574 1933 1629 1961 Deo
1637 1933 1738 1968 placuit

943 1986 974 2008 ut
983 1980 1081 2008 inﬂexo
1094 1981 1237 2016 pneposito
1247 1981 1273 2008 in
1284 1980 1480 2008 monasterium
1491 1987 1570 2007 suum
1582 1978 1739 2014 reciperen-

944 2031 1084 2054 turzrecte
1105 2027 1157 2054 hoc
1173 2032 1270 2062 agente
1285 2027 1385 2062 pietate
1407 2030 1464 2057 tua.
1483 2030 1569 2052 uteos
1591 2025 1738 2053 verborqu

942 2080 1054 2100 suorum
1064 2072 1203 2100 admonitu
1215 2073 1335 2108 paternis
1344 2071 1529 2107 spiritualibus
1537 2071 1688 2098 visceribus
1697 2078 1740 2098 re-

942 2119 1077 2147 stitueret.
1097 2119 1135 2146 De
1152 2119 1235 2146 fratre
1251 2124 1343 2146 autem
1364 2123 1469 2150 nostro,
1486 2117 1532 2152 qui
1548 2117 1672 2144 ordinem
1691 2116 1739 2144 de-

95 2165 133 2191 τά
149 2164 265 2200 πατρῷα
278 2165 325 2191 καὶ
347 2165 522 2200 πνευματικὰ
540 2165 697 2200 σπλάγχνα.
721 2165 788 2201 Περὶ
805 2165 887 2192 δέτοί

946 2165 1042 2199 seruit,
1066 2169 1095 2193 et
1119 2170 1249 2199 tanquam
1277 2172 1309 2191 ex
1325 2163 1451 2199 paradiso
1479 2162 1651 2190 ccenobiticaa
1677 2161 1740 2189 vita

95 2210 363 2246 λειποτακτήσαντος
374 2210 490 2246 ἀδελφοῦ
501 2211 590 2246 ἡμῶν,
605 2211 653 2238 καὶ
661 2211 699 2243 ὡς
711 2212 745 2238 ἐκ
764 2211 895 2246 παραδεί-

99 2265 151 2282 σου
163 2256 215 2291 τῆς
231 2256 409 2293 κοινοϐιακῆς
420 2257 493 2292 ζωῆς
503 2257 770 2292 ἐξοστρακισθέντος,
784 2257 835 2284 οὐκ
846 2255 896 2284 οἷδ’

98 2302 114 2329 ὅ
137 2311 165 2328 τι
190 2301 325 2337 εἴπωμεν.
346 2303 402 2329 Καὶ
421 2304 502 2338 ἡμεῖς
526 2303 680 2338 ἑωρακότες
694 2302 739 2329 τὸν
762 2303 847 2338 ἀνδρα
867 2302 897 2329 τὸ

100 2348 238 2384 πρότερον
266 2349 304 2381 ὡς
325 2349 436 2384 ἀληθῶς
459 2349 584 2385 ἄμπελον
599 2349 793 2383 θεοφύτευτον,
807 2349 898 2375 πᾶσαν

99 2394 244 2430 ἀληθινὴν,
257 2396 348 2422 πᾶσαν
360 2395 548 2431 καρποφόρον.
562 2395 618 2422 Καὶ
627 2395 685 2427 πῶς
699 2395 740 2421 ὃτι
753 2394 815 2430 ἄρτι
825 2395 897 2421 ἐλυ-

98 2440 321 2476 μήνατοαὺτὴν
327 2438 364 2474 ὗς
370 2441 404 2468 ἐκ
412 2441 537 2476 δρυμοῦ,
551 2441 599 2468 καὶ
608 2441 714 2476 μονιὸς
722 2440 822 2475 ἄγριος
831 2448 900 2467 κατ-

101 2486 272 2520 ενεμήσατο
284 2486 381 2520 αὐτὴν
391 2496 398 2502 ·
417 2487 585 2522 στραφείσης
593 2486 734 2522 αὑτῆς,ὡς
747 2486 844 2516 εἰπεῖν,
860 2486 900 2517 είς

945 2211 1053 2246 eiectus
1070 2216 1124 2244 est,
1138 2210 1203 2246 quid
1227 2209 1315 2237 dicam
1330 2209 1433 2237 nescio.
1449 2207 1574 2236 Vidimus
1593 2212 1622 2235 et
1636 2214 1686 2234 nos
1702 2207 1741 2234 vi-

947 2265 1008 2284 rum
1029 2262 1121 2290 antea,
1141 2265 1236 2285 revera
1259 2257 1437 2292 plantatama
1462 2255 1520 2282 Deo
1544 2255 1638 2286 vitem,
1655 2258 1740 2280 totum

947 2311 1051 2337 veram,
1067 2307 1151 2330 totam
1163 2302 1335 2339 frugiferam.
1346 2300 1489 2334 Quomodo
1513 2307 1587 2327 nunc
1606 2299 1741 2326 Extermi-

948 2350 1019 2376 navit
1034 2358 1093 2377 eam
1111 2358 1177 2384 aper
1194 2350 1225 2376 de
1239 2349 1317 2381 silva,
1335 2353 1359 2375 el
1372 2347 1516 2383 singularis
1532 2347 1602 2381 ferus
1615 2347 1741 2380 depastus

952 2400 990 2422 est
1005 2403 1063 2422 eam
1075 2395 1098 2411 ’ν
1112 2404 1119 2422 :
1135 2402 1268 2422 conversa
1284 2394 1353 2429 ipsa,
1367 2397 1397 2420 ut
1412 2393 1448 2420 ita
1457 2393 1557 2424 dicam,
1572 2392 1600 2418 in
1615 2390 1742 2418 amaritu-

953 2441 1044 2468 dinem
1058 2439 1250 2467 mortiferam?
1262 2440 1361 2467 Annon
1377 2439 1460 2471 enim,
1476 2438 1539 2473 quia
1562 2437 1679 2465 traditus
1700 2439 1743 2463 est

953 2485 1120 2513 immanibus
1140 2485 1206 2513 feris
1233 2485 1400 2521 passionum,
1421 2492 1542 2512 amorem
1563 2482 1654 2511 carnis
1670 2482 1741 2514 dico,

141 2542 166 2559 ’⁷
185 2541 298 2578 Gregor.
326 2541 457 2569 Nazianz.
485 2546 555 2569 orat.
576 2541 621 2575 22,
634 2542 685 2570 sub
700 2541 748 2568 ﬁn.
786 2540 809 2557 ’⁸
821 2540 887 2569 Jere:

944 2549 990 2575 xv,
1022 2542 1068 2570 16.
1103 2543 1126 2559 ³⁸
1142 2542 1214 2570 Psal.
1230 2549 1320 2575 Lulx,
1337 2540 1380 2568 M.

866 2599 982 2630 ΝΟΤκΕ.

142 2647 201 2682 (15)
217 2646 314 2682 Τσήτα
327 2646 436 2682 πάντα.
449 2645 832 2682 Theophanesfadiannum/t,
845 2644 909 2682 ire-'

106 2679 157 2710 nes
171 2679 295 2717 secundo
311 2690 319 2709 :
341 2681 387 2716 Τῷ
403 2681 431 2717 ξε
446 2679 563 2717 Μαρτίῳ
579 2681 644 2717 μηνὶ
662 2681 714 2715 τῆς
729 2680 751 2707 θ’
768 2679 902 2717 ἰνδικτιῷ-

109 2726 166 2755 νος,
185 2716 290 2755 Εἰρήνη
338 2714 455 2755 εὐσεϐὴς
469 2714 632 2755 Βυζαντίοις
650 2714 716 2755 τοῦς
740 2714 905 2755 πολιτικοὺς

111 2750 262 2787 ἐχαρίσατο
277 2750 389 2787 φόρους,
409 2751 458 2778 κα)⁵
475 2752 525 2787 τῆς
546 2750 658 2777 Ἀϐύδου
676 2750 723 2787 καὶ
745 2750 792 2787 τοῦ
811 2750 900 2787 ΔἹεροῦ

110 2785 148 2814 τά
161 2785 298 2822 λεγόμενα
307 2785 449 2822 γκομέρκια
460 2785 605 2820 ἐκούφισεν
615 2793 622 2800 ·
637 2786 762 2822 μεγάλως
773 2785 823 2822 ἐπὶ
836 2785 901 2822 τού-

110 2829 169 2853 τοις
197 2818 245 2849 οὗν
271 2818 362 2854 ἄλλοις
379 2818 485 2854 πολλοῖς
509 2818 737 2857 εὐχαριστηθείσα
752 2820 901 2856 εὐεργετή-

978 2653 1036 2672 ασι.
1054 2644 1144 2672 Mense
1158 2651 1238 2679 parra
1247 2642 1346 2670 Martio
1357 2642 1509 2679 indit-tionis
1521 2649 1609 2679 unum,
1621 2641 1743 2676 ρίἱςιὶηυι

974 2688 1033 2708 rene
1045 2677 1186 2714 Byzantiis
1198 2679 1289 2714 ciuilia
1304 2678 1405 2714 remisit
1424 2677 1573 2713 vectigalia,
1590 2682 1614 2703 et
1631 2685 1672 2714 eaA
1683 2684 1742 2711 quia

955 2715 1027 2751 apud
1051 2712 1172 2751 Abydum
1197 2718 1223 2741 et
1248 2713 1358 2751 Hier-um
1377 2712 1690 2751 dieunmrjonintercia
1711 2718 1743 2737 ιτα

955 2747 1033 2784 ρανιτε
1049 2747 1181 2777 relaxavit
1192 2758 1200 2776 :
1212 2757 1260 2783 pro
1278 2749 1371 2784 quibus
1386 2749 1499 2783 aliisque
1511 2747 1643 2781 beneﬁciis
1661 2753 1744 2782 popu-

955 2783 997 2814 lus
1009 2785 1141 2813 maximas
1154 2785 1177 2813 ei
1193 2790 1281 2820 grates
1294 2783 1393 2811 retulit.
