1924 3077
193 140 247 172 935

792 139 822 168 S.
835 137 1032 168 THEODORI
1053 135 1231 168 STUDlTIE

1776 123 1827 157 936

194 194 409 230 dominandique
419 194 570 228 libidinem,
581 193 673 222 videre
685 198 727 221 est
739 193 814 221 illum
825 202 898 221 nunc
911 201 987 220 men-

1055 192 1154 228 τικρίαν
1164 188 1333 224 θανατικήν;
1347 187 1393 222 Μὴ
1415 185 1469 221 γὰρ
1487 184 1528 230 ὅτι
1543 182 1574 208 οὺ
1596 180 1762 230 παραδοθεὶς
1772 182 1828 230 τοῖς

194 243 230 270 tis
251 241 484 276 contemplatione
502 241 535 268 ab
554 241 606 268 illis
627 241 781 276 depastum,
809 245 837 267 et
856 245 984 274 tanquam

194 289 304 316 leonum
319 295 367 316 ore
377 287 557 315 dilaniatum?
568 287 663 314 Parem
682 287 766 319 enim,
783 290 813 313 ut
827 286 886 320 ipse
903 286 984 318 nosti,

195 342 228 362 ac
242 335 315 362 illius
337 334 383 369 qui
399 333 554 361 inconsulto
570 333 685 360 discedit
698 341 713 359 a
730 335 818 367 patre,
839 332 874 358 ab
898 338 986 366 eoque

195 379 371 411 discinditur,
389 379 448 413 ejus
473 378 579 412 lapsum
595 385 656 405 esse
674 381 769 405 censet
785 377 895 404 divinus
915 376 988 403 Basi-

197 425 259 457 lius,
270 425 316 460 qui
327 429 448 452 sanctam
459 424 653 458 professionem
662 423 765 458 abiicit.
780 423 842 450 Ideo
853 427 880 449 et
892 422 987 449 eadem

197 469 492 497 excummunicationis
519 469 739 503 reliquarumque
758 476 899 503 pumarum
924 476 988 495 sen-

198 516 282 543 tentia
294 516 457 550 plectuntur.
477 514 529 542 Sed
545 515 590 542 hic
607 515 716 549 quidem
731 523 781 541 nos
793 519 822 541 ut
832 518 989 549 peccatores

197 570 355 596 precamur,
369 567 398 588 nt
414 561 558 596 pristinam
584 561 674 588 lucem
697 560 795 588 iterum
816 568 849 588 ex
869 561 920 587 hoc
940 567 990 587 suo

198 608 273 634 vitiis
296 608 424 634 hebetato
448 611 475 634 et
500 606 647 633 obscurato
674 606 813 633 intellectu
834 605 962 640 respiciat
981 613 988 638 ;

199 653 364 687 domumque
376 653 466 680 denuo
484 652 516 679 ad
528 652 634 680 dulcem
648 651 753 679 Patrem
763 656 790 678 et
802 651 991 678 charissimam

199 699 439 734 congregationem
467 703 631 725 revertatur.
660 697 771 724 Fratres
796 703 887 724 autem
917 697 992 732 ipsos

201 745 353 776 hortamur,
363 743 564 771 utcmnobitico
576 743 718 770 certamini
731 742 839 769 fortiter
853 741 991 774 insistant,

202 798 255 817 nec
270 794 381 825 propter
395 789 471 822 impii
487 789 592 823 lapsum
607 788 796 815 convellantur
809 795 816 814 :
834 788 880 814 sed
900 787 992 822 potius

202 835 360 863 sincerioris
374 834 448 865 fidei,
470 834 719 868 indissolubilisque
734 833 913 860 connexiouis
930 833 993 860 inde

202 886 297 905 ansam
322 878 454 912 arripiant
471 886 478 911 ;
498 877 578 912 idque
591 878 625 904 ad
643 878 782 912 sanguinis
793 885 880 912 usque
898 877 994 912 profu-
1011 873 1030 900 Β

203 926 319 957 sionem,
331 924 558 959 quemadmodum
578 922 633 950 Deo
643 922 715 957 pleni
729 922 820 949 Patres
836 922 993 957 pratdicaut,

204 977 235 1000 ut
260 980 310 1007 per
325 971 476 999 absolutam
491 971 622 1006 religiosae
635 971 696 997 vitae
714 969 911 1005 perfectionem
923 978 996 996 mar-

205 1018 264 1053 tyrii
283 1025 411 1045 coronam
432 1017 459 1044 in
483 1016 528 1043 die
551 1016 645 1051 judicii
659 1015 802 1050 recipiant,
819 1015 934 1042 chorum
955 1015 996 1042 in-

204 1069 303 1091 euntes
317 1072 379 1091 cum
396 1063 537 1093 Dositheo.
549 1066 576 1089 et
588 1061 697 1094 Acacio,
713 1066 740 1089 et
753 1061 915 1093 Domitiano,
932 1061 997 1088 viris

204 1110 284 1144 plane
300 1107 490 1140 sanctissimis,
505 1108 551 1142 qui
561 1115 667 1134 summa
679 1115 740 1134 cum
750 1107 905 1134 obedientia
915 1107 997 1134 vitam

205 1159 363 1190 exegerunt.
388 1153 473 1181 Hodie
491 1161 619 1188 namque,
636 1153 708 1180 sicut
737 1151 867 1179 sanctitas
900 1157 945 1179 tua
970 1152 998 1179 in

203 1201 311 1234 reliquo
329 1199 450 1234 epistolae
467 1204 542 1226 textu
559 1200 607 1231 ait,
621 1206 697 1225 mera
712 1198 813 1232 ubique
834 1197 959 1225 confusio
972 1201 999 1224 et

205 1245 394 1273 inobcdieutia
412 1254 419 1272 :
438 1246 502 1272 dum
525 1244 626 1280 singuli
646 1244 703 1271 fere
725 1244 854 1271 humanis
885 1252 1001 1271 consue-

208 1292 348 1319 tudinibus
367 1291 502 1322 nituntur,
527 1291 736 1325 vicinorumque
761 1290 907 1322 institutis,
938 1298 1000 1325 quae

209 1337 255 1363 Dei
268 1337 373 1371 legibus
385 1335 464 1370 plane
477 1335 657 1362 adversantur
681 1344 688 1362 :
712 1334 871 1369 maluntque
882 1334 965 1370 hujus
975 1340 1002 1362 et

209 1383 281 1410 illius
293 1382 442 1417 praepositi,
456 1389 536 1416 quam
552 1381 705 1409 divinorum
722 1380 832 1407 Patrum
847 1385 1001 1408 nostrorum

209 1430 293 1456 vitam
310 1428 467 1456 observare.
483 1427 543 1460 Quo
559 1427 599 1459 lit,
617 1431 792 1462 utpastores,
808 1431 836 1454 et
852 1427 879 1453 in
893 1427 936 1453 his
953 1434 1003 1461 ego

209 1476 325 1511 primus,
350 1474 529 1510 desipiamus,
549 1479 577 1501 et
592 1473 746 1501 Dominum
766 1481 822 1500 non
836 1480 1002 1512 quaeramus.

209 1529 262 1549 nec
277 1520 546 1556 irrepreheusibilem
561 1523 589 1547 et
598 1523 771 1547 constantem
788 1518 850 1546 vita!
867 1518 1003 1545 rationem

211 1567 407 1601 investigemus
418 1574 426 1597 ;
436 1566 484 1593 sed
493 1565 570 1600 quasi
585 1565 724 1599 antiquata
736 1564 795 1599 lege
807 1563 866 1596 Dei,
882 1567 910 1590 et
921 1562 1003 1589 aholi—
1017 1574 1038 1602 ο

213 1617 242 1640 to
250 1612 403 1648 Evangelio,
414 1611 679 1646 hebesceutibusque
687 1610 876 1645 spiritualibus
884 1608 1002 1636 sanctio-

211 1659 304 1690 nibus,
324 1662 416 1693 atque,
435 1662 466 1685 ut
492 1657 577 1693 magis
590 1656 703 1692 impium
722 1655 787 1690 quid
803 1655 904 1688 dicam,
925 1654 1002 1689 quasi

211 1709 317 1732 mutato
342 1703 504 1731 immutabili
520 1703 585 1730 Deo.
600 1701 667 1730 Nam
681 1705 709 1729 et
732 1701 784 1728 hoc
801 1701 863 1728 illos
886 1704 1002 1735 spectat,

212 1751 257 1785 qui
268 1758 376 1785 semper
390 1750 517 1776 incusant
533 1753 560 1776 et
573 1748 642 1781 dies,
658 1752 687 1776 et
709 1752 814 1780 anates,
836 1747 908 1782 quod
923 1747 1004 1774 aliter

214 1796 267 1829 hae,
286 1796 364 1823 aliter
381 1795 434 1822 illae
449 1802 478 1822 se
493 1795 623 1821 habeant.

1035 226 1192 267 ὰτιθγάσσοις
1201 235 1283 270 θηρσὶ
1296 233 1354 260 τῶν
1371 231 1478 262 παθῶν,
1489 227 1668 264 φιλοσαρκῑας
1682 234 1726 258 τε,
1743 226 1826 261 φημὶ,

1037 283 1083 310 καὶ
1099 281 1256 317 φιλαρχίας,
1267 279 1344 306 ἐστιν
1355 278 1418 304 ίδεῖν
1431 275 1512 303 αὐτὸν
1527 274 1590 310 ἄρτι
1598 274 1631 309 τῇ
1644 272 1691 299 τοῦ
1703 271 1751 298 νοῦ
1759 271 1828 298 θεον

1039 331 1085 368 ρία
1101 329 1319 365 βιβρωσκόμενον
1333 326 1378 353 ὑπ’
1394 323 1495 355 αὐτῶν,
1506 323 1554 350 καὶ
1563 319 1830 368 κατασπαραττὸμε-

1038 364 1083 404 νον
1099 364 1151 403 ὸῑᾴ
1164 375 1219 402 ἀπὸ
1241 377 1376 409 στόματος
1392 371 1527 402 λεόντων;
1545 367 1601 403 Τὴν
1625 367 1687 402 ἴσην
1713 366 1779 400 γὰρ,
1793 364 1831 395 ὡς

1038 421 1127 454 οἶσθα,
1141 421 1230 457 κρίνει
1246 419 1407 446 ἀπόπτωσιν
1421 417 1436 442 6
1457 416 1530 446 θεῖος
1547 413 1699 442 Βασίλειος.
1715 411 1756 446 τῷ
1768 410 1831 436 ἀλό-

1039 477 1095 504 γως
1117 455 1303 502 ἀναχωροῦντι
1330 463 1377 491 καὶ
1412 459 1623 496 ἀποσχιζομένῳ
1644 457 1769 493 πατρὸς,
1783 455 1830 482 τοῦ

1042 502 1090 542 καὶ
1113 513 1180 541 αὐτὸ
1200 512 1230 539 τὸ
1245 512 1317 538 θεῖον
1334 509 1497 544 ἐπάγγελμα
1516 503 1768 541 ἁπορῤιπτομένου.
1783 502 1833 528 Διὰ

1040 558 1120 591 τοῦτο
1132 558 1179 585 καὶ
1191 557 1239 592 τῆς
1254 556 1338 590 αὐτῆς
1354 556 1409 582 εισι
1424 553 1579 587 καταδίκης
1593 551 1642 577 ἐπὶ
1655 551 1705 585 τῆς
1718 550 1834 575 ἀκοινωσ

1041 604 1149 639 νησίας.
1169 603 1216 630 καὶ
1231 602 1285 629 τῶν
1299 601 1388 628 ἄλλων
1403 598 1562 634 ἐπιτιμίων.
1580 595 1663 624 Ἀλλὰ
1677 595 1774 639 τοῦτον
1784 594 1834 639 μὲν

1042 637 1179 685 εῦχόμεθσ.
1196 648 1234 680 ὼς
1263 645 1422 682 ἁμαρτωλοὶ
1438 642 1600 678 άντωπῆσαι
1621 640 1704 667 πάλιν
1716 638 1785 674 πρὸς
1805 637 1836 685 τὸ

1043 683 1177 730 πρότερον
1188 693 1257 728 φῶς,
1275 693 1308 718 ὲκ
1323 691 1375 726 τῆς
1399 686 1620 725 ἀμϐλυωπαθοῦς
1635 683 1836 730 καὶγὲζοερωμε-

1043 728 1091 775 νης
1102 728 1184 766 αῦτοῦ
1200 737 1306 769 ἐννοίας
1316 745 1323 752 ·
1339 736 1387 763 καὶ
1403 733 1495 761 οἴκαδε
1515 732 1594 763 αὖθις
1608 730 1751 758 ἐπανιέναι
1767 728 1836 763 πρὸς

1044 774 1090 813 τον
1108 785 1214 820 γλυκὺν
1231 783 1353 818 Πατέρα,
1380 781 1427 808 καὶ
1457 779 1507 814 τὴν
1533 777 1670 812 φιλτάτην
1698 774 1835 801 συνοδίαν.

1047 833 1148 863 Αὐτοὺς
1162 831 1190 858 δὲ
1205 831 1267 862 τοὺς
1279 828 1412 863 ἀδελφοὺς
1427 823 1642 861 παρακαλοῦμεν
1659 823 1758 857 στῆναι
1773 829 1837 855 γεν-

1045 878 1128 909 ναίως
1148 877 1217 912 πρὸς
1233 876 1283 910 τὴν
1295 872 1469 907 κοινοὸιακὴν
1482 871 1594 905 ἄθλησιν
1605 877 1613 885 ο
1629 867 1679 906 καὶἶ
1687 867 1725 902 μὴ
1743 866 1839 912 adeo:
1866 903 1869 904 ν

1047 923 1128 957 θῆναι
1144 911 1176 948 ὲκ
1187 921 1238 956 τῆς
1256 920 1304 947 τοῦ
1320 917 1436 949 ἀσεϐοῦς
1451 914 1657 945 καταπτὼσεως
1668 920 1676 928 ·
1696 911 1838 947 μᾶλλονδὲ

1047 970 1094 996 καὶ
1108 967 1209 1003 μᾶλλον
1228 965 1354 993 ἐντεῦθεν
1369 961 1570 999 ἐπιδράξασθαι
1582 959 1775 995 γνησιωτέρας
1791 957 1838 984 πί-

1048 1023 1134 1046 στεως
1149 1014 1197 1040 καὶ
1210 1011 1398 1039 ἀδιασπάστου
1411 1007 1590 1040 συντεύξεως,
1601 1004 1730 1032 τοσοῦτον
1743 1003 1840 1039 μέχρις

1047 1061 1174 1095 αἳματος,
1191 1057 1281 1089 καθὼς
1294 1058 1317 1083 οἱ
1334 1055 1460 1091 θεοφόροι
1482 1053 1605 1087 Πατέρες
1622 1048 1839 1095 διαγορεὺουσινΣ

1049 1107 1093 1133 ἵνα
1109 1105 1258 1139 τελειότητι
1273 1102 1321 1129 τοῦ
1348 1098 1534 1128 ὑποτακτικοῦ
1547 1096 1637 1124 αὐτῶν
1655 1095 1724 1131 βίου,
1737 1094 1785 1120 τὸν
1795 1092 1842 1119 τοῦ

1052 1150 1205 1188 μαρτυρίου
1224 1149 1357 1183 στέφανον
1374 1146 1562 1181 ἀναδὴσωνται
1583 1144 1612 1182 ὲν
1632 1144 1664 1178 τῇ
1684 1141 1779 1188 ἡμέρα
1794 1139 1843 1174 τῆς

1050 1186 1236 1232 διαγνώσεως,
1258 1194 1417 1231 χορεύοντες
1446 1191 1514 1227 μετὰ
1537 1188 1678 1221 Δοσιθέου,
1691 1187 1739 1213 καὶ
1761 1186 1844 1212 Ἀκα-

1051 1243 1124 1276 κίου,
1142 1243 1188 1269 καὶ
1200 1239 1377 1277 Δομετιανοῦ,
1390 1238 1444 1265 τῶν
1456 1237 1526 1263 πάνυ
1540 1234 1694 1269 παναγίων,
1708 1232 1763 1259 τῶν
1775 1241 1843 1259 παν-

1053 1290 1184 1325 υπηκόως
1193 1288 1242 1323 τὴν
1253 1285 1392 1313 πολιτείαν
1403 1281 1632 1310 τετελειωκότων,
1642 1280 1766 1315 Σήμερον
1780 1277 1845 1312 γὰρ,

1053 1323 1144 1367 καθὼς
1161 1335 1190 1361 αἱ
1215 1332 1310 1360 λοιπαὶ
1336 1330 1425 1367 φωναὶ
1441 1329 1489 1364 τῆς
1505 1326 1644 1362 ὀσιότητός
1658 1334 1719 1357 σου,
1733 1323 1847 1359 ἀκρισία

1054 1383 1130 1409 πᾶσα
1149 1381 1196 1408 καὶ
1217 1378 1404 1411 ἀνυποταξία·
1424 1374 1642 1411 ἐπερειδομένων
1661 1372 1717 1399 τῶν
1736 1371 1847 1397 πάντων

1056 1427 1151 1463 σχεδὸν
1167 1427 1253 1452 εἰπεῖν
1268 1425 1331 1456 ταῖς
1342 1421 1530 1458 ἀνθρωπίναις
1544 1417 1713 1454 συνηθείαις,
1732 1416 1782 1442 καὶ
1790 1417 1847 1445 ταῖς

1055 1474 1113 1502 τῶν
1151 1471 1378 1508 προτεχεστέρων
1412 1467 1635 1504 διακρατήσεσιν,
1667 1464 1697 1496 ἐξ
1724 1462 1848 1492 ἐναντίας

1057 1520 1184 1556 ἐχούσαις
1200 1518 1253 1545 τῶν
1267 1516 1385 1544 ἐντολῶν
1397 1514 1444 1542 τοῦ
1459 1513 1527 1541 Θεοῦ
1540 1520 1549 1528 ’
1564 1512 1612 1539 καὶ
1635 1510 1738 1546 μᾶλλον
1754 1510 1849 1544 αἱρου-

1057 1567 1146 1602 μένων
1161 1565 1209 1592 τοῦ
1233 1564 1320 1595 δεῖνος
1342 1562 1391 1589 καὶ
1409 1560 1457 1588 τοῦ
1480 1559 1568 1591 δεῖνος
1591 1557 1744 1593 ἡγουμένου
1766 1564 1852 1602 παρ’-ι.

1055 1600 1150 1645 τηρεῖν
1174 1609 1220 1635 τὸν
1244 1608 1312 1643 βίον,
1331 1607 1348 1642 ἦ
1361 1606 1416 1633 τῶν
1435 1604 1589 1632 θεσπεσίων
1612 1602 1743 1637 Πατέρων
1762 1600 1850 1635 ἡμῶν.

1058 1655 1153 1682 Ἔνθεν
1168 1655 1193 1681 οἱ
1211 1653 1350 1688 ποιμένες,
1364 1651 1395 1684 ἐξ
1408 1647 1445 1677 ὧν
1463 1649 1519 1684 ἐγὼ
1533 1648 1654 1683 πρῶτος.
1679 1646 1852 1682 ὴφρονεύσα-

1058 1709 1117 1735 μεν,
1133 1700 1182 1726 καὶ
1197 1699 1244 1726 τὸν
1257 1698 1361 1733 Κύριον
1381 1697 1432 1723 οὐκ
1450 1694 1633 1730 ἑκζητοῦμεν,
1648 1692 1709 1719 οὐδὲ
1725 1691 1755 1718 τὸ
1776 1691 1852 1726 ἀμώ-

1059 1755 1144 1782 μητον
1159 1745 1249 1772 καὶτὸ
1261 1743 1432 1780 ἀκράδαντον
1452 1742 1501 1776 τῆς
1522 1740 1666 1771 πολιτείας
1691 1735 1856 1773 ίχνηλατοῦ-

1059 1801 1109 1827 μεν
1123 1800 1130 1808 ’
1145 1791 1205 1818 ἀλλ’
1220 1792 1258 1822 ὡς
1279 1789 1483 1820 παλαιωθέντος
1509 1786 1557 1814 τοῦ
1589 1786 1665 1813 θείου
1694 1785 1791 1819 νόμον,
1808 1783 1858 1809 καὶ

214 1841 387 1878 ἀργήσαντας
410 1840 459 1867 τοῦ
484 1839 667 1874 Εὐαγγελίου,
685 1837 733 1865 καὶ
756 1838 947 1874 ἀτονησάντων
975 1838 1029 1866 τῶν
1049 1837 1245 1873 πνευματικῶν
1256 1836 1378 1872 θεσμῶν,
1391 1835 1450 1867 καὶ,
1466 1833 1511 1860 ἵνα
1524 1841 1552 1860 τι
1582 1832 1653 1859 εῐπω
1666 1830 1716 1858 καὶ
1732 1829 1857 1865 βλασφη-

216 1873 341 1924 μδτεηρον,
365 1887 403 1918 ὡς
429 1873 621 1917 ἀλλοιωθέντος
650 1885 700 1912 τοῦ
726 1873 909 1912 ἀναλλοιώτου
937 1884 1017 1912 Θεοῦ.
1039 1885 1126 1912 Τοῦτο
1153 1885 1207 1921 γάρ
1237 1885 1296 1911 ἔστι
1323 1883 1391 1918 πρὸς
1422 1882 1453 1908 τὸ
1483 1881 1573 1914 λέγειν
1593 1878 1641 1905 καὶ
1662 1873 1858 1904 καταιτιᾶσθαι

214 1934 279 1966 τοὺς
303 1933 417 1969 χρόνους
441 1933 488 1959 καὶ
512 1932 561 1963 τὰς
573 1931 680 1967 ἡμέρας
693 1930 742 1957 καὶ
756 1931 807 1962 τὰς
820 1930 928 1964 γενεὰς.
943 1930 1062 1962 ἀλλοίως
1092 1930 1141 1965 μὲν
1159 1929 1285 1962 ὲκείνας,
1301 1929 1351 1955 καὶ
1367 1927 1481 1958 ἀλλοίως
1494 1924 1608 1955 ταύτας.

253 1980 310 2015 Ego
326 1987 390 2006 vero
404 1986 459 2006 non
476 1986 491 2005 a
503 1982 627 2013 tempore
643 1977 781 2004 invectum
800 1976 852 2003 hoc
865 1975 1013 2003 discrimen

217 2026 365 2054 contendo.
389 2024 445 2051 Nec
464 2023 536 2051 enim
560 2023 640 2050 aliam
660 2022 774 2050 formam
796 2021 884 2048 induit
904 2021 1015 2053 coelum,

1107 1974 1178 2008 Ἐγὼ
1190 1974 1218 2000 δὲ
1232 1972 1468 2008 ἁνταποκρίνομαι
1480 1970 1518 2001 ὼς
1532 1968 1563 1995 οὺ
1575 1966 1651 2002 παρὰ
1661 1965 1692 1992 τὺ
1702 1963 1750 1991 τοῦ
1762 1964 1859 1999 χρόνου

1066 2020 1196 2056 διάφορον
1223 2019 1302 2046 τοῦτο
1331 2017 1454 2052 ὑπήχθη.
1489 2014 1557 2041 Οὐδὲ
1587 2012 1642 2048 γὰρ
1673 2009 1861 2056 ἑτερόμορφῡς

219 2081 270 2100 nec
295 2076 398 2099 motum
423 2070 524 2102 alium,
547 2077 600 2097 nec
623 2069 703 2097 aliam
729 2069 818 2096 lucem
845 2068 897 2095 diei
922 2067 997 2102 opife

1067 2055 1178 2101 γέγονεν
1194 2067 1208 2092 ὁ
1223 2064 1348 2101 οὐρανδς,
1371 2062 1431 2089 οὐδὲ
1454 2060 1662 2096 ἐτεροκίνητος,
1683 2055 1861 2102 οὐδε-’ἔτερος

219 2119 332 2154 lampas,
355 2125 407 2145 nec
426 2121 524 2152 praeter
535 2117 644 2144 solitum
659 2115 782 2143 ordinem
803 2115 889 2142 fertur
907 2119 935 2141 ct
961 2113 1000 2140 cir

1067 2099 1180 2146 λαμπὴς
1192 2111 1206 2137 ὁ
1215 2099 1382 2145 δημιουργὸς
1396 2108 1445 2143 τῆς
1456 2106 1561 2141 ἡμέρας
1573 2103 1698 2154 ιρωστὴρ,
1708 2100 1773 2154 οὐδε
1784 2099 1861 2152 παρὰ

219 2165 373 2200 cumagitur
386 2163 553 2190 universum.
567 2161 668 2189 Statuit
683 2161 755 2188 enim
772 2160 830 2192 illa,
843 2164 872 2187 ut
884 2160 1001 2194 scriptun

1068 2145 1118 2191 τὴν
1142 2145 1206 2191 πρὶν
1230 2154 1307 2186 τάξιν
1324 2151 1436 2188 φέρεταί
1453 2160 1483 2177 τε
1508 2150 1555 2176 καὶ
1578 2147 1732 2181 διεξάγεται
1747 2145 1780 2171 τὸ
1795 2145 1859 2170 πᾶν.

221 2188 368 2200 ν“““””υ“’“””
388 2188 552 2190 """"’"'"'
575 2188 581 2189 ί
824 2188 830 2192 ι
941 2188 946 2194 -

219 2216 271 2244 est,
287 2211 315 2237 in
334 2214 461 2236 wternum
484 2213 508 2236 et
529 2209 557 2234 in
576 2207 703 2234 sa'culum
723 2206 831 2238 swculi;
855 2210 1001 2241 prwteptuii

1071 2188 1205 2234 ’ἐστη-σε
1222 2199 1275 2235 γὰρ
1288 2198 1374 2230 αὐτὰ,
1391 2197 1461 2224 κατὰ
1475 2195 1510 2222 τὰ
1523 2194 1610 2228 Λόγια
1620 2213 1628 2226 ,
1644 2192 1688 2224 εις
1704 2190 1759 2217 τὸν
1770 2188 1863 2244 ιοἰῶν-ιι

220 2257 319 2291 posuit,
346 2261 370 2283 et
395 2263 446 2282 non
462 2253 649 2289 prwteribt‘t".
671 2253 725 2280 Sed
740 2256 829 2279 ortum
845 2235 870 2278 id
887 2235 1001 2283 est,'sau

1069 2246 1118 2273 καὶ
1133 2247 1177 2278 εἰς
1191 2245 1245 2272 τὸν
1255 2243 1348 2272 αἰῶνα
1363 2242 1416 2269 τοῦ
1426 2240 1535 2273 αίῶνος
1545 2248 1553 2255 ’
1566 2239 1746 2291 πρόσταζμα
1765 2235 1862 2286 Easter

221 2303 355 2334 ctissime,
372 2309 405 2329 ex
422 2300 573 2328 mutatione
592 2299 686 2326 libera:
706 2298 854 2325 voluntatis
870 2297 905 2324 ab
925 2305 1018 2324 amore

222 2349 317 2376 divino
332 2348 481 2379 destitutae,
497 2346 681 2380 all'ectumque
694 2352 774 2371 suum
788 2343 821 2370 ad
835 2344 936 2370 caduca
950 2342 1019 2370 deﬁ-

223 2395 323 2430 gentis,
338 2393 454 2429 gloriosa
469 2392 593 2427 exempla
617 2390 693 2426 sequi
719 2389 906 2420 detrectantis,
931 2396 1020 2423 neque

223 2441 398 2476 archetypam
421 2439 512 2474 potius
537 2437 710 2473 patriamque
733 2435 852 2463 divinam
876 2435 1020 2470 imaginem

223 2486 387 2521 exprimere,
404 2492 486 2520 quam
504 2483 641 2511 deformes
664 2486 691 2509 et
705 2481 808 2509 alienas
823 2488 855 2508 ac
880 2479 1020 2515 prodigio-

224 2539 279 2559 sas.
303 2530 487 2564 Quamobrem
508 2528 592 2556 animi
612 2527 755 2555 simulacra
771 2526 903 2562 gerimus,
923 2527 1021 2560 partim

225 2577 335 2612 quidem
347 2577 473 2604 humanae
483 2573 694 2609 natumaliquid
706 2573 844 2605 habentia,
855 2572 956 2607 partim
975 2578 1023 2598 ca-

227 2623 382 2658 nis,partim
393 2621 511 2657 Ieopardi
520 2619 746 2655 fortassc,partim
755 2618 846 2654 piscis,
857 2622 903 2644 aut
912 2617 1024 2644 alterius

230 2670 336 2705 rcptilis
347 2668 501 2704 cuiuspiam
512 2676 520 2694 :
530 2667 676 2695 sanctitate
693 2670 741 2692 tua
753 2663 900 2699 auagogice
909 2663 967 2690 haec
976 2662 1019 2689 in-

230 2716 380 2752 telligente.
399 2715 452 2749 Qui
460 2722 527 2750 ergo
539 2713 601 2742 talia
608 2711 861 2747 deceptiell'utiunt,
870 2713 918 2736 aut
929 2708 1020 2735 Evan-

230 2762 300 2798 gelia
314 2761 402 2797 palam
416 2766 444 2788 et
458 2760 528 2788 nuda
545 2759 635 2787 fronte
650 2756 830 2793 perfringam,
846 2758 874 2782 et
892 2753 1019 2789 martyria

269 2859 293 2876 “
306 2858 377 2886 Psal.
396 2866 509 2891 CXLVIII,
526 2857 552 2885 6.

1071 2291 1120 2318 καί
1135 2292 1171 2318 οὐ
1186 2290 1417 2324 παρελεύσεται.
1436 2285 1520 2313 Ἀλλὰ
1539 2284 1619 2311 τοῦτο
1638 2281 1826 2317 συμϐέϐηκεν,
1842 2275 1864 2305 ὦ

1072 2338 1219 2371 ἁγιώτατε,
1246 2335 1317 2362 κατὰ
1339 2334 1370 2360 τδ
1391 2331 1591 2368 ὲνηλλαγμένον
1615 2328 1666 2363 τῆς
1688 2325 1864 2358 αὑτεξουσίου

1073 2383 1260 2418 προαιρέσεως
1275 2400 1282 2412 ,
1304 2378 1515 2414 ὸλιγωρησάσης
1534 2377 1565 2403 ἐκ
1581 2375 1629 2402 τοῦ
1656 2373 1730 2400 θείου
1745 2371 1865 2418 ἔρωτος,

1073 2417 1120 2457 καὶ
1134 2429 1198 2464 περὶ
1211 2429 1244 2455 τὰ
1257 2427 1381 2463 πρόσυλα
1395 2427 1444 2461 τὴν
1458 2424 1559 2459 ἑαυτῆς
1570 2422 1662 2457 ἔφεσιν
1673 2417 1865 2449 ὲκδεδωκυίας,

1075 2476 1122 2503 καὶ
1135 2476 1166 2502 οὺ
1183 2474 1324 2510 θελούσης,
1337 2473 1397 2500 οὐδὲ
1413 2470 1581 2507 αἱρουμένης
1597 2467 1653 2495 τῶν
1679 2465 1799 2493 εὐκλεῶν
1823 2465 1869 2496 ἒς-

1076 2521 1197 2557 άψασθαι
1216 2520 1460 2556 παραδειγμάτων,
1475 2517 1536 2544 οὐδὲ
1556 2513 1733 2550 μεταγράψαι
1746 2511 1803 2538 ἀπο
1817 2510 1868 2557 τῆς

1076 2556 1232 2604 ἀρχετύπου
1246 2566 1294 2593 καὶ
1309 2565 1425 2601 πατρίου
1443 2562 1578 2593 θεοειδοῦς
1592 2560 1706 2591 εἰκόνος,
1721 2559 1754 2585 ὲκ
1812 2556 1867 2582 τῶν

1075 2602 1243 2649 δυσμόρφων
1266 2611 1314 2638 καὶ
1339 2609 1492 2637 ἀλλοκότων
1515 2607 1564 2635 καὶ
1578 2602 1867 2649 τερατουργουμένων.

1076 2646 1220 2686 Διὰ-τοῦτο
1233 2656 1269 2683 τὰ
1281 2654 1386 2691 ψυχιιὰ
1399 2654 1548 2689 ἰνδάλματα
1565 2650 1745 2686 ἐπιφέρομεν,
1760 2647 1793 2674 τὸ
1821 2646 1870 2681 μέν

1073 2714 1100 2732 τι
1113 2703 1284 2740 ἀνθρωπείου
1299 2702 1381 2737 μέρος
1396 2700 1503 2736 ἔχοντα,
1521 2698 1552 2726 τὺ
1566 2698 1595 2725 δὲ
1610 2696 1701 2729 κυνὸς,
1719 2694 1750 2721 τδ
1766 2693 1796 2720 δὲ
1810 2693 1869 2719 λεο-

1077 2751 1179 2788 πάρδου
1197 2750 1288 2786 τυχὸν,
1301 2749 1333 2777 τὸ
1344 2749 1373 2776 δὲ
1388 2747 1489 2784 ίχθύος,
1506 2746 1605 2782 ﬂave;
1618 2744 1699 2773 ἄλλου
1714 2741 1770 2769 τῶν
1785 2740 1867 2776 ἑρπε-
