1924 3077
45 132 95 163 937

669 132 1023 167 EPISTOLARUMILIB.
1045 134 1068 164 Ῐ.

1634 132 1685 163 928

46 189 102 216 τῶν
111 195 121 205 ·
139 188 321 224 ἁναγωγικῶς
332 188 418 216 ταῦτα
431 189 464 216 λα
468 189 625 226 μὸανοὺσης
637 190 687 225 τῆς
699 190 837 225 ὁσιότητος

899 194 917 216 at
932 188 1144 223 iustiﬁcationes
1162 187 1280 220 Domini,
1299 192 1325 214 et
1343 187 1432 214 omnia
1451 195 1465 214 τι
1479 188 1580 216 sanctis
1596 192 1687 215 trans-

47 244 107 263 σου.
121 236 153 262 οι
168 236 203 262 τὰ
215 234 330 262 τοιαῦτα
345 235 492 270 τοιγαροῦν
509 236 541 262 ἐκ
556 235 726 270 φενακισμοῦ
743 235 840 271 βαττα-

48 281 183 319 ρίζοντες,
200 281 217 317 ἢ
235 279 397 317 ρηξάτωσαν
412 282 502 317 γυμνῇ
515 282 548 317 τῇ
563 282 669 317 κεφαλῇ
691 282 726 308 τὰ
749 281 840 315 Εὐαγ-

47 327 146 360 γέλια,
170 327 219 354 καὶ
239 327 274 354 τὰ
291 326 428 362 μαρτύρια
440 347 447 359 ,
478 327 525 354 καὶ
547 328 581 354 τὰ
602 327 776 363 δικαιώματα.
792 327 840 354 τοῦ

49 373 168 408 Κυρίου,
186 373 234 400 καὶ
248 373 340 399 πᾶσαν
356 372 447 400 δέλτον
469 373 696 408 ἁγιοπαράδοτον,
720 373 737 407 ἦ
763 373 842 400 τοῦτο

51 419 89 454 μὴ
105 418 247 450 ποιεῦντες
258 438 265 449 ,
279 418 310 445 τὸ
325 419 460 453 νηπιῶὂες
477 419 607 455 φρόνημα
627 420 676 446 καὶ
700 419 842 451 ἀλόγιστον

49 463 227 498 ἀποθέμενοι,
245 463 284 495 ὼς
297 463 382 495 ὅντως
396 464 434 495 εἰς
451 463 536 499 ἄνδρα
548 463 691 495 τελοῦντες
709 464 760 499 τῆς
783 465 843 499 ήλιο

50 510 113 540 χίας
123 509 171 536 τοῦ
184 509 369 545 πληρώματος
394 509 441 536 τοῦ
464 509 593 545 Χριστοῦ,
613 510 684 536 κατὰ
698 510 733 536 τὰ
746 510 844 537 eam-.1-

56 555 159 591 ράδοτα
172 554 250 589 λόγια
263 562 270 570 ·
298 554 346 581 καὶ
368 554 618 590 περιπατείτωσαν,
642 555 689 582 καὶ
707 555 771 587 τοὺς
793 555 843 583 ἄλ-

52 602 116 633 λους
134 601 371 628 ὲκπαιδευέτωσαν
381 609 388 617 ·
404 601 422 636 ἢ
435 601 498 636 μηδ’
512 601 606 636 ἕτερον
619 600 674 628 τῶν
690 592 844 637 είρημένων

52 647 206 678 ποιοῦντες.
218 646 266 673 καὶ
281 646 348 680 γοῦν
359 646 389 673 τὸ
405 645 509 673 ἑαυτῶν
518 645 650 681 ἀθέλητον
667 645 714 672 καὶ
738 646 843 673 ἄσωτον

53 691 336 727 κατηγορησάτωσαν.
351 691 431 722 Ἴσως
457 690 510 726 γὰρ
531 689 624 721 αὐτοῖς
649 689 726 716 ἔσται
750 689 845 725 καιρὸς

52 736 226 771 ἀνανήψεως.
238 735 291 762 Φεῦ
302 735 330 762 δέ
343 735 403 770 pati
424 735 514 770 Πάτερ
526 733 686 769 τιμιώτατε,
702 733 744 760 ὄτι
754 733 846 769 ἔνοχος

52 781 91 808 ὢν
105 782 216 809 πάντων
230 781 285 808 τῶν
303 781 467 816 εἰρημένων,
494 780 541 807 καὶ
566 780 659 815 πάσης
681 780 846 815 διαστροφῆς

53 827 104 854 καὶ
125 827 309 862 ἁνευθύτητος
325 826 473 861 ὑπουργὸς,
495 825 534 857 ὡς
549 825 730 861 ἐπεμϐαίνειν
755 826 846 857 ἄλλοις

891 235 974 263 missa
998 235 1158 262 volumina:
1176 239 1221 262 aut
1244 234 1266 261 si
1286 235 1337 261 hoc
1356 234 1446 261 facere
1462 234 1594 266 abnuant,
1617 241 1686 270 pue-

891 280 968 307 rilem
985 287 1097 307 sensum
1111 284 1139 307 et
1156 287 1171 307 a
1187 279 1295 306 ratione
1318 279 1436 306 alienum
1459 279 1638 314 deponentes,
1657 284 1687 307 ut

891 325 938 360 qui
957 325 1046 360 reipsa
1069 325 1096 352 in
1121 325 1212 352 virum
1237 325 1374 352 evaserint
1397 325 1485 366 artatis
1510 325 1688 360 plenitudinis

891 370 994 399 Christi
1006 371 1041 403 ³¹,
1069 371 1220 398 secundum
1247 371 1339 398 divina
1363 370 1483 401 oracula,
1507 375 1535 397 et
1547 371 1687 398 ambulem

893 416 954 451 ipsi,
972 421 999 444 et
1015 416 1083 444 alios
1102 416 1230 444 erudiant
1247 426 1253 442 :
1270 421 1317 443 aut
1338 416 1360 443 si
1377 420 1507 443 neutrum
1533 415 1622 443 facere
1637 423 1686 443 vo-

893 463 964 495 lunt,
982 470 1058 490 suam
1076 462 1199 498 ipsorum
1221 461 1373 489 socordiam
1397 466 1426 488 et
1447 461 1686 496 intemperantiam

894 512 1033 535 accusent.
1048 507 1173 535 Forsitan
1191 511 1298 542 tempus
1308 507 1423 541 eritquo
1437 507 1609 542 resipiscam.
1622 507 1686 539 Sed,

895 554 948 581 heu
965 553 1051 581 mihi!
1068 553 1150 581 Pater
1166 553 1370 584 colendissime,
1386 552 1431 587 qni
1451 552 1549 579 borum
1564 551 1687 579 omnium

894 607 957 627 reus
974 607 1035 634 qua:
1048 599 1114 631 dixi,
1131 598 1275 634 omnisque
1288 598 1347 626 vitii
1360 602 1388 625 et
1404 597 1550 632 pravitatis
1566 598 1685 632 adiutor.

895 645 1027 672 insultare
1043 645 1105 672 aliis
1127 644 1208 679 coepi,
1233 645 1361 680 legesque
1379 644 1528 680 praeﬁgere.
1557 644 1688 679 Plangant

896 698 939 718 me
957 690 1123 726 lugeantque
1136 690 1241 725 lapides
1254 690 1305 726 ipsi
1319 698 1418 718 sensus
1429 693 1563 725 expertes,
1578 690 1623 724 qui
1640 697 1689 724 per

896 737 1017 772 singulas
1031 737 1115 764 horas
1128 744 1222 764 versor
1237 737 1265 764 in
1280 736 1449 768 discrimine,
1463 735 1618 770 Christique
1632 743 1690 771 gre-

895 789 956 818 gem
977 782 1090 817 indigno
1111 781 1179 809 mihi
1199 782 1376 809 commissum
1396 781 1510 816 dissipo.
1528 782 1615 816 Atque
1632 782 1690 808 lucc

897 828 1044 861 hactenus,
1060 829 1221 864 tejubente,
1237 836 1252 855 a
1265 829 1320 856 Deo
1333 828 1476 859 honorate.
1493 828 1631 863 respondi.
1648 827 1690 854 Tu

53 873 185 908 ἠρξάμην
200 873 248 900 καὶ
263 872 431 908 νομοθετεῖν.
449 872 652 899 Κλαυσάτωσαν
667 872 716 899 καὶ
734 871 842 907 θρηνει-

899 883 965 902 vero
984 861 1103 910 Spiritus
1114 875 1216 902 virtute
1239 875 1382 907 subnixus,
1408 861 1643 910 legitimarumque
1663 879 1690 901 et

53 926 146 944 τωσαν
161 918 206 944 ἐπ’
220 918 282 952 ἐμοὶ
301 918 349 944 καὶ
366 917 443 944 αὐτοὶ
457 917 482 942 ol
503 915 664 951 ἀναίσθητοι
680 916 749 943 λίθοι
763 936 771 948 ,
790 925 845 943 κιν-

54 963 194 990 δυνεύοντι
210 964 282 990 κατὰ
300 963 392 990 πᾶσαν
413 962 499 998 ὤραν,
522 962 570 988 καὶ
585 963 711 998 ῥήσσοντι
726 962 758 988 τὸ
783 963 844 989 ποί-

57 1017 136 1044 μνιον
165 1007 213 1035 τοῦ
242 1006 362 1043 Χριστοῦ
396 1007 513 1040 ἀναξίως
542 1015 587 1042 μοι
613 1007 844 1043 παραδεδομένον.

54 1053 182 1081 Τοσαῦτα
197 1062 242 1089 μοι
257 1053 383 1089 προήχθη
406 1052 545 1079 κελεύοντί
570 1061 628 1084 σοι,
644 1049 668 1079 ὦ
690 1052 845 1088 θεοτίμητε,

54 1100 301 1135 ἀνταποκριθῆναι.
318 1098 404 1130 Αὐτὸς
419 1098 447 1125 δὲ
461 1098 657 1133 ἐρηρεισμένος
667 1097 706 1124 ὢν
720 1099 754 1134 τῇ
767 1098 847 1124 δυνά-

58 1154 105 1181 μει
123 1146 171 1173 τοῦ
194 1145 366 1180 Πνεύματος,
383 1145 431 1172 καὶ
444 1146 477 1180 τῇ
494 1143 641 1180 περιλήψει
656 1143 710 1170 τῶν
725 1144 848 1179 νομίμων

57 1192 106 1218 καὶ
117 1191 240 1228 πατρίων
251 1189 376 1222 ἐντολῶν,
392 1189 519 1224 ἀκίνητος
532 1189 625 1224 μένοις
637 1189 686 1215 καὶ
699 1189 848 1221 ἀσάλευτος

56 1237 106 1264 καὶ
118 1237 327 1272 ἁκαταπτόητος
343 1236 377 1262 ὲκ
391 1235 445 1262 τῶν
467 1235 542 1270 παρά
566 1242 648 1262 τινων
669 1234 847 1270 πολυτρόπως

899 925 1076 955 paternarum
1102 921 1274 948 sanctionum
1299 920 1508 953 observatione,
1541 920 1690 947 immobilis

898 974 1042 1002 perinane,
1054 971 1082 993 et
1091 966 1273 994 inconcussus
1286 971 1368 1001 atque
1383 966 1545 1000 intrepidus,
1560 967 1691 993 adversus

899 1013 1081 1047 quorumdam
1104 1013 1187 1040 variis
1209 1013 1238 1040 in
1261 1018 1287 1040 te
1302 1012 1402 1044 modis.
1418 1016 1562 1040 ventorum
1578 1020 1609 1039 ac
1627 1020 1691 1047 pro-

899 1058 1028 1085 cellarum
1054 1057 1152 1090 instar,
1175 1058 1313 1085 irruentes
1335 1057 1518 1090 rumusculos,
1547 1058 1621 1093 regia
1647 1058 1690 1085 in-

899 1106 982 1136 tegrae
995 1102 1058 1130 vitae
1071 1102 1113 1130 via
1127 1102 1268 1134 incedens,
1281 1106 1309 1129 et
1321 1102 1417 1129 inanes
1431 1102 1571 1129 hominum
1589 1107 1691 1129 utram-

899 1155 953 1182 que
969 1148 996 1175 in
1012 1153 1118 1183 partem
1145 1156 1227 1176 voces
1241 1153 1432 1179 contenmens,
1452 1155 1484 1175 ac
1506 1155 1556 1182 pro
1580 1147 1691 1175 humili-

900 1197 954 1219 tate
970 1198 1064 1220 nostra
1083 1193 1143 1220 sine
1166 1192 1370 1220 intermissione
1384 1200 1467 1220 orans
1485 1200 1566 1228 quant
1587 1193 1692 1220 studio-

899 1245 1018 1265 srsstme.

57 1283 373 1318 προσεπεισφρησάντων
388 1289 440 1312 σοι,
454 1278 496 1308 οἷα
514 1281 624 1315 ἀνέμων
639 1280 656 1315 ἢ
672 1281 838 1316 τρικυμιῶν,
859 1281 1016 1317 λογυδρίων,
1041 1282 1141 1318 βαίνων
1164 1284 1194 1310 ἐν
1235 1284 1268 1319 τῇ
1295 1283 1424 1319 βασιλικῇ
1442 1283 1494 1318 ὁδῷ
1526 1284 1576 1319 τῆς
1592 1284 1691 1318 ἀκραι-

57 1329 142 1364 φνοῦς
157 1329 307 1360 πολιτείας,
323 1327 370 1355 καὶ
395 1326 446 1362 τὴν
462 1326 505 1361 ἐφ’
527 1327 646 1362 ἑκάτερα
664 1326 847 1362 παρατρέχων
869 1329 1061 1362 ματαιολογίαν
1078 1329 1131 1356 τῶν
1165 1330 1327 1365 ἀνθρώπων,
1358 1329 1504 1364 εὐχόμενός
1520 1337 1551 1355 τε
1576 1328 1694 1356 ἀδιαλεί-

60 1385 136 1408 πτως
150 1376 222 1410 ὑπὲρ
236 1375 285 1410 τῆς
299 1375 491 1406 ταπεινώσεως
508 1374 589 1409 ἡμῶν
603 1372 638 1400 τὰ
651 1374 796 1408 κράτιστα.

252 1432 291 1459 Θ’.
309 1448 344 1453 —
354 1432 493 1464 Γελασίῳ
503 1430 632 1466 μαθητῇ.
768 1431 842 1468 [ις-’.ι

1119 1435 1163 1462 IX.
1177 1450 1211 1455 -——
1231 1435 1335 1463 Gelasio
1349 1435 1487 1470 discipula.

612 1489 748 1521 Apostatm,
758 1493 785 1514 ut
801 1491 829 1515 ad
848 1493 1023 1518 monasterium
1046 1493 1140 1517 redeat.

95 1553 129 1581 Ὦ
151 1554 245 1580 τέκνον
267 1560 329 1588 μου,
343 1552 416 1579 assa
437 1551 561 1583 Γελάσιε,
587 1551 645 1583 πῶς
667 1553 733 1578 ποτέ
752 1560 782 1578 σε
804 1551 846 1584 ἐξ·

937 1553 959 1581 Ο
976 1554 1011 1581 illi
1031 1555 1078 1586 uti,
1101 1554 1169 1582 abba
1190 1554 1288 1586 Gelasi,
1312 1562 1367 1590 quo
1382 1555 1490 1582 tandem
1508 1559 1586 1589 pacto
1608 1556 1693 1583 malo-

59 1600 231 1635 ωστράκισεν
251 1599 266 1625 ό
281 1599 435 1633 ἀρχέκακος
453 1598 576 1629 Σατανᾶς
593 1599 625 1624 ἐκ
644 1598 691 1624 τοῦ
708 1597 846 1624 κοινοσια-

59 1646 108 1673 κοῦ
131 1644 309 1680 παραδείσου,
323 1643 361 1674 ὡς
376 1644 442 1669 ποτὲ
457 1643 502 1669 τὸν
522 1643 608 1678 ’Δδὰμ
634 1643 665 1670 ἐκ
686 1643 735 1678 τῆς
756 1643 847 1678 Ἐδὲμ,

59 1692 205 1718 πεισθέντα
222 1692 255 1726 τῇ
270 1689 351 1725 βουλῇ
364 1689 411 1716 τοῦ
427 1688 628 1724 ὀφιογνώμονος
641 1689 780 1725 Ἀμμοῦν;
795 1689 849 1716 Καὶ

59 1738 121 1772 ἄρτι
138 1736 236 1772 αὺλίζῃ
255 1737 283 1762 ὲν
301 1735 394 1766 τόποις
415 1734 461 1766 οὒς
477 1735 526 1762 οὐκ
550 1735 694 1761 ἐπισκοπεί
707 1735 721 1762 ὁ
735 1735 848 1770 Κύριος,

59 1782 253 1817 ὰκανθοφορῶν
268 1782 314 1808 καὶ
327 1781 513 1816 ἐργαζόμενος
537 1780 567 1807 ὲν
594 1780 687 1816 ἱδρῶτι
702 1780 748 1808 τοῦ
763 1789 850 1817 προσ-

59 1829 135 1856 ώπου
154 1828 189 1855 τὰ
205 1828 279 1863 πάθη
293 1828 342 1862 τῆς
364 1827 487 1862 ἀτιμίας.
502 1826 534 1853 Τί
549 1827 602 1862 γὰρ
624 1827 707 1854 καλὸν
720 1827 847 1861 ἐξεληλυ-

61 1874 116 1906 θὼς
131 1875 147 1910 ἢ
163 1874 296 1909 εἰργάσω,
309 1874 325 1909 ἢ
342 1873 466 1908 enim;
481 1872 513 1898 Τί
528 1873 556 1899 δὲ
570 1872 600 1899 οὐ
618 1873 718 1908 μᾶλλον
731 1873 849 1908 πονηρὸν

60 1922 105 1947 καὶ
119 1920 274 1952 ἁπευκτὸν;
295 1919 418 1951 Ἐξέλιπέ
445 1927 492 1945 σου
505 1918 535 1944 τὸ
548 1918 641 1953 νοερὸν
658 1918 716 1953 φῶς
735 1918 784 1954 τῆς
804 1918 848 1944 ὁδ-

60 1967 144 2001 ηγίας
157 1974 164 1980 ·
183 1964 300 1996 ὲσὸἐσοη
317 1966 330 1991 ὁ
345 1964 462 1999 σπινθὴρ
475 1963 525 1998 τῆς
541 1963 729 1999 πνευματικῆς
749 1963 848 1999 φιλίας.

59 2012 92 2037 υἱ
106 2011 180 2044 φίλοι
189 2018 235 2036 σου
257 2009 302 2035 καὶ
313 2010 336 2035 οί
353 2008 466 2044 πλησίον
484 2017 543 2041 σου,
561 2009 591 2035 οὺ
609 2009 691 2044 μόνον
705 2008 777 2043 λέγω
788 2010 850 2041 τοὺς

60 2056 203 2088 ποθεινοὺς
219 2064 267 2082 σου
286 2055 417 2090 ἀδελφοὺς
430 2075 438 2088 ,
463 2055 531 2082 ἀλλὰ
553 2055 600 2081 καὶ
622 2055 685 2086 τοὺς
707 2055 754 2081 τοῦ
782 2055 849 2082 Θεοῦ

59 2101 204 2136 ἀγγέλους,
218 2101 248 2133 ἐξ
262 2101 386 2132 ὲιαντὶας
400 2109 447 2126 σου
460 2099 654 2135 ἀπομακρόθεν
665 2100 793 2136 ἔστησαν,
804 2101 850 2127 καὶ

59 2147 178 2182 ἤγγισαν
192 2147 216 2172 οἱ
227 2146 364 2181 δαίμονες,
379 2145 559 2180 ὲκζητοῦντες
583 2145 716 2172 ἀπολέσαι
728 2154 774 2172 σου
788 2146 851 2178 τοὺς

62 2193 314 2229 τροειργασμένους
336 2193 503 2228 ἁσκητικοῦς
526 2192 677 2227 καμάτους.
702 2192 757 2219 Ποῦ
784 2194 850 2220 ποτέ

61 2248 107 2266 σου
122 2241 139 2274 ἡ
151 2239 260 2274 καθαρὰ
275 2239 412 2273 προσευχὴ
424 2247 431 2271 ;
443 2237 495 2264 ποῦ
515 2238 579 2264 ποτέ
599 2247 644 2264 σου
656 2239 672 2273 ὴ
686 2238 852 2274 ἀκράδαντος

61 2287 211 2320 Laetoria;
239 2287 256 2322 ἡ
279 2285 429 2319 φωτοποιὸς
455 2284 648 2321 ὲξαγὸρευσιςς
674 2285 691 2320 ἡ
716 2285 850 2321 ἀγγελικὴ

62 2332 242 2367 χοροστασία;
261 2332 277 2366 ἡ
293 2331 460 2366 θεομίμητος
477 2332 602 2367 ὖπακοή;
627 2333 643 2367 ἡ
673 2331 851 2367 χριστοφόρος

62 2377 314 2412 ταπεινοερροσὺνη;
339 2378 427 2403 ἐκεῖνο
450 2377 480 2403 τδ
505 2377 587 2403 καλὸν
608 2377 656 2404 καὶ
677 2378 813 2414 τερπνὸν,
837 2378 852 2405 ὃ

63 2423 118 2457 ᾄδει
129 2425 144 2450 ὀ
155 2423 369 2458 ᾁσματογράφος
383 2421 500 2457 Δαῆὶδκὲ]
515 2423 561 2449 ἐπὶ
575 2422 605 2450 τδ
616 2423 682 2449 αὐτὸ
693 2424 849 2459 συνοίκησις

65 2477 109 2494 σου
132 2469 190 2495 τῶν
207 2468 350 2503 ἀδελφῶν;
368 2468 478 2494 Τούτων
499 2469 608 2496 πάντων
629 2469 725 2504 ἐπειδὴ
748 2468 851 2504 ἔρημος

64 2514 174 2548 γέγονας
187 2534 196 2546 ,
219 2514 314 2541 τέκνον
335 2523 386 2549 μου
399 2533 406 2545 .
425 2514 496 2549 ἔχεις
517 2514 729 2549 ἀντεισαχθέντα
755 2523 796 2541 σοι
817 2515 852 2542 τὰ

65 2560 181 2592 ἐναντία,
199 2561 354 2595 σκοτασμὺν
368 2560 438 2592 νοὸς,
452 2560 620 2595 ἀναλγησίαν
636 2560 738 2596 ψυχῆς,
751 2561 850 2597 πώρω-

65 2614 104 2632 σιν
119 2607 283 2642 καρδιακὴν,
300 2606 472 2639 δυσπιστίαν,
491 2606 678 2639 ἀνελπιστίαν,
691 2607 852 2642 ὀλιγωρίαν,

65 2651 144 2685 φόϐον
158 2652 286 2683 θανάτου,
302 2652 402 2687 τρόμον
416 2651 574 2686 ἀπολογίας.
591 2652 645 2679 Kal
662 2652 689 2679 τί
704 2652 744 2679 δεῖ
764 2661 852 2680 κατα-

65 2698 153 2732 λέγειν
168 2698 199 2724 ἓν
213 2698 329 2724 ἕκαστον
339 2718 346 2731 ,
358 2699 396 2724 ὃτι
411 2699 512 2725 στένων
528 2698 574 2724 καὶ
584 2698 694 2734 τρέμων
710 2699 853 2730 Καῖνικῶς

67 2746 174 2778 πάντως
201 2745 333 2778 διασιοῖς;
359 2745 413 2772 Καὶ
436 2744 514 2771 οὔπω
537 2744 610 2779 λέγω
634 2745 688 2771 τῶν
713 2745 854 2781 σαρκικῶν

901 1609 959 1628 τιιιιι
977 1605 1002 1628 te
1016 1605 1112 1628 auctor
1125 1601 1249 1634 Satanas,
1261 1609 1294 1628 ex
1317 1600 1476 1628 cmuobiaco
1491 1601 1626 1635 paradiso,
1645 1603 1694 1630 sic-

902 1652 931 1674 ut
950 1647 1035 1674 Adam
1062 1647 1126 1674 olim
1146 1654 1180 1674 ex
1198 1647 1283 1679 Edcn,
1308 1646 1460 1682 scrpcntini
1485 1647 1600 1675 Ammon
1626 1655 1693 1676 eon-

901 1692 962 1719 silio
984 1692 1144 1720 obsecutum
1172 1692 1388 1720 exterminavit?
1414 1692 1447 1720 Et
1473 1700 1548 1720 nunc
1574 1693 1601 1720 in
1630 1694 1695 1721 locis

901 1738 1008 1765 habitas
1027 1745 1089 1772 qua:
1113 1737 1244 1766 Dominus
1269 1746 1322 1765 non
1342 1738 1463 1772 respicit,
1485 1739 1578 1773 spinas
1593 1739 1694 1774 prodit-

900 1791 978 1816 ccns,
996 1788 1025 1811 et
1047 1783 1203 1819 ignominiae
1223 1784 1365 1819 passiones
1380 1784 1407 1810 in
1424 1785 1523 1812 sudore
1545 1784 1637 1812 vultus
1656 1785 1694 1811 tui

900 1837 1043 1857 exercens.
1057 1830 1127 1862 Quid
1139 1829 1211 1857 enim
1227 1829 1292 1857 recti
1310 1837 1343 1856 ex
1358 1836 1412 1864 quo
1427 1829 1566 1865 digreSSus
1595 1838 1636 1863 es,
1651 1830 1695 1858 vel

901 1874 989 1910 egisti,
1006 1875 1048 1902 vel
1067 1882 1141 1907 nunc
1163 1874 1242 1910 agis?
1261 1874 1331 1908 Quid
1349 1875 1442 1910 potius
1458 1883 1514 1903 non
1532 1883 1694 1911 perversum

901 1928 934 1948 ac
953 1920 1169 1949 detestandum?
1192 1921 1297 1949 Dcl'ecit
1323 1926 1348 1948 te
1373 1922 1474 1949 mentis
1501 1922 1594 1949 lumen
1623 1922 1696 1956 quod

900 1966 972 1994 viam
989 1967 1178 1994 monstrabat:
1197 1967 1332 1994 exstincta
1354 1972 1396 1995 est
1412 1967 1531 1995 scintilla
1546 1967 1696 2003 spiritualis

902 2012 1126 2039 necessitudinis.
1148 2011 1236 2039 Amici
1255 2017 1282 2039 et
1300 2012 1418 2047 proximi
1440 2013 1497 2045 tui;
1517 2020 1572 2040 non
1590 2017 1695 2041 tantum

901 2058 1079 2085 charissimos
1102 2057 1200 2085 fratres
1227 2062 1288 2085 tuos
1312 2059 1393 2088 dico.
1419 2058 1466 2085 sed
1490 2059 1565 2093 ipsos
1586 2067 1696 2094 quoque

903 2103 950 2130 Dei
973 2103 1104 2138 angelos:
1123 2103 1270 2130 adversum
1294 2108 1319 2130 te
1344 2103 1453 2130 eminus
1469 2105 1649 2136 steterunt“,
1669 2109 1697 2132 et

902 2148 1015 2184 propius
1028 2156 1171 2176 accessere
1186 2148 1335 2180 daemones,
1352 2154 1496 2176 anteactos
1512 2150 1620 2177 labores
1635 2154 1696 2178 tuos

903 2195 1036 2222 ascetieos
1061 2194 1171 2222 abolere
1201 2194 1354 2229 cupientes.
1390 2195 1509 2223 Ubinam
1534 2204 1603 2231 pura
1629 2197 1696 2224 olim

905 2239 1026 2275 precatio
1052 2239 1117 2266 tua?
1145 2239 1255 2266 ubinam
1281 2240 1444 2268 inconcussa
1464 2241 1623 2269 confessio?
1650 2242 1696 2269 ubi

905 2285 1047 2321 splendida
1074 2285 1290 2321 exomologcsis?
1315 2286 1361 2313 ubi
1386 2288 1506 2322 angelica
1531 2288 1608 2315 chori
1634 2287 1696 2314 fre—

904 2331 1070 2367 quentatio?
1086 2330 1133 2358 Dei
1149 2331 1245 2358 aemula
1261 2332 1427 2364 obedientia,
1445 2332 1584 2360 Christum
1599 2340 1696 2368 gerens

905 2376 1053 2409 humilitas,
1072 2376 1174 2403 bonum
1196 2376 1264 2404 illud
1281 2381 1308 2404 ct
1330 2377 1495 2412 jucundum,
1517 2379 1588 2413 quod
1606 2378 1696 2406 canti-

904 2429 997 2448 corum
1016 2421 1134 2456 scriptor
1158 2421 1289 2456 praedicat
1304 2422 1400 2455 David,
1427 2422 1542 2450 fratrum
1567 2424 1593 2450 in
1610 2431 1695 2450 unum

905 2467 1037 2494 habitatio
1047 2466 1091 2493 "?
1111 2466 1159 2495 His
1174 2468 1302 2494 omnibus
1326 2468 1455 2502 quoniam
1471 2469 1583 2496 orbatus
1599 2477 1639 2502 es,
1659 2470 1696 2497 fili

904 2514 951 2546 mi,
967 2514 1105 2542 contraria
1117 2521 1177 2549 qua:
1194 2513 1291 2540 horum
1309 2514 1370 2541 loco
1385 2514 1507 2542 immissa
1521 2520 1584 2542 sunt
1600 2515 1694 2548 babes,

904 2561 1125 2588 obscurationem
1146 2559 1255 2592 utentis,
1273 2564 1412 2595 stttporcm
1429 2561 1523 2592 animi.
1543 2560 1695 2588 caecitatem

905 2606 1005 2638 cordis,
1036 2605 1267 2638 incredulitatem,
1293 2605 1525 2641 desperationem,
1551 2606 1695 2639 incuriam,

904 2653 1001 2680 mortis
1017 2657 1131 2684 metum,
1149 2652 1290 2679 horrorem
1306 2652 1412 2686 judicii.
1438 2652 1472 2679 Et
1490 2653 1554 2687 quid
1569 2659 1638 2686 opus
1653 2657 1696 2680 est

902 2701 1008 2735 singula
1032 2707 1210 2735 percensere.
1228 2706 1290 2726 cum
1307 2706 1418 2733 gemens
1433 2702 1460 2725 et
1475 2703 1597 2726 tremens
1618 2698 1694 2725 Caini

903 2753 1018 2780 prorsus
1031 2752 1106 2772 more
1120 2744 1204 2771 vitam
1217 2743 1322 2771 ducas?
1338 2743 1393 2771 Nec
1409 2751 1531 2771 memoro
1545 2743 1695 2771 carnalium

97 2838 117 2854 "
141 2839 242 2874 Ephcs.
258 2846 291 2867 Ir.
311 2839 352 2865 13.
391 2839 413 2855 ³¹
429 2837 503 2865 Psal.
523 2846 627 2870 xxxv",
649 2838 687 2865 l2.
730 2837 752 2853 ³³
770 2836 841 2863 l’sal.
857 2843 960 2868 cxxxu,
981 2836 1005 2862 l.

217 2887 352 2916 ΡΑτῐιοῐη
375 2885 430 2915 Gn.
454 2885 520 2915 XCI
529 2885 568 2915 Χ.

1478 2893 1517 2920 30
