1924 3077
229 104 281 137 939

819 104 850 135 S.
868 104 1070 137 THEODORI
1089 106 1264 138 STUDlT/E

1817 113 1867 145 940

226 158 408 194 cupiditatum
423 157 530 185 turbam
548 157 680 186 interiora
695 162 740 185 tua
755 157 982 193 inﬂammantem,
997 164 1024 187 et

1083 161 1178 188 παθῶν
1194 162 1241 189 τὸν
1252 161 1338 197 ἑσμὸν
1359 161 1577 199 ἀναῤῥιπίζοντά
1599 171 1647 191 σου
1663 163 1698 191 τὰ
1712 164 1800 198 ἐντος,
1822 168 1866 193 καὶ

227 209 370 240 peccatum
390 204 616 231 succendentem.
634 204 816 240 Quapropter,
837 204 874 232 fili
893 205 942 239 mi,
958 213 1021 240 per-

226 255 321 286 specta
336 258 385 286 per
417 249 550 278 humilem
579 250 725 285 epistolam
746 259 836 278 meam
854 251 979 286 veritate,
995 256 1023 279 et

225 297 259 324 ad
275 298 369 324 lumen
394 297 559 332 suspiciens,
580 305 612 324 ac
633 297 765 325 divinitus
785 303 977 333 compunctus,
995 304 1023 326 et

225 343 314 370 amice
334 343 507 375 vulneratus,
529 347 717 377 reputansque
732 350 764 370 ac
779 344 934 379 recogitans
950 344 1023 372 unde

227 388 374 421 excideris,
392 394 419 416 et
430 388 461 415 in
472 388 572 423 quibus
584 388 703 415 miseriis
719 388 848 420 verseris,
866 394 894 416 et
909 389 955 417 ubi
972 390 1022 417 lia-

226 434 306 464 bites,
330 441 441 468 nempe,
467 438 497 460 ut
519 433 559 460 sic
583 433 684 466 dicam,
709 433 737 460 in
761 434 946 462 tabernaculis
969 434 1022 462 Ce-

227 479 276 505 dar
288 478 328 511 ";
347 478 407 505 redi
425 478 459 505 ad
476 485 571 505 sanam
590 482 725 510 mentem,
748 486 859 506 recurre
879 480 913 507 ad
932 480 1022 507 locum

226 530 315 557 tuum,
337 524 539 559 expergiscere,
556 532 701 557 renovare,
725 530 753 553 et
771 526 927 560 recalesce;
945 531 973 554 et
988 534 1022 554 ne

227 570 324 598 horam
345 570 496 601 cuncteris,
518 577 554 597 ne
571 569 656 602 diem,
684 578 718 597 ne
734 571 935 598 hebdomadam
951 581 957 598 :
975 571 1022 599 sed

226 615 390 650 quantocius
403 615 535 642 omnibus
548 615 674 650 abiectis,
692 616 822 651 praesenti
835 621 918 652 atque
937 617 1022 645 intre-

183 674 186 676 -
229 660 294 695 pido
307 660 400 687 animo
419 659 451 687 ad
472 667 517 687 me
532 660 596 687 veni
619 660 754 688 infelicem
768 661 876 689 Patrem
891 666 978 695 tuum,
995 666 1023 689 et

227 706 261 734 ad
289 706 414 742 egregios
442 705 543 733 fratres
575 711 655 738 tuos,
695 711 723 734 et
749 715 878 743 maguum
913 707 1021 735 Pat-rem

227 760 330 784 meum,
355 756 383 779 et
401 752 508 780 Patrem
529 756 617 780 tuum.
636 752 670 780 Et
685 753 735 780 bac
752 753 864 788 quidem
887 754 922 781 de
940 761 1021 781 causa

229 798 374 826 consilium
395 805 464 831 erat,
483 803 630 834 postquam
654 803 681 826 te
708 799 779 827 istuc
808 800 952 835 appulsam
974 808 1021 828 eo-

1074 208 1264 242 ἁναφλέγοντα
1287 208 1336 243 τὴν
1353 207 1503 243 ἁμαρτίαν.
1531 209 1578 235 Διὸ
1599 209 1631 246 δὴ
1647 229 1655 242 ,
1678 210 1779 238 τέκνον
1804 220 1865 246 μου,

1074 253 1204 287 ἐπιγνοὺς
1216 253 1247 279 τὺ
1261 253 1361 288 ἀληθὲς
1373 253 1417 280 διὰ
1431 253 1483 288 τῆς
1496 254 1628 289 ταπεινῆς
1644 264 1696 290 μου
1707 256 1865 291 ἐπιπολῆς,

1074 299 1122 326 καὶ
1138 298 1292 333 ἀναϐλέψας
1311 299 1379 333 πρὸς
1402 298 1432 325 τὸ
1448 299 1505 333 φῶς
1516 319 1525 332 ,
1548 300 1597 326 καὶ
1611 301 1794 336 κατανυχθεὶς
1811 302 1865 328 θεῖ-

1074 343 1141 376 κῶς,
1155 343 1203 369 καὶ
1218 343 1333 378 πληγεὶς
1350 343 1479 378 φιλικῶς,
1496 344 1543 370 καὶ
1558 344 1720 380 ἀναπλήσας
1733 346 1783 373 καὶ
1799 347 1864 373 ἀνα-

1073 389 1211 424 γνωρισας
1228 389 1290 416 ὅθεν
1305 388 1437 421 ὲξέπεσας
1450 408 1458 421 ,
1475 389 1523 415 καὶ
1541 390 1570 416 ὲν
1591 390 1678 421 ποίοις
1702 389 1728 417 εἷ
1749 389 1864 423 δεινοῖς,

1074 436 1122 462 καὶ
1135 435 1188 462 ποῦ
1208 436 1363 470 παροικεῖς,
1381 435 1419 466 ὼς
1439 435 1544 467 ειπεῖν,
1562 435 1632 470 μετὰ
1644 436 1699 463 τῶν
1715 438 1865 473 σκηνωμὰ-

1072 490 1127 508 των
1142 481 1238 517 Κηδάρ
1251 488 1259 496 ·
1286 480 1455 515 ἀνάσφηλον,
1481 480 1529 507 καὶ
1552 481 1738 517 ἀναπήδησον,
1754 483 1804 509 καὶ¹
1819 484 1865 509 ἀν-

1073 526 1213 563 εγέρθητι,
1229 526 1276 553 καὶ
1290 525 1472 561 ἀνανεώθητι,
1495 527 1543 552 καὶ
1557 526 1797 563 ἀναθερμάνθητι·
1820 530 1864 555 καὶ

1075 573 1113 608 μὴ
1129 572 1215 608 ὥραν,
1244 571 1281 607 μὴ
1299 571 1418 607 ἡμέραν,
1440 572 1478 606 μὴ
1496 571 1649 607 ἑϐδομάδα·
1673 573 1743 600 ἀλλὰ
1766 573 1865 602 θᾶττον

1071 619 1180 655 χαίρειν
1195 619 1278 645 πᾶσιν
1301 617 1396 650 εἰπὼν,
1416 616 1467 654 ἧκε
1482 619 1650 654 ἐρρωμένως
1666 620 1714 646 καὶ
1727 621 1865 648 ἀνενδοιά-

1073 672 1144 696 στως
1163 663 1232 699 πρός
1248 671 1283 697 με
1297 664 1344 690 τὸν
1364 662 1496 698 δύστηνόν
1515 672 1562 690 σου
1577 664 1707 700 Πατέρα,
1729 666 1780 692 καὶ
1799 667 1865 702 πρὸς

1072 709 1122 746 τὴν
1138 709 1225 745 καλήν
1237 718 1285 736 σου
1300 709 1359 735 ἀδελ
1366 709 1483 744 φότητα,
1501 710 1548 736 καὶ
1563 710 1631 745 πρὸς
1647 711 1693 737 τὸν
1708 711 1799 746 μέγαν
1813 713 1866 740 Πα-

1072 755 1141 790 τέρα
1155 763 1206 790 μου
1221 755 1269 781 καὶ
1287 754 1401 790 Πατέρα
1419 762 1477 781 σου.
1500 755 1556 782 Καὶ
1572 756 1641 792 πρὸς
1661 756 1740 783 τοῦτο
1755 757 1864 784 £60016-

1075 809 1130 836 μην
1146 800 1206 836 μὲν,
1220 800 1303 836 ἠνίκα
1315 799 1418 835 ἔμαθον
1432 801 1474 827 ὅτι
1488 801 1582 828 αὐτόθι
1600 801 1800 838 ὲξεπελάσθης,
1820 805 1865 831 καὶ

226 844 321 880 gnovi,
341 844 424 872 etiam
449 844 561 872 fratrem
583 852 647 872 cum
673 844 773 872 litteris
787 845 908 877 mittere,
934 846 981 881 qui
996 849 1022 873 te

1074 846 1190 882 ἀδελφὺν
1207 846 1315 881 πέμψαι
1332 847 1381 873 σὺν
1395 848 1451 878 τοῖς
1469 847 1634 883 γράμμασιν
1646 868 1654 880 ,
1674 849 1718 875 ἴνα
1732 857 1762 875 σε
1780 850 1864 885 ἀναῤ-

229 895 380 917 revocaret.
397 890 449 918 Sed
465 891 528 925 quia
542 890 687 926 presbyter
699 891 851 919 litterarum
867 893 937 919 lator
951 892 1018 920 mihi

227 936 307 971 plane
329 935 505 963 conﬁrmavit
528 940 554 963 te
576 936 610 964 ad
634 937 706 964 solas
726 937 830 965 litteras
851 943 1017 972 venturum,

226 981 289 1009 ideo
304 981 419 1016 epistola
435 985 583 1008 contentus
595 981 645 1009 fui.
660 982 693 1008 Et
708 989 772 1009 vero
784 982 882 1017 jubent
895 991 1018 1018 prorsus,

226 1027 263 1054 fili
285 1027 334 1060 mi,
349 1027 421 1054 sicut
435 1027 537 1054 dictum
559 1031 613 1058 est,
632 1035 686 1054 non
703 1027 792 1054 solum
813 1035 864 1064 ego
880 1028 973 1061 miser,
992 1033 1019 1056 et

225 1072 305 1100 Pater
320 1081 409 1106 meus,
426 1080 522 1100 verum
543 1077 570 1100 et
585 1073 672 1100 nostri
689 1074 792 1101 domini
807 1073 927 1102 Joannes
947 1083 1015 1110 pra:-

225 1126 324 1147 cursor
347 1126 381 1146 ac
397 1118 518 1146 Joannes
534 1118 702 1155 Thcologus,
726 1124 756 1147 ut
780 1128 863 1155 quam
888 1121 1020 1150 citissime

225 1166 339 1200 gradum
353 1165 468 1198 referas,
495 1166 655 1201 priusquam
675 1170 701 1193 te
723 1167 865 1202 inopinata
880 1176 955 1196 mors
971 1176 1019 1196 oc-

225 1216 317 1246 cupet.
342 1211 420 1245 Quod
442 1212 464 1239 si
490 1211 651 1240 obfirmatus
676 1212 783 1246 adhuc,
810 1214 884 1248 quod
907 1215 1020 1241 minime

226 1265 300 1290 reor,
319 1258 499 1291 obdurescas,
515 1263 542 1286 et
559 1259 736 1293 pertinaciter
753 1259 883 1292 resistas;
906 1260 975 1287 scito
993 1265 1020 1287 te

226 1304 494 1332 excommunicatum
509 1311 580 1336 esse,
596 1309 624 1332 et
639 1313 654 1332 a
675 1305 778 1333 sanctis
801 1306 940 1338 omnibus,
962 1311 990 1333 et
1003 1313 1019 1333 a

229 1349 310 1377 nobis
333 1349 524 1385 peccatoribus
541 1350 629 1378 donec
651 1351 749 1378 faciem
772 1355 894 1378 nostram
915 1351 1018 1379 videas.

227 1395 277 1422 Sin
293 1398 385 1421 autem
405 1394 518 1430 gradum
540 1395 655 1428 referes,
680 1401 709 1423 ut
729 1396 875 1431 jussimus.
896 1397 954 1431 jam
972 1404 1020 1424 ve.

226 1441 306 1468 niens
322 1441 429 1469 solutus
445 1448 486 1473 es,
502 1446 559 1469 tum
577 1442 611 1469 ad
624 1442 716 1470 divina
733 1443 815 1477 dona,
831 1447 889 1470 tum
905 1443 940 1471 ad
952 1443 1020 1470 alios

225 1487 312 1516 cibos.

438 1545 472 1574 Χ.
483 1561 518 1567 -
532 1547 645 1574 Nicolao
661 1547 803 1582 discipulo.

1073 893 1201 928 ρύσηται.
1211 892 1288 919 Ἐπεὶ
1298 893 1327 919 δὲ
1341 893 1356 919 ό
1365 894 1599 929 γραμματοφόρος
1611 895 1658 920 καὶ
1675 895 1862 931 πρεσῦὺτερος

1072 939 1257 966 ἑὸεὸαιώσατό
1273 947 1307 974 με
1332 939 1443 970 πάντως
1456 940 1489 965 ὲκ
1511 939 1601 974 μόνων
1618 940 1673 967 τῶν
1687 941 1863 976 γραμμάτων

1071 985 1151 1020 ἥκειν
1165 993 1211 1017 σε,
1224 985 1268 1011 διὰ
1283 984 1364 1011 τοῦτο
1378 984 1519 1020 ἡρκέσθην
1540 986 1572 1020 τῇ
1595 986 1736 1022 ἐπιστολῇ.
1759 987 1815 1013 Καὶ
1832 987 1863 1022 δὴ

1072 1030 1194 1062 πάντως,
1207 1029 1306 1056 τέκνον
1322 1038 1385 1064 μου,
1400 1029 1492 1061 καθὼς
1504 1030 1623 1065 εἴρηται,
1639 1030 1670 1056 οὐ
1686 1031 1768 1065 μόνον
1783 1031 1839 1065 ἐγὼ
1850 1032 1864 1058 ό

1071 1077 1174 1108 τάλας,
1203 1076 1252 1103 καὶ
1274 1077 1288 1103 ὸ
1312 1076 1409 1111 Πατήρ
1434 1084 1501 1110 μου,
1523 1076 1591 1103 ἀλλὰ
1619 1077 1667 1104 καὶ¹
1688 1077 1715 1103 οἱ
1734 1076 1864 1105 δεσπόται

1072 1122 1169 1158 ἡμῶν,
1191 1124 1206 1149 ὀ
1222 1122 1395 1157 Πρόδρομος,
1411 1122 1459 1148 καὶ
1473 1123 1487 1148 ὁ
1501 1121 1631 1156 Θεολόγος
1644 1141 1653 1155 ,
1674 1123 1865 1157 ὲγκελεύονταί

1073 1176 1126 1202 σοι,
1150 1167 1266 1203 τάχιστα
1281 1167 1459 1200 ἀποκινῆσαι,
1478 1167 1544 1202 πρὶν
1561 1167 1770 1204 ἀπροσδοκήτου
1782 1169 1865 1196 θανά-

1071 1223 1120 1242 του
1131 1214 1274 1249 καταλάὸῃ
1289 1214 1321 1240 τὸ
1332 1213 1420 1245 τέλος.
1437 1213 1468 1240 Εἰ
1482 1214 1511 1240 δέ
1522 1222 1559 1246 τι,
1576 1214 1591 1240 ὃ
1604 1214 1653 1249 οὐχ
1667 1214 1864 1250 ὑπολαμϐάνω.

1073 1258 1294 1294 σκληρυνόμενος
1303 1257 1475 1293 σκληρυνοῇς
1484 1259 1531 1284 καὶ
1542 1258 1718 1290 αὐθαδιάσεις
1728 1266 1736 1274 ο
1745 1259 1864 1293 γίνωσκε

1072 1303 1255 1340 ἀκοινώνητόν
1272 1312 1302 1330 σε
1318 1302 1398 1336 εῖναι,
1412 1304 1460 1330 καὶ
1471 1304 1504 1330 ἐκ
1518 1304 1628 1331 πάντων
1637 1304 1692 1330 τῶν
1706 1304 1804 1339 ἁγίων,
1819 1306 1866 1332 καὶ

1072 1349 1103 1382 ιε
1116 1349 1197 1385 ήμῶν
1209 1348 1265 1375 τῶν
1284 1348 1466 1384 ἁμαρτωλῶν,
1479 1349 1531 1381 ἕως
1544 1349 1577 1376 ἂν
1593 1349 1653 1384 ὄψει
1666 1350 1696 1376 τὸ
1715 1350 1866 1385 πρόσωπον

1072 1396 1162 1431 ἡμῶν.
1177 1395 1208 1421 Εἰ
1223 1394 1251 1421 δὲ
1269 1395 1464 1430 ἀποκινήσεις,
1481 1393 1574 1425 καθὼς
1590 1395 1798 1430 ὲνετειλάμεθα,
1813 1397 1866 1432 ἤδη

1072 1441 1219 1479 ἐρχόμενος
1232 1439 1378 1475 λελυμένος
1392 1437 1427 1473 εἴ,
1443 1439 1491 1467 καὶ
1509 1440 1564 1467 τῶν
1588 1440 1668 1468 θείων
1686 1441 1796 1477 δώρων,
1818 1443 1867 1470 καὶ

1072 1487 1127 1514 τῶν
1142 1486 1230 1513 ἄλλων
1245 1485 1409 1522 βρωμάτων.

1280 1543 1310 1569 l'.
1323 1557 1359 1563 —
1371 1542 1512 1575 Νικολάῳ
1523 1543 1654 1577 μαθητῇ.
1783 1544 1864 1584 luat]

652 1603 775 1629 Electoin
789 1602 950 1635 praepositum
968 1603 1044 1628 tradit
1062 1603 1185 1634 praecepta
1205 1600 1263 1624 vita
1284 1600 1437 1624 monasticae.

259 1654 487 1690 Quandoquidem
509 1654 557 1683 Dei
576 1659 656 1688 nutu,
673 1655 825 1690 spiritualis
840 1655 876 1682 fili
896 1654 1017 1688 Nicolae,

223 1700 258 1728 ad
273 1700 444 1736 praefectura:
459 1701 566 1736 apicem
589 1705 703 1728 evectus
728 1709 767 1734 es,
790 1701 938 1729 observare
957 1708 1018 1727 om-

224 1745 292 1772 nino
311 1745 408 1778 debes,
425 1753 486 1779 quat
498 1745 526 1772 in
543 1745 596 1772 hoc
610 1744 703 1771 libello
716 1749 851 1779 praecepta
869 1748 943 1771 sunt.
959 1743 1018 1770 Non

224 1791 307 1827 igitur
322 1790 460 1818 ullatenus
485 1790 653 1823 immutabis,
670 1798 752 1825 quam
768 1798 783 1817 a
801 1789 937 1824 spirituali
957 1797 1018 1816 mo-

223 1836 345 1864 nasterio
357 1840 403 1862 tuo
411 1835 541 1870 accepisti
551 1835 665 1862 formam
674 1840 702 1862 et
713 1835 846 1870 regulam,
856 1835 960 1869 absque
970 1843 1018 1862 ne-

223 1881 364 1909 cessitate.
379 1880 439 1908 Non
457 1881 613 1915 possrdebis
630 1888 663 1907 ex
680 1880 732 1907 hoc
744 1880 846 1907 mundo
857 1881 1015 1915 quidquam,

224 1934 277 1954 nec
293 1927 343 1954 tibi
363 1927 505 1962 proprium
528 1934 645 1961 repones
665 1926 707 1953 vel
728 1927 840 1953 unicum
862 1932 1015 1963 argentum.

223 1971 285 2000 Non
302 1972 407 2000 divides
425 1972 547 2000 animum
563 1977 591 2000 et
609 1980 656 2000 cor
670 1976 747 1999 tuum
763 1972 862 2000 aﬂ'ectu
878 1973 1016 2008 curisque,

223 2023 338 2054 propter
354 2026 401 2046 eos
413 2019 460 2054 qui
475 2019 523 2046 tibi
541 2027 556 2046 a
578 2019 634 2046 Deo
650 2019 792 2047 commissi
811 2023 887 2052 sunt,
912 2019 1017 2055 tibique

224 2065 252 2091 in
267 2064 365 2100 spiritu
380 2065 427 2092 fllii
442 2072 474 2093 ac
490 2065 591 2092 fratres
601 2065 664 2092 facti
680 2069 758 2099 sunt;
773 2073 827 2092 non
842 2073 905 2101 erga
920 2073 1017 2093 neces-

224 2111 312 2139 sarios
332 2111 397 2138 olim
422 2111 574 2139 secundum
598 2119 721 2144 carnem,
745 2116 792 2138 aut
811 2115 952 2147 cognatos,
969 2115 1017 2138 aut

224 2156 339 2190 amicos,
356 2162 404 2185 aut
425 2158 543 2186 sodales.
560 2157 620 2185 Non
642 2158 769 2194 erogabis
791 2166 837 2186 res
858 2158 1017 2185 monasterii

225 2203 277 2236 tui,
293 2211 384 2239 neque
402 2203 429 2230 in
446 2203 514 2237 vita,
539 2211 629 2239 neque
647 2209 711 2239 post
725 2209 853 2237 mortem,
871 2204 929 2231 sive
943 2205 1016 2231 elee-

224 2256 345 2285 mosynaa
357 2248 449 2282 titulo,
464 2248 522 2276 sive
537 2249 630 2285 legati,
642 2249 668 2276 in
680 2253 742 2277 tuos
755 2249 820 2277 olim
834 2249 1014 2283 necessarios,

1112 1651 1223 1686 Ἐπειδὴ
1236 1650 1348 1686 εὐδοκία
1362 1649 1431 1677 Θεοῦ
1444 1649 1659 1686 προεὸιὸάσθης,
1671 1650 1769 1677 τέκνον
1780 1660 1865 1679 πνευ-

1071 1697 1186 1734 ματικὸν
1202 1696 1333 1729 Νικόλαε,
1349 1697 1391 1728 είς
1411 1696 1443 1722 τὸ
1459 1697 1510 1731 τῆς
1531 1697 1714 1732 ήγουμενείας
1735 1696 1862 1734 ἀξίωμα,

1068 1743 1128 1770 δέον
1141 1741 1337 1778 παραφυλάξαι
1353 1750 1383 1768 σε
1405 1741 1495 1768 πάντα
1515 1741 1550 1768 τὰ
1566 1742 1750 1776 ἐντεταλμένα
1769 1752 1816 1771 σοι
1836 1746 1865 1771 ὲν

1067 1788 1108 1824 τῷ
1130 1788 1244 1824 παρόντι
1263 1787 1442 1823 γραμματίῳ.
1463 1787 1500 1813 υύ
1524 1787 1677 1820 διαλλάξεις
1698 1787 1748 1815 οὖν
1776 1789 1864 1824 ὅνπερ

1068 1835 1222 1871 παρέλαϐες
1237 1835 1321 1861 τύπον
1336 1833 1384 1860 καὶ
1400 1833 1501 1860 κανόνα
1516 1833 1593 1868 παρὰ
1604 1833 1655 1867 τῆς
1668 1835 1865 1870 πνευματικῆς

1068 1891 1117 1910 σου
1131 1882 1215 1918 μονῆς
1232 1882 1261 1908 ὲν
1276 1879 1380 1907 ἅπασιν
1393 1880 1457 1906 ἄνευ
1471 1879 1604 1914 ἀνάγκης.
1619 1879 1657 1905 Οὐ
1671 1880 1761 1915 κτήσῃ
1775 1888 1805 1906 τι
1817 1881 1864 1906 τοῦ

1067 1929 1173 1963 κόσμου
1187 1927 1283 1954 τούτου
1294 1947 1302 1960 ,
1318 1925 1378 1952 οὐδὲ
1394 1925 1628 1960 ἀποθησαυρίσεις
1645 1925 1803 1959 ἰδιορίστως
1824 1927 1865 1958 εἰς

1067 1973 1164 2001 ἑαυτὸν
1180 1973 1263 2008 μέχρι
1281 1972 1328 1999 καὶ
1341 1971 1401 2003 ἐνὸς
1418 1971 1562 2006 ἀργυρίου.
1574 1971 1612 1997 Οὺ
1627 1971 1803 2006 διαμερίσεις
1812 1973 1864 2006 τὴν

1066 2019 1156 2056 ψυχὴν
1168 2020 1217 2046 καὶ
1229 2019 1280 2054 τὴν
1301 2017 1416 2053 καρδίαν
1436 2026 1483 2044 σου
1503 2018 1532 2043 ὲν
1546 2017 1638 2052 σχέσει
1655 2017 1702 2044 καὶ
1722 2018 1860 2052 φροντίδι,

1067 2066 1144 2102 παρὰ
1157 2066 1221 2097 τοὺς
1234 2064 1473 2099 πεπιστευμένους
1491 2071 1532 2089 σοι
1555 2062 1608 2089 ὑπὸ
1623 2062 1691 2089 Θεοῦ
1702 2083 1709 2096 ,
1732 2063 1780 2090 καὶ
1795 2072 1861 2098 γενν-

1066 2111 1204 2148 νωμένους
1218 2119 1260 2137 σοι
1270 2109 1464 2145 πνευματικῶς
1476 2109 1550 2140 υἱοὺς
1563 2109 1612 2136 καὶ
1627 2109 1774 2144 ἀδελφούς·
1797 2110 1862 2136 οὗτε

1066 2158 1107 2189 είς
1122 2156 1184 2189 τούς
1198 2165 1265 2183 ποτε
1280 2156 1364 2187 ἰδίους
1379 2155 1451 2182 κατὰ
1468 2155 1598 2190 σάρκα,ἢ
1616 2156 1769 2190 συγγενεῖς,
1786 2156 1804 2191 ἢ
1819 2156 1863 2190 φε-

1066 2203 1145 2236 λους,
1160 2202 1176 2238 ἢ
1192 2204 1379 2236 συνεταίρους.
1394 2202 1432 2227 Οὺ
1446 2201 1535 2237 χρήσῃ
1552 2202 1608 2232 τοῖς
1625 2201 1677 2236 τῆς
1690 2201 1799 2233 οίκείιις
1815 2210 1862 2228 σου

1069 2247 1156 2284 μονῆς
1170 2268 1178 2281 ,
1192 2246 1257 2274 οὔτε
1274 2246 1329 2280 ζῶν
1342 2267 1350 2280 ,
1366 2245 1428 2273 οὔτε
1446 2246 1515 2282 μετὰ
1535 2246 1659 2280 θάνατον,
1680 2247 1863 2282 ὲλεημονητι-

225 2299 256 2322 ιιι
267 2295 371 2322 dictum
390 2299 443 2329 est,
462 2299 489 2322 et
503 2295 606 2323 amicos
622 2304 630 2322 :
648 2303 700 2323 nec
717 2295 790 2322 enim
806 2295 840 2322 de
855 2295 958 2322 mundo
973 2302 1013 2328 es,

1071 2295 1133 2327 κῶς,
1150 2293 1167 2329 ἢ
1184 2293 1408 2329 κληρονομικιῖκ,
1424 2293 1464 2325 εις
1475 2293 1540 2324 τούς
1558 2301 1623 2319 ποτε
1638 2294 1861 2328 προειρημένους

224 2346 255 2368 ιιι
274 2349 318 2368 res
333 2341 426 2368 mundi
443 2340 580 2376 attingas:
597 2345 780 2376 praeterquam
800 2340 822 2368 si
838 2341 885 2376 qui
899 2340 969 2368 forte
982 2348 1015 2367 ex

224 2387 353 2414 coenobio
375 2387 404 2414 in
428 2387 555 2415 ordinem
580 2392 706 2415 nostrum
728 2386 887 2414 transierint
906 2394 913 2413 :
934 2391 1016 2421 atque

224 2431 261 2458 ita
286 2439 380 2459 curam
401 2439 496 2460 eorum
520 2440 598 2467 geres
621 2432 699 2467 juxta
723 2436 880 2459 sanctorum
904 2432 1016 2459 Patrum

223 2477 390 2513 exemplum.
408 2477 468 2505 Non
490 2478 645 2513 possidebis
663 2485 784 2510 servum,
801 2485 892 2513 neque
905 2478 939 2505 ad
956 2481 1017 2504 tuos

224 2532 302 2559 usus,
319 2532 409 2560 neque
423 2525 457 2552 ad
473 2525 634 2552 monasterii
648 2524 693 2551 cui
715 2524 854 2559 praesides,
871 2531 923 2550 nec
937 2523 1018 2550 deni-

223 2577 277 2604 que
290 2570 325 2598 ad
344 2571 401 2606 agri
424 2570 477 2603 tui,
503 2571 646 2597 hominem
666 2570 712 2604 qui
738 2569 773 2596 ad
794 2569 842 2596 Dei
869 2568 1015 2604 imaginem

223 2617 314 2644 factus
327 2621 371 2644 est
390 2625 396 2644 :
415 2616 468 2644 boc
483 2616 557 2643 enim
572 2615 751 2643 saecularibus
767 2615 833 2642 solis
854 2622 1016 2642 concessum

224 2666 275 2689 est.
293 2661 335 2689 'l‘u
349 2669 415 2689 vero
432 2662 550 2697 teipsum
566 2661 698 2688 exhibere
723 2660 863 2687 unanimis
886 2659 1017 2687 fratribus

225 2708 280 2736 tuis
291 2716 402 2736 servum
418 2708 510 2735 animo
524 2707 618 2739 debes,
633 2707 699 2734 licet
714 2710 828 2733 externa
848 2706 940 2741 specie
955 2710 1017 2732 tan-

225 2763 306 2790 quam
324 2755 452 2783 dominus
467 2758 495 2782 et
508 2754 637 2790 magister
651 2752 786 2781 liabearis.
801 2751 924 2780 Femiuei
935 2759 1017 2779 sexus

265 2837 288 2854 ⁸⁸
306 2837 385 2864 Cant.
401 2842 419 2867 ι,
435 2834 463 2861 4.

1067 2338 1151 2371 ἰδίους
1172 2338 1218 2365 καὶ
1234 2338 1338 2373 φίλους.
1367 2338 1405 2365 Οὐ
1427 2337 1482 2373 γὰρ
1504 2338 1537 2365 ὲκ
1561 2338 1608 2365 τοῦ
1629 2339 1733 2374 κόσμου
1752 2337 1796 2372 εἴ,
1820 2341 1864 2367 ἴνα

1068 2384 1187 2420 μετέχῃς
1200 2383 1255 2410 τῶν
1271 2385 1304 2410 ὲκ
1323 2383 1369 2410 τοῦ
1383 2384 1501 2420 κόσμου’
1517 2384 1587 2417 πλὴν
1601 2385 1624 2410 εἰ
1645 2385 1684 2420 μή
1702 2393 1754 2410 που
1774 2394 1863 2420 μετα-

1068 2430 1145 2466 βαίέν
1160 2438 1232 2462 τινες
1246 2430 1279 2456 ὲκ
1292 2429 1339 2456 τοῦ
1357 2429 1516 2456 κοινωνικοῦ
1531 2429 1589 2465 βίου
1605 2431 1645 2462 είς
1661 2429 1692 2456 τὸ
1706 2429 1772 2457 καθ’
1787 2432 1864 2466 ἡμᾶς

1066 2476 1177 2510 τάγμα·
1206 2475 1254 2502 καὶ
1279 2474 1350 2502 οὕτω
1381 2475 1535 2510 φροντίσεις
1565 2473 1637 2502 κατὰ
1663 2476 1781 2511 μίμησιν
1808 2477 1864 2503 τῶν

1068 2521 1155 2555 ἁγίων
1176 2522 1316 2556 Πατὲρων.
1338 2521 1375 2547 Οὺ
1393 2521 1482 2557 κτήσῃ
1496 2520 1600 2554 δοῦλον,
1621 2520 1684 2548 οὔτε
1699 2522 1741 2553 είς
1755 2522 1864 2549 οίκείαν

1068 2565 1175 2601 χρείαν,
1201 2564 1264 2592 οὔτε
1288 2566 1329 2597 εἰς
1355 2566 1388 2601 ἦν
1413 2565 1579 2601 ἐπιστεύθης
1605 2566 1701 2601 μονὴν,
1730 2566 1795 2593 οὒτε
1823 2568 1866 2598 είς

1068 2612 1104 2645 ἀγ
1111 2611 1175 2646 ρούς
1191 2620 1250 2645 σου,
1269 2611 1316 2638 τὸν
1331 2611 1392 2638 κατ’
1408 2611 1501 2638 εἰκόνα
1523 2611 1590 2638 Θεοῦ
1605 2613 1737 2646 γεγονότα
1753 2612 1865 2646 ἂνθρω-

1069 2666 1119 2684 πον
1131 2665 1138 2672 ⁸
1160 2657 1239 2684 τοῦτο
1261 2658 1316 2693 γὰρ
1332 2657 1425 2693 μόνοις
1443 2658 1500 2689 τοῖς
1514 2658 1544 2684 ὲν
1559 2657 1598 2693 τῷ
1615 2658 1663 2694 βίῳ
1681 2657 1867 2693 συγκεχώρη-

1068 2712 1124 2730 ται.
1140 2703 1186 2730 Σοὶ
1200 2703 1228 2730 δὲ
1244 2703 1333 2738 χρεὼν
1356 2703 1452 2730 ἑαυτὸν
1472 2704 1624 2740 παρασχεῖν
1638 2704 1695 2735 τοῖς
1711 2703 1867 2739 όμοψύχοις

1070 2758 1116 2776 σου
1132 2749 1257 2784 ἀδελφοῖς
1279 2749 1372 2776 δοῦλον
1388 2750 1421 2785 τῇ
1439 2749 1568 2785 προθέσει
1582 2769 1589 2783 ,
1608 2749 1659 2777 κᾶν
1674 2751 1709 2785 τῇ
1731 2749 1786 2783 ἔξω
1803 2752 1865 2777 ἐπι-
