  <div class='ocr_page' id='page_1' title='image "/cluster/home/n/w/nwhite01/storage/ocr_20150623/99/njp.32101010943858/500.png"; bbox 0 0 1924 3077; ppageno 0'>
   <div class='ocr_carea' id='block_1_1' title="bbox 59 107 107 141">
    <p class='ocr_par' dir='ltr' id='par_1_1' title="bbox 59 107 107 141">
     <span class='ocr_line' id='line_1_1' title="bbox 59 107 107 141; baseline 0 -1"><span class='ocrx_word' id='word_1_1' title='bbox 59 107 107 141; x_wconf 71' lang='lat'><strong>941</strong></span> 
     </span>
    </p>
   </div>
   <div class='ocr_carea' id='block_1_2' title="bbox 672 107 1078 139">
    <p class='ocr_par' dir='ltr' id='par_1_2' title="bbox 672 107 1078 139">
     <span class='ocr_line' id='line_1_2' title="bbox 672 107 1078 139; baseline -0.005 0"><span class='ocrx_word' id='word_1_2' title='bbox 672 107 939 139; x_wconf 83' lang='lat' dir='ltr'><strong>EPISTOLARUM</strong></span> <span class='ocrx_word' id='word_1_3' title='bbox 959 108 1031 138; x_wconf 85' lang='lat' dir='ltr'><strong>LlB-</strong></span> <span class='ocrx_word' id='word_1_4' title='bbox 1053 108 1078 138; x_wconf 84' lang='grc' dir='ltr'><strong>Ι.</strong></span> 
     </span>
    </p>
   </div>
   <div class='ocr_carea' id='block_1_3' title="bbox 1642 107 1694 140">
    <p class='ocr_par' dir='ltr' id='par_1_3' title="bbox 1642 107 1694 140">
     <span class='ocr_line' id='line_1_3' title="bbox 1642 107 1694 140; baseline 0 -1"><span class='ocrx_word' id='word_1_5' title='bbox 1642 107 1694 140; x_wconf 66' lang='grc' dir='ltr'><strong>9ίὲ</strong></span> 
     </span>
    </p>
   </div>
   <div class='ocr_carea' id='block_1_4' title="bbox 58 160 854 199">
    <p class='ocr_par' dir='ltr' id='par_1_4' title="bbox 58 160 849 199">
     <span class='ocr_line' id='line_1_4' title="bbox 58 160 849 199; baseline -0.001 -9"><span class='ocrx_word' id='word_1_6' title='bbox 58 163 157 199; x_wconf 75' lang='grc' dir='ltr'>φανείᾳ</span> <span class='ocrx_word' id='word_1_7' title='bbox 182 162 220 194; x_wconf 80' lang='grc' dir='ltr'>ὼς</span> <span class='ocrx_word' id='word_1_8' title='bbox 247 161 381 196; x_wconf 79' lang='grc' dir='ltr'><strong>δεσπότης</strong></span> <span class='ocrx_word' id='word_1_9' title='bbox 410 161 506 196; x_wconf 82' lang='grc' dir='ltr'><strong>λογίζῃ</strong></span> <span class='ocrx_word' id='word_1_10' title='bbox 536 160 585 188; x_wconf 75' lang='grc' dir='ltr'>καὶ</span> <span class='ocrx_word' id='word_1_11' title='bbox 615 162 785 194; x_wconf 87' lang='grc' dir='ltr'>διδάσκαλος,</span> <span class='ocrx_word' id='word_1_12' title='bbox 812 163 849 188; x_wconf 71' lang='grc' dir='ltr'><strong>Οὐ</strong></span> 
     </span>
    </p>
   </div>
   <div class='ocr_carea' id='block_1_5' title="bbox 907 160 1696 199">
    <p class='ocr_par' dir='ltr' id='par_1_5' title="bbox 907 160 1696 192">
     <span class='ocr_line' id='line_1_5' title="bbox 907 160 1696 192; baseline 0.001 -4"><span class='ocrx_word' id='word_1_13' title='bbox 907 161 1006 188; x_wconf 80' lang='lat' dir='ltr'><strong>animal</strong></span> <span class='ocrx_word' id='word_1_14' title='bbox 1030 161 1063 188; x_wconf 86' lang='lat' dir='ltr'><strong>ad</strong></span> <span class='ocrx_word' id='word_1_15' title='bbox 1088 160 1242 188; x_wconf 86' lang='lat' dir='ltr'><strong>necessaria</strong></span> <span class='ocrx_word' id='word_1_16' title='bbox 1266 161 1421 188; x_wconf 85' lang='lat' dir='ltr'><strong>ministeria</strong></span> <span class='ocrx_word' id='word_1_17' title='bbox 1451 161 1556 189; x_wconf 85' lang='lat' dir='ltr'><strong>nullum</strong></span> <span class='ocrx_word' id='word_1_18' title='bbox 1582 161 1696 192; x_wconf 76' lang='lat' dir='ltr'><strong>habeas.</strong></span> 
     </span>
    </p>
   </div>
   <div class='ocr_carea' id='block_1_6' title="bbox 58 207 849 244">
    <p class='ocr_par' dir='ltr' id='par_1_6' title="bbox 58 207 849 244">
     <span class='ocr_line' id='line_1_6' title="bbox 58 207 849 244; baseline -0.003 -8"><span class='ocrx_word' id='word_1_19' title='bbox 58 209 150 244; x_wconf 75' lang='grc' dir='ltr'>σχοίης</span> <span class='ocrx_word' id='word_1_20' title='bbox 174 208 244 240; x_wconf 83' lang='grc' dir='ltr'>ζῶον</span> <span class='ocrx_word' id='word_1_21' title='bbox 265 209 321 235; x_wconf 82' lang='grc' dir='ltr'>τῶν</span> <span class='ocrx_word' id='word_1_22' title='bbox 341 209 374 234; x_wconf 79' lang='grc' dir='ltr'>ὲκ</span> <span class='ocrx_word' id='word_1_23' title='bbox 394 207 441 234; x_wconf 83' lang='grc' dir='ltr'>τοῦ</span> <span class='ocrx_word' id='word_1_24' title='bbox 465 207 561 242; x_wconf 81' lang='grc' dir='ltr'>Θήλεος</span> <span class='ocrx_word' id='word_1_25' title='bbox 577 208 674 241; x_wconf 79' lang='grc' dir='ltr'>γένους</span> <span class='ocrx_word' id='word_1_26' title='bbox 691 209 732 239; x_wconf 81' lang='grc' dir='ltr'>εἰς</span> <span class='ocrx_word' id='word_1_27' title='bbox 753 208 849 243; x_wconf 79' lang='grc' dir='ltr'>χρείαν</span> 
     </span>
    </p>
   </div>
   <div class='ocr_carea' id='block_1_7' title="bbox 59 253 847 290">
    <p class='ocr_par' dir='ltr' id='par_1_7' title="bbox 59 253 847 290">
     <span class='ocr_line' id='line_1_7' title="bbox 59 253 847 290; baseline -0.003 -8"><span class='ocrx_word' id='word_1_28' title='bbox 59 254 242 290; x_wconf 79' lang='grc' dir='ltr'>ὁπουργικὴν,</span> <span class='ocrx_word' id='word_1_29' title='bbox 256 255 271 281; x_wconf 85' lang='grc' dir='ltr'><strong>ό</strong></span> <span class='ocrx_word' id='word_1_30' title='bbox 285 254 324 289; x_wconf 83' lang='grc' dir='ltr'><strong>τῷ</strong></span> <span class='ocrx_word' id='word_1_31' title='bbox 340 254 417 289; x_wconf 77' lang='grc' dir='ltr'>θήλει</span> <span class='ocrx_word' id='word_1_32' title='bbox 436 253 612 281; x_wconf 84' lang='grc' dir='ltr'>παντάπασιν</span> <span class='ocrx_word' id='word_1_33' title='bbox 628 254 847 289; x_wconf 81' lang='grc' dir='ltr'>ἀποταξάμενος·</span> 
     </span>
    </p>
   </div>
   <div class='ocr_carea' id='block_1_8' title="bbox 57 299 849 334">
    <p class='ocr_par' dir='ltr' id='par_1_8' title="bbox 57 299 849 334">
     <span class='ocr_line' id='line_1_8' title="bbox 57 299 849 334; baseline -0.001 -7"><span class='ocrx_word' id='word_1_34' title='bbox 57 300 119 328; x_wconf 76' lang='grc' dir='ltr'>οὒτε</span> <span class='ocrx_word' id='word_1_35' title='bbox 134 300 163 326; x_wconf 82' lang='grc' dir='ltr'>ἐν</span> <span class='ocrx_word' id='word_1_36' title='bbox 177 301 210 334; x_wconf 88' lang='grc' dir='ltr'>τῇ</span> <span class='ocrx_word' id='word_1_37' title='bbox 227 300 308 334; x_wconf 80' lang='grc' dir='ltr'>μονῇ,</span> <span class='ocrx_word' id='word_1_38' title='bbox 328 299 391 326; x_wconf 82' lang='grc' dir='ltr'>οὕτε</span> <span class='ocrx_word' id='word_1_39' title='bbox 408 300 436 325; x_wconf 80' lang='grc' dir='ltr'>ἐν</span> <span class='ocrx_word' id='word_1_40' title='bbox 452 300 509 330; x_wconf 83' lang='grc' dir='ltr'>τοῖς</span> <span class='ocrx_word' id='word_1_41' title='bbox 522 299 617 334; x_wconf 78' lang='grc' dir='ltr'><strong>ἀγροῖς</strong></span> <span class='ocrx_word' id='word_1_42' title='bbox 627 307 633 313; x_wconf 90' lang='grc'><strong>·</strong></span> <span class='ocrx_word' id='word_1_43' title='bbox 651 299 744 331; x_wconf 88' lang='grc' dir='ltr'>καθὼς</span> <span class='ocrx_word' id='word_1_44' title='bbox 762 300 849 331; x_wconf 75' lang='grc' dir='ltr'>οὐδεὶς</span> 
     </span>
    </p>
   </div>
   <div class='ocr_carea' id='block_1_9' title="bbox 58 344 849 380">
    <p class='ocr_par' dir='ltr' id='par_1_9' title="bbox 58 344 849 380">
     <span class='ocr_line' id='line_1_9' title="bbox 58 344 849 380; baseline 0 -8"><span class='ocrx_word' id='word_1_45' title='bbox 58 345 113 372; x_wconf 82' lang='grc' dir='ltr'>τῶν</span> <span class='ocrx_word' id='word_1_46' title='bbox 129 345 211 372; x_wconf 72' lang='grc' dir='ltr'>ὁσίων</span> <span class='ocrx_word' id='word_1_47' title='bbox 225 345 272 371; x_wconf 78' lang='grc' dir='ltr'>καὶ</span> <span class='ocrx_word' id='word_1_48' title='bbox 283 344 369 378; x_wconf 79' lang='grc' dir='ltr'>ἁγίων</span> <span class='ocrx_word' id='word_1_49' title='bbox 386 344 519 380; x_wconf 79' lang='grc' dir='ltr'>Πατέρων</span> <span class='ocrx_word' id='word_1_50' title='bbox 534 345 613 380; x_wconf 81' lang='grc' dir='ltr'>ήμῶν</span> <span class='ocrx_word' id='word_1_51' title='bbox 632 345 849 380; x_wconf 56' lang='lat' dir='ltr'><strong>expilata-50,0615</strong></span> 
     </span>
    </p>
   </div>
   <div class='ocr_carea' id='block_1_10' title="bbox 59 391 849 428">
    <p class='ocr_par' dir='ltr' id='par_1_10' title="bbox 59 391 849 428">
     <span class='ocr_line' id='line_1_10' title="bbox 59 391 849 428; baseline 0.001 -11"><span class='ocrx_word' id='word_1_52' title='bbox 59 393 75 426; x_wconf 86' lang='grc' dir='ltr'><strong>ἡ</strong></span> <span class='ocrx_word' id='word_1_53' title='bbox 94 391 175 426; x_wconf 74' lang='grc' dir='ltr'>φύσις</span> <span class='ocrx_word' id='word_1_54' title='bbox 187 391 258 426; x_wconf 81' lang='grc' dir='ltr'>αὑτὴ</span> <span class='ocrx_word' id='word_1_55' title='bbox 274 391 429 425; x_wconf 77' lang='grc' dir='ltr'>ἐπιτρέπει.</span> <span class='ocrx_word' id='word_1_56' title='bbox 457 391 514 418; x_wconf 79' lang='grc' dir='ltr'><strong>Οὐκ</strong></span> <span class='ocrx_word' id='word_1_57' title='bbox 532 391 716 426; x_wconf 79' lang='grc' dir='ltr'><strong>ἐποχούμενος</strong></span> <span class='ocrx_word' id='word_1_58' title='bbox 734 392 784 428; x_wconf 79' lang='grc' dir='ltr'><strong>ἔσῃ</strong></span> <span class='ocrx_word' id='word_1_59' title='bbox 803 392 849 418; x_wconf 84' lang='grc' dir='ltr'><strong>ἴπ-</strong></span> 
     </span>
    </p>
   </div>
   <div class='ocr_carea' id='block_1_11' title="bbox 60 435 849 473">
    <p class='ocr_par' dir='ltr' id='par_1_11' title="bbox 60 435 849 473">
     <span class='ocr_line' id='line_1_11' title="bbox 60 435 849 473; baseline 0.004 -12"><span class='ocrx_word' id='word_1_60' title='bbox 60 443 120 467; x_wconf 85' lang='grc' dir='ltr'>ποις</span> <span class='ocrx_word' id='word_1_61' title='bbox 139 435 187 462; x_wconf 80' lang='grc' dir='ltr'>καὶ</span> <span class='ocrx_word' id='word_1_62' title='bbox 200 435 323 470; x_wconf 73' lang='grc' dir='ltr'>ἡμιόνοις</span> <span class='ocrx_word' id='word_1_63' title='bbox 337 435 401 462; x_wconf 80' lang='grc' dir='ltr'>ἄνευ</span> <span class='ocrx_word' id='word_1_64' title='bbox 414 435 538 471; x_wconf 80' lang='grc' dir='ltr'><strong>ἀνάγκης</strong></span> <span class='ocrx_word' id='word_1_65' title='bbox 547 445 554 451; x_wconf 89' lang='grc'><strong>·</strong></span> <span class='ocrx_word' id='word_1_66' title='bbox 570 436 637 462; x_wconf 86' lang='grc' dir='ltr'><strong>ἀλλά</strong></span> <span class='ocrx_word' id='word_1_67' title='bbox 654 437 849 473; x_wconf 83' lang='grc' dir='ltr'>Χριστομιμή-</span> 
     </span>
    </p>
   </div>
   <div class='ocr_carea' id='block_1_12' title="bbox 58 481 850 516">
    <p class='ocr_par' dir='ltr' id='par_1_12' title="bbox 58 481 850 516">
     <span class='ocr_line' id='line_1_12' title="bbox 58 481 850 516; baseline 0.001 -9"><span class='ocrx_word' id='word_1_68' title='bbox 58 490 112 512; x_wconf 85' lang='grc' dir='ltr'><strong>τως</strong></span> <span class='ocrx_word' id='word_1_69' title='bbox 125 481 336 516; x_wconf 79' lang='grc' dir='ltr'>πεζοπορήσεις.</span> <span class='ocrx_word' id='word_1_70' title='bbox 348 481 380 507; x_wconf 77' lang='lat' dir='ltr'><strong>El</strong></span> <span class='ocrx_word' id='word_1_71' title='bbox 393 481 415 507; x_wconf 83' lang='grc' dir='ltr'>δ’</span> <span class='ocrx_word' id='word_1_72' title='bbox 431 481 461 507; x_wconf 81' lang='grc' dir='ltr'>οὕ</span> <span class='ocrx_word' id='word_1_73' title='bbox 472 490 480 497; x_wconf 88' lang='grc'>·</span> <span class='ocrx_word' id='word_1_74' title='bbox 496 481 587 513; x_wconf 86' lang='grc' dir='ltr'>πῶλός</span> <span class='ocrx_word' id='word_1_75' title='bbox 602 491 644 508; x_wconf 86' lang='grc' dir='ltr'><strong>σοι</strong></span> <span class='ocrx_word' id='word_1_76' title='bbox 658 482 688 508; x_wconf 84' lang='grc' dir='ltr'><strong>τὸ</strong></span> <span class='ocrx_word' id='word_1_77' title='bbox 702 482 850 516; x_wconf 80' lang='grc' dir='ltr'>ὑποζύγιον</span> 
     </span>
    </p>
   </div>
   <div class='ocr_carea' id='block_1_13' title="bbox 58 527 849 564">
    <p class='ocr_par' dir='ltr' id='par_1_13' title="bbox 58 527 849 564">
     <span class='ocr_line' id='line_1_13' title="bbox 58 527 849 564; baseline 0.003 -11"><span class='ocrx_word' id='word_1_78' title='bbox 58 527 146 554; x_wconf 74' lang='grc' dir='ltr'>ἔσται.</span> <span class='ocrx_word' id='word_1_79' title='bbox 164 527 374 563; x_wconf 80' lang='grc' dir='ltr'>Παραφυλάξεις</span> <span class='ocrx_word' id='word_1_80' title='bbox 395 527 504 560; x_wconf 83' lang='grc' dir='ltr'>πάντως</span> <span class='ocrx_word' id='word_1_81' title='bbox 519 528 550 554; x_wconf 86' lang='grc' dir='ltr'><strong>τὺ</strong></span> <span class='ocrx_word' id='word_1_82' title='bbox 562 527 596 554; x_wconf 84' lang='grc' dir='ltr'><strong>τὰ</strong></span> <span class='ocrx_word' id='word_1_83' title='bbox 610 528 699 555; x_wconf 82' lang='grc' dir='ltr'>πάντα</span> <span class='ocrx_word' id='word_1_84' title='bbox 712 529 748 555; x_wconf 77' lang='grc' dir='ltr'><strong>τά</strong></span> <span class='ocrx_word' id='word_1_85' title='bbox 767 530 797 555; x_wconf 80' lang='grc' dir='ltr'>ὲν</span> <span class='ocrx_word' id='word_1_86' title='bbox 815 530 849 564; x_wconf 86' lang='grc' dir='ltr'>τῇ</span> 
     </span>
    </p>
   </div>
   <div class='ocr_carea' id='block_1_14' title="bbox 57 571 850 610">
    <p class='ocr_par' dir='ltr' id='par_1_14' title="bbox 57 571 850 610">
     <span class='ocr_line' id='line_1_14' title="bbox 57 571 850 610; baseline 0.004 -12"><span class='ocrx_word' id='word_1_87' title='bbox 57 572 224 608; x_wconf 77' lang='grc' dir='ltr'><strong>ἀδελφότητι</strong></span> <span class='ocrx_word' id='word_1_88' title='bbox 244 573 324 599; x_wconf 85' lang='grc' dir='ltr'>κοινά</span> <span class='ocrx_word' id='word_1_89' title='bbox 348 571 419 600; x_wconf 74' lang='grc' dir='ltr'>εἶναι</span> <span class='ocrx_word' id='word_1_90' title='bbox 437 574 484 600; x_wconf 80' lang='grc' dir='ltr'>καὶ</span> <span class='ocrx_word' id='word_1_91' title='bbox 510 574 666 609; x_wconf 79' lang='grc' dir='ltr'>ἀμέριστα·</span> <span class='ocrx_word' id='word_1_92' title='bbox 694 576 742 601; x_wconf 79' lang='grc' dir='ltr'>καὶ</span> <span class='ocrx_word' id='word_1_93' title='bbox 767 574 850 610; x_wconf 78' lang='grc' dir='ltr'>μηδὲν</span> 
     </span>
    </p>
   </div>
   <div class='ocr_carea' id='block_1_15' title="bbox 57 616 850 654">
    <p class='ocr_par' dir='ltr' id='par_1_15' title="bbox 57 616 850 654">
     <span class='ocr_line' id='line_1_15' title="bbox 57 616 850 654; baseline 0.004 -12"><span class='ocrx_word' id='word_1_94' title='bbox 57 617 130 642; x_wconf 69' lang='grc' dir='ltr'>κατὰ</span> <span class='ocrx_word' id='word_1_95' title='bbox 145 616 228 651; x_wconf 79' lang='grc' dir='ltr'>μέρος</span> <span class='ocrx_word' id='word_1_96' title='bbox 242 616 289 643; x_wconf 86' lang='grc' dir='ltr'>τοῦ</span> <span class='ocrx_word' id='word_1_97' title='bbox 304 617 475 643; x_wconf 81' lang='grc' dir='ltr'>καθὲκαστον</span> <span class='ocrx_word' id='word_1_98' title='bbox 491 617 531 647; x_wconf 90' lang='grc' dir='ltr'><strong>είς</strong></span> <span class='ocrx_word' id='word_1_99' title='bbox 546 617 752 653; x_wconf 79' lang='grc' dir='ltr'>ὲξαυθέντησιν,</span> <span class='ocrx_word' id='word_1_100' title='bbox 769 619 850 654; x_wconf 86' lang='grc' dir='ltr'>μέχρι</span> 
     </span>
    </p>
   </div>
   <div class='ocr_carea' id='block_1_16' title="bbox 57 661 851 700">
    <p class='ocr_par' dir='ltr' id='par_1_16' title="bbox 57 661 851 700">
     <span class='ocr_line' id='line_1_16' title="bbox 57 661 851 700; baseline 0.005 -12"><span class='ocrx_word' id='word_1_101' title='bbox 57 662 107 689; x_wconf 80' lang='grc' dir='ltr'>καὶ</span> <span class='ocrx_word' id='word_1_102' title='bbox 121 662 246 697; x_wconf 76' lang='grc' dir='ltr'>ῥαφίδος.</span> <span class='ocrx_word' id='word_1_103' title='bbox 261 661 313 689; x_wconf 83' lang='grc' dir='ltr'><strong>Σοῦ</strong></span> <span class='ocrx_word' id='word_1_104' title='bbox 326 662 355 688; x_wconf 87' lang='grc' dir='ltr'>δὲ</span> <span class='ocrx_word' id='word_1_105' title='bbox 369 662 416 689; x_wconf 81' lang='grc' dir='ltr'>καὶ</span> <span class='ocrx_word' id='word_1_106' title='bbox 430 662 461 689; x_wconf 82' lang='grc' dir='ltr'><strong>τὺ</strong></span> <span class='ocrx_word' id='word_1_107' title='bbox 475 662 555 698; x_wconf 83' lang='grc' dir='ltr'>σῶμα</span> <span class='ocrx_word' id='word_1_108' title='bbox 567 664 615 690; x_wconf 80' lang='grc' dir='ltr'>καὶ</span> <span class='ocrx_word' id='word_1_109' title='bbox 631 664 647 699; x_wconf 95' lang='grc' dir='ltr'><strong>ή</strong></span> <span class='ocrx_word' id='word_1_110' title='bbox 664 664 737 700; x_wconf 87' lang='grc' dir='ltr'>ψυχὴ</span> <span class='ocrx_word' id='word_1_111' title='bbox 747 685 754 697; x_wconf 89' lang='grc'><strong>,</strong></span> <span class='ocrx_word' id='word_1_112' title='bbox 771 665 808 700; x_wconf 85' lang='grc' dir='ltr'><strong>μή</strong></span> <span class='ocrx_word' id='word_1_113' title='bbox 824 665 851 692; x_wconf 89' lang='grc' dir='ltr'><strong>τί</strong></span> 
     </span>
    </p>
   </div>
   <div class='ocr_carea' id='block_1_17' title="bbox 57 707 851 745">
    <p class='ocr_par' dir='ltr' id='par_1_17' title="bbox 57 707 851 745">
     <span class='ocr_line' id='line_1_17' title="bbox 57 707 851 745; baseline 0.005 -12"><span class='ocrx_word' id='word_1_114' title='bbox 57 715 90 742; x_wconf 70' lang='grc' dir='ltr'><strong>γε</strong></span> <span class='ocrx_word' id='word_1_115' title='bbox 108 708 184 740; x_wconf 78' lang='grc' dir='ltr'>ἄλλο,</span> <span class='ocrx_word' id='word_1_116' title='bbox 195 707 316 734; x_wconf 72' lang='grc' dir='ltr'>εστωσαν</span> <span class='ocrx_word' id='word_1_117' title='bbox 328 707 445 743; x_wconf 83' lang='grc' dir='ltr'>διαμεμε</span> <span class='ocrx_word' id='word_1_118' title='bbox 451 708 566 744; x_wconf 85' lang='grc' dir='ltr'>ρισμένα</span> <span class='ocrx_word' id='word_1_119' title='bbox 580 709 609 736; x_wconf 84' lang='grc' dir='ltr'>ὲν</span> <span class='ocrx_word' id='word_1_120' title='bbox 625 709 729 745; x_wconf 75' lang='grc' dir='ltr'>ἰσότητι</span> <span class='ocrx_word' id='word_1_121' title='bbox 740 710 851 744; x_wconf 80' lang='grc' dir='ltr'><strong>ἀγάπης</strong></span> 
     </span>
    </p>
   </div>
   <div class='ocr_carea' id='block_1_18' title="bbox 58 753 849 791">
    <p class='ocr_par' dir='ltr' id='par_1_18' title="bbox 58 753 849 791">
     <span class='ocr_line' id='line_1_18' title="bbox 58 753 849 791; baseline 0.004 -11"><span class='ocrx_word' id='word_1_122' title='bbox 58 754 128 780; x_wconf 77' lang='grc' dir='ltr'>πᾶσι</span> <span class='ocrx_word' id='word_1_123' title='bbox 144 754 201 784; x_wconf 84' lang='grc' dir='ltr'>τοῖς</span> <span class='ocrx_word' id='word_1_124' title='bbox 221 755 418 789; x_wconf 81' lang='grc' dir='ltr'><strong>πνευματικοῖς</strong></span> <span class='ocrx_word' id='word_1_125' title='bbox 442 762 489 780; x_wconf 85' lang='grc' dir='ltr'><strong>σου</strong></span> <span class='ocrx_word' id='word_1_126' title='bbox 512 753 619 786; x_wconf 79' lang='grc' dir='ltr'>τέκνοις</span> <span class='ocrx_word' id='word_1_127' title='bbox 640 756 688 782; x_wconf 81' lang='grc' dir='ltr'>καὶ</span> <span class='ocrx_word' id='word_1_128' title='bbox 712 755 849 791; x_wconf 81' lang='grc' dir='ltr'>ἀδελφοῖς.</span> 
     </span>
    </p>
   </div>
   <div class='ocr_carea' id='block_1_19' title="bbox 59 798 851 836">
    <p class='ocr_par' dir='ltr' id='par_1_19' title="bbox 59 798 851 836">
     <span class='ocr_line' id='line_1_19' title="bbox 59 798 851 836; baseline 0.004 -10"><span class='ocrx_word' id='word_1_129' title='bbox 59 799 119 826; x_wconf 82' lang='grc' dir='ltr'><strong>οὐκ</strong></span> <span class='ocrx_word' id='word_1_130' title='bbox 134 798 305 832; x_wconf 78' lang='grc' dir='ltr'>ὲξουσιάσεις</span> <span class='ocrx_word' id='word_1_131' title='bbox 319 799 367 826; x_wconf 73' lang='grc' dir='ltr'><strong>ἐπὶ</strong></span> <span class='ocrx_word' id='word_1_132' title='bbox 381 801 438 832; x_wconf 86' lang='grc' dir='ltr'>τοῖς</span> <span class='ocrx_word' id='word_1_133' title='bbox 451 799 527 826; x_wconf 79' lang='grc' dir='ltr'>δυσὶν</span> <span class='ocrx_word' id='word_1_134' title='bbox 543 801 669 836; x_wconf 77' lang='grc' dir='ltr'><strong>ἀδελφοῖς</strong></span> <span class='ocrx_word' id='word_1_135' title='bbox 682 810 729 828; x_wconf 90' lang='grc' dir='ltr'><strong>σου</strong></span> <span class='ocrx_word' id='word_1_136' title='bbox 744 801 792 829; x_wconf 75' lang='grc' dir='ltr'>καὶ</span> <span class='ocrx_word' id='word_1_137' title='bbox 807 802 851 829; x_wconf 81' lang='grc' dir='ltr'><strong>τέ-</strong></span> 
     </span>
    </p>
   </div>
   <div class='ocr_carea' id='block_1_20' title="bbox 60 844 854 884">
    <p class='ocr_par' dir='ltr' id='par_1_20' title="bbox 60 844 854 884">
     <span class='ocr_line' id='line_1_20' title="bbox 60 844 854 884; baseline 0.005 -13"><span class='ocrx_word' id='word_1_138' title='bbox 60 854 139 876; x_wconf 88' lang='grc' dir='ltr'>κνοις</span> <span class='ocrx_word' id='word_1_139' title='bbox 157 853 208 880; x_wconf 88' lang='grc' dir='ltr'><strong>μου</strong></span> <span class='ocrx_word' id='word_1_140' title='bbox 219 853 227 860; x_wconf 93' lang='grc'><strong>·</strong></span> <span class='ocrx_word' id='word_1_141' title='bbox 241 845 302 872; x_wconf 78' lang='grc' dir='ltr'>οὔτε</span> <span class='ocrx_word' id='word_1_142' title='bbox 318 844 386 881; x_wconf 78' lang='grc' dir='ltr'>πρὸς</span> <span class='ocrx_word' id='word_1_143' title='bbox 401 846 499 880; x_wconf 77' lang='grc' dir='ltr'>ἀρχὴν,</span> <span class='ocrx_word' id='word_1_144' title='bbox 519 846 581 873; x_wconf 74' lang='grc' dir='ltr'>οὔτε</span> <span class='ocrx_word' id='word_1_145' title='bbox 595 847 665 882; x_wconf 79' lang='grc' dir='ltr'>πρὸς</span> <span class='ocrx_word' id='word_1_146' title='bbox 686 848 854 884; x_wconf 83' lang='grc' dir='ltr'>χειροτονίαν</span> 
     </span>
    </p>
   </div>
   <div class='ocr_carea' id='block_1_21' title="bbox 60 891 852 927">
    <p class='ocr_par' dir='ltr' id='par_1_21' title="bbox 60 891 852 927">
     <span class='ocr_line' id='line_1_21' title="bbox 60 891 852 927; baseline 0.004 -10"><span class='ocrx_word' id='word_1_147' title='bbox 60 891 166 927; x_wconf 80' lang='grc' dir='ltr'>πρᾶξαί</span> <span class='ocrx_word' id='word_1_148' title='bbox 183 899 210 917; x_wconf 82' lang='grc' dir='ltr'><strong>τι</strong></span> <span class='ocrx_word' id='word_1_149' title='bbox 226 891 312 926; x_wconf 77' lang='grc' dir='ltr'>παρὲξ</span> <span class='ocrx_word' id='word_1_150' title='bbox 334 892 382 926; x_wconf 83' lang='grc' dir='ltr'>τῆς</span> <span class='ocrx_word' id='word_1_151' title='bbox 406 892 545 926; x_wconf 72' lang='grc' dir='ltr'>πατρικῆς</span> <span class='ocrx_word' id='word_1_152' title='bbox 561 901 608 919; x_wconf 87' lang='grc' dir='ltr'><strong>σου</strong></span> <span class='ocrx_word' id='word_1_153' title='bbox 624 893 785 925; x_wconf 79' lang='grc' dir='ltr'>ἐντάλσεως.</span> <span class='ocrx_word' id='word_1_154' title='bbox 814 894 852 920; x_wconf 86' lang='grc' dir='ltr'><strong>Οὐ</strong></span> 
     </span>
    </p>
   </div>
   <div class='ocr_carea' id='block_1_22' title="bbox 62 937 853 975">
    <p class='ocr_par' dir='ltr' id='par_1_22' title="bbox 62 937 853 975">
     <span class='ocr_line' id='line_1_22' title="bbox 62 937 853 975; baseline 0.005 -12"><span class='ocrx_word' id='word_1_155' title='bbox 62 938 158 972; x_wconf 83' lang='grc' dir='ltr'>σ’χοίης</span> <span class='ocrx_word' id='word_1_156' title='bbox 177 937 246 971; x_wconf 82' lang='grc' dir='ltr'>μετὰ</span> <span class='ocrx_word' id='word_1_157' title='bbox 260 937 402 973; x_wconf 87' lang='grc' dir='ltr'>κοσμικῶν</span> <span class='ocrx_word' id='word_1_158' title='bbox 417 938 628 973; x_wconf 87' lang='grc' dir='ltr'>άδελφοποιίας,</span> <span class='ocrx_word' id='word_1_159' title='bbox 649 940 665 975; x_wconf 80' lang='grc' dir='ltr'>ἢ</span> <span class='ocrx_word' id='word_1_160' title='bbox 686 939 853 973; x_wconf 84' lang='grc' dir='ltr'>συντεκνίας,</span> 
     </span>
    </p>
   </div>
   <div class='ocr_carea' id='block_1_23' title="bbox 58 984 852 1022">
    <p class='ocr_par' dir='ltr' id='par_1_23' title="bbox 58 984 852 1022">
     <span class='ocr_line' id='line_1_23' title="bbox 58 984 852 1022; baseline 0.003 -12"><span class='ocrx_word' id='word_1_161' title='bbox 58 985 74 1011; x_wconf 82' lang='grc' dir='ltr'>ὁ</span> <span class='ocrx_word' id='word_1_162' title='bbox 89 984 181 1018; x_wconf 85' lang='grc' dir='ltr'>φυγὰς</span> <span class='ocrx_word' id='word_1_163' title='bbox 195 984 244 1011; x_wconf 82' lang='grc' dir='ltr'><strong>τοῦ</strong></span> <span class='ocrx_word' id='word_1_164' title='bbox 259 984 365 1019; x_wconf 81' lang='grc' dir='ltr'>κόσμου</span> <span class='ocrx_word' id='word_1_165' title='bbox 378 984 426 1011; x_wconf 73' lang='grc' dir='ltr'>καὶ</span> <span class='ocrx_word' id='word_1_166' title='bbox 438 984 485 1011; x_wconf 83' lang='grc' dir='ltr'>τοῦ</span> <span class='ocrx_word' id='word_1_167' title='bbox 499 986 601 1020; x_wconf 88' lang='grc' dir='ltr'>γάμου.</span> <span class='ocrx_word' id='word_1_168' title='bbox 619 986 656 1012; x_wconf 76' lang='grc' dir='ltr'><strong>Οὐ</strong></span> <span class='ocrx_word' id='word_1_169' title='bbox 671 986 726 1021; x_wconf 82' lang='grc' dir='ltr'><strong>γάρ</strong></span> <span class='ocrx_word' id='word_1_170' title='bbox 739 986 852 1022; x_wconf 83' lang='grc' dir='ltr'>εὓρηται</span> 
     </span>
    </p>
   </div>
   <div class='ocr_carea' id='block_1_24' title="bbox 60 1031 853 1068">
    <p class='ocr_par' dir='ltr' id='par_1_24' title="bbox 60 1031 853 1068">
     <span class='ocr_line' id='line_1_24' title="bbox 60 1031 853 1068; baseline 0.004 -12"><span class='ocrx_word' id='word_1_171' title='bbox 60 1031 90 1056; x_wconf 83' lang='grc' dir='ltr'>ὲν</span> <span class='ocrx_word' id='word_1_172' title='bbox 107 1032 165 1062; x_wconf 80' lang='grc' dir='ltr'>τοῖς</span> <span class='ocrx_word' id='word_1_173' title='bbox 179 1031 328 1066; x_wconf 84' lang='grc' dir='ltr'>Πατράσιν·</span> <span class='ocrx_word' id='word_1_174' title='bbox 348 1031 373 1057; x_wconf 81' lang='grc' dir='ltr'>εἰ</span> <span class='ocrx_word' id='word_1_175' title='bbox 387 1031 415 1058; x_wconf 83' lang='grc' dir='ltr'>δὲ</span> <span class='ocrx_word' id='word_1_176' title='bbox 434 1032 481 1058; x_wconf 77' lang='grc' dir='ltr'>καὶ</span> <span class='ocrx_word' id='word_1_177' title='bbox 496 1031 621 1068; x_wconf 78' lang='grc' dir='ltr'>εὕρηται,</span> <span class='ocrx_word' id='word_1_178' title='bbox 637 1032 792 1064; x_wconf 77' lang='grc' dir='ltr'>σπανιάκις,</span> <span class='ocrx_word' id='word_1_179' title='bbox 805 1032 853 1059; x_wconf 81' lang='grc' dir='ltr'>καὶ</span> 
     </span>
    </p>
   </div>
   <div class='ocr_carea' id='block_1_25' title="bbox 60 1076 851 1113">
    <p class='ocr_par' dir='ltr' id='par_1_25' title="bbox 60 1076 851 1113">
     <span class='ocr_line' id='line_1_25' title="bbox 60 1076 851 1113; baseline 0.003 -11"><span class='ocrx_word' id='word_1_180' title='bbox 60 1076 144 1102; x_wconf 78' lang='grc' dir='ltr'>τοῦτο</span> <span class='ocrx_word' id='word_1_181' title='bbox 171 1076 203 1103; x_wconf 89' lang='grc' dir='ltr'>οὺ</span> <span class='ocrx_word' id='word_1_182' title='bbox 225 1077 318 1112; x_wconf 86' lang='grc' dir='ltr'>νόμος.</span> <span class='ocrx_word' id='word_1_183' title='bbox 344 1076 381 1103; x_wconf 88' lang='grc' dir='ltr'><strong>οὐ</strong></span> <span class='ocrx_word' id='word_1_184' title='bbox 410 1078 588 1113; x_wconf 80' lang='grc' dir='ltr'>συνεστιαθῇς</span> <span class='ocrx_word' id='word_1_185' title='bbox 610 1077 680 1113; x_wconf 77' lang='grc' dir='ltr'>μετὰ</span> <span class='ocrx_word' id='word_1_186' title='bbox 702 1078 851 1112; x_wconf 84' lang='grc' dir='ltr'>γυναικῶν,</span> 
     </span>
    </p>
   </div>
   <div class='ocr_carea' id='block_1_26' title="bbox 61 1121 854 1157">
    <p class='ocr_par' dir='ltr' id='par_1_26' title="bbox 61 1121 854 1157">
     <span class='ocr_line' id='line_1_26' title="bbox 61 1121 854 1157; baseline 0 -9"><span class='ocrx_word' id='word_1_187' title='bbox 61 1121 134 1155; x_wconf 79' lang='grc' dir='ltr'>πλὴν</span> <span class='ocrx_word' id='word_1_188' title='bbox 151 1121 201 1155; x_wconf 87' lang='grc' dir='ltr'><strong>τῆς</strong></span> <span class='ocrx_word' id='word_1_189' title='bbox 219 1121 290 1148; x_wconf 87' lang='grc' dir='ltr'>κατὰ</span> <span class='ocrx_word' id='word_1_190' title='bbox 315 1121 405 1156; x_wconf 84' lang='grc' dir='ltr'>σάρκα</span> <span class='ocrx_word' id='word_1_191' title='bbox 431 1121 549 1157; x_wconf 74' lang='grc' dir='ltr'>μητρὸς,</span> <span class='ocrx_word' id='word_1_192' title='bbox 571 1121 618 1148; x_wconf 74' lang='grc' dir='ltr'>καὶ</span> <span class='ocrx_word' id='word_1_193' title='bbox 642 1121 779 1156; x_wconf 82' lang='grc' dir='ltr'><strong>ἀδελφῆς,</strong></span> <span class='ocrx_word' id='word_1_194' title='bbox 803 1122 854 1148; x_wconf 88' lang='grc' dir='ltr'>οὑκ</span> 
     </span>
    </p>
   </div>
   <div class='ocr_carea' id='block_1_27' title="bbox 60 1164 853 1203">
    <p class='ocr_par' dir='ltr' id='par_1_27' title="bbox 60 1164 853 1203">
     <span class='ocr_line' id='line_1_27' title="bbox 60 1164 853 1203; baseline 0.003 -11"><span class='ocrx_word' id='word_1_195' title='bbox 60 1164 121 1193; x_wconf 75' lang='grc' dir='ltr'>οἶδα</span> <span class='ocrx_word' id='word_1_196' title='bbox 134 1167 159 1192; x_wconf 89' lang='grc' dir='ltr'><strong>εί</strong></span> <span class='ocrx_word' id='word_1_197' title='bbox 176 1167 212 1202; x_wconf 88' lang='grc' dir='ltr'><strong>μή</strong></span> <span class='ocrx_word' id='word_1_198' title='bbox 232 1175 275 1198; x_wconf 85' lang='grc' dir='ltr'><strong>τις</strong></span> <span class='ocrx_word' id='word_1_199' title='bbox 289 1167 333 1202; x_wconf 86' lang='grc' dir='ltr'>βία</span> <span class='ocrx_word' id='word_1_200' title='bbox 347 1167 394 1194; x_wconf 72' lang='grc' dir='ltr'><strong>καὶ</strong></span> <span class='ocrx_word' id='word_1_201' title='bbox 405 1167 524 1202; x_wconf 81' lang='grc' dir='ltr'>ἀνάγκη,</span> <span class='ocrx_word' id='word_1_202' title='bbox 545 1166 637 1199; x_wconf 85' lang='grc' dir='ltr'>καθὼς</span> <span class='ocrx_word' id='word_1_203' title='bbox 650 1167 853 1203; x_wconf 85' lang='grc' dir='ltr'>παρακελεύον-</span> 
     </span>
    </p>
   </div>
   <div class='ocr_carea' id='block_1_28' title="bbox 59 1211 854 1250">
    <p class='ocr_par' dir='ltr' id='par_1_28' title="bbox 59 1211 854 1250">
     <span class='ocr_line' id='line_1_28' title="bbox 59 1211 854 1250; baseline 0.008 -13"><span class='ocrx_word' id='word_1_204' title='bbox 59 1219 108 1238; x_wconf 87' lang='grc' dir='ltr'><strong>ται</strong></span> <span class='ocrx_word' id='word_1_205' title='bbox 122 1212 147 1238; x_wconf 82' lang='grc' dir='ltr'><strong>οί</strong></span> <span class='ocrx_word' id='word_1_206' title='bbox 161 1211 234 1246; x_wconf 75' lang='grc' dir='ltr'>ἅγιοι</span> <span class='ocrx_word' id='word_1_207' title='bbox 247 1212 379 1247; x_wconf 84' lang='grc' dir='ltr'>Πατέρες.</span> <span class='ocrx_word' id='word_1_208' title='bbox 403 1213 439 1240; x_wconf 84' lang='grc' dir='ltr'><strong>Οὐ</strong></span> <span class='ocrx_word' id='word_1_209' title='bbox 456 1213 548 1249; x_wconf 84' lang='grc' dir='ltr'>σχοίης</span> <span class='ocrx_word' id='word_1_210' title='bbox 560 1214 591 1240; x_wconf 79' lang='grc' dir='ltr'>τὸ</span> <span class='ocrx_word' id='word_1_211' title='bbox 605 1215 789 1250; x_wconf 79' lang='grc' dir='ltr'>πολυπρόοδον</span> <span class='ocrx_word' id='word_1_212' title='bbox 805 1215 854 1243; x_wconf 74' lang='grc' dir='ltr'>καὶ</span> 
     </span>
    </p>
   </div>
   <div class='ocr_carea' id='block_1_29' title="bbox 62 1258 855 1297">
    <p class='ocr_par' dir='ltr' id='par_1_29' title="bbox 62 1258 855 1297">
     <span class='ocr_line' id='line_1_29' title="bbox 62 1258 855 1297; baseline 0.008 -14"><span class='ocrx_word' id='word_1_213' title='bbox 62 1258 283 1293; x_wconf 85' lang='grc' dir='ltr'>πολυγύρευτον,</span> <span class='ocrx_word' id='word_1_214' title='bbox 307 1258 372 1286; x_wconf 79' lang='grc' dir='ltr'>ἄνευ</span> <span class='ocrx_word' id='word_1_215' title='bbox 397 1259 522 1296; x_wconf 75' lang='grc' dir='ltr'>ἀνάγκης</span> <span class='ocrx_word' id='word_1_216' title='bbox 547 1261 798 1297; x_wconf 84' lang='grc' dir='ltr'>ὲγκαταλιμπάνων</span> <span class='ocrx_word' id='word_1_217' title='bbox 823 1262 855 1289; x_wconf 82' lang='grc' dir='ltr'>τὸ</span> 
     </span>
    </p>
   </div>
   <div class='ocr_carea' id='block_1_30' title="bbox 60 1304 854 1344">
    <p class='ocr_par' dir='ltr' id='par_1_30' title="bbox 60 1304 854 1344">
     <span class='ocr_line' id='line_1_30' title="bbox 60 1304 854 1344; baseline 0.008 -14"><span class='ocrx_word' id='word_1_218' title='bbox 60 1305 163 1331; x_wconf 69' lang='grc' dir='ltr'>οἰκεῖον</span> <span class='ocrx_word' id='word_1_219' title='bbox 179 1304 304 1339; x_wconf 84' lang='grc' dir='ltr'>ποίμνιον</span> <span class='ocrx_word' id='word_1_220' title='bbox 315 1313 322 1321; x_wconf 88' lang='grc'>·</span> <span class='ocrx_word' id='word_1_221' title='bbox 340 1305 409 1332; x_wconf 84' lang='grc' dir='ltr'>ὅπου</span> <span class='ocrx_word' id='word_1_222' title='bbox 425 1314 457 1339; x_wconf 89' lang='grc' dir='ltr'><strong>γε</strong></span> <span class='ocrx_word' id='word_1_223' title='bbox 473 1307 521 1333; x_wconf 78' lang='grc' dir='ltr'>καὶ</span> <span class='ocrx_word' id='word_1_224' title='bbox 537 1307 726 1343; x_wconf 75' lang='grc' dir='ltr'>ὲγκαθημένου</span> <span class='ocrx_word' id='word_1_225' title='bbox 745 1316 791 1335; x_wconf 84' lang='grc' dir='ltr'><strong>σου</strong></span> <span class='ocrx_word' id='word_1_226' title='bbox 805 1309 854 1344; x_wconf 85' lang='grc' dir='ltr'><strong>μό-</strong></span> 
     </span>
    </p>
   </div>
   <div class='ocr_carea' id='block_1_31' title="bbox 60 1350 854 1387">
    <p class='ocr_par' dir='ltr' id='par_1_31' title="bbox 60 1350 854 1387">
     <span class='ocr_line' id='line_1_31' title="bbox 60 1350 854 1387; baseline 0.006 -11"><span class='ocrx_word' id='word_1_227' title='bbox 60 1350 104 1382; x_wconf 82' lang='grc' dir='ltr'><strong>λις</strong></span> <span class='ocrx_word' id='word_1_228' title='bbox 123 1351 301 1383; x_wconf 78' lang='grc' dir='ltr'>διασώζοιντο</span> <span class='ocrx_word' id='word_1_229' title='bbox 323 1350 356 1378; x_wconf 73' lang='grc' dir='ltr'><strong>τὰ</strong></span> <span class='ocrx_word' id='word_1_230' title='bbox 372 1351 607 1387; x_wconf 85' lang='grc' dir='ltr'>πολυτροπώτατα</span> <span class='ocrx_word' id='word_1_231' title='bbox 640 1354 689 1380; x_wconf 80' lang='grc' dir='ltr'>καὶ</span> <span class='ocrx_word' id='word_1_232' title='bbox 713 1353 854 1387; x_wconf 77' lang='grc' dir='ltr'>πολυδιεξ-</span> 
     </span>
    </p>
   </div>
   <div class='ocr_carea' id='block_1_32' title="bbox 61 1397 856 1434">
    <p class='ocr_par' dir='ltr' id='par_1_32' title="bbox 61 1397 856 1434">
     <span class='ocr_line' id='line_1_32' title="bbox 61 1397 856 1434; baseline 0.005 -11"><span class='ocrx_word' id='word_1_233' title='bbox 61 1397 162 1424; x_wconf 85' lang='grc' dir='ltr'>ὀδευτα</span> <span class='ocrx_word' id='word_1_234' title='bbox 184 1397 283 1432; x_wconf 85' lang='grc' dir='ltr'>λογικὰ</span> <span class='ocrx_word' id='word_1_235' title='bbox 305 1397 439 1433; x_wconf 73' lang='grc' dir='ltr'>πρόῆατα.</span> <span class='ocrx_word' id='word_1_236' title='bbox 459 1399 666 1434; x_wconf 80' lang='grc' dir='ltr'>Παραφυλάξεις</span> <span class='ocrx_word' id='word_1_237' title='bbox 692 1401 800 1432; x_wconf 88' lang='grc' dir='ltr'>πάντως</span> <span class='ocrx_word' id='word_1_238' title='bbox 825 1401 856 1427; x_wconf 76' lang='grc' dir='ltr'>τὸ</span> 
     </span>
    </p>
   </div>
   <div class='ocr_carea' id='block_1_33' title="bbox 62 1443 855 1481">
    <p class='ocr_par' dir='ltr' id='par_1_33' title="bbox 62 1443 855 1481">
     <span class='ocr_line' id='line_1_33' title="bbox 62 1443 855 1481; baseline 0.005 -12"><span class='ocrx_word' id='word_1_239' title='bbox 62 1443 202 1470; x_wconf 79' lang='grc' dir='ltr'>ποιεῖσθαι</span> <span class='ocrx_word' id='word_1_240' title='bbox 219 1443 347 1478; x_wconf 88' lang='grc' dir='ltr'>τρισάκις</span> <span class='ocrx_word' id='word_1_241' title='bbox 361 1443 412 1479; x_wconf 81' lang='grc' dir='ltr'><strong>τὴν</strong></span> <span class='ocrx_word' id='word_1_242' title='bbox 427 1444 581 1479; x_wconf 84' lang='grc' dir='ltr'>κατήχησιν</span> <span class='ocrx_word' id='word_1_243' title='bbox 597 1446 630 1480; x_wconf 79' lang='grc' dir='ltr'><strong>τῇ</strong></span> <span class='ocrx_word' id='word_1_244' title='bbox 653 1445 792 1481; x_wconf 78' lang='grc' dir='ltr'>ἑϐδομάδι,</span> <span class='ocrx_word' id='word_1_245' title='bbox 808 1446 855 1473; x_wconf 75' lang='grc' dir='ltr'>καὶ</span> 
     </span>
    </p>
   </div>
   <div class='ocr_carea' id='block_1_34' title="bbox 62 1487 891 1531">
    <p class='ocr_par' dir='ltr' id='par_1_34' title="bbox 62 1487 891 1531">
     <span class='ocr_line' id='line_1_34' title="bbox 62 1487 891 1531; baseline 0.006 -17"><span class='ocrx_word' id='word_1_246' title='bbox 62 1488 126 1514; x_wconf 85' lang='grc' dir='ltr'>καθ’</span> <span class='ocrx_word' id='word_1_247' title='bbox 151 1487 284 1524; x_wconf 73' lang='grc' dir='ltr'>ἑσπέραψ</span> <span class='ocrx_word' id='word_1_248' title='bbox 313 1488 409 1524; x_wconf 75' lang='grc' dir='ltr'>ἐπειδὴ</span> <span class='ocrx_word' id='word_1_249' title='bbox 431 1490 672 1525; x_wconf 77' lang='grc' dir='ltr'>πατροπαράδοτον</span> <span class='ocrx_word' id='word_1_250' title='bbox 695 1491 785 1524; x_wconf 80' lang='grc' dir='ltr'>τοῦτο,</span> <span class='ocrx_word' id='word_1_251' title='bbox 808 1492 856 1518; x_wconf 72' lang='grc' dir='ltr'>καὶ</span> <span class='ocrx_word' id='word_1_252' title='bbox 870 1502 891 1531; x_wconf 75' lang='lat' dir='ltr'>c</span> 
     </span>
    </p>
   </div>
   <div class='ocr_carea' id='block_1_35' title="bbox 62 1535 852 1573">
    <p class='ocr_par' dir='ltr' id='par_1_35' title="bbox 62 1535 852 1573">
     <span class='ocr_line' id='line_1_35' title="bbox 62 1535 852 1573; baseline 0.004 -12"><span class='ocrx_word' id='word_1_253' title='bbox 62 1535 212 1570; x_wconf 82' lang='grc' dir='ltr'>σωτήριον.</span> <span class='ocrx_word' id='word_1_254' title='bbox 235 1535 272 1562; x_wconf 85' lang='grc' dir='ltr'><strong>Οὐ</strong></span> <span class='ocrx_word' id='word_1_255' title='bbox 298 1536 373 1571; x_wconf 89' lang='grc' dir='ltr'>δοίης</span> <span class='ocrx_word' id='word_1_256' title='bbox 395 1537 464 1572; x_wconf 82' lang='grc' dir='ltr'>ὅπερ</span> <span class='ocrx_word' id='word_1_257' title='bbox 490 1537 601 1572; x_wconf 79' lang='grc' dir='ltr'>λέγουσι</span> <span class='ocrx_word' id='word_1_258' title='bbox 624 1537 721 1573; x_wconf 60' lang='grc' dir='ltr'>μικρδν</span> <span class='ocrx_word' id='word_1_259' title='bbox 748 1537 852 1572; x_wconf 81' lang='grc' dir='ltr'>σχῆμα,</span> 
     </span>
    </p>
   </div>
   <div class='ocr_carea' id='block_1_36' title="bbox 61 1579 856 1619">
    <p class='ocr_par' dir='ltr' id='par_1_36' title="bbox 61 1579 856 1619">
     <span class='ocr_line' id='line_1_36' title="bbox 61 1579 856 1619; baseline 0.005 -13"><span class='ocrx_word' id='word_1_260' title='bbox 61 1579 162 1607; x_wconf 74' lang='grc' dir='ltr'>ἔπειτα</span> <span class='ocrx_word' id='word_1_261' title='bbox 185 1580 256 1616; x_wconf 83' lang='grc' dir='ltr'>μετὰ</span> <span class='ocrx_word' id='word_1_262' title='bbox 273 1581 386 1616; x_wconf 89' lang='grc' dir='ltr'>χρόνους</span> <span class='ocrx_word' id='word_1_263' title='bbox 408 1583 501 1619; x_wconf 67' lang='grc' dir='ltr'>ἕτερον</span> <span class='ocrx_word' id='word_1_264' title='bbox 523 1582 561 1614; x_wconf 88' lang='grc' dir='ltr'>ὡς</span> <span class='ocrx_word' id='word_1_265' title='bbox 584 1583 665 1618; x_wconf 78' lang='grc' dir='ltr'>μέγα.</span> <span class='ocrx_word' id='word_1_266' title='bbox 689 1583 737 1609; x_wconf 89' lang='lat' dir='ltr'><strong>&quot;Ev</strong></span> <span class='ocrx_word' id='word_1_267' title='bbox 753 1583 807 1618; x_wconf 84' lang='grc' dir='ltr'><strong>γὰρ</strong></span> <span class='ocrx_word' id='word_1_268' title='bbox 825 1583 856 1610; x_wconf 80' lang='grc' dir='ltr'><strong>τὸ</strong></span> 
     </span>
    </p>
   </div>
   <div class='ocr_carea' id='block_1_37' title="bbox 63 1627 855 1666">
    <p class='ocr_par' dir='ltr' id='par_1_37' title="bbox 63 1627 855 1666">
     <span class='ocr_line' id='line_1_37' title="bbox 63 1627 855 1666; baseline 0.008 -14"><span class='ocrx_word' id='word_1_269' title='bbox 63 1628 171 1662; x_wconf 81' lang='grc' dir='ltr'>σχῆμα,</span> <span class='ocrx_word' id='word_1_270' title='bbox 186 1627 281 1664; x_wconf 83' lang='grc' dir='ltr'>ὥσπερ</span> <span class='ocrx_word' id='word_1_271' title='bbox 293 1629 340 1655; x_wconf 80' lang='grc' dir='ltr'>καὶ</span> <span class='ocrx_word' id='word_1_272' title='bbox 357 1630 388 1656; x_wconf 83' lang='grc' dir='ltr'>τὸ</span> <span class='ocrx_word' id='word_1_273' title='bbox 403 1630 556 1666; x_wconf 82' lang='grc' dir='ltr'>βάπτισμα.</span> <span class='ocrx_word' id='word_1_274' title='bbox 567 1631 659 1663; x_wconf 82' lang='grc' dir='ltr'>καθὼς</span> <span class='ocrx_word' id='word_1_275' title='bbox 674 1631 698 1658; x_wconf 86' lang='grc' dir='ltr'><strong>οί</strong></span> <span class='ocrx_word' id='word_1_276' title='bbox 713 1631 787 1666; x_wconf 74' lang='grc' dir='ltr'>ἅγιοι</span> <span class='ocrx_word' id='word_1_277' title='bbox 800 1632 855 1658; x_wconf 88' lang='grc' dir='ltr'><strong>Πα-</strong></span> 
     </span>
    </p>
   </div>
   <div class='ocr_carea' id='block_1_38' title="bbox 61 1673 855 1712">
    <p class='ocr_par' dir='ltr' id='par_1_38' title="bbox 61 1673 855 1712">
     <span class='ocr_line' id='line_1_38' title="bbox 61 1673 855 1712; baseline 0.008 -14"><span class='ocrx_word' id='word_1_278' title='bbox 61 1673 143 1707; x_wconf 77' lang='grc' dir='ltr'>τέρες</span> <span class='ocrx_word' id='word_1_279' title='bbox 159 1673 322 1708; x_wconf 72' lang='grc' dir='ltr'>ἐχρήσαντο.</span> <span class='ocrx_word' id='word_1_280' title='bbox 348 1675 386 1702; x_wconf 82' lang='grc' dir='ltr'><strong>Οὐ</strong></span> <span class='ocrx_word' id='word_1_281' title='bbox 401 1677 530 1712; x_wconf 79' lang='grc' dir='ltr'>παραδῇς</span> <span class='ocrx_word' id='word_1_282' title='bbox 547 1677 611 1708; x_wconf 79' lang='grc' dir='ltr'>τοὺς</span> <span class='ocrx_word' id='word_1_283' title='bbox 623 1677 724 1712; x_wconf 75' lang='grc' dir='ltr'>νόμους</span> <span class='ocrx_word' id='word_1_284' title='bbox 738 1678 786 1704; x_wconf 77' lang='grc' dir='ltr'>καὶ</span> <span class='ocrx_word' id='word_1_285' title='bbox 805 1686 855 1704; x_wconf 85' lang='grc' dir='ltr'>κα-</span> 
     </span>
    </p>
   </div>
   <div class='ocr_carea' id='block_1_39' title="bbox 63 1718 856 1760">
    <p class='ocr_par' dir='ltr' id='par_1_39' title="bbox 63 1718 856 1760">
     <span class='ocr_line' id='line_1_39' title="bbox 63 1718 856 1760; baseline 0.009 -16"><span class='ocrx_word' id='word_1_286' title='bbox 63 1718 144 1750; x_wconf 81' lang='grc' dir='ltr'>νόνας</span> <span class='ocrx_word' id='word_1_287' title='bbox 154 1719 210 1746; x_wconf 88' lang='grc' dir='ltr'><strong>τῶν</strong></span> <span class='ocrx_word' id='word_1_288' title='bbox 224 1719 363 1756; x_wconf 84' lang='grc' dir='ltr'>Πατέρων,</span> <span class='ocrx_word' id='word_1_289' title='bbox 372 1722 425 1756; x_wconf 85' lang='grc' dir='ltr'><strong>πρό</strong></span> <span class='ocrx_word' id='word_1_290' title='bbox 440 1730 471 1755; x_wconf 87' lang='grc' dir='ltr'><strong>γε</strong></span> <span class='ocrx_word' id='word_1_291' title='bbox 482 1723 592 1749; x_wconf 86' lang='grc' dir='ltr'>πάντων</span> <span class='ocrx_word' id='word_1_292' title='bbox 605 1723 652 1749; x_wconf 82' lang='grc' dir='ltr'>τοῦ</span> <span class='ocrx_word' id='word_1_293' title='bbox 664 1723 741 1758; x_wconf 84' lang='grc' dir='ltr'>ἁγίου</span> <span class='ocrx_word' id='word_1_294' title='bbox 749 1724 856 1760; x_wconf 84' lang='grc' dir='ltr'>Πατρὺς</span> 
     </span>
    </p>
   </div>
   <div class='ocr_carea' id='block_1_40' title="bbox 63 1765 855 1805">
    <p class='ocr_par' dir='ltr' id='par_1_40' title="bbox 63 1765 855 1805">
     <span class='ocr_line' id='line_1_40' title="bbox 63 1765 855 1805; baseline 0.008 -14"><span class='ocrx_word' id='word_1_295' title='bbox 63 1765 146 1799; x_wconf 79' lang='grc' dir='ltr'>ἡμῶν</span> <span class='ocrx_word' id='word_1_296' title='bbox 161 1766 305 1793; x_wconf 83' lang='grc' dir='ltr'>Βασιλείου</span> <span class='ocrx_word' id='word_1_297' title='bbox 316 1773 324 1782; x_wconf 91' lang='lat'><strong>&#39;</strong></span> <span class='ocrx_word' id='word_1_298' title='bbox 342 1767 411 1794; x_wconf 84' lang='grc' dir='ltr'>ἀλλὰ</span> <span class='ocrx_word' id='word_1_299' title='bbox 428 1769 482 1795; x_wconf 79' lang='grc' dir='ltr'><strong>πᾶν</strong></span> <span class='ocrx_word' id='word_1_300' title='bbox 494 1769 508 1795; x_wconf 84' lang='grc' dir='ltr'><strong>ὅ</strong></span> <span class='ocrx_word' id='word_1_301' title='bbox 521 1778 546 1795; x_wconf 88' lang='grc' dir='ltr'><strong>τι</strong></span> <span class='ocrx_word' id='word_1_302' title='bbox 564 1770 652 1801; x_wconf 80' lang='grc' dir='ltr'>ποιεῖς</span> <span class='ocrx_word' id='word_1_303' title='bbox 666 1769 682 1805; x_wconf 87' lang='grc' dir='ltr'>ἢ</span> <span class='ocrx_word' id='word_1_304' title='bbox 701 1770 802 1803; x_wconf 81' lang='grc' dir='ltr'>Αέγεις,</span> <span class='ocrx_word' id='word_1_305' title='bbox 817 1770 855 1801; x_wconf 86' lang='grc' dir='ltr'>ὡς</span> 
     </span>
    </p>
   </div>
   <div class='ocr_carea' id='block_1_41' title="bbox 65 1813 856 1852">
    <p class='ocr_par' dir='ltr' id='par_1_41' title="bbox 65 1813 856 1852">
     <span class='ocr_line' id='line_1_41' title="bbox 65 1813 856 1852; baseline 0.005 -13"><span class='ocrx_word' id='word_1_306' title='bbox 65 1813 224 1849; x_wconf 75' lang='grc' dir='ltr'>μαρτυρίαν</span> <span class='ocrx_word' id='word_1_307' title='bbox 245 1813 315 1848; x_wconf 75' lang='grc' dir='ltr'>ἔχων</span> <span class='ocrx_word' id='word_1_308' title='bbox 329 1815 361 1841; x_wconf 81' lang='grc' dir='ltr'>ἐκ</span> <span class='ocrx_word' id='word_1_309' title='bbox 375 1814 429 1841; x_wconf 77' lang='grc' dir='ltr'>τῶν</span> <span class='ocrx_word' id='word_1_310' title='bbox 444 1815 561 1850; x_wconf 70' lang='grc' dir='ltr'>Γραφῶν</span> <span class='ocrx_word' id='word_1_311' title='bbox 585 1815 715 1851; x_wconf 81' lang='grc' dir='ltr'>πράξεις,</span> <span class='ocrx_word' id='word_1_312' title='bbox 730 1816 746 1852; x_wconf 83' lang='grc' dir='ltr'>ἦ</span> <span class='ocrx_word' id='word_1_313' title='bbox 767 1816 804 1848; x_wconf 83' lang='grc' dir='ltr'>ὥς</span> <span class='ocrx_word' id='word_1_314' title='bbox 823 1817 856 1843; x_wconf 83' lang='grc' dir='ltr'>ὲκ</span> 
     </span>
    </p>
   </div>
   <div class='ocr_carea' id='block_1_42' title="bbox 64 1859 856 1896">
    <p class='ocr_par' dir='ltr' id='par_1_42' title="bbox 64 1859 856 1896">
     <span class='ocr_line' id='line_1_42' title="bbox 64 1859 856 1896; baseline 0.005 -12"><span class='ocrx_word' id='word_1_315' title='bbox 64 1859 205 1894; x_wconf 82' lang='grc' dir='ltr'>πατρικῆς</span> <span class='ocrx_word' id='word_1_316' title='bbox 221 1867 267 1885; x_wconf 88' lang='grc' dir='ltr'><strong>σου</strong></span> <span class='ocrx_word' id='word_1_317' title='bbox 283 1859 429 1895; x_wconf 78' lang='grc' dir='ltr'>συνηθείας</span> <span class='ocrx_word' id='word_1_318' title='bbox 441 1880 449 1890; x_wconf 78' lang='lat'><strong>.</strong></span> <span class='ocrx_word' id='word_1_319' title='bbox 464 1860 529 1887; x_wconf 79' lang='grc' dir='ltr'>ἄνευ</span> <span class='ocrx_word' id='word_1_320' title='bbox 547 1861 731 1896; x_wconf 79' lang='grc' dir='ltr'>παραϐάσεως</span> <span class='ocrx_word' id='word_1_321' title='bbox 746 1860 856 1895; x_wconf 72' lang='grc' dir='ltr'>ἐντολῆς</span> 
     </span>
    </p>
   </div>
   <div class='ocr_carea' id='block_1_43' title="bbox 63 1904 856 1943">
    <p class='ocr_par' dir='ltr' id='par_1_43' title="bbox 63 1904 856 1943">
     <span class='ocr_line' id='line_1_43' title="bbox 63 1904 856 1943; baseline 0.005 -13"><span class='ocrx_word' id='word_1_322' title='bbox 63 1904 144 1932; x_wconf 84' lang='grc' dir='ltr'>Θεοῦ.</span> <span class='ocrx_word' id='word_1_323' title='bbox 159 1905 197 1932; x_wconf 87' lang='grc' dir='ltr'><strong>Οὐ</strong></span> <span class='ocrx_word' id='word_1_324' title='bbox 211 1905 385 1940; x_wconf 80' lang='grc' dir='ltr'>καταλείψεις</span> <span class='ocrx_word' id='word_1_325' title='bbox 395 1908 425 1932; x_wconf 77' lang='grc' dir='ltr'>τὸ</span> <span class='ocrx_word' id='word_1_326' title='bbox 442 1906 568 1942; x_wconf 86' lang='grc' dir='ltr'>ποίμνιόν</span> <span class='ocrx_word' id='word_1_327' title='bbox 579 1915 638 1940; x_wconf 85' lang='grc' dir='ltr'>σου,</span> <span class='ocrx_word' id='word_1_328' title='bbox 652 1908 698 1934; x_wconf 72' lang='grc' dir='ltr'>καὶ</span> <span class='ocrx_word' id='word_1_329' title='bbox 708 1908 748 1938; x_wconf 82' lang='grc' dir='ltr'><strong>εἰς</strong></span> <span class='ocrx_word' id='word_1_330' title='bbox 761 1907 856 1943; x_wconf 77' lang='grc' dir='ltr'>ἕτερον</span> 
     </span>
    </p>
   </div>
   <div class='ocr_carea' id='block_1_44' title="bbox 65 1950 855 1989">
    <p class='ocr_par' dir='ltr' id='par_1_44' title="bbox 65 1950 855 1989">
     <span class='ocr_line' id='line_1_44' title="bbox 65 1950 855 1989; baseline 0.005 -13"><span class='ocrx_word' id='word_1_331' title='bbox 65 1950 222 1987; x_wconf 74' lang='grc' dir='ltr'>μεταϐήσῃ,</span> <span class='ocrx_word' id='word_1_332' title='bbox 238 1950 334 1986; x_wconf 81' lang='grc' dir='ltr'>ἢπρὺς</span> <span class='ocrx_word' id='word_1_333' title='bbox 352 1951 465 1986; x_wconf 86' lang='grc' dir='ltr'>μείζονα</span> <span class='ocrx_word' id='word_1_334' title='bbox 474 1952 552 1986; x_wconf 78' lang='grc' dir='ltr'>ἀξίαν</span> <span class='ocrx_word' id='word_1_335' title='bbox 567 1953 855 1989; x_wconf 77' lang='grc' dir='ltr'>ὲπαναδράμοις,ἆνευ</span> 
     </span>
    </p>
   </div>
   <div class='ocr_carea' id='block_1_45' title="bbox 63 1996 855 2033">
    <p class='ocr_par' dir='ltr' id='par_1_45' title="bbox 63 1996 855 2033">
     <span class='ocr_line' id='line_1_45' title="bbox 63 1996 855 2033; baseline 0.005 -11"><span class='ocrx_word' id='word_1_336' title='bbox 63 1996 208 2032; x_wconf 81' lang='grc' dir='ltr'>πατρικῆς</span> <span class='ocrx_word' id='word_1_337' title='bbox 229 2005 278 2023; x_wconf 91' lang='grc' dir='ltr'><strong>σου</strong></span> <span class='ocrx_word' id='word_1_338' title='bbox 300 1997 484 2031; x_wconf 84' lang='grc' dir='ltr'>διαγνώσεως.</span> <span class='ocrx_word' id='word_1_339' title='bbox 503 1998 540 2025; x_wconf 82' lang='grc' dir='ltr'><strong>Οὐ</strong></span> <span class='ocrx_word' id='word_1_340' title='bbox 558 1998 694 2032; x_wconf 82' lang='grc' dir='ltr'>φιλιάσεις</span> <span class='ocrx_word' id='word_1_341' title='bbox 718 1999 788 2033; x_wconf 81' lang='grc' dir='ltr'>μετὰ</span> <span class='ocrx_word' id='word_1_342' title='bbox 805 2008 855 2026; x_wconf 87' lang='grc' dir='ltr'>κα-</span> 
     </span>
    </p>
   </div>
   <div class='ocr_carea' id='block_1_46' title="bbox 63 2040 856 2079">
    <p class='ocr_par' dir='ltr' id='par_1_46' title="bbox 63 2040 856 2079">
     <span class='ocr_line' id='line_1_46' title="bbox 63 2040 856 2079; baseline 0.005 -13"><span class='ocrx_word' id='word_1_343' title='bbox 63 2040 188 2074; x_wconf 66' lang='grc' dir='ltr'>ωνικῆς,</span> <span class='ocrx_word' id='word_1_344' title='bbox 201 2040 263 2067; x_wconf 76' lang='grc' dir='ltr'>οὐδὲ</span> <span class='ocrx_word' id='word_1_345' title='bbox 278 2041 441 2078; x_wconf 82' lang='grc' dir='ltr'>παραϐάλῃς</span> <span class='ocrx_word' id='word_1_346' title='bbox 457 2043 486 2069; x_wconf 82' lang='grc' dir='ltr'>ἑν</span> <span class='ocrx_word' id='word_1_347' title='bbox 496 2043 646 2079; x_wconf 86' lang='grc' dir='ltr'>γυναικείῳ</span> <span class='ocrx_word' id='word_1_348' title='bbox 657 2052 738 2078; x_wconf 89' lang='grc' dir='ltr'>σεμνε</span> <span class='ocrx_word' id='word_1_349' title='bbox 744 2043 787 2079; x_wconf 88' lang='grc' dir='ltr'><strong>ίῳ,</strong></span> <span class='ocrx_word' id='word_1_350' title='bbox 796 2044 856 2070; x_wconf 79' lang='grc' dir='ltr'>οὐδὲ</span> 
     </span>
    </p>
   </div>
   <div class='ocr_carea' id='block_1_47' title="bbox 64 2086 855 2126">
    <p class='ocr_par' dir='ltr' id='par_1_47' title="bbox 64 2086 855 2126">
     <span class='ocr_line' id='line_1_47' title="bbox 64 2086 855 2126; baseline 0.005 -14"><span class='ocrx_word' id='word_1_351' title='bbox 64 2086 225 2122; x_wconf 79' lang='grc' dir='ltr'>καταμόνας</span> <span class='ocrx_word' id='word_1_352' title='bbox 241 2087 381 2123; x_wconf 85' lang='grc' dir='ltr'>ὁμιλήσεις</span> <span class='ocrx_word' id='word_1_353' title='bbox 398 2088 569 2125; x_wconf 82' lang='grc' dir='ltr'>μοναζούσῃ,</span> <span class='ocrx_word' id='word_1_354' title='bbox 584 2089 601 2124; x_wconf 86' lang='grc' dir='ltr'>ἢ</span> <span class='ocrx_word' id='word_1_355' title='bbox 621 2091 752 2126; x_wconf 80' lang='grc' dir='ltr'>χοσμικῇ,</span> <span class='ocrx_word' id='word_1_356' title='bbox 772 2091 797 2116; x_wconf 85' lang='grc' dir='ltr'>εἰ</span> <span class='ocrx_word' id='word_1_357' title='bbox 818 2090 855 2126; x_wconf 87' lang='grc' dir='ltr'><strong>μή</strong></span> 
     </span>
    </p>
   </div>
   <div class='ocr_carea' id='block_1_48' title="bbox 64 2133 858 2171">
    <p class='ocr_par' dir='ltr' id='par_1_48' title="bbox 64 2133 858 2171">
     <span class='ocr_line' id='line_1_48' title="bbox 64 2133 858 2171; baseline 0.006 -12"><span class='ocrx_word' id='word_1_358' title='bbox 64 2141 119 2159; x_wconf 82' lang='grc' dir='ltr'><strong>που</strong></span> <span class='ocrx_word' id='word_1_359' title='bbox 135 2133 246 2168; x_wconf 80' lang='grc' dir='ltr'>ἀνάγκη</span> <span class='ocrx_word' id='word_1_360' title='bbox 258 2133 334 2161; x_wconf 73' lang='grc' dir='ltr'>ἕλκοι</span> <span class='ocrx_word' id='word_1_361' title='bbox 343 2142 350 2149; x_wconf 92' lang='grc'>·</span> <span class='ocrx_word' id='word_1_362' title='bbox 367 2135 415 2161; x_wconf 78' lang='grc' dir='ltr'>καὶ</span> <span class='ocrx_word' id='word_1_363' title='bbox 425 2135 487 2162; x_wconf 75' lang='grc' dir='ltr'>τότε</span> <span class='ocrx_word' id='word_1_364' title='bbox 504 2135 551 2162; x_wconf 86' lang='grc' dir='ltr'>δύο</span> <span class='ocrx_word' id='word_1_365' title='bbox 565 2136 705 2171; x_wconf 81' lang='grc' dir='ltr'>παρόντων</span> <span class='ocrx_word' id='word_1_366' title='bbox 719 2137 748 2169; x_wconf 77' lang='grc' dir='ltr'><strong>ἐξ</strong></span> <span class='ocrx_word' id='word_1_367' title='bbox 763 2137 858 2164; x_wconf 78' lang='grc' dir='ltr'>ὲκατέ‹</span> 
     </span>
    </p>
   </div>
   <div class='ocr_carea' id='block_1_49' title="bbox 66 2178 859 2218">
    <p class='ocr_par' dir='ltr' id='par_1_49' title="bbox 66 2178 859 2218">
     <span class='ocr_line' id='line_1_49' title="bbox 66 2178 859 2218; baseline 0.006 -14"><span class='ocrx_word' id='word_1_368' title='bbox 66 2187 116 2212; x_wconf 82' lang='lat' dir='ltr'><strong>pou</strong></span> <span class='ocrx_word' id='word_1_369' title='bbox 132 2179 236 2215; x_wconf 85' lang='grc' dir='ltr'>μέρους</span> <span class='ocrx_word' id='word_1_370' title='bbox 251 2178 416 2214; x_wconf 85' lang='grc' dir='ltr'>προσώπων.</span> <span class='ocrx_word' id='word_1_371' title='bbox 433 2181 470 2207; x_wconf 81' lang='grc' dir='ltr'><strong>Τὸ</strong></span> <span class='ocrx_word' id='word_1_372' title='bbox 483 2181 538 2216; x_wconf 83' lang='grc' dir='ltr'><strong>γὰρ</strong></span> <span class='ocrx_word' id='word_1_373' title='bbox 553 2181 593 2214; x_wconf 77' lang='grc' dir='ltr'>ἓν,</span> <span class='ocrx_word' id='word_1_374' title='bbox 608 2181 645 2214; x_wconf 75' lang='grc' dir='ltr'>ὥς</span> <span class='ocrx_word' id='word_1_375' title='bbox 657 2191 749 2218; x_wconf 77' lang='grc' dir='ltr'>φησιν,</span> <span class='ocrx_word' id='word_1_376' title='bbox 778 2183 859 2209; x_wconf 78' lang='grc' dir='ltr'>εὐεπ-</span> 
     </span>
    </p>
   </div>
   <div class='ocr_carea' id='block_1_50' title="bbox 65 2224 859 2263">
    <p class='ocr_par' dir='ltr' id='par_1_50' title="bbox 65 2224 859 2263">
     <span class='ocr_line' id='line_1_50' title="bbox 65 2224 859 2263; baseline 0.005 -13"><span class='ocrx_word' id='word_1_377' title='bbox 65 2224 217 2259; x_wconf 74' lang='grc' dir='ltr'>ηρὲαστον.</span> <span class='ocrx_word' id='word_1_378' title='bbox 241 2225 298 2252; x_wconf 85' lang='grc' dir='ltr'>Οὐκ</span> <span class='ocrx_word' id='word_1_379' title='bbox 310 2225 427 2258; x_wconf 76' lang='grc' dir='ltr'>ἀνοίξεις</span> <span class='ocrx_word' id='word_1_380' title='bbox 440 2225 489 2262; x_wconf 85' lang='grc' dir='ltr'>τὴν</span> <span class='ocrx_word' id='word_1_381' title='bbox 513 2226 598 2262; x_wconf 84' lang='grc' dir='ltr'>θύραν</span> <span class='ocrx_word' id='word_1_382' title='bbox 611 2228 661 2262; x_wconf 86' lang='grc' dir='ltr'>τῆς</span> <span class='ocrx_word' id='word_1_383' title='bbox 678 2227 797 2263; x_wconf 88' lang='grc' dir='ltr'>ποίμνης</span> <span class='ocrx_word' id='word_1_384' title='bbox 811 2228 859 2255; x_wconf 76' lang='grc' dir='ltr'><strong>ἐπὶ</strong></span> 
     </span>
    </p>
   </div>
   <div class='ocr_carea' id='block_1_51' title="bbox 66 2269 857 2309">
    <p class='ocr_par' dir='ltr' id='par_1_51' title="bbox 66 2269 857 2309">
     <span class='ocr_line' id='line_1_51' title="bbox 66 2269 857 2309; baseline 0.008 -14"><span class='ocrx_word' id='word_1_385' title='bbox 66 2269 165 2304; x_wconf 75' lang='grc' dir='ltr'>εἰσόδῳ</span> <span class='ocrx_word' id='word_1_386' title='bbox 181 2270 313 2302; x_wconf 82' lang='grc' dir='ltr'>παντοίας</span> <span class='ocrx_word' id='word_1_387' title='bbox 331 2271 462 2305; x_wconf 84' lang='grc' dir='ltr'>γυναικὸς</span> <span class='ocrx_word' id='word_1_388' title='bbox 473 2291 480 2304; x_wconf 85' lang='grc'><strong>,</strong></span> <span class='ocrx_word' id='word_1_389' title='bbox 494 2272 560 2299; x_wconf 75' lang='grc' dir='ltr'>ἄνευ</span> <span class='ocrx_word' id='word_1_390' title='bbox 577 2273 698 2309; x_wconf 86' lang='grc' dir='ltr'>μεγάλης</span> <span class='ocrx_word' id='word_1_391' title='bbox 715 2273 857 2309; x_wconf 66' lang='grc' dir='ltr'>ἁνάγκηςυ</span> 
     </span>
    </p>
   </div>
   <div class='ocr_carea' id='block_1_52' title="bbox 66 2314 859 2353">
    <p class='ocr_par' dir='ltr' id='par_1_52' title="bbox 66 2314 859 2353">
     <span class='ocr_line' id='line_1_52' title="bbox 66 2314 859 2353; baseline 0.009 -13"><span class='ocrx_word' id='word_1_392' title='bbox 66 2315 92 2341; x_wconf 78' lang='grc' dir='ltr'><strong>εί</strong></span> <span class='ocrx_word' id='word_1_393' title='bbox 115 2315 145 2341; x_wconf 84' lang='grc' dir='ltr'>δὲ</span> <span class='ocrx_word' id='word_1_394' title='bbox 167 2315 281 2347; x_wconf 82' lang='grc' dir='ltr'>δυνατὸς</span> <span class='ocrx_word' id='word_1_395' title='bbox 300 2314 326 2342; x_wconf 73' lang='grc' dir='ltr'>εἴ</span> <span class='ocrx_word' id='word_1_396' title='bbox 343 2316 514 2352; x_wconf 82' lang='grc' dir='ltr'>ἀσυμφανῶς</span> <span class='ocrx_word' id='word_1_397' title='bbox 534 2318 671 2353; x_wconf 75' lang='grc' dir='ltr'>δέχεσθαι,</span> <span class='ocrx_word' id='word_1_398' title='bbox 696 2319 757 2347; x_wconf 79' lang='grc' dir='ltr'>οὐδὲ</span> <span class='ocrx_word' id='word_1_399' title='bbox 781 2320 859 2347; x_wconf 82' lang='grc' dir='ltr'>τοῦτο</span> 
     </span>
    </p>
   </div>
   <div class='ocr_carea' id='block_1_53' title="bbox 66 2359 859 2399">
    <p class='ocr_par' dir='ltr' id='par_1_53' title="bbox 66 2359 859 2399">
     <span class='ocr_line' id='line_1_53' title="bbox 66 2359 859 2399; baseline 0.008 -14"><span class='ocrx_word' id='word_1_400' title='bbox 66 2359 234 2395; x_wconf 67' lang='grc' dir='ltr'>ἀπόϐλητον.</span> <span class='ocrx_word' id='word_1_401' title='bbox 249 2361 287 2387; x_wconf 82' lang='grc' dir='ltr'><strong>Οὐ</strong></span> <span class='ocrx_word' id='word_1_402' title='bbox 305 2362 431 2397; x_wconf 82' lang='grc' dir='ltr'>ποιήσεις</span> <span class='ocrx_word' id='word_1_403' title='bbox 450 2362 557 2398; x_wconf 81' lang='grc' dir='ltr'>σεαυτῷ</span> <span class='ocrx_word' id='word_1_404' title='bbox 571 2363 755 2398; x_wconf 84' lang='grc' dir='ltr'>καταγώγιον,</span> <span class='ocrx_word' id='word_1_405' title='bbox 770 2364 786 2399; x_wconf 81' lang='grc' dir='ltr'>ἦ</span> <span class='ocrx_word' id='word_1_406' title='bbox 801 2366 859 2397; x_wconf 85' lang='grc' dir='ltr'>τοῖς</span> 
     </span>
    </p>
   </div>
   <div class='ocr_carea' id='block_1_54' title="bbox 66 2406 859 2444">
    <p class='ocr_par' dir='ltr' id='par_1_54' title="bbox 66 2406 859 2444">
     <span class='ocr_line' id='line_1_54' title="bbox 66 2406 859 2444; baseline 0.008 -13"><span class='ocrx_word' id='word_1_407' title='bbox 66 2407 265 2440; x_wconf 80' lang='grc' dir='ltr'>πνευματικοῖς</span> <span class='ocrx_word' id='word_1_408' title='bbox 282 2414 328 2433; x_wconf 90' lang='grc' dir='ltr'><strong>σου</strong></span> <span class='ocrx_word' id='word_1_409' title='bbox 343 2408 450 2439; x_wconf 82' lang='grc' dir='ltr'>τέκνοις</span> <span class='ocrx_word' id='word_1_410' title='bbox 464 2406 540 2435; x_wconf 84' lang='grc' dir='ltr'>οἷκον</span> <span class='ocrx_word' id='word_1_411' title='bbox 560 2409 702 2444; x_wconf 83' lang='grc' dir='ltr'>κοσμικὺν,</span> <span class='ocrx_word' id='word_1_412' title='bbox 721 2410 750 2436; x_wconf 79' lang='grc' dir='ltr'>ἐν</span> <span class='ocrx_word' id='word_1_413' title='bbox 805 2411 859 2437; x_wconf 89' lang='grc' dir='ltr'>εἰσι</span> 
     </span>
    </p>
   </div>
   <div class='ocr_carea' id='block_1_55' title="bbox 65 2452 860 2492">
    <p class='ocr_par' dir='ltr' id='par_1_55' title="bbox 65 2452 860 2492">
     <span class='ocr_line' id='line_1_55' title="bbox 65 2452 860 2492; baseline 0.009 -16"><span class='ocrx_word' id='word_1_414' title='bbox 65 2453 210 2484; x_wconf 77' lang='grc' dir='ltr'>γυναῖκες,</span> <span class='ocrx_word' id='word_1_415' title='bbox 234 2452 280 2478; x_wconf 74' lang='grc' dir='ltr'><strong>ἐπὶ</strong></span> <span class='ocrx_word' id='word_1_416' title='bbox 303 2452 393 2488; x_wconf 85' lang='grc' dir='ltr'>συχνῷ</span> <span class='ocrx_word' id='word_1_417' title='bbox 410 2454 607 2488; x_wconf 79' lang='grc' dir='ltr'>παραὸάλλων·</span> <span class='ocrx_word' id='word_1_418' title='bbox 631 2455 688 2482; x_wconf 79' lang='grc' dir='ltr'>ἀλλ’</span> <span class='ocrx_word' id='word_1_419' title='bbox 703 2456 800 2492; x_wconf 81' lang='grc' dir='ltr'>ὲκλέξῃ</span> <span class='ocrx_word' id='word_1_420' title='bbox 819 2458 860 2489; x_wconf 83' lang='grc' dir='ltr'><strong>εἰς</strong></span> 
     </span>
    </p>
   </div>
   <div class='ocr_carea' id='block_1_56' title="bbox 66 2496 858 2538">
    <p class='ocr_par' dir='ltr' id='par_1_56' title="bbox 66 2496 858 2538">
     <span class='ocr_line' id='line_1_56' title="bbox 66 2496 858 2538; baseline 0.009 -16"><span class='ocrx_word' id='word_1_421' title='bbox 66 2496 177 2532; x_wconf 81' lang='grc' dir='ltr'>ἀνδρῶν</span> <span class='ocrx_word' id='word_1_422' title='bbox 189 2497 311 2524; x_wconf 78' lang='grc' dir='ltr'>εὐλαδῶν</span> <span class='ocrx_word' id='word_1_423' title='bbox 319 2499 369 2530; x_wconf 85' lang='grc' dir='ltr'>τὰς</span> <span class='ocrx_word' id='word_1_424' title='bbox 381 2500 532 2536; x_wconf 83' lang='grc' dir='ltr'>παροδικὰς</span> <span class='ocrx_word' id='word_1_425' title='bbox 542 2501 589 2527; x_wconf 75' lang='grc' dir='ltr'><strong>καὶ</strong></span> <span class='ocrx_word' id='word_1_426' title='bbox 598 2501 752 2535; x_wconf 82' lang='grc' dir='ltr'>ἀναγκαίας</span> <span class='ocrx_word' id='word_1_427' title='bbox 764 2502 858 2538; x_wconf 86' lang='grc' dir='ltr'>χρείας</span> 
     </span>
    </p>
   </div>
   <div class='ocr_carea' id='block_1_57' title="bbox 67 2543 857 2581">
    <p class='ocr_par' dir='ltr' id='par_1_57' title="bbox 67 2543 857 2581">
     <span class='ocr_line' id='line_1_57' title="bbox 67 2543 857 2581; baseline 0.008 -12"><span class='ocrx_word' id='word_1_428' title='bbox 67 2543 217 2570; x_wconf 67' lang='grc' dir='ltr'>ποιεῖσθαι.</span> <span class='ocrx_word' id='word_1_429' title='bbox 244 2544 281 2570; x_wconf 83' lang='grc' dir='ltr'><strong>οὐ</strong></span> <span class='ocrx_word' id='word_1_430' title='bbox 305 2545 394 2581; x_wconf 81' lang='grc' dir='ltr'>κτήσῃ</span> <span class='ocrx_word' id='word_1_431' title='bbox 417 2545 540 2581; x_wconf 84' lang='grc' dir='ltr'>μαθητὴν</span> <span class='ocrx_word' id='word_1_432' title='bbox 564 2547 606 2578; x_wconf 85' lang='grc' dir='ltr'><strong>είς</strong></span> <span class='ocrx_word' id='word_1_433' title='bbox 625 2547 654 2573; x_wconf 86' lang='grc' dir='ltr'>τὸ</span> <span class='ocrx_word' id='word_1_434' title='bbox 678 2547 783 2575; x_wconf 87' lang='grc' dir='ltr'>κελλίον</span> <span class='ocrx_word' id='word_1_435' title='bbox 811 2557 857 2575; x_wconf 85' lang='grc' dir='ltr'><strong>σου</strong></span> 
     </span>
    </p>
   </div>
   <div class='ocr_carea' id='block_1_58' title="bbox 66 2589 859 2627">
    <p class='ocr_par' dir='ltr' id='par_1_58' title="bbox 66 2589 859 2627">
     <span class='ocr_line' id='line_1_58' title="bbox 66 2589 859 2627; baseline 0.008 -13"><span class='ocrx_word' id='word_1_436' title='bbox 66 2589 215 2624; x_wconf 81' lang='grc' dir='ltr'>μειράκιον</span> <span class='ocrx_word' id='word_1_437' title='bbox 242 2590 425 2623; x_wconf 85' lang='grc' dir='ltr'>προσπαθῶς·</span> <span class='ocrx_word' id='word_1_438' title='bbox 461 2591 520 2618; x_wconf 82' lang='grc' dir='ltr'>ἀλλ’</span> <span class='ocrx_word' id='word_1_439' title='bbox 544 2591 576 2618; x_wconf 71' lang='grc' dir='ltr'>ἐκ</span> <span class='ocrx_word' id='word_1_440' title='bbox 598 2592 746 2627; x_wconf 88' lang='grc' dir='ltr'>προσώπου</span> <span class='ocrx_word' id='word_1_441' title='bbox 773 2594 859 2620; x_wconf 89' lang='grc' dir='ltr'>ἀνυπ-</span> 
     </span>
    </p>
   </div>
   <div class='ocr_carea' id='block_1_59' title="bbox 63 2634 859 2673">
    <p class='ocr_par' dir='ltr' id='par_1_59' title="bbox 63 2634 859 2673">
     <span class='ocr_line' id='line_1_59' title="bbox 63 2634 859 2673; baseline 0.008 -13"><span class='ocrx_word' id='word_1_442' title='bbox 63 2634 163 2667; x_wconf 82' lang='grc' dir='ltr'>όπτου,</span> <span class='ocrx_word' id='word_1_443' title='bbox 177 2635 224 2661; x_wconf 76' lang='grc' dir='ltr'>καὶ</span> <span class='ocrx_word' id='word_1_444' title='bbox 237 2636 270 2661; x_wconf 85' lang='grc' dir='ltr'>ὲκ</span> <span class='ocrx_word' id='word_1_445' title='bbox 284 2635 421 2670; x_wconf 68' lang='grc' dir='ltr'>διαφόρων</span> <span class='ocrx_word' id='word_1_446' title='bbox 435 2637 568 2672; x_wconf 81' lang='grc' dir='ltr'>ἀδελφῶν,</span> <span class='ocrx_word' id='word_1_447' title='bbox 576 2637 623 2673; x_wconf 88' lang='grc' dir='ltr'>τὴν</span> <span class='ocrx_word' id='word_1_448' title='bbox 639 2639 792 2673; x_wconf 86' lang='grc' dir='ltr'>ὑπουργίαν</span> <span class='ocrx_word' id='word_1_449' title='bbox 812 2648 859 2666; x_wconf 88' lang='grc' dir='ltr'><strong>σου</strong></span> 
     </span>
    </p>
   </div>
   <div class='ocr_carea' id='block_1_60' title="bbox 64 2680 859 2719">
    <p class='ocr_par' dir='ltr' id='par_1_60' title="bbox 64 2680 859 2719">
     <span class='ocr_line' id='line_1_60' title="bbox 64 2680 859 2719; baseline 0.006 -13"><span class='ocrx_word' id='word_1_450' title='bbox 64 2681 206 2715; x_wconf 77' lang='grc' dir='ltr'>ποιήσεις.</span> <span class='ocrx_word' id='word_1_451' title='bbox 229 2680 266 2707; x_wconf 81' lang='grc' dir='ltr'><strong>Οὒ</strong></span> <span class='ocrx_word' id='word_1_452' title='bbox 293 2682 381 2717; x_wconf 82' lang='grc' dir='ltr'>κτήσῃ</span> <span class='ocrx_word' id='word_1_453' title='bbox 408 2683 556 2718; x_wconf 77' lang='grc' dir='ltr'>ἱματισμὸν</span> <span class='ocrx_word' id='word_1_454' title='bbox 586 2684 785 2719; x_wconf 73' lang='grc' dir='ltr'>ἐξηλλαγμένον</span> <span class='ocrx_word' id='word_1_455' title='bbox 811 2685 859 2711; x_wconf 78' lang='grc' dir='ltr'>καὶ</span> 
     </span>
    </p>
   </div>
   <div class='ocr_carea' id='block_1_61' title="bbox 62 2726 858 2763">
    <p class='ocr_par' dir='ltr' id='par_1_61' title="bbox 62 2726 858 2763">
     <span class='ocr_line' id='line_1_61' title="bbox 62 2726 858 2763; baseline 0.008 -12"><span class='ocrx_word' id='word_1_456' title='bbox 62 2726 231 2761; x_wconf 73' lang='grc' dir='ltr'>πολύτιμον,</span> <span class='ocrx_word' id='word_1_457' title='bbox 244 2726 309 2753; x_wconf 75' lang='grc' dir='ltr'>ἄνευ</span> <span class='ocrx_word' id='word_1_458' title='bbox 322 2727 369 2753; x_wconf 88' lang='grc' dir='ltr'>τοῦ</span> <span class='ocrx_word' id='word_1_459' title='bbox 383 2728 533 2763; x_wconf 74' lang='grc' dir='ltr'>ἱερατεύειν</span> <span class='ocrx_word' id='word_1_460' title='bbox 547 2737 578 2755; x_wconf 89' lang='grc' dir='ltr'><strong>σε</strong></span> <span class='ocrx_word' id='word_1_461' title='bbox 588 2737 596 2744; x_wconf 87' lang='grc'><strong>·</strong></span> <span class='ocrx_word' id='word_1_462' title='bbox 611 2729 678 2756; x_wconf 85' lang='grc' dir='ltr'><strong>ἀλλά</strong></span> <span class='ocrx_word' id='word_1_463' title='bbox 692 2731 748 2761; x_wconf 77' lang='grc' dir='ltr'>τοῖς</span> <span class='ocrx_word' id='word_1_464' title='bbox 764 2739 858 2757; x_wconf 59' lang='grc' dir='ltr'>ταπειι</span> 
     </span>
    </p>
   </div>
   <div class='ocr_carea' id='block_1_62' title="bbox 62 2773 859 2811">
    <p class='ocr_par' dir='ltr' id='par_1_62' title="bbox 62 2773 859 2811">
     <span class='ocr_line' id='line_1_62' title="bbox 62 2773 859 2811; baseline 0.006 -14"><span class='ocrx_word' id='word_1_465' title='bbox 62 2773 123 2802; x_wconf 70' lang='lat' dir='ltr'><strong>vei;</strong></span> <span class='ocrx_word' id='word_1_466' title='bbox 147 2773 366 2807; x_wconf 84' lang='grc' dir='ltr'>πατρομιμήτως</span> <span class='ocrx_word' id='word_1_467' title='bbox 390 2773 439 2800; x_wconf 76' lang='grc' dir='ltr'>καὶ</span> <span class='ocrx_word' id='word_1_468' title='bbox 461 2773 557 2810; x_wconf 77' lang='grc' dir='ltr'>ἐνδύσῃ</span> <span class='ocrx_word' id='word_1_469' title='bbox 579 2775 626 2801; x_wconf 81' lang='grc' dir='ltr'><strong>καὶ</strong></span> <span class='ocrx_word' id='word_1_470' title='bbox 651 2775 782 2811; x_wconf 80' lang='grc' dir='ltr'>ὑποδύσῃ.</span> <span class='ocrx_word' id='word_1_471' title='bbox 802 2777 859 2802; x_wconf 83' lang='grc' dir='ltr'>Οὐκ</span> 
     </span>
    </p>
   </div>
   <div class='ocr_carea' id='block_1_63' title="bbox 62 2817 858 2854">
    <p class='ocr_par' dir='ltr' id='par_1_63' title="bbox 62 2817 858 2854">
     <span class='ocr_line' id='line_1_63' title="bbox 62 2817 858 2854; baseline 0.006 -11"><span class='ocrx_word' id='word_1_472' title='bbox 62 2818 117 2852; x_wconf 69' lang='lat' dir='ltr'><strong>Ean</strong></span> <span class='ocrx_word' id='word_1_473' title='bbox 135 2817 316 2853; x_wconf 80' lang='grc' dir='ltr'>ἁϐροδίαιτος,</span> <span class='ocrx_word' id='word_1_474' title='bbox 333 2817 395 2845; x_wconf 72' lang='grc' dir='ltr'>οὔτε</span> <span class='ocrx_word' id='word_1_475' title='bbox 410 2819 439 2845; x_wconf 72' lang='grc' dir='ltr'>ἐν</span> <span class='ocrx_word' id='word_1_476' title='bbox 452 2820 541 2854; x_wconf 75' lang='grc' dir='ltr'>οἰκείᾳ</span> <span class='ocrx_word' id='word_1_477' title='bbox 558 2828 606 2847; x_wconf 80' lang='grc' dir='ltr'><strong>σου</strong></span> <span class='ocrx_word' id='word_1_478' title='bbox 621 2820 738 2854; x_wconf 79' lang='grc' dir='ltr'>δαπάνῃ,</span> <span class='ocrx_word' id='word_1_479' title='bbox 751 2821 814 2848; x_wconf 77' lang='grc' dir='ltr'>οὔτε</span> <span class='ocrx_word' id='word_1_480' title='bbox 829 2823 858 2848; x_wconf 83' lang='grc' dir='ltr'>ὲν</span> 
     </span>
    </p>
   </div>
   <div class='ocr_carea' id='block_1_64' title="bbox 902 206 1694 243">
    <p class='ocr_par' dir='ltr' id='par_1_64' title="bbox 902 206 1694 243">
     <span class='ocr_line' id='line_1_64' title="bbox 902 206 1694 243; baseline -0.001 -8"><span class='ocrx_word' id='word_1_481' title='bbox 902 208 948 243; x_wconf 92' lang='lat' dir='ltr'><strong>qui</strong></span> <span class='ocrx_word' id='word_1_482' title='bbox 964 208 1075 235; x_wconf 80' lang='lat' dir='ltr'><strong>feminis</strong></span> <span class='ocrx_word' id='word_1_483' title='bbox 1087 207 1201 235; x_wconf 88' lang='lat' dir='ltr'><strong>omnino</strong></span> <span class='ocrx_word' id='word_1_484' title='bbox 1212 206 1385 238; x_wconf 85' lang='lat' dir='ltr'><strong>renuntiasti,</strong></span> <span class='ocrx_word' id='word_1_485' title='bbox 1403 214 1455 234; x_wconf 88' lang='lat' dir='ltr'><strong>nec</strong></span> <span class='ocrx_word' id='word_1_486' title='bbox 1475 207 1502 234; x_wconf 94' lang='lat' dir='ltr'><strong>in</strong></span> <span class='ocrx_word' id='word_1_487' title='bbox 1516 208 1694 240; x_wconf 86' lang='lat' dir='ltr'><strong>monasterio,</strong></span> 
     </span>
    </p>
   </div>
   <div class='ocr_carea' id='block_1_65' title="bbox 902 252 1695 288">
    <p class='ocr_par' dir='ltr' id='par_1_65' title="bbox 902 252 1695 288">
     <span class='ocr_line' id='line_1_65' title="bbox 902 252 1695 288; baseline -0.001 -7"><span class='ocrx_word' id='word_1_488' title='bbox 902 261 955 281; x_wconf 85' lang='lat' dir='ltr'><strong>nec</strong></span> <span class='ocrx_word' id='word_1_489' title='bbox 969 254 998 280; x_wconf 92' lang='lat' dir='ltr'><strong>in</strong></span> <span class='ocrx_word' id='word_1_490' title='bbox 1017 253 1091 288; x_wconf 92' lang='lat' dir='ltr'><strong>agris</strong></span> <span class='ocrx_word' id='word_1_491' title='bbox 1112 262 1118 279; x_wconf 75' lang='grc' dir='ltr'>ε</span> <span class='ocrx_word' id='word_1_492' title='bbox 1135 253 1228 280; x_wconf 89' lang='lat' dir='ltr'><strong>nullus</strong></span> <span class='ocrx_word' id='word_1_493' title='bbox 1244 252 1380 287; x_wconf 79' lang='lat' dir='ltr'><strong>siquidem</strong></span> <span class='ocrx_word' id='word_1_494' title='bbox 1402 257 1560 279; x_wconf 72' lang='lat' dir='ltr'><strong>sanctorum</strong></span> <span class='ocrx_word' id='word_1_495' title='bbox 1583 253 1695 280; x_wconf 87' lang='lat' dir='ltr'><strong>Patrum</strong></span> 
     </span>
    </p>
   </div>
   <div class='ocr_carea' id='block_1_66' title="bbox 905 296 1696 332">
    <p class='ocr_par' dir='ltr' id='par_1_66' title="bbox 905 296 1696 332">
     <span class='ocr_line' id='line_1_66' title="bbox 905 296 1696 332; baseline -0.003 -7"><span class='ocrx_word' id='word_1_496' title='bbox 905 306 970 326; x_wconf 92' lang='lat' dir='ltr'><strong>usus</strong></span> <span class='ocrx_word' id='word_1_497' title='bbox 991 302 1044 329; x_wconf 89' lang='lat' dir='ltr'><strong>est,</strong></span> <span class='ocrx_word' id='word_1_498' title='bbox 1061 302 1090 325; x_wconf 89' lang='lat' dir='ltr'><strong>et</strong></span> <span class='ocrx_word' id='word_1_499' title='bbox 1104 301 1203 324; x_wconf 86' lang='lat' dir='ltr'><strong>natura</strong></span> <span class='ocrx_word' id='word_1_500' title='bbox 1217 297 1275 332; x_wconf 88' lang='lat' dir='ltr'><strong>ipsa</strong></span> <span class='ocrx_word' id='word_1_501' title='bbox 1290 304 1344 324; x_wconf 84' lang='lat' dir='ltr'><strong>non</strong></span> <span class='ocrx_word' id='word_1_502' title='bbox 1365 296 1510 332; x_wconf 70' lang='lat' dir='ltr'><strong>permittit.</strong></span> <span class='ocrx_word' id='word_1_503' title='bbox 1531 297 1591 324; x_wconf 83' lang='lat' dir='ltr'><strong>Non</strong></span> <span class='ocrx_word' id='word_1_504' title='bbox 1608 298 1696 324; x_wconf 80' lang='lat' dir='ltr'><strong>vehe-</strong></span> 
     </span>
    </p>
   </div>
   <div class='ocr_carea' id='block_1_67' title="bbox 904 342 1696 378">
    <p class='ocr_par' dir='ltr' id='par_1_67' title="bbox 904 342 1696 378">
     <span class='ocr_line' id='line_1_67' title="bbox 904 342 1696 378; baseline 0 -8"><span class='ocrx_word' id='word_1_505' title='bbox 904 344 943 370; x_wconf 91' lang='lat' dir='ltr'><strong>ris</strong></span> <span class='ocrx_word' id='word_1_506' title='bbox 958 344 1038 378; x_wconf 85' lang='lat' dir='ltr'><strong>equis</strong></span> <span class='ocrx_word' id='word_1_507' title='bbox 1052 346 1101 370; x_wconf 88' lang='lat' dir='ltr'><strong>aut</strong></span> <span class='ocrx_word' id='word_1_508' title='bbox 1115 342 1196 370; x_wconf 88' lang='lat' dir='ltr'><strong>mulis</strong></span> <span class='ocrx_word' id='word_1_509' title='bbox 1211 342 1315 377; x_wconf 89' lang='lat' dir='ltr'><strong>absque</strong></span> <span class='ocrx_word' id='word_1_510' title='bbox 1330 342 1495 369; x_wconf 79' lang='lat' dir='ltr'><strong>necessitate</strong></span> <span class='ocrx_word' id='word_1_511' title='bbox 1508 351 1515 374; x_wconf 90' lang='lat'><strong>;</strong></span> <span class='ocrx_word' id='word_1_512' title='bbox 1531 342 1579 369; x_wconf 89' lang='lat' dir='ltr'><strong>sed</strong></span> <span class='ocrx_word' id='word_1_513' title='bbox 1595 343 1696 370; x_wconf 76' lang='lat' dir='ltr'><strong>Christi</strong></span> 
     </span>
    </p>
   </div>
   <div class='ocr_carea' id='block_1_68' title="bbox 904 388 1697 424">
    <p class='ocr_par' dir='ltr' id='par_1_68' title="bbox 904 388 1697 424">
     <span class='ocr_line' id='line_1_68' title="bbox 904 388 1697 424; baseline 0 -8"><span class='ocrx_word' id='word_1_514' title='bbox 904 389 1030 423; x_wconf 79' lang='lat' dir='ltr'><strong>exemplo</strong></span> <span class='ocrx_word' id='word_1_515' title='bbox 1058 389 1175 424; x_wconf 84' lang='lat' dir='ltr'><strong>pedibus</strong></span> <span class='ocrx_word' id='word_1_516' title='bbox 1202 389 1253 416; x_wconf 90' lang='lat' dir='ltr'><strong>iter</strong></span> <span class='ocrx_word' id='word_1_517' title='bbox 1278 388 1387 415; x_wconf 89' lang='lat' dir='ltr'><strong>facies:</strong></span> <span class='ocrx_word' id='word_1_518' title='bbox 1406 389 1449 415; x_wconf 86' lang='lat' dir='ltr'><strong>sin</strong></span> <span class='ocrx_word' id='word_1_519' title='bbox 1475 389 1580 419; x_wconf 87' lang='lat' dir='ltr'><strong>minus,</strong></span> <span class='ocrx_word' id='word_1_520' title='bbox 1605 389 1697 423; x_wconf 89' lang='lat' dir='ltr'><strong>pullus</strong></span> 
     </span>
    </p>
   </div>
   <div class='ocr_carea' id='block_1_69' title="bbox 903 433 1696 470">
    <p class='ocr_par' dir='ltr' id='par_1_69' title="bbox 903 433 1696 470">
     <span class='ocr_line' id='line_1_69' title="bbox 903 433 1696 470; baseline -0.001 -9"><span class='ocrx_word' id='word_1_521' title='bbox 903 434 974 461; x_wconf 89' lang='lat' dir='ltr'><strong>asini</strong></span> <span class='ocrx_word' id='word_1_522' title='bbox 991 435 1046 461; x_wconf 89' lang='lat' dir='ltr'><strong>erit</strong></span> <span class='ocrx_word' id='word_1_523' title='bbox 1065 435 1220 470; x_wconf 85' lang='lat' dir='ltr'><strong>jumenlum</strong></span> <span class='ocrx_word' id='word_1_524' title='bbox 1236 439 1325 461; x_wconf 89' lang='lat' dir='ltr'><strong>tuum.</strong></span> <span class='ocrx_word' id='word_1_525' title='bbox 1341 433 1457 461; x_wconf 86' lang='lat' dir='ltr'><strong>Curabis</strong></span> <span class='ocrx_word' id='word_1_526' title='bbox 1472 434 1587 461; x_wconf 90' lang='lat' dir='ltr'><strong>omnino</strong></span> <span class='ocrx_word' id='word_1_527' title='bbox 1604 438 1635 460; x_wconf 94' lang='lat' dir='ltr'><strong>ut</strong></span> <span class='ocrx_word' id='word_1_528' title='bbox 1653 434 1696 460; x_wconf 88' lang='lat' dir='ltr'><strong>in-&#39;</strong></span> 
     </span>
    </p>
   </div>
   <div class='ocr_carea' id='block_1_70' title="bbox 906 481 1696 514">
    <p class='ocr_par' dir='ltr' id='par_1_70' title="bbox 906 481 1696 514">
     <span class='ocr_line' id='line_1_70' title="bbox 906 481 1696 514; baseline -0.001 -5"><span class='ocrx_word' id='word_1_529' title='bbox 906 486 948 509; x_wconf 83' lang='lat' dir='ltr'><strong>ter</strong></span> <span class='ocrx_word' id='word_1_530' title='bbox 975 482 1074 510; x_wconf 78' lang='lat' dir='ltr'><strong>fratres</strong></span> <span class='ocrx_word' id='word_1_531' title='bbox 1104 482 1262 510; x_wconf 87' lang='lat' dir='ltr'><strong>communia</strong></span> <span class='ocrx_word' id='word_1_532' title='bbox 1293 486 1320 509; x_wconf 91' lang='lat' dir='ltr'><strong>et</strong></span> <span class='ocrx_word' id='word_1_533' title='bbox 1351 481 1468 509; x_wconf 86' lang='lat' dir='ltr'><strong>indivisa</strong></span> <span class='ocrx_word' id='word_1_534' title='bbox 1500 481 1555 508; x_wconf 87' lang='lat' dir='ltr'><strong>sint</strong></span> <span class='ocrx_word' id='word_1_535' title='bbox 1584 481 1696 514; x_wconf 87' lang='lat' dir='ltr'><strong>omnia,</strong></span> 
     </span>
    </p>
   </div>
   <div class='ocr_carea' id='block_1_71' title="bbox 903 527 1697 564">
    <p class='ocr_par' dir='ltr' id='par_1_71' title="bbox 903 527 1697 564">
     <span class='ocr_line' id='line_1_71' title="bbox 903 527 1697 564; baseline -0.004 -7"><span class='ocrx_word' id='word_1_536' title='bbox 903 536 929 557; x_wconf 85' lang='lat' dir='ltr'><strong>et</strong></span> <span class='ocrx_word' id='word_1_537' title='bbox 957 530 1026 557; x_wconf 84' lang='lat' dir='ltr'><strong>nihil</strong></span> <span class='ocrx_word' id='word_1_538' title='bbox 1057 528 1218 564; x_wconf 88' lang='lat' dir='ltr'><strong>cujusquam</strong></span> <span class='ocrx_word' id='word_1_539' title='bbox 1245 528 1387 563; x_wconf 90' lang='lat' dir='ltr'><strong>proprium</strong></span> <span class='ocrx_word' id='word_1_540' title='bbox 1413 527 1474 562; x_wconf 84' lang='lat' dir='ltr'><strong>jure</strong></span> <span class='ocrx_word' id='word_1_541' title='bbox 1499 527 1634 560; x_wconf 85' lang='lat' dir='ltr'><strong>dominii,</strong></span> <span class='ocrx_word' id='word_1_542' title='bbox 1662 534 1697 554; x_wconf 91' lang='lat' dir='ltr'><strong>ne</strong></span> 
     </span>
    </p>
   </div>
   <div class='ocr_carea' id='block_1_72' title="bbox 905 574 1698 610">
    <p class='ocr_par' dir='ltr' id='par_1_72' title="bbox 905 574 1698 610">
     <span class='ocr_line' id='line_1_72' title="bbox 905 574 1698 610; baseline -0.004 -7"><span class='ocrx_word' id='word_1_543' title='bbox 905 584 970 604; x_wconf 86' lang='lat' dir='ltr'><strong>acus</strong></span> <span class='ocrx_word' id='word_1_544' title='bbox 985 575 1107 610; x_wconf 83' lang='lat' dir='ltr'><strong>quidem.</strong></span> <span class='ocrx_word' id='word_1_545' title='bbox 1124 574 1185 602; x_wconf 89' lang='lat' dir='ltr'><strong>Tibi</strong></span> <span class='ocrx_word' id='word_1_546' title='bbox 1206 582 1272 601; x_wconf 87' lang='lat' dir='ltr'><strong>vero</strong></span> <span class='ocrx_word' id='word_1_547' title='bbox 1286 578 1314 601; x_wconf 88' lang='lat' dir='ltr'><strong>et</strong></span> <span class='ocrx_word' id='word_1_548' title='bbox 1324 581 1425 608; x_wconf 90' lang='lat' dir='ltr'><strong>corpus</strong></span> <span class='ocrx_word' id='word_1_549' title='bbox 1439 577 1467 601; x_wconf 91' lang='lat' dir='ltr'><strong>et</strong></span> <span class='ocrx_word' id='word_1_550' title='bbox 1481 574 1582 605; x_wconf 90' lang='lat' dir='ltr'><strong>anima,</strong></span> <span class='ocrx_word' id='word_1_551' title='bbox 1599 581 1633 601; x_wconf 92' lang='lat' dir='ltr'><strong>ne</strong></span> <span class='ocrx_word' id='word_1_552' title='bbox 1654 574 1698 601; x_wconf 90' lang='lat' dir='ltr'><strong>di-</strong></span> 
     </span>
    </p>
   </div>
   <div class='ocr_carea' id='block_1_73' title="bbox 904 619 1697 655">
    <p class='ocr_par' dir='ltr' id='par_1_73' title="bbox 904 619 1697 655">
     <span class='ocr_line' id='line_1_73' title="bbox 904 619 1697 655; baseline -0.005 -6"><span class='ocrx_word' id='word_1_553' title='bbox 904 629 966 649; x_wconf 90' lang='lat' dir='ltr'><strong>cam</strong></span> <span class='ocrx_word' id='word_1_554' title='bbox 982 625 1092 653; x_wconf 64' lang='lat' dir='ltr'><strong>caetera,</strong></span> <span class='ocrx_word' id='word_1_555' title='bbox 1108 627 1186 655; x_wconf 77' lang='lat' dir='ltr'><strong>aequa</strong></span> <span class='ocrx_word' id='word_1_556' title='bbox 1205 619 1283 646; x_wconf 87' lang='lat' dir='ltr'><strong>lance</strong></span> <span class='ocrx_word' id='word_1_557' title='bbox 1301 619 1445 646; x_wconf 85' lang='lat' dir='ltr'><strong>charitatis</strong></span> <span class='ocrx_word' id='word_1_558' title='bbox 1461 619 1489 645; x_wconf 91' lang='lat' dir='ltr'><strong>in</strong></span> <span class='ocrx_word' id='word_1_559' title='bbox 1504 626 1601 646; x_wconf 87' lang='lat' dir='ltr'><strong>omnes</strong></span> <span class='ocrx_word' id='word_1_560' title='bbox 1614 619 1697 653; x_wconf 80' lang='lat' dir='ltr'><strong>spiri-</strong></span> 
     </span>
    </p>
   </div>
   <div class='ocr_carea' id='block_1_74' title="bbox 906 664 1699 694">
    <p class='ocr_par' dir='ltr' id='par_1_74' title="bbox 906 664 1699 694">
     <span class='ocr_line' id='line_1_74' title="bbox 906 664 1699 694; baseline -0.003 0"><span class='ocrx_word' id='word_1_561' title='bbox 906 666 993 694; x_wconf 87' lang='lat' dir='ltr'><strong>tuales</strong></span> <span class='ocrx_word' id='word_1_562' title='bbox 1013 667 1083 694; x_wconf 85' lang='lat' dir='ltr'><strong>filios</strong></span> <span class='ocrx_word' id='word_1_563' title='bbox 1099 670 1161 693; x_wconf 88' lang='lat' dir='ltr'><strong>tuos</strong></span> <span class='ocrx_word' id='word_1_564' title='bbox 1178 673 1211 693; x_wconf 82' lang='lat' dir='ltr'><strong>ac</strong></span> <span class='ocrx_word' id='word_1_565' title='bbox 1227 665 1327 692; x_wconf 83' lang='lat' dir='ltr'><strong>fratres</strong></span> <span class='ocrx_word' id='word_1_566' title='bbox 1351 664 1517 692; x_wconf 82' lang='lat' dir='ltr'><strong>dividantur.</strong></span> <span class='ocrx_word' id='word_1_567' title='bbox 1535 664 1595 691; x_wconf 86' lang='lat' dir='ltr'><strong>Non</strong></span> <span class='ocrx_word' id='word_1_568' title='bbox 1613 665 1699 692; x_wconf 87' lang='lat' dir='ltr'><strong>uteris</strong></span> 
     </span>
    </p>
   </div>
   <div class='ocr_carea' id='block_1_75' title="bbox 904 709 1697 747">
    <p class='ocr_par' dir='ltr' id='par_1_75' title="bbox 904 709 1697 747">
     <span class='ocr_line' id='line_1_75' title="bbox 904 709 1697 747; baseline -0.001 -9"><span class='ocrx_word' id='word_1_569' title='bbox 904 715 1042 747; x_wconf 82' lang='lat' dir='ltr'><strong>potestate</strong></span> <span class='ocrx_word' id='word_1_570' title='bbox 1056 719 1120 746; x_wconf 79' lang='lat' dir='ltr'><strong>erga</strong></span> <span class='ocrx_word' id='word_1_571' title='bbox 1146 710 1216 738; x_wconf 90' lang='lat' dir='ltr'><strong>duos</strong></span> <span class='ocrx_word' id='word_1_572' title='bbox 1242 709 1342 738; x_wconf 79' lang='lat' dir='ltr'><strong>fratres</strong></span> <span class='ocrx_word' id='word_1_573' title='bbox 1369 715 1441 742; x_wconf 81' lang='lat' dir='ltr'><strong>tuos,</strong></span> <span class='ocrx_word' id='word_1_574' title='bbox 1465 714 1494 737; x_wconf 91' lang='lat' dir='ltr'><strong>et</strong></span> <span class='ocrx_word' id='word_1_575' title='bbox 1517 709 1587 737; x_wconf 83' lang='lat' dir='ltr'><strong>filios</strong></span> <span class='ocrx_word' id='word_1_576' title='bbox 1610 718 1697 742; x_wconf 83' lang='lat' dir='ltr'><strong>meos,</strong></span> 
     </span>
    </p>
   </div>
   <div class='ocr_carea' id='block_1_76' title="bbox 905 755 1699 792">
    <p class='ocr_par' dir='ltr' id='par_1_76' title="bbox 905 755 1699 792">
     <span class='ocr_line' id='line_1_76' title="bbox 905 755 1699 792; baseline -0.001 -8"><span class='ocrx_word' id='word_1_577' title='bbox 905 762 936 785; x_wconf 91' lang='lat' dir='ltr'><strong>ut</strong></span> <span class='ocrx_word' id='word_1_578' title='bbox 958 757 1002 784; x_wconf 90' lang='lat' dir='ltr'><strong>vel</strong></span> <span class='ocrx_word' id='word_1_579' title='bbox 1021 757 1055 784; x_wconf 90' lang='lat' dir='ltr'><strong>ad</strong></span> <span class='ocrx_word' id='word_1_580' title='bbox 1072 756 1275 792; x_wconf 71' lang='lat' dir='ltr'><strong>prmfecturam,</strong></span> <span class='ocrx_word' id='word_1_581' title='bbox 1302 756 1344 783; x_wconf 90' lang='lat' dir='ltr'><strong>vel</strong></span> <span class='ocrx_word' id='word_1_582' title='bbox 1368 756 1402 783; x_wconf 83' lang='lat' dir='ltr'><strong>ad</strong></span> <span class='ocrx_word' id='word_1_583' title='bbox 1418 755 1617 783; x_wconf 84' lang='lat' dir='ltr'><strong>ordinationem</strong></span> <span class='ocrx_word' id='word_1_584' title='bbox 1638 756 1699 784; x_wconf 87' lang='lat' dir='ltr'><strong>sine</strong></span> 
     </span>
    </p>
   </div>
   <div class='ocr_carea' id='block_1_77' title="bbox 907 801 1698 837">
    <p class='ocr_par' dir='ltr' id='par_1_77' title="bbox 907 801 1698 837">
     <span class='ocr_line' id='line_1_77' title="bbox 907 801 1698 837; baseline 0 -7"><span class='ocrx_word' id='word_1_585' title='bbox 907 802 994 830; x_wconf 82' lang='lat' dir='ltr'><strong>Patris</strong></span> <span class='ocrx_word' id='word_1_586' title='bbox 1016 803 1096 837; x_wconf 81' lang='lat' dir='ltr'><strong>jussu</strong></span> <span class='ocrx_word' id='word_1_587' title='bbox 1123 802 1273 837; x_wconf 82' lang='lat' dir='ltr'><strong>quidquam</strong></span> <span class='ocrx_word' id='word_1_588' title='bbox 1295 809 1368 837; x_wconf 78' lang='lat' dir='ltr'><strong>agas.</strong></span> <span class='ocrx_word' id='word_1_589' title='bbox 1396 801 1437 828; x_wconf 85' lang='lat' dir='ltr'><strong>Ne</strong></span> <span class='ocrx_word' id='word_1_590' title='bbox 1460 801 1608 829; x_wconf 87' lang='lat' dir='ltr'><strong>contrahas</strong></span> <span class='ocrx_word' id='word_1_591' title='bbox 1635 809 1698 830; x_wconf 83' lang='lat' dir='ltr'><strong>cum</strong></span> 
     </span>
    </p>
   </div>
   <div class='ocr_carea' id='block_1_78' title="bbox 905 847 1698 882">
    <p class='ocr_par' dir='ltr' id='par_1_78' title="bbox 905 847 1698 882">
     <span class='ocr_line' id='line_1_78' title="bbox 905 847 1698 882; baseline 0 -6"><span class='ocrx_word' id='word_1_592' title='bbox 905 849 1084 876; x_wconf 59' lang='lat' dir='ltr'><strong>saecularibus</strong></span> <span class='ocrx_word' id='word_1_593' title='bbox 1136 847 1345 881; x_wconf 87' lang='lat' dir='ltr'><strong>fraternitates,</strong></span> <span class='ocrx_word' id='word_1_594' title='bbox 1391 847 1435 875; x_wconf 85' lang='lat' dir='ltr'><strong>vel</strong></span> <span class='ocrx_word' id='word_1_595' title='bbox 1478 847 1698 882; x_wconf 77' lang='lat' dir='ltr'><strong>confiliationcs;</strong></span> 
     </span>
    </p>
   </div>
   <div class='ocr_carea' id='block_1_79' title="bbox 906 893 1700 929">
    <p class='ocr_par' dir='ltr' id='par_1_79' title="bbox 906 893 1700 929">
     <span class='ocr_line' id='line_1_79' title="bbox 906 893 1700 929; baseline 0 -8"><span class='ocrx_word' id='word_1_596' title='bbox 906 895 1009 929; x_wconf 84' lang='lat' dir='ltr'><strong>quippe</strong></span> <span class='ocrx_word' id='word_1_597' title='bbox 1026 894 1073 929; x_wconf 89' lang='lat' dir='ltr'><strong>qui</strong></span> <span class='ocrx_word' id='word_1_598' title='bbox 1097 893 1228 922; x_wconf 73' lang='lat' dir='ltr'><strong>saeculum</strong></span> <span class='ocrx_word' id='word_1_599' title='bbox 1253 898 1282 921; x_wconf 90' lang='lat' dir='ltr'><strong>et</strong></span> <span class='ocrx_word' id='word_1_600' title='bbox 1305 893 1416 927; x_wconf 85' lang='lat' dir='ltr'><strong>nuptias</strong></span> <span class='ocrx_word' id='word_1_601' title='bbox 1435 893 1582 928; x_wconf 87' lang='lat' dir='ltr'><strong>reliquisti.</strong></span> <span class='ocrx_word' id='word_1_602' title='bbox 1605 893 1700 928; x_wconf 76' lang='lat' dir='ltr'><strong>Neque</strong></span> 
     </span>
    </p>
   </div>
   <div class='ocr_carea' id='block_1_80' title="bbox 905 938 1697 974">
    <p class='ocr_par' dir='ltr' id='par_1_80' title="bbox 905 938 1697 974">
     <span class='ocr_line' id='line_1_80' title="bbox 905 938 1697 974; baseline -0.001 -7"><span class='ocrx_word' id='word_1_603' title='bbox 905 940 979 967; x_wconf 88' lang='lat' dir='ltr'><strong>enim</strong></span> <span class='ocrx_word' id='word_1_604' title='bbox 995 943 1085 967; x_wconf 82' lang='lat' dir='ltr'><strong>exstat</strong></span> <span class='ocrx_word' id='word_1_605' title='bbox 1108 939 1265 974; x_wconf 80' lang='lat' dir='ltr'><strong>exemplum</strong></span> <span class='ocrx_word' id='word_1_606' title='bbox 1284 939 1311 966; x_wconf 91' lang='lat' dir='ltr'><strong>in</strong></span> <span class='ocrx_word' id='word_1_607' title='bbox 1327 938 1472 971; x_wconf 86' lang='lat' dir='ltr'><strong>Patribus;</strong></span> <span class='ocrx_word' id='word_1_608' title='bbox 1498 943 1526 966; x_wconf 87' lang='lat' dir='ltr'><strong>et</strong></span> <span class='ocrx_word' id='word_1_609' title='bbox 1550 939 1573 967; x_wconf 89' lang='lat' dir='ltr'><strong>si</strong></span> <span class='ocrx_word' id='word_1_610' title='bbox 1598 943 1697 969; x_wconf 80' lang='lat' dir='ltr'><strong>exstat.</strong></span> 
     </span>
    </p>
   </div>
   <div class='ocr_carea' id='block_1_81' title="bbox 907 984 1700 1021">
    <p class='ocr_par' dir='ltr' id='par_1_81' title="bbox 907 984 1700 1021">
     <span class='ocr_line' id='line_1_81' title="bbox 907 984 1700 1021; baseline 0 -9"><span class='ocrx_word' id='word_1_611' title='bbox 907 993 1049 1021; x_wconf 87' lang='lat' dir='ltr'><strong>perrarum</strong></span> <span class='ocrx_word' id='word_1_612' title='bbox 1068 989 1120 1018; x_wconf 79' lang='lat' dir='ltr'><strong>est,</strong></span> <span class='ocrx_word' id='word_1_613' title='bbox 1136 992 1187 1012; x_wconf 82' lang='lat' dir='ltr'><strong>nec</strong></span> <span class='ocrx_word' id='word_1_614' title='bbox 1208 985 1277 1020; x_wconf 80' lang='lat' dir='ltr'><strong>legis</strong></span> <span class='ocrx_word' id='word_1_615' title='bbox 1292 985 1347 1012; x_wconf 88' lang='lat' dir='ltr'><strong>vim</strong></span> <span class='ocrx_word' id='word_1_616' title='bbox 1367 984 1460 1012; x_wconf 85' lang='lat' dir='ltr'><strong>habet.</strong></span> <span class='ocrx_word' id='word_1_617' title='bbox 1477 984 1536 1012; x_wconf 87' lang='lat' dir='ltr'><strong>Non</strong></span> <span class='ocrx_word' id='word_1_618' title='bbox 1552 985 1700 1020; x_wconf 87' lang='lat' dir='ltr'><strong>epulabere</strong></span> 
     </span>
    </p>
   </div>
   <div class='ocr_carea' id='block_1_82' title="bbox 905 1030 1698 1065">
    <p class='ocr_par' dir='ltr' id='par_1_82' title="bbox 905 1030 1698 1065">
     <span class='ocr_line' id='line_1_82' title="bbox 905 1030 1698 1065; baseline -0.001 -7"><span class='ocrx_word' id='word_1_619' title='bbox 905 1039 968 1058; x_wconf 91' lang='lat' dir='ltr'><strong>cum</strong></span> <span class='ocrx_word' id='word_1_620' title='bbox 984 1030 1106 1062; x_wconf 81' lang='lat' dir='ltr'><strong>feminis,</strong></span> <span class='ocrx_word' id='word_1_621' title='bbox 1120 1034 1232 1065; x_wconf 80' lang='lat' dir='ltr'><strong>excepta</strong></span> <span class='ocrx_word' id='word_1_622' title='bbox 1250 1034 1338 1057; x_wconf 83' lang='lat' dir='ltr'><strong>matre</strong></span> <span class='ocrx_word' id='word_1_623' title='bbox 1352 1034 1397 1057; x_wconf 91' lang='lat' dir='ltr'><strong>tua</strong></span> <span class='ocrx_word' id='word_1_624' title='bbox 1410 1030 1560 1057; x_wconf 90' lang='lat' dir='ltr'><strong>secundum</strong></span> <span class='ocrx_word' id='word_1_625' title='bbox 1577 1038 1698 1063; x_wconf 87' lang='lat' dir='ltr'><strong>carnem,</strong></span> 
     </span>
    </p>
   </div>
   <div class='ocr_carea' id='block_1_83' title="bbox 904 1076 1701 1112">
    <p class='ocr_par' dir='ltr' id='par_1_83' title="bbox 904 1076 1701 1112">
     <span class='ocr_line' id='line_1_83' title="bbox 904 1076 1701 1112; baseline -0.003 -7"><span class='ocrx_word' id='word_1_626' title='bbox 904 1082 933 1105; x_wconf 88' lang='lat' dir='ltr'><strong>et</strong></span> <span class='ocrx_word' id='word_1_627' title='bbox 949 1085 1053 1110; x_wconf 89' lang='lat' dir='ltr'><strong>sorore,</strong></span> <span class='ocrx_word' id='word_1_628' title='bbox 1069 1076 1121 1104; x_wconf 89' lang='lat' dir='ltr'><strong>nisi</strong></span> <span class='ocrx_word' id='word_1_629' title='bbox 1138 1077 1178 1104; x_wconf 86' lang='lat' dir='ltr'><strong>vis</strong></span> <span class='ocrx_word' id='word_1_630' title='bbox 1192 1076 1281 1110; x_wconf 88' lang='lat' dir='ltr'><strong>aliqua</strong></span> <span class='ocrx_word' id='word_1_631' title='bbox 1300 1079 1328 1104; x_wconf 89' lang='lat' dir='ltr'><strong>et</strong></span> <span class='ocrx_word' id='word_1_632' title='bbox 1344 1076 1494 1104; x_wconf 86' lang='lat' dir='ltr'><strong>necessitas</strong></span> <span class='ocrx_word' id='word_1_633' title='bbox 1509 1080 1611 1112; x_wconf 82' lang='lat' dir='ltr'><strong>urgeat.</strong></span> <span class='ocrx_word' id='word_1_634' title='bbox 1629 1077 1701 1104; x_wconf 87' lang='lat' dir='ltr'><strong>sicut</strong></span> 
     </span>
    </p>
   </div>
   <div class='ocr_carea' id='block_1_84' title="bbox 905 1121 1701 1158">
    <p class='ocr_par' dir='ltr' id='par_1_84' title="bbox 905 1121 1701 1158">
     <span class='ocr_line' id='line_1_84' title="bbox 905 1121 1701 1158; baseline 0.001 -10"><span class='ocrx_word' id='word_1_635' title='bbox 905 1122 1055 1150; x_wconf 85' lang='lat' dir='ltr'><strong>admonent</strong></span> <span class='ocrx_word' id='word_1_636' title='bbox 1072 1122 1158 1149; x_wconf 80' lang='lat' dir='ltr'><strong>sancti</strong></span> <span class='ocrx_word' id='word_1_637' title='bbox 1176 1121 1282 1149; x_wconf 84' lang='lat' dir='ltr'><strong>Patres.</strong></span> <span class='ocrx_word' id='word_1_638' title='bbox 1304 1121 1343 1148; x_wconf 87' lang='lat' dir='ltr'><strong>Ne</strong></span> <span class='ocrx_word' id='word_1_639' title='bbox 1365 1121 1496 1156; x_wconf 86' lang='lat' dir='ltr'><strong>frequens</strong></span> <span class='ocrx_word' id='word_1_640' title='bbox 1513 1122 1551 1149; x_wconf 89' lang='lat' dir='ltr'><strong>sis</strong></span> <span class='ocrx_word' id='word_1_641' title='bbox 1563 1122 1591 1149; x_wconf 91' lang='lat' dir='ltr'><strong>in</strong></span> <span class='ocrx_word' id='word_1_642' title='bbox 1608 1131 1701 1158; x_wconf 80' lang='lat' dir='ltr'><strong>egres-</strong></span> 
     </span>
    </p>
   </div>
   <div class='ocr_carea' id='block_1_85' title="bbox 905 1167 1701 1202">
    <p class='ocr_par' dir='ltr' id='par_1_85' title="bbox 905 1167 1701 1202">
     <span class='ocr_line' id='line_1_85' title="bbox 905 1167 1701 1202; baseline -0.001 -6"><span class='ocrx_word' id='word_1_643' title='bbox 905 1168 982 1196; x_wconf 85' lang='lat' dir='ltr'><strong>sibus</strong></span> <span class='ocrx_word' id='word_1_644' title='bbox 993 1172 1021 1195; x_wconf 86' lang='lat' dir='ltr'><strong>et</strong></span> <span class='ocrx_word' id='word_1_645' title='bbox 1037 1167 1360 1200; x_wconf 89' lang='lat' dir='ltr'><strong>circumcursationibus,</strong></span> <span class='ocrx_word' id='word_1_646' title='bbox 1377 1168 1518 1202; x_wconf 88' lang='lat' dir='ltr'><strong>proprium</strong></span> <span class='ocrx_word' id='word_1_647' title='bbox 1536 1168 1608 1195; x_wconf 90' lang='lat' dir='ltr'><strong>ovile</strong></span> <span class='ocrx_word' id='word_1_648' title='bbox 1621 1168 1701 1195; x_wconf 57' lang='lat' dir='ltr'><strong>desed</strong></span> 
     </span>
    </p>
   </div>
   <div class='ocr_carea' id='block_1_86' title="bbox 907 1213 1700 1245">
    <p class='ocr_par' dir='ltr' id='par_1_86' title="bbox 907 1213 1700 1245">
     <span class='ocr_line' id='line_1_86' title="bbox 907 1213 1700 1245; baseline 0.001 -4"><span class='ocrx_word' id='word_1_649' title='bbox 907 1222 970 1242; x_wconf 90' lang='lat' dir='ltr'><strong>rens</strong></span> <span class='ocrx_word' id='word_1_650' title='bbox 995 1214 1055 1242; x_wconf 90' lang='lat' dir='ltr'><strong>sine</strong></span> <span class='ocrx_word' id='word_1_651' title='bbox 1078 1214 1256 1244; x_wconf 79' lang='lat' dir='ltr'><strong>necessitate,</strong></span> <span class='ocrx_word' id='word_1_652' title='bbox 1283 1221 1344 1241; x_wconf 89' lang='lat' dir='ltr'><strong>cum</strong></span> <span class='ocrx_word' id='word_1_653' title='bbox 1367 1213 1476 1241; x_wconf 81' lang='lat' dir='ltr'><strong>difﬁcile</strong></span> <span class='ocrx_word' id='word_1_654' title='bbox 1500 1214 1546 1245; x_wconf 79' lang='lat' dir='ltr'><strong>sit,</strong></span> <span class='ocrx_word' id='word_1_655' title='bbox 1573 1215 1654 1241; x_wconf 86' lang='lat' dir='ltr'><strong>etiam</strong></span> <span class='ocrx_word' id='word_1_656' title='bbox 1677 1214 1700 1242; x_wconf 85' lang='lat' dir='ltr'><strong>si</strong></span> 
     </span>
    </p>
   </div>
   <div class='ocr_carea' id='block_1_87' title="bbox 910 1258 1701 1291">
    <p class='ocr_par' dir='ltr' id='par_1_87' title="bbox 910 1258 1701 1291">
     <span class='ocr_line' id='line_1_87' title="bbox 910 1258 1701 1291; baseline 0.001 -5"><span class='ocrx_word' id='word_1_657' title='bbox 910 1260 1040 1287; x_wconf 84' lang='lat' dir='ltr'><strong>assiduus</strong></span> <span class='ocrx_word' id='word_1_658' title='bbox 1058 1259 1184 1291; x_wconf 84' lang='lat' dir='ltr'><strong>incubes,</strong></span> <span class='ocrx_word' id='word_1_659' title='bbox 1202 1258 1348 1286; x_wconf 84' lang='lat' dir='ltr'><strong>variabiles</strong></span> <span class='ocrx_word' id='word_1_660' title='bbox 1362 1263 1389 1286; x_wconf 86' lang='lat' dir='ltr'><strong>et</strong></span> <span class='ocrx_word' id='word_1_661' title='bbox 1406 1258 1539 1286; x_wconf 86' lang='lat' dir='ltr'><strong>erraticas</strong></span> <span class='ocrx_word' id='word_1_662' title='bbox 1553 1259 1701 1287; x_wconf 83' lang='lat' dir='ltr'><strong>rationales</strong></span> 
     </span>
    </p>
   </div>
   <div class='ocr_carea' id='block_1_88' title="bbox 909 1305 1701 1340">
    <p class='ocr_par' dir='ltr' id='par_1_88' title="bbox 909 1305 1701 1340">
     <span class='ocr_line' id='line_1_88' title="bbox 909 1305 1701 1340; baseline 0.001 -8"><span class='ocrx_word' id='word_1_663' title='bbox 909 1314 975 1334; x_wconf 87' lang='lat' dir='ltr'><strong>oves</strong></span> <span class='ocrx_word' id='word_1_664' title='bbox 990 1313 1114 1333; x_wconf 86' lang='lat' dir='ltr'><strong>servare.</strong></span> <span class='ocrx_word' id='word_1_665' title='bbox 1134 1305 1205 1333; x_wconf 86' lang='lat' dir='ltr'><strong>Cura</strong></span> <span class='ocrx_word' id='word_1_666' title='bbox 1221 1313 1335 1340; x_wconf 85' lang='lat' dir='ltr'><strong>prorsus</strong></span> <span class='ocrx_word' id='word_1_667' title='bbox 1354 1310 1386 1332; x_wconf 91' lang='lat' dir='ltr'><strong>ut</strong></span> <span class='ocrx_word' id='word_1_668' title='bbox 1399 1305 1565 1333; x_wconf 79' lang='lat' dir='ltr'><strong>catechesim</strong></span> <span class='ocrx_word' id='word_1_669' title='bbox 1580 1305 1701 1340; x_wconf 75' lang='lat' dir='ltr'><strong>qualibet</strong></span> 
     </span>
    </p>
   </div>
   <div class='ocr_carea' id='block_1_89' title="bbox 908 1351 1699 1386">
    <p class='ocr_par' dir='ltr' id='par_1_89' title="bbox 908 1351 1699 1386">
     <span class='ocr_line' id='line_1_89' title="bbox 908 1351 1699 1386; baseline -0.001 -7"><span class='ocrx_word' id='word_1_670' title='bbox 908 1351 1079 1379; x_wconf 85' lang='lat' dir='ltr'><strong>hebdomade</strong></span> <span class='ocrx_word' id='word_1_671' title='bbox 1104 1356 1146 1379; x_wconf 90' lang='lat' dir='ltr'><strong>ter</strong></span> <span class='ocrx_word' id='word_1_672' title='bbox 1169 1351 1264 1384; x_wconf 85' lang='lat' dir='ltr'><strong>facias,</strong></span> <span class='ocrx_word' id='word_1_673' title='bbox 1285 1351 1318 1379; x_wconf 87' lang='lat' dir='ltr'><strong>ad</strong></span> <span class='ocrx_word' id='word_1_674' title='bbox 1334 1359 1502 1386; x_wconf 85' lang='lat' dir='ltr'><strong>vesperum;</strong></span> <span class='ocrx_word' id='word_1_675' title='bbox 1529 1351 1660 1386; x_wconf 88' lang='lat' dir='ltr'><strong>quoniam</strong></span> <span class='ocrx_word' id='word_1_676' title='bbox 1684 1359 1699 1378; x_wconf 93' lang='lat' dir='ltr'><strong>a</strong></span> 
     </span>
    </p>
   </div>
   <div class='ocr_carea' id='block_1_90' title="bbox 907 1396 1701 1429">
    <p class='ocr_par' dir='ltr' id='par_1_90' title="bbox 907 1396 1701 1429">
     <span class='ocr_line' id='line_1_90' title="bbox 907 1396 1701 1429; baseline 0.001 -5"><span class='ocrx_word' id='word_1_677' title='bbox 907 1397 1034 1425; x_wconf 85' lang='lat' dir='ltr'><strong>Patribus</strong></span> <span class='ocrx_word' id='word_1_678' title='bbox 1056 1397 1083 1425; x_wconf 95' lang='lat' dir='ltr'><strong>id</strong></span> <span class='ocrx_word' id='word_1_679' title='bbox 1109 1397 1249 1429; x_wconf 89' lang='lat' dir='ltr'><strong>traditum,</strong></span> <span class='ocrx_word' id='word_1_680' title='bbox 1269 1402 1297 1424; x_wconf 88' lang='lat' dir='ltr'><strong>et</strong></span> <span class='ocrx_word' id='word_1_681' title='bbox 1317 1397 1437 1424; x_wconf 82' lang='lat' dir='ltr'><strong>salutare</strong></span> <span class='ocrx_word' id='word_1_682' title='bbox 1459 1401 1510 1424; x_wconf 87' lang='lat' dir='ltr'><strong>est.</strong></span> <span class='ocrx_word' id='word_1_683' title='bbox 1536 1396 1574 1424; x_wconf 75' lang='lat' dir='ltr'><strong>Ne</strong></span> <span class='ocrx_word' id='word_1_684' title='bbox 1593 1397 1701 1425; x_wconf 72' lang='lat' dir='ltr'><strong>dederis</strong></span> 
     </span>
    </p>
   </div>
   <div class='ocr_carea' id='block_1_91' title="bbox 908 1442 1701 1479">
    <p class='ocr_par' dir='ltr' id='par_1_91' title="bbox 908 1442 1701 1479">
     <span class='ocr_line' id='line_1_91' title="bbox 908 1442 1701 1479; baseline -0.003 -8"><span class='ocrx_word' id='word_1_685' title='bbox 908 1451 1022 1479; x_wconf 89' lang='lat' dir='ltr'><strong>parvum</strong></span> <span class='ocrx_word' id='word_1_686' title='bbox 1038 1451 1121 1478; x_wconf 89' lang='lat' dir='ltr'><strong>quem</strong></span> <span class='ocrx_word' id='word_1_687' title='bbox 1135 1447 1233 1470; x_wconf 87' lang='lat' dir='ltr'><strong>vocant</strong></span> <span class='ocrx_word' id='word_1_688' title='bbox 1252 1443 1388 1474; x_wconf 87' lang='lat' dir='ltr'><strong>habitum,</strong></span> <span class='ocrx_word' id='word_1_689' title='bbox 1405 1450 1447 1476; x_wconf 89' lang='lat' dir='ltr'><strong>ac,</strong></span> <span class='ocrx_word' id='word_1_690' title='bbox 1463 1442 1547 1470; x_wconf 89' lang='lat' dir='ltr'><strong>veluti</strong></span> <span class='ocrx_word' id='word_1_691' title='bbox 1564 1447 1624 1477; x_wconf 90' lang='lat' dir='ltr'><strong>post</strong></span> <span class='ocrx_word' id='word_1_692' title='bbox 1636 1450 1701 1477; x_wconf 57' lang='lat' dir='ltr'><strong>span</strong></span> 
     </span>
    </p>
   </div>
   <div class='ocr_carea' id='block_1_92' title="bbox 909 1487 1699 1523">
    <p class='ocr_par' dir='ltr' id='par_1_92' title="bbox 909 1487 1699 1523">
     <span class='ocr_line' id='line_1_92' title="bbox 909 1487 1699 1523; baseline 0 -8"><span class='ocrx_word' id='word_1_693' title='bbox 909 1488 976 1515; x_wconf 93' lang='lat' dir='ltr'><strong>tium</strong></span> <span class='ocrx_word' id='word_1_694' title='bbox 991 1488 1133 1523; x_wconf 88' lang='lat' dir='ltr'><strong>temporis,</strong></span> <span class='ocrx_word' id='word_1_695' title='bbox 1148 1488 1266 1515; x_wconf 87' lang='lat' dir='ltr'><strong>alterum</strong></span> <span class='ocrx_word' id='word_1_696' title='bbox 1280 1487 1355 1515; x_wconf 87' lang='lat' dir='ltr'><strong>velut</strong></span> <span class='ocrx_word' id='word_1_697' title='bbox 1375 1495 1503 1522; x_wconf 81' lang='lat' dir='ltr'><strong>magnum</strong></span> <span class='ocrx_word' id='word_1_698' title='bbox 1519 1495 1527 1514; x_wconf 89' lang='lat'><strong>:</strong></span> <span class='ocrx_word' id='word_1_699' title='bbox 1543 1495 1614 1515; x_wconf 88' lang='lat' dir='ltr'><strong>unus</strong></span> <span class='ocrx_word' id='word_1_700' title='bbox 1626 1487 1699 1515; x_wconf 91' lang='lat' dir='ltr'><strong>enim</strong></span> 
     </span>
    </p>
   </div>
   <div class='ocr_carea' id='block_1_93' title="bbox 909 1533 1700 1568">
    <p class='ocr_par' dir='ltr' id='par_1_93' title="bbox 909 1533 1700 1568">
     <span class='ocr_line' id='line_1_93' title="bbox 909 1533 1700 1568; baseline -0.001 -7"><span class='ocrx_word' id='word_1_701' title='bbox 909 1539 951 1561; x_wconf 88' lang='lat' dir='ltr'><strong>est</strong></span> <span class='ocrx_word' id='word_1_702' title='bbox 968 1534 1089 1566; x_wconf 84' lang='lat' dir='ltr'><strong>habitus,</strong></span> <span class='ocrx_word' id='word_1_703' title='bbox 1115 1534 1187 1561; x_wconf 79' lang='lat' dir='ltr'><strong>sicut</strong></span> <span class='ocrx_word' id='word_1_704' title='bbox 1204 1537 1232 1560; x_wconf 90' lang='lat' dir='ltr'><strong>et</strong></span> <span class='ocrx_word' id='word_1_705' title='bbox 1251 1533 1397 1568; x_wconf 85' lang='lat' dir='ltr'><strong>baptisma,</strong></span> <span class='ocrx_word' id='word_1_706' title='bbox 1420 1533 1650 1568; x_wconf 83' lang='lat' dir='ltr'><strong>quemadmodum</strong></span> <span class='ocrx_word' id='word_1_707' title='bbox 1671 1533 1700 1560; x_wconf 90' lang='lat' dir='ltr'><strong>in</strong></span> 
     </span>
    </p>
   </div>
   <div class='ocr_carea' id='block_1_94' title="bbox 909 1578 1700 1614">
    <p class='ocr_par' dir='ltr' id='par_1_94' title="bbox 909 1578 1700 1614">
     <span class='ocr_line' id='line_1_94' title="bbox 909 1578 1700 1614; baseline -0.001 -7"><span class='ocrx_word' id='word_1_708' title='bbox 909 1587 986 1607; x_wconf 87' lang='lat' dir='ltr'><strong>more</strong></span> <span class='ocrx_word' id='word_1_709' title='bbox 1012 1579 1064 1607; x_wconf 91' lang='lat' dir='ltr'><strong>fuit</strong></span> <span class='ocrx_word' id='word_1_710' title='bbox 1088 1585 1244 1607; x_wconf 87' lang='lat' dir='ltr'><strong>sanctorum</strong></span> <span class='ocrx_word' id='word_1_711' title='bbox 1271 1579 1393 1606; x_wconf 86' lang='lat' dir='ltr'><strong>Patrum.</strong></span> <span class='ocrx_word' id='word_1_712' title='bbox 1419 1578 1458 1606; x_wconf 87' lang='lat' dir='ltr'><strong>Ne</strong></span> <span class='ocrx_word' id='word_1_713' title='bbox 1491 1579 1700 1614; x_wconf 77' lang='lat' dir='ltr'><strong>transgrediaris</strong></span> 
     </span>
    </p>
   </div>
   <div class='ocr_carea' id='block_1_95' title="bbox 909 1623 1701 1660">
    <p class='ocr_par' dir='ltr' id='par_1_95' title="bbox 909 1623 1701 1660">
     <span class='ocr_line' id='line_1_95' title="bbox 909 1623 1701 1660; baseline 0 -8"><span class='ocrx_word' id='word_1_714' title='bbox 909 1624 982 1660; x_wconf 81' lang='lat' dir='ltr'><strong>leges</strong></span> <span class='ocrx_word' id='word_1_715' title='bbox 1003 1628 1032 1651; x_wconf 88' lang='lat' dir='ltr'><strong>et</strong></span> <span class='ocrx_word' id='word_1_716' title='bbox 1055 1625 1164 1660; x_wconf 88' lang='lat' dir='ltr'><strong>regulas</strong></span> <span class='ocrx_word' id='word_1_717' title='bbox 1187 1623 1310 1657; x_wconf 85' lang='lat' dir='ltr'><strong>Patrum,</strong></span> <span class='ocrx_word' id='word_1_718' title='bbox 1337 1623 1475 1659; x_wconf 67' lang='lat' dir='ltr'><strong>praecipue</strong></span> <span class='ocrx_word' id='word_1_719' title='bbox 1499 1625 1584 1652; x_wconf 87' lang='lat' dir='ltr'><strong>sancti</strong></span> <span class='ocrx_word' id='word_1_720' title='bbox 1611 1623 1701 1653; x_wconf 80' lang='lat' dir='ltr'><strong>Patris</strong></span> 
     </span>
    </p>
   </div>
   <div class='ocr_carea' id='block_1_96' title="bbox 909 1669 1698 1704">
    <p class='ocr_par' dir='ltr' id='par_1_96' title="bbox 909 1669 1698 1704">
     <span class='ocr_line' id='line_1_96' title="bbox 909 1669 1698 1704; baseline 0 -7"><span class='ocrx_word' id='word_1_721' title='bbox 909 1669 997 1697; x_wconf 90' lang='lat' dir='ltr'><strong>nostri</strong></span> <span class='ocrx_word' id='word_1_722' title='bbox 1010 1669 1101 1697; x_wconf 85' lang='lat' dir='ltr'><strong>Basilii</strong></span> <span class='ocrx_word' id='word_1_723' title='bbox 1120 1678 1126 1696; x_wconf 89' lang='lat'>:</span> <span class='ocrx_word' id='word_1_724' title='bbox 1144 1669 1192 1697; x_wconf 91' lang='lat' dir='ltr'><strong>sed</strong></span> <span class='ocrx_word' id='word_1_725' title='bbox 1205 1669 1338 1704; x_wconf 86' lang='lat' dir='ltr'><strong>quidquid</strong></span> <span class='ocrx_word' id='word_1_726' title='bbox 1357 1677 1421 1704; x_wconf 88' lang='lat' dir='ltr'><strong>agas</strong></span> <span class='ocrx_word' id='word_1_727' title='bbox 1435 1669 1552 1700; x_wconf 80' lang='lat' dir='ltr'><strong>dicasve,</strong></span> <span class='ocrx_word' id='word_1_728' title='bbox 1570 1673 1698 1704; x_wconf 80' lang='lat' dir='ltr'><strong>tanquam</strong></span> 
     </span>
    </p>
   </div>
   <div class='ocr_carea' id='block_1_97' title="bbox 910 1715 1699 1750">
    <p class='ocr_par' dir='ltr' id='par_1_97' title="bbox 910 1715 1699 1750">
     <span class='ocr_line' id='line_1_97' title="bbox 910 1715 1699 1750; baseline 0 -8"><span class='ocrx_word' id='word_1_729' title='bbox 910 1716 1098 1743; x_wconf 87' lang='lat' dir='ltr'><strong>testimonium</strong></span> <span class='ocrx_word' id='word_1_730' title='bbox 1117 1723 1151 1742; x_wconf 81' lang='lat' dir='ltr'><strong>ex</strong></span> <span class='ocrx_word' id='word_1_731' title='bbox 1174 1715 1259 1743; x_wconf 91' lang='lat' dir='ltr'><strong>sacris</strong></span> <span class='ocrx_word' id='word_1_732' title='bbox 1276 1715 1386 1743; x_wconf 88' lang='lat' dir='ltr'><strong>Litteris</strong></span> <span class='ocrx_word' id='word_1_733' title='bbox 1407 1715 1520 1747; x_wconf 84' lang='lat' dir='ltr'><strong>habeas,</strong></span> <span class='ocrx_word' id='word_1_734' title='bbox 1540 1719 1587 1742; x_wconf 92' lang='lat' dir='ltr'><strong>aut</strong></span> <span class='ocrx_word' id='word_1_735' title='bbox 1601 1723 1634 1743; x_wconf 83' lang='lat' dir='ltr'><strong>ex</strong></span> <span class='ocrx_word' id='word_1_736' title='bbox 1650 1723 1699 1750; x_wconf 80' lang='lat' dir='ltr'><strong>pa—</strong></span> 
     </span>
    </p>
   </div>
   <div class='ocr_carea' id='block_1_98' title="bbox 909 1761 1700 1797">
    <p class='ocr_par' dir='ltr' id='par_1_98' title="bbox 909 1761 1700 1797">
     <span class='ocr_line' id='line_1_98' title="bbox 909 1761 1700 1797; baseline 0 -8"><span class='ocrx_word' id='word_1_737' title='bbox 909 1765 986 1789; x_wconf 87' lang='lat' dir='ltr'><strong>terna</strong></span> <span class='ocrx_word' id='word_1_738' title='bbox 1010 1761 1220 1792; x_wconf 88' lang='lat' dir='ltr'><strong>consuetudine,</strong></span> <span class='ocrx_word' id='word_1_739' title='bbox 1249 1761 1277 1788; x_wconf 94' lang='lat' dir='ltr'><strong>id</strong></span> <span class='ocrx_word' id='word_1_740' title='bbox 1299 1769 1359 1797; x_wconf 89' lang='lat' dir='ltr'><strong>age,</strong></span> <span class='ocrx_word' id='word_1_741' title='bbox 1386 1761 1445 1788; x_wconf 89' lang='lat' dir='ltr'><strong>sine</strong></span> <span class='ocrx_word' id='word_1_742' title='bbox 1465 1761 1550 1788; x_wconf 87' lang='lat' dir='ltr'><strong>divini</strong></span> <span class='ocrx_word' id='word_1_743' title='bbox 1572 1761 1700 1796; x_wconf 70' lang='lat' dir='ltr'><strong>praecepti</strong></span> 
     </span>
    </p>
   </div>
   <div class='ocr_carea' id='block_1_99' title="bbox 909 1806 1701 1842">
    <p class='ocr_par' dir='ltr' id='par_1_99' title="bbox 909 1806 1701 1842">
     <span class='ocr_line' id='line_1_99' title="bbox 909 1806 1701 1842; baseline 0.001 -8"><span class='ocrx_word' id='word_1_744' title='bbox 909 1807 1146 1842; x_wconf 62' lang='lat' dir='ltr'><strong>praevaricatione.</strong></span> <span class='ocrx_word' id='word_1_745' title='bbox 1163 1806 1222 1834; x_wconf 86' lang='lat' dir='ltr'><strong>Non</strong></span> <span class='ocrx_word' id='word_1_746' title='bbox 1243 1806 1355 1834; x_wconf 89' lang='lat' dir='ltr'><strong>deseres</strong></span> <span class='ocrx_word' id='word_1_747' title='bbox 1382 1815 1491 1842; x_wconf 72' lang='lat' dir='ltr'><strong>gregem</strong></span> <span class='ocrx_word' id='word_1_748' title='bbox 1506 1812 1596 1840; x_wconf 90' lang='lat' dir='ltr'><strong>tuum,</strong></span> <span class='ocrx_word' id='word_1_749' title='bbox 1619 1812 1650 1835; x_wconf 89' lang='lat' dir='ltr'><strong>ut</strong></span> <span class='ocrx_word' id='word_1_750' title='bbox 1666 1808 1701 1835; x_wconf 88' lang='lat' dir='ltr'><strong>ad</strong></span> 
     </span>
    </p>
   </div>
   <div class='ocr_carea' id='block_1_100' title="bbox 910 1852 1702 1888">
    <p class='ocr_par' dir='ltr' id='par_1_100' title="bbox 910 1852 1702 1888">
     <span class='ocr_line' id='line_1_100' title="bbox 910 1852 1702 1888; baseline 0.001 -9"><span class='ocrx_word' id='word_1_751' title='bbox 910 1853 1028 1880; x_wconf 86' lang='lat' dir='ltr'><strong>alterum</strong></span> <span class='ocrx_word' id='word_1_752' title='bbox 1044 1857 1180 1885; x_wconf 85' lang='lat' dir='ltr'><strong>transeas,</strong></span> <span class='ocrx_word' id='word_1_753' title='bbox 1196 1853 1239 1880; x_wconf 88' lang='lat' dir='ltr'><strong>vel</strong></span> <span class='ocrx_word' id='word_1_754' title='bbox 1254 1853 1288 1880; x_wconf 88' lang='lat' dir='ltr'><strong>ad</strong></span> <span class='ocrx_word' id='word_1_755' title='bbox 1303 1852 1433 1888; x_wconf 88' lang='lat' dir='ltr'><strong>majorem</strong></span> <span class='ocrx_word' id='word_1_756' title='bbox 1454 1853 1614 1888; x_wconf 84' lang='lat' dir='ltr'><strong>dignitatem</strong></span> <span class='ocrx_word' id='word_1_757' title='bbox 1634 1860 1702 1880; x_wconf 89' lang='lat' dir='ltr'><strong>con-</strong></span> 
     </span>
    </p>
   </div>
   <div class='ocr_carea' id='block_1_101' title="bbox 910 1899 1701 1927">
    <p class='ocr_par' dir='ltr' id='par_1_101' title="bbox 910 1899 1701 1927">
     <span class='ocr_line' id='line_1_101' title="bbox 910 1899 1701 1927; baseline 0.001 -1"><span class='ocrx_word' id='word_1_758' title='bbox 910 1899 1026 1927; x_wconf 87' lang='lat' dir='ltr'><strong>scendas</strong></span> <span class='ocrx_word' id='word_1_759' title='bbox 1042 1899 1102 1927; x_wconf 84' lang='lat' dir='ltr'><strong>sine</strong></span> <span class='ocrx_word' id='word_1_760' title='bbox 1118 1899 1208 1927; x_wconf 87' lang='lat' dir='ltr'><strong>Patris</strong></span> <span class='ocrx_word' id='word_1_761' title='bbox 1225 1900 1264 1927; x_wconf 93' lang='lat' dir='ltr'><strong>tui</strong></span> <span class='ocrx_word' id='word_1_762' title='bbox 1281 1900 1406 1927; x_wconf 87' lang='lat' dir='ltr'><strong>arbitrio.</strong></span> <span class='ocrx_word' id='word_1_763' title='bbox 1421 1899 1482 1927; x_wconf 83' lang='lat' dir='ltr'><strong>Non</strong></span> <span class='ocrx_word' id='word_1_764' title='bbox 1496 1899 1573 1927; x_wconf 85' lang='lat' dir='ltr'><strong>ineas</strong></span> <span class='ocrx_word' id='word_1_765' title='bbox 1585 1899 1701 1927; x_wconf 88' lang='lat' dir='ltr'><strong>familia-</strong></span> 
     </span>
    </p>
   </div>
   <div class='ocr_carea' id='block_1_102' title="bbox 902 1944 1702 1980">
    <p class='ocr_par' dir='ltr' id='par_1_102' title="bbox 902 1944 1702 1980">
     <span class='ocr_line' id='line_1_102' title="bbox 902 1944 1702 1980; baseline 0.001 -9"><span class='ocrx_word' id='word_1_766' title='bbox 902 1944 1019 1971; x_wconf 77' lang='lat' dir='ltr'><strong>ritatem</strong></span> <span class='ocrx_word' id='word_1_767' title='bbox 1045 1952 1108 1972; x_wconf 86' lang='lat' dir='ltr'><strong>cum</strong></span> <span class='ocrx_word' id='word_1_768' title='bbox 1132 1945 1276 1977; x_wconf 88' lang='lat' dir='ltr'><strong>canonica,</strong></span> <span class='ocrx_word' id='word_1_769' title='bbox 1294 1953 1385 1980; x_wconf 87' lang='lat' dir='ltr'><strong>neque</strong></span> <span class='ocrx_word' id='word_1_770' title='bbox 1405 1945 1539 1972; x_wconf 88' lang='lat' dir='ltr'><strong>muliebre</strong></span> <span class='ocrx_word' id='word_1_771' title='bbox 1560 1949 1702 1972; x_wconf 78' lang='lat' dir='ltr'><strong>monaste-</strong></span> 
     </span>
    </p>
   </div>
   <div class='ocr_carea' id='block_1_103' title="bbox 910 1989 1701 2025">
    <p class='ocr_par' dir='ltr' id='par_1_103' title="bbox 910 1989 1701 2025">
     <span class='ocr_line' id='line_1_103' title="bbox 910 1989 1701 2025; baseline 0.003 -9"><span class='ocrx_word' id='word_1_772' title='bbox 910 1989 981 2017; x_wconf 88' lang='lat' dir='ltr'><strong>rium</strong></span> <span class='ocrx_word' id='word_1_773' title='bbox 1001 1989 1174 2025; x_wconf 86' lang='lat' dir='ltr'><strong>ingrediaris,</strong></span> <span class='ocrx_word' id='word_1_774' title='bbox 1191 1998 1282 2025; x_wconf 88' lang='lat' dir='ltr'><strong>neque</strong></span> <span class='ocrx_word' id='word_1_775' title='bbox 1297 1998 1421 2018; x_wconf 82' lang='lat' dir='ltr'><strong>seorsum</strong></span> <span class='ocrx_word' id='word_1_776' title='bbox 1447 1998 1510 2018; x_wconf 88' lang='lat' dir='ltr'><strong>cum</strong></span> <span class='ocrx_word' id='word_1_777' title='bbox 1536 1991 1591 2018; x_wconf 88' lang='lat' dir='ltr'><strong>ulla</strong></span> <span class='ocrx_word' id='word_1_778' title='bbox 1615 1991 1701 2018; x_wconf 88' lang='lat' dir='ltr'><strong>collo-</strong></span> 
     </span>
    </p>
   </div>
   <div class='ocr_carea' id='block_1_104' title="bbox 910 2034 1702 2075">
    <p class='ocr_par' dir='ltr' id='par_1_104' title="bbox 910 2034 1702 2075">
     <span class='ocr_line' id='line_1_104' title="bbox 910 2034 1702 2075; baseline 0.005 -14"><span class='ocrx_word' id='word_1_779' title='bbox 910 2034 1003 2069; x_wconf 89' lang='lat' dir='ltr'><strong>quaris</strong></span> <span class='ocrx_word' id='word_1_780' title='bbox 1039 2035 1173 2062; x_wconf 90' lang='lat' dir='ltr'><strong>monacha</strong></span> <span class='ocrx_word' id='word_1_781' title='bbox 1208 2035 1252 2063; x_wconf 92' lang='lat' dir='ltr'><strong>vel</strong></span> <span class='ocrx_word' id='word_1_782' title='bbox 1284 2035 1428 2068; x_wconf 63' lang='lat' dir='ltr'><strong>saeculari,</strong></span> <span class='ocrx_word' id='word_1_783' title='bbox 1464 2036 1518 2064; x_wconf 89' lang='lat' dir='ltr'><strong>nisi</strong></span> <span class='ocrx_word' id='word_1_784' title='bbox 1549 2037 1702 2075; x_wconf 73' lang='lat' dir='ltr'><strong>necessitas</strong></span> 
     </span>
    </p>
   </div>
   <div class='ocr_carea' id='block_1_105' title="bbox 911 2081 1701 2118">
    <p class='ocr_par' dir='ltr' id='par_1_105' title="bbox 911 2081 1701 2118">
     <span class='ocr_line' id='line_1_105' title="bbox 911 2081 1701 2118; baseline 0.003 -10"><span class='ocrx_word' id='word_1_785' title='bbox 911 2081 1077 2115; x_wconf 85' lang='lat' dir='ltr'><strong>compellat;</strong></span> <span class='ocrx_word' id='word_1_786' title='bbox 1091 2088 1123 2108; x_wconf 93' lang='lat' dir='ltr'><strong>ac</strong></span> <span class='ocrx_word' id='word_1_787' title='bbox 1141 2086 1198 2108; x_wconf 90' lang='lat' dir='ltr'><strong>tum</strong></span> <span class='ocrx_word' id='word_1_788' title='bbox 1214 2089 1323 2116; x_wconf 87' lang='lat' dir='ltr'><strong>quoque</strong></span> <span class='ocrx_word' id='word_1_789' title='bbox 1340 2081 1448 2110; x_wconf 86' lang='lat' dir='ltr'><strong>duabus</strong></span> <span class='ocrx_word' id='word_1_790' title='bbox 1464 2082 1592 2118; x_wconf 90' lang='lat' dir='ltr'><strong>utrinque</strong></span> <span class='ocrx_word' id='word_1_791' title='bbox 1605 2091 1701 2118; x_wconf 88' lang='lat' dir='ltr'><strong>perso—</strong></span> 
     </span>
    </p>
   </div>
   <div class='ocr_carea' id='block_1_106' title="bbox 910 2125 1702 2162">
    <p class='ocr_par' dir='ltr' id='par_1_106' title="bbox 910 2125 1702 2162">
     <span class='ocr_line' id='line_1_106' title="bbox 910 2125 1702 2162; baseline 0.004 -9"><span class='ocrx_word' id='word_1_792' title='bbox 910 2125 954 2153; x_wconf 87' lang='lat' dir='ltr'><strong>nis</strong></span> <span class='ocrx_word' id='word_1_793' title='bbox 975 2127 1130 2154; x_wconf 85' lang='lat' dir='ltr'><strong>astantibus</strong></span> <span class='ocrx_word' id='word_1_794' title='bbox 1150 2127 1166 2162; x_wconf 67' lang='grc' dir='ltr'>τι</span> <span class='ocrx_word' id='word_1_795' title='bbox 1185 2135 1240 2154; x_wconf 87' lang='lat' dir='ltr'><strong>una</strong></span> <span class='ocrx_word' id='word_1_796' title='bbox 1261 2127 1334 2154; x_wconf 88' lang='lat' dir='ltr'><strong>enim</strong></span> <span class='ocrx_word' id='word_1_797' title='bbox 1350 2147 1358 2160; x_wconf 91' lang='lat'><strong>,</strong></span> <span class='ocrx_word' id='word_1_798' title='bbox 1382 2133 1412 2156; x_wconf 89' lang='lat' dir='ltr'><strong>ut</strong></span> <span class='ocrx_word' id='word_1_799' title='bbox 1429 2128 1529 2162; x_wconf 87' lang='lat' dir='ltr'><strong>aiunt,</strong></span> <span class='ocrx_word' id='word_1_800' title='bbox 1557 2129 1702 2156; x_wconf 64' lang='lat' dir='ltr'><strong>calumnia:</strong></span> 
     </span>
    </p>
   </div>
   <div class='ocr_carea' id='block_1_107' title="bbox 877 2172 1701 2211">
    <p class='ocr_par' dir='ltr' id='par_1_107' title="bbox 877 2172 1701 2211">
     <span class='ocr_line' id='line_1_107' title="bbox 877 2172 1701 2211; baseline 0.004 -12"><span class='ocrx_word' id='word_1_801' title='bbox 877 2184 897 2211; x_wconf 76' lang='grc' dir='ltr'><strong>η</strong></span> <span class='ocrx_word' id='word_1_802' title='bbox 911 2172 1029 2200; x_wconf 84' lang='lat' dir='ltr'><strong>obnoxia</strong></span> <span class='ocrx_word' id='word_1_803' title='bbox 1048 2177 1099 2200; x_wconf 83' lang='lat' dir='ltr'><strong>est.</strong></span> <span class='ocrx_word' id='word_1_804' title='bbox 1121 2172 1180 2200; x_wconf 83' lang='lat' dir='ltr'><strong>Non</strong></span> <span class='ocrx_word' id='word_1_805' title='bbox 1200 2173 1308 2209; x_wconf 68' lang='lat' dir='ltr'><strong>aperias</strong></span> <span class='ocrx_word' id='word_1_806' title='bbox 1330 2175 1433 2201; x_wconf 88' lang='lat' dir='ltr'><strong>ostium</strong></span> <span class='ocrx_word' id='word_1_807' title='bbox 1454 2175 1544 2208; x_wconf 85' lang='lat' dir='ltr'><strong>ovilis,</strong></span> <span class='ocrx_word' id='word_1_808' title='bbox 1569 2180 1599 2203; x_wconf 92' lang='lat' dir='ltr'><strong>ut</strong></span> <span class='ocrx_word' id='word_1_809' title='bbox 1620 2175 1701 2202; x_wconf 89' lang='lat' dir='ltr'><strong>femi-</strong></span> 
     </span>
    </p>
   </div>
   <div class='ocr_carea' id='block_1_108' title="bbox 910 2217 1700 2255">
    <p class='ocr_par' dir='ltr' id='par_1_108' title="bbox 910 2217 1700 2255">
     <span class='ocr_line' id='line_1_108' title="bbox 910 2217 1700 2255; baseline 0.004 -11"><span class='ocrx_word' id='word_1_810' title='bbox 910 2225 974 2244; x_wconf 84' lang='lat' dir='ltr'><strong>nam</strong></span> <span class='ocrx_word' id='word_1_811' title='bbox 1005 2217 1089 2244; x_wconf 86' lang='lat' dir='ltr'><strong>ullam</strong></span> <span class='ocrx_word' id='word_1_812' title='bbox 1115 2217 1283 2245; x_wconf 85' lang='lat' dir='ltr'><strong>intromittas</strong></span> <span class='ocrx_word' id='word_1_813' title='bbox 1308 2218 1367 2253; x_wconf 83' lang='lat' dir='ltr'><strong>sine</strong></span> <span class='ocrx_word' id='word_1_814' title='bbox 1392 2227 1489 2255; x_wconf 89' lang='lat' dir='ltr'><strong>magna</strong></span> <span class='ocrx_word' id='word_1_815' title='bbox 1513 2220 1700 2247; x_wconf 87' lang='lat' dir='ltr'><strong>necessitate:</strong></span> 
     </span>
    </p>
   </div>
   <div class='ocr_carea' id='block_1_109' title="bbox 909 2262 1701 2301">
    <p class='ocr_par' dir='ltr' id='par_1_109' title="bbox 909 2262 1701 2301">
     <span class='ocr_line' id='line_1_109' title="bbox 909 2262 1701 2301; baseline 0.005 -12"><span class='ocrx_word' id='word_1_816' title='bbox 909 2262 983 2297; x_wconf 90' lang='lat' dir='ltr'><strong>quod</strong></span> <span class='ocrx_word' id='word_1_817' title='bbox 1003 2263 1025 2290; x_wconf 91' lang='lat' dir='ltr'><strong>si</strong></span> <span class='ocrx_word' id='word_1_818' title='bbox 1043 2263 1146 2298; x_wconf 87' lang='lat' dir='ltr'><strong>absque</strong></span> <span class='ocrx_word' id='word_1_819' title='bbox 1164 2267 1261 2291; x_wconf 91' lang='lat' dir='ltr'><strong>mutuo</strong></span> <span class='ocrx_word' id='word_1_820' title='bbox 1278 2269 1392 2299; x_wconf 86' lang='lat' dir='ltr'><strong>aspectu</strong></span> <span class='ocrx_word' id='word_1_821' title='bbox 1411 2265 1517 2292; x_wconf 92' lang='lat' dir='ltr'><strong>admitti</strong></span> <span class='ocrx_word' id='word_1_822' title='bbox 1531 2270 1632 2301; x_wconf 84' lang='lat' dir='ltr'><strong>potest,</strong></span> <span class='ocrx_word' id='word_1_823' title='bbox 1651 2273 1701 2292; x_wconf 90' lang='lat' dir='ltr'><strong>nc-</strong></span> 
     </span>
    </p>
   </div>
   <div class='ocr_carea' id='block_1_110' title="bbox 909 2308 1699 2344">
    <p class='ocr_par' dir='ltr' id='par_1_110' title="bbox 909 2308 1699 2344">
     <span class='ocr_line' id='line_1_110' title="bbox 909 2308 1699 2344; baseline 0.004 -9"><span class='ocrx_word' id='word_1_824' title='bbox 909 2316 963 2343; x_wconf 90' lang='lat' dir='ltr'><strong>que</strong></span> <span class='ocrx_word' id='word_1_825' title='bbox 980 2308 1007 2336; x_wconf 87' lang='lat' dir='ltr'><strong>id</strong></span> <span class='ocrx_word' id='word_1_826' title='bbox 1021 2309 1225 2344; x_wconf 84' lang='lat' dir='ltr'><strong>negligendum.</strong></span> <span class='ocrx_word' id='word_1_827' title='bbox 1248 2309 1307 2338; x_wconf 88' lang='lat' dir='ltr'><strong>Non</strong></span> <span class='ocrx_word' id='word_1_828' title='bbox 1331 2310 1415 2338; x_wconf 82' lang='lat' dir='ltr'><strong>facies</strong></span> <span class='ocrx_word' id='word_1_829' title='bbox 1434 2310 1484 2338; x_wconf 85' lang='lat' dir='ltr'><strong>tibi</strong></span> <span class='ocrx_word' id='word_1_830' title='bbox 1507 2311 1699 2344; x_wconf 84' lang='lat' dir='ltr'><strong>diversorium,</strong></span> 
     </span>
    </p>
   </div>
   <div class='ocr_carea' id='block_1_111' title="bbox 909 2354 1699 2390">
    <p class='ocr_par' dir='ltr' id='par_1_111' title="bbox 909 2354 1699 2390">
     <span class='ocr_line' id='line_1_111' title="bbox 909 2354 1699 2390; baseline 0.004 -9"><span class='ocrx_word' id='word_1_831' title='bbox 909 2359 957 2381; x_wconf 81' lang='lat' dir='ltr'><strong>aut</strong></span> <span class='ocrx_word' id='word_1_832' title='bbox 980 2355 1169 2390; x_wconf 89' lang='lat' dir='ltr'><strong>spiritualibus</strong></span> <span class='ocrx_word' id='word_1_833' title='bbox 1192 2354 1254 2382; x_wconf 80' lang='lat' dir='ltr'><strong>filiis</strong></span> <span class='ocrx_word' id='word_1_834' title='bbox 1279 2356 1334 2384; x_wconf 90' lang='lat' dir='ltr'><strong>tuis</strong></span> <span class='ocrx_word' id='word_1_835' title='bbox 1361 2356 1520 2384; x_wconf 62' lang='lat' dir='ltr'><strong>saecularem</strong></span> <span class='ocrx_word' id='word_1_836' title='bbox 1544 2357 1656 2385; x_wconf 79' lang='lat' dir='ltr'><strong>domum</strong></span> <span class='ocrx_word' id='word_1_837' title='bbox 1673 2358 1699 2384; x_wconf 89' lang='lat' dir='ltr'><strong>in</strong></span> 
     </span>
    </p>
   </div>
   <div class='ocr_carea' id='block_1_112' title="bbox 909 2401 1701 2438">
    <p class='ocr_par' dir='ltr' id='par_1_112' title="bbox 909 2401 1701 2438">
     <span class='ocr_line' id='line_1_112' title="bbox 909 2401 1701 2438; baseline 0.003 -10"><span class='ocrx_word' id='word_1_838' title='bbox 909 2409 962 2436; x_wconf 83' lang='lat' dir='ltr'><strong>qua</strong></span> <span class='ocrx_word' id='word_1_839' title='bbox 976 2401 1031 2429; x_wconf 91' lang='lat' dir='ltr'><strong>sint</strong></span> <span class='ocrx_word' id='word_1_840' title='bbox 1043 2401 1151 2429; x_wconf 66' lang='lat' dir='ltr'><strong>feminae</strong></span> <span class='ocrx_word' id='word_1_841' title='bbox 1166 2411 1172 2428; x_wconf 91' lang='lat'>:</span> <span class='ocrx_word' id='word_1_842' title='bbox 1192 2402 1228 2429; x_wconf 84' lang='lat' dir='ltr'><strong>ita</strong></span> <span class='ocrx_word' id='word_1_843' title='bbox 1243 2406 1273 2429; x_wconf 91' lang='lat' dir='ltr'><strong>ut</strong></span> <span class='ocrx_word' id='word_1_844' title='bbox 1286 2410 1346 2430; x_wconf 88' lang='lat' dir='ltr'><strong>eam</strong></span> <span class='ocrx_word' id='word_1_845' title='bbox 1364 2402 1522 2437; x_wconf 83' lang='lat' dir='ltr'><strong>frequentes</strong></span> <span class='ocrx_word' id='word_1_846' title='bbox 1539 2412 1546 2430; x_wconf 89' lang='lat'>:</span> <span class='ocrx_word' id='word_1_847' title='bbox 1566 2403 1614 2431; x_wconf 83' lang='lat' dir='ltr'><strong>sed</strong></span> <span class='ocrx_word' id='word_1_848' title='bbox 1629 2404 1701 2438; x_wconf 88' lang='lat' dir='ltr'><strong>apud</strong></span> 
     </span>
    </p>
   </div>
   <div class='ocr_carea' id='block_1_113' title="bbox 910 2447 1700 2482">
    <p class='ocr_par' dir='ltr' id='par_1_113' title="bbox 910 2447 1700 2482">
     <span class='ocr_line' id='line_1_113' title="bbox 910 2447 1700 2482; baseline 0.004 -9"><span class='ocrx_word' id='word_1_849' title='bbox 910 2447 1052 2482; x_wconf 84' lang='lat' dir='ltr'><strong>religiosos</strong></span> <span class='ocrx_word' id='word_1_850' title='bbox 1067 2447 1158 2482; x_wconf 88' lang='lat' dir='ltr'><strong>potius</strong></span> <span class='ocrx_word' id='word_1_851' title='bbox 1173 2447 1247 2475; x_wconf 87' lang='lat' dir='ltr'><strong>viros</strong></span> <span class='ocrx_word' id='word_1_852' title='bbox 1262 2447 1408 2482; x_wconf 77' lang='lat' dir='ltr'><strong>diversari,</strong></span> <span class='ocrx_word' id='word_1_853' title='bbox 1429 2453 1457 2476; x_wconf 90' lang='lat' dir='ltr'><strong>et</strong></span> <span class='ocrx_word' id='word_1_854' title='bbox 1469 2449 1621 2476; x_wconf 77' lang='lat' dir='ltr'><strong>necessaria</strong></span> <span class='ocrx_word' id='word_1_855' title='bbox 1637 2449 1700 2476; x_wconf 66' lang='lat' dir='ltr'><strong>vitae</strong></span> 
     </span>
    </p>
   </div>
   <div class='ocr_carea' id='block_1_114' title="bbox 910 2492 1700 2528">
    <p class='ocr_par' dir='ltr' id='par_1_114' title="bbox 910 2492 1700 2528">
     <span class='ocr_line' id='line_1_114' title="bbox 910 2492 1700 2528; baseline 0.005 -10"><span class='ocrx_word' id='word_1_856' title='bbox 910 2492 1030 2519; x_wconf 86' lang='lat' dir='ltr'><strong>subsidia</strong></span> <span class='ocrx_word' id='word_1_857' title='bbox 1047 2501 1145 2528; x_wconf 85' lang='lat' dir='ltr'><strong>capere</strong></span> <span class='ocrx_word' id='word_1_858' title='bbox 1162 2494 1294 2522; x_wconf 84' lang='lat' dir='ltr'><strong>studebis.</strong></span> <span class='ocrx_word' id='word_1_859' title='bbox 1310 2493 1369 2522; x_wconf 83' lang='lat' dir='ltr'><strong>Non</strong></span> <span class='ocrx_word' id='word_1_860' title='bbox 1391 2495 1506 2522; x_wconf 80' lang='lat' dir='ltr'><strong>habebis</strong></span> <span class='ocrx_word' id='word_1_861' title='bbox 1527 2495 1555 2522; x_wconf 92' lang='lat' dir='ltr'><strong>in</strong></span> <span class='ocrx_word' id='word_1_862' title='bbox 1570 2495 1637 2522; x_wconf 89' lang='lat' dir='ltr'><strong>cella</strong></span> <span class='ocrx_word' id='word_1_863' title='bbox 1655 2499 1700 2522; x_wconf 86' lang='lat' dir='ltr'><strong>tua</strong></span> 
     </span>
    </p>
   </div>
   <div class='ocr_carea' id='block_1_115' title="bbox 910 2536 1701 2574">
    <p class='ocr_par' dir='ltr' id='par_1_115' title="bbox 910 2536 1701 2574">
     <span class='ocr_line' id='line_1_115' title="bbox 910 2536 1701 2574; baseline 0.004 -11"><span class='ocrx_word' id='word_1_864' title='bbox 910 2536 1073 2572; x_wconf 87' lang='lat' dir='ltr'><strong>discipulum</strong></span> <span class='ocrx_word' id='word_1_865' title='bbox 1092 2537 1309 2572; x_wconf 70' lang='lat' dir='ltr'><strong>adolescentem,</strong></span> <span class='ocrx_word' id='word_1_866' title='bbox 1325 2546 1380 2574; x_wconf 87' lang='lat' dir='ltr'><strong>quo</strong></span> <span class='ocrx_word' id='word_1_867' title='bbox 1402 2539 1519 2566; x_wconf 74' lang='lat' dir='ltr'><strong>afﬁciare</strong></span> <span class='ocrx_word' id='word_1_868' title='bbox 1535 2547 1543 2566; x_wconf 71' lang='grc' dir='ltr'><strong>ε</strong></span> <span class='ocrx_word' id='word_1_869' title='bbox 1565 2539 1612 2566; x_wconf 89' lang='lat' dir='ltr'><strong>sed</strong></span> <span class='ocrx_word' id='word_1_870' title='bbox 1639 2547 1701 2574; x_wconf 87' lang='lat' dir='ltr'><strong>per-</strong></span> 
     </span>
    </p>
   </div>
   <div class='ocr_carea' id='block_1_116' title="bbox 910 2582 1701 2618">
    <p class='ocr_par' dir='ltr' id='par_1_116' title="bbox 910 2582 1701 2618">
     <span class='ocr_line' id='line_1_116' title="bbox 910 2582 1701 2618; baseline 0.001 -11"><span class='ocrx_word' id='word_1_871' title='bbox 910 2588 984 2608; x_wconf 76' lang='lat' dir='ltr'><strong>sona:</strong></span> <span class='ocrx_word' id='word_1_872' title='bbox 1009 2582 1124 2609; x_wconf 88' lang='lat' dir='ltr'><strong>minime</strong></span> <span class='ocrx_word' id='word_1_873' title='bbox 1143 2587 1287 2618; x_wconf 65' lang='lat' dir='ltr'><strong>suspectae,</strong></span> <span class='ocrx_word' id='word_1_874' title='bbox 1312 2591 1344 2610; x_wconf 90' lang='lat' dir='ltr'><strong>ac</strong></span> <span class='ocrx_word' id='word_1_875' title='bbox 1367 2583 1540 2610; x_wconf 87' lang='lat' dir='ltr'><strong>diversorum</strong></span> <span class='ocrx_word' id='word_1_876' title='bbox 1557 2582 1624 2609; x_wconf 88' lang='lat' dir='ltr'><strong>adeo</strong></span> <span class='ocrx_word' id='word_1_877' title='bbox 1644 2582 1701 2609; x_wconf 83' lang='lat' dir='ltr'><strong>fra-</strong></span> 
     </span>
    </p>
   </div>
   <div class='ocr_carea' id='block_1_117' title="bbox 911 2626 1700 2655">
    <p class='ocr_par' dir='ltr' id='par_1_117' title="bbox 911 2626 1700 2655">
     <span class='ocr_line' id='line_1_117' title="bbox 911 2626 1700 2655; baseline 0.003 -3"><span class='ocrx_word' id='word_1_878' title='bbox 911 2630 983 2652; x_wconf 95' lang='lat' dir='ltr'><strong>trum</strong></span> <span class='ocrx_word' id='word_1_879' title='bbox 1006 2626 1161 2653; x_wconf 88' lang='lat' dir='ltr'><strong>ministerio</strong></span> <span class='ocrx_word' id='word_1_880' title='bbox 1178 2627 1274 2654; x_wconf 87' lang='lat' dir='ltr'><strong>uteris.</strong></span> <span class='ocrx_word' id='word_1_881' title='bbox 1301 2626 1361 2654; x_wconf 90' lang='lat' dir='ltr'><strong>Non</strong></span> <span class='ocrx_word' id='word_1_882' title='bbox 1386 2628 1422 2655; x_wconf 92' lang='lat' dir='ltr'><strong>sit</strong></span> <span class='ocrx_word' id='word_1_883' title='bbox 1439 2627 1486 2655; x_wconf 90' lang='lat' dir='ltr'><strong>tibi</strong></span> <span class='ocrx_word' id='word_1_884' title='bbox 1507 2628 1700 2655; x_wconf 86' lang='lat' dir='ltr'><strong>vestimentum</strong></span> 
     </span>
    </p>
   </div>
   <div class='ocr_carea' id='block_1_118' title="bbox 909 2671 1701 2708">
    <p class='ocr_par' dir='ltr' id='par_1_118' title="bbox 909 2671 1701 2708">
     <span class='ocr_line' id='line_1_118' title="bbox 909 2671 1701 2708; baseline 0.003 -10"><span class='ocrx_word' id='word_1_885' title='bbox 909 2671 1092 2704; x_wconf 88' lang='lat' dir='ltr'><strong>elaboratum,</strong></span> <span class='ocrx_word' id='word_1_886' title='bbox 1107 2676 1136 2699; x_wconf 87' lang='lat' dir='ltr'><strong>et</strong></span> <span class='ocrx_word' id='word_1_887' title='bbox 1154 2673 1315 2708; x_wconf 88' lang='lat' dir='ltr'><strong>pretiosum,</strong></span> <span class='ocrx_word' id='word_1_888' title='bbox 1332 2678 1431 2708; x_wconf 67' lang='lat' dir='ltr'><strong>praeter</strong></span> <span class='ocrx_word' id='word_1_889' title='bbox 1446 2674 1633 2707; x_wconf 84' lang='lat' dir='ltr'><strong>sacerdotale;</strong></span> <span class='ocrx_word' id='word_1_890' title='bbox 1652 2674 1701 2700; x_wconf 84' lang='lat' dir='ltr'><strong>sed</strong></span> 
     </span>
    </p>
   </div>
   <div class='ocr_carea' id='block_1_119' title="bbox 911 2717 1700 2754">
    <p class='ocr_par' dir='ltr' id='par_1_119' title="bbox 911 2717 1700 2754">
     <span class='ocr_line' id='line_1_119' title="bbox 911 2717 1700 2754; baseline 0.003 -11"><span class='ocrx_word' id='word_1_891' title='bbox 911 2717 1050 2745; x_wconf 85' lang='lat' dir='ltr'><strong>humiliter</strong></span> <span class='ocrx_word' id='word_1_892' title='bbox 1066 2717 1177 2745; x_wconf 87' lang='lat' dir='ltr'><strong>Patrum</strong></span> <span class='ocrx_word' id='word_1_893' title='bbox 1200 2719 1327 2754; x_wconf 82' lang='lat' dir='ltr'><strong>exemplo</strong></span> <span class='ocrx_word' id='word_1_894' title='bbox 1351 2724 1379 2746; x_wconf 88' lang='lat' dir='ltr'><strong>et</strong></span> <span class='ocrx_word' id='word_1_895' title='bbox 1401 2720 1525 2747; x_wconf 87' lang='lat' dir='ltr'><strong>indueris</strong></span> <span class='ocrx_word' id='word_1_896' title='bbox 1546 2725 1573 2747; x_wconf 89' lang='lat' dir='ltr'><strong>et</strong></span> <span class='ocrx_word' id='word_1_897' title='bbox 1595 2720 1700 2747; x_wconf 85' lang='lat' dir='ltr'><strong>calcea-</strong></span> 
     </span>
    </p>
   </div>
   <div class='ocr_carea' id='block_1_120' title="bbox 910 2762 1700 2801">
    <p class='ocr_par' dir='ltr' id='par_1_120' title="bbox 910 2762 1700 2801">
     <span class='ocr_line' id='line_1_120' title="bbox 910 2762 1700 2801; baseline 0.004 -12"><span class='ocrx_word' id='word_1_898' title='bbox 910 2762 993 2790; x_wconf 88' lang='lat' dir='ltr'><strong>beris.</strong></span> <span class='ocrx_word' id='word_1_899' title='bbox 1007 2763 1067 2790; x_wconf 87' lang='lat' dir='ltr'><strong>Non</strong></span> <span class='ocrx_word' id='word_1_900' title='bbox 1085 2763 1139 2791; x_wconf 85' lang='lat' dir='ltr'><strong>eris</strong></span> <span class='ocrx_word' id='word_1_901' title='bbox 1156 2764 1289 2792; x_wconf 89' lang='lat' dir='ltr'><strong>delicatus</strong></span> <span class='ocrx_word' id='word_1_902' title='bbox 1309 2772 1341 2792; x_wconf 89' lang='lat' dir='ltr'><strong>ac</strong></span> <span class='ocrx_word' id='word_1_903' title='bbox 1360 2765 1460 2798; x_wconf 89' lang='lat' dir='ltr'><strong>lautus,</strong></span> <span class='ocrx_word' id='word_1_904' title='bbox 1480 2773 1568 2800; x_wconf 88' lang='lat' dir='ltr'><strong>neque</strong></span> <span class='ocrx_word' id='word_1_905' title='bbox 1589 2766 1617 2792; x_wconf 89' lang='lat' dir='ltr'><strong>in</strong></span> <span class='ocrx_word' id='word_1_906' title='bbox 1642 2767 1700 2801; x_wconf 87' lang='lat' dir='ltr'><strong>pri-</strong></span> 
     </span>
    </p>
   </div>
   <div class='ocr_carea' id='block_1_121' title="bbox 910 2810 1698 2848">
    <p class='ocr_par' dir='ltr' id='par_1_121' title="bbox 910 2810 1698 2848">
     <span class='ocr_line' id='line_1_121' title="bbox 910 2810 1698 2848; baseline 0.005 -12"><span class='ocrx_word' id='word_1_907' title='bbox 910 2812 974 2837; x_wconf 89' lang='lat' dir='ltr'><strong>vato</strong></span> <span class='ocrx_word' id='word_1_908' title='bbox 995 2813 1043 2837; x_wconf 90' lang='lat' dir='ltr'><strong>tuo</strong></span> <span class='ocrx_word' id='word_1_909' title='bbox 1061 2814 1184 2846; x_wconf 87' lang='lat' dir='ltr'><strong>sumptu,</strong></span> <span class='ocrx_word' id='word_1_910' title='bbox 1202 2818 1290 2845; x_wconf 85' lang='lat' dir='ltr'><strong>neque</strong></span> <span class='ocrx_word' id='word_1_911' title='bbox 1307 2810 1335 2837; x_wconf 91' lang='lat' dir='ltr'><strong>in</strong></span> <span class='ocrx_word' id='word_1_912' title='bbox 1354 2810 1492 2846; x_wconf 78' lang='lat' dir='ltr'><strong>hOspitum</strong></span> <span class='ocrx_word' id='word_1_913' title='bbox 1518 2811 1675 2848; x_wconf 86' lang='lat' dir='ltr'><strong>rcceptione</strong></span> <span class='ocrx_word' id='word_1_914' title='bbox 1691 2824 1698 2840; x_wconf 83' lang='lat'><strong>:</strong></span> 
     </span>
    </p>
   </div>
  </div>
