1924 3077
221 121 274 152 943

817 121 846 150 S-
864 118 1065 150 THEODORI
1091 117 1267 149 STUDITZE

1811 120 1861 152 944

222 175 276 203 hoc
291 174 367 203 enim
384 174 420 202 ad
438 175 522 211 hujus
536 175 598 203 vitae
613 175 781 212 voluptarios
803 177 933 212 pertinet.
957 176 1018 204 Non

1077 178 1130 207 ιαῑς
1147 175 1292 210 ὑποδοχαῖς
1317 174 1371 202 τῶν
1395 174 1495 208 ξένωνο
1518 174 1599 202 τοῦτο
1613 175 1669 212 γὰρ
1680 175 1733 211 τῆς
1753 176 1863 212 μερίδος

221 219 424 246 tbesauritabis
440 226 538 247 aurum
550 219 579 246 in
598 221 765 248 monasterio
786 226 853 254 tuo;
873 221 922 249 sed
936 222 1017 256 quid-

222 264 290 300 quid
314 264 342 292 in
378 272 545 300 unoquoque
566 274 667 301 genere
688 266 864 299 redundabit,
888 267 1019 302 adaperto

222 310 293 337 atrio
309 315 357 338 tuo
372 311 551 346 pauperibus,
568 316 725 339 sanctorum
739 312 848 339 Patrum
860 320 946 345 more,
961 313 1016 340 lar-

223 356 291 391 gire.
314 355 375 385 Non
401 358 521 385 servabis
536 358 627 385 locum
653 359 822 392 obseratum,
848 367 900 387 nec
924 367 1017 387 curam

223 411 304 438 geres
327 404 489 432 oeconomia:
511 414 518 433 :
539 407 587 432 sed
619 411 674 433 tota
706 414 772 433 cura
797 410 842 433 tua
866 407 1018 434 animarum

224 454 294 477 esto.
309 450 415 477 Aurum
430 458 497 478 vero
511 455 539 478 et
553 459 597 479 res
615 452 677 479 usui
692 452 861 480 necessarias
874 459 1019 480 meonomo

224 495 392 527 conmittes,
410 500 438 523 et
451 496 574 529 cellario,
587 501 616 524 et
629 501 661 524 ut
673 497 775 532 cuique
788 498 919 525 convenit
935 498 1019 525 mini-

224 541 310 569 sterio
327 550 333 568 :
351 541 388 568 ita
403 542 545 575 nimirum,
562 547 593 570 ut
610 550 697 578 penes
716 547 743 571 te
768 544 804 571 sit
823 543 946 571 omnium
970 551 1019 579 po—

226 590 320 618 testas.
336 592 364 614 et
378 586 469 615 oilicia
483 588 510 614 in
527 588 601 615 hunc
612 592 661 616 aut
675 589 762 622 illum,
781 594 812 616 ut
827 589 913 622 voles,
930 593 1020 616 trans-

225 631 312 665 feras,
334 634 524 668 rationemque
557 635 648 671 exigas
674 635 821 670 cujuslibet
846 635 1021 663 administra-

229 678 321 712 tionis,
339 684 420 714 prout
440 680 585 708 mandasti.
603 680 663 709 Non
684 681 769 709 [acies
784 681 828 709 vel
858 689 921 717 ages
940 681 1020 716 quid-

229 733 312 760 quam
325 726 353 753 in
374 733 404 753 re
419 727 473 754 ulla
490 734 523 754 ex
538 728 650 762 proprio
667 736 761 762 sensu.
778 728 836 756 sive
847 728 1021 763 proﬁciscen-

229 771 294 798 dum
311 776 365 805 est,
381 779 430 800 seu
446 773 622 801 vendendum
640 774 685 801 vel
704 774 851 802 emendum
865 783 874 808 ;
890 781 978 809 neque
993 773 1021 801 in

230 818 390 853 receptione
415 820 457 847 vel
484 819 622 854 ejectione
643 821 769 852 fratrum,
794 828 885 856 neque
908 820 935 847 in
960 820 1021 848 aliis

230 864 314 891 rebus
329 865 473 898 extentis;
493 865 540 893 sed
557 873 647 901 neque
671 867 699 893 in
716 867 815 894 animae
837 866 946 899 erratis,
964 867 1024 894 sine

228 908 344 936 consilio
355 916 449 936 eorum
461 910 508 945 qui
521 911 627 944 judicio
638 915 666 938 et
682 911 782 946 pietate
796 912 1024 946 praestant,unius

228 958 276 981 aut
290 954 418 987 duorum,
437 955 555 984 triumve
569 961 618 984 aut
632 957 763 992 plurium,
781 961 863 992 prout
880 965 925 985 res
943 957 1023 989 feret,

227 999 300 1027 sicut
309 1007 324 1027 a
334 999 461 1028 Patribus
470 1002 605 1030 sancitum
615 1006 667 1030 est.
678 1002 741 1030 Haec
748 1004 851 1035 omnia,
860 1008 1026 1038 etquaecun-

227 1053 281 1080 que
290 1046 343 1073 alia
354 1047 499 1082 accepisti.
517 1049 639 1076 servabis
649 1054 677 1076 et
687 1049 836 1082 custodies,
852 1053 882 1076 ut
893 1049 964 1076 bene
977 1048 1025 1076 tibi

228 1091 274 1123 sit,
286 1096 314 1119 et
328 1100 458 1127 prospere
468 1101 532 1129 agas
544 1093 573 1121 in
586 1093 701 1122 Domino
713 1094 847 1122 omnibus
853 1094 951 1122 diebus
962 1093 1024 1121 vita:

228 1141 291 1164 tuae.
301 1137 475 1166 Contrarium
485 1140 560 1167 enim
570 1140 693 1167 absitvel
703 1140 796 1167 dicere
806 1140 850 1167 vel
863 1139 994 1174 cogitare.

1071 221 1127 249 τῶν
1142 221 1354 248 ἀπολαυστικῶν
1367 222 1416 248 τοῦ
1429 222 1565 257 παρόντος
1580 222 1651 257 βίου.
1673 223 1711 250 οὺ
1725 223 1862 259 θησαυρί-

1072 276 1131 299 σεις
1143 267 1256 303 χρυσίον
1271 268 1301 294 ἑν
1319 268 1353 304 τῇ
1377 269 1445 304 μονῇ
1467 276 1530 296 σουο
1545 269 1614 296 ἀλλὰ
1628 271 1659 296 τὺ
1674 269 1746 296 κατά
1766 278 1863 305 περια-

1073 313 1149 340 σείαν
1170 314 1217 340 ἐπὶ
1239 314 1340 345 παντὸς
1355 314 1442 346 εἴδους
1467 315 1613 350 μεταδοίης
1628 316 1686 347 τοῖς
1702 316 1865 350 πενομένοις

1073 359 1102 385 ὲν
1116 358 1217 391 ἀνοίξει
1234 359 1284 394 τῆς
1298 360 1384 394 αὐλῆς
1398 368 1456 392 σου,
1473 360 1567 393 καθὼς
1579 361 1627 387 καὶ
1641 361 1665 387 oi
1681 362 1755 395 ἇγιοι
1774 361 1864 388 Πατέ‹

1074 413 1129 440 ρες.
1141 406 1179 432 Οὐ
1197 406 1345 441 κρατήσεις
1355 407 1438 433 τόπον
1450 407 1653 442 ἡσφαλισμένον
1668 407 1718 434 καῖ
1731 407 1782 442 τὴν
1795 408 1864 434 οἰκο-

1072 451 1188 487 νομικὴν
1211 444 1355 488 φροντίδα·
1377 452 1435 480 ἀλλ’
1459 452 1531 479 ἔστω
1552 461 1593 479 σοι
1617 454 1693 479 πᾶσα
1712 453 1729 488 ἡ
1750 453 1864 488 φροντὶς

1072 497 1213 532 ἀνήκουσα
1230 497 1295 533 περὶ
1318 497 1374 524 τῶν
1389 498 1493 533 ψυχῶν.
1517 497 1554 524 Τὸ
1575 498 1605 525 δὲ
1619 498 1740 534 χρυσίον,
1761 499 1813 526 καὶ
1832 499 1865 525 τὰ

1073 543 1146 570 κατὰ
1159 543 1267 579 χρείαν,
1276 543 1441 578 ὲγχειρίσεις
1454 543 1492 578 τῷ
1503 543 1648 578 οἰκονόμῳ,
1657 543 1696 579 τῷ
1704 543 1865 580 κελλαρίτῃ,

1073 589 1124 616 καὶ
1136 589 1174 620 ὡς
1187 588 1328 616 ἐπιϐάλλει
1342 589 1372 616 ὲν
1385 589 1492 626 ἑκάστῃ
1502 589 1641 625 διακονίᾳ’
1657 590 1706 617 σοῦ
1723 591 1865 626 προδήλως

1074 635 1187 662 πάντων
1201 634 1250 669 τὴν
1268 634 1397 668 ἐξουσίαν
1406 634 1525 670 ἔχοντος,
1541 635 1590 662 καὶ
1608 636 1811 672 μεταφέροντος
1829 637 1866 668 ὡς

1073 679 1107 707 ἂν
1130 679 1213 717 βούλῃ
1236 680 1356 716 ἑκάστην
1379 680 1520 707 διακονίαν
1539 681 1569 707 ὲν
1587 681 1627 716 τῷ
1648 682 1759 716 τυχόντι
1782 691 1868 718 προσ-

1074 725 1151 761 ώπῳ,
1169 725 1217 752 καὶ
1230 724 1471 760 ἀπολαμϐάνοντος
1481 725 1526 751 τὸν
1537 725 1617 759 λόγον
1629 725 1749 760 ἑκάστης
1761 725 1867 760 διοική-

1075 779 1144 802 σεως
1158 770 1228 798 καθὸ
1246 770 1369 806 ὲντέλλῃ.
1385 770 1423 797 Οὐ
1440 771 1568 805 ποιήσεις
1590 779 1616 797 τι
1638 771 1654 806 ἦ
1673 770 1789 807 πράξεις
1807 771 1865 798 κατ’

1075 816 1178 843 οἰκείαν
1189 815 1303 851 γνώμην
1317 816 1347 843 ὲν
1361 815 1442 842 παντὶ
1457 817 1612 851 πράγματι,
1625 816 1688 843 οὔτε
1701 817 1731 843 έν
1748 817 1867 852 προόδῳ,

1075 862 1137 890 οὔτε
1151 864 1180 890 ὲν
1197 863 1297 898 πράσει
1309 863 1357 890 καὶ
1369 862 1516 898 ἀγορασίᾳ,
1528 862 1591 889 οὒτε
1607 863 1635 889 ὲν
1650 863 1715 898 δοχῇ
1729 863 1746 898 ἢ
1760 865 1789 890 ὲν
1800 863 1865 890 ἀπο·

1075 909 1164 945 κρίσει
1177 907 1306 942 ἀδελφοῦ,
1317 907 1380 935 οὔτε
1395 909 1424 935 ὲν
1439 908 1583 944 ὑπαλλαγῇ
1599 908 1749 941 διακονίας,
1763 909 1826 936 οὔτε
1838 910 1865 935 έν

1075 955 1149 990 ἄλλῳ
1163 954 1218 982 τινὶ
1234 954 1289 981 τῶν
1301 954 1478 990 σωματικῶν,
1491 954 1548 981 ἀλλ’
1565 951 1613 981 οὖν
1628 955 1689 981 οὑδὲ
1704 956 1733 981 έν
1747 956 1806 986 τοῖς
1820 955 1865 990 ψο-

1076 1001 1163 1037 χυιοῖς
1184 1000 1351 1035 σφάλμασιν,
1366 999 1431 1027 ἄνευ
1450 999 1549 1035 βουλῆς
1569 1000 1626 1026 τῶν
1647 1000 1821 1036 προεχόντων
1839 1001 1866 1027 ἑν

1077 1046 1177 1082 γνώσει
1193 1046 1241 1074 καὶ
1253 1045 1395 1081 εὐλαϐείᾳ,
1409 1045 1468 1077 ἑνὸς
1481 1045 1497 1081 ἢ
1510 1045 1567 1078 δύο,
1582 1046 1599 1082 ἢ
1615 1046 1662 1073 καὶ
1674 1047 1769 1082 τριῶν,
1784 1046 1802 1081 ἢ
1823 1046 1867 1073 καὶ

1078 1093 1222 1126 πλειόνων,
1249 1092 1319 1119 κατὰ
1334 1092 1385 1127 τὴν
1405 1092 1590 1127 ὑποκειμένην
1612 1091 1758 1119 ὑπόθεσιν·
1774 1092 1866 1127 ὥσπερ

1079 1137 1236 1165 ἐντέταλται
1255 1137 1410 1172 Πατρικῶς.
1430 1137 1524 1164 Ταῦτα
1540 1138 1640 1170 πάντα,
1654 1138 1703 1164 καὶ
1721 1138 1773 1165 ὅσα
1788 1139 1868 1173 ἔτερα

227 1182 394 1218 παρέλαϐες,
411 1184 542 1219 φυλάξοις
560 1185 606 1212 καὶ
618 1185 794 1221 φρουρήσοις,
811 1185 855 1212 ἴνα
874 1182 904 1211 εὑ
919 1192 960 1210 σοι
974 1183 1104 1218 γένηται,
1120 1183 1167 1210 καὶ
1198 1182 1248 1219 ἔσῃ
1282 1182 1511 1217 κατευοδούμενος
1525 1183 1554 1208 ὲν
1568 1182 1663 1218 Κυρίῳ
1693 1183 1786 1215 πάσας
1819 1184 1864 1215 τὰς

228 1230 335 1266 ἡμέρας
358 1231 408 1266 τῆς
429 1231 502 1267 ζωῆς
517 1240 574 1260 σου.
602 1232 639 1260 Τὸ
661 1233 716 1268 γὰρ
738 1232 859 1260 ἐναντίον
872 1231 956 1266 ἀπείη
974 1231 1021 1258 καὶ
1032 1231 1123 1265 λέγειν
1136 1229 1185 1257 καὶ
1198 1231 1310 1257 ἐννοεῖν.

353 1288 399 1316 XI.
411 1304 444 1309 —
462 1290 604 1318 Anastasio
627 1292 745 1326 episcopo
762 1291 872 1320 Cnosia.

1088 1289 1177 1319 lA'.—
1190 1288 1372 1321 Ἁναστωσίῳ
1385 1289 1540 1323 ἐπισκὸπῳ
1551 1289 1698 1321 Κνωσίας.
1768 1287 1846 1325 [xm]

908 1348 947 1374 De
968 1348 1047 1374 omcio
1063 1346 1182 1379 episcopi.

267 1399 337 1433 Quid
353 1400 395 1427 vis
408 1399 478 1433 tibi,
500 1400 673 1428 sanctissime
689 1400 788 1434 Pater,
812 1405 840 1428 et
851 1401 916 1436 quid
933 1405 1021 1428 tanto-

231 1452 296 1481 pere
310 1450 371 1480 post
386 1453 467 1472 unam
480 1449 508 1472 et
521 1445 634 1472 alteram
654 1445 859 1473 excusationem
874 1445 964 1472 adhuc
978 1446 1022 1472 in-

1109 1398 1142 1425 Τί
1162 1406 1203 1424 σοι
1219 1397 1341 1432 γέγονεν,
1355 1394 1378 1425 ὦ
1393 1397 1522 1433 ίερώτατε
1538 1397 1639 1432 Πάτερ,
1655 1398 1702 1424 καὶ
1733 1397 1760 1424 τί
1775 1398 1870 1425 τοσοῦ-

1073 1454 1121 1473 τον
1141 1444 1211 1479 μετὰ
1233 1445 1298 1480 μίαν
1321 1445 1369 1473 καὶ
1389 1445 1523 1481 δευτέραν
1539 1444 1705 1481 παραίτησιν
1719 1445 1761 1472 ἑτι
1779 1454 1870 1481 παρα-

230 1496 304 1523 stas,
321 1495 350 1518 ut
364 1498 379 1517 a
394 1499 436 1518 me
452 1490 578 1526 imperito
589 1495 617 1518 et
628 1491 702 1518 vitiis
714 1491 807 1519 dedito
822 1491 945 1519 utilitatis
963 1499 1022 1519 ser-

1077 1491 1169 1527 ϐιάζῃ,
1192 1491 1264 1518 ὥστε
1277 1491 1343 1527 παρ’
1356 1491 1424 1525 ἐμοῦ
1440 1491 1488 1518 τοῦ
1501 1491 1625 1526 ἀμαθοῦς
1642 1491 1690 1518 καὶ
1701 1492 1871 1527 περιπαθῶς

231 1544 340 1564 monent
356 1537 472 1572 recipias
479 1537 494 1563 ?-
506 1537 563 1573 Ego
576 1537 666 1572 potius
674 1541 727 1565 ate
738 1537 830 1565 doceri
843 1545 912 1573 opus
926 1537 1023 1570 habeo,

231 1583 278 1619 qui
293 1587 322 1610 et
333 1583 430 1610 ordine
447 1582 560 1610 inferior
574 1591 651 1616 sunt,
665 1587 692 1611 et
709 1584 764 1611 vita
780 1584 933 1611 obcatcatus
944 1603 950 1615 ,
969 1591 1025 1610 non

231 1630 266 1657 de
283 1628 458 1664 episcopatus
480 1629 585 1661 ciliciis,
598 1629 698 1665 (quam
716 1629 788 1657 enim
809 1630 918 1664 ineptus
939 1628 1025 1663 Sim!)

232 1676 280 1703 sed
290 1676 324 1703 de
332 1676 484 1703 monastico
495 1680 577 1708 statu,
588 1676 645 1703 sive
656 1675 690 1704 de
699 1676 896 1711 praepositum;
907 1682 1026 1710 quonam

232 1726 314 1757 pacto
323 1722 434 1757 indigne
448 1721 514 1748 mihi
526 1721 701 1749 commissum
722 1729 829 1757 gregem
844 1724 1028 1756 congruenter

233 1775 345 1804 regens,
357 1767 509 1802 propitium
522 1767 550 1794 in
563 1767 675 1794 terribili
690 1766 878 1802 responsionis
897 1774 965 1794 mea:
983 1765 1028 1793 die

231 1814 352 1849 judicem
367 1813 523 1840 nanciscar.
549 1812 602 1840 Sed
622 1817 651 1840 tu
670 1813 800 1840 nimirum
824 1820 872 1847 per
893 1819 1028 1840 summam

233 1860 397 1887 modesliam
410 1865 483 1887 tuam
496 1859 548 1887 hoc
559 1859 636 1894 egisti
648 1868 655 1886 :
667 1860 810 1894 explorare
820 1859 894 1886 enim
906 1859 1029 1894 ignoran-

235 1907 301 1935 tiam
311 1914 399 1934 meam
409 1906 541 1937 voluisse,
551 1905 578 1933 id
590 1906 657 1933 mihi
671 1906 705 1933 de
719 1905 879 1940 pontiﬁcatu
894 1910 941 1932 tuo
952 1905 1029 1932 nefas

235 1956 278 1980 est
293 1951 436 1986 suspicari.
453 1951 508 1986 Ego
521 1958 586 1979 vero
605 1950 796 1986 meumipsius
808 1950 922 1986 gradum
933 1969 941 1982 ,
954 1957 971 1977 0
985 1957 1029 1977 sa-

235 2006 313 2026 crum
328 2003 420 2032 caput,
435 1997 599 2032 pertimesco
610 2017 619 2029 ,
632 2000 660 2024 et
673 1996 766 2023 animo
776 2000 862 2023 testuo
876 1996 948 2023 circa
968 1995 1030 2022 ani-

236 2052 341 2071 marum
352 2044 578 2079 gubernationem
590 2043 746 2078 ;quomodo
759 2043 869 2070 tandem
887 2050 919 2069 ex
935 2043 1030 2070 turbu-

235 2091 311 2118 lento
329 2082 361 2118 ac
381 2090 534 2125 procelloso
558 2089 627 2117 mari
652 2089 787 2124 spirituali
812 2089 942 2116 traditum
962 2084 1030 2116 mihi

236 2144 350 2172 parvum
367 2137 418 2163 hoc
431 2141 458 2164 et
471 2136 612 2171 spirituale
628 2135 795 2171 navigiolum
807 2135 843 2163 ad
856 2136 952 2163 salutis
965 2143 1030 2170 por-

1076 1539 1218 1573 είληφέναι
1246 1538 1325 1572 λόγον
1352 1537 1508 1572 ὠφελείας;
1541 1539 1651 1573 Ἔγωγε
1683 1538 1786 1574 μᾶλλον
1817 1539 1871 1574 ἔχω

1075 1584 1172 1620 χρείαν
1185 1584 1240 1611 ὑπὸ
1252 1583 1299 1610 σοῦ
1316 1584 1483 1620 φωτισθῆναι
1496 1593 1503 1601 ·
1517 1585 1531 1611 ὸ
1542 1585 1589 1610 καὶ
1599 1585 1632 1619 τῇ
1643 1584 1719 1617 τάξει
1730 1584 1871 1620 δεύτερος,

1076 1631 1125 1657 καὶ
1150 1630 1193 1665 ’τῷ
1222 1630 1273 1666 βίῳ
1300 1630 1509 1665 ὲσκοτισμένος·
1534 1630 1564 1657 οὐ
1589 1629 1623 1657 τὰ
1637 1631 1702 1666 περὶ
1715 1631 1872 1666 ἐπισκοπῆς

1076 1675 1241 1710 ὀφειλόμενα
1250 1684 1257 1691 ·
1271 1675 1323 1710 φεῦ
1340 1676 1395 1711 γὰρ
1406 1676 1455 1710 τῆς
1469 1676 1539 1711 ἐμῆς
1552 1675 1646 1707 ἀνοίας
1655 1676 1665 1702 ί
1674 1675 1744 1703 ἀλλά
1757 1676 1792 1703 τὰ
1807 1678 1873 1712 περὶ

1080 1717 1246 1759 μοναχικῆς,
1266 1721 1316 1748 εἰτ’
1333 1720 1380 1748 οὖν
1404 1722 1588 1757 ἡγουμενικῆς
1611 1722 1817 1754 καταστάσεως,
1843 1723 1872 1749 τι

1077 1768 1136 1799 πῶς
1150 1768 1205 1803 ἄρα
1222 1767 1437 1803 ἀφηγησάμενος
1452 1766 1522 1794 κατὰ
1542 1766 1620 1801 λόγον
1642 1767 1672 1793 τδ
1687 1768 1872 1803 ὲμπιστευϐέν

1079 1822 1124 1849 μοι
1149 1814 1269 1847 ἀναξίως
1287 1813 1423 1848 ⁵ιιοίμνιον,
1439 1812 1549 1848 εὕροιμι
1563 1813 1630 1840 Θεὸν
1646 1812 1712 1840 ἵλεω
1732 1813 1761 1839 ἐν
1778 1814 1872 1849 ἡμέρᾳ

1077 1860 1127 1896 τῆς
1145 1860 1262 1895 φρικτῆς
1277 1859 1425 1893 ἀπολογίας
1439 1868 1501 1894 μου.
1525 1858 1605 1886 Ἀλλὰ
1629 1858 1709 1885 τοῦτο
1731 1859 1871 1890 πέπονθας

1078 1906 1188 1937 πάντως
1201 1906 1230 1939 ἐξ
1245 1905 1333 1940 ἄκρας
1347 1904 1591 1940 μετριοφροσύνης.
1608 1903 1801 1940 Ἐκπειράζειν
1815 1905 1871 1940 γάρ

1080 1961 1131 1988 μου
1147 1953 1197 1987 τὴν
1208 1952 1397 1984 ἀπαιδευσίαν,
1410 1951 1440 1977 οὑ
1456 1951 1534 1986 Θέμις
1551 1959 1584 1986 με
1597 1950 1721 1977 ὑπονοεῖν
1735 1950 1786 1986 τὴν
1801 1951 1871 1986 ἀρχ-

1081 1997 1231 2034 ιερωσύνην
1254 2005 1313 2024 σου.
1335 1995 1407 2031 Ἐγὼ
1428 1995 1519 2022 τοίνυν
1532 1996 1640 2023 δέδοικα
1657 1995 1692 2023 τὰ
1705 1995 1755 2022 τοῦ
1769 1997 1870 2023 οἰκείου

1080 2042 1198 2079 βαθμοῦ,
1213 2039 1236 2070 ὦ
1252 2042 1313 2078 ιερὰ
1328 2040 1443 2077 κεφαλὴ.
1461 2041 1509 2068 καὶ
1525 2041 1632 2076 ίλιγγιῶ
1649 2042 1715 2077 περὶ
1725 2040 1776 2077 τὴν
1790 2042 1870 2077 ψυχι-

1079 2090 1131 2125 κὴν
1145 2089 1308 2124 κυϐέρνησιν
1321 2088 1360 2124 τῷ
1375 2088 1432 2115 ovet
1441 2097 1449 2105 θ
1467 2088 1526 2119 πῶς
1538 2087 1570 2123 δὴ
1582 2085 1629 2114 οὖν
1641 2089 1674 2114 ἐκ
1687 2088 1737 2122 τῆς
1752 2089 1870 2115 πολυτα-

1081 2136 1165 2172 ράχου
1179 2135 1226 2162 καὶ¹
1235 2134 1417 2170 ἀεικυμᾰντου
1429 2134 1528 2169 νοητῆς
1541 2133 1678 2169 θαλάσσης
1693 2134 1868 2169 ἀποσώσαιμι

238 2187 295 2209 tum
310 2182 456 2218 perducam
469 2191 476 2209 :
494 2190 557 2209 cum
572 2182 606 2210 ad
621 2190 723 2209 munus
736 2182 787 2209 hoc
802 2186 831 2209 et
843 2181 898 2209 vita
911 2181 1024 2216 integra,

1078 2181 1109 2208 τὸ
1133 2180 1305 2216 ὲγχειρισθέν
1330 2188 1375 2214 μοι
1394 2179 1475 2206 τοῦτο
1498 2179 1667 2215 βραχύτατον
1689 2179 1738 2206 καὶ⁸
1759 2179 1868 2214 λογικὸν

237 2234 266 2257 et
287 2228 400 2257 scientia
422 2228 520 2256 idonea
548 2228 583 2256 sit
604 2236 690 2263 opus;
716 2232 748 2255 ut
774 2232 904 2262 tanquam
925 2227 1027 2262 duplici

238 2275 314 2303 clavo
323 2277 489 2310 gubernans,
499 2274 642 2309 vigilanter
652 2281 684 2302 ac
699 2274 786 2309 perite
802 2274 934 2301 intactum
950 2273 1028 2308 aquis

238 2320 342 2355 peccati
358 2320 492 2354 mcipsum
517 2324 545 2347 et
565 2327 613 2347 eos
633 2320 680 2354 qui
700 2327 743 2347 me
764 2324 918 2354 sequuntur
933 2323 1027 2346 custo-

239 2366 322 2393 diam.
343 2365 405 2393 llaac
420 2365 502 2400 igitur
517 2369 572 2392 tam
593 2365 685 2392 miseri
703 2369 744 2392 est
758 2365 910 2392 excusatio.
927 2364 1026 2392 Verum

238 2411 303 2446 quia
322 2411 476 2439 sanctitatis
493 2415 546 2438 tute
565 2415 702 2446 praecepto
718 2412 828 2446 penitus
847 2419 902 2438 non
922 2411 1029 2438 obtem-

240 2463 357 2491 perare.
372 2457 481 2484 tametsi
501 2456 575 2484 vires
596 2464 672 2484 meas
688 2461 815 2492 superet,
834 2457 956 2491 periculo
972 2464 1028 2483 non

239 2507 319 2530 vacat
337 2511 345 2530 :
372 2503 525 2538 prasertim
544 2511 606 2530 cum
625 2503 659 2530 ab
681 2503 742 2538 ipso
758 2503 838 2530 etiam
862 2502 942 2530 Patre
967 2510 1028 2530 meo

241 2549 398 2576 mandatum
411 2549 582 2583 acceperim:
598 2549 740 2583 utriusque
753 2547 909 2576 obedientia
922 2547 1009 2576 fretus
1019 2568 1027 2581 ,

241 2595 293 2623 hoc
308 2595 365 2628 tibi,
382 2595 553 2631 divinissime
562 2594 653 2626 Pater,
667 2602 716 2628 per
729 2594 950 2621 commonitionis
965 2602 1027 2629 spe‘

240 2639 311 2667 ciem
336 2638 484 2673 proﬁtebor
501 2646 507 2664 :
530 2638 610 2673 longe
629 2638 717 2672 majus
737 2637 884 2672 multisque
906 2638 1029 2673 partibus

240 2684 366 2711 navicula
381 2691 442 2711 mea
457 2683 636 2711 excellentius
649 2690 710 2710 esse
729 2682 865 2717 navigium
882 2683 1030 2718 perfectio-

242 2730 286 2758 nis
296 2734 360 2761 tute,
373 2729 540 2764 episcopale,
555 2729 676 2763 inquam,
688 2728 835 2764 fastigium,
849 2729 872 2756 si
883 2736 945 2756 cum
961 2736 1030 2764 pra-,-

242 2777 323 2811 positi
334 2776 465 2812 dignitate
478 2779 670 2810 comparetur:
683 2779 711 2802 et
723 2779 797 2802 tanto
804 2775 920 2808 scilicet,
929 2779 1030 2810 quanto

245 2823 273 2851 in
286 2823 379 2858 plures
392 2822 535 2858 imperium
550 2821 664 2850 sortitus
673 2829 714 2855 es,
727 2829 829 2856 eosque
841 2829 898 2849 non
908 2821 1031 2850 volentes

1078 2227 1221 2262 πλοιάριον
1236 2226 1275 2257 είς
1290 2225 1388 2260 λιμένα
1404 2225 1542 2260 σωτηρίας
1552 2233 1559 2240 ·
1579 2225 1620 2252 ὅτι
1641 2225 1709 2260 πρὸς
1726 2224 1808 2251 τοῦτο
1823 2227 1868 2252 καὶ

1078 2271 1215 2303 πολιτείας
1229 2270 1397 2307 ἀκραιφνοῦς
1410 2269 1490 2307 χρεία
1503 2271 1550 2297 καὶ
1561 2269 1688 2304 γνώσεως
1701 2270 1800 2305 ίκανῆς
1812 2272 1870 2297 Em-

1077 2315 1170 2351 τυχία,
1186 2316 1219 2342 ἵν’
1233 2315 1271 2347 ὡς
1292 2315 1322 2341 ὲν
1345 2314 1422 2341 δυσὶν
1436 2314 1532 2349 αὐχέσι
1547 2313 1748 2350 πηδαλιουχῶν,
1767 2314 1869 2349 γρηγόο

1078 2370 1133 2397 ρως
1148 2360 1195 2388 καὶ
1208 2360 1400 2396 ἐπιστημόνως
1411 2359 1650 2386 ἀκαταϐάπτιστον
1662 2361 1718 2388 τοῖς
1730 2359 1812 2387 ὕδασι
1822 2362 1870 2394 τῆς

1078 2407 1218 2442 ἁμαρτίας
1234 2406 1353 2441 ἐμαυτόν
1374 2413 1404 2431 τε
1425 2406 1474 2432 καὶ
1492 2405 1555 2437 τοὺς
1580 2405 1731 2440 ἑπομένους
1748 2414 1795 2441 μοι
1811 2406 1869 2433 δια·-

1077 2452 1215 2487 φυλάττω.
1240 2451 1314 2487 Α’ὑτη
1333 2451 1424 2478 τοίνυν
1445 2451 1462 2486 ἡ
1479 2451 1534 2486 ἐμὴ
1550 2451 1681 2486 ἀπολογία
1705 2452 1754 2479 τοῦ
1777 2453 1870 2479 ταλαι-

1078 2497 1182 2534 πώρου.
1201 2497 1277 2524 Ἐπεδ⁴
1296 2497 1325 2524 δὲ
1341 2497 1371 2523 τὸ
1387 2496 1436 2532 τῆς
1450 2497 1590 2532 ὁσιότητος
1608 2506 1654 2524 σου
1676 2498 1801 2533 κέλευμα
1821 2500 1870 2526 οὐκ

1078 2544 1221 2571 ἀκίνδυνον
1243 2543 1330 2578 πάντη
1357 2542 1529 2574 καταλιπεῖν,
1553 2543 1578 2570 εί
1601 2544 1648 2570 καὶ
1663 2544 1734 2579 ὑπὲρ
1755 2544 1870 2580 δύναμίν

1080 2598 1133 2625 μου
1156 2589 1321 2624 ἀνυπήκοον,
1343 2588 1431 2620 ἄλλως
1458 2597 1487 2615 τε
1508 2588 1557 2615 καὶ
1578 2589 1612 2616 ἐκ
1630 2589 1677 2615 τοῦ
1693 2591 1797 2617 οἰκείου
1820 2600 1870 2625 μου

1080 2636 1185 2672 Πατρὺς
1204 2635 1253 2671 τὴν
1273 2634 1414 2669 ὑποταγὴν
1428 2634 1590 2669 δεξάμενος·
1607 2635 1744 2667 πεποιθὼς
1763 2638 1797 2672 τῇ
1817 2637 1871 2671 ἀμ-

1080 2683 1201 2719 φοτέρων
1214 2681 1366 2717 εὐπειθείᾳ,
1381 2680 1460 2707 τοῦτό
1473 2688 1525 2713 σοι,
1543 2677 1566 2707 ὦ
1581 2681 1702 2707 θειότατε
1721 2682 1825 2718 Πάτερ.
1840 2683 1869 2708 ὲν

1080 2729 1145 2754 εῖδει
1163 2728 1345 2762 ὑπομνήσεως
1374 2725 1587 2760 ὲπιφθέγξομαι,
1615 2726 1656 2752 ὅτι
1682 2726 1777 2762 μεῖζον
1799 2728 1870 2754 κατά

1081 2775 1148 2801 πολὺ
1163 2774 1210 2800 καὶ
1231 2771 1401 2808 ὑπερϐάλλον
1419 2772 1450 2798 τὺ
1465 2772 1557 2799 πλοῖον
1569 2772 1620 2807 τῆς
1638 2772 1687 2808 σῆς
1701 2772 1870 2808 τελειότητος

1082 2818 1150 2854 πρὸς
1174 2817 1204 2844 τὺ
1232 2816 1297 2852 ἐμὸν
1321 2816 1452 2852 νηάριον·
1476 2817 1549 2852 φημὶ
1573 2816 1606 2852 δὴ
1633 2817 1663 2844 τὸ
1690 2818 1871 2845 ἱπισκοπικὸν
