1924 3077
71 142 126 174 945

688 145 957 176 EPISTOLARUM
978 147 1050 177 LIB.
1070 147 1094 178 Ι.

1653 155 1707 186 946

68 200 173 235 ὕψωμα
194 198 264 235 πρὸς
279 199 312 226 τδ
324 199 505 235 ὴγουμινικδν
521 200 630 236 ἀξίωμα
641 209 649 217 ·
671 200 720 228 καὶ
737 201 862 228 τοσοῦτον

914 201 1035 230 fortasse
1047 222 1055 234 .
1071 211 1122 231 nec
1135 204 1325 238 conspirantes
1335 225 1342 237 ,
1359 213 1410 233 nec
1424 206 1546 241 ejusdem
1560 214 1665 238 naturae
1682 217 1708 238 et

69 247 180 281 ὅσῳπερ
194 245 229 273 ἂν
245 245 293 272 καὶ
311 245 442 273 πλειόνων
456 245 551 281 ἄρχειν
565 245 697 281 ἡξιώθης,
713 247 761 273 καὶ
776 247 863 274 ταῦτα

68 293 120 327 οὐχ
135 291 254 318 ἑκόντων
270 290 348 323 ἴσως,
365 291 425 318 οὐδὲ
446 291 658 327 όμογνωμόνων,
674 291 735 318 οὐδὲ
749 291 800 327 τῆς
813 292 863 318 αὐ-

70 338 120 373 τῆς
134 337 243 372 φύσεως
258 337 305 363 καὶ
322 337 420 370 ἀξίας,
447 336 517 364 ἀλλά
539 337 586 364 καὶ
608 337 732 374 ἀρρένων
753 337 802 365 καὶ
815 337 863 372 Θη-

70 383 169 417 λειῶν,
185 382 325 418 μονασυῶν
342 391 373 410 τε
390 383 439 410 καὶ
462 383 594 418 μιγάδων,
610 384 749 419 ἀρχόντων
766 392 797 410 τι
816 383 864 410 καὶ

70 429 243 464 ἀρχομένων,
257 428 408 463 γημάντων
432 428 482 455 καὶ
505 428 631 463 ἀγάμων,
647 428 750 455 δούλων
766 436 796 456 τε
816 428 864 455 καὶ

70 474 234 510 ἐλευθέρων,
248 473 376 509 ὀρφανῶν
387 482 417 500 τε
431 474 480 500 καὶ
493 474 675 509 χηρευόντων,
686 473 822 501 πλουσίοιν
832 482 863 500 τε

69 520 119 546 καὶ
140 519 274 554 πενήτων,
299 517 518 545 δυναστευόντων
540 526 571 545 τε
591 518 639 545 καὶ
657 518 863 553 καταπονουμέ-

69 573 135 597 νων,
152 563 358 600 χρεωφειλετῶν
372 572 403 590 τε
421 563 469 591 καὶ
486 563 644 595 δανειστῶν,
661 563 864 598 ἀϐροδιαιτούν-

70 619 125 637 των
138 619 169 637 τε
193 610 240 637 καὶ
256 609 519 644 λιμοκτονουμὲνων,
533 609 747 644 πολυκτημόνων
764 617 793 634 τε
816 608 862 634 καὶ

70 657 213 688 ἀνεστίων,
232 655 496 691 μαλακοφορούντων
513 663 543 682 τε
564 655 612 682 καὶ
630 655 861 690 ῥακοδυτούντων.

68 702 164 729 Ταῦτα
185 702 240 737 γὰρ
265 703 314 729 καὶ
330 702 415 729 πλείω
437 701 540 728 τούτων
563 701 613 728 οὐκ
633 701 807 735 ἐπιφαίνεται
823 700 862 736 τῷ

69 749 197 784 ἡμετέρῳ
211 748 276 784 βίῳ·
291 749 305 775 6
318 748 347 775 δὲ
369 748 415 780 σδς
435 747 639 782 ἐμπέπλησται.
659 748 714 775 Καὶ
727 748 789 774 οὐδὲ
807 749 862 780 πᾶς

66 795 83 821 ὁ
108 794 173 825 λαός
201 802 248 820 σου
277 793 330 820 ύπὺ
353 794 417 828 μιᾶς
439 792 580 828 φροντίδος
601 793 775 829 δεδιοίκηται,
800 793 862 820 οὐδὲ

69 840 181 867 πάντων
194 839 230 865 τὰ
242 839 377 873 πρόσωπα
390 838 438 865 καὶ
452 839 486 865 τὰ
497 838 618 873 ὀνόματα
629 836 717 870 οἶσθα,
729 838 785 865 οὐδ’
798 837 863 865 ἐκά-

917 249 1070 285 dignitatis;
1088 249 1136 276 sed
1151 257 1242 277 mares
1257 251 1359 284 pariter
1372 259 1404 279 ac
1417 252 1547 287 feminas,
1558 257 1708 285 monachos

917 301 945 323 et
960 296 1105 323 saeculares
1116 317 1124 328 ,
1140 295 1256 331 imperio
1271 296 1400 331 praeditos
1412 302 1439 324 et
1452 299 1592 333 subditos,
1612 303 1707 337 conju-

917 348 964 376 ges
975 345 1004 368 et
1012 341 1129 373 caelibes,
1141 349 1234 369 servos
1246 349 1279 369 ac
1290 342 1402 375 liberos,
1413 343 1551 379 orphanos
1561 351 1589 373 et
1599 347 1706 380 viduas,

916 386 1014 414 divites
1031 391 1059 414 et
1076 395 1212 422 pauperes
1223 407 1231 419 ,
1249 391 1376 422 potentes
1393 393 1421 416 et
1437 389 1534 424 inopes
1545 410 1553 422 ,
1569 391 1707 421 debitores

916 435 945 458 et
959 431 1146 464 feneratores,
1163 432 1237 460 laute
1248 432 1373 460 viventes
1395 438 1423 461 et
1445 433 1518 462 fame
1531 436 1704 470 laborantes,

916 476 1066 511 locupleles
1086 481 1115 504 et
1143 481 1215 504 tecto
1233 482 1379 510 carentes,
1405 479 1524 508 molliter
1543 481 1657 510 vestitos
1678 488 1708 510 et

917 530 1064 557 pannosos.
1075 521 1138 550 Haec
1147 523 1231 555 enim,
1240 529 1268 550 et
1281 523 1324 551 his
1336 524 1425 558 plura.
1435 525 1464 552 in
1477 526 1532 553 vita
1543 532 1638 555 nostra
1650 536 1705 556 non

915 573 1084 601 cernuntur;
1108 573 1153 596 tua
1173 577 1237 596 vero
1257 570 1299 597 his
1319 570 1420 598 referta
1440 576 1492 599 est.
1514 572 1570 600 Nec
1588 575 1706 609 populus

916 619 980 642 tuus
996 615 1047 642 sub
1062 622 1115 642 una
1131 622 1197 642 cura
1211 615 1356 644 universus
1369 617 1476 652 cogitur
1487 638 1495 650 ,
1511 626 1562 646 nec
1581 620 1704 648 omnium

915 659 1000 687 facies
1023 664 1051 687 et
1076 660 1186 687 nomina
1204 661 1295 692 nosti.
1320 669 1372 689 nec
1397 662 1460 690 vita
1486 664 1704 701 uniuscujusque

916 705 976 733 viss
1004 709 1032 732 et
1054 705 1175 733 rationes
1196 705 1359 742 distinguis:
1380 708 1429 735 sed
1447 709 1492 736 alii
1512 710 1591 738 aliter
1607 719 1705 748 magno

915 751 1076 779 discrimine
1097 759 1127 779 se
1149 751 1259 780 habent.
1284 753 1390 781 Etenim
1414 754 1459 781 alii
1474 759 1574 783 terram
1589 756 1704 786 fortasse

916 798 1031 830 colunt,
1055 797 1100 825 alii
1115 799 1260 834 navigant,
1280 799 1326 826 alii
1338 807 1434 834 greges
1459 807 1594 835 pascunt,
1617 803 1662 830 alii
1675 804 1703 831 in

915 843 972 870 otio
995 843 1121 879 degunt,
1145 843 1190 870 alii
1214 844 1410 879 negotiantur:
1438 844 1603 881 longumque
1629 852 1704 876 esset

70 893 135 911 στου
152 884 201 916 τὰς
214 883 344 919 μεθόδους
358 885 408 918 τῆς
421 882 495 918 ζωῆς
510 882 700 917 διαγινώσκεις
711 891 718 898 ·
737 882 805 910 ἀλλὰ
816 883 861 910 ἀλ-

913 895 980 923 quas
1007 888 1034 915 in
1051 888 1166 924 singulis
1192 889 1316 916 videmus
1334 890 1528 924 occupationes
1547 899 1702 921 recensere.

67 930 111 958 λοι
132 930 221 961 ἄλλως
248 929 319 956 κατὰ
338 929 407 955 πολὺ
428 929 459 956 τὸ
482 929 610 964 διάφορον
627 928 744 963 ἔχουσιν.
762 929 793 956 οι
809 929 860 964 μὲν

69 976 125 1011 γὰρ
153 976 218 1007 ἴσως
241 974 437 1009 γεωπονοῦσιν,
465 974 491 1001 οἱ
517 974 545 1001 δὶ
566 974 764 1008 ναυτίλλουσιν,
786 975 811 1001 ot
831 974 860 1001 δὲ

70 1020 308 1056 ποιμαινιύουσιν,
325 1021 350 1047 οἱ
373 1020 402 1047 δὲ
423 1019 621 1055 ἀπρακτοῦσιν,
637 1020 663 1046 οὶ
688 1019 715 1046 δὲ
737 1028 860 1055 πρακτο-

69 1068 212 1104 ρεύονται·
229 1067 276 1093 καὶ
292 1067 378 1098 πολὺς
393 1068 408 1093 6
419 1066 499 1101 λόγος
513 1067 563 1101 τῆς
579 1065 621 1100 ἐφ’
630 1065 739 1101 ἑκάστῳ
752 1066 860 1101 ὁρωμέ-

69 1122 119 1148 νης
134 1113 278 1148 ἐργασίας.
301 1112 364 1139 Ἐπὶ
373 1112 479 1144 τούτοις
491 1112 519 1139 δὲ
537 1113 622 1139 πᾶσιν
637 1112 698 1142 ὅσος
719 1112 765 1139 καὶ
779 1112 860 1147 πηλί-

69 1166 117 1189 κος
141 1159 156 1184 6
174 1157 275 1188 κόποςῑ
306 1157 378 1184 καθὰ
405 1157 560 1193 λογίζομαι,
589 1157 741 1192 ἀλόγιστος·
756 1157 818 1190 ὅσος
846 1158 862 1185 6

68 1203 164 1239 ίδρὼς.
182 1204 197 1230 6
220 1203 306 1237 ἀγὼν,
329 1204 344 1230 6
360 1203 470 1238 δρόμος,
488 1204 504 1238 ἠ
519 1203 639 1236 εὐτονία,
660 1205 677 1239 ὴ
700 1204 821 1239 φροντὶς,
843 1204 861 1238 ή

70 1250 206 1285 μέριμνα,
222 1250 239 1284 ἡ
256 1247 366 1283 ἐκτηεις
379 1250 429 1284 τῆς
441 1249 552 1285 σαρκὸς,
564 1250 581 1285 ἡ
595 1250 676 1286 ὀδύνη
695 1250 746 1286 τῆς
758 1249 860 1285 ψυχῆς,

68 1297 86 1331 ινι
100 1295 152 1330 τῆς
165 1295 284 1326 διανοίας
303 1295 463 1330 κατακοπήι
484 1296 590 1331 Ὠσπερ
603 1294 650 1323 οὖν
673 1297 687 1322 6
701 1296 862 1324 ἀπευθύνων

69 1342 120 1377 τὴν
137 1341 204 1368 ναῦν
226 1342 257 1368 ὲν
274 1341 381 1377 μεγάλῃ
404 1341 473 1378 ζάλῃ
490 1341 538 1369 καὶ
557 1342 695 1376 mmor
712 1342 860 1378 θαλάσσης,

68 1388 129 1419 ὅλος
143 1388 237 1423 νήφων
249 1387 308 1414 ἐστὶ
320 1388 368 1414 καὶ
380 1387 593 1423 ἀπερίτρεπτος,
609 1388 777 1416 ἀνύπσκτον
792 1388 863 1423 ἔχων

69 1433 115 1459 τὸν
128 1433 269 1468 ὀφθαλμόν
278 1440 285 1447 ·
299 1433 359 1460 οὐδὲ
371 1433 425 1469 γὰρ
436 1435 476 1465 είς
490 1433 593 1468 βραχὺν
606 1434 685 1470 φέρει
698 1434 820 1462 κίνδυνον
833 1434 864 1462 τδ

68 1479 180 1514 μικρῶς
207 1487 267 1510 πως
289 1480 478 1514 παρεμπεσεῖν
503 1480 632 1516 ἀπειρίαν
651 1481 699 1508 καὶ
713 1481 862 1516 ἀμέλειανσ

68 1524 142 1552 οὕτω
158 1523 249 1560 πολλῷ
266 1522 367 1559 μᾶλλον
381 1525 395 1552 6
406 1525 576 1562 κυϐερνήτης
590 1527 643 1553 τῶν
657 1526 751 1562 ψυχῶν
765 1527 864 1561 ἀγωνι-

911 932 940 959 in
967 933 1009 960 his
1038 938 1132 960 autem
1158 934 1285 961 omnibus
1305 935 1392 969 qualis
1409 941 1581 971 quantusque
1609 937 1704 966 labor?

910 980 1063 1012 aestimari,
1092 983 1123 1007 ut
1148 985 1234 1015 puto,
1260 988 1315 1008 non
1331 985 1430 1016 potest.
1453 981 1577 1015 Quantus
1599 984 1701 1017 sudor,

911 1030 1050 1053 certamen
1063 1045 1071 1057 ,
1089 1033 1187 1053 cursus
1200 1045 1207 1056 .
1236 1027 1377 1054 contentio
1387 1047 1395 1060 ,
1426 1035 1490 1055 cura
1501 1046 1509 1059 ,
1530 1028 1682 1056 sollicitudo
1693 1050 1701 1061 ,

911 1071 1003 1098 carnis
1029 1071 1162 1103 alilictio,
1190 1072 1273 1099 animi
1304 1072 1406 1105 dolor,
1439 1075 1540 1102 mentis
1572 1075 1702 1108 defatiga-

912 1116 969 1143 tio?
991 1116 1231 1149 Quemadmodum
1253 1125 1316 1152 ergo
1334 1118 1381 1152 qui
1403 1126 1500 1146 navem
1521 1121 1653 1155 gubernat
1674 1121 1702 1148 in

911 1161 1016 1196 magnis
1027 1161 1108 1188 maris
1119 1160 1246 1189 ﬂuctibus
1255 1167 1284 1188 et
1295 1165 1466 1196 tempestate,
1479 1168 1553 1192 totus
1564 1165 1700 1201 advigilat.

911 1212 940 1234 et
955 1207 982 1234 in
999 1215 1031 1234 ea
1042 1215 1108 1234 cura
1120 1207 1223 1235 delirus
1236 1212 1288 1239 est.
1305 1216 1356 1236 nec
1371 1216 1496 1236 somnum
1508 1211 1594 1238 oculis
1608 1212 1701 1238 indul-

911 1257 957 1288 get
971 1255 1036 1287 (non
1049 1253 1123 1280 enim
1135 1253 1212 1288 parvi
1230 1259 1272 1281 est
1286 1252 1399 1288 periculi
1411 1255 1433 1282 si
1449 1256 1491 1283 vel
1499 1256 1595 1291 exigua
1610 1257 1700 1291 aliqua

912 1298 1024 1334 obrepat
1041 1299 1178 1334 imperitia
1196 1299 1238 1326 vel
1257 1300 1442 1335 negligentia),
1461 1301 1501 1328 sic
1515 1302 1601 1329 multo
1615 1303 1702 1338 magis

912 1345 1065 1372 animarum
1079 1345 1246 1380 gubernator
1260 1346 1428 1380 prmlecturat
1442 1352 1534 1382 partes
1551 1348 1700 1376 studiosius

911 1395 940 1417 et
964 1391 1118 1418 accuratius
1135 1394 1229 1418 teneat
1244 1399 1356 1420 necesse
1370 1395 1429 1424 est,
1449 1400 1482 1420 ne
1494 1394 1609 1421 extremi
1623 1394 1700 1421 exitii

913 1436 1049 1471 profundo
1061 1436 1244 1471 demergatur.
1262 1436 1409 1471 Propterea
1419 1456 1426 1468 ,
1444 1441 1473 1464 ut
1488 1437 1618 1470 arbitror,
1636 1446 1702 1466 san—

914 1482 1036 1509 ctissime
1046 1502 1054 1514 ,
1069 1489 1184 1517 magnus
1200 1482 1345 1516 Apostolus
1359 1482 1527 1509 exclamabat
1540 1491 1548 1509 :
1564 1483 1630 1516 Quis
1658 1485 1701 1510 in-

914 1527 1053 1562 ﬁrmatur,
1075 1532 1099 1553 et
1115 1535 1162 1562 ego
1184 1535 1236 1553 non
1254 1527 1391 1561 inﬁrmor?
1408 1528 1466 1563 quis
1484 1529 1701 1562 scandalizatur,

70 1569 240 1606 στικὼτερον
253 1571 301 1598 καὶ
318 1571 514 1607 ἀκριϐέστερον
539 1572 639 1599 εἰδέναι
653 1572 757 1607 ὀφείλει
769 1572 800 1599 τδ
812 1573 862 1607 τῆς

913 1578 938 1600 et
955 1581 1001 1608 ego
1017 1581 1069 1599 non
1083 1580 1145 1599 uror
1158 1572 1181 1588 "
1194 1572 1206 1598 ?
1230 1572 1262 1599 Et
1278 1572 1393 1599 iterum:
1413 1572 1510 1600 Factus
1525 1581 1584 1600 sum
1600 1573 1702 1601 Iudaeis

71 1617 240 1652 προστασίας
262 1616 352 1652 ἔργον,
370 1617 414 1644 ῐνα
438 1617 476 1653 μὴ
502 1618 667 1653 ὑποϐρύχιος
687 1619 801 1654 γένηται
823 1619 863 1654 τῷ

69 1663 146 1698 βυθῷ
159 1663 210 1698 τῆς
228 1663 377 1695 ἀπωλείας.
392 1664 443 1690 Διά
454 1663 553 1696 ταῦτα,
565 1663 603 1695 ῶς
615 1662 702 1699 οἶμαι,
714 1664 862 1698 ἀγιώτατε,

70 1708 136 1735 ἐϐόα
161 1710 176 1735 6
203 1707 290 1743 μέγας
317 1710 488 1741 Ἀπόστολος,
514 1710 563 1742 Τις
584 1709 716 1742 ἀσθενεῖ,
731 1710 781 1736 καί
805 1711 862 1738 οὐκ

69 1754 210 1786 dederit;
225 1755 271 1787 τίς
291 1754 532 1787 σκανδαλίζεται,
547 1755 596 1782 καὶ
612 1756 668 1782 οὐκ
680 1755 738 1790 erat
751 1756 862 1790 πυροῦ-

67 1808 119 1834 μαι
131 1809 140 1833 ;
163 1801 220 1828 Καὶ
233 1800 325 1832 πάλιν.
339 1800 397 1827 ’Ὁτι
413 1801 560 1836 ἐγενόμην
579 1800 642 1834 τοῖς
657 1801 809 1833 Ἰουδαίοις
821 1802 862 1834 ὼς

76 1844 228 1878 Ἰουδαῖος,
249 1844 312 1878 τοῖς
332 1845 393 1873 ὑπὸ
417 1846 512 1881 νόμον
529 1846 570 1878 ὡς
597 1847 657 1874 ὑπὸ
679 1847 783 1881 νόμον,
799 1847 863 1880 τοῖς

67 1890 196 1925 ἀνόμοις
209 1891 249 1923 ὼς
266 1890 387 1925 ἄνομος,
399 1891 442 1926 μὴ
462 1891 505 1919 ὢν
519 1892 641 1927 ἄνομος,
657 1893 725 1920 ἀλλ’
736 1893 863 1928 ἔννομος

69 1936 199 1970 Χριστῷ.
224 1936 288 1969 Τοῖς
312 1936 387 1964 πᾶσι
407 1937 516 1972 γέγονα
541 1938 577 1965 τὰ
595 1938 704 1970 πάντα,
723 1938 774 1967 ἵνα
791 1938 863 1971 τοὺς

68 1982 189 2015 πάντας
211 1982 360 2016 κερδήσω.
382 1982 450 2009 Ἰδοὺ
466 1982 555 2015 οὕτως
581 1983 629 2011 καὶ
649 1984 674 2010 οἱ
699 1985 759 2010 κατ’
781 1983 863 2010 αὑτὸν

69 2029 185 2060 κανόνες
205 2029 253 2054 καὶ
272 2028 331 2063 ὅροι
348 2029 518 2064 ἐπισκοπῆς·
530 2029 657 2065 καθάπερ
675 2030 723 2056 καὶ
737 2030 816 2057 αὐτοὶ
837 2031 862 2057 οι

69 2073 210 2100 θεσπέσιοι
230 2073 352 2109 Ila-ripe;
364 2074 443 2109 ἡμῶν
456 2074 655 2109 διαγορεύουσι.
679 2075 780 2102 Λοιπὸν
794 2075 862 2102 ἀνα-

68 2120 151 2154 γνοὺς
183 2120 230 2146 καὶ
253 2120 379 2154 διαγνοὺς
406 2120 440 2147 τὰ
458 2120 512 2147 τῶν
537 2120 632 2155 ἁγίων,
650 2121 696 2148 καὶ
708 2121 755 2148 ἐπὶ
768 2123 863 2156 χεῖρας

68 2166 139 2201 ἔχων
152 2166 188 2192 τὰ
199 2165 386 2201 θεοπαράδοτα
398 2166 491 2200 λόγια·
507 2167 533 2193 τί
551 2167 619 2202 πρὸς
634 2167 702 2202 ἐμοῦ
718 2167 765 2194 τοῦ
780 2167 863 2194 τάλα-

69 2220 115 2243 νος
128 2211 252 2238 τοιοῦτόν
267 2221 293 2238 τι
305 2212 461 2247 ἑπιζητεῖςς
482 2212 552 2246 Ἐγὼ
565 2212 637 2239 δοκῶ
653 2213 698 2239 τὸν
712 2213 861 2239 ἐπίσκοπον

69 2256 140 2284 εἶναι
157 2257 266 2292 ἔφορον,
280 2258 328 2284 καὶ
343 2257 494 2284 ὑπεύθυνον
505 2258 555 2293 τῆς
567 2258 614 2284 ἐπὶ
627 2259 695 2284 πᾶσι
706 2258 762 2284 τῶν
775 2259 860 2295 ἀρχο-

69 2302 161 2337 μένων
188 2303 338 2338 γενομένης
360 2302 543 2338 διαπράξεως.
561 2303 693 2338 Ἄγγελον
715 2304 860 2339 ἀσίγητον,

68 2346 103 2372 τὰ
130 2345 181 2372 τοῦ
202 2345 270 2372 Θεοῦ
285 2346 457 2382 δικαιώματα
479 2347 671 2383 κηρύσσοντα·
690 2348 769 2383 ὄμμα
784 2349 861 2376 ἀκοί-

71 2400 159 2427 μητον
171 2391 222 2423 τὰς
237 2392 354 2419 ἑκάστου
365 2393 442 2424 ὁδοὺς
456 2393 510 2419 τῶν
526 2393 571 2420 ὑπ’
587 2394 670 2420 αὑτοῦ
686 2394 861 2429 ἐξαγομένων

70 2438 288 2473 ὲπιδλεπόμενον
300 2446 307 2453 ’
321 2439 435 2474 μίμημα
452 2439 584 2474 Χριστοῦ,
598 2441 640 2471 είς
651 2439 681 2466 6v
694 2440 719 2466 οί
731 2440 860 2475 ἑπόμενοι

70 2483 253 2518 προσέχοντες
261 2483 312 2519 τὴν
327 2484 432 2510 ἑαυτῶν
443 2484 517 2520 ζωὴν
529 2484 713 2519 εὐαγγελικιῖκ
727 2492 862 2520 χαρακτη-

71 2528 199 2563 ρίζουσι·
216 2530 348 2564 φωστῆρα
370 2529 510 2564 ἁειλαμπῆ
536 2531 593 2561 τοῖς
621 2530 651 2562 ἑξ
677 2530 790 2563 ἀγνοίας
814 2530 862 2557 καὶ

69 2574 211 2610 ἁμαρτίας
220 2575 420 2610 νυκτομχοῦσι
432 2575 631 2611 γνωριζόμενον
641 2583 650 2592 δ
661 2575 706 2602 τὸν
721 2575 800 2609 λόγον
811 2575 862 2611 τῆς

69 2620 248 2652 διδασκαλίας
261 2622 466 2657 ἑπομὸρίζοντα
480 2623 536 2653 τοῖς
550 2621 648 2656 διψῶσι
669 2623 703 2648 τὰ
724 2622 845 2657 σωτήρια
854 2629 863 2637 ³

68 2667 215 2701 οἰκονόμον
238 2667 377 2702 μέγιστον,
391 2668 436 2694 τὸν
457 2669 574 2696 ἑκάστου
591 2668 648 2703 βίον
663 2668 864 2702 λογοθετεῖσθαι

71 2711 209 2747 μέλλοντα
223 2713 252 2738 ὲν
263 2713 352 2748 καιρῷ
365 2713 580 2745 ἀνταποδόσεως.
595 2713 665 2740 Οῦτε
675 2711 723 2740 οὖν
736 2713 828 2748 μεῖζόν
839 2722 864 2740 τι

68 2758 121 2792 τῆς
139 2757 209 2791 πρὸς
225 2757 292 2784 Θεὸν
314 2758 463 2794 ὲγγύτητος
483 2760 531 2786 καὶ
547 2759 669 2794 ἀγάπης,
690 2759 746 2785 οὔτ’
761 2757 794 2786 αὖ
821 2759 865 2785 εὐ-

74 2877 80 2880 .
106 2847 131 2863 ³⁵
153 2847 173 2874 li
189 2847 252 2876 Cor.
270 2856 308 2884 XI,
323 2848 368 2877 29.
405 2849 426 2866 ⁸⁸
441 2850 449 2876 l
469 2850 530 2878 Cor.
552 2859 587 2883 ix,
605 2849 700 2882 20-25,

914 1626 1042 1655 tanquam
1055 1619 1180 1650 ludatis;
1193 1620 1226 1646 iis
1241 1619 1286 1654 qui
1297 1619 1344 1646 sub
1360 1618 1415 1654 lege
1431 1624 1503 1652 sunt,
1518 1624 1643 1653 tanquam
1655 1620 1702 1648 sub

913 1665 968 1700 lege
981 1673 1078 1697 essent;
1091 1664 1124 1691 iis
1135 1665 1179 1699 qui
1191 1664 1246 1690 sine
1261 1664 1315 1698 lege
1326 1667 1418 1695 erant,
1436 1668 1564 1698 tauquam
1576 1664 1632 1690 sine
1645 1664 1701 1698 legs

912 1719 1010 1742 essem;
1031 1718 1090 1737 cum
1104 1710 1160 1736 sine
1174 1710 1228 1744 lege
1246 1717 1299 1735 non
1319 1717 1415 1740 essent,
1434 1709 1479 1736 sed
1499 1709 1526 1735 in
1545 1709 1599 1744 lege
1619 1717 1702 1736 essem

910 1755 1018 1784 Christi.
1032 1755 1158 1782 Omnibus
1172 1755 1261 1781 omnia
1276 1754 1363 1789 factus
1373 1762 1432 1781 sum
1443 1775 1450 1787 ,
1466 1760 1495 1780 ut
1514 1762 1602 1781 omnes
1619 1754 1701 1780 lucri-

913 1803 1026 1838 [πει-ειη
1040 1803 1074 1829 ³⁸.
1091 1802 1130 1829 En
1141 1821 1148 1834 ,
1164 1801 1208 1828 vel
1223 1803 1283 1836 ejus
1297 1801 1431 1828 sententia
1444 1820 1451 1832 ,
1463 1801 1537 1836 leges
1552 1805 1579 1828 et
1594 1801 1702 1836 regulas

912 1847 1095 1881 episcopatus.
1109 1845 1339 1881 quemadmodum
1352 1849 1379 1873 et
1391 1845 1475 1872 divini
1489 1852 1597 1880 quoque
1608 1846 1701 1875 Patres

913 1893 999 1919 nostri
1024 1896 1170 1919 testantur.
1187 1891 1335 1924 Caeterum,
1351 1898 1414 1918 cum
1431 1897 1587 1919 sanctorum
1603 1892 1702 1928 placita

913 1939 987 1974 legas
1000 1942 1028 1965 et
1044 1938 1189 1972 intelligas,
1201 1942 1226 1964 cl
1240 1935 1332 1964 divina
1346 1937 1454 1965 oracula
1467 1937 1494 1964 in
1511 1937 1637 1964 manibus
1653 1937 1702 1964 ha~

913 1984 992 2016 beas,
1009 1983 1073 2018 quid
1092 1991 1107 2010 a
1128 1990 1172 2010 me
1191 1983 1292 2010 misero
1313 1982 1365 2010 tale
1389 1981 1528 2017 quidpiam
1553 1983 1704 2018 elilagitas?

913 2029 970 2064 Ego
992 2029 1150 2064 episcopum
1173 2035 1274 2055 censeo
1298 2028 1482 2062 inspectorem
1511 2035 1589 2061 esse,
1616 2036 1648 2056 ac
1669 2029 1704 2056 de

913 2075 1042 2103 omnibus
1056 2082 1117 2109 quae
1135 2082 1150 2101 a
1170 2073 1287 2101 subditis
1301 2078 1419 2109 aguntur
1434 2074 1600 2106 obnoxium;
1622 2081 1703 2108 ange-

913 2121 969 2148 lum
986 2129 1040 2148 non
1054 2120 1193 2152 silentem,
1205 2119 1415 2154 justiﬁcationes
1429 2119 1474 2146 Dei
1489 2123 1620 2154 perpetuo
1631 2127 1703 2154 prir-

913 2167 1066 2199 dicantem;
1082 2166 1191 2193 oculum
1200 2166 1365 2197 insomnem.
1380 2165 1469 2200 gregis
1483 2165 1525 2192 sui
1544 2165 1702 2200 singillatim

914 2212 972 2239 vias
987 2211 1223 2243 considerantem;
1251 2210 1427 2238 simulacrum
1448 2209 1567 2241 Christi,
1580 2209 1616 2236 ad
1631 2209 1703 2243 quod

914 2257 1012 2284 intenti
1031 2257 1077 2291 qui
1096 2261 1270 2291 sequuntur,
1295 2256 1379 2283 vitam
1407 2263 1484 2283 suam
1507 2255 1540 2282 ad
1565 2254 1703 2290 Evangelii

914 2302 1028 2329 formam
1041 2301 1184 2337 eliingant;
1199 2301 1285 2329 facem
1298 2305 1431 2336 perpetuo
1444 2301 1597 2331 ardentem,
1613 2300 1647 2327 iis
1656 2300 1704 2335 qui

914 2348 942 2375 in
958 2347 1119 2382 ignorantiae
1130 2347 1290 2382 peccatique
1300 2347 1421 2374 tenebris
1435 2347 1578 2378 dimicant,
1593 2346 1704 2380 conspi-

914 2401 1012 2426 cuam;
1027 2400 1182 2420 sermonem
1193 2393 1335 2426 doctrinae,
1350 2392 1479 2420 salutaria
1493 2391 1648 2420 sitientibus
1663 2392 1706 2418 in-

914 2439 1093 2472 fundentem;
1115 2439 1331 2474 dispensatorem
1349 2439 1497 2467 maximum
1508 2458 1515 2470 ,
1532 2438 1580 2473 qui
1596 2437 1630 2465 de
1647 2438 1705 2464 sin-

914 2485 1038 2520 gulorum
1053 2483 1120 2516 vita,
1135 2484 1325 2511 retributionis
1339 2489 1471 2519 tempore,
1491 2484 1625 2511 rationem
1643 2483 1706 2510 red-

915 2531 1022 2558 diturus
1036 2530 1082 2557 sit.
1096 2530 1189 2564 Itaque
1205 2530 1279 2557 nulla
1297 2530 1415 2557 alIinitas
1428 2538 1489 2558 cum
1505 2529 1561 2557 Deo
1570 2533 1598 2556 et
1612 2528 1704 2556 charis

915 2583 957 2604 tas
967 2576 1054 2610 major
1067 2580 1118 2608 est,
1133 2581 1180 2603 aut
1195 2576 1238 2603 cui
1253 2576 1354 2604 certior
1365 2576 1401 2603 sit
1412 2583 1527 2606 merces.
1537 2582 1616 2610 quam
1633 2582 1705 2608 pra:-

915 2621 1018 2648 l'ectura
1034 2625 1127 2653 tanta;
1138 2621 1370 2655 quemadmodum
1381 2620 1507 2647 Christus
1521 2619 1579 2654 ipsc
1595 2623 1705 2652 aposto-

914 2667 1003 2694 lorum
1026 2667 1142 2702 principi
1156 2667 1244 2695 dixit:
1265 2667 1380 2694 Siamas
1396 2675 1452 2699 "te,
1474 2666 1565 2699 Pelre,
1579 2665 1638 2700 plus
1652 2665 1703 2693 liis.

914 2721 993 2747 pasce
1008 2721 1065 2740 oues
1080 2721 1153 2740 meus
1167 2714 1199 2740 ³⁷.
1216 2713 1272 2740 Nec
1288 2713 1469 2748 periculosius
1483 2711 1640 2747 quidquam,
1657 2714 1705 2737 aut

916 2759 1059 2787 exitiosius
1072 2767 1154 2794 quam
1170 2759 1196 2786 in
1217 2767 1249 2786 ca
1266 2759 1376 2795 indigne
1394 2758 1504 2785 versari.

741 2849 760 2864 "
775 2847 854 2876 Joan.
876 2856 934 2877 xu,
955 2848 995 2875 l5.
