1924 3077
223 138 274 170 94⁵1

814 138 844 167 S.
869 137 1065 168 THEODORI
1086 138 1260 169 STUDIT/E

1801 140 1852 171 948

222 193 396 229 μισθότερον,
412 193 450 224 ὼς
468 193 484 228 ἡ
502 192 656 228 τηλικαύτη
671 192 834 219 ἐπιστασία·
863 192 956 224 καθώς
980 201 1063 228 φησιν
1093 193 1173 225 αὐτὸς
1199 195 1214 220 ὁ
1229 194 1344 229 Χριστὸς
1366 194 1435 230 πρὸς
1453 196 1500 222 τὸν
1521 196 1668 231 κορυφαῖον
1685 195 1852 223 ἀποστολον·

221 250 231 266 ι
249 241 280 267 Et
301 240 389 275 φιλεῖς
411 248 459 274 με,
476 239 573 274 Πέτρε,
597 239 689 266 πλεῖον
707 238 821 273 τούτων,
837 238 966 274 ποίμαινε
980 238 1015 265 τὰ
1035 238 1161 274 πρόϐατά
1174 248 1236 275 μου.
1252 249 1261 267 ι
1279 240 1348 267 οὔτε
1361 241 1594 278 ἐπικινδυνότερον
1603 243 1651 269 καὶ
1662 241 1853 277 ὀλεθριὼτερον

219 289 276 318 τοῖς
295 285 415 317 ἀναξίως
427 285 530 320 ταύτην
545 284 760 320 ἀσπαζομένοις.

253 335 289 362 At
303 338 346 367 tu,
362 338 405 360 snt
416 333 485 366 scio,
498 333 607 360 Patrum
621 333 734 367 optime,
750 333 840 360 bonus
855 336 948 368 pastor
963 339 1010 365 es,
1028 336 1049 363 Α

217 381 265 416 qui
280 380 399 407 animam
416 383 490 406 tuam
507 386 558 414 pro
575 379 673 406 ovibus
689 386 797 413 semper
814 378 948 413 posuisti,
961 386 1012 413 pro

218 431 382 458 unaquaque
401 427 484 458 caput
505 423 653 457 objiciens,
680 422 823 450 hominum
851 423 941 450 minas
956 430 1010 450 non

217 469 410 500 reformidans,
430 468 573 495 veritatem
591 468 618 495 in
635 467 839 495 adversantium
851 468 939 495 oculis
956 475 1012 495 non

217 514 393 542 dissimulans
402 534 409 544 .
436 514 509 541 unici
523 514 595 549 regis
610 513 743 541 voluntati
755 514 957 541 obsecundans.
970 513 1012 541 Ad

209 560 294 595 ~haec,
311 566 428 595 arguens
443 567 506 587 cum
523 559 666 591 libertate,
684 567 792 594 poenam
806 560 932 595 irrogans
947 567 1010 587 cum

218 606 345 637 lenitate,
365 605 511 639 paciﬁcans
524 609 552 632 et
565 604 747 632 reconcilians
759 604 934 637 dissidentes,
949 613 1012 640 pro-

218 651 311 678 fanum
337 658 353 678 a
382 654 477 678 sancto
498 650 647 685 prudenter
665 650 816 682 dirimens,
837 653 866 677 et
881 657 978 678 sanum
996 658 1011 678 a

218 696 360 727 morbido,
378 703 414 723 ne
425 695 588 731 contagione
604 703 654 723 sua
669 695 790 723 vicinum
805 695 926 729 inliciat;
939 696 1011 731 quod

222 743 331 770 aberrat
342 742 370 769 in
387 742 458 769 viam
478 742 622 774 reducens,
641 741 714 776 quod
731 742 868 768 inﬁrmum
883 747 926 769 est
944 750 1012 770 con-

218 787 357 820 solidans,
385 787 458 821 quod
476 786 647 814 confractum
671 791 712 814 est
734 787 848 822 alligans
864 787 897 816 ³⁸.
924 787 1011 820 Quam

218 832 359 868 multiplex
372 840 466 860 revera
479 837 555 859 tuum
567 837 609 860 est
619 832 703 867 opus!
717 831 929 867 Pratpositornm
945 833 1011 860 visi-

219 879 308 911 tatio,
330 878 502 906 celliotarum
530 877 710 913 approbatio,
739 878 960 913 presbyterorum
984 883 1012 907 et

218 924 396 951 diaconornm
415 922 562 955 ordinatio,
579 927 606 950 et
622 923 720 950 horum
733 922 856 949 omnium
870 922 934 950 vitae
948 930 1011 950 cen-

219 977 283 998 sura
299 977 306 996 :
322 969 469 997 viduarum
483 968 617 1001 defensio,
636 968 825 1002 orphanorum
840 968 989 995 subsidium
1000 988 1009 1001 ,

218 1015 379 1043 alﬂictorum
400 1015 488 1048 ultio,
512 1021 705 1050 oppressorum
723 1014 919 1049 propugnatio;
942 1015 1009 1049 quin

218 1061 300 1088 etiam
311 1060 453 1094 dignitatis
461 1059 644 1087 conservatio.
659 1059 728 1091 Quia
743 1060 790 1086 ubi
802 1059 870 1086 nihil
881 1063 924 1087 est
936 1059 1009 1094 quod

218 1107 348 1141 pietatem
369 1106 449 1133 laedat
473 1105 516 1133 vel
539 1104 687 1140 impediat,
710 1105 808 1140 subjici
830 1112 882 1132 nos
901 1113 1009 1140 quoque

218 1152 293 1179 omni
308 1151 422 1187 imperio
438 1157 466 1178 et
485 1150 615 1186 potestati
632 1155 757 1186 oportet,
775 1150 1009 1178 benevolentiam-

218 1205 272 1232 que
295 1201 428 1232 perpetuo
440 1217 448 1229 ,
475 1197 498 1224 si
517 1196 576 1224 ﬁeri
597 1200 704 1231 potest,
726 1196 850 1223 omnium
870 1196 989 1224 retinere
1001 1215 1009 1228 ,

219 1247 344 1278 prompte
359 1250 391 1269 ac
411 1242 529 1277 benigne
543 1242 706 1275 salutando,
723 1249 756 1269 ac
775 1242 906 1277 majorem
926 1242 1009 1270 etiam

219 1289 353 1315 honorem
371 1288 549 1315 redhibendo.
564 1288 642 1315 Absit
659 1287 732 1315 enim
750 1292 779 1315 ut
791 1287 825 1315 de
843 1287 1010 1315 beatitudine

219 1339 265 1361 tua
289 1333 430 1366 dicantur,
454 1341 515 1369 quae
539 1333 684 1360 contraria:
712 1333 846 1360 malorum
870 1337 1010 1368 pastorum

220 1379 290 1414 parti
300 1379 466 1406 conveniunt
480 1380 487 1405 l
503 1379 550 1414 qui
562 1380 648 1414 turpis
656 1379 761 1406 scilicet
773 1379 842 1406 lucri
855 1379 940 1414 gratia
950 1387 1009 1414 gre-

220 1432 281 1460 gem
292 1428 418 1460 pascunt,
429 1425 476 1460 qui
488 1425 522 1452 ad
536 1425 596 1452 vitae
612 1425 754 1452 commoda
768 1424 927 1460 dignitatem
939 1425 1010 1452 hanc

221 1470 354 1503 referunt,
370 1471 403 1498 ad
419 1471 510 1498 carnis
524 1471 718 1503 laxamentum,
733 1470 767 1497 ad
780 1470 938 1505 cupiditatis
950 1470 1010 1497 fru-

221 1524 305 1552 ctum,
320 1517 353 1545 ad
365 1517 500 1544 ﬂuxarum
511 1523 594 1551 opum
611 1515 856 1550 conquisitionem,
874 1515 907 1542 ad
922 1515 1010 1550 pluri-

221 1572 327 1592 morum
356 1568 436 1590 terrae
462 1562 588 1597 iugerum
617 1560 838 1596 possessionem,
867 1560 1011 1596 gregisque

221 1616 361 1637 servorum
375 1616 407 1636 ac
419 1608 554 1642 pecudum
565 1608 703 1634 numerosi
719 1615 726 1634 :
744 1607 859 1642 ideoque
869 1614 925 1634 non
940 1607 1010 1634 divi-

221 1656 274 1686 nis,
285 1654 333 1682 sed
344 1653 470 1680 humanis
480 1652 586 1679 artibus
597 1651 631 1679 ad
642 1651 812 1686 praefecturae
825 1651 932 1679 culmen
945 1659 1010 1686 pro-

221 1698 401 1732 siliunt,utin
412 1697 536 1725 subditos
557 1697 735 1732 supercilium
755 1697 888 1730 attollant,
905 1701 933 1724 et
946 1703 1010 1724 ante

221 1746 411 1774 honoratiores
430 1748 591 1779 arroganter
611 1743 734 1771 sedeant.
759 1743 837 1771 Mitto
857 1743 891 1771 de
906 1743 959 1771 illis
969 1744 1011 1771 di-

221 1799 294 1824 cere,
302 1791 348 1826 qui
358 1789 557 1818 causidicorum
567 1797 642 1816 morc
651 1789 816 1823 procaducis
823 1789 906 1817 rebus
917 1789 1012 1817 decer—

222 1841 297 1869 tant,
318 1840 346 1863 et
367 1843 418 1870 pro
439 1834 562 1862 veritatis
585 1834 759 1868 dogmatibus
787 1842 843 1861 non
869 1835 1009 1862 resistunt.

222 1881 355 1915 Quodque
369 1880 412 1907 his
426 1880 505 1914 longe
522 1879 633 1915 gravius
650 1883 710 1911 est,
726 1879 760 1906 de
774 1879 807 1906 iis
826 1879 872 1914 qui
887 1880 1011 1907 subdito-

221 1935 282 1955 rum
297 1928 365 1954 bona
379 1926 498 1961 rapiunt,
515 1930 544 1952 et
553 1929 700 1960 exsugunt,
716 1925 833 1960 indeque
848 1925 1009 1960 potentiam,

221 1978 251 2001 et
264 1973 462 2000 redundantem
477 1979 561 2006 opum
581 1971 687 2006 copiam
702 1971 886 1998 accumulant.
905 1971 1010 2004 Quibus

221 2019 296 2048 enim
308 2023 338 2046 ut
351 2018 496 2053 egentibus
509 2024 620 2044 manum
632 2017 732 2052 porrigi
748 2024 797 2052 par
808 2021 883 2049 erat,
900 2017 948 2044 hos
964 2017 1011 2052 qui

221 2065 324 2092 sensim
345 2069 462 2091 atterere
484 2071 539 2090 non
556 2063 697 2096 dubitant,
721 2063 830 2090 cuinam
847 2063 950 2090 similes
969 2063 1012 2090 di-

222 2111 338 2138 centur?
352 2109 468 2138 Petrone
479 2115 507 2137 et
518 2109 616 2137 Joanni
626 2129 633 2141 ,
653 2116 804 2144 eorumque
819 2109 1011 2141 sectatoribus,

222 2157 330 2192 quibus,
345 2155 393 2188 ait,
409 2160 551 2191 argentum
565 2159 593 2182 et
604 2162 701 2182 aurum
715 2162 770 2182 non
783 2159 852 2188 erat,
862 2155 911 2182 sed
925 2154 1011 2182 divini

222 2202 343 2237 Spiritus
363 2201 466 2236 gratia?
486 2208 520 2228 an
533 2201 644 2228 'Simoni
664 2200 759 2235 Mago,
781 2205 810 2228 et
826 2200 903 2228 Iudae
918 2201 1012 2236 prodi-

221 2248 285 2279 tori,
298 2252 326 2274 et
339 2246 413 2274 Giezi
430 2247 531 2281 cupido
544 2246 678 2281 pecuniae,
690 2253 722 2273 ac
735 2246 848 2280 reliquis
864 2246 946 2281 hujus
963 2254 1012 2273 sae-

221 2293 276 2320 culi
290 2292 439 2320 divitibus?
451 2292 489 2319 De
504 2292 537 2318 iis
553 2296 644 2319 autem
657 2291 730 2324 dico,
745 2292 791 2326 qui
804 2291 877 2326 quod
890 2299 1011 2326 praesens

1105 332 1174 359 Ἆλλ¹
1185 333 1279 365 αὐτὸς,
1291 334 1322 361 εὖ
1335 331 1405 367 οῖδα,
1422 335 1493 362 Πατέ
1499 343 1552 370 ρων
1565 335 1669 371 ἄριστε,
1682 336 1723 363 ὃτι
1736 336 1775 369 ὼς
1788 337 1853 371 ἀγα-

1063 378 1110 410 θὸς
1125 379 1229 414 ποιμὴν
1240 380 1291 414 τὴν
1305 380 1395 415 ψυχήν
1411 389 1458 407 σου
1472 381 1515 407 ἀεὶ
1530 381 1662 413 τεθεικὼς
1679 378 1704 408 el
1717 382 1788 417 ὑπὲρ
1801 382 1854 408 τῶν

1063 424 1119 451 σῶν
1142 425 1300 460 προϐάτων,
1316 426 1535 462 προκινδυνεύων
1550 427 1622 463 ὑπὲρ
1641 427 1700 459 ἐνὸς
1721 428 1852 455 ἑκάστου*

1065 469 1102 505 μὴ
1115 470 1283 505 πτοούμενος
1300 471 1415 502 ἀπειλὰς
1428 471 1604 507 ἀνθρωπίνας
1616 480 1623 487 '
1639 473 1676 507 μὴ
1689 473 1853 500 ὑποστελλό-

1064 523 1146 550 μενος
1159 515 1205 542 τὸν
1215 516 1266 552 τῆς
1284 516 1414 551 ἀληθείας
1434 517 1514 552 λόγον
1531 517 1562 550 ἐξ
1575 518 1698 550 ἐναντίας
1711 519 1767 546 τῶν
1782 520 1855 546 ἀντι-

1061 560 1258 596 διατιθεμένων
1269 569 1277 578 ·
1299 562 1330 588 τὸ
1345 561 1393 588 τοῦ
1412 563 1492 598 μόνου
1507 562 1642 598 βασιλέως
1657 564 1766 600 θέλημα
1785 565 1853 591 ἀπο-

1062 605 1234 640 θεραπεύων.
1253 607 1326 642 Πρὸς
1339 607 1445 640 τούτοις
1459 607 1578 643 ἐλέγχων
1601 609 1671 644 μετὰ
1683 610 1853 646 παρρησίας,

1062 651 1196 686 ἐπιτιμῶν
1228 653 1297 687 μετὰ
1323 653 1507 688 συμπαθείας,
1535 655 1684 690 είρηνεύων
1709 656 1758 683 καὶ
1788 665 1855 683 atat-

1062 697 1206 725 αλλάσσων
1227 699 1291 730 τοὺς
1305 699 1507 734 διισταμένους,
1529 700 1669 735 ἀφορίζων
1681 702 1752 736 μετὰ
1763 703 1856 738 εὐκρι-

1063 743 1124 774 σίας
1139 741 1169 769 τὸ
1185 743 1300 778 βέῦηλον
1314 744 1370 770 ἀπὸ
1383 744 1431 771 τοῦ
1446 745 1533 778 ὁσίου,
1549 745 1580 772 τὺ
1594 746 1667 780 ὑγιὲς
1682 747 1738 774 ἀπὸ
1753 747 1801 774 τοῦ
1813 756 1856 774 νε-

1061 788 1219 823 νοσηκάτος,
1235 788 1273 820 ὡς
1284 789 1317 816 ἂν
1330 789 1368 825 μὴ
1381 790 1510 826 μεταδοίη
1524 790 1574 826 τῆς
1582 792 1684 824 οἰκείας
1697 793 1855 828 ἀρρωστίας

1061 834 1100 870 τῷ
1128 834 1328 870 πλησιάζοντι·
1349 835 1380 862 τὸ
1409 835 1587 871 πλανώμενον
1612 838 1803 873 ἐπιστρέφων·
1824 840 1854 866 τὸ

1060 880 1213 915 ἡσθενηκὸς
1244 881 1378 916 ἐνισχύων
1392 889 1400 897 ·
1420 881 1450 908 τδ
1479 883 1711 918 συντετριμμένον
1741 885 1854 912 καταδε-

1062 925 1180 960 σμεύων.
1204 926 1247 957 Ὧς
1263 926 1331 953 πολὺ
1348 934 1395 953 σου
1412 927 1499 959 ὅντως
1519 927 1550 954 τὸ
1568 927 1667 963 ἔργονί
1695 929 1854 964 ἡγουμένων

1061 971 1217 1006 ἐπίσκεψις,
1242 972 1399 999 κελλιωτῶν
1421 973 1570 1009 ἐπίκρισις,
1590 974 1787 1011 πρεσϐυτέρων
1808 977 1854 1003 καὶ

1026 1005 1046 1032 Β
1060 1005 1192 1043 διακόνων
1205 1017 1402 1052 χειροτόνησις,
1418 1018 1465 1045 καὶ
1479 1005 1538 1053 βίου
1550 1005 1652 1046 τούτων
1667 1005 1779 1048 πάντων
1794 1022 1854 1048 ἐπι-

1060 1062 1195 1098 τήρησις·
1225 1063 1319 1098 χηρῶν
1346 1064 1511 1098 προστασία,
1540 1065 1666 1100 ὀρφανῶν
1695 1067 1854 1102 ἐπικουρία,

1062 1107 1310 1142 καταπονουμένων
1324 1107 1475 1143 ἐκδίκησις,
1490 1108 1677 1144 ἀδικουμένων
1690 1111 1854 1147 ὑπερμάχη-

1061 1159 1115 1183 σις,
1140 1151 1187 1178 καὶ
1204 1152 1297 1187 μέντοι
1313 1154 1361 1179 καὶ
1389 1154 1528 1190 ὑπεροχῆς
1549 1154 1720 1191 διατήρησις.
1741 1157 1854 1194 Ἐπειδὴ

1060 1197 1124 1224 ὅταν
1139 1197 1223 1232 μηδὲν
1270 1198 1301 1225 τὸ
1317 1198 1437 1233 βλάπτον
1453 1201 1501 1226 καὶ
1513 1200 1618 1227 κωλύον
1634 1203 1674 1234 είς
1685 1202 1853 1237 θεοσέὸειαν,

1062 1242 1265 1269 ὑποτάσσεσθαι
1294 1243 1342 1269 καὶ¹
1369 1244 1443 1278 ἡμᾶς
1473 1244 1548 1279 πάσῃ
1577 1245 1649 1281 ἀρχῇ
1676 1247 1724 1272 καὶ
1744 1247 1855 1283 ἐξουσίᾳ

1061 1288 1206 1323 προσήκει,
1238 1288 1286 1315 καὶ
1313 1288 1450 1323 φιλιάζειν
1476 1290 1520 1316 διὰ
1546 1291 1656 1322 παντὸς,
1677 1292 1702 1318 εί
1728 1292 1853 1326 δυνατὸν,

1061 1332 1130 1368 πρὸς
1143 1333 1267 1364 ἅπαντας
1285 1333 1330 1360 διὰ
1346 1333 1397 1368 τῆς
1412 1334 1594 1369 εὐμεταδότου
1618 1336 1666 1363 καὶ
1689 1337 1854 1373 φιλοφρόνου

1060 1377 1212 1411 δεξιώσεως
1236 1379 1284 1406 καὶ
1299 1379 1511 1414 προεπιδόσεως.
1531 1381 1628 1416 Ἀπείη
1650 1381 1705 1416 γὰρ
1724 1384 1855 1418 περὶτῆς

1063 1425 1265 1460 μακαριότητός
1285 1433 1333 1451 σου
1352 1425 1387 1451 τὰ
1406 1425 1455 1460 τῆς
1470 1425 1596 1458 ἐναντίας
1614 1427 1723 1462 μερίδος
1737 1427 1794 1454 τῶν
1807 1436 1855 1454 κα-

1062 1470 1119 1498 κῶν
1141 1471 1279 1506 ποιμένων
1293 1471 1479 1506 διαγορεύεινῐ
1502 1469 1559 1500 οἷον
1577 1473 1632 1499 τῶν
1651 1473 1855 1510 αἰσχροκερδῶς

1062 1517 1262 1552 ποιμαινόντων
1280 1517 1311 1543 τὸ
1334 1518 1476 1552 ποίμνιονσ
1493 1518 1547 1544 τῶν
1570 1518 1611 1550 είς
1637 1519 1766 1555 ἀφορμὴν
1796 1519 1854 1554 βίου

1061 1562 1246 1598 λογιζομένων
1269 1563 1317 1598 τὴν
1346 1563 1474 1598 τοιαύτην
1500 1562 1589 1597 ἀξίαν,
1614 1565 1662 1591 καὶ
1685 1565 1726 1596 είς
1753 1566 1854 1600 σαρκὸς

1061 1609 1226 1642 ἀνάπαυσιν,
1243 1609 1290 1636 καὶ
1310 1609 1349 1640 είς
1362 1609 1509 1644 ἐπιθυμίας
1526 1609 1687 1643 ἀπόλαυσιν,
1711 1611 1752 1642 εἰς
1769 1611 1856 1637 κατὰ·

1063 1654 1156 1689 σχεσίν
1169 1663 1199 1680 τε
1214 1653 1330 1680 πλούτου
1345 1654 1393 1680 τοῦ
1410 1654 1527 1689 ῥέοντος,
1548 1655 1596 1681 καὶ
1613 1655 1655 1686 εἰς
1677 1655 1777 1690 κτῆσιν
1790 1655 1855 1682 πλέ-

1062 1701 1135 1736 θρων
1149 1700 1200 1735 γῆς
1213 1701 1299 1727 τόσων
1323 1700 1370 1727 καὶ
1387 1701 1485 1733 τόσων,
1502 1701 1604 1735 ἀγέλης
1625 1709 1656 1727 τε
1677 1701 1856 1736 ἀνδραπόδων

1061 1747 1109 1773 καὶ
1125 1747 1308 1782 βοσκημάτων
1329 1746 1460 1782 πληθύος.
1477 1747 1533 1774 Καὶ
1549 1747 1593 1773 διὰ
1617 1747 1697 1774 τοῦτο
1717 1747 1856 1783 ἀνθρωπί-

1062 1802 1115 1825 νως
1137 1793 1184 1820 καὶ
1200 1793 1230 1819 οὺ
1251 1792 1349 1824 θεῖκῶς
1365 1792 1562 1828 ἐπι-πηδώντων
1577 1793 1615 1827 τῷ
1634 1792 1697 1827 ὕψει
1716 1793 1767 1828 τῆς
1789 1802 1856 1829 προ-

1063 1838 1187 1869 στασίας,
1206 1837 1245 1869 εἰς
1267 1837 1299 1863 τὺ
1326 1837 1415 1873 αἴρειν
1434 1837 1484 1872 τὴν
1513 1837 1599 1873 ὀφρὺν
1619 1838 1690 1864 κατὰ
1711 1838 1766 1864 τῶν
1788 1839 1856 1865 ὐπο-

1062 1882 1223 1918 δεεστέρων,
1249 1883 1297 1909 καὶ
1317 1882 1536 1918 προκαθέξεσθαι
1556 1883 1680 1918 σοϐαρῶς
1705 1884 1776 1910 κατὰ
1799 1883 1856 1910 τῶν

1062 1928 1232 1963 ὑπερτίμων.
1255 1928 1310 1955 Καὶ
1330 1928 1366 1954 ἐῶ
1382 1928 1472 1962 λέγειν
1490 1929 1554 1963 περὶ
1572 1928 1627 1954 τῶν
1642 1927 1854 1964 διαμαχομένων

1064 1974 1108 2001 ῐσα
1123 1974 1237 2001 καὶτῶν
1254 1974 1401 2001 δικανικῶν
1417 1974 1487 2009 ὑπὲρ
1500 1975 1555 2000 τῶν
1569 1974 1766 2010 ἀπολλυμένων
1782 1983 1854 2010 πρα-

1062 2020 1186 2054 γμάτων,
1198 2019 1245 2046 καὶ
1258 2019 1308 2046 οὐκ
1323 2019 1532 2054 ἀνθισταμένων
1549 2018 1620 2053 ὑπὲρ
1634 2018 1690 2044 τῶν
1706 2018 1757 2054 τῆς
1773 2019 1853 2045 εὐσε-

1062 2065 1139 2097 ϐείας
1163 2064 1326 2100 δογμάτων·
1339 2065 1368 2100 ἢ,
1392 2064 1423 2091 τδ
1442 2064 1510 2090 πολὺ
1530 2065 1622 2100 χεῖρον
1641 2063 1766 2096 τούτων,
1789 2065 1853 2100 περὶ

1061 2111 1116 2138 τῶν
1130 2110 1317 2138 ὑποσπώντων
1328 2110 1376 2137 καὶ
1392 2109 1608 2141 ὑπωπιαζόντων
1624 2109 1658 2136 τὰ
1672 2109 1727 2136 τῶν
1740 2111 1852 2145 ὑποχει-

1063 2157 1139 2191 ρίων,
1147 2156 1201 2183 κάκ
1211 2156 1306 2182 τούτου
1319 2155 1548 2191 συναθροιζόντων
1559 2155 1673 2190 δύναμιν
1683 2156 1732 2182 καὶ
1744 2164 1852 2192 περιου-

1063 2201 1188 2236 σιασμόν.
1207 2198 1255 2232 Οἷς
1269 2202 1323 2236 γὰρ
1342 2201 1442 2235 μᾶλλον
1471 2201 1525 2227 ἔδει
1554 2201 1634 2236 χεῖρα
1650 2201 1759 2236 ὀρέγειν
1776 2211 1853 2228 πενο-

1064 2247 1166 2282 μένοις,
1182 2247 1293 2279 τούτους
1309 2246 1382 2273 κατὰ
1394 2246 1491 2282 μικρὸν
1505 2246 1641 2273 ἐκθλίσειν
1653 2247 1684 2273 οὗ
1699 2249 1854 2282 παραιτού-

1065 2301 1151 2328 μενοι,
1164 2292 1217 2319 τίνι
1228 2292 1463 2327 ὁμοιωθήσονται;
1487 2291 1583 2327 Πέτρῳ
1599 2291 1647 2318 καὶ
1668 2292 1781 2328 Ἰωάννῃ
1800 2291 1856 2328 ἆρα

221 2344 264 2366 est
279 2339 367 2366 solum
381 2358 389 2372 ,
410 2343 442 2365 ut
458 2338 524 2373 ipsis
539 2338 609 2365 bene
630 2338 683 2370 sit,
709 2342 851 2373 spectant;
873 2338 919 2372 qui
936 2338 1011 2365 carni

1065 2339 1112 2366 καὶ
1131 2340 1189 2370 τοῖς
1208 2338 1319 2370 ὀπαδοῖς
1337 2337 1442 2364 αὐτῶν·
1459 2335 1511 2369 οἷς,
1536 2337 1630 2372 φησὶν,
1652 2338 1788 2373 ἀργύριον
1809 2341 1858 2366 καὶ

222 2385 368 2418 serviunt,
384 2388 412 2412 et
424 2385 451 2411 in
466 2392 534 2412 auro
549 2384 667 2411 deﬁxum
688 2391 736 2411 cor
752 2383 876 2410 habent:
896 2384 942 2418 qui
959 2383 1013 2410 for-

223 2437 295 2459 tasse
308 2435 336 2458 et
350 2431 402 2466 ipSI.
418 2430 588 2463 fenerantur,
605 2434 632 2457 et
650 2429 684 2457 ad
703 2437 814 2466 usuram
828 2428 896 2456 dant
909 2436 1013 2464 paupe-

222 2479 299 2506 ribus
312 2498 319 2511 ,
331 2479 378 2513 qui
396 2478 467 2505 bona
487 2478 522 2505 ad
549 2478 674 2513 proprias
693 2477 857 2513 cupiditates
874 2477 1012 2508 retinent,

222 2529 304 2559 atque
326 2523 446 2559 indignis
467 2531 501 2551 ex
529 2523 627 2550 vitioso
645 2522 762 2555 etIectu,
786 2523 831 2550 vel
853 2521 1014 2557 propinquis

223 2571 281 2598 suis
297 2575 422 2606 erogant.
439 2569 560 2603 Quorum
576 2576 641 2596 cura
655 2569 744 2596 omnis
764 2569 792 2595 in
808 2576 842 2596 eo
858 2568 950 2596 forsan
971 2573 1013 2595 est

223 2617 321 2653 posita,
334 2622 364 2644 ut
378 2617 461 2644 multa
477 2621 569 2643 serant
582 2619 751 2649 metantque,
763 2620 793 2642 ut
807 2614 924 2649 plurima
934 2614 1013 2650 plan-

224 2667 283 2690 tent
296 2667 324 2689 et
339 2663 477 2698 colligant,
489 2666 519 2688 ut
531 2665 650 2696 augeant
666 2666 695 2687 et
705 2659 874 2694 ampliﬁcent
888 2663 1012 2686 armenta

225 2713 306 2744 atque
322 2715 433 2744 greges:
451 2712 580 2742 tanquam
596 2705 721 2742 agricola:
740 2705 852 2740 quidam
863 2725 870 2738 ,
890 2709 1013 2740 tempora

224 2755 411 2788 observantes,
429 2759 456 2781 et
467 2754 573 2780 lucrum
591 2759 623 2779 ex
634 2752 705 2788 vulgi
720 2751 833 2786 penuria
850 2755 1009 2786 captantes,

261 2842 284 2858 ⁸⁸
300 2842 387 2869 Ezech
416 2850 496 2869 xxxiv
511 2863 517 2874 ,
536 2841 562 2868 4.

1063 2385 1175 2420 χρυσίον
1197 2385 1247 2419 οὐχ
1271 2384 1405 2419 ὑπῆρχεν,
1430 2383 1488 2409 ἀλλ’
1506 2384 1523 2418 ὴ
1538 2383 1584 2409 τοῦ
1604 2383 1678 2410 θείου
1693 2384 1858 2419 Πνεύματος

1065 2431 1164 2465 χάρις;
1181 2430 1198 2464 ἧ
1217 2429 1319 2464 Σίμωνι
1341 2429 1381 2464 τῷ
1398 2429 1485 2464 Μάγῳ
1505 2429 1552 2456 καὶ
1570 2429 1656 2464 Ἰούδᾳ
1669 2429 1707 2464 τῷ
1727 2430 1856 2466 προδότῃ,

1063 2475 1112 2503 καὶ
1129 2475 1210 2511 Γιεξῇ
1225 2475 1264 2510 τῷ
1277 2475 1452 2510 φιλαργύρῳ,
1467 2475 1514 2501 καὶ
1530 2475 1587 2505 τοῖς
1598 2474 1703 2506 λοιποῖς
1717 2475 1858 2507 πλουσίοις

1063 2521 1110 2547 τοῦ
1124 2520 1223 2552 αἰῶνος
1235 2520 1332 2547 τούτου
1344 2529 1351 2553 ;
1375 2519 1503 2546 Ἐκείνων
1517 2519 1546 2546 δέ
1558 2519 1640 2553 λέγω,
1656 2519 1711 2546 τῶν
1722 2520 1754 2546 τὸ
1770 2521 1859 2554 παρὸν

1068 2566 1148 2602 μόνον
1161 2566 1234 2597 ὅπως
1251 2565 1344 2596 αὐτοῖς
1368 2563 1398 2591 εὖ
1424 2565 1480 2598 ἕξει
1497 2564 1682 2596 σκοπούντων,
1698 2566 1746 2592 καὶ
1768 2566 1859 2601 σάρκα

1066 2611 1285 2648 θεραπευόντων,
1298 2611 1346 2637 καὶ
1357 2610 1395 2646 τῷ
1410 2610 1503 2645 χρυσῷ
1517 2611 1550 2646 τῇ
1563 2610 1662 2646 καρδίᾳ
1674 2610 1859 2646 προστιθεμέ-

1066 2667 1129 2689 νων,
1145 2657 1192 2684 καὶ
1207 2657 1311 2683 τούτων
1328 2656 1394 2687 ἴσως
1406 2656 1580 2688 τοκιζόντων,
1594 2656 1610 2692 ἢ
1627 2656 1674 2682 ἐπὶ
1692 2656 1860 2692 πλεονασμῷ

1065 2702 1264 2736 διανειμάντων
1278 2703 1335 2733 τοῖς
1351 2701 1465 2734 ἐνδεέσι,
1479 2702 1528 2728 καὶ
1541 2701 1610 2737 πρὸς
1622 2701 1657 2728 τά
1672 2703 1764 2728 οἰκεῖα
1779 2702 1859 2737 θελή-

1068 2758 1142 2785 ματα
1172 2747 1433 2785 κατακρατούντων,
1460 2748 1508 2775 καὶ
1535 2747 1702 2784 προσπαθῶς
1724 2749 1782 2780 τοῖς
1810 2748 1860 2775 οὐκ
