1924 3077
73 137 126 168 949

689 140 959 170 EPISTOLARUM
974 140 1047 170 LIB.
1067 139 1092 170 I.

1654 141 1705 172 9&0

71 194 170 227 ἀξίοις,
186 193 202 229 ἢ
218 194 275 225 τοῖς
287 194 484 229 ἁγχιστεύουσι
498 194 658 230 χρωμένων.
675 196 780 227 οἵτινες
807 196 867 231 δλην

922 201 952 224 ut
975 197 1034 223 haec
1054 200 1082 223 et
1107 194 1152 222 illa
1172 194 1292 222 vendant
1310 195 1352 222 vel
1373 200 1483 228 emam,
1507 195 1707 230 negotiatorum

72 239 203 276 φροντίδα
215 239 366 275 κέκτηνται
385 240 456 274 τάχα
472 241 521 267 ἐπὶ
533 240 582 267 τοῦ
598 242 707 276 σπεῖραι
720 241 805 268 πολλά
819 243 866 269 καὶ

73 286 247 321 ἀμήσασθαι,
260 287 307 313 καὶ
320 286 367 313 ἐπὶ
380 285 427 313 τοῦ
445 286 579 320 φυτεῦσαι
593 286 714 313 τοσαῦτα
731 287 779 313 καὶ
795 295 865 324 καρ-

72 331 228 363 πώσασθαι,
245 332 293 359 καὶ
318 333 365 358 ἐπὶ
391 332 438 359 τοῦ
470 333 631 367 προσθεῖναι
657 334 705 360 καὶ
730 333 866 368 πληθῦναι

73 377 203 413 βουκόλια
215 377 232 413 ἢ
248 377 363 413 ποίμνια
374 385 381 392 ’
395 377 491 413 ὥσπερ
503 377 577 409 τινὲς
590 378 711 413 γεωργοὶ
721 386 867 414 καιροσκο-

73 424 189 456 ποῦντες
202 424 249 450 καὶ
261 424 592 458 καταπραγματευόμενοι
607 424 658 455 τὰς
677 423 782 454 ἐνδείας
795 423 866 459 πρὸς

71 472 103 498 τὸ
115 470 217 497 πωλεῖν
230 471 277 497 καὶ
290 470 436 505 ἀγοράζειν
448 469 536 497 ταῦτα
551 468 598 497 καῖ
610 471 717 503 ἐκεῖνα,
735 478 867 505 πραγμα-

72 517 207 548 τευτικῶς
227 516 274 543 καὶ
294 516 452 550 ὲμπορικῶς
468 517 552 543 οἱονεὶ
570 517 786 552 πολιτευόμενοι,
806 516 865 544 ἀλλ’

72 564 124 590 οὐκ
141 563 328 594 ὲπισκοπικῶς
343 563 391 589 καὶ
409 555 566 598 ίερατίκῶς·
578 563 647 599 πρὸς
658 563 689 590 τὺ
703 564 785 599 μόνον
799 572 866 590 πτε-

75 609 163 645 ρῶσαι
180 608 269 644 ψυχὴν
287 609 334 635 καὶ
353 608 475 644 ἁρπάσαι
497 609 602 644 κόσμου
619 611 667 636 καὶ
686 609 778 636 δοῦναι
793 609 864 645 Θεῷ,

74 658 123 684 καὶ⁵
137 656 197 684 ὅλον
215 656 245 682 τὺ
259 655 385 691 ποίμνιον
397 655 581 683 διασώσασθαι
596 657 628 683 ὲκ
642 656 758 684 θανάτου
773 657 864 692 ἁμαρ-

73 704 151 735 τίας,
168 702 217 729 καὶ
233 701 321 733 οὕτως
335 701 406 729 κατὰ
420 701 546 736 δεύτερον
563 701 643 736 λόγον
659 702 754 729 καὶτὰ
769 703 866 737 ἐπιτή-

73 748 133 774 δεια
150 747 200 782 τῆς
220 745 362 782 παρούσης
381 746 453 781 ζωῆς
471 745 505 772 δι⁹
519 746 668 780 οίκονόμων
691 746 739 772 καὶ
755 746 865 780 ἐπιτρό-

74 801 136 820 πων
158 791 330 827 πορίζεσθαι.
352 791 423 817 Ἀλλ’
440 791 502 817 οὐαί
523 799 578 826 μοι,
594 791 635 818 ὅτι
652 791 763 826 ἐμαυτῷ
777 790 866 818 ταῦτα

75 837 219 869 κατέλεξα,
239 838 271 863 ὲκ
289 836 345 863 τῶν
366 836 475 863 οἰκείων
493 836 589 863 παθῶν
610 836 644 863 τὰ
661 837 711 863 οὐκ
726 837 790 864 ὅντα
808 838 865 869 τοῖς

74 885 165 915 ἄλλοις
178 883 407 919 διαγραφόμενος.
424 883 461 908 Σὺ
474 882 513 914 δὲ,
527 879 550 909 ὦ
563 883 752 918 πανσεῦάσμιε
764 884 866 919 Πάτερ,

75 929 198 964 καθαρὸς
220 928 259 954 ὢν
284 928 339 955 ἀπὸ
359 928 415 954 τῶν
428 929 569 961 τοιούτων,
588 929 649 960 ¹ταῖς
666 930 753 964 ίεραϊς
775 929 869 964 εὐχαῖς

74 977 139 1007 τοὺς
156 976 269 1010 νοητοὺς
279 974 379 1006 λύκους
391 975 557 1009 ἁποσοϐοίης
572 976 604 1001 ὲκ
616 975 667 1010 τῆς
677 976 870 1011 Χριστοσφρα-

75 1021 172 1054 γίστου
185 1018 325 1050 ὲπαύλεὼς
341 1028 399 1046 σου.
410 1019 448 1046 Εὖ
459 1017 506 1046 οἷδ’
519 1020 561 1046 ὅτι
574 1020 620 1046 καὶ
636 1020 711 1046 ταῦτ’
723 1020 810 1054 ἄγοις,
825 1021 872 1046 καὶ

75 1067 211 1100 διεξάγοις
234 1066 274 1096 εἰς
294 1065 328 1092 τὰ
342 1065 431 1101 χωρία
447 1065 502 1092 τῶν
516 1065 634 1100 ἀρετῶν,
662 1065 804 1101 ἐκτρέφων
821 1065 870 1092 καὶ

75 1112 207 1139 λιπαίνων
221 1113 255 1146 τῇ
269 1111 323 1146 πόα
340 1110 390 1145 τῆς
403 1110 540 1146 ἐμμελοῦς
557 1118 605 1136 σου
619 1110 805 1142 διδασκαλίας,
821 1109 870 1136 καὶ¹

75 1158 115 1193 τῷ
130 1158 207 1184 ὕδατι
230 1158 281 1192 τῆς
304 1156 427 1192 καθαρᾶς
445 1156 565 1187 πίστεώς
584 1164 631 1182 σου
642 1163 649 1170 '
678 1155 724 1183 καὶ
739 1156 870 1182 ἑκάστοτε

75 1204 229 1238 προσάγοις
246 1203 354 1237 θύματα
368 1202 453 1229 δεκτὰ
465 1202 527 1233 ταῖς
543 1202 667 1234 λογικαῐς
679 1210 725 1228 σου
738 1202 784 1228 καὶ
796 1202 870 1235 ἡγνι-

77 1250 193 1284 σμέναις
212 1249 250 1284 τῷ
272 1247 333 1282 Θεῷ
358 1247 513 1283 λατρείαις·
541 1246 609 1274 ἀλλὰ
634 1248 694 1278 ταῖς
715 1246 868 1281 ἱκετηρίαις

916 242 1006 276 potius
1022 245 1259 275 mercatorumque
1275 241 1329 268 ritu
1344 241 1480 273 viventes,
1496 248 1578 276 quam
1590 245 1631 274 ut,
1649 243 1708 276 epl-

916 295 1060 323 scoparum
1076 291 1104 314 et
1117 287 1289 315 sacerdotum
1306 295 1392 319 more,
1408 288 1513 314 animas
1531 292 1638 315 tantum
1656 296 1707 315 ex-

916 334 1019 366 citent,
1034 334 1191 368 mundoque
1209 338 1318 368 ereptas
1340 333 1456 360 reddant
1476 334 1549 367 Deo,
1571 338 1599 361 et
1620 339 1708 361 totum

917 387 1028 416 gregem
1050 388 1065 407 a
1088 380 1192 414 peccati
1215 384 1304 407 morte
1323 379 1486 407 vindicent:
1506 383 1564 406 tum
1587 379 1709 407 secundo

916 425 1014 453 deinde
1024 425 1086 452 loco
1104 425 1256 453 necessaria
1269 425 1331 452 vitae
1345 425 1428 460 hujus
1442 425 1563 452 subsidia
1579 432 1628 460 per
1639 432 1710 452 (eco-

916 477 1012 497 nomos
1020 474 1264 505 procuratoresque
1276 470 1458 504 suppeditent.
1470 469 1523 496 Sed
1533 469 1585 496 heu
1595 470 1652 496 mel
1663 468 1709 504 qui

916 516 984 543 mihi
997 516 1048 551 ipsi
1059 516 1117 543 haec
1128 522 1220 547 narro,
1229 523 1262 542 ex
1276 515 1396 550 propriis
1410 515 1483 542 vitiis
1494 523 1525 542 ea
1533 523 1594 550 quae
1609 515 1636 542 in
1650 515 1710 542 aliis

916 569 970 589 non
991 564 1055 588 sunt
1071 561 1237 588 describens.
1251 560 1293 587 Tu
1312 568 1386 593 vero,
1404 559 1595 588 colendissime
1614 559 1708 592 Pater,

915 615 978 635 cum
993 607 1121 634 omnibus
1137 606 1181 634 his
1194 614 1297 639 careas,
1312 607 1397 634 sacris
1411 606 1537 641 precibus
1555 606 1710 641 spirituales

916 653 994 688 lupos
1007 660 1021 680 a
1037 653 1122 688 septis
1140 652 1194 680 tuis
1207 652 1308 680 Christi
1323 653 1424 679 annulo
1437 653 1586 689 obsignatis
1595 653 1708 688 expelle.

918 699 952 727 Et
972 699 1083 734 quidem
1110 699 1162 726 hoc
1180 698 1254 733 agis,
1281 706 1333 726 nec
1351 706 1395 726 me
1411 699 1496 732 latet,
1520 699 1666 733 educisque
1681 699 1710 726 in

917 751 1028 779 campos
1039 744 1181 776 virtutum,
1197 751 1312 778 pascens
1327 749 1355 771 et
1367 744 1540 780 impiuguans
1551 745 1636 772 herba
1649 753 1710 777 sua-

916 791 958 818 vis
992 791 1124 818 doctrinae
1154 795 1227 822 tuae,
1248 795 1275 817 et
1307 798 1375 825 aqua
1401 791 1516 818 sincerae
1544 791 1605 819 ﬁdei
1626 795 1678 818 tua:
1702 800 1708 817 :

916 836 1081 871 assidueque
1092 835 1175 864 oﬂ'crs
1188 836 1370 871 acceptabiles
1383 837 1495 870 hostias,
1509 845 1558 872 per
1567 837 1711 864 rationales

920 886 949 908 et
963 884 1137 908 consecratos
1149 879 1205 907 Deo
1221 879 1320 907 cultus.
1336 881 1407 913 Quin
1423 881 1628 916 precationibus
1643 889 1712 915 pra:-

923 929 1037 952 vertens
1048 944 1057 957 ,
1079 932 1161 959 pasce
1176 932 1220 951 me
1237 932 1344 959 quoque
1360 925 1433 953 vitiis
1451 926 1624 960 peccatisque
1637 926 1712 952 obsi-

924 975 982 998 tum
995 991 1003 1003 ,
1024 977 1072 997 oro
1087 973 1115 997 et
1133 970 1274 1002 obtestor;
1301 976 1329 998 et
1349 971 1467 1006 ignosce,
1480 971 1501 999 si
1518 972 1565 999 tibi
1578 972 1661 999 risum
1677 980 1709 999 ex

924 1017 1058 1052 imperitia
1071 1024 1131 1043 mea
1145 1017 1227 1043 movi.
1243 1017 1303 1044 Non
1318 1017 1391 1044 enim
1404 1025 1465 1044 mea
1486 1023 1594 1053 sponte,
1607 1019 1654 1046 sed
1666 1027 1712 1047 co-

925 1068 1002 1090 actus
1014 1070 1090 1090 sacra
1102 1067 1129 1089 et
1137 1063 1270 1097 spirituali
1279 1063 1411 1090 charilate
1421 1063 1521 1097 tua,vel
1527 1064 1617 1098 potius
1625 1064 1711 1099 impe-

919 1109 972 1140 rio,
986 1109 1040 1135 huc
1056 1108 1196 1142 descendi,
1207 1115 1262 1135 non
1278 1109 1311 1136 ad
1326 1108 1551 1136 utilitatemtuam
1563 1110 1711 1144 quidquam

918 1153 1017 1181 eﬂ‘atus
1029 1173 1036 1185 ,
1054 1153 1102 1180 sed
1115 1152 1149 1179 ad
1166 1152 1305 1187 specimen
1315 1173 1323 1185 ,
1336 1157 1366 1180 ut
1377 1153 1431 1181 dixi
1443 1175 1451 1188 ,
1464 1154 1578 1182 sincerae
1597 1161 1660 1189 erga
1684 1158 1712 1181 te

918 1198 1093 1226 ohedientize.
1111 1196 1178 1224 Vale
1196 1197 1224 1224 in
1241 1197 1356 1226 Domino
1380 1206 1431 1233 pro
1453 1199 1533 1227 nobis
1550 1207 1632 1227 orans
1644 1219 1652 1231 ,
1663 1200 1711 1234 qui

919 1244 967 1272 soli
981 1247 1137 1278 peccatores
1147 1250 1253 1275 sumus,
1262 1242 1343 1271 Pater
1353 1244 1380 1271 in
1394 1245 1710 1273 omnibussanctissime.

76 1294 253 1331 προφθάνων,
269 1292 425 1327 ποιμαίνοις
443 1292 516 1328 κάμὲ
533 1293 579 1319 τὺν
597 1292 821 1327 τληπαθέστατον
845 1291 893 1318 καὶ
913 1289 1152 1324 πολυαμάρτητον,
1166 1287 1262 1323 δέομαι
1279 1289 1328 1316 καὶ
1351 1290 1494 1323 ἀντιϐολῶ,
1513 1290 1560 1317 καὶ
1574 1290 1712 1325 σύγγνωθι

78 1345 104 1371 εί
122 1352 149 1370 τι
174 1341 289 1376 ὢφλησα
314 1341 422 1375 γέλωτά.
450 1348 491 1367 σοι
519 1339 639 1375 ἀμαθίας
666 1348 729 1374 μου.
751 1338 825 1374 Πλὴν
846 1338 886 1364 ὅτι
914 1337 965 1372 οὐχ
985 1336 1068 1368 ἑκὼν,
1093 1335 1150 1362 ἀλλ’
1165 1335 1321 1368 ἐκϐιασθεὶς
1346 1337 1400 1364 ὑπὸ
1418 1337 1468 1373 τῆς
1495 1338 1570 1372 ίερᾶς
1591 1346 1639 1365 σου
1664 1340 1712 1365 καὶ

77 1388 270 1424 πνευματικῆς
297 1387 428 1421 ἀγάπης,
464 1386 564 1421 μᾶλλον
589 1386 618 1412 δὲ
641 1385 804 1417 κελεύσεως,
828 1383 939 1418 καθῆκα
966 1382 1086 1418 ἐμαυτὸν
1111 1382 1153 1414 εἰς
1178 1381 1269 1408 τοῦτο.
1297 1383 1335 1409 Οὺ
1363 1383 1432 1419 πρὸς
1458 1383 1553 1419 ὄνησίν
1573 1384 1621 1411 σού
1650 1393 1712 1411 τινα

77 1435 267 1471 φθεγξάμενος
279 1441 286 1449 ·
304 1432 375 1461 ἀλλὰ
396 1432 465 1468 πρὸς
483 1430 608 1463 ἔνδειξιν,
629 1431 667 1462 ὼς
683 1431 803 1466 εἴρηται,
823 1428 947 1463 ὑπακοῆς
964 1427 1147 1463 ἀνυποκρίτου
1165 1434 1225 1453 σου.
1242 1426 1369 1463 Ἐρῤωσο
1386 1429 1414 1455 ὲν
1434 1429 1540 1464 Κυρίῳ,
1562 1429 1713 1464 ὑπερευχό·

77 1491 160 1518 μενος
196 1481 274 1516 ήμῶν
300 1481 355 1507 τῶν
387 1480 476 1515 μόνων
502 1477 684 1514 ἁμαρτωλῶν,
710 1478 745 1505 τὰ
759 1477 848 1505 πάντα
867 1474 1000 1503 ὁσιώτατε
1018 1474 1121 1511 Πάτερ.

200 1560 251 1588 ω.
266 1575 301 1580 -
315 1558 401 1594 Θωμᾷ
412 1558 568 1590 δισυπάτφ
584 1557 651 1594 (l5).
678 1556 759 1594 [κζ’.]

113 1628 182 1656 Ποία
196 1627 359 1663 πρόσρησις,
375 1626 392 1662 ἢ
413 1626 455 1658 τίς
474 1626 554 1660 λόγος
569 1625 769 1660 παρακλήσεως
789 1623 868 1659 εὑρε⁴

77 1675 137 1709 θείη
154 1673 223 1709 πρὸς
238 1672 317 1708 ἡμῶν
333 1671 387 1698 τῶν
403 1671 540 1698 ταπεινῶν
552 1672 585 1706 τῇ
598 1672 630 1706 σῇ
647 1670 787 1704 κυριότητι
802 1669 869 1704 πρὸς

77 1720 112 1746 τὰ
127 1719 223 1745 ἐνόντα
241 1719 311 1753 αὐτῇ
324 1717 446 1752 λυπηρὰ,
461 1714 484 1743 ὣ
499 1716 634 1748 δέσποτας
653 1710 803 1750 Ἐξενώθης
819 1714 868 1749 τῆς

77 1764 265 1799 ἐνεγκαμένης
282 1772 311 1789 σε
326 1764 373 1790 καὶ
385 1762 526 1797 θρεψάσης
541 1761 646 1793 πόλεως
656 1769 663 1776 ’
679 1759 870 1795 ἀπεστερήθης

78 1812 128 1846 τῆς
153 1810 286 1845 μεγίστης
311 1809 421 1840 ἑστίας·
443 1807 645 1842 ὰπεγυμνώθης
665 1807 716 1842 τῆς
739 1806 870 1840 λαμπρᾶς

77 1858 167 1889 ἀξίας,
187 1855 334 1892 προσθήσω
342 1855 381 1887 δὲ,
397 1854 444 1880 καὶ
458 1855 508 1888 τῆς
528 1852 672 1887 ὑπάρξεως
683 1860 690 1867 ·
707 1851 870 1885 ἀποδιέστης

77 1904 132 1930 τῶν
148 1903 243 1937 φίλων,
257 1902 312 1928 τῶν
326 1900 459 1936 συνήθων,
477 1899 531 1926 τῶν
543 1899 679 1934 φιλτάτων
693 1907 740 1924 σου
753 1897 868 1924 τέκνων·

78 1950 130 1975 ὑπε
137 1947 273 1984 ρωρίσθης
287 1944 338 1973 ὧδε
352 1946 464 1973 κάκεῖσε
476 1953 482 1960 ·
505 1945 540 1971 τὰ
552 1945 579 1971 δὲ
592 1945 640 1979 τῆς
654 1943 801 1979 ὑπερορίας
818 1943 868 1969 ὅσα

77 1995 118 2025 είς
140 1993 327 2020 κακοπάθειαν
341 1992 380 2027 τῷ
396 1991 474 2026 ἀήθει
489 1999 536 2017 σου
555 1990 672 2025 σώματι,
693 1989 781 2015 ἔνδεια
799 1988 868 2023 βρω-

78 2041 185 2075 μάτων,
198 2040 339 2074 πομάτων,
354 2038 486 2073 λούτρων,
505 2028 608 2071 ἐρημία
630 2034 806 2070 ὁμιλούντων,
822 2033 868 2059 εὖ-

77 2087 163 2120 πορία
174 2083 475 2121 προσεπεμὸαινόντων,
493 2081 752 2118 προσπλησσὸντων.
768 2080 799 2106 Οί
815 2080 869 2115 γάρ

76 2140 145 2159 ποτε
167 2131 338 2165 εὐγνώμονες
356 2130 403 2156 νῦν
419 2129 484 2160 ἴσως
505 2127 673 2162 ἀγνώμονες,
691 2126 737 2152 καὶ
755 2126 780 2152 οἱ
795 2125 868 2160 φίλοι

77 2179 126 2205 καὶ
140 2177 276 2211 γνώριμοι
291 2175 486 2209 τετράφθωσαν
499 2173 534 2200 τὰ
548 2173 694 2208 πρόσωπα,
715 2173 732 2207 ἦ
752 2171 868 2206 ἐγγύθεν

1098 1555 1158 1583 Xll.
1172 1555 1274 1583 Tliomte
1288 1555 1326 1582 bis
1339 1555 1439 1582 consuli
1453 1555 1534 1591 (15“).

955 1622 1049 1655 Qualis
1064 1623 1255 1657 compellatio,
1277 1627 1324 1650 aut
1346 1622 1500 1657 cuiusmodi
1515 1621 1713 1650 consolationis

922 1675 974 1695 vox
996 1667 1061 1699 tibi,
1093 1667 1220 1700 domine,
1249 1668 1283 1695 ab
1312 1668 1461 1695 humilibus
1489 1667 1569 1695 nobis
1594 1667 1712 1695 inveniri

921 1716 1012 1747 queat,
1025 1712 1059 1740 ad
1072 1712 1161 1739 tristia
1175 1712 1233 1740 haec
1249 1713 1320 1739 mala
1331 1720 1391 1748 quae
1404 1711 1538 1740 sustines?
1553 1713 1671 1740 Exactus
1682 1720 1712 1740 es

921 1766 935 1785 a
952 1758 1062 1785 civitate
1083 1766 1145 1793 qum
1160 1762 1187 1785 te
1210 1759 1304 1794 genuit
1321 1763 1349 1786 et
1376 1759 1521 1791 educavit;
1543 1759 1666 1794 privatus
1681 1766 1712 1786 es

921 1804 1088 1839 amplissima
1107 1804 1207 1837 domo;
1230 1804 1363 1839 spoliatus
1382 1812 1411 1832 es
1437 1805 1535 1832 illustri
1559 1805 1710 1840 dignitate,

920 1850 1018 1877 addam
1035 1850 1118 1877 etiam
1129 1871 1136 1883 ,
1150 1850 1288 1885 opulentia
1302 1859 1310 1884 ;
1328 1855 1485 1886 segregatus
1499 1858 1529 1878 es
1547 1851 1582 1878 ab
1597 1851 1709 1884 amicis,

919 1904 934 1923 a
950 1896 1139 1929 familiaribus,
1151 1904 1166 1924 a
1181 1896 1349 1924 charissimis
1374 1897 1469 1924 liberis
1489 1897 1554 1928 tuis,
1569 1897 1646 1925 exsul
1658 1897 1711 1924 huc

919 1943 982 1970 illuc
998 1943 1103 1970 delatus
1116 1951 1163 1971 es:
1178 1943 1205 1970 in
1217 1943 1312 1971 exsilio
1324 1947 1416 1971 autem
1429 1943 1497 1970 nihil
1509 1951 1564 1971 non
1579 1943 1612 1970 ad
1626 1951 1708 1970 vexa-

921 1990 1024 2017 tionem
1044 1994 1231 2024 comparatum
1251 1989 1358 2024 corpori
1384 1994 1432 2017 tuo
1451 1990 1565 2016 minime
1582 1993 1709 2022 assueto,

919 2035 1034 2070 penuria
1050 2035 1118 2067 cibi,
1134 2040 1225 2069 potus.
1240 2035 1415 2067 balneorum,
1430 2035 1549 2062 solitudo
1565 2035 1709 2069 sodalium,

919 2079 1071 2114 frequentia
1088 2079 1269 2112 irruentium,
1287 2080 1488 2107 insultantium.
1505 2080 1556 2113 Qui
1572 2081 1645 2107 enim
1667 2080 1712 2107 be-

919 2125 1009 2153 nevoli
1026 2125 1091 2152 olim
1106 2130 1195 2157 erant,
1212 2133 1286 2152 nunc
1302 2124 1372 2153 forte
1389 2125 1502 2158 infesti;
1521 2131 1549 2153 et
1568 2126 1614 2161 qui
1628 2125 1709 2153 amici

919 2171 1042 2206 notique,
1064 2176 1223 2198 averterunt
1251 2171 1333 2199 facies
1348 2179 1430 2204 suas,
1456 2176 1503 2199 aut
1530 2173 1642 2208 propius
1662 2176 1710 2199 aut

76 2225 93 2259 ἦ
110 2222 249 2258 μακρόθεν
268 2222 343 2254 ὄντες
359 2222 413 2248 ἀπὸ
425 2220 471 2246 τοῦ
488 2219 634 2255 γνωρίζειν
656 2219 702 2245 καὶ
717 2218 805 2253 φιλεῖν
819 2217 867 2244 καὶ

920 2216 1025 2251 longius
1038 2215 1131 2250 positi,
1146 2223 1181 2243 ne
1196 2220 1362 2251 agnoscant,
1380 2217 1422 2244 vel
1437 2221 1549 2250 ament,
1572 2222 1600 2244 et
1615 2225 1708 2244 curam

77 2268 219 2304 κήδεσθαι.

112 2324 227 2360 Φροντὶς
264 2323 310 2350 ἐπὶ
335 2322 442 2353 τούτοις
480 2321 536 2347 τῶν
564 2320 605 2347 ἔτι
633 2320 866 2355 ὲπιλελειμμένων

78 2369 226 2406 ὑπηρετῶν
237 2369 348 2401 δούλων,
365 2371 412 2394 καὶ
421 2368 474 2404 πρό
485 2375 516 2401 γε
532 2366 635 2392 τούτων
646 2366 701 2393 τῶν
714 2365 866 2392 καλλίστων

920 2266 1025 2297 gerant.

955 2320 996 2347 Ad
1014 2320 1072 2347 haec
1085 2320 1238 2348 sollicitudo
1252 2327 1348 2348 eorum
1363 2320 1409 2355 qui
1425 2321 1515 2348 adhuc
1529 2325 1642 2352 restant,
1668 2320 1708 2348 fa-

919 2366 1067 2398 mulorum,
1082 2373 1240 2396 servorum.
1257 2370 1302 2400 et,
1330 2371 1395 2394 ante
1411 2374 1520 2400 omnes,
1537 2366 1708 2403 egregiorum

836 2462 954 2490 NOT/E.

97 2538 155 2573 (15)
163 2536 249 2570 Θωμᾷ
259 2535 611 2573 δισυπᾴτῳέιῖΙιςορίιιιηθξ
618 2535 651 2562 ad
661 2542 763 2573 annum
774 2533 866 2573 5Leo-

78 2570 569 2615 n{sAPorphergenn.lﬂéamﬁdopdidt
577 2570 776 2615 τῶννηστειῶν
782 2571 867 2615 ἐκτρα-

77 2608 148 2643 τήθη
161 2604 238 2634 Κέω-ν
254 2604 284 2632 τε
297 2607 343 2632 καὶ
483 2604 712 2643 κουὸικουλάριοι·
732 2605 779 2630 καὶ
793 2604 866 2631 οὗτοι

78 2639 128 2669 οὖν
142 2639 204 2668 ’καὶ
231 2642 335 2675 ἑτέροις
355 2639 499 2667 εὐλαϐέσιν
512 2640 652 2674 ἀνδράσιν,
746 2648 866 2674 προσκυ-

76 2678 189 2708 νοῦντες
209 2677 258 2706 τὰς
272 2674 354 2710 ἁγίας
366 2676 415 2702 καὶ
435 2675 539 2710 eam;
554 2675 675 2710 εἰκόνας·
691 2674 780 2710 Media
797 2675 867 2710 jejuf

76 2714 183 2739 uiarum
195 2711 356 2737 hebdomade
375 2710 425 2737 Leo
438 2716 461 2736 et
474 2709 587 2736 Thomas
609 2709 777 2741 cubicularii,
789 2709 866 2742 quasi

76 2752 185 2774 salicto:
198 2753 223 2772 et
238 2746 399 2772 veneranda:
415 2745 543 2779 imagines
555 2745 708 2775 coluissent,
725 2752 785 2770 cum
802 2745 865 2770 aliis

76 2782 216 2816 religiosis
226 2781 289 2807 viris
301 2780 478 2816 comprehensi
493 2783 562 2805 sunt.
579 2779 646 2806 ltem
661 2783 758 2816 auctor
776 2780 866 2816 inger:

76 2813 193 2851 tus,qui
204 2813 363 2850 'l'heophani
379 2815 544 2851 subjunctus
553 2818 595 2851 est
608 2823 614 2840 :
628 2822 691 2848 pag.
706 2814 758 2851 {40
771 2822 795 2840 c.
813 2813 866 2851 καί

75 2860 117 2883 τις
133 2849 234 2886 Θωμᾶς
247 2850 390 2886 πατρίκιος
413 2850 468 2876 ἀπὸ
483 2849 640 2876 δισυπὰτων
662 2849 820 2884 γενόμενος,
837 2849 866 2880 ὃς

919 2533 979 2572 τότε
992 2533 1042 2572 τῂν
1064 2533 1229 2572 Ἐκκλησίαν
1248 2534 1404 2572 παρέλαϐεν
1423 2535 1477 2562 ἀπὸ
1495 2536 1547 2572 ,τοῦ
1574 2536 1708 2572 βασιλέως

919 2567 1073 2606 ἀσφαλίσας
1088 2568 1143 2606 τας
1159 2567 1249 2606 πύλας
1260 2567 1386 2606 -τοῦΑπατ
1392 2571 1543 2606 ριαρχείου,
1557 2567 1708 2605 ἀπεδίωξεῦ

918 2602 1028 2635 αὐτοὺς,
1047 2602 1087 2640 ὡς
1097 2603 1179 2640 δῆθεν
1192 2603 1239 2630 τοῦ
1257 2602 1488 2640 βασιλέως’χώρ“ἰς
1496 2606 1583 2633 ταῦτα
1594 2602 1706 2634 ποιοῧν-

918 2646 979 2676 τας,
992 2643 1045 2666 etc.
1062 2638 1125 2676 om
1136 2638 1261 2676 AThomas'
1269 2639 1375 2676 quidam
1385 2638 1512 2676 patricius
1519 2641 1558 2668 bis
1570 2643 1705 2676 excomul,

918 2673 962 2706 qui
977 2677 1039 2698 tunc
1050 2674 1116 2699 velut
1133 2673 1299 2707 imperatoris
1307 2673 1389 2707 jussu
1408 2695 1415 2706 ,
1433 2674 1580 2702 Ecclesium
1609 2673 1702 2703 tutan;

918 2707 980 2733 dam
992 2713 1150 2741 susceperat,
1164 2709 1247 2742 portis
1263 2709 1420 2742 patriarchii
1434 2711 1546 2737 occlusis
1561 2718 1603 2738 eos
1619 2719 1706 2738 remo-

916 2743 952 2768 vit
964 2742 1032 2768 velut
1048 2743 1130 2779 inscio
1149 2744 1309 2777 imperatore
1321 2744 1472 2771 istiusmodi
1491 2745 1612 2779 facinora
1627 2747 1706 2773 moli-

917 2782 966 2838 ῧιε,
987 2781 1048 2818 etc...
1059 2777 1097 2804 De
1112 2780 1295 2812 appellatioue
1305 2779 1423 2814 disypali
1438 2777 1539 2809 vidcsis
1564 2780 1704 2810 Glossaria

941 2820 1060 2838 ιιοθηαιι.

941 2820 1060 2847 ucangu.

951 2847 1025 2883 (15“)
1044 2848 1242 2876 Cousolatoria.
