1924 3077
213 126 262 158 951

802 132 831 162 S.
849 131 1049 162 THEODORI
1071 132 1245 176 STUDI'I‘ZE

1788 129 1844 160 9:32

208 183 368 211 liberorum.
385 183 417 211 Et
429 184 543 213 facultas
558 193 615 214 nou
629 187 760 221 suppetit.
775 185 808 214 Et
823 191 956 221 praeterea
966 187 1000 214 ad

1055 187 1167 215 παίδων.
1184 188 1239 215 Καὶ
1268 188 1298 214 τὸ
1323 187 1455 215 δύνασθαι
1482 187 1512 214 οὑ
1541 187 1684 223 πρόσεστι.
1706 187 1765 214 Καὶ
1794 188 1844 214 tul.

208 229 302 257 urbem
319 229 457 263 consides,
473 231 562 258 sicut:
577 231 617 258 Ad
631 233 741 267 flumina
754 232 896 267 Babylonis
910 232 997 260 abdu-

206 281 267 304 ctus
279 277 416 312 quendam
431 277 457 304 in
475 278 598 313 Assyrios
617 278 697 305 Israel
709 299 716 311 ,
739 279 783 305 ubi
807 279 930 311 sedimus,
952 279 997 306 in-

207 323 314 357 quittut,
328 327 353 350 et
365 324 494 357 ﬂeuimus,
505 325 568 351 dum
582 327 781 351 recordaremur
790 323 853 352 Sion
863 324 933 352 '9'“.
942 324 996 352 Ge-

207 369 291 396 mitus
306 377 380 404 ergo,
395 373 421 396 et
434 369 572 402 mazroris,
591 374 619 396 et
629 370 809 406 lacrymarum
826 370 913 405 plena:
933 374 999 397 sunt

208 423 251 442 res
264 420 327 443 tum.
348 417 384 443 At
399 423 465 443 vero
483 424 544 443 cuin
560 416 682 443 scientia:
695 415 792 451 gratia,
804 419 832 442 et
846 415 999 449 prudentiae

208 462 281 489 dono
294 463 426 497 prmditus
452 462 499 495 sis,
517 461 727 496 haudquaquam
743 465 770 488 te
785 461 812 487 in
823 460 866 488 his
883 460 999 487 arbitror

208 509 318 543 penitus
339 507 485 535 concidere
500 517 506 534 :
523 508 624 542 quippe
644 507 690 542 qui
712 514 768 534 non
791 506 901 541 ignores
916 505 999 532 vitam

208 553 328 580 hominis
340 553 464 580 militiam
485 560 557 582 esse.
573 552 653 587 juxta
666 551 808 579 clarissimi
822 550 873 578 Job
888 554 1000 577 senten-

210 599 274 626 tiam
292 599 327 631 δ’,
353 599 400 633 qui
417 602 519 632 quanta
534 605 682 632 perpessus
704 601 759 630 snt,
793 596 1000 632 intelligentiam

210 648 284 670 tuam
296 651 350 670 non
364 643 450 674 fallit;
465 644 503 669 uti
515 650 566 669 nec
581 642 630 669 alia
645 642 733 669 omnis
745 641 906 669 instabilitas
920 641 1001 676 hujus

209 690 283 721 vitae.
302 689 382 716 aliter
394 694 476 722 atque
493 689 572 716 aliter
583 688 611 715 in
624 688 682 715 dics
697 687 782 715 ferme
798 695 893 715 omnes
907 687 1000 714 horas-

210 743 263 770 que
281 736 421 763 variantis.
445 735 542 762 Fluxui
559 735 631 762 enim
651 740 678 762 et
696 733 812 761 refluxui
831 733 928 760 similis
950 737 1002 765 est,

210 786 240 807 et
252 781 375 813 floribus,
387 786 415 807 et
427 780 552 813 somniis,
570 780 686 815 aliisque
700 779 726 806 id
743 787 841 815 genus,
859 783 890 806 ut
905 778 1004 806 divina:

210 826 322 854 Patrum
337 834 418 854 voces
437 826 616 854 atlirmarunt.
632 825 750 861 Reputet
767 825 840 852 enim
855 825 1003 852 rationem-

1046 233 1152 265 τούτοις
1168 233 1271 269 καθέζῃ
1288 233 1343 269 πρὸ
1370 233 1418 260 τοῦ
1433 233 1530 265 ἄστεος
1540 253 1548 265 ,
1564 230 1620 260 οἷον
1640 233 1690 260 ἐπὶ
1701 232 1764 260 τῶν
1783 241 1826 260 πο

1047 277 1146 313 ταμὼν
1172 277 1349 312 Βαϐυλῶνός
1378 287 1444 305 ποτε
1473 279 1649 314 ἀπαγόμενος
1674 280 1716 311 εἰς
1736 279 1840 306 ’Δσσυη

1048 323 1123 357 ρίους
1161 324 1288 359 Ἰσραήλ·
1316 324 1352 351 ἐν
1375 321 1410 358 ᾦ,
1439 324 1540 359 φησὶν,
1564 324 1761 359 ὲκαθίσαμεν,
1788 325 1841 352 καί

1047 369 1242 403 ἐκλαύσαμεν
1265 369 1300 396 ἐν
1320 369 1361 402 τῷ
1378 370 1555 405 μνησθῆναι
1579 369 1658 405 ἡμᾶς
1672 370 1728 405 τῆς
1749 371 1841 398 Σιών.

1049 414 1209 449 Στεναγμοῦ
1231 415 1323 442 τοίνυν
1355 415 1404 442 καί
1427 415 1581 450 κατηφείας
1599 415 1647 442 καὶ
1662 415 1793 450 δακρύων
1808 415 1844 442 τὰ

1049 459 1096 487 σά.
1120 459 1190 486 Ἀλλ’
1205 459 1268 486 ἐπεὶ
1279 460 1410 495 πρόσεστι
1424 468 1466 486 σοι
1489 460 1618 495 γνώσεως
1639 461 1777 495 χάρισμα,
1794 461 1846 488 καὶ

1050 505 1207 541 φρονήσεως
1236 505 1370 541 δώρημα·
1387 506 1418 532 οὐ
1445 506 1554 538 πάντως
1581 506 1769 533 καταπίπτειν
1789 508 1846 534 al.6-

1052 550 1125 585 μεθά
1140 559 1171 577 σε
1188 551 1217 577 ἐν
1235 550 1340 583 τούτοις
1354 559 1361 567 ·
1380 551 1470 578 εἰδότα
1484 551 1526 578 ὅτι
1552 552 1732 587 πειρατήριον
1747 553 1762 579 ὁ
1785 552 1847 587 βίος

1050 596 1207 631 ἀνθρώπου,
1222 596 1295 624 κατὰ
1306 597 1353 623 τὸν
1367 597 1490 632 ἀοίδιμον
1512 597 1620 630 ’1ὼ6,ὃς
1635 598 1686 624 ὅσα
1703 598 1847 625 πέπονθεν

1051 640 1101 668 οὐκ
1112 643 1206 675 ἁγνοεί
1219 650 1267 668 σου
1284 643 1300 677 ή
1314 641 1480 676 πολυπειρία
1494 651 1500 657 ”
1511 643 1574 670 οὐδὲ
1591 643 1641 678 τὴν
1656 644 1741 678 ἄλλην
1756 644 1846 670 ἀστα-

1051 696 1099 714 τον
1107 688 1194 724 φορὰν
1205 689 1255 724 τῆς
1261 689 1418 724 παραυτίκα
1428 688 1514 723 ζωῆς,
1523 688 1619 715 ἄλλοτε
1630 689 1716 721 ἄλλως
1724 690 1847 724 ἐχούσης

1053 734 1126 760 κατά
1144 735 1235 761 πᾶσαν
1254 734 1348 769 σχεδὸν
1368 735 1476 770 ἡμέραν
1497 743 1527 762 τε
1543 735 1590 761 καὶ
1603 734 1690 769 ὥραν.
1709 735 1774 772 Ῥοῇ
1791 737 1862 771 γὰρ’

1053 779 1101 805 καὶ
1129 779 1252 814 ἀπορροῇ
1277 779 1376 811 ἔοικεν,
1395 779 1490 806 ἄνθεσί
1520 788 1551 807 τε
1567 780 1616 806 καὶ
1641 780 1774 816 ὀνείρασι,
1797 782 1848 808 καὶ

1053 821 1172 852 οἷστισιν
1196 824 1299 857 ἄλλοις,
1314 825 1387 852 κατά
1405 825 1456 857 τὰς
1474 825 1550 856 θείας
1566 826 1659 859 φωνὰς
1673 825 1728 852 τῶν
1743 826 1846 860 ἁγίων.

211 881 265 908 que
279 881 372 903 secum
393 873 467 900 ineat
482 873 637 900 veneranda
649 880 727 899 mens
747 876 803 903 tua,
821 879 903 906 quam
919 871 1003 898 multa

1061 870 1279 904 Ἀναλογιζέσοω
1296 871 1352 905 γάρ
1369 878 1417 897 σου
1442 871 1459 906 ἡ
1475 871 1555 906 τιμία
1570 870 1654 906 ψυχὴ,
1673 871 1745 898 πόσα
1761 871 1793 898 ὲν
1807 871 1848 906 τῷ

211 920 246 947 ab
265 920 324 954 ipso
342 919 431 946 exsilii
457 919 495 946 tui
509 923 631 954 tempore
653 923 761 953 peracta
777 918 832 945 sint
849 926 856 944 ε
873 917 938 945 dum
955 917 1002 944 alii

211 966 323 998 cadunt,
338 965 382 992 alii
395 969 555 1000 exsurgunt,
570 965 613 991 alii
629 964 796 995 moriuntur,
806 963 850 990 alii
860 970 1000 998 prospere,

211 1012 255 1039 alii
270 1019 350 1039 secus
361 1016 455 1047 agunt.
472 1011 502 1037 Et
519 1011 610 1038 nullus
622 1010 735 1038 omnino
748 1014 835 1037 status
844 1013 886 1037 est
896 1009 1002 1037 stabilis

211 1058 240 1084 in
257 1057 308 1085 hoc
323 1057 443 1084 versatili
462 1057 526 1084 vita:
538 1061 640 1084 nostra:
653 1064 746 1084 cursu.
757 1056 825 1083 Illud
837 1056 920 1083 etiam
932 1063 1003 1090 pra:-

212 1107 287 1131 terea
304 1110 399 1130 verum
415 1107 466 1135 est,
477 1102 505 1129 in
522 1102 619 1129 exsilio
633 1102 751 1136 quodam
763 1109 858 1129 omnes
871 1108 921 1128 nos
931 1108 1002 1133 esse,

211 1154 348 1185 quatenus
359 1156 407 1184 per
416 1149 616 1184 protoplastum
627 1149 661 1176 de
675 1148 810 1183 paradiso,
826 1152 855 1175 ut
865 1147 1003 1183 proditum

212 1200 264 1227 est,
278 1195 357 1229 ejeeti
373 1201 479 1227 sumus,
493 1198 521 1221 et
537 1194 564 1220 in
586 1193 692 1221 mortali
708 1193 759 1220 hac
781 1200 828 1220 ora
848 1201 1002 1225 versamur,

213 1240 303 1274 quoad
318 1243 460 1266 cantemus
474 1248 481 1266 :
498 1239 572 1265 Educ
590 1239 621 1266 tle
636 1239 756 1266 custodia
768 1239 888 1266 animum
904 1247 1002 1270 meam,

213 1285 248 1311 ad
264 1284 438 1317 conﬁtendth
454 1284 553 1311 nomini
575 1289 619 1310 tuo
633 1283 667 1316 δ’,
681 1292 713 1311 ex
729 1283 848 1311 incolatu
867 1283 902 1311 ad
920 1283 1004 1311 liber-

213 1335 298 1357 tatem
316 1334 500 1357 transeuntes.
525 1329 614 1362 Quare
629 1337 665 1357 ne
692 1329 721 1357 in
743 1329 869 1358 exsilium
893 1329 1004 1364 quidem

214 1384 294 1411 agere
310 1376 434 1403 homines
452 1380 566 1411 possunt
581 1383 747 1412 congeneres
762 1383 838 1408 suos,
851 1375 874 1403 si
894 1376 1005 1410 proprie

213 1421 378 1456 loquendum
401 1426 453 1453 est,
472 1429 534 1448 eum
554 1421 664 1456 ipsimet
678 1425 801 1449 extorres
821 1421 885 1449 sint.
903 1419 1005 1448 Omnes

213 1469 348 1503 siquidem
364 1467 475 1494 advenae
496 1472 524 1494 et
546 1467 682 1503 peregrini
709 1467 837 1502 descripti
854 1474 960 1494 sumus.
976 1466 1004 1494 Si

213 1513 279 1549 quid
294 1513 453 1547 huiusmodi
471 1512 519 1540 tibi
537 1512 690 1540 remedium
705 1516 747 1539 est
765 1512 800 1539 ad
818 1512 956 1543 solatium.
981 1512 1002 1539 si
1016 1529 1038 1559 ϐ

214 1559 411 1587 consolationis
426 1558 644 1590 incitamentum,
668 1558 799 1593 petimus,
817 1558 1004 1590 obsecramus,

214 1609 245 1632 ut
255 1612 315 1639 qua:
329 1604 498 1635 acciderunt.
511 1611 610 1639 magno
623 1604 694 1632 feras
710 1604 814 1636 animo,
829 1610 856 1631 et
870 1611 932 1631 cum
946 1610 1008 1639 gra-

216 1648 314 1675 tiarum
329 1648 438 1676 actione
460 1648 547 1676 tristia
563 1657 570 1675 :
585 1649 658 1684 quod
675 1649 785 1683 quidem
804 1648 851 1676 tibi
872 1656 928 1676 non
957 1648 1006 1675 de-

215 1695 299 1722 fuisse
316 1694 479 1722 confidimus
495 1703 502 1721 :
516 1695 562 1730 qui
588 1695 663 1722 enim
689 1695 767 1722 aliter
792 1702 940 1722 aerumnam
964 1695 1007 1722 in-

214 1746 357 1777 gruentem
375 1741 567 1776 perferemus?
580 1741 692 1769 Accedit
707 1741 780 1776 quod
793 1749 922 1776 magnum
941 1741 1007 1769 inde

214 1789 321 1815 lucrum
336 1787 554 1822 reportabitnus;
568 1795 617 1822 per
631 1786 832 1819 infelicitatem,
848 1787 1006 1814 felicitatem

215 1833 364 1868 majorem;
380 1839 429 1866 per
439 1836 637 1866 paupertatem,
648 1831 757 1859 divitias
772 1838 826 1858 non
842 1834 1006 1866 pereuntes;

215 1886 265 1913 per
283 1877 435 1909 infamiam,
452 1877 565 1912 gloriam
589 1876 778 1904 immortalem.
803 1876 875 1909 Quin
902 1881 931 1903 et
954 1875 1006 1911 ipsi

216 1923 333 1950 fortasse
353 1922 503 1957 principes,
519 1922 557 1957 pii
571 1922 750 1957 imperatores
759 1921 855 1955 nostri,
868 1922 1007 1949 adducen-

215 1976 260 1997 tur
278 1969 401 2000 tandem,
412 1973 442 1995 ut
462 1973 488 1995 te
503 1969 613 1996 domum
629 1974 768 2001 revocent,
783 1972 811 1995 et
824 1968 872 1995 tibi
888 1975 1007 2003 congrua

215 2016 372 2043 restituant.
391 2015 521 2042 Novimus
536 2014 610 2042 enim
626 2014 732 2042 illorum
751 2014 963 2047 humanitatem,
980 2018 1009 2041 et

215 2070 297 2098 quam
316 2061 406 2095 facile,
425 2061 454 2089 in
469 2061 527 2089 istis
541 2061 691 2097 praesertim
711 2061 802 2095 rebus,
819 2060 929 2088 meliora
940 2069 1008 2089 con-

216 2110 275 2137 silia
296 2108 415 2144 capiant.
436 2107 543 2136 Interea
558 2112 649 2135 autem
663 2107 729 2134 dum
751 2111 867 2142 perstas,
882 2106 1008 2135 console-

216 2161 261 2183 tur
278 2161 303 2182 te
317 2155 448 2182 Dominus
465 2155 537 2182 Deus
551 2154 737 2182 consolatione
745 2154 882 2189 patientiae
890 2158 917 2182 et
927 2153 1008 2181 actio-

1055 916 1159 951 μεταξὺ
1173 916 1262 952 χρόνῳ
1282 916 1334 952 τῆς
1354 916 1510 952 ἀπαγωγῆς
1527 917 1707 952 πέπρακται,
1722 917 1780 944 τῶν
1796 917 1846 952 μὲν

1053 963 1307 996 ἀποπεπτωκότων,
1322 963 1378 989 τῶν
1397 963 1426 990 δὲ
1446 962 1645 997 ἀνυψωθέντων
1658 983 1665 995 ,
1680 963 1769 990 ἄλλων
1801 972 1848 990 τε-

1054 1008 1207 1043 θνηκότων,
1229 1007 1331 1043 ἑτέρων
1344 1008 1590 1044 εὐπραγησάντων,
1603 1007 1691 1035 ἄλλων
1707 1008 1847 1043 δυστυχη-

1054 1053 1172 1081 σάντων.
1185 1053 1242 1080 Kal.
1260 1052 1377 1088 οὐδεμία
1394 1053 1488 1084 στάσις
1505 1053 1534 1079 ὲν
1550 1053 1589 1088 τῷ
1610 1053 1722 1089 ἀστάτῳ
1735 1053 1784 1080 καὶ
1800 1053 1846 1080 εὑ-

1053 1099 1156 1134 κινὴτῳ
1186 1099 1279 1135 δρόμῳ
1308 1099 1356 1126 τοῦ
1382 1099 1441 1134 βίου
1467 1099 1558 1135 ἡμῶν.
1580 1099 1684 1126 Ἐκεῖνό
1707 1109 1738 1126 τε
1764 1100 1847 1128 πάλιν

1053 1146 1156 1182 ἀληθὲς
1182 1147 1277 1180 amart
1296 1147 1396 1179 πάντες
1422 1147 1562 1183 ἄνθρωποι
1588 1148 1619 1174 ὲν
1641 1146 1735 1183 ὲξορίᾳ
1748 1148 1846 1183 ἐσμὲν.

1055 1191 1127 1218 κατά
1150 1192 1182 1219 τὺ
1199 1192 1394 1228 ἀποικισθῆναι
1409 1193 1485 1228 ἡμᾶς
1498 1193 1543 1220 διὰ
1560 1193 1608 1220 τοῦ
1631 1194 1848 1228 πρωοπλάστου

1054 1238 1087 1264 ὲκ
1116 1237 1164 1264 τοῦ
1192 1237 1370 1273 παραδείσου,
1387 1239 1425 1269 ὼς
1447 1239 1463 1265 ό
1489 1238 1579 1273 λόγος,
1595 1239 1643 1266 καὶ
1671 1241 1712 1271 είς
1739 1240 1801 1267 τόδε
1817 1240 1848 1267 τὸ

1054 1283 1244 1319 θανατηφόρον
1265 1284 1366 1320 χωρίον
1393 1284 1594 1317 ἐναυλίζεσθαι,
1608 1284 1661 1316 ἕως
1672 1284 1705 1312 ἂν
1719 1285 1761 1317 τὸ,
1783 1286 1848 1317 Ἐξ-

1055 1328 1148 1364 (iraa-8
1164 1329 1199 1356 ὲκ
1216 1328 1358 1364 φυλακῆς
1370 1329 1428 1363 τὴν
1442 1330 1549 1365 ψυχήν
1558 1338 1630 1364 μου,
1640 1330 1695 1358 τοῦ
1704 1330 1848 1365 ἐξομολο-

1055 1373 1209 1407 γήσασθαι
1223 1373 1263 1400 τῶ
1277 1374 1402 1408 ὀνοματί
1419 1382 1488 1406 σου,
1517 1375 1637 1410 ᾄδωμεν,
1665 1375 1848 1410 μεταϐαίνον-

1054 1427 1101 1450 τες
1114 1419 1147 1445 ἐκ
1167 1419 1315 1454 παροικίας
1336 1420 1377 1452 είς
1400 1419 1568 1456 ἐλευθερίαν.
1582 1421 1665 1455 Ὥστε
1681 1421 1743 1448 οὐδὲ
1758 1421 1848 1457 ἐξορί-

1055 1464 1113 1497 ζειν
1137 1464 1255 1492 δύναιντ’
1271 1465 1304 1497 ἂν
1332 1465 1473 1502 ἄνθρωποι
1504 1467 1568 1497 τοὺς
1594 1468 1735 1502 ὁμογενεῖς
1749 1488 1757 1500 ,
1777 1468 1847 1495 κατὰ

1055 1511 1086 1537 τὸ
1099 1510 1213 1547 ἀκριὸὲς
1226 1511 1273 1538 τοῦ
1288 1512 1378 1546 λόγου,
1389 1512 1523 1548 ὲξόριστοι
1546 1513 1624 1545 ὄντες
1637 1513 1747 1540 καύτοί.
1769 1514 1848 1541 Ἐπεὶ

1057 1557 1157 1589 πάντες
1171 1558 1300 1593 πάροικοι
1314 1559 1362 1585 καὶ
1378 1559 1567 1594 παρεπίδημοι
1583 1560 1845 1595 περιγεγράμμεθα.

1058 1602 1092 1628 Ei
1109 1611 1136 1629 τι
1154 1603 1278 1630 τοιοῦτον
1292 1604 1441 1640 φάρμακόν
1461 1613 1503 1631 σοι
1520 1605 1696 1640 παρηγορίας
1717 1606 1847 1641 παραμύ·

1058 1648 1116 1675 θιον
1133 1649 1334 1685 παρακλήσεως
1347 1658 1354 1665 ·
1371 1648 1514 1685 αἰτοῦμεν,
1526 1649 1736 1686 ἀντιϐολοῦμεν,
1752 1652 1793 1683 εἰς
1817 1651 1847 1678 τὸ

1057 1695 1181 1729 ἐνεγκεῖν
1195 1695 1382 1731 μακροθύμως
1399 1695 1433 1722 τὰ
1451 1695 1606 1730 συμϐάντα,
1624 1696 1799 1732 εὐχαρίστως
1813 1698 1847 1724 τὰ

1057 1741 1189 1776 λυπηρά·
1221 1741 1289 1775 ὅπερ
1326 1741 1501 1776 πεπείσμεθα
1534 1741 1681 1777 ἐσχηκέναι
1710 1751 1750 1769 σε.
1771 1743 1847 1770 Ἐπεὶ

1057 1785 1140 1812 πόθεν
1153 1785 1266 1814 ἄλλοθεν
1282 1785 1394 1821 οἴσομεν
1413 1786 1463 1821 τὴν
1479 1787 1629 1822 ἑπιφοράνς
1642 1785 1713 1814 Εἶτα
1727 1788 1769 1814 ὅτι
1781 1789 1846 1815 κάν-

1056 1831 1154 1858 τεῦθεν
1172 1831 1208 1858 τὰ
1238 1831 1345 1867 μεγάλα
1370 1831 1576 1867 κερδανοῦμεν,
1591 1832 1624 1859 δι’
1639 1833 1777 1868 ἀπραξίας
1802 1835 1847 1862 εὑ-

1057 1875 1178 1911 πραξίαν
1200 1875 1249 1912 τὴν
1277 1876 1398 1912 μείζονα,
1417 1876 1462 1903 διὰ
1478 1877 1576 1908 πενίας
1588 1877 1703 1905 πλοῦτον
1714 1879 1762 1905 τὸν
1778 1880 1847 1914 ἀμε-

1057 1923 1209 1956 τάπτωτον,
1225 1923 1259 1949 δι’
1270 1922 1377 1956 ἀδοξίας
1390 1923 1469 1956 δόξαν
1480 1923 1529 1958 τὴν
1546 1924 1696 1960 ἀκήρατον.
1712 1926 1766 1952 Καὶ
1777 1927 1846 1961 τάχα

1058 1968 1318 2005 παρακληθήσονται
1335 1969 1382 1995 καὶ
1396 1969 1474 1996 αὐτοὶ
1498 1970 1522 1996 οξ
1542 1969 1710 2006 κρατοῦντες
1722 1972 1846 2004 εὐσεϐεῖς

1058 2015 1074 2050 ἠ
1079 2014 1136 2050 μῶν
1151 2014 1271 2049 βασιλεῖς
1282 2014 1330 2049 ὀψέ
1343 2023 1409 2041 ποτε
1423 2015 1611 2050 ἐπαναγαγεῖν
1624 2024 1654 2042 σε
1665 2017 1705 2048 είς
1719 2017 1755 2044 τὰ.
1764 2018 1843 2051 οἴκοι,

1058 2062 1106 2088 καὶ
1121 2061 1268 2088 ἀποδοῦναι
1279 2060 1315 2087 τὰ
1330 2061 1436 2088 δέοντα.
1455 2061 1550 2095 Ἰσμεν
1565 2061 1621 2098 γὰρ
1636 2063 1726 2089 αὐτῶν
1741 2064 1771 2090 τὺ
1786 2065 1845 2099 φιλ.

1058 2107 1205 2142 ἀνθρωπον
1222 2107 1270 2134 καὶ
1281 2106 1482 2142 εὐμετάμελον,
1498 2103 1574 2143 ᾧπερ
1591 2108 1742 2144 κιχρῶνται
1757 2111 1844 2145 μεγά⁴

1058 2153 1112 2186 λως
1127 2154 1173 2180 ἐπὶ
1186 2154 1244 2186 τοῖς
1258 2153 1402 2185 τοιούτοις.
1413 2152 1488 2185 "Em;
1503 2154 1525 2180 δ’
1541 2154 1574 2181 ἂν
1591 2155 1742 2189 ὲπιμένοις,
1756 2165 1843 2193 παρα-

215 2203 258 2229 nis
275 2201 434 2238 gratiarum.
453 2199 508 2227 Sed
525 2204 552 2227 et
568 2199 737 2235 principibus
757 2199 823 2235 ipsis
832 2199 1003 2234 persuadeat,

1058 2199 1173 2227 καλέσαι
1188 2207 1217 2226 σε
1233 2199 1337 2234 Κύριος
1353 2199 1367 2226 ό
1380 2199 1447 2230 Θεὸς
1464 2200 1639 2236 παρακλήσει
1655 2201 1843 2240 ὑπομονητικῇ

214 2252 245 2275 ιιι
260 2255 322 2283 erga
338 2251 364 2274 te
378 2246 480 2273 faciant
488 2246 560 2281 quod
573 2246 654 2273 modo
664 2245 767 2273 dictum
781 2249 833 2278 est,
849 2249 877 2272 et
888 2249 915 2272 te
927 2250 1004 2281 opta-

216 2294 349 2322 tissimum
368 2293 403 2321 iis
421 2293 569 2321 restituant
585 2292 630 2327 qui
645 2297 672 2320 te
687 2291 815 2328 diligunt.

378 2401 448 2430 Xlll.
464 2417 500 2422 ——
515 2401 553 2428 De
567 2409 631 2428 cura
645 2400 845 2435 insepultorum.

251 2470 386 2503 Quoniam
396 2470 479 2497 homo
490 2469 524 2498 ad
533 2469 677 2505 imaginem
686 2468 732 2496 Dei
741 2468 1005 2503 similitudinemque

215 2522 323 2544 creatus
337 2520 390 2548 est,
405 2523 517 2544 necesse
531 2521 573 2543 est
588 2515 706 2542 humana
721 2519 829 2548 ttatura,
844 2514 932 2550 quoad
947 2514 1004 2541 ﬁeri

216 2567 316 2598 potest,
333 2562 471 2597 archetypi
497 2561 662 2588 lineamenta
677 2581 685 2594 ,
699 2565 826 2596 tanquam
842 2561 948 2596 imago,
978 2560 1006 2587 in

216 2609 305 2643 seipsa
318 2612 405 2644 gerat.
424 2608 493 2635 Cum
513 2615 577 2643 ergo
598 2607 670 2635 Deus
692 2607 821 2635 bonitatis
837 2615 894 2634 sua:
915 2606 1007 2641 provi-

215 2655 335 2682 dentiam
350 2654 376 2680 in
393 2655 484 2681 omnia
500 2653 646 2685 diffundat,
660 2661 767 2688 aequum
788 2653 870 2681 fuerit
882 2652 1006 2680 homines

215 2700 407 2728 inenarrabilis
422 2700 563 2735 sapientia;
586 2699 725 2734 providam
742 2698 1005 2727 administrationem

216 2754 265 2781 pro
277 2746 380 2774 viribus
393 2745 503 2774 imitari.
518 2745 596 2773 Unde
610 2749 638 2773 et
652 2753 703 2773 nos
715 2745 832 2773 humiles
845 2753 876 2772 ac
888 2744 1005 2777 minimi,

253 2836 311 2852 ""°
324 2835 396 2863 l‘sal.
412 2843 520 2869 αλιι-ι,
539 2835 562 2861 ι.
603 2835 623 2850 ⁸¹
643 2834 693 2862 Job
712 2842 760 2865 vn,
774 2835 800 2862 8.

1058 2246 1107 2273 καὶ
1121 2245 1326 2281 εὑχαριστηρίῳ
1337 2254 1345 2261 ·
1357 2245 1426 2272 ἀλλά
1441 2246 1489 2273 καὶ
1514 2246 1636 2273 πείσειεν
1656 2248 1757 2279 αὐτοὺς
1782 2250 1844 2283 τοὺς

1058 2292 1229 2328 κρατοῦντας
1242 2292 1273 2318 τὸ
1289 2291 1492 2328 προειρημένον
1507 2293 1574 2329 ἡμῖν
1596 2293 1699 2328 πρᾶξαι
1731 2295 1778 2321 ἐπὶ
1794 2297 1844 2329 σοὶ,

1059 2338 1108 2365 καὶ
1123 2336 1270 2364 ἀποδοῦναί
1291 2345 1321 2364 σε
1332 2337 1378 2364 τὸν
1391 2338 1581 2374 περιπόθητον
1598 2339 1655 2371 τοῖς
1669 2339 1777 2374 φιλοῦσί
1806 2350 1844 2371 σε.

1060 2405 1107 2431 ll".
1130 2404 1219 2436 -Εις
1234 2403 1292 2437 τὴν
1302 2402 1460 2430 διακονίαν
1472 2403 1532 2431 τῶν
1543 2403 1750 2438 ἀπρονοήτων.
1771 2405 1845 2443 [κθα]

1095 2471 1156 2497 ’Ὁτι
1183 2469 1244 2496 κατ’
1264 2469 1359 2496 εἰκόνα
1383 2469 1451 2496 Θεοῦ
1469 2470 1516 2497 καὶ⁸
1531 2470 1662 2505 ὁμοίωσιν
1675 2471 1690 2497 ό
1704 2471 1846 2507 ἄνθρωπος

1059 2517 1184 2544 ἔκτισται
1197 2537 1205 2549 ,
1224 2516 1376 2551 ἀναγκαῖον
1394 2517 1427 2551 τῇ
1444 2516 1605 2552 ἀνθρωπίνῃ
1622 2517 1714 2551 φύσει,
1730 2518 1845 2546 καθόσον

1058 2562 1180 2598 ἐφικτὸν,
1197 2562 1235 2593 ὼς
1259 2562 1347 2590 εἰκόνι
1368 2562 1403 2588 τὰ
1417 2561 1464 2588 τοῦ
1477 2563 1634 2598 ἀρχετύπου
1650 2564 1800 2599 μιμήματα
1817 2567 1845 2592 ἐν

1057 2610 1142 2644 ἑαυτῇ
1172 2608 1342 2644 περιφέρειν.
1363 2608 1440 2634 *Επεὶ
1467 2608 1515 2635 οῦν
1547 2608 1579 2636 τὸ
1603 2609 1681 2636 Θεῖον
1695 2611 1743 2637 ἐπὶ
1759 2611 1844 2638 πάντα

1056 2655 1145 2690 διήκει
1162 2654 1211 2690 τὴν
1222 2655 1272 2689 τῆς
1283 2653 1388 2686 οἰκείας
1400 2654 1570 2689 ἀγαθότητος
1587 2654 1727 2688 πρόνοιαν,
1741 2656 1844 2683 δίκαιον

1057 2701 1090 2728 ἂν
1104 2700 1147 2736 εἴη
1167 2700 1346 2736 ὲκμιμεῖσθαι
1359 2701 1389 2728 τδ
1404 2701 1576 2736 ἀνθρώπινον
1589 2701 1639 2737 τὴν
1657 2702 1709 2737 τῆς
1723 2703 1843 2739 ἀρρήτου

1059 2746 1155 2782 σοφίας
1178 2747 1360 2783 προνοητικὴν
1375 2766 1382 2777 ,
1394 2747 1431 2779 ὡς
1454 2747 1567 2774 δυνατὸν
1579 2767 1587 2781 ,
1601 2747 1748 2783 διοίκησιν.
1765 2748 1844 2776 Ὅθεν

840 2834 860 2850 "’
877 2832 947 2861 Psal.
963 2839 1034 2866 (λιιι,
1057 2833 1082 2860 8.
