  <div class='ocr_page' id='page_1' title='image "/cluster/home/n/w/nwhite01/storage/ocr_20150623/99/njp.32101010943858/506.png"; bbox 0 0 1924 3077; ppageno 0'>
   <div class='ocr_carea' id='block_1_1' title="bbox 108 161 162 193">
    <p class='ocr_par' dir='ltr' id='par_1_1' title="bbox 108 161 162 193">
     <span class='ocr_line' id='line_1_1' title="bbox 108 161 162 193; baseline 0 0"><span class='ocrx_word' id='word_1_1' title='bbox 108 161 162 193; x_wconf 82' lang='grc'><strong>953</strong></span> 
     </span>
    </p>
   </div>
   <div class='ocr_carea' id='block_1_2' title="bbox 723 157 1124 189">
    <p class='ocr_par' dir='ltr' id='par_1_2' title="bbox 723 157 1124 189">
     <span class='ocr_line' id='line_1_2' title="bbox 723 157 1124 189; baseline 0 -1"><span class='ocrx_word' id='word_1_2' title='bbox 723 157 993 189; x_wconf 81' lang='lat' dir='ltr'><strong>EPISTOLARUM</strong></span> <span class='ocrx_word' id='word_1_3' title='bbox 1007 157 1082 189; x_wconf 88' lang='lat' dir='ltr'><strong>LIB.</strong></span> <span class='ocrx_word' id='word_1_4' title='bbox 1099 158 1124 188; x_wconf 93' lang='grc' dir='ltr'><strong>Ῑ.</strong></span> 
     </span>
    </p>
   </div>
   <div class='ocr_carea' id='block_1_3' title="bbox 1683 157 1737 189">
    <p class='ocr_par' dir='ltr' id='par_1_3' title="bbox 1683 157 1737 189">
     <span class='ocr_line' id='line_1_3' title="bbox 1683 157 1737 189; baseline -0.019 0"><span class='ocrx_word' id='word_1_5' title='bbox 1683 157 1737 189; x_wconf 68' lang='grc'><strong>954</strong></span> 
     </span>
    </p>
   </div>
   <div class='ocr_carea' id='block_1_4' title="bbox 109 211 896 250">
    <p class='ocr_par' dir='ltr' id='par_1_4' title="bbox 109 212 896 250">
     <span class='ocr_line' id='line_1_4' title="bbox 109 212 896 250; baseline -0.005 -7"><span class='ocrx_word' id='word_1_6' title='bbox 109 217 157 243; x_wconf 69' lang='lat' dir='ltr'><strong>ut</strong></span> <span class='ocrx_word' id='word_1_7' title='bbox 169 214 252 250; x_wconf 71' lang='grc' dir='ltr'>ἡμεῖς</span> <span class='ocrx_word' id='word_1_8' title='bbox 262 215 288 240; x_wconf 78' lang='grc' dir='ltr'>οι</span> <span class='ocrx_word' id='word_1_9' title='bbox 304 214 428 241; x_wconf 70' lang='grc' dir='ltr'>ταπεινοὶ</span> <span class='ocrx_word' id='word_1_10' title='bbox 448 213 495 241; x_wconf 78' lang='grc' dir='ltr'>καὶ</span> <span class='ocrx_word' id='word_1_11' title='bbox 511 213 658 249; x_wconf 72' lang='grc' dir='ltr'>ἐλάχιστοι,</span> <span class='ocrx_word' id='word_1_12' title='bbox 672 213 796 246; x_wconf 77' lang='grc' dir='ltr'>εὐλαϐῶς</span> <span class='ocrx_word' id='word_1_13' title='bbox 812 214 853 246; x_wconf 84' lang='grc' dir='ltr'><strong>είς</strong></span> <span class='ocrx_word' id='word_1_14' title='bbox 867 212 896 239; x_wconf 75' lang='grc' dir='ltr'>τὸ</span> 
     </span>
    </p>
   </div>
   <div class='ocr_carea' id='block_1_5' title="bbox 947 211 1738 250">
    <p class='ocr_par' dir='ltr' id='par_1_5' title="bbox 952 211 1738 249">
     <span class='ocr_line' id='line_1_5' title="bbox 952 211 1738 249; baseline 0.001 -10"><span class='ocrx_word' id='word_1_15' title='bbox 952 212 1036 239; x_wconf 90' lang='lat' dir='ltr'><strong>Deum</strong></span> <span class='ocrx_word' id='word_1_16' title='bbox 1051 216 1209 240; x_wconf 75' lang='lat' dir='ltr'><strong>reverenter</strong></span> <span class='ocrx_word' id='word_1_17' title='bbox 1228 212 1377 244; x_wconf 79' lang='lat' dir='ltr'><strong>intuentes,</strong></span> <span class='ocrx_word' id='word_1_18' title='bbox 1395 211 1595 248; x_wconf 79' lang='lat' dir='ltr'><strong>charitatisque</strong></span> <span class='ocrx_word' id='word_1_19' title='bbox 1613 221 1677 249; x_wconf 88' lang='lat' dir='ltr'><strong>erga</strong></span> <span class='ocrx_word' id='word_1_20' title='bbox 1691 223 1738 242; x_wconf 84' lang='lat' dir='ltr'><strong>co-</strong></span> 
     </span>
    </p>
   </div>
   <div class='ocr_carea' id='block_1_6' title="bbox 107 259 899 295">
    <p class='ocr_par' dir='ltr' id='par_1_6' title="bbox 107 259 899 295">
     <span class='ocr_line' id='line_1_6' title="bbox 107 259 899 295; baseline -0.005 -6"><span class='ocrx_word' id='word_1_21' title='bbox 107 264 186 289; x_wconf 70' lang='lat' dir='ltr'><strong>Gsim</strong></span> <span class='ocrx_word' id='word_1_22' title='bbox 198 259 353 292; x_wconf 76' lang='grc' dir='ltr'>ἀπιδόντες,</span> <span class='ocrx_word' id='word_1_23' title='bbox 365 259 410 286; x_wconf 81' lang='grc' dir='ltr'>καὶ</span> <span class='ocrx_word' id='word_1_24' title='bbox 423 260 493 294; x_wconf 77' lang='grc' dir='ltr'>πρὸς</span> <span class='ocrx_word' id='word_1_25' title='bbox 506 259 537 286; x_wconf 78' lang='grc' dir='ltr'>τὸ</span> <span class='ocrx_word' id='word_1_26' title='bbox 549 259 684 294; x_wconf 76' lang='grc' dir='ltr'><strong>ὁμόφυλον</strong></span> <span class='ocrx_word' id='word_1_27' title='bbox 698 259 747 295; x_wconf 82' lang='grc' dir='ltr'>τὴν</span> <span class='ocrx_word' id='word_1_28' title='bbox 761 260 899 293; x_wconf 83' lang='grc' dir='ltr'>ἀγαπητι-</span> 
     </span>
    </p>
   </div>
   <div class='ocr_carea' id='block_1_7' title="bbox 108 304 898 343">
    <p class='ocr_par' dir='ltr' id='par_1_7' title="bbox 108 304 898 343">
     <span class='ocr_line' id='line_1_7' title="bbox 108 304 898 343; baseline -0.006 -8"><span class='ocrx_word' id='word_1_29' title='bbox 108 308 160 343; x_wconf 75' lang='grc' dir='ltr'>κὴν</span> <span class='ocrx_word' id='word_1_30' title='bbox 182 305 305 334; x_wconf 75' lang='grc' dir='ltr'>διάθεσιν</span> <span class='ocrx_word' id='word_1_31' title='bbox 336 304 527 336; x_wconf 78' lang='grc' dir='ltr'>ἀναλαϐόντες,</span> <span class='ocrx_word' id='word_1_32' title='bbox 540 304 702 339; x_wconf 79' lang='grc' dir='ltr'><strong>καθήκαμεν</strong></span> <span class='ocrx_word' id='word_1_33' title='bbox 725 305 837 336; x_wconf 76' lang='grc' dir='ltr'>ἑαυτοὺς</span> <span class='ocrx_word' id='word_1_34' title='bbox 859 305 898 334; x_wconf 80' lang='grc' dir='ltr'><strong>είς</strong></span> 
     </span>
    </p>
   </div>
   <div class='ocr_carea' id='block_1_8' title="bbox 107 350 898 386">
    <p class='ocr_par' dir='ltr' id='par_1_8' title="bbox 107 350 898 386">
     <span class='ocr_line' id='line_1_8' title="bbox 107 350 898 386; baseline -0.006 -5"><span class='ocrx_word' id='word_1_35' title='bbox 107 354 167 380; x_wconf 80' lang='grc' dir='ltr'>τόδε</span> <span class='ocrx_word' id='word_1_36' title='bbox 189 354 221 380; x_wconf 82' lang='grc' dir='ltr'>τὸ</span> <span class='ocrx_word' id='word_1_37' title='bbox 243 352 342 383; x_wconf 76' lang='grc' dir='ltr'>ἀσεῦἐς</span> <span class='ocrx_word' id='word_1_38' title='bbox 359 351 498 386; x_wconf 84' lang='grc' dir='ltr'>σύστημα,</span> <span class='ocrx_word' id='word_1_39' title='bbox 514 350 606 382; x_wconf 86' lang='grc' dir='ltr'>καθὼς</span> <span class='ocrx_word' id='word_1_40' title='bbox 622 350 816 382; x_wconf 72' lang='grc' dir='ltr'><strong>ὑποτέτακται,</strong></span> <span class='ocrx_word' id='word_1_41' title='bbox 829 350 898 385; x_wconf 86' lang='grc' dir='ltr'>πρό-</span> 
     </span>
    </p>
   </div>
   <div class='ocr_carea' id='block_1_9' title="bbox 107 396 897 433">
    <p class='ocr_par' dir='ltr' id='par_1_9' title="bbox 107 396 897 433">
     <span class='ocr_line' id='line_1_9' title="bbox 107 396 897 433; baseline -0.004 -6"><span class='ocrx_word' id='word_1_42' title='bbox 107 408 183 427; x_wconf 86' lang='grc' dir='ltr'>νοιαν</span> <span class='ocrx_word' id='word_1_43' title='bbox 211 398 370 433; x_wconf 77' lang='grc' dir='ltr'>ποιούμενοι</span> <span class='ocrx_word' id='word_1_44' title='bbox 400 397 456 424; x_wconf 86' lang='grc' dir='ltr'><strong>τῶν</strong></span> <span class='ocrx_word' id='word_1_45' title='bbox 484 398 664 431; x_wconf 83' lang='grc' dir='ltr'>ἅπρονοήτων</span> <span class='ocrx_word' id='word_1_46' title='bbox 697 396 897 432; x_wconf 82' lang='grc' dir='ltr'>σκηνωμάτων.</span> 
     </span>
    </p>
   </div>
   <div class='ocr_carea' id='block_1_10' title="bbox 108 442 899 479">
    <p class='ocr_par' dir='ltr' id='par_1_10' title="bbox 108 442 899 479">
     <span class='ocr_line' id='line_1_10' title="bbox 108 442 899 479; baseline -0.006 -7"><span class='ocrx_word' id='word_1_47' title='bbox 108 446 158 473; x_wconf 74' lang='grc' dir='ltr'>εἴτ’</span> <span class='ocrx_word' id='word_1_48' title='bbox 171 444 218 472; x_wconf 79' lang='grc' dir='ltr'><strong>οὖν</strong></span> <span class='ocrx_word' id='word_1_49' title='bbox 232 444 454 479; x_wconf 80' lang='grc' dir='ltr'>νενεκρωμένων,</span> <span class='ocrx_word' id='word_1_50' title='bbox 472 443 520 470; x_wconf 79' lang='grc' dir='ltr'>καὶ</span> <span class='ocrx_word' id='word_1_51' title='bbox 538 444 570 470; x_wconf 83' lang='grc' dir='ltr'><strong>ἐκ</strong></span> <span class='ocrx_word' id='word_1_52' title='bbox 587 443 708 478; x_wconf 82' lang='grc' dir='ltr'>πενίαςῆ</span> <span class='ocrx_word' id='word_1_53' title='bbox 717 443 751 470; x_wconf 76' lang='grc' dir='ltr'><strong>ἐκ</strong></span> <span class='ocrx_word' id='word_1_54' title='bbox 765 442 899 476; x_wconf 79' lang='grc' dir='ltr'><strong>ξενιτείας</strong></span> 
     </span>
    </p>
   </div>
   <div class='ocr_carea' id='block_1_11' title="bbox 111 487 898 527">
    <p class='ocr_par' dir='ltr' id='par_1_11' title="bbox 111 487 898 527">
     <span class='ocr_line' id='line_1_11' title="bbox 111 487 898 527; baseline -0.004 -10"><span class='ocrx_word' id='word_1_55' title='bbox 111 491 149 527; x_wconf 87' lang='grc' dir='ltr'>μὴ</span> <span class='ocrx_word' id='word_1_56' title='bbox 164 491 281 526; x_wconf 80' lang='grc' dir='ltr'>ἐχόντων</span> <span class='ocrx_word' id='word_1_57' title='bbox 304 489 364 520; x_wconf 86' lang='grc' dir='ltr'><strong>πῶς</strong></span> <span class='ocrx_word' id='word_1_58' title='bbox 383 487 580 524; x_wconf 73' lang='grc' dir='ltr'><strong>ἐκκομίζεσθαι</strong></span> <span class='ocrx_word' id='word_1_59' title='bbox 600 489 648 515; x_wconf 79' lang='grc' dir='ltr'>καὶ</span> <span class='ocrx_word' id='word_1_60' title='bbox 666 487 849 515; x_wconf 81' lang='grc' dir='ltr'>ἐνθάπτεσθαι</span> <span class='ocrx_word' id='word_1_61' title='bbox 870 488 898 514; x_wconf 75' lang='grc' dir='ltr'><strong>ἐν</strong></span> 
     </span>
    </p>
   </div>
   <div class='ocr_carea' id='block_1_12' title="bbox 105 533 899 573">
    <p class='ocr_par' dir='ltr' id='par_1_12' title="bbox 105 533 899 573">
     <span class='ocr_line' id='line_1_12' title="bbox 105 533 899 573; baseline -0.008 -8"><span class='ocrx_word' id='word_1_62' title='bbox 105 539 196 573; x_wconf 79' lang='grc' dir='ltr'>ταύτῃ</span> <span class='ocrx_word' id='word_1_63' title='bbox 212 538 245 572; x_wconf 76' lang='grc' dir='ltr'><strong>τῇ</strong></span> <span class='ocrx_word' id='word_1_64' title='bbox 260 534 441 570; x_wconf 78' lang='grc' dir='ltr'><strong>βασιλευούσῃ</strong></span> <span class='ocrx_word' id='word_1_65' title='bbox 455 534 508 561; x_wconf 87' lang='grc' dir='ltr'><strong>τῶν</strong></span> <span class='ocrx_word' id='word_1_66' title='bbox 521 534 635 561; x_wconf 85' lang='grc' dir='ltr'>πόλεων.</span> <span class='ocrx_word' id='word_1_67' title='bbox 648 534 694 569; x_wconf 82' lang='grc' dir='ltr'><strong>Τῷ</strong></span> <span class='ocrx_word' id='word_1_68' title='bbox 706 533 797 560; x_wconf 87' lang='grc' dir='ltr'>τοίνυν</span> <span class='ocrx_word' id='word_1_69' title='bbox 811 533 899 568; x_wconf 85' lang='grc' dir='ltr'>τούτῳ</span> 
     </span>
    </p>
   </div>
   <div class='ocr_carea' id='block_1_13' title="bbox 107 578 899 617">
    <p class='ocr_par' dir='ltr' id='par_1_13' title="bbox 107 578 899 617">
     <span class='ocr_line' id='line_1_13' title="bbox 107 578 899 617; baseline -0.005 -9"><span class='ocrx_word' id='word_1_70' title='bbox 107 583 173 617; x_wconf 84' lang='grc' dir='ltr'>θείῳ</span> <span class='ocrx_word' id='word_1_71' title='bbox 197 580 275 614; x_wconf 82' lang='grc' dir='ltr'><strong>τύπῳ</strong></span> <span class='ocrx_word' id='word_1_72' title='bbox 299 579 512 615; x_wconf 84' lang='grc' dir='ltr'>ἐπερειδόμενοι,</span> <span class='ocrx_word' id='word_1_73' title='bbox 530 578 639 613; x_wconf 74' lang='grc' dir='ltr'>ἑκάστῳ</span> <span class='ocrx_word' id='word_1_74' title='bbox 665 587 695 605; x_wconf 86' lang='grc' dir='ltr'><strong>τε</strong></span> <span class='ocrx_word' id='word_1_75' title='bbox 726 578 844 613; x_wconf 78' lang='grc' dir='ltr'>ἐνιαυτῷ</span> <span class='ocrx_word' id='word_1_76' title='bbox 867 578 899 604; x_wconf 84' lang='grc' dir='ltr'><strong>ἐκ</strong></span> 
     </span>
    </p>
   </div>
   <div class='ocr_carea' id='block_1_14' title="bbox 106 623 898 662">
    <p class='ocr_par' dir='ltr' id='par_1_14' title="bbox 106 623 898 662">
     <span class='ocr_line' id='line_1_14' title="bbox 106 623 898 662; baseline -0.005 -9"><span class='ocrx_word' id='word_1_77' title='bbox 106 626 164 653; x_wconf 87' lang='grc' dir='ltr'><strong>τῶν</strong></span> <span class='ocrx_word' id='word_1_78' title='bbox 189 625 347 662; x_wconf 83' lang='grc' dir='ltr'>προσόντων</span> <span class='ocrx_word' id='word_1_79' title='bbox 375 623 452 658; x_wconf 76' lang='grc' dir='ltr'>παρὰ</span> <span class='ocrx_word' id='word_1_80' title='bbox 482 623 552 650; x_wconf 85' lang='grc' dir='ltr'>Θεοῦ</span> <span class='ocrx_word' id='word_1_81' title='bbox 577 623 705 659; x_wconf 80' lang='grc' dir='ltr'><strong>δωρεῶν,</strong></span> <span class='ocrx_word' id='word_1_82' title='bbox 719 625 734 650; x_wconf 87' lang='grc' dir='ltr'><strong>ό</strong></span> <span class='ocrx_word' id='word_1_83' title='bbox 751 623 845 655; x_wconf 75' lang='grc' dir='ltr'>καθεὶς</span> <span class='ocrx_word' id='word_1_84' title='bbox 860 623 898 655; x_wconf 87' lang='grc' dir='ltr'><strong>ὡς</strong></span> 
     </span>
    </p>
   </div>
   <div class='ocr_carea' id='block_1_15' title="bbox 107 668 898 707">
    <p class='ocr_par' dir='ltr' id='par_1_15' title="bbox 107 668 898 707">
     <span class='ocr_line' id='line_1_15' title="bbox 107 668 898 707; baseline -0.005 -9"><span class='ocrx_word' id='word_1_85' title='bbox 107 673 167 707; x_wconf 77' lang='grc' dir='ltr'>ἔχει</span> <span class='ocrx_word' id='word_1_86' title='bbox 184 671 337 705; x_wconf 83' lang='grc' dir='ltr'>δυνάμεως,</span> <span class='ocrx_word' id='word_1_87' title='bbox 353 668 508 704; x_wconf 77' lang='grc' dir='ltr'>καταϐολὴν</span> <span class='ocrx_word' id='word_1_88' title='bbox 527 669 687 704; x_wconf 83' lang='grc' dir='ltr'>ποιούμενοι</span> <span class='ocrx_word' id='word_1_89' title='bbox 701 669 769 703; x_wconf 83' lang='grc' dir='ltr'>πρός</span> <span class='ocrx_word' id='word_1_90' title='bbox 780 677 810 695; x_wconf 88' lang='grc' dir='ltr'><strong>τε</strong></span> <span class='ocrx_word' id='word_1_91' title='bbox 831 669 898 702; x_wconf 79' lang='grc' dir='ltr'>ἁγο-</span> 
     </span>
    </p>
   </div>
   <div class='ocr_carea' id='block_1_16' title="bbox 109 713 898 752">
    <p class='ocr_par' dir='ltr' id='par_1_16' title="bbox 109 713 898 752">
     <span class='ocr_line' id='line_1_16' title="bbox 109 713 898 752; baseline -0.006 -9"><span class='ocrx_word' id='word_1_92' title='bbox 109 716 211 752; x_wconf 83' lang='grc' dir='ltr'>ρασίαν</span> <span class='ocrx_word' id='word_1_93' title='bbox 223 714 367 749; x_wconf 83' lang='grc' dir='ltr'>ἐνταφίων,</span> <span class='ocrx_word' id='word_1_94' title='bbox 385 714 478 740; x_wconf 81' lang='grc' dir='ltr'>καὶτὰ</span> <span class='ocrx_word' id='word_1_95' title='bbox 493 713 548 740; x_wconf 81' lang='grc' dir='ltr'><strong>τῶν</strong></span> <span class='ocrx_word' id='word_1_96' title='bbox 565 714 604 745; x_wconf 88' lang='grc' dir='ltr'><strong>είς</strong></span> <span class='ocrx_word' id='word_1_97' title='bbox 620 713 710 748; x_wconf 85' lang='grc' dir='ltr'>ταφὴν</span> <span class='ocrx_word' id='word_1_98' title='bbox 723 713 809 740; x_wconf 75' lang='grc' dir='ltr'>ἄλλων</span> <span class='ocrx_word' id='word_1_99' title='bbox 833 721 898 739; x_wconf 90' lang='grc' dir='ltr'>συν-</span> 
     </span>
    </p>
   </div>
   <div class='ocr_carea' id='block_1_17' title="bbox 106 758 899 796">
    <p class='ocr_par' dir='ltr' id='par_1_17' title="bbox 106 758 899 796">
     <span class='ocr_line' id='line_1_17' title="bbox 106 758 899 796; baseline -0.005 -8"><span class='ocrx_word' id='word_1_100' title='bbox 106 761 252 793; x_wconf 80' lang='grc' dir='ltr'>τελοῦντα,</span> <span class='ocrx_word' id='word_1_101' title='bbox 271 760 426 796; x_wconf 74' lang='grc' dir='ltr'>διορίζομεν</span> <span class='ocrx_word' id='word_1_102' title='bbox 437 759 466 785; x_wconf 86' lang='grc' dir='ltr'>ὲν</span> <span class='ocrx_word' id='word_1_103' title='bbox 479 759 574 794; x_wconf 79' lang='grc' dir='ltr'>Κυρίῳ</span> <span class='ocrx_word' id='word_1_104' title='bbox 587 758 660 786; x_wconf 82' lang='grc' dir='ltr'>τάδε.</span> <span class='ocrx_word' id='word_1_105' title='bbox 676 758 786 785; x_wconf 83' lang='grc' dir='ltr'>Τούτων</span> <span class='ocrx_word' id='word_1_106' title='bbox 799 766 899 793; x_wconf 89' lang='grc' dir='ltr'>μηνυο-</span> 
     </span>
    </p>
   </div>
   <div class='ocr_carea' id='block_1_18' title="bbox 109 805 897 842">
    <p class='ocr_par' dir='ltr' id='par_1_18' title="bbox 109 805 897 842">
     <span class='ocr_line' id='line_1_18' title="bbox 109 805 897 842; baseline -0.003 -9"><span class='ocrx_word' id='word_1_107' title='bbox 109 807 200 842; x_wconf 82' lang='grc' dir='ltr'>μένων</span> <span class='ocrx_word' id='word_1_108' title='bbox 214 806 231 841; x_wconf 83' lang='grc' dir='ltr'>ἢ</span> <span class='ocrx_word' id='word_1_109' title='bbox 245 805 445 841; x_wconf 82' lang='grc' dir='ltr'>θεωρουμένων</span> <span class='ocrx_word' id='word_1_110' title='bbox 459 805 530 832; x_wconf 85' lang='grc' dir='ltr'>κατὰ</span> <span class='ocrx_word' id='word_1_111' title='bbox 542 805 669 840; x_wconf 79' lang='grc' dir='ltr'>περίοδον</span> <span class='ocrx_word' id='word_1_112' title='bbox 686 805 754 840; x_wconf 84' lang='grc' dir='ltr'>πρὸς</span> <span class='ocrx_word' id='word_1_113' title='bbox 781 805 897 831; x_wconf 75' lang='grc' dir='ltr'>ἑκάστου</span> 
     </span>
    </p>
   </div>
   <div class='ocr_carea' id='block_1_19' title="bbox 105 850 896 886">
    <p class='ocr_par' dir='ltr' id='par_1_19' title="bbox 105 850 896 886">
     <span class='ocr_line' id='line_1_19' title="bbox 105 850 896 886; baseline -0.001 -8"><span class='ocrx_word' id='word_1_114' title='bbox 105 852 162 878; x_wconf 78' lang='grc' dir='ltr'><strong>τῶν</strong></span> <span class='ocrx_word' id='word_1_115' title='bbox 176 851 393 886; x_wconf 78' lang='grc' dir='ltr'>συνειλεγμένων</span> <span class='ocrx_word' id='word_1_116' title='bbox 411 852 440 877; x_wconf 87' lang='grc' dir='ltr'><strong>ἐν</strong></span> <span class='ocrx_word' id='word_1_117' title='bbox 453 852 486 886; x_wconf 88' lang='grc' dir='ltr'><strong>τῇ</strong></span> <span class='ocrx_word' id='word_1_118' title='bbox 502 850 666 885; x_wconf 79' lang='grc' dir='ltr'>ἀδελφότητι</span> <span class='ocrx_word' id='word_1_119' title='bbox 681 850 777 886; x_wconf 75' lang='grc' dir='ltr'>νεκρὸν</span> <span class='ocrx_word' id='word_1_120' title='bbox 790 850 896 886; x_wconf 78' lang='grc' dir='ltr'>ἄνθρω-</span> 
     </span>
    </p>
   </div>
   <div class='ocr_carea' id='block_1_20' title="bbox 105 894 898 932">
    <p class='ocr_par' dir='ltr' id='par_1_20' title="bbox 105 894 898 932">
     <span class='ocr_line' id='line_1_20' title="bbox 105 894 898 932; baseline -0.005 -8"><span class='ocrx_word' id='word_1_121' title='bbox 105 907 169 930; x_wconf 74' lang='grc' dir='ltr'>πον,</span> <span class='ocrx_word' id='word_1_122' title='bbox 185 897 279 924; x_wconf 86' lang='grc' dir='ltr'>τοῦτον</span> <span class='ocrx_word' id='word_1_123' title='bbox 301 898 357 928; x_wconf 84' lang='grc' dir='ltr'>τοῖς</span> <span class='ocrx_word' id='word_1_124' title='bbox 383 896 569 932; x_wconf 83' lang='grc' dir='ltr'>προσήκουσιν</span> <span class='ocrx_word' id='word_1_125' title='bbox 597 894 736 930; x_wconf 72' lang='grc' dir='ltr'>ἐνταφίοις</span> <span class='ocrx_word' id='word_1_126' title='bbox 754 895 898 930; x_wconf 73' lang='grc' dir='ltr'>ἐκκομίζε-</span> 
     </span>
    </p>
   </div>
   <div class='ocr_carea' id='block_1_21' title="bbox 107 941 898 976">
    <p class='ocr_par' dir='ltr' id='par_1_21' title="bbox 107 941 898 976">
     <span class='ocr_line' id='line_1_21' title="bbox 107 941 898 976; baseline -0.004 -6"><span class='ocrx_word' id='word_1_127' title='bbox 107 943 191 975; x_wconf 81' lang='grc' dir='ltr'>σθαι,</span> <span class='ocrx_word' id='word_1_128' title='bbox 219 941 396 970; x_wconf 78' lang='grc' dir='ltr'>ἀποτίθεσθαι</span> <span class='ocrx_word' id='word_1_129' title='bbox 422 943 452 967; x_wconf 83' lang='grc' dir='ltr'><strong>ἐν</strong></span> <span class='ocrx_word' id='word_1_130' title='bbox 476 942 538 972; x_wconf 80' lang='grc' dir='ltr'>ταῖς</span> <span class='ocrx_word' id='word_1_131' title='bbox 563 941 802 976; x_wconf 85' lang='grc' dir='ltr'>ἀποτεταγμέναις</span> <span class='ocrx_word' id='word_1_132' title='bbox 832 941 898 976; x_wconf 86' lang='grc' dir='ltr'>ύμῖν</span> 
     </span>
    </p>
   </div>
   <div class='ocr_carea' id='block_1_22' title="bbox 104 986 898 1024">
    <p class='ocr_par' dir='ltr' id='par_1_22' title="bbox 104 986 898 1024">
     <span class='ocr_line' id='line_1_22' title="bbox 104 986 898 1024; baseline -0.003 -8"><span class='ocrx_word' id='word_1_133' title='bbox 104 989 195 1020; x_wconf 76' lang='grc' dir='ltr'>ὁσίαις</span> <span class='ocrx_word' id='word_1_134' title='bbox 217 988 326 1024; x_wconf 84' lang='grc' dir='ltr'>θήκαις.</span> <span class='ocrx_word' id='word_1_135' title='bbox 340 988 395 1014; x_wconf 73' lang='grc' dir='ltr'><strong>Καὶ</strong></span> <span class='ocrx_word' id='word_1_136' title='bbox 413 987 466 1022; x_wconf 86' lang='grc' dir='ltr'>μὴν</span> <span class='ocrx_word' id='word_1_137' title='bbox 481 987 526 1014; x_wconf 80' lang='grc' dir='ltr'><strong>διὰ</strong></span> <span class='ocrx_word' id='word_1_138' title='bbox 546 986 594 1013; x_wconf 83' lang='grc' dir='ltr'><strong>τοῦ</strong></span> <span class='ocrx_word' id='word_1_139' title='bbox 620 986 761 1020; x_wconf 88' lang='grc' dir='ltr'>ἐνιαυτοῦ,</span> <span class='ocrx_word' id='word_1_140' title='bbox 779 988 852 1023; x_wconf 78' lang='grc' dir='ltr'>ἀρχῇ</span> <span class='ocrx_word' id='word_1_141' title='bbox 867 995 898 1014; x_wconf 71' lang='grc' dir='ltr'>τι</span> 
     </span>
    </p>
   </div>
   <div class='ocr_carea' id='block_1_23' title="bbox 107 1033 899 1069">
    <p class='ocr_par' dir='ltr' id='par_1_23' title="bbox 107 1033 899 1069">
     <span class='ocr_line' id='line_1_23' title="bbox 107 1033 899 1069; baseline -0.003 -8"><span class='ocrx_word' id='word_1_142' title='bbox 107 1035 236 1067; x_wconf 84' lang='grc' dir='ltr'>ίνδίκτου,</span> <span class='ocrx_word' id='word_1_143' title='bbox 261 1034 309 1060; x_wconf 74' lang='grc' dir='ltr'><strong>καὶ</strong></span> <span class='ocrx_word' id='word_1_144' title='bbox 335 1033 379 1060; x_wconf 77' lang='grc' dir='ltr'><strong>διὰ</strong></span> <span class='ocrx_word' id='word_1_145' title='bbox 393 1034 443 1068; x_wconf 84' lang='grc' dir='ltr'>τῆς</span> <span class='ocrx_word' id='word_1_146' title='bbox 459 1033 488 1059; x_wconf 85' lang='grc' dir='ltr'><strong>ἐν</strong></span> <span class='ocrx_word' id='word_1_147' title='bbox 510 1034 545 1068; x_wconf 79' lang='grc' dir='ltr'><strong>τῇ</strong></span> <span class='ocrx_word' id='word_1_148' title='bbox 574 1033 748 1069; x_wconf 80' lang='grc' dir='ltr'>Πεντηκοστῇ</span> <span class='ocrx_word' id='word_1_149' title='bbox 776 1033 899 1068; x_wconf 86' lang='grc' dir='ltr'>πολυμε-</span> 
     </span>
    </p>
   </div>
   <div class='ocr_carea' id='block_1_24' title="bbox 106 1078 897 1115">
    <p class='ocr_par' dir='ltr' id='par_1_24' title="bbox 106 1078 897 1115">
     <span class='ocr_line' id='line_1_24' title="bbox 106 1078 897 1115; baseline 0 -9"><span class='ocrx_word' id='word_1_150' title='bbox 106 1080 196 1115; x_wconf 84' lang='grc' dir='ltr'>ρείας,</span> <span class='ocrx_word' id='word_1_151' title='bbox 212 1079 347 1106; x_wconf 78' lang='grc' dir='ltr'>ἐπιτελεῖν</span> <span class='ocrx_word' id='word_1_152' title='bbox 361 1079 436 1113; x_wconf 77' lang='grc' dir='ltr'>ἡμᾶς</span> <span class='ocrx_word' id='word_1_153' title='bbox 450 1078 551 1110; x_wconf 82' lang='grc' dir='ltr'>κοινῶς</span> <span class='ocrx_word' id='word_1_154' title='bbox 560 1079 594 1104; x_wconf 74' lang='grc' dir='ltr'><strong>τὰ</strong></span> <span class='ocrx_word' id='word_1_155' title='bbox 616 1079 777 1114; x_wconf 85' lang='grc' dir='ltr'>μνημόσυνα</span> <span class='ocrx_word' id='word_1_156' title='bbox 788 1079 897 1106; x_wconf 80' lang='grc' dir='ltr'>πάντων</span> 
     </span>
    </p>
   </div>
   <div class='ocr_carea' id='block_1_25' title="bbox 104 1123 898 1162">
    <p class='ocr_par' dir='ltr' id='par_1_25' title="bbox 104 1123 898 1162">
     <span class='ocr_line' id='line_1_25' title="bbox 104 1123 898 1162; baseline -0.003 -8"><span class='ocrx_word' id='word_1_157' title='bbox 104 1127 162 1154; x_wconf 87' lang='grc' dir='ltr'><strong>τῶν</strong></span> <span class='ocrx_word' id='word_1_158' title='bbox 174 1125 360 1162; x_wconf 84' lang='grc' dir='ltr'>κηδευθέντων</span> <span class='ocrx_word' id='word_1_159' title='bbox 376 1133 384 1141; x_wconf 71' lang='grc' dir='ltr'><strong>ν</strong></span> <span class='ocrx_word' id='word_1_160' title='bbox 397 1123 546 1151; x_wconf 85' lang='grc' dir='ltr'>ποιούντων</span> <span class='ocrx_word' id='word_1_161' title='bbox 570 1124 651 1160; x_wconf 82' lang='grc' dir='ltr'>ἡμῶν</span> <span class='ocrx_word' id='word_1_162' title='bbox 663 1125 692 1151; x_wconf 88' lang='grc' dir='ltr'><strong>ἐν</strong></span> <span class='ocrx_word' id='word_1_163' title='bbox 704 1124 796 1160; x_wconf 88' lang='grc' dir='ltr'>ταυτῷ</span> <span class='ocrx_word' id='word_1_164' title='bbox 806 1125 838 1151; x_wconf 84' lang='grc' dir='ltr'><strong>ἐκ</strong></span> <span class='ocrx_word' id='word_1_165' title='bbox 849 1125 898 1160; x_wconf 82' lang='grc' dir='ltr'>τῆς</span> 
     </span>
    </p>
   </div>
   <div class='ocr_carea' id='block_1_26' title="bbox 105 1170 896 1206">
    <p class='ocr_par' dir='ltr' id='par_1_26' title="bbox 105 1170 896 1206">
     <span class='ocr_line' id='line_1_26' title="bbox 105 1170 896 1206; baseline -0.001 -8"><span class='ocrx_word' id='word_1_166' title='bbox 105 1170 288 1206; x_wconf 72' lang='grc' dir='ltr'>ωνεισφορᾱς</span> <span class='ocrx_word' id='word_1_167' title='bbox 307 1170 355 1196; x_wconf 77' lang='grc' dir='ltr'>καὶ</span> <span class='ocrx_word' id='word_1_168' title='bbox 367 1170 478 1205; x_wconf 78' lang='grc' dir='ltr'>ἀγάπην</span> <span class='ocrx_word' id='word_1_169' title='bbox 493 1170 697 1206; x_wconf 83' lang='grc' dir='ltr'>παρακλήσεως</span> <span class='ocrx_word' id='word_1_170' title='bbox 709 1170 871 1205; x_wconf 81' lang='grc' dir='ltr'>σωματικῆς</span> <span class='ocrx_word' id='word_1_171' title='bbox 888 1178 896 1185; x_wconf 87' lang='grc'><strong>·</strong></span> 
     </span>
    </p>
   </div>
   <div class='ocr_carea' id='block_1_27' title="bbox 107 1215 898 1253">
    <p class='ocr_par' dir='ltr' id='par_1_27' title="bbox 107 1215 898 1253">
     <span class='ocr_line' id='line_1_27' title="bbox 107 1215 898 1253; baseline -0.001 -10"><span class='ocrx_word' id='word_1_172' title='bbox 107 1217 148 1253; x_wconf 85' lang='grc' dir='ltr'>μὴ</span> <span class='ocrx_word' id='word_1_173' title='bbox 183 1218 281 1253; x_wconf 78' lang='grc' dir='ltr'>μέντοι</span> <span class='ocrx_word' id='word_1_174' title='bbox 300 1216 353 1249; x_wconf 84' lang='grc' dir='ltr'>ἐξω</span> <span class='ocrx_word' id='word_1_175' title='bbox 367 1215 423 1242; x_wconf 88' lang='grc' dir='ltr'><strong>τῶν</strong></span> <span class='ocrx_word' id='word_1_176' title='bbox 439 1216 642 1252; x_wconf 83' lang='grc' dir='ltr'>νενομισμένων</span> <span class='ocrx_word' id='word_1_177' title='bbox 658 1216 708 1251; x_wconf 81' lang='grc' dir='ltr'>τῆς</span> <span class='ocrx_word' id='word_1_178' title='bbox 732 1216 898 1252; x_wconf 76' lang='grc' dir='ltr'>αὐταρκείας</span> 
     </span>
    </p>
   </div>
   <div class='ocr_carea' id='block_1_28' title="bbox 105 1260 898 1298">
    <p class='ocr_par' dir='ltr' id='par_1_28' title="bbox 105 1260 898 1298">
     <span class='ocr_line' id='line_1_28' title="bbox 105 1260 898 1298; baseline -0.003 -8"><span class='ocrx_word' id='word_1_179' title='bbox 105 1264 200 1298; x_wconf 80' lang='grc' dir='ltr'>ὅρων·</span> <span class='ocrx_word' id='word_1_180' title='bbox 229 1261 267 1293; x_wconf 85' lang='grc' dir='ltr'>ὼς</span> <span class='ocrx_word' id='word_1_181' title='bbox 291 1261 307 1296; x_wconf 81' lang='grc' dir='ltr'>ἢ</span> <span class='ocrx_word' id='word_1_182' title='bbox 329 1261 468 1296; x_wconf 72' lang='grc' dir='ltr'>πολυοινίσ.</span> <span class='ocrx_word' id='word_1_183' title='bbox 493 1261 509 1296; x_wconf 84' lang='grc' dir='ltr'><strong>ἢ</strong></span> <span class='ocrx_word' id='word_1_184' title='bbox 540 1261 699 1296; x_wconf 79' lang='grc' dir='ltr'>πολυφαγίᾳ</span> <span class='ocrx_word' id='word_1_185' title='bbox 727 1260 898 1297; x_wconf 79' lang='grc' dir='ltr'>ἐξορχεῖσθαι</span> 
     </span>
    </p>
   </div>
   <div class='ocr_carea' id='block_1_29' title="bbox 105 1306 898 1344">
    <p class='ocr_par' dir='ltr' id='par_1_29' title="bbox 105 1306 898 1344">
     <span class='ocr_line' id='line_1_29' title="bbox 105 1306 898 1344; baseline -0.001 -9"><span class='ocrx_word' id='word_1_186' title='bbox 105 1309 183 1344; x_wconf 80' lang='grc' dir='ltr'>ἡμᾶς</span> <span class='ocrx_word' id='word_1_187' title='bbox 195 1308 230 1334; x_wconf 81' lang='grc' dir='ltr'>τὰ</span> <span class='ocrx_word' id='word_1_188' title='bbox 244 1307 444 1342; x_wconf 83' lang='grc' dir='ltr'>ἐπιτελούμενα</span> <span class='ocrx_word' id='word_1_189' title='bbox 463 1307 640 1342; x_wconf 85' lang='grc' dir='ltr'>μνημόσυνα·</span> <span class='ocrx_word' id='word_1_190' title='bbox 653 1306 720 1333; x_wconf 82' lang='grc' dir='ltr'>ἀλλὰ</span> <span class='ocrx_word' id='word_1_191' title='bbox 743 1307 802 1342; x_wconf 78' lang='grc' dir='ltr'>μετ’</span> <span class='ocrx_word' id='word_1_192' title='bbox 816 1308 898 1334; x_wconf 77' lang='grc' dir='ltr'>εὐλα-</span> 
     </span>
    </p>
   </div>
   <div class='ocr_carea' id='block_1_30' title="bbox 104 1352 898 1390">
    <p class='ocr_par' dir='ltr' id='par_1_30' title="bbox 104 1352 898 1390">
     <span class='ocr_line' id='line_1_30' title="bbox 104 1352 898 1390; baseline 0 -9"><span class='ocrx_word' id='word_1_193' title='bbox 104 1354 183 1385; x_wconf 75' lang='grc' dir='ltr'>ϐείας</span> <span class='ocrx_word' id='word_1_194' title='bbox 207 1353 400 1390; x_wconf 80' lang='grc' dir='ltr'>ἀναφερόντων</span> <span class='ocrx_word' id='word_1_195' title='bbox 424 1352 504 1388; x_wconf 83' lang='grc' dir='ltr'>ὴμῶν</span> <span class='ocrx_word' id='word_1_196' title='bbox 527 1352 683 1387; x_wconf 80' lang='grc' dir='ltr'>δοξολογίαν</span> <span class='ocrx_word' id='word_1_197' title='bbox 704 1352 744 1388; x_wconf 84' lang='grc' dir='ltr'><strong>τῷ</strong></span> <span class='ocrx_word' id='word_1_198' title='bbox 762 1353 898 1387; x_wconf 78' lang='grc' dir='ltr'>καταξιῶ-</span> 
     </span>
    </p>
   </div>
   <div class='ocr_carea' id='block_1_31' title="bbox 105 1398 898 1435">
    <p class='ocr_par' dir='ltr' id='par_1_31' title="bbox 105 1398 898 1435">
     <span class='ocr_line' id='line_1_31' title="bbox 105 1398 898 1435; baseline 0.001 -9"><span class='ocrx_word' id='word_1_199' title='bbox 105 1408 186 1426; x_wconf 85' lang='grc' dir='ltr'>σαντι</span> <span class='ocrx_word' id='word_1_200' title='bbox 200 1400 275 1434; x_wconf 81' lang='grc' dir='ltr'>ἡμᾶς</span> <span class='ocrx_word' id='word_1_201' title='bbox 290 1399 351 1433; x_wconf 82' lang='grc' dir='ltr'><strong>Θεῷ</strong></span> <span class='ocrx_word' id='word_1_202' title='bbox 367 1398 417 1434; x_wconf 82' lang='grc' dir='ltr'><strong>τὴν</strong></span> <span class='ocrx_word' id='word_1_203' title='bbox 432 1399 509 1425; x_wconf 81' lang='grc' dir='ltr'>ὁσίαν</span> <span class='ocrx_word' id='word_1_204' title='bbox 528 1398 631 1432; x_wconf 87' lang='grc' dir='ltr'>ταύτην</span> <span class='ocrx_word' id='word_1_205' title='bbox 649 1398 760 1434; x_wconf 84' lang='grc' dir='ltr'>τελετὴν</span> <span class='ocrx_word' id='word_1_206' title='bbox 778 1400 898 1435; x_wconf 85' lang='grc' dir='ltr'>ποιήσα-</span> 
     </span>
    </p>
   </div>
   <div class='ocr_carea' id='block_1_32' title="bbox 105 1443 897 1480">
    <p class='ocr_par' dir='ltr' id='par_1_32' title="bbox 105 1443 897 1480">
     <span class='ocr_line' id='line_1_32' title="bbox 105 1443 897 1480; baseline 0.001 -8"><span class='ocrx_word' id='word_1_207' title='bbox 105 1445 188 1477; x_wconf 87' lang='grc' dir='ltr'>σθαι,</span> <span class='ocrx_word' id='word_1_208' title='bbox 205 1444 294 1476; x_wconf 77' lang='grc' dir='ltr'>οὕτως</span> <span class='ocrx_word' id='word_1_209' title='bbox 321 1444 368 1471; x_wconf 77' lang='grc' dir='ltr'><strong>ἐπὶ</strong></span> <span class='ocrx_word' id='word_1_210' title='bbox 393 1443 443 1479; x_wconf 84' lang='grc' dir='ltr'>τὴν</span> <span class='ocrx_word' id='word_1_211' title='bbox 457 1444 507 1479; x_wconf 85' lang='grc' dir='ltr'>τῆς</span> <span class='ocrx_word' id='word_1_212' title='bbox 532 1443 675 1479; x_wconf 79' lang='grc' dir='ltr'>τραπέζης</span> <span class='ocrx_word' id='word_1_213' title='bbox 696 1444 766 1470; x_wconf 88' lang='grc' dir='ltr'>ίέναι</span> <span class='ocrx_word' id='word_1_214' title='bbox 790 1445 897 1480; x_wconf 81' lang='grc' dir='ltr'>χρείαν,</span> 
     </span>
    </p>
   </div>
   <div class='ocr_carea' id='block_1_33' title="bbox 105 1488 898 1527">
    <p class='ocr_par' dir='ltr' id='par_1_33' title="bbox 105 1488 898 1527">
     <span class='ocr_line' id='line_1_33' title="bbox 105 1488 898 1527; baseline -0.001 -9"><span class='ocrx_word' id='word_1_215' title='bbox 105 1489 436 1527; x_wconf 77' lang='grc' dir='ltr'>προσαναγινωσκομένου</span> <span class='ocrx_word' id='word_1_216' title='bbox 456 1489 508 1524; x_wconf 76' lang='grc' dir='ltr'>ήδη</span> <span class='ocrx_word' id='word_1_217' title='bbox 525 1488 571 1515; x_wconf 84' lang='grc' dir='ltr'><strong>τοῦ</strong></span> <span class='ocrx_word' id='word_1_218' title='bbox 585 1488 680 1524; x_wconf 80' lang='grc' dir='ltr'>τόμον,</span> <span class='ocrx_word' id='word_1_219' title='bbox 699 1490 736 1520; x_wconf 85' lang='grc' dir='ltr'><strong>ὡς</strong></span> <span class='ocrx_word' id='word_1_220' title='bbox 752 1490 785 1516; x_wconf 85' lang='grc' dir='ltr'>ἂν</span> <span class='ocrx_word' id='word_1_221' title='bbox 798 1491 846 1516; x_wconf 86' lang='grc' dir='ltr'>καὶ</span> <span class='ocrx_word' id='word_1_222' title='bbox 854 1491 898 1517; x_wconf 82' lang='grc' dir='ltr'>ἐπ’</span> 
     </span>
    </p>
   </div>
   <div class='ocr_carea' id='block_1_34' title="bbox 104 1534 896 1571">
    <p class='ocr_par' dir='ltr' id='par_1_34' title="bbox 104 1534 890 1571">
     <span class='ocr_line' id='line_1_34' title="bbox 104 1534 890 1571; baseline -0.001 -8"><span class='ocrx_word' id='word_1_223' title='bbox 104 1538 194 1571; x_wconf 82' lang='grc' dir='ltr'>αὐτῆς</span> <span class='ocrx_word' id='word_1_224' title='bbox 207 1536 257 1570; x_wconf 82' lang='grc' dir='ltr'>τῆς</span> <span class='ocrx_word' id='word_1_225' title='bbox 267 1535 373 1571; x_wconf 80' lang='grc' dir='ltr'>τροφῆς</span> <span class='ocrx_word' id='word_1_226' title='bbox 385 1534 464 1570; x_wconf 85' lang='grc' dir='ltr'>ἡμῶν</span> <span class='ocrx_word' id='word_1_227' title='bbox 477 1534 512 1561; x_wconf 83' lang='grc' dir='ltr'><strong>τὰ</strong></span> <span class='ocrx_word' id='word_1_228' title='bbox 527 1534 630 1570; x_wconf 82' lang='grc' dir='ltr'>ἀρεστὰ</span> <span class='ocrx_word' id='word_1_229' title='bbox 648 1535 743 1570; x_wconf 81' lang='grc' dir='ltr'>Κυρίῳ</span> <span class='ocrx_word' id='word_1_230' title='bbox 759 1536 890 1571; x_wconf 74' lang='grc' dir='ltr'>μεταδιώι</span> 
     </span>
    </p>
   </div>
   <div class='ocr_carea' id='block_1_35' title="bbox 947 1534 1149 1571">
    <p class='ocr_par' dir='ltr' id='par_1_35' title="bbox 948 1536 1149 1564">
     <span class='ocr_line' id='line_1_35' title="bbox 948 1536 1149 1564; baseline -0.005 0"><span class='ocrx_word' id='word_1_231' title='bbox 948 1536 1116 1564; x_wconf 86' lang='lat' dir='ltr'><strong>conveniunt</strong></span> <span class='ocrx_word' id='word_1_232' title='bbox 1141 1544 1149 1563; x_wconf 84' lang='lat'><strong>:</strong></span> 
     </span>
    </p>
   </div>
   <div class='ocr_carea' id='block_1_36' title="bbox 103 1579 892 1617">
    <p class='ocr_par' dir='ltr' id='par_1_36' title="bbox 103 1579 892 1617">
     <span class='ocr_line' id='line_1_36' title="bbox 103 1579 892 1617; baseline -0.001 -8"><span class='ocrx_word' id='word_1_233' title='bbox 103 1590 176 1609; x_wconf 86' lang='grc' dir='ltr'>κειν·</span> <span class='ocrx_word' id='word_1_234' title='bbox 203 1582 251 1608; x_wconf 89' lang='grc' dir='ltr'><strong>τοῦ</strong></span> <span class='ocrx_word' id='word_1_235' title='bbox 268 1581 340 1607; x_wconf 80' lang='grc' dir='ltr'>κατὰ</span> <span class='ocrx_word' id='word_1_236' title='bbox 358 1580 521 1615; x_wconf 82' lang='grc' dir='ltr'>περισσείαν</span> <span class='ocrx_word' id='word_1_237' title='bbox 538 1579 737 1616; x_wconf 78' lang='grc' dir='ltr'>διανεμομένου</span> <span class='ocrx_word' id='word_1_238' title='bbox 752 1582 870 1617; x_wconf 79' lang='grc' dir='ltr'>πτωχοῖς</span> <span class='ocrx_word' id='word_1_239' title='bbox 886 1590 892 1596; x_wconf 90' lang='grc'><strong>·</strong></span> 
     </span>
    </p>
   </div>
   <div class='ocr_carea' id='block_1_37' title="bbox 105 1625 895 1664">
    <p class='ocr_par' dir='ltr' id='par_1_37' title="bbox 105 1625 895 1664">
     <span class='ocr_line' id='line_1_37' title="bbox 105 1625 895 1664; baseline 0 -10"><span class='ocrx_word' id='word_1_240' title='bbox 105 1629 144 1664; x_wconf 76' lang='grc' dir='ltr'>μὴ</span> <span class='ocrx_word' id='word_1_241' title='bbox 160 1627 416 1663; x_wconf 72' lang='grc' dir='ltr'>ἐμπολιτευομένων</span> <span class='ocrx_word' id='word_1_242' title='bbox 438 1625 532 1661; x_wconf 83' lang='grc' dir='ltr'>ἀργῶν</span> <span class='ocrx_word' id='word_1_243' title='bbox 561 1627 693 1661; x_wconf 84' lang='grc' dir='ltr'>ῥημάτων</span> <span class='ocrx_word' id='word_1_244' title='bbox 706 1627 735 1653; x_wconf 78' lang='grc' dir='ltr'><strong>ἐν</strong></span> <span class='ocrx_word' id='word_1_245' title='bbox 749 1628 783 1662; x_wconf 80' lang='grc' dir='ltr'><strong>τῇ</strong></span> <span class='ocrx_word' id='word_1_246' title='bbox 799 1627 895 1655; x_wconf 67' lang='grc' dir='ltr'>ἐστιάι</span> 
     </span>
    </p>
   </div>
   <div class='ocr_carea' id='block_1_38' title="bbox 105 1671 897 1709">
    <p class='ocr_par' dir='ltr' id='par_1_38' title="bbox 105 1671 897 1709">
     <span class='ocr_line' id='line_1_38' title="bbox 105 1671 897 1709; baseline -0.001 -9"><span class='ocrx_word' id='word_1_247' title='bbox 105 1682 159 1706; x_wconf 82' lang='grc' dir='ltr'>σει,</span> <span class='ocrx_word' id='word_1_248' title='bbox 186 1673 255 1709; x_wconf 86' lang='grc' dir='ltr'><strong>μηδέ</strong></span> <span class='ocrx_word' id='word_1_249' title='bbox 281 1672 499 1707; x_wconf 81' lang='grc' dir='ltr'>γελοιασμὰτων,</span> <span class='ocrx_word' id='word_1_250' title='bbox 523 1671 622 1698; x_wconf 83' lang='grc' dir='ltr'>πολλοῦ</span> <span class='ocrx_word' id='word_1_251' title='bbox 651 1680 683 1706; x_wconf 86' lang='grc' dir='ltr'><strong>γε</strong></span> <span class='ocrx_word' id='word_1_252' title='bbox 716 1672 805 1699; x_wconf 84' lang='grc' dir='ltr'>εἰπεῖν</span> <span class='ocrx_word' id='word_1_253' title='bbox 833 1682 897 1700; x_wconf 84' lang='grc' dir='ltr'>παι-</span> 
     </span>
    </p>
   </div>
   <div class='ocr_carea' id='block_1_39' title="bbox 103 1717 895 1755">
    <p class='ocr_par' dir='ltr' id='par_1_39' title="bbox 103 1717 895 1755">
     <span class='ocr_line' id='line_1_39' title="bbox 103 1717 895 1755; baseline -0.001 -9"><span class='ocrx_word' id='word_1_254' title='bbox 103 1719 189 1755; x_wconf 84' lang='grc' dir='ltr'>γνίων</span> <span class='ocrx_word' id='word_1_255' title='bbox 205 1727 212 1733; x_wconf 88' lang='grc'><strong>·</strong></span> <span class='ocrx_word' id='word_1_256' title='bbox 227 1719 294 1745; x_wconf 81' lang='grc' dir='ltr'>ὅπου</span> <span class='ocrx_word' id='word_1_257' title='bbox 308 1727 340 1752; x_wconf 89' lang='grc' dir='ltr'><strong>γε</strong></span> <span class='ocrx_word' id='word_1_258' title='bbox 358 1718 419 1744; x_wconf 74' lang='grc' dir='ltr'>οὐδὲ</span> <span class='ocrx_word' id='word_1_259' title='bbox 430 1717 468 1752; x_wconf 86' lang='grc' dir='ltr'>τῷ</span> <span class='ocrx_word' id='word_1_260' title='bbox 483 1717 593 1752; x_wconf 81' lang='grc' dir='ltr'>τυχόντι</span> <span class='ocrx_word' id='word_1_261' title='bbox 606 1717 762 1752; x_wconf 85' lang='grc' dir='ltr'>Χριστιανῷ</span> <span class='ocrx_word' id='word_1_262' title='bbox 775 1719 895 1753; x_wconf 75' lang='grc' dir='ltr'>ἐνεργεῖν</span> 
     </span>
    </p>
   </div>
   <div class='ocr_carea' id='block_1_40' title="bbox 103 1761 896 1800">
    <p class='ocr_par' dir='ltr' id='par_1_40' title="bbox 103 1761 896 1800">
     <span class='ocr_line' id='line_1_40' title="bbox 103 1761 896 1800; baseline -0.001 -9"><span class='ocrx_word' id='word_1_263' title='bbox 103 1765 214 1800; x_wconf 85' lang='grc' dir='ltr'>δέχεται</span> <span class='ocrx_word' id='word_1_264' title='bbox 228 1765 242 1790; x_wconf 86' lang='grc' dir='ltr'><strong>ό</strong></span> <span class='ocrx_word' id='word_1_265' title='bbox 268 1763 358 1798; x_wconf 84' lang='grc' dir='ltr'>λόγος.</span> <span class='ocrx_word' id='word_1_266' title='bbox 375 1763 406 1789; x_wconf 86' lang='grc' dir='ltr'><strong>Εἰ</strong></span> <span class='ocrx_word' id='word_1_267' title='bbox 424 1762 453 1788; x_wconf 77' lang='grc' dir='ltr'>δὲ</span> <span class='ocrx_word' id='word_1_268' title='bbox 485 1762 533 1788; x_wconf 79' lang='grc' dir='ltr'>καὶ</span> <span class='ocrx_word' id='word_1_269' title='bbox 558 1761 649 1788; x_wconf 84' lang='grc' dir='ltr'>λαλεῖν</span> <span class='ocrx_word' id='word_1_270' title='bbox 672 1761 789 1796; x_wconf 84' lang='grc' dir='ltr'>δεήσειε,</span> <span class='ocrx_word' id='word_1_271' title='bbox 807 1762 896 1790; x_wconf 87' lang='grc' dir='ltr'>ταῦτα</span> 
     </span>
    </p>
   </div>
   <div class='ocr_carea' id='block_1_41' title="bbox 104 1805 895 1844">
    <p class='ocr_par' dir='ltr' id='par_1_41' title="bbox 104 1805 895 1844">
     <span class='ocr_line' id='line_1_41' title="bbox 104 1805 895 1844; baseline -0.003 -8"><span class='ocrx_word' id='word_1_272' title='bbox 104 1810 156 1836; x_wconf 82' lang='grc' dir='ltr'>ὅσα</span> <span class='ocrx_word' id='word_1_273' title='bbox 184 1809 287 1844; x_wconf 86' lang='grc' dir='ltr'>πρέπει</span> <span class='ocrx_word' id='word_1_274' title='bbox 318 1807 491 1842; x_wconf 86' lang='grc' dir='ltr'>Χριστιανοϊς</span> <span class='ocrx_word' id='word_1_275' title='bbox 507 1814 515 1821; x_wconf 91' lang='grc'>·</span> <span class='ocrx_word' id='word_1_276' title='bbox 535 1805 577 1837; x_wconf 83' lang='grc' dir='ltr'>τὸ,</span> <span class='ocrx_word' id='word_1_277' title='bbox 604 1806 786 1840; x_wconf 76' lang='grc' dir='ltr'>φυλάττεσθαι</span> <span class='ocrx_word' id='word_1_278' title='bbox 820 1808 895 1842; x_wconf 76' lang='grc' dir='ltr'>ἡμᾶς</span> 
     </span>
    </p>
   </div>
   <div class='ocr_carea' id='block_1_42' title="bbox 103 1852 896 1891">
    <p class='ocr_par' dir='ltr' id='par_1_42' title="bbox 103 1852 896 1891">
     <span class='ocr_line' id='line_1_42' title="bbox 103 1852 896 1891; baseline -0.003 -9"><span class='ocrx_word' id='word_1_279' title='bbox 103 1856 211 1891; x_wconf 77' lang='grc' dir='ltr'>ὃρκον⁸</span> <span class='ocrx_word' id='word_1_280' title='bbox 239 1854 291 1886; x_wconf 83' lang='grc' dir='ltr'>τὸ,</span> <span class='ocrx_word' id='word_1_281' title='bbox 322 1853 436 1888; x_wconf 80' lang='grc' dir='ltr'><strong>ἀγάπην</strong></span> <span class='ocrx_word' id='word_1_282' title='bbox 474 1852 548 1887; x_wconf 75' lang='grc' dir='ltr'>ἔχειν</span> <span class='ocrx_word' id='word_1_283' title='bbox 579 1852 607 1878; x_wconf 82' lang='grc' dir='ltr'><strong>ἐν</strong></span> <span class='ocrx_word' id='word_1_284' title='bbox 648 1852 774 1888; x_wconf 81' lang='grc' dir='ltr'>ἀλλήλοις</span> <span class='ocrx_word' id='word_1_285' title='bbox 790 1860 798 1868; x_wconf 77' lang='grc'><strong><em>⁸</em></strong></span> <span class='ocrx_word' id='word_1_286' title='bbox 829 1854 896 1889; x_wconf 80' lang='grc' dir='ltr'><strong>ἁλή-</strong></span> 
     </span>
    </p>
   </div>
   <div class='ocr_carea' id='block_1_43' title="bbox 103 1897 898 1934">
    <p class='ocr_par' dir='ltr' id='par_1_43' title="bbox 103 1897 898 1934">
     <span class='ocr_line' id='line_1_43' title="bbox 103 1897 898 1934; baseline -0.004 -6"><span class='ocrx_word' id='word_1_287' title='bbox 103 1901 182 1928; x_wconf 85' lang='grc' dir='ltr'>θειαν</span> <span class='ocrx_word' id='word_1_288' title='bbox 217 1901 250 1926; x_wconf 84' lang='grc' dir='ltr'><strong>ἐκ</strong></span> <span class='ocrx_word' id='word_1_289' title='bbox 282 1899 329 1925; x_wconf 83' lang='grc' dir='ltr'><strong>τοῦ</strong></span> <span class='ocrx_word' id='word_1_290' title='bbox 367 1898 502 1934; x_wconf 83' lang='grc' dir='ltr'>στόματος</span> <span class='ocrx_word' id='word_1_291' title='bbox 532 1897 682 1933; x_wconf 82' lang='grc' dir='ltr'>προφέρειν</span> <span class='ocrx_word' id='word_1_292' title='bbox 697 1905 705 1912; x_wconf 85' lang='grc'>·</span> <span class='ocrx_word' id='word_1_293' title='bbox 734 1897 812 1925; x_wconf 87' lang='grc' dir='ltr'>δόλου</span> <span class='ocrx_word' id='word_1_294' title='bbox 850 1900 898 1925; x_wconf 75' lang='grc' dir='ltr'>καὶ</span> 
     </span>
    </p>
   </div>
   <div class='ocr_carea' id='block_1_44' title="bbox 103 1943 897 1981">
    <p class='ocr_par' dir='ltr' id='par_1_44' title="bbox 103 1943 897 1981">
     <span class='ocr_line' id='line_1_44' title="bbox 103 1943 897 1981; baseline -0.003 -9"><span class='ocrx_word' id='word_1_295' title='bbox 103 1946 205 1981; x_wconf 78' lang='grc' dir='ltr'>φθόνου</span> <span class='ocrx_word' id='word_1_296' title='bbox 241 1944 469 1979; x_wconf 79' lang='grc' dir='ltr'>ἀποδιδράσκειν·</span> <span class='ocrx_word' id='word_1_297' title='bbox 502 1943 627 1974; x_wconf 84' lang='grc' dir='ltr'>εὐποιίας</span> <span class='ocrx_word' id='word_1_298' title='bbox 657 1943 687 1970; x_wconf 80' lang='grc' dir='ltr'>τὸ</span> <span class='ocrx_word' id='word_1_299' title='bbox 718 1944 788 1971; x_wconf 83' lang='grc' dir='ltr'>κατὰ</span> <span class='ocrx_word' id='word_1_300' title='bbox 814 1944 897 1971; x_wconf 84' lang='grc' dir='ltr'>δύνα-</span> 
     </span>
    </p>
   </div>
   <div class='ocr_carea' id='block_1_45' title="bbox 104 1988 897 2027">
    <p class='ocr_par' dir='ltr' id='par_1_45' title="bbox 104 1988 897 2027">
     <span class='ocr_line' id='line_1_45' title="bbox 104 1988 897 2027; baseline 0 -10"><span class='ocrx_word' id='word_1_301' title='bbox 104 2001 152 2027; x_wconf 87' lang='grc' dir='ltr'><strong>μιν</strong></span> <span class='ocrx_word' id='word_1_302' title='bbox 168 1989 330 2025; x_wconf 81' lang='grc' dir='ltr'>ἀντέχεσθαι</span> <span class='ocrx_word' id='word_1_303' title='bbox 344 1997 350 2004; x_wconf 93' lang='grc'><strong>·</strong></span> <span class='ocrx_word' id='word_1_304' title='bbox 366 1988 528 2024; x_wconf 72' lang='grc' dir='ltr'>ἐπισκέψεις</span> <span class='ocrx_word' id='word_1_305' title='bbox 547 1988 683 2015; x_wconf 81' lang='grc' dir='ltr'>ποιεῖσθαι</span> <span class='ocrx_word' id='word_1_306' title='bbox 699 1988 754 2016; x_wconf 86' lang='grc' dir='ltr'><strong>τῶν</strong></span> <span class='ocrx_word' id='word_1_307' title='bbox 768 1992 797 2017; x_wconf 81' lang='grc' dir='ltr'><strong>ἐν</strong></span> <span class='ocrx_word' id='word_1_308' title='bbox 811 1989 897 2025; x_wconf 84' lang='grc' dir='ltr'>φυλα-</span> 
     </span>
    </p>
   </div>
   <div class='ocr_carea' id='block_1_46' title="bbox 102 2034 895 2071">
    <p class='ocr_par' dir='ltr' id='par_1_46' title="bbox 102 2034 895 2071">
     <span class='ocr_line' id='line_1_46' title="bbox 102 2034 895 2071; baseline -0.001 -8"><span class='ocrx_word' id='word_1_309' title='bbox 102 2038 179 2068; x_wconf 87' lang='grc' dir='ltr'>καῖς,</span> <span class='ocrx_word' id='word_1_310' title='bbox 190 2035 245 2062; x_wconf 85' lang='grc' dir='ltr'><strong>τῶν</strong></span> <span class='ocrx_word' id='word_1_311' title='bbox 265 2038 294 2063; x_wconf 89' lang='grc' dir='ltr'><strong>ἐν</strong></span> <span class='ocrx_word' id='word_1_312' title='bbox 309 2034 488 2071; x_wconf 71' lang='grc' dir='ltr'>ἀρρωστίαις·</span> <span class='ocrx_word' id='word_1_313' title='bbox 503 2034 649 2069; x_wconf 75' lang='grc' dir='ltr'>προσέχειν</span> <span class='ocrx_word' id='word_1_314' title='bbox 661 2036 721 2067; x_wconf 86' lang='grc' dir='ltr'>ταῖς</span> <span class='ocrx_word' id='word_1_315' title='bbox 739 2035 895 2070; x_wconf 84' lang='grc' dir='ltr'>ἀναγνώσε-</span> 
     </span>
    </p>
   </div>
   <div class='ocr_carea' id='block_1_47' title="bbox 948 258 1738 296">
    <p class='ocr_par' dir='ltr' id='par_1_47' title="bbox 948 258 1738 296">
     <span class='ocr_line' id='line_1_47' title="bbox 948 258 1738 296; baseline 0.004 -11"><span class='ocrx_word' id='word_1_316' title='bbox 948 263 1044 294; x_wconf 85' lang='lat' dir='ltr'><strong>gnatos</strong></span> <span class='ocrx_word' id='word_1_317' title='bbox 1059 259 1139 287; x_wconf 88' lang='lat' dir='ltr'><strong>nobis</strong></span> <span class='ocrx_word' id='word_1_318' title='bbox 1158 258 1287 286; x_wconf 72' lang='lat' dir='ltr'><strong>aﬂectum</strong></span> <span class='ocrx_word' id='word_1_319' title='bbox 1306 259 1503 294; x_wconf 72' lang='lat' dir='ltr'><strong>suscipientes,</strong></span> <span class='ocrx_word' id='word_1_320' title='bbox 1529 267 1580 287; x_wconf 88' lang='lat' dir='ltr'><strong>nos</strong></span> <span class='ocrx_word' id='word_1_321' title='bbox 1600 260 1674 294; x_wconf 90' lang='lat' dir='ltr'><strong>ipsos</strong></span> <span class='ocrx_word' id='word_1_322' title='bbox 1693 261 1738 296; x_wconf 91' lang='lat' dir='ltr'><strong>pio</strong></span> 
     </span>
    </p>
   </div>
   <div class='ocr_carea' id='block_1_48' title="bbox 949 305 1738 341">
    <p class='ocr_par' dir='ltr' id='par_1_48' title="bbox 949 305 1738 341">
     <span class='ocr_line' id='line_1_48' title="bbox 949 305 1738 341; baseline 0.003 -9"><span class='ocrx_word' id='word_1_323' title='bbox 949 305 1015 332; x_wconf 84' lang='lat' dir='ltr'><strong>huic</strong></span> <span class='ocrx_word' id='word_1_324' title='bbox 1029 305 1308 340; x_wconf 68' lang='lat' dir='ltr'><strong>cretuiadjunximus,</strong></span> <span class='ocrx_word' id='word_1_325' title='bbox 1325 309 1354 332; x_wconf 86' lang='lat' dir='ltr'><strong>ut</strong></span> <span class='ocrx_word' id='word_1_326' title='bbox 1368 305 1547 332; x_wconf 87' lang='lat' dir='ltr'><strong>constitutum</strong></span> <span class='ocrx_word' id='word_1_327' title='bbox 1569 310 1621 338; x_wconf 86' lang='lat' dir='ltr'><strong>est,</strong></span> <span class='ocrx_word' id='word_1_328' title='bbox 1637 314 1738 341; x_wconf 76' lang='lat' dir='ltr'><strong>procu-</strong></span> 
     </span>
    </p>
   </div>
   <div class='ocr_carea' id='block_1_49' title="bbox 949 352 1738 388">
    <p class='ocr_par' dir='ltr' id='par_1_49' title="bbox 949 352 1738 388">
     <span class='ocr_line' id='line_1_49' title="bbox 949 352 1738 388; baseline 0.001 -9"><span class='ocrx_word' id='word_1_329' title='bbox 949 357 1042 379; x_wconf 84' lang='lat' dir='ltr'><strong>rantes</strong></span> <span class='ocrx_word' id='word_1_330' title='bbox 1055 352 1178 388; x_wconf 88' lang='lat' dir='ltr'><strong>neglecta</strong></span> <span class='ocrx_word' id='word_1_331' title='bbox 1198 352 1372 380; x_wconf 86' lang='lat' dir='ltr'><strong>tabernacula</strong></span> <span class='ocrx_word' id='word_1_332' title='bbox 1383 359 1432 379; x_wconf 87' lang='lat' dir='ltr'><strong>seu</strong></span> <span class='ocrx_word' id='word_1_333' title='bbox 1449 353 1593 385; x_wconf 81' lang='lat' dir='ltr'><strong>cadavera,</strong></span> <span class='ocrx_word' id='word_1_334' title='bbox 1610 361 1670 388; x_wconf 66' lang='lat' dir='ltr'><strong>qua:</strong></span> <span class='ocrx_word' id='word_1_335' title='bbox 1682 361 1738 388; x_wconf 70' lang='lat' dir='ltr'><strong>prae</strong></span> 
     </span>
    </p>
   </div>
   <div class='ocr_carea' id='block_1_50' title="bbox 949 398 1738 434">
    <p class='ocr_par' dir='ltr' id='par_1_50' title="bbox 949 398 1738 434">
     <span class='ocr_line' id='line_1_50' title="bbox 949 398 1738 434; baseline 0.003 -10"><span class='ocrx_word' id='word_1_336' title='bbox 949 398 1041 432; x_wconf 79' lang='lat' dir='ltr'><strong>inopia</strong></span> <span class='ocrx_word' id='word_1_337' title='bbox 1060 398 1103 425; x_wconf 85' lang='lat' dir='ltr'><strong>vel</strong></span> <span class='ocrx_word' id='word_1_338' title='bbox 1114 398 1307 434; x_wconf 87' lang='lat' dir='ltr'><strong>peregrinitate</strong></span> <span class='ocrx_word' id='word_1_339' title='bbox 1316 406 1371 425; x_wconf 88' lang='lat' dir='ltr'><strong>tton</strong></span> <span class='ocrx_word' id='word_1_340' title='bbox 1384 398 1484 425; x_wconf 78' lang='lat' dir='ltr'><strong>habent</strong></span> <span class='ocrx_word' id='word_1_341' title='bbox 1495 399 1567 426; x_wconf 90' lang='lat' dir='ltr'><strong>unde</strong></span> <span class='ocrx_word' id='word_1_342' title='bbox 1578 398 1738 432; x_wconf 71' lang='lat' dir='ltr'><strong>efferantur,</strong></span> 
     </span>
    </p>
   </div>
   <div class='ocr_carea' id='block_1_51' title="bbox 947 442 1738 479">
    <p class='ocr_par' dir='ltr' id='par_1_51' title="bbox 947 442 1738 479">
     <span class='ocr_line' id='line_1_51' title="bbox 947 442 1738 479; baseline 0.001 -9"><span class='ocrx_word' id='word_1_343' title='bbox 947 449 977 470; x_wconf 89' lang='lat' dir='ltr'><strong>et</strong></span> <span class='ocrx_word' id='word_1_344' title='bbox 995 443 1143 470; x_wconf 89' lang='lat' dir='ltr'><strong>humentur</strong></span> <span class='ocrx_word' id='word_1_345' title='bbox 1160 443 1188 470; x_wconf 93' lang='lat' dir='ltr'><strong>in</strong></span> <span class='ocrx_word' id='word_1_346' title='bbox 1206 443 1258 470; x_wconf 87' lang='lat' dir='ltr'><strong>hac</strong></span> <span class='ocrx_word' id='word_1_347' title='bbox 1269 443 1341 478; x_wconf 87' lang='lat' dir='ltr'><strong>regia</strong></span> <span class='ocrx_word' id='word_1_348' title='bbox 1353 443 1472 470; x_wconf 83' lang='lat' dir='ltr'><strong>civitate.</strong></span> <span class='ocrx_word' id='word_1_349' title='bbox 1493 442 1563 471; x_wconf 86' lang='lat' dir='ltr'><strong>Huic</strong></span> <span class='ocrx_word' id='word_1_350' title='bbox 1577 444 1657 479; x_wconf 89' lang='lat' dir='ltr'><strong>igitur</strong></span> <span class='ocrx_word' id='word_1_351' title='bbox 1672 452 1738 471; x_wconf 74' lang='lat' dir='ltr'><strong>nor-</strong></span> 
     </span>
    </p>
   </div>
   <div class='ocr_carea' id='block_1_52' title="bbox 948 489 1740 524">
    <p class='ocr_par' dir='ltr' id='par_1_52' title="bbox 948 489 1740 524">
     <span class='ocr_line' id='line_1_52' title="bbox 948 489 1740 524; baseline 0 -8"><span class='ocrx_word' id='word_1_352' title='bbox 948 496 1001 516; x_wconf 65' lang='lat' dir='ltr'><strong>me</strong></span> <span class='ocrx_word' id='word_1_353' title='bbox 1013 489 1114 516; x_wconf 74' lang='lat' dir='ltr'><strong>divina:</strong></span> <span class='ocrx_word' id='word_1_354' title='bbox 1129 489 1226 521; x_wconf 84' lang='lat' dir='ltr'><strong>innixi,</strong></span> <span class='ocrx_word' id='word_1_355' title='bbox 1242 493 1270 516; x_wconf 92' lang='lat' dir='ltr'><strong>et</strong></span> <span class='ocrx_word' id='word_1_356' title='bbox 1289 489 1434 523; x_wconf 71' lang='lat' dir='ltr'><strong>quotannis</strong></span> <span class='ocrx_word' id='word_1_357' title='bbox 1450 489 1549 524; x_wconf 79' lang='lat' dir='ltr'><strong>singuli</strong></span> <span class='ocrx_word' id='word_1_358' title='bbox 1568 497 1601 516; x_wconf 82' lang='lat' dir='ltr'><strong>ex</strong></span> <span class='ocrx_word' id='word_1_359' title='bbox 1620 490 1740 524; x_wconf 72' lang='lat' dir='ltr'><strong>acceptis</strong></span> 
     </span>
    </p>
   </div>
   <div class='ocr_carea' id='block_1_53' title="bbox 947 533 1740 569">
    <p class='ocr_par' dir='ltr' id='par_1_53' title="bbox 947 533 1740 569">
     <span class='ocr_line' id='line_1_53' title="bbox 947 533 1740 569; baseline -0.001 -8"><span class='ocrx_word' id='word_1_360' title='bbox 947 541 964 562; x_wconf 84' lang='grc' dir='ltr'><strong>ιι</strong></span> <span class='ocrx_word' id='word_1_361' title='bbox 979 533 1036 561; x_wconf 88' lang='lat' dir='ltr'><strong>Deo</strong></span> <span class='ocrx_word' id='word_1_362' title='bbox 1051 534 1214 562; x_wconf 85' lang='lat' dir='ltr'><strong>muneribus</strong></span> <span class='ocrx_word' id='word_1_363' title='bbox 1228 534 1262 562; x_wconf 88' lang='lat' dir='ltr'><strong>ad</strong></span> <span class='ocrx_word' id='word_1_364' title='bbox 1285 534 1441 561; x_wconf 81' lang='lat' dir='ltr'><strong>funebrium</strong></span> <span class='ocrx_word' id='word_1_365' title='bbox 1458 534 1625 569; x_wconf 83' lang='lat' dir='ltr'><strong>emptionem</strong></span> <span class='ocrx_word' id='word_1_366' title='bbox 1643 555 1650 567; x_wconf 90' lang='lat'><strong>,</strong></span> <span class='ocrx_word' id='word_1_367' title='bbox 1679 542 1740 568; x_wconf 72' lang='lat' dir='ltr'><strong>quae</strong></span> 
     </span>
    </p>
   </div>
   <div class='ocr_carea' id='block_1_54' title="bbox 949 579 1740 614">
    <p class='ocr_par' dir='ltr' id='par_1_54' title="bbox 949 579 1740 614">
     <span class='ocr_line' id='line_1_54' title="bbox 949 579 1740 614; baseline 0 -8"><span class='ocrx_word' id='word_1_368' title='bbox 949 580 982 607; x_wconf 89' lang='lat' dir='ltr'><strong>ad</strong></span> <span class='ocrx_word' id='word_1_369' title='bbox 1000 579 1118 606; x_wconf 85' lang='lat' dir='ltr'><strong>aliorum</strong></span> <span class='ocrx_word' id='word_1_370' title='bbox 1134 579 1305 614; x_wconf 83' lang='lat' dir='ltr'><strong>sepulturam</strong></span> <span class='ocrx_word' id='word_1_371' title='bbox 1333 579 1447 610; x_wconf 82' lang='lat' dir='ltr'><strong>faciunt.</strong></span> <span class='ocrx_word' id='word_1_372' title='bbox 1465 586 1514 614; x_wconf 90' lang='lat' dir='ltr'><strong>pro</strong></span> <span class='ocrx_word' id='word_1_373' title='bbox 1530 579 1658 607; x_wconf 77' lang='lat' dir='ltr'><strong>facultate</strong></span> <span class='ocrx_word' id='word_1_374' title='bbox 1672 587 1740 607; x_wconf 91' lang='lat' dir='ltr'><strong>con-</strong></span> 
     </span>
    </p>
   </div>
   <div class='ocr_carea' id='block_1_55' title="bbox 949 624 1741 659">
    <p class='ocr_par' dir='ltr' id='par_1_55' title="bbox 949 624 1741 659">
     <span class='ocr_line' id='line_1_55' title="bbox 949 624 1741 659; baseline 0.001 -7"><span class='ocrx_word' id='word_1_375' title='bbox 949 625 1110 656; x_wconf 86' lang='lat' dir='ltr'><strong>tribuentes.</strong></span> <span class='ocrx_word' id='word_1_376' title='bbox 1126 625 1185 652; x_wconf 68' lang='lat' dir='ltr'><strong>haec</strong></span> <span class='ocrx_word' id='word_1_377' title='bbox 1197 625 1225 652; x_wconf 90' lang='lat' dir='ltr'><strong>in</strong></span> <span class='ocrx_word' id='word_1_378' title='bbox 1241 624 1356 652; x_wconf 84' lang='lat' dir='ltr'><strong>Domino</strong></span> <span class='ocrx_word' id='word_1_379' title='bbox 1368 624 1572 652; x_wconf 84' lang='lat' dir='ltr'><strong>constituimus.</strong></span> <span class='ocrx_word' id='word_1_380' title='bbox 1582 624 1618 652; x_wconf 87' lang='lat' dir='ltr'><strong>Ut</strong></span> <span class='ocrx_word' id='word_1_381' title='bbox 1628 625 1741 659; x_wconf 91' lang='lat' dir='ltr'><strong>quicun-</strong></span> 
     </span>
    </p>
   </div>
   <div class='ocr_carea' id='block_1_56' title="bbox 948 670 1740 705">
    <p class='ocr_par' dir='ltr' id='par_1_56' title="bbox 948 670 1740 705">
     <span class='ocr_line' id='line_1_56' title="bbox 948 670 1740 705; baseline 0 -9"><span class='ocrx_word' id='word_1_382' title='bbox 948 677 1002 705; x_wconf 88' lang='lat' dir='ltr'><strong>que</strong></span> <span class='ocrx_word' id='word_1_383' title='bbox 1017 670 1164 703; x_wconf 83' lang='lat' dir='ltr'><strong>indicatus,</strong></span> <span class='ocrx_word' id='word_1_384' title='bbox 1178 670 1222 697; x_wconf 86' lang='lat' dir='ltr'><strong>vel</strong></span> <span class='ocrx_word' id='word_1_385' title='bbox 1239 673 1403 704; x_wconf 87' lang='lat' dir='ltr'><strong>eonspectus</strong></span> <span class='ocrx_word' id='word_1_386' title='bbox 1417 670 1444 696; x_wconf 94' lang='lat' dir='ltr'><strong>in</strong></span> <span class='ocrx_word' id='word_1_387' title='bbox 1458 670 1585 702; x_wconf 84' lang='lat' dir='ltr'><strong>transitu,</strong></span> <span class='ocrx_word' id='word_1_388' title='bbox 1601 670 1635 697; x_wconf 90' lang='lat' dir='ltr'><strong>ab</strong></span> <span class='ocrx_word' id='word_1_389' title='bbox 1649 670 1740 704; x_wconf 85' lang='lat' dir='ltr'><strong>aliquo</strong></span> 
     </span>
    </p>
   </div>
   <div class='ocr_carea' id='block_1_57' title="bbox 948 715 1740 751">
    <p class='ocr_par' dir='ltr' id='par_1_57' title="bbox 948 715 1740 751">
     <span class='ocr_line' id='line_1_57' title="bbox 948 715 1740 751; baseline 0.001 -9"><span class='ocrx_word' id='word_1_390' title='bbox 948 723 964 743; x_wconf 86' lang='lat' dir='ltr'><strong>e</strong></span> <span class='ocrx_word' id='word_1_391' title='bbox 978 716 1092 742; x_wconf 86' lang='lat' dir='ltr'><strong>fratrum</strong></span> <span class='ocrx_word' id='word_1_392' title='bbox 1106 716 1327 751; x_wconf 77' lang='lat' dir='ltr'><strong>congregatione,</strong></span> <span class='ocrx_word' id='word_1_393' title='bbox 1344 720 1469 742; x_wconf 90' lang='lat' dir='ltr'><strong>mortuus</strong></span> <span class='ocrx_word' id='word_1_394' title='bbox 1489 715 1571 742; x_wconf 87' lang='lat' dir='ltr'><strong>homo</strong></span> <span class='ocrx_word' id='word_1_395' title='bbox 1595 715 1688 748; x_wconf 90' lang='lat' dir='ltr'><strong>fuerit,</strong></span> <span class='ocrx_word' id='word_1_396' title='bbox 1715 717 1740 743; x_wconf 89' lang='lat' dir='ltr'><strong>is</strong></span> 
     </span>
    </p>
   </div>
   <div class='ocr_carea' id='block_1_58' title="bbox 948 760 1739 796">
    <p class='ocr_par' dir='ltr' id='par_1_58' title="bbox 948 760 1739 796">
     <span class='ocr_line' id='line_1_58' title="bbox 948 760 1739 796; baseline 0 -8"><span class='ocrx_word' id='word_1_397' title='bbox 948 761 1162 796; x_wconf 76' lang='lat' dir='ltr'><strong>congruentibus</strong></span> <span class='ocrx_word' id='word_1_398' title='bbox 1177 761 1315 795; x_wconf 85' lang='lat' dir='ltr'><strong>exsequiis</strong></span> <span class='ocrx_word' id='word_1_399' title='bbox 1326 760 1466 792; x_wconf 75' lang='lat' dir='ltr'><strong>efferatur,</strong></span> <span class='ocrx_word' id='word_1_400' title='bbox 1490 761 1696 794; x_wconf 88' lang='lat' dir='ltr'><strong>deponaturque</strong></span> <span class='ocrx_word' id='word_1_401' title='bbox 1711 761 1739 788; x_wconf 92' lang='lat' dir='ltr'><strong>in</strong></span> 
     </span>
    </p>
   </div>
   <div class='ocr_carea' id='block_1_59' title="bbox 948 805 1739 841">
    <p class='ocr_par' dir='ltr' id='par_1_59' title="bbox 948 805 1739 841">
     <span class='ocr_line' id='line_1_59' title="bbox 948 805 1739 841; baseline 0 -7"><span class='ocrx_word' id='word_1_402' title='bbox 948 806 1091 834; x_wconf 85' lang='lat' dir='ltr'><strong>destinatis</strong></span> <span class='ocrx_word' id='word_1_403' title='bbox 1105 806 1183 834; x_wconf 86' lang='lat' dir='ltr'><strong>vobis</strong></span> <span class='ocrx_word' id='word_1_404' title='bbox 1198 807 1283 834; x_wconf 88' lang='lat' dir='ltr'><strong>sacris</strong></span> <span class='ocrx_word' id='word_1_405' title='bbox 1299 806 1469 834; x_wconf 88' lang='lat' dir='ltr'><strong>conditoriis.</strong></span> <span class='ocrx_word' id='word_1_406' title='bbox 1491 805 1560 833; x_wconf 91' lang='lat' dir='ltr'><strong>Tum</strong></span> <span class='ocrx_word' id='word_1_407' title='bbox 1576 811 1606 834; x_wconf 92' lang='lat' dir='ltr'><strong>ut</strong></span> <span class='ocrx_word' id='word_1_408' title='bbox 1621 812 1739 841; x_wconf 84' lang='lat' dir='ltr'><strong>quotan-</strong></span> 
     </span>
    </p>
   </div>
   <div class='ocr_carea' id='block_1_60' title="bbox 949 851 1738 887">
    <p class='ocr_par' dir='ltr' id='par_1_60' title="bbox 949 851 1738 887">
     <span class='ocr_line' id='line_1_60' title="bbox 949 851 1738 887; baseline 0.003 -9"><span class='ocrx_word' id='word_1_409' title='bbox 949 852 1001 884; x_wconf 90' lang='lat' dir='ltr'><strong>nis,</strong></span> <span class='ocrx_word' id='word_1_410' title='bbox 1017 856 1045 879; x_wconf 90' lang='lat' dir='ltr'><strong>et</strong></span> <span class='ocrx_word' id='word_1_411' title='bbox 1064 852 1200 887; x_wconf 86' lang='lat' dir='ltr'><strong>principio</strong></span> <span class='ocrx_word' id='word_1_412' title='bbox 1220 851 1379 879; x_wconf 87' lang='lat' dir='ltr'><strong>indictionis</strong></span> <span class='ocrx_word' id='word_1_413' title='bbox 1391 873 1398 885; x_wconf 82' lang='lat'><strong>,</strong></span> <span class='ocrx_word' id='word_1_414' title='bbox 1416 857 1444 879; x_wconf 90' lang='lat' dir='ltr'><strong>et</strong></span> <span class='ocrx_word' id='word_1_415' title='bbox 1462 859 1511 887; x_wconf 87' lang='lat' dir='ltr'><strong>per</strong></span> <span class='ocrx_word' id='word_1_416' title='bbox 1524 852 1582 879; x_wconf 89' lang='lat' dir='ltr'><strong>dies</strong></span> <span class='ocrx_word' id='word_1_417' title='bbox 1597 851 1738 887; x_wconf 81' lang='lat' dir='ltr'><strong>Quinqua-</strong></span> 
     </span>
    </p>
   </div>
   <div class='ocr_carea' id='block_1_61' title="bbox 948 896 1739 934">
    <p class='ocr_par' dir='ltr' id='par_1_61' title="bbox 948 896 1739 934">
     <span class='ocr_line' id='line_1_61' title="bbox 948 896 1739 934; baseline -0.001 -9"><span class='ocrx_word' id='word_1_418' title='bbox 948 898 1071 934; x_wconf 83' lang='lat' dir='ltr'><strong>genarii,</strong></span> <span class='ocrx_word' id='word_1_419' title='bbox 1093 897 1254 925; x_wconf 87' lang='lat' dir='ltr'><strong>memoriam</strong></span> <span class='ocrx_word' id='word_1_420' title='bbox 1267 897 1390 924; x_wconf 88' lang='lat' dir='ltr'><strong>omnium</strong></span> <span class='ocrx_word' id='word_1_421' title='bbox 1409 896 1596 924; x_wconf 88' lang='lat' dir='ltr'><strong>funeratorum</strong></span> <span class='ocrx_word' id='word_1_422' title='bbox 1620 897 1645 924; x_wconf 90' lang='lat' dir='ltr'><strong>in</strong></span> <span class='ocrx_word' id='word_1_423' title='bbox 1662 905 1739 924; x_wconf 89' lang='lat' dir='ltr'><strong>com-</strong></span> 
     </span>
    </p>
   </div>
   <div class='ocr_carea' id='block_1_62' title="bbox 948 942 1740 976">
    <p class='ocr_par' dir='ltr' id='par_1_62' title="bbox 948 942 1740 976">
     <span class='ocr_line' id='line_1_62' title="bbox 948 942 1740 976; baseline 0 -7"><span class='ocrx_word' id='word_1_424' title='bbox 948 950 1032 970; x_wconf 87' lang='lat' dir='ltr'><strong>mune</strong></span> <span class='ocrx_word' id='word_1_425' title='bbox 1047 943 1234 976; x_wconf 82' lang='lat' dir='ltr'><strong>celebremus;</strong></span> <span class='ocrx_word' id='word_1_426' title='bbox 1254 942 1384 970; x_wconf 87' lang='lat' dir='ltr'><strong>facientes</strong></span> <span class='ocrx_word' id='word_1_427' title='bbox 1405 942 1506 970; x_wconf 89' lang='lat' dir='ltr'><strong>ibidem</strong></span> <span class='ocrx_word' id='word_1_428' title='bbox 1528 950 1561 970; x_wconf 82' lang='lat' dir='ltr'><strong>ex</strong></span> <span class='ocrx_word' id='word_1_429' title='bbox 1577 943 1698 970; x_wconf 86' lang='lat' dir='ltr'><strong>collectis</strong></span> <span class='ocrx_word' id='word_1_430' title='bbox 1712 948 1740 970; x_wconf 87' lang='lat' dir='ltr'><strong>et</strong></span> 
     </span>
    </p>
   </div>
   <div class='ocr_carea' id='block_1_63' title="bbox 948 987 1739 1023">
    <p class='ocr_par' dir='ltr' id='par_1_63' title="bbox 948 987 1739 1023">
     <span class='ocr_line' id='line_1_63' title="bbox 948 987 1739 1023; baseline -0.001 -9"><span class='ocrx_word' id='word_1_431' title='bbox 948 995 1052 1023; x_wconf 83' lang='lat' dir='ltr'><strong>agapen</strong></span> <span class='ocrx_word' id='word_1_432' title='bbox 1066 995 1205 1022; x_wconf 71' lang='lat' dir='ltr'><strong>corporea:</strong></span> <span class='ocrx_word' id='word_1_433' title='bbox 1220 987 1377 1015; x_wconf 88' lang='lat' dir='ltr'><strong>refectionis</strong></span> <span class='ocrx_word' id='word_1_434' title='bbox 1389 996 1397 1018; x_wconf 74' lang='grc' dir='ltr'><strong>ς</strong></span> <span class='ocrx_word' id='word_1_435' title='bbox 1414 993 1469 1014; x_wconf 87' lang='lat' dir='ltr'><strong>non</strong></span> <span class='ocrx_word' id='word_1_436' title='bbox 1481 994 1547 1014; x_wconf 87' lang='lat' dir='ltr'><strong>sane</strong></span> <span class='ocrx_word' id='word_1_437' title='bbox 1561 991 1637 1014; x_wconf 80' lang='lat' dir='ltr'><strong>extra</strong></span> <span class='ocrx_word' id='word_1_438' title='bbox 1650 987 1739 1022; x_wconf 77' lang='lat' dir='ltr'><strong>legiti-</strong></span> 
     </span>
    </p>
   </div>
   <div class='ocr_carea' id='block_1_64' title="bbox 948 1032 1740 1068">
    <p class='ocr_par' dir='ltr' id='par_1_64' title="bbox 948 1032 1740 1068">
     <span class='ocr_line' id='line_1_64' title="bbox 948 1032 1740 1068; baseline 0 -8"><span class='ocrx_word' id='word_1_439' title='bbox 948 1041 999 1060; x_wconf 61' lang='lat' dir='ltr'><strong>ma</strong></span> <span class='ocrx_word' id='word_1_440' title='bbox 1016 1032 1179 1068; x_wconf 78' lang='lat' dir='ltr'><strong>frugalitatis</strong></span> <span class='ocrx_word' id='word_1_441' title='bbox 1195 1033 1344 1065; x_wconf 88' lang='lat' dir='ltr'><strong>terminos;</strong></span> <span class='ocrx_word' id='word_1_442' title='bbox 1366 1033 1402 1059; x_wconf 89' lang='lat' dir='ltr'><strong>ita</strong></span> <span class='ocrx_word' id='word_1_443' title='bbox 1422 1037 1453 1060; x_wconf 89' lang='lat' dir='ltr'><strong>ut</strong></span> <span class='ocrx_word' id='word_1_444' title='bbox 1476 1040 1533 1067; x_wconf 59' lang='lat' dir='ltr'><strong>pra;</strong></span> <span class='ocrx_word' id='word_1_445' title='bbox 1547 1033 1680 1060; x_wconf 86' lang='lat' dir='ltr'><strong>ebrietate</strong></span> <span class='ocrx_word' id='word_1_446' title='bbox 1697 1033 1740 1060; x_wconf 76' lang='lat' dir='ltr'><strong>vel</strong></span> 
     </span>
    </p>
   </div>
   <div class='ocr_carea' id='block_1_65' title="bbox 948 1078 1742 1113">
    <p class='ocr_par' dir='ltr' id='par_1_65' title="bbox 948 1078 1742 1113">
     <span class='ocr_line' id='line_1_65' title="bbox 948 1078 1742 1113; baseline 0.001 -9"><span class='ocrx_word' id='word_1_447' title='bbox 948 1078 1056 1113; x_wconf 85' lang='lat' dir='ltr'><strong>crapula</strong></span> <span class='ocrx_word' id='word_1_448' title='bbox 1066 1099 1074 1111; x_wconf 90' lang='lat'><strong>,</strong></span> <span class='ocrx_word' id='word_1_449' title='bbox 1090 1085 1189 1111; x_wconf 61' lang='lat' dir='ltr'><strong>sacrae,</strong></span> <span class='ocrx_word' id='word_1_450' title='bbox 1209 1085 1290 1113; x_wconf 77' lang='lat' dir='ltr'><strong>quam</strong></span> <span class='ocrx_word' id='word_1_451' title='bbox 1305 1078 1475 1105; x_wconf 87' lang='lat' dir='ltr'><strong>celebramus</strong></span> <span class='ocrx_word' id='word_1_452' title='bbox 1487 1097 1496 1109; x_wconf 86' lang='lat'><strong>,</strong></span> <span class='ocrx_word' id='word_1_453' title='bbox 1522 1078 1660 1106; x_wconf 63' lang='lat' dir='ltr'><strong>memoriae</strong></span> <span class='ocrx_word' id='word_1_454' title='bbox 1679 1079 1742 1105; x_wconf 88' lang='lat' dir='ltr'><strong>illu-</strong></span> 
     </span>
    </p>
   </div>
   <div class='ocr_carea' id='block_1_66' title="bbox 948 1123 1739 1158">
    <p class='ocr_par' dir='ltr' id='par_1_66' title="bbox 948 1123 1739 1158">
     <span class='ocr_line' id='line_1_66' title="bbox 948 1123 1739 1158; baseline 0 -7"><span class='ocrx_word' id='word_1_455' title='bbox 948 1124 1045 1151; x_wconf 73' lang='lat' dir='ltr'><strong>damus</strong></span> <span class='ocrx_word' id='word_1_456' title='bbox 1059 1132 1066 1150; x_wconf 91' lang='lat'><strong>:</strong></span> <span class='ocrx_word' id='word_1_457' title='bbox 1083 1124 1131 1150; x_wconf 83' lang='lat' dir='ltr'><strong>sed</strong></span> <span class='ocrx_word' id='word_1_458' title='bbox 1146 1131 1208 1150; x_wconf 83' lang='lat' dir='ltr'><strong>cum</strong></span> <span class='ocrx_word' id='word_1_459' title='bbox 1222 1123 1375 1151; x_wconf 88' lang='lat' dir='ltr'><strong>reverentia</strong></span> <span class='ocrx_word' id='word_1_460' title='bbox 1389 1123 1495 1150; x_wconf 92' lang='lat' dir='ltr'><strong>laudem</strong></span> <span class='ocrx_word' id='word_1_461' title='bbox 1508 1123 1564 1150; x_wconf 88' lang='lat' dir='ltr'><strong>Deo</strong></span> <span class='ocrx_word' id='word_1_462' title='bbox 1579 1123 1739 1158; x_wconf 78' lang='lat' dir='ltr'><strong>oﬂ&#39;erentcs,</strong></span> 
     </span>
    </p>
   </div>
   <div class='ocr_carea' id='block_1_67' title="bbox 948 1169 1742 1206">
    <p class='ocr_par' dir='ltr' id='par_1_67' title="bbox 948 1169 1742 1206">
     <span class='ocr_line' id='line_1_67' title="bbox 948 1169 1742 1206; baseline 0.001 -10"><span class='ocrx_word' id='word_1_463' title='bbox 948 1170 994 1205; x_wconf 91' lang='lat' dir='ltr'><strong>qui</strong></span> <span class='ocrx_word' id='word_1_464' title='bbox 1014 1177 1064 1197; x_wconf 92' lang='lat' dir='ltr'><strong>nos</strong></span> <span class='ocrx_word' id='word_1_465' title='bbox 1079 1177 1164 1197; x_wconf 72' lang='lat' dir='ltr'><strong>sacrae</strong></span> <span class='ocrx_word' id='word_1_466' title='bbox 1175 1170 1258 1204; x_wconf 84' lang='lat' dir='ltr'><strong>hujus</strong></span> <span class='ocrx_word' id='word_1_467' title='bbox 1269 1170 1438 1198; x_wconf 60' lang='lat' dir='ltr'><strong>caeremoniae</strong></span> <span class='ocrx_word' id='word_1_468' title='bbox 1447 1169 1630 1197; x_wconf 86' lang='lat' dir='ltr'><strong>celebratione</strong></span> <span class='ocrx_word' id='word_1_469' title='bbox 1647 1170 1742 1206; x_wconf 79' lang='lat' dir='ltr'><strong>digna-</strong></span> 
     </span>
    </p>
   </div>
   <div class='ocr_carea' id='block_1_68' title="bbox 949 1215 1739 1251">
    <p class='ocr_par' dir='ltr' id='par_1_68' title="bbox 949 1215 1739 1251">
     <span class='ocr_line' id='line_1_68' title="bbox 949 1215 1739 1251; baseline 0 -9"><span class='ocrx_word' id='word_1_470' title='bbox 949 1220 993 1243; x_wconf 90' lang='lat' dir='ltr'><strong>tus</strong></span> <span class='ocrx_word' id='word_1_471' title='bbox 1011 1220 1063 1243; x_wconf 91' lang='lat' dir='ltr'><strong>est.</strong></span> <span class='ocrx_word' id='word_1_472' title='bbox 1077 1215 1123 1242; x_wconf 90' lang='lat' dir='ltr'><strong>Sic</strong></span> <span class='ocrx_word' id='word_1_473' title='bbox 1134 1215 1169 1242; x_wconf 92' lang='lat' dir='ltr'><strong>ad</strong></span> <span class='ocrx_word' id='word_1_474' title='bbox 1182 1223 1284 1243; x_wconf 71' lang='lat' dir='ltr'><strong>mensae</strong></span> <span class='ocrx_word' id='word_1_475' title='bbox 1293 1222 1362 1251; x_wconf 92' lang='lat' dir='ltr'><strong>opus</strong></span> <span class='ocrx_word' id='word_1_476' title='bbox 1371 1215 1527 1246; x_wconf 84' lang='lat' dir='ltr'><strong>accedatur.</strong></span> <span class='ocrx_word' id='word_1_477' title='bbox 1545 1215 1669 1249; x_wconf 73' lang='lat' dir='ltr'><strong>adjuncta</strong></span> <span class='ocrx_word' id='word_1_478' title='bbox 1683 1217 1739 1250; x_wconf 90' lang='lat' dir='ltr'><strong>jam</strong></span> 
     </span>
    </p>
   </div>
   <div class='ocr_carea' id='block_1_69' title="bbox 947 1260 1740 1296">
    <p class='ocr_par' dir='ltr' id='par_1_69' title="bbox 947 1260 1740 1296">
     <span class='ocr_line' id='line_1_69' title="bbox 947 1260 1740 1296; baseline 0.003 -8"><span class='ocrx_word' id='word_1_479' title='bbox 947 1260 1010 1288; x_wconf 86' lang='lat' dir='ltr'><strong>libri</strong></span> <span class='ocrx_word' id='word_1_480' title='bbox 1027 1261 1154 1293; x_wconf 89' lang='lat' dir='ltr'><strong>lectione,</strong></span> <span class='ocrx_word' id='word_1_481' title='bbox 1173 1265 1203 1288; x_wconf 89' lang='lat' dir='ltr'><strong>ut</strong></span> <span class='ocrx_word' id='word_1_482' title='bbox 1225 1261 1253 1288; x_wconf 91' lang='lat' dir='ltr'><strong>in</strong></span> <span class='ocrx_word' id='word_1_483' title='bbox 1273 1261 1332 1296; x_wconf 89' lang='lat' dir='ltr'><strong>ipso</strong></span> <span class='ocrx_word' id='word_1_484' title='bbox 1348 1261 1429 1288; x_wconf 87' lang='lat' dir='ltr'><strong>etiam</strong></span> <span class='ocrx_word' id='word_1_485' title='bbox 1447 1266 1528 1296; x_wconf 90' lang='lat' dir='ltr'><strong>pastu</strong></span> <span class='ocrx_word' id='word_1_486' title='bbox 1549 1266 1643 1289; x_wconf 85' lang='lat' dir='ltr'><strong>nostro</strong></span> <span class='ocrx_word' id='word_1_487' title='bbox 1654 1282 1662 1295; x_wconf 89' lang='lat'><strong>,</strong></span> <span class='ocrx_word' id='word_1_488' title='bbox 1679 1270 1740 1296; x_wconf 71' lang='lat' dir='ltr'><strong>quae</strong></span> 
     </span>
    </p>
   </div>
   <div class='ocr_carea' id='block_1_70' title="bbox 948 1305 1740 1343">
    <p class='ocr_par' dir='ltr' id='par_1_70' title="bbox 948 1305 1740 1343">
     <span class='ocr_line' id='line_1_70' title="bbox 948 1305 1740 1343; baseline 0.003 -10"><span class='ocrx_word' id='word_1_489' title='bbox 948 1305 1065 1333; x_wconf 91' lang='lat' dir='ltr'><strong>Domino</strong></span> <span class='ocrx_word' id='word_1_490' title='bbox 1080 1311 1145 1333; x_wconf 90' lang='lat' dir='ltr'><strong>sunt</strong></span> <span class='ocrx_word' id='word_1_491' title='bbox 1166 1311 1242 1342; x_wconf 84' lang='lat' dir='ltr'><strong>grata</strong></span> <span class='ocrx_word' id='word_1_492' title='bbox 1271 1312 1462 1334; x_wconf 68' lang='lat' dir='ltr'><strong>consectentur</strong></span> <span class='ocrx_word' id='word_1_493' title='bbox 1478 1315 1484 1334; x_wconf 91' lang='lat'><strong>:</strong></span> <span class='ocrx_word' id='word_1_494' title='bbox 1501 1315 1562 1342; x_wconf 67' lang='lat' dir='ltr'><strong>quae</strong></span> <span class='ocrx_word' id='word_1_495' title='bbox 1591 1312 1740 1343; x_wconf 85' lang='lat' dir='ltr'><strong>supersunt</strong></span> 
     </span>
    </p>
   </div>
   <div class='ocr_carea' id='block_1_71' title="bbox 948 1353 1740 1390">
    <p class='ocr_par' dir='ltr' id='par_1_71' title="bbox 948 1353 1740 1390">
     <span class='ocr_line' id='line_1_71' title="bbox 948 1353 1740 1390; baseline 0.005 -11"><span class='ocrx_word' id='word_1_496' title='bbox 948 1353 1114 1388; x_wconf 83' lang='lat' dir='ltr'><strong>pauperibus</strong></span> <span class='ocrx_word' id='word_1_497' title='bbox 1128 1354 1266 1389; x_wconf 75' lang='lat' dir='ltr'><strong>eroganda</strong></span> <span class='ocrx_word' id='word_1_498' title='bbox 1278 1362 1285 1386; x_wconf 88' lang='lat'>;</span> <span class='ocrx_word' id='word_1_499' title='bbox 1301 1362 1356 1381; x_wconf 88' lang='lat' dir='ltr'><strong>non</strong></span> <span class='ocrx_word' id='word_1_500' title='bbox 1375 1354 1553 1389; x_wconf 77' lang='lat' dir='ltr'><strong>gliscentibus</strong></span> <span class='ocrx_word' id='word_1_501' title='bbox 1563 1355 1632 1382; x_wconf 87' lang='lat' dir='ltr'><strong>inter</strong></span> <span class='ocrx_word' id='word_1_502' title='bbox 1644 1356 1740 1390; x_wconf 85' lang='lat' dir='ltr'><strong>epulas</strong></span> 
     </span>
    </p>
   </div>
   <div class='ocr_carea' id='block_1_72' title="bbox 949 1398 1738 1433">
    <p class='ocr_par' dir='ltr' id='par_1_72' title="bbox 949 1398 1738 1433">
     <span class='ocr_line' id='line_1_72' title="bbox 949 1398 1738 1433; baseline 0.003 -7"><span class='ocrx_word' id='word_1_503' title='bbox 949 1398 1076 1427; x_wconf 86' lang='lat' dir='ltr'><strong>inanibus</strong></span> <span class='ocrx_word' id='word_1_504' title='bbox 1091 1400 1181 1427; x_wconf 82' lang='lat' dir='ltr'><strong>verbis</strong></span> <span class='ocrx_word' id='word_1_505' title='bbox 1191 1420 1198 1433; x_wconf 88' lang='lat'><strong>,</strong></span> <span class='ocrx_word' id='word_1_506' title='bbox 1215 1408 1267 1427; x_wconf 91' lang='lat' dir='ltr'><strong>nec</strong></span> <span class='ocrx_word' id='word_1_507' title='bbox 1283 1400 1423 1432; x_wconf 86' lang='lat' dir='ltr'><strong>ridiculis,</strong></span> <span class='ocrx_word' id='word_1_508' title='bbox 1441 1408 1476 1427; x_wconf 93' lang='lat' dir='ltr'><strong>ne</strong></span> <span class='ocrx_word' id='word_1_509' title='bbox 1491 1401 1579 1428; x_wconf 88' lang='lat' dir='ltr'><strong>dicam</strong></span> <span class='ocrx_word' id='word_1_510' title='bbox 1603 1400 1715 1428; x_wconf 79' lang='lat' dir='ltr'><strong>ludicris</strong></span> <span class='ocrx_word' id='word_1_511' title='bbox 1729 1410 1738 1428; x_wconf 88' lang='lat'><strong><em>:</em></strong></span> 
     </span>
    </p>
   </div>
   <div class='ocr_carea' id='block_1_73' title="bbox 948 1444 1738 1479">
    <p class='ocr_par' dir='ltr' id='par_1_73' title="bbox 948 1444 1738 1479">
     <span class='ocr_line' id='line_1_73' title="bbox 948 1444 1738 1479; baseline 0.004 -9"><span class='ocrx_word' id='word_1_512' title='bbox 948 1444 1169 1479; x_wconf 86' lang='lat' dir='ltr'><strong>quandoquidem</strong></span> <span class='ocrx_word' id='word_1_513' title='bbox 1180 1445 1267 1472; x_wconf 79' lang='lat' dir='ltr'><strong>cuivis</strong></span> <span class='ocrx_word' id='word_1_514' title='bbox 1277 1445 1434 1472; x_wconf 83' lang='lat' dir='ltr'><strong>Christiano</strong></span> <span class='ocrx_word' id='word_1_515' title='bbox 1447 1445 1473 1473; x_wconf 95' lang='lat' dir='ltr'><strong>id</strong></span> <span class='ocrx_word' id='word_1_516' title='bbox 1486 1446 1555 1473; x_wconf 91' lang='lat' dir='ltr'><strong>ratio</strong></span> <span class='ocrx_word' id='word_1_517' title='bbox 1565 1450 1648 1473; x_wconf 84' lang='lat' dir='ltr'><strong>vetat.</strong></span> <span class='ocrx_word' id='word_1_518' title='bbox 1661 1446 1738 1479; x_wconf 86' lang='lat' dir='ltr'><strong>Quod</strong></span> 
     </span>
    </p>
   </div>
   <div class='ocr_carea' id='block_1_74' title="bbox 949 1489 1740 1526">
    <p class='ocr_par' dir='ltr' id='par_1_74' title="bbox 949 1489 1740 1526">
     <span class='ocr_line' id='line_1_74' title="bbox 949 1489 1740 1526; baseline 0.005 -11"><span class='ocrx_word' id='word_1_519' title='bbox 949 1489 970 1516; x_wconf 95' lang='lat' dir='ltr'><strong>si</strong></span> <span class='ocrx_word' id='word_1_520' title='bbox 992 1489 1065 1524; x_wconf 90' lang='lat' dir='ltr'><strong>loqui</strong></span> <span class='ocrx_word' id='word_1_521' title='bbox 1081 1494 1222 1524; x_wconf 84' lang='lat' dir='ltr'><strong>oporteat,</strong></span> <span class='ocrx_word' id='word_1_522' title='bbox 1243 1498 1335 1517; x_wconf 88' lang='lat' dir='ltr'><strong>sermo</strong></span> <span class='ocrx_word' id='word_1_523' title='bbox 1352 1490 1386 1518; x_wconf 92' lang='lat' dir='ltr'><strong>sit</strong></span> <span class='ocrx_word' id='word_1_524' title='bbox 1400 1491 1434 1518; x_wconf 88' lang='lat' dir='ltr'><strong>de</strong></span> <span class='ocrx_word' id='word_1_525' title='bbox 1449 1490 1482 1517; x_wconf 88' lang='lat' dir='ltr'><strong>iis</strong></span> <span class='ocrx_word' id='word_1_526' title='bbox 1501 1499 1561 1526; x_wconf 69' lang='lat' dir='ltr'><strong>quae</strong></span> <span class='ocrx_word' id='word_1_527' title='bbox 1575 1491 1740 1519; x_wconf 84' lang='lat' dir='ltr'><strong>Christianis</strong></span> 
     </span>
    </p>
   </div>
   <div class='ocr_carea' id='block_1_75' title="bbox 1174 1536 1740 1572">
    <p class='ocr_par' dir='ltr' id='par_1_75' title="bbox 1174 1536 1740 1572">
     <span class='ocr_line' id='line_1_75' title="bbox 1174 1536 1740 1572; baseline 0.002 -9"><span class='ocrx_word' id='word_1_528' title='bbox 1174 1536 1325 1563; x_wconf 88' lang='lat' dir='ltr'><strong>cavendum</strong></span> <span class='ocrx_word' id='word_1_529' title='bbox 1349 1536 1557 1572; x_wconf 81' lang='lat' dir='ltr'><strong>jusjurandum;</strong></span> <span class='ocrx_word' id='word_1_530' title='bbox 1587 1537 1740 1564; x_wconf 89' lang='lat' dir='ltr'><strong>habendam</strong></span> 
     </span>
    </p>
   </div>
   <div class='ocr_carea' id='block_1_76' title="bbox 948 1582 1741 1616">
    <p class='ocr_par' dir='ltr' id='par_1_76' title="bbox 948 1582 1741 1616">
     <span class='ocr_line' id='line_1_76' title="bbox 948 1582 1741 1616; baseline 0.001 -8"><span class='ocrx_word' id='word_1_531' title='bbox 948 1586 1044 1608; x_wconf 90' lang='lat' dir='ltr'><strong>mutuo</strong></span> <span class='ocrx_word' id='word_1_532' title='bbox 1056 1582 1217 1608; x_wconf 86' lang='lat' dir='ltr'><strong>charitatem</strong></span> <span class='ocrx_word' id='word_1_533' title='bbox 1231 1589 1238 1613; x_wconf 90' lang='lat'><strong>;</strong></span> <span class='ocrx_word' id='word_1_534' title='bbox 1255 1582 1398 1608; x_wconf 80' lang='lat' dir='ltr'><strong>veritatem</strong></span> <span class='ocrx_word' id='word_1_535' title='bbox 1412 1589 1459 1608; x_wconf 90' lang='lat' dir='ltr'><strong>ore</strong></span> <span class='ocrx_word' id='word_1_536' title='bbox 1478 1582 1654 1616; x_wconf 89' lang='lat' dir='ltr'><strong>promcndatn</strong></span> <span class='ocrx_word' id='word_1_537' title='bbox 1669 1591 1676 1615; x_wconf 88' lang='lat'><strong>;</strong></span> <span class='ocrx_word' id='word_1_538' title='bbox 1691 1582 1741 1609; x_wconf 92' lang='lat' dir='ltr'><strong>do-</strong></span> 
     </span>
    </p>
   </div>
   <div class='ocr_carea' id='block_1_77' title="bbox 946 1627 1739 1662">
    <p class='ocr_par' dir='ltr' id='par_1_77' title="bbox 946 1627 1739 1662">
     <span class='ocr_line' id='line_1_77' title="bbox 946 1627 1739 1662; baseline 0 -8"><span class='ocrx_word' id='word_1_539' title='bbox 946 1627 1001 1654; x_wconf 90' lang='lat' dir='ltr'><strong>lum</strong></span> <span class='ocrx_word' id='word_1_540' title='bbox 1026 1627 1212 1662; x_wconf 89' lang='lat' dir='ltr'><strong>invidiamque</strong></span> <span class='ocrx_word' id='word_1_541' title='bbox 1239 1627 1417 1662; x_wconf 82' lang='lat' dir='ltr'><strong>fugiendam;</strong></span> <span class='ocrx_word' id='word_1_542' title='bbox 1433 1627 1642 1654; x_wconf 87' lang='lat' dir='ltr'><strong>beneficentiam</strong></span> <span class='ocrx_word' id='word_1_543' title='bbox 1663 1635 1739 1662; x_wconf 77' lang='lat' dir='ltr'><strong>omni</strong></span> 
     </span>
    </p>
   </div>
   <div class='ocr_carea' id='block_1_78' title="bbox 946 1672 1739 1707">
    <p class='ocr_par' dir='ltr' id='par_1_78' title="bbox 946 1672 1739 1707">
     <span class='ocr_line' id='line_1_78' title="bbox 946 1672 1739 1707; baseline -0.001 -7"><span class='ocrx_word' id='word_1_544' title='bbox 946 1673 1038 1701; x_wconf 89' lang='lat' dir='ltr'><strong>studio</strong></span> <span class='ocrx_word' id='word_1_545' title='bbox 1050 1673 1239 1706; x_wconf 87' lang='lat' dir='ltr'><strong>retinendam;</strong></span> <span class='ocrx_word' id='word_1_546' title='bbox 1255 1672 1377 1700; x_wconf 85' lang='lat' dir='ltr'><strong>inﬁrmos</strong></span> <span class='ocrx_word' id='word_1_547' title='bbox 1393 1677 1421 1700; x_wconf 89' lang='lat' dir='ltr'><strong>et</strong></span> <span class='ocrx_word' id='word_1_548' title='bbox 1434 1672 1481 1707; x_wconf 89' lang='lat' dir='ltr'><strong>qui</strong></span> <span class='ocrx_word' id='word_1_549' title='bbox 1499 1673 1526 1700; x_wconf 88' lang='lat' dir='ltr'><strong>in</strong></span> <span class='ocrx_word' id='word_1_550' title='bbox 1545 1680 1655 1700; x_wconf 86' lang='lat' dir='ltr'><strong>carcere</strong></span> <span class='ocrx_word' id='word_1_551' title='bbox 1673 1677 1739 1700; x_wconf 86' lang='lat' dir='ltr'><strong>sunt</strong></span> 
     </span>
    </p>
   </div>
   <div class='ocr_carea' id='block_1_79' title="bbox 947 1717 1740 1752">
    <p class='ocr_par' dir='ltr' id='par_1_79' title="bbox 947 1717 1740 1752">
     <span class='ocr_line' id='line_1_79' title="bbox 947 1717 1740 1752; baseline -0.003 -6"><span class='ocrx_word' id='word_1_552' title='bbox 947 1719 1096 1747; x_wconf 87' lang='lat' dir='ltr'><strong>visitandos</strong></span> <span class='ocrx_word' id='word_1_553' title='bbox 1109 1727 1116 1752; x_wconf 88' lang='lat'>;</span> <span class='ocrx_word' id='word_1_554' title='bbox 1133 1719 1297 1746; x_wconf 90' lang='lat' dir='ltr'><strong>lectionibus</strong></span> <span class='ocrx_word' id='word_1_555' title='bbox 1306 1718 1513 1746; x_wconf 86' lang='lat' dir='ltr'><strong>auscultandum</strong></span> <span class='ocrx_word' id='word_1_556' title='bbox 1528 1722 1555 1744; x_wconf 89' lang='lat' dir='ltr'><strong>et</strong></span> <span class='ocrx_word' id='word_1_557' title='bbox 1569 1717 1601 1744; x_wconf 91' lang='lat' dir='ltr'><strong>iis</strong></span> <span class='ocrx_word' id='word_1_558' title='bbox 1611 1718 1657 1752; x_wconf 93' lang='lat' dir='ltr'><strong>qui</strong></span> <span class='ocrx_word' id='word_1_559' title='bbox 1670 1725 1740 1752; x_wconf 81' lang='lat' dir='ltr'><strong>pra:-</strong></span> 
     </span>
    </p>
   </div>
   <div class='ocr_carea' id='block_1_80' title="bbox 948 1764 1739 1799">
    <p class='ocr_par' dir='ltr' id='par_1_80' title="bbox 948 1764 1739 1799">
     <span class='ocr_line' id='line_1_80' title="bbox 948 1764 1739 1799; baseline -0.003 -7"><span class='ocrx_word' id='word_1_560' title='bbox 948 1770 1013 1793; x_wconf 88' lang='lat' dir='ltr'><strong>sunt</strong></span> <span class='ocrx_word' id='word_1_561' title='bbox 1031 1765 1059 1792; x_wconf 92' lang='lat' dir='ltr'><strong>in</strong></span> <span class='ocrx_word' id='word_1_562' title='bbox 1075 1765 1221 1797; x_wconf 85' lang='lat' dir='ltr'><strong>Ecclesiis;</strong></span> <span class='ocrx_word' id='word_1_563' title='bbox 1241 1765 1347 1792; x_wconf 89' lang='lat' dir='ltr'><strong>honore</strong></span> <span class='ocrx_word' id='word_1_564' title='bbox 1375 1764 1492 1791; x_wconf 88' lang='lat' dir='ltr'><strong>invicem</strong></span> <span class='ocrx_word' id='word_1_565' title='bbox 1520 1764 1739 1799; x_wconf 68' lang='lat' dir='ltr'><strong>pratveniendos,</strong></span> 
     </span>
    </p>
   </div>
   <div class='ocr_carea' id='block_1_81' title="bbox 949 1809 1740 1846">
    <p class='ocr_par' dir='ltr' id='par_1_81' title="bbox 949 1809 1740 1846">
     <span class='ocr_line' id='line_1_81' title="bbox 949 1809 1740 1846; baseline -0.003 -8"><span class='ocrx_word' id='word_1_566' title='bbox 949 1811 996 1838; x_wconf 90' lang='lat' dir='ltr'><strong>Dei</strong></span> <span class='ocrx_word' id='word_1_567' title='bbox 1011 1811 1161 1846; x_wconf 74' lang='lat' dir='ltr'><strong>praesertim</strong></span> <span class='ocrx_word' id='word_1_568' title='bbox 1187 1810 1344 1838; x_wconf 85' lang='lat' dir='ltr'><strong>sacerdotes</strong></span> <span class='ocrx_word' id='word_1_569' title='bbox 1365 1814 1392 1837; x_wconf 92' lang='lat' dir='ltr'><strong>et</strong></span> <span class='ocrx_word' id='word_1_570' title='bbox 1408 1809 1573 1842; x_wconf 87' lang='lat' dir='ltr'><strong>monachos;</strong></span> <span class='ocrx_word' id='word_1_571' title='bbox 1598 1809 1740 1844; x_wconf 84' lang='lat' dir='ltr'><strong>hospitali-</strong></span> 
     </span>
    </p>
   </div>
   <div class='ocr_carea' id='block_1_82' title="bbox 949 1854 1739 1890">
    <p class='ocr_par' dir='ltr' id='par_1_82' title="bbox 949 1854 1739 1890">
     <span class='ocr_line' id='line_1_82' title="bbox 949 1854 1739 1890; baseline -0.003 -6"><span class='ocrx_word' id='word_1_572' title='bbox 949 1857 996 1884; x_wconf 86' lang='lat' dir='ltr'><strong>tati</strong></span> <span class='ocrx_word' id='word_1_573' title='bbox 1011 1856 1192 1890; x_wconf 88' lang='lat' dir='ltr'><strong>studendum;</strong></span> <span class='ocrx_word' id='word_1_574' title='bbox 1208 1863 1222 1882; x_wconf 86' lang='lat' dir='ltr'><strong>a</strong></span> <span class='ocrx_word' id='word_1_575' title='bbox 1239 1854 1420 1882; x_wconf 86' lang='lat' dir='ltr'><strong>fornicatione</strong></span> <span class='ocrx_word' id='word_1_576' title='bbox 1438 1859 1467 1881; x_wconf 94' lang='lat' dir='ltr'><strong>et</strong></span> <span class='ocrx_word' id='word_1_577' title='bbox 1487 1854 1618 1882; x_wconf 88' lang='lat' dir='ltr'><strong>ebrietate</strong></span> <span class='ocrx_word' id='word_1_578' title='bbox 1630 1854 1739 1889; x_wconf 87' lang='lat' dir='ltr'><strong>penitus</strong></span> 
     </span>
    </p>
   </div>
   <div class='ocr_carea' id='block_1_83' title="bbox 946 1899 1738 1935">
    <p class='ocr_par' dir='ltr' id='par_1_83' title="bbox 946 1899 1738 1935">
     <span class='ocr_line' id='line_1_83' title="bbox 946 1899 1738 1935; baseline -0.004 -6"><span class='ocrx_word' id='word_1_579' title='bbox 946 1901 1160 1935; x_wconf 84' lang='lat' dir='ltr'><strong>abstinendum;</strong></span> <span class='ocrx_word' id='word_1_580' title='bbox 1189 1901 1369 1928; x_wconf 80' lang='lat' dir='ltr'><strong>orthodoxam</strong></span> <span class='ocrx_word' id='word_1_581' title='bbox 1395 1899 1476 1927; x_wconf 83' lang='lat' dir='ltr'><strong>fidem</strong></span> <span class='ocrx_word' id='word_1_582' title='bbox 1496 1899 1713 1928; x_wconf 88' lang='lat' dir='ltr'><strong>conservandam</strong></span> <span class='ocrx_word' id='word_1_583' title='bbox 1731 1907 1738 1927; x_wconf 92' lang='lat'>:</span> 
     </span>
    </p>
   </div>
   <div class='ocr_carea' id='block_1_84' title="bbox 946 1944 1739 1980">
    <p class='ocr_par' dir='ltr' id='par_1_84' title="bbox 946 1944 1739 1980">
     <span class='ocr_line' id='line_1_84' title="bbox 946 1944 1739 1980; baseline -0.004 -6"><span class='ocrx_word' id='word_1_584' title='bbox 946 1948 980 1974; x_wconf 88' lang='lat' dir='ltr'><strong>ab</strong></span> <span class='ocrx_word' id='word_1_585' title='bbox 998 1947 1192 1974; x_wconf 69' lang='lat' dir='ltr'><strong>hmreticorum</strong></span> <span class='ocrx_word' id='word_1_586' title='bbox 1209 1946 1402 1973; x_wconf 89' lang='lat' dir='ltr'><strong>communione</strong></span> <span class='ocrx_word' id='word_1_587' title='bbox 1417 1945 1513 1980; x_wconf 91' lang='lat' dir='ltr'><strong>procul</strong></span> <span class='ocrx_word' id='word_1_588' title='bbox 1538 1944 1739 1980; x_wconf 74' lang='lat' dir='ltr'><strong>refugientium.</strong></span> 
     </span>
    </p>
   </div>
   <div class='ocr_carea' id='block_1_85' title="bbox 947 1990 1741 2026">
    <p class='ocr_par' dir='ltr' id='par_1_85' title="bbox 947 1990 1741 2026">
     <span class='ocr_line' id='line_1_85' title="bbox 947 1990 1741 2026; baseline -0.003 -8"><span class='ocrx_word' id='word_1_589' title='bbox 947 1991 1048 2020; x_wconf 92' lang='lat' dir='ltr'><strong>Horum</strong></span> <span class='ocrx_word' id='word_1_590' title='bbox 1066 1991 1201 2026; x_wconf 84' lang='lat' dir='ltr'><strong>siquidem</strong></span> <span class='ocrx_word' id='word_1_591' title='bbox 1216 1991 1320 2018; x_wconf 89' lang='lat' dir='ltr'><strong>mentio</strong></span> <span class='ocrx_word' id='word_1_592' title='bbox 1335 1995 1362 2018; x_wconf 88' lang='lat' dir='ltr'><strong>et</strong></span> <span class='ocrx_word' id='word_1_593' title='bbox 1373 1991 1513 2019; x_wconf 83' lang='lat' dir='ltr'><strong>meditatio</strong></span> <span class='ocrx_word' id='word_1_594' title='bbox 1526 1990 1676 2018; x_wconf 90' lang='lat' dir='ltr'><strong>multorum</strong></span> <span class='ocrx_word' id='word_1_595' title='bbox 1691 1997 1741 2017; x_wconf 88' lang='lat' dir='ltr'><strong>no-</strong></span> 
     </span>
    </p>
   </div>
   <div class='ocr_carea' id='block_1_86' title="bbox 945 2037 1361 2066">
    <p class='ocr_par' dir='ltr' id='par_1_86' title="bbox 945 2037 1361 2066">
     <span class='ocr_line' id='line_1_86' title="bbox 945 2037 1361 2066; baseline -0.005 -1"><span class='ocrx_word' id='word_1_596' title='bbox 945 2038 987 2066; x_wconf 87' lang='lat' dir='ltr'><strong>bis</strong></span> <span class='ocrx_word' id='word_1_597' title='bbox 1007 2038 1142 2064; x_wconf 89' lang='lat' dir='ltr'><strong>bonorum</strong></span> <span class='ocrx_word' id='word_1_598' title='bbox 1159 2037 1229 2064; x_wconf 90' lang='lat' dir='ltr'><strong>viam</strong></span> <span class='ocrx_word' id='word_1_599' title='bbox 1245 2037 1361 2064; x_wconf 90' lang='lat' dir='ltr'><strong>muniet.</strong></span> 
     </span>
    </p>
   </div>
   <div class='ocr_carea' id='block_1_87' title="bbox 102 2082 1740 2122">
    <p class='ocr_par' dir='ltr' id='par_1_87' title="bbox 102 2082 1740 2122">
     <span class='ocr_line' id='line_1_87' title="bbox 102 2082 1740 2122; baseline -0.001 -12"><span class='ocrx_word' id='word_1_600' title='bbox 102 2093 141 2117; x_wconf 88' lang='grc' dir='ltr'><strong>σι,</strong></span> <span class='ocrx_word' id='word_1_601' title='bbox 155 2084 204 2110; x_wconf 79' lang='grc' dir='ltr'>καὶ</span> <span class='ocrx_word' id='word_1_602' title='bbox 220 2085 278 2115; x_wconf 82' lang='grc' dir='ltr'>ταῖς</span> <span class='ocrx_word' id='word_1_603' title='bbox 293 2084 322 2109; x_wconf 90' lang='grc' dir='ltr'><strong>ἐν</strong></span> <span class='ocrx_word' id='word_1_604' title='bbox 341 2082 502 2117; x_wconf 71' lang='grc' dir='ltr'>ἐκκλησίαις</span> <span class='ocrx_word' id='word_1_605' title='bbox 524 2082 678 2118; x_wconf 87' lang='grc' dir='ltr'>προεδρίαις</span> <span class='ocrx_word' id='word_1_606' title='bbox 690 2091 697 2097; x_wconf 93' lang='grc'>·</span> <span class='ocrx_word' id='word_1_607' title='bbox 713 2083 845 2118; x_wconf 79' lang='grc' dir='ltr'>ἀλλήλους</span> <span class='ocrx_word' id='word_1_608' title='bbox 864 2087 895 2122; x_wconf 77' lang='grc' dir='ltr'>τῇ</span> <span class='ocrx_word' id='word_1_609' title='bbox 917 2087 982 2122; x_wconf 81' lang='grc' dir='ltr'>τιμῇ</span> <span class='ocrx_word' id='word_1_610' title='bbox 995 2084 1187 2121; x_wconf 81' lang='grc' dir='ltr'>προηγεῖσθαι,</span> <span class='ocrx_word' id='word_1_611' title='bbox 1198 2084 1243 2111; x_wconf 68' lang='grc' dir='ltr'>καὶ</span> <span class='ocrx_word' id='word_1_612' title='bbox 1253 2084 1370 2120; x_wconf 87' lang='grc' dir='ltr'>μάλιστα</span> <span class='ocrx_word' id='word_1_613' title='bbox 1382 2084 1463 2118; x_wconf 80' lang='grc' dir='ltr'>ίεριῖς</span> <span class='ocrx_word' id='word_1_614' title='bbox 1473 2092 1502 2110; x_wconf 89' lang='grc' dir='ltr'><strong>τε</strong></span> <span class='ocrx_word' id='word_1_615' title='bbox 1511 2082 1579 2109; x_wconf 86' lang='grc' dir='ltr'>Θεοῦ</span> <span class='ocrx_word' id='word_1_616' title='bbox 1600 2082 1647 2109; x_wconf 77' lang='grc' dir='ltr'>καὶ</span> <span class='ocrx_word' id='word_1_617' title='bbox 1658 2090 1740 2118; x_wconf 80' lang='grc' dir='ltr'>μονα-</span> 
     </span>
    </p>
   </div>
   <div class='ocr_carea' id='block_1_88' title="bbox 102 2129 1741 2169">
    <p class='ocr_par' dir='ltr' id='par_1_88' title="bbox 102 2129 1741 2169">
     <span class='ocr_line' id='line_1_88' title="bbox 102 2129 1741 2169; baseline 0 -13"><span class='ocrx_word' id='word_1_618' title='bbox 102 2131 182 2163; x_wconf 80' lang='grc' dir='ltr'>στάς·</span> <span class='ocrx_word' id='word_1_619' title='bbox 192 2131 342 2165; x_wconf 79' lang='grc' dir='ltr'>φιλοξενίαν</span> <span class='ocrx_word' id='word_1_620' title='bbox 354 2129 542 2164; x_wconf 82' lang='grc' dir='ltr'>μεταδιώκειν·</span> <span class='ocrx_word' id='word_1_621' title='bbox 553 2130 681 2166; x_wconf 87' lang='grc' dir='ltr'>πορνείας</span> <span class='ocrx_word' id='word_1_622' title='bbox 692 2131 740 2158; x_wconf 77' lang='grc' dir='ltr'>καὶ</span> <span class='ocrx_word' id='word_1_623' title='bbox 751 2132 835 2168; x_wconf 81' lang='grc' dir='ltr'>μέθης</span> <span class='ocrx_word' id='word_1_624' title='bbox 845 2134 874 2160; x_wconf 82' lang='grc' dir='ltr'>τὸ</span> <span class='ocrx_word' id='word_1_625' title='bbox 885 2135 999 2161; x_wconf 76' lang='grc' dir='ltr'>καθόλου</span> <span class='ocrx_word' id='word_1_626' title='bbox 1009 2133 1169 2169; x_wconf 80' lang='grc' dir='ltr'>ἀπέχεσθαι·</span> <span class='ocrx_word' id='word_1_627' title='bbox 1179 2133 1227 2167; x_wconf 82' lang='grc' dir='ltr'>τὴν</span> <span class='ocrx_word' id='word_1_628' title='bbox 1237 2131 1378 2168; x_wconf 77' lang='grc' dir='ltr'>όρθόδοξον</span> <span class='ocrx_word' id='word_1_629' title='bbox 1390 2131 1480 2158; x_wconf 85' lang='grc' dir='ltr'>πίστιν</span> <span class='ocrx_word' id='word_1_630' title='bbox 1491 2131 1626 2166; x_wconf 86' lang='grc' dir='ltr'>κατέχειν·</span> <span class='ocrx_word' id='word_1_631' title='bbox 1638 2131 1741 2166; x_wconf 88' lang='grc' dir='ltr'>αίρετι-</span> 
     </span>
    </p>
   </div>
   <div class='ocr_carea' id='block_1_89' title="bbox 100 2175 1739 2214">
    <p class='ocr_par' dir='ltr' id='par_1_89' title="bbox 100 2175 1739 2214">
     <span class='ocr_line' id='line_1_89' title="bbox 100 2175 1739 2214; baseline 0 -11"><span class='ocrx_word' id='word_1_632' title='bbox 100 2177 161 2203; x_wconf 73' lang='grc' dir='ltr'><strong>κῶν</strong></span> <span class='ocrx_word' id='word_1_633' title='bbox 172 2176 316 2206; x_wconf 83' lang='grc' dir='ltr'>κοινωνίας</span> <span class='ocrx_word' id='word_1_634' title='bbox 327 2175 505 2210; x_wconf 85' lang='grc' dir='ltr'>ἀποφεύγειν.</span> <span class='ocrx_word' id='word_1_635' title='bbox 518 2176 632 2211; x_wconf 72' lang='grc' dir='ltr'>Καὶγὰρ</span> <span class='ocrx_word' id='word_1_636' title='bbox 640 2176 694 2203; x_wconf 86' lang='grc' dir='ltr'><strong>τῶν</strong></span> <span class='ocrx_word' id='word_1_637' title='bbox 704 2178 832 2204; x_wconf 85' lang='grc' dir='ltr'>τοιούτων</span> <span class='ocrx_word' id='word_1_638' title='bbox 847 2179 927 2206; x_wconf 78' lang='grc' dir='ltr'>λαλιὰ</span> <span class='ocrx_word' id='word_1_639' title='bbox 946 2181 993 2206; x_wconf 83' lang='grc' dir='ltr'>καὶ</span> <span class='ocrx_word' id='word_1_640' title='bbox 1003 2179 1117 2214; x_wconf 84' lang='grc' dir='ltr'>μελέτη,</span> <span class='ocrx_word' id='word_1_641' title='bbox 1128 2178 1233 2206; x_wconf 87' lang='grc' dir='ltr'>πολλῶν</span> <span class='ocrx_word' id='word_1_642' title='bbox 1243 2177 1354 2212; x_wconf 82' lang='grc' dir='ltr'>ἀγαθῶν</span> <span class='ocrx_word' id='word_1_643' title='bbox 1366 2176 1494 2212; x_wconf 79' lang='grc' dir='ltr'>πρόξενος</span> <span class='ocrx_word' id='word_1_644' title='bbox 1507 2176 1607 2211; x_wconf 83' lang='grc' dir='ltr'>γένοιτ’</span> <span class='ocrx_word' id='word_1_645' title='bbox 1616 2176 1649 2204; x_wconf 79' lang='grc' dir='ltr'>ἂν</span> <span class='ocrx_word' id='word_1_646' title='bbox 1662 2177 1739 2214; x_wconf 55' lang='grc' dir='ltr'>ἡμῖν.</span> 
     </span>
    </p>
   </div>
   <div class='ocr_carea' id='block_1_90' title="bbox 137 2220 896 2258">
    <p class='ocr_par' dir='ltr' id='par_1_90' title="bbox 137 2220 892 2258">
     <span class='ocr_line' id='line_1_90' title="bbox 137 2220 892 2258; baseline 0.003 -9"><span class='ocrx_word' id='word_1_647' title='bbox 137 2221 259 2253; x_wconf 83' lang='grc' dir='ltr'>Ταύταις</span> <span class='ocrx_word' id='word_1_648' title='bbox 272 2222 331 2252; x_wconf 82' lang='grc' dir='ltr'>ταῖς</span> <span class='ocrx_word' id='word_1_649' title='bbox 346 2221 431 2253; x_wconf 87' lang='grc' dir='ltr'>θείαις</span> <span class='ocrx_word' id='word_1_650' title='bbox 454 2220 605 2256; x_wconf 82' lang='grc' dir='ltr'>συνθήκαις</span> <span class='ocrx_word' id='word_1_651' title='bbox 629 2223 892 2258; x_wconf 81' lang='grc' dir='ltr'>συγκατατιθέμενοι</span> 
     </span>
    </p>
   </div>
   <div class='ocr_carea' id='block_1_91' title="bbox 947 2220 1740 2258">
    <p class='ocr_par' dir='ltr' id='par_1_91' title="bbox 981 2222 1740 2256">
     <span class='ocr_line' id='line_1_91' title="bbox 981 2222 1740 2256; baseline -0.004 -4"><span class='ocrx_word' id='word_1_652' title='bbox 981 2225 1028 2253; x_wconf 90' lang='lat' dir='ltr'><strong>His</strong></span> <span class='ocrx_word' id='word_1_653' title='bbox 1043 2225 1145 2252; x_wconf 89' lang='lat' dir='ltr'><strong>divinis</strong></span> <span class='ocrx_word' id='word_1_654' title='bbox 1168 2223 1302 2251; x_wconf 87' lang='lat' dir='ltr'><strong>institutis</strong></span> <span class='ocrx_word' id='word_1_655' title='bbox 1324 2226 1480 2256; x_wconf 80' lang='lat' dir='ltr'><strong>annuentes</strong></span> <span class='ocrx_word' id='word_1_656' title='bbox 1503 2227 1532 2250; x_wconf 85' lang='lat' dir='ltr'><strong>et</strong></span> <span class='ocrx_word' id='word_1_657' title='bbox 1557 2222 1740 2256; x_wconf 72' lang='lat' dir='ltr'><strong>adhzerentes,</strong></span> 
     </span>
    </p>
   </div>
   <div class='ocr_carea' id='block_1_92' title="bbox 101 2265 894 2305">
    <p class='ocr_par' dir='ltr' id='par_1_92' title="bbox 101 2265 894 2305">
     <span class='ocr_line' id='line_1_92' title="bbox 101 2265 894 2305; baseline 0 -10"><span class='ocrx_word' id='word_1_658' title='bbox 101 2269 150 2296; x_wconf 82' lang='grc' dir='ltr'>καὶ</span> <span class='ocrx_word' id='word_1_659' title='bbox 168 2267 358 2301; x_wconf 85' lang='grc' dir='ltr'>συνεπόμενοι,</span> <span class='ocrx_word' id='word_1_660' title='bbox 371 2265 549 2301; x_wconf 79' lang='grc' dir='ltr'>ἐπεδώκαμεν</span> <span class='ocrx_word' id='word_1_661' title='bbox 566 2267 680 2298; x_wconf 79' lang='grc' dir='ltr'>ἑαυτοὺς</span> <span class='ocrx_word' id='word_1_662' title='bbox 691 2267 729 2298; x_wconf 83' lang='grc' dir='ltr'><strong>ὡς</strong></span> <span class='ocrx_word' id='word_1_663' title='bbox 746 2268 783 2302; x_wconf 89' lang='grc' dir='ltr'>τῷ</span> <span class='ocrx_word' id='word_1_664' title='bbox 799 2269 894 2305; x_wconf 85' lang='grc' dir='ltr'>Κυρίῳ</span> 
     </span>
    </p>
   </div>
   <div class='ocr_carea' id='block_1_93' title="bbox 101 2310 894 2347">
    <p class='ocr_par' dir='ltr' id='par_1_93' title="bbox 101 2310 894 2347">
     <span class='ocr_line' id='line_1_93' title="bbox 101 2310 894 2347; baseline 0.004 -10"><span class='ocrx_word' id='word_1_665' title='bbox 101 2312 170 2347; x_wconf 77' lang='grc' dir='ltr'>τῷδε</span> <span class='ocrx_word' id='word_1_666' title='bbox 192 2310 232 2345; x_wconf 86' lang='grc' dir='ltr'>τῷ</span> <span class='ocrx_word' id='word_1_667' title='bbox 256 2311 422 2345; x_wconf 72' lang='grc' dir='ltr'>συστήματι.</span> <span class='ocrx_word' id='word_1_668' title='bbox 452 2310 522 2345; x_wconf 78' lang='grc' dir='ltr'>Φησὶ</span> <span class='ocrx_word' id='word_1_669' title='bbox 544 2311 600 2345; x_wconf 81' lang='grc' dir='ltr'>γάρ</span> <span class='ocrx_word' id='word_1_670' title='bbox 616 2319 623 2326; x_wconf 92' lang='grc'>·</span> <span class='ocrx_word' id='word_1_671' title='bbox 648 2311 680 2338; x_wconf 86' lang='lat'><strong>&#39;0</strong></span> <span class='ocrx_word' id='word_1_672' title='bbox 694 2312 825 2347; x_wconf 75' lang='grc' dir='ltr'>ποιήσας</span> <span class='ocrx_word' id='word_1_673' title='bbox 847 2314 894 2342; x_wconf 82' lang='grc' dir='ltr'><strong>ἐνί</strong></span> 
     </span>
    </p>
   </div>
   <div class='ocr_carea' id='block_1_94' title="bbox 100 2354 893 2393">
    <p class='ocr_par' dir='ltr' id='par_1_94' title="bbox 100 2354 893 2393">
     <span class='ocr_line' id='line_1_94' title="bbox 100 2354 893 2393; baseline 0.001 -9"><span class='ocrx_word' id='word_1_674' title='bbox 100 2358 218 2384; x_wconf 79' lang='grc' dir='ltr'>τούτων</span> <span class='ocrx_word' id='word_1_675' title='bbox 233 2354 293 2381; x_wconf 76' lang='grc' dir='ltr'>τῶν</span> <span class='ocrx_word' id='word_1_676' title='bbox 313 2354 453 2389; x_wconf 70' lang='grc' dir='ltr'>ἀδελφῶν</span> <span class='ocrx_word' id='word_1_677' title='bbox 464 2363 524 2389; x_wconf 82' lang='grc' dir='ltr'><strong>μου</strong></span> <span class='ocrx_word' id='word_1_678' title='bbox 547 2354 608 2382; x_wconf 70' lang='grc' dir='ltr'>τῶν</span> <span class='ocrx_word' id='word_1_679' title='bbox 621 2355 793 2391; x_wconf 70' lang='grc' dir='ltr'>ἐλαχίστων</span> <span class='ocrx_word' id='word_1_680' title='bbox 804 2378 811 2389; x_wconf 91' lang='grc'><strong>,</strong></span> <span class='ocrx_word' id='word_1_681' title='bbox 828 2358 893 2393; x_wconf 78' lang='grc' dir='ltr'>ἐμοὶ</span> 
     </span>
    </p>
   </div>
   <div class='ocr_carea' id='block_1_95' title="bbox 101 2400 894 2439">
    <p class='ocr_par' dir='ltr' id='par_1_95' title="bbox 101 2400 894 2439">
     <span class='ocr_line' id='line_1_95' title="bbox 101 2400 894 2439; baseline 0.003 -10"><span class='ocrx_word' id='word_1_682' title='bbox 101 2403 269 2436; x_wconf 72' lang='grc' dir='ltr'>πεποίηκε’</span> <span class='ocrx_word' id='word_1_683' title='bbox 289 2401 372 2436; x_wconf 83' lang='grc' dir='ltr'>μηδὲν</span> <span class='ocrx_word' id='word_1_684' title='bbox 395 2400 451 2427; x_wconf 87' lang='grc' dir='ltr'><strong>τῶν</strong></span> <span class='ocrx_word' id='word_1_685' title='bbox 472 2400 608 2436; x_wconf 78' lang='grc' dir='ltr'>κειμένων</span> <span class='ocrx_word' id='word_1_686' title='bbox 635 2401 805 2435; x_wconf 82' lang='grc' dir='ltr'>ἀθετοῦντες,</span> <span class='ocrx_word' id='word_1_687' title='bbox 826 2404 894 2439; x_wconf 88' lang='grc' dir='ltr'><strong>μηδέ</strong></span> 
     </span>
    </p>
   </div>
   <div class='ocr_carea' id='block_1_96' title="bbox 101 2446 898 2484">
    <p class='ocr_par' dir='ltr' id='par_1_96' title="bbox 101 2446 898 2484">
     <span class='ocr_line' id='line_1_96' title="bbox 101 2446 898 2484; baseline 0.001 -9"><span class='ocrx_word' id='word_1_688' title='bbox 101 2446 339 2484; x_wconf 80' lang='grc' dir='ltr'>παραμελοῦντες.</span> <span class='ocrx_word' id='word_1_689' title='bbox 366 2447 409 2478; x_wconf 78' lang='grc' dir='ltr'>Ὠς</span> <span class='ocrx_word' id='word_1_690' title='bbox 427 2446 476 2474; x_wconf 84' lang='grc' dir='ltr'>ἐάν</span> <span class='ocrx_word' id='word_1_691' title='bbox 502 2455 568 2474; x_wconf 84' lang='grc' dir='ltr'>ποτε</span> <span class='ocrx_word' id='word_1_692' title='bbox 586 2447 683 2483; x_wconf 81' lang='grc' dir='ltr'>ὀφθείη</span> <span class='ocrx_word' id='word_1_693' title='bbox 697 2458 738 2480; x_wconf 80' lang='grc' dir='ltr'><strong>τις</strong></span> <span class='ocrx_word' id='word_1_694' title='bbox 752 2449 806 2476; x_wconf 87' lang='grc' dir='ltr'><strong>τῶν</strong></span> <span class='ocrx_word' id='word_1_695' title='bbox 817 2450 898 2482; x_wconf 69' lang='grc' dir='ltr'>ἀδελο,</span> 
     </span>
    </p>
   </div>
   <div class='ocr_carea' id='block_1_97' title="bbox 101 2492 894 2531">
    <p class='ocr_par' dir='ltr' id='par_1_97' title="bbox 101 2492 894 2531">
     <span class='ocr_line' id='line_1_97' title="bbox 101 2492 894 2531; baseline 0.004 -13"><span class='ocrx_word' id='word_1_696' title='bbox 101 2493 159 2527; x_wconf 80' lang='grc' dir='ltr'><strong>φῶν</strong></span> <span class='ocrx_word' id='word_1_697' title='bbox 190 2492 207 2528; x_wconf 86' lang='grc' dir='ltr'>ἢ</span> <span class='ocrx_word' id='word_1_698' title='bbox 234 2492 363 2528; x_wconf 87' lang='grc' dir='ltr'>παρορῶν</span> <span class='ocrx_word' id='word_1_699' title='bbox 391 2492 437 2519; x_wconf 81' lang='grc' dir='ltr'>τὸν</span> <span class='ocrx_word' id='word_1_700' title='bbox 476 2492 604 2529; x_wconf 82' lang='grc' dir='ltr'>κείμενον</span> <span class='ocrx_word' id='word_1_701' title='bbox 633 2494 730 2530; x_wconf 76' lang='grc' dir='ltr'>νεκρὸν</span> <span class='ocrx_word' id='word_1_702' title='bbox 748 2513 755 2526; x_wconf 93' lang='grc'><strong>,</strong></span> <span class='ocrx_word' id='word_1_703' title='bbox 779 2495 827 2521; x_wconf 84' lang='grc' dir='ltr'>καὶ</span> <span class='ocrx_word' id='word_1_704' title='bbox 856 2495 894 2531; x_wconf 83' lang='grc' dir='ltr'>μὴ</span> 
     </span>
    </p>
   </div>
   <div class='ocr_carea' id='block_1_98' title="bbox 101 2538 892 2575">
    <p class='ocr_par' dir='ltr' id='par_1_98' title="bbox 101 2538 892 2575">
     <span class='ocr_line' id='line_1_98' title="bbox 101 2538 892 2575; baseline 0.003 -11"><span class='ocrx_word' id='word_1_705' title='bbox 101 2539 235 2572; x_wconf 74' lang='grc' dir='ltr'>ἀναφέροι</span> <span class='ocrx_word' id='word_1_706' title='bbox 254 2538 294 2573; x_wconf 85' lang='grc' dir='ltr'>τῷ</span> <span class='ocrx_word' id='word_1_707' title='bbox 312 2538 347 2564; x_wconf 89' lang='grc' dir='ltr'>τὰ</span> <span class='ocrx_word' id='word_1_708' title='bbox 369 2538 468 2573; x_wconf 87' lang='grc' dir='ltr'>πρῶτα</span> <span class='ocrx_word' id='word_1_709' title='bbox 484 2538 596 2573; x_wconf 85' lang='grc' dir='ltr'>φέροντι</span> <span class='ocrx_word' id='word_1_710' title='bbox 621 2539 672 2574; x_wconf 79' lang='grc' dir='ltr'>τῆς</span> <span class='ocrx_word' id='word_1_711' title='bbox 700 2539 892 2575; x_wconf 79' lang='grc' dir='ltr'>ἀδελφότητος-</span> 
     </span>
    </p>
   </div>
   <div class='ocr_carea' id='block_1_99' title="bbox 100 2584 894 2621">
    <p class='ocr_par' dir='ltr' id='par_1_99' title="bbox 100 2584 894 2621">
     <span class='ocr_line' id='line_1_99' title="bbox 100 2584 894 2621; baseline 0.003 -11"><span class='ocrx_word' id='word_1_712' title='bbox 100 2585 115 2620; x_wconf 80' lang='grc' dir='ltr'>ἢ</span> <span class='ocrx_word' id='word_1_713' title='bbox 144 2585 175 2610; x_wconf 91' lang='grc' dir='ltr'><strong>ἐν</strong></span> <span class='ocrx_word' id='word_1_714' title='bbox 192 2584 250 2615; x_wconf 83' lang='grc' dir='ltr'>τοῖς</span> <span class='ocrx_word' id='word_1_715' title='bbox 267 2584 389 2619; x_wconf 81' lang='grc' dir='ltr'>ἀρίστοις</span> <span class='ocrx_word' id='word_1_716' title='bbox 417 2584 606 2620; x_wconf 82' lang='grc' dir='ltr'>φθεγγόμενος</span> <span class='ocrx_word' id='word_1_717' title='bbox 621 2585 640 2612; x_wconf 74' lang='grc' dir='ltr'>θ.</span> <span class='ocrx_word' id='word_1_718' title='bbox 667 2585 704 2621; x_wconf 84' lang='grc' dir='ltr'>μὴ</span> <span class='ocrx_word' id='word_1_719' title='bbox 728 2586 817 2621; x_wconf 73' lang='grc' dir='ltr'>θέμις,</span> <span class='ocrx_word' id='word_1_720' title='bbox 844 2586 894 2612; x_wconf 79' lang='grc' dir='ltr'>καὶ</span> 
     </span>
    </p>
   </div>
   <div class='ocr_carea' id='block_1_100' title="bbox 101 2626 895 2668">
    <p class='ocr_par' dir='ltr' id='par_1_100' title="bbox 101 2626 895 2668">
     <span class='ocr_line' id='line_1_100' title="bbox 101 2626 895 2668; baseline 0.003 -12"><span class='ocrx_word' id='word_1_721' title='bbox 101 2631 232 2665; x_wconf 73' lang='grc' dir='ltr'>πράττων</span> <span class='ocrx_word' id='word_1_722' title='bbox 246 2629 280 2657; x_wconf 83' lang='grc' dir='ltr'>τὰ</span> <span class='ocrx_word' id='word_1_723' title='bbox 297 2630 346 2665; x_wconf 84' lang='grc' dir='ltr'>οὐχ</span> <span class='ocrx_word' id='word_1_724' title='bbox 356 2630 429 2662; x_wconf 82' lang='grc' dir='ltr'>ὅσια,</span> <span class='ocrx_word' id='word_1_725' title='bbox 455 2630 492 2662; x_wconf 89' lang='grc' dir='ltr'>ὡς</span> <span class='ocrx_word' id='word_1_726' title='bbox 506 2630 630 2657; x_wconf 83' lang='grc' dir='ltr'>ἐντεῦθεν</span> <span class='ocrx_word' id='word_1_727' title='bbox 644 2631 690 2658; x_wconf 81' lang='grc' dir='ltr'><strong>τὸν</strong></span> <span class='ocrx_word' id='word_1_728' title='bbox 707 2631 773 2658; x_wconf 79' lang='grc' dir='ltr'>Θείιν</span> <span class='ocrx_word' id='word_1_729' title='bbox 790 2626 895 2668; x_wconf 75' lang='grc' dir='ltr'>παρορ-</span> 
     </span>
    </p>
   </div>
   <div class='ocr_carea' id='block_1_101' title="bbox 101 2675 892 2713">
    <p class='ocr_par' dir='ltr' id='par_1_101' title="bbox 101 2675 892 2713">
     <span class='ocr_line' id='line_1_101' title="bbox 101 2675 892 2713; baseline 0.003 -11"><span class='ocrx_word' id='word_1_730' title='bbox 101 2676 226 2710; x_wconf 75' lang='grc' dir='ltr'>γίςεσθαι</span> <span class='ocrx_word' id='word_1_731' title='bbox 237 2696 245 2709; x_wconf 83' lang='grc'><strong>,</strong></span> <span class='ocrx_word' id='word_1_732' title='bbox 260 2676 390 2711; x_wconf 83' lang='grc' dir='ltr'>ἐπιτιμίῳ</span> <span class='ocrx_word' id='word_1_733' title='bbox 404 2675 603 2703; x_wconf 76' lang='grc' dir='ltr'>ὑποϐάλλεσθαι</span> <span class='ocrx_word' id='word_1_734' title='bbox 619 2677 694 2711; x_wconf 79' lang='grc' dir='ltr'>παρὰ</span> <span class='ocrx_word' id='word_1_735' title='bbox 708 2677 756 2704; x_wconf 86' lang='grc' dir='ltr'><strong>τοῦ</strong></span> <span class='ocrx_word' id='word_1_736' title='bbox 770 2677 892 2713; x_wconf 81' lang='grc' dir='ltr'>προκαθ-</span> 
     </span>
    </p>
   </div>
   <div class='ocr_carea' id='block_1_102' title="bbox 99 2722 890 2758">
    <p class='ocr_par' dir='ltr' id='par_1_102' title="bbox 99 2722 890 2758">
     <span class='ocr_line' id='line_1_102' title="bbox 99 2722 890 2758; baseline 0.001 -10"><span class='ocrx_word' id='word_1_737' title='bbox 99 2722 265 2756; x_wconf 81' lang='grc' dir='ltr'>ηγουμένου,</span> <span class='ocrx_word' id='word_1_738' title='bbox 281 2722 366 2757; x_wconf 87' lang='grc' dir='ltr'>τριῶν</span> <span class='ocrx_word' id='word_1_739' title='bbox 392 2722 504 2757; x_wconf 84' lang='grc' dir='ltr'>ἡμερῶν</span> <span class='ocrx_word' id='word_1_740' title='bbox 529 2723 618 2757; x_wconf 82' lang='grc' dir='ltr'>ἀποχῇ</span> <span class='ocrx_word' id='word_1_741' title='bbox 637 2723 719 2756; x_wconf 75' lang='grc' dir='ltr'>οἴνου,</span> <span class='ocrx_word' id='word_1_742' title='bbox 736 2723 783 2749; x_wconf 72' lang='grc' dir='ltr'>καὶ</span> <span class='ocrx_word' id='word_1_743' title='bbox 803 2724 890 2758; x_wconf 79' lang='grc' dir='ltr'>ἀργυ-</span> 
     </span>
    </p>
   </div>
   <div class='ocr_carea' id='block_1_103' title="bbox 101 2766 889 2804">
    <p class='ocr_par' dir='ltr' id='par_1_103' title="bbox 101 2766 889 2804">
     <span class='ocr_line' id='line_1_103' title="bbox 101 2766 889 2804; baseline 0.003 -11"><span class='ocrx_word' id='word_1_744' title='bbox 101 2767 158 2802; x_wconf 76' lang='grc' dir='ltr'>ρίου</span> <span class='ocrx_word' id='word_1_745' title='bbox 176 2767 238 2799; x_wconf 55' lang='lat' dir='ltr'><strong>avt;</strong></span> <span class='ocrx_word' id='word_1_746' title='bbox 252 2767 403 2803; x_wconf 72' lang='grc' dir='ltr'>καταϐολῇ,</span> <span class='ocrx_word' id='word_1_747' title='bbox 416 2766 466 2794; x_wconf 78' lang='grc' dir='ltr'>εἷθ’</span> <span class='ocrx_word' id='word_1_748' title='bbox 482 2767 570 2799; x_wconf 75' lang='grc' dir='ltr'>οὕτως</span> <span class='ocrx_word' id='word_1_749' title='bbox 585 2768 672 2796; x_wconf 84' lang='grc' dir='ltr'>αίτείν</span> <span class='ocrx_word' id='word_1_750' title='bbox 686 2768 755 2803; x_wconf 85' lang='grc' dir='ltr'>πρὸς</span> <span class='ocrx_word' id='word_1_751' title='bbox 768 2768 799 2795; x_wconf 79' lang='grc' dir='ltr'>τὸ</span> <span class='ocrx_word' id='word_1_752' title='bbox 824 2768 889 2804; x_wconf 72' lang='grc' dir='ltr'><strong>ἑξῆς</strong></span> 
     </span>
    </p>
   </div>
   <div class='ocr_carea' id='block_1_104' title="bbox 137 2854 427 2886">
    <p class='ocr_par' dir='ltr' id='par_1_104' title="bbox 137 2854 427 2886">
     <span class='ocr_line' id='line_1_104' title="bbox 137 2854 427 2886; baseline -0.003 -4"><span class='ocrx_word' id='word_1_753' title='bbox 137 2855 158 2870; x_wconf 70' lang='grc'><strong>⁵³</strong></span> <span class='ocrx_word' id='word_1_754' title='bbox 176 2854 272 2882; x_wconf 69' lang='lat' dir='ltr'><strong>Manli.</strong></span> <span class='ocrx_word' id='word_1_755' title='bbox 291 2862 366 2886; x_wconf 67' lang='grc' dir='ltr'>χχιιι,</span> <span class='ocrx_word' id='word_1_756' title='bbox 389 2854 427 2881; x_wconf 87' lang='lat' dir='ltr'><strong>l0.</strong></span> 
     </span>
    </p>
   </div>
   <div class='ocr_carea' id='block_1_105' title="bbox 947 2268 1740 2305">
    <p class='ocr_par' dir='ltr' id='par_1_105' title="bbox 947 2268 1740 2305">
     <span class='ocr_line' id='line_1_105' title="bbox 947 2268 1740 2305; baseline -0.005 -6"><span class='ocrx_word' id='word_1_757' title='bbox 947 2271 1013 2299; x_wconf 88' lang='lat' dir='ltr'><strong>huic</strong></span> <span class='ocrx_word' id='word_1_758' title='bbox 1036 2279 1088 2299; x_wconf 88' lang='lat' dir='ltr'><strong>nos</strong></span> <span class='ocrx_word' id='word_1_759' title='bbox 1117 2271 1200 2298; x_wconf 80' lang='lat' dir='ltr'><strong>ccetui</strong></span> <span class='ocrx_word' id='word_1_760' title='bbox 1225 2275 1353 2305; x_wconf 89' lang='lat' dir='ltr'><strong>tanquam</strong></span> <span class='ocrx_word' id='word_1_761' title='bbox 1369 2269 1484 2296; x_wconf 89' lang='lat' dir='ltr'><strong>Domino</strong></span> <span class='ocrx_word' id='word_1_762' title='bbox 1509 2268 1681 2301; x_wconf 80' lang='lat' dir='ltr'><strong>addiximus;</strong></span> <span class='ocrx_word' id='word_1_763' title='bbox 1702 2269 1740 2296; x_wconf 85' lang='lat' dir='ltr'><strong>ait</strong></span> 
     </span>
    </p>
   </div>
   <div class='ocr_carea' id='block_1_106' title="bbox 946 2314 1737 2352">
    <p class='ocr_par' dir='ltr' id='par_1_106' title="bbox 946 2314 1737 2352">
     <span class='ocr_line' id='line_1_106' title="bbox 946 2314 1737 2352; baseline -0.005 -9"><span class='ocrx_word' id='word_1_764' title='bbox 946 2317 1018 2343; x_wconf 85' lang='lat' dir='ltr'><strong>enim</strong></span> <span class='ocrx_word' id='word_1_765' title='bbox 1036 2325 1042 2344; x_wconf 94' lang='lat'>:</span> <span class='ocrx_word' id='word_1_766' title='bbox 1062 2316 1112 2348; x_wconf 83' lang='lat' dir='ltr'><strong>Qui</strong></span> <span class='ocrx_word' id='word_1_767' title='bbox 1129 2316 1219 2352; x_wconf 80' lang='lat' dir='ltr'><strong>fecerit</strong></span> <span class='ocrx_word' id='word_1_768' title='bbox 1233 2316 1279 2342; x_wconf 79' lang='lat' dir='ltr'><strong>uni</strong></span> <span class='ocrx_word' id='word_1_769' title='bbox 1292 2315 1324 2342; x_wconf 78' lang='lat' dir='ltr'><strong>de</strong></span> <span class='ocrx_word' id='word_1_770' title='bbox 1340 2315 1379 2341; x_wconf 76' lang='lat' dir='ltr'><strong>his</strong></span> <span class='ocrx_word' id='word_1_771' title='bbox 1395 2314 1522 2349; x_wconf 72' lang='lat' dir='ltr'><strong>fratribus</strong></span> <span class='ocrx_word' id='word_1_772' title='bbox 1533 2314 1597 2340; x_wconf 75' lang='lat' dir='ltr'><strong>meis</strong></span> <span class='ocrx_word' id='word_1_773' title='bbox 1612 2314 1737 2347; x_wconf 74' lang='lat' dir='ltr'><strong>minimis,</strong></span> 
     </span>
    </p>
   </div>
   <div class='ocr_carea' id='block_1_107' title="bbox 947 2359 1740 2398">
    <p class='ocr_par' dir='ltr' id='par_1_107' title="bbox 947 2359 1740 2398">
     <span class='ocr_line' id='line_1_107' title="bbox 947 2359 1740 2398; baseline -0.004 -10"><span class='ocrx_word' id='word_1_774' title='bbox 947 2363 1010 2389; x_wconf 83' lang='lat' dir='ltr'><strong>mihi</strong></span> <span class='ocrx_word' id='word_1_775' title='bbox 1026 2363 1086 2398; x_wconf 74' lang='lat' dir='ltr'><strong>fecit</strong></span> <span class='ocrx_word' id='word_1_776' title='bbox 1101 2362 1125 2378; x_wconf 78' lang='lat'>“</span> <span class='ocrx_word' id='word_1_777' title='bbox 1143 2370 1151 2389; x_wconf 87' lang='lat'><strong>:</strong></span> <span class='ocrx_word' id='word_1_778' title='bbox 1165 2362 1234 2390; x_wconf 86' lang='lat' dir='ltr'><strong>nihil</strong></span> <span class='ocrx_word' id='word_1_779' title='bbox 1248 2369 1343 2389; x_wconf 88' lang='lat' dir='ltr'><strong>eorum</strong></span> <span class='ocrx_word' id='word_1_780' title='bbox 1358 2368 1419 2395; x_wconf 65' lang='grc' dir='ltr'>ηοω</span> <span class='ocrx_word' id='word_1_781' title='bbox 1432 2360 1537 2388; x_wconf 84' lang='lat' dir='ltr'><strong>sancita</strong></span> <span class='ocrx_word' id='word_1_782' title='bbox 1554 2363 1618 2386; x_wconf 89' lang='lat' dir='ltr'><strong>sunt</strong></span> <span class='ocrx_word' id='word_1_783' title='bbox 1638 2359 1740 2394; x_wconf 84' lang='lat' dir='ltr'><strong>impro-</strong></span> 
     </span>
    </p>
   </div>
   <div class='ocr_carea' id='block_1_108' title="bbox 945 2404 1738 2441">
    <p class='ocr_par' dir='ltr' id='par_1_108' title="bbox 945 2404 1738 2441">
     <span class='ocr_line' id='line_1_108' title="bbox 945 2404 1738 2441; baseline -0.005 -7"><span class='ocrx_word' id='word_1_784' title='bbox 945 2406 1053 2438; x_wconf 84' lang='lat' dir='ltr'><strong>bantes,</strong></span> <span class='ocrx_word' id='word_1_785' title='bbox 1070 2414 1160 2441; x_wconf 87' lang='lat' dir='ltr'><strong>neque</strong></span> <span class='ocrx_word' id='word_1_786' title='bbox 1177 2410 1366 2441; x_wconf 80' lang='lat' dir='ltr'><strong>aspernantes,</strong></span> <span class='ocrx_word' id='word_1_787' title='bbox 1383 2410 1413 2432; x_wconf 92' lang='lat' dir='ltr'><strong>ut</strong></span> <span class='ocrx_word' id='word_1_788' title='bbox 1428 2405 1450 2432; x_wconf 88' lang='lat' dir='ltr'><strong>si</strong></span> <span class='ocrx_word' id='word_1_789' title='bbox 1464 2404 1573 2439; x_wconf 89' lang='lat' dir='ltr'><strong>quando</strong></span> <span class='ocrx_word' id='word_1_790' title='bbox 1585 2404 1738 2439; x_wconf 90' lang='lat' dir='ltr'><strong>deprehen-</strong></span> 
     </span>
    </p>
   </div>
   <div class='ocr_carea' id='block_1_109' title="bbox 946 2449 1737 2486">
    <p class='ocr_par' dir='ltr' id='par_1_109' title="bbox 946 2449 1737 2486">
     <span class='ocr_line' id='line_1_109' title="bbox 946 2449 1737 2486; baseline -0.003 -8"><span class='ocrx_word' id='word_1_791' title='bbox 946 2458 991 2478; x_wconf 86' lang='lat' dir='ltr'><strong>sus</strong></span> <span class='ocrx_word' id='word_1_792' title='bbox 1009 2451 1091 2478; x_wconf 89' lang='lat' dir='ltr'><strong>fuerit</strong></span> <span class='ocrx_word' id='word_1_793' title='bbox 1103 2451 1246 2486; x_wconf 88' lang='lat' dir='ltr'><strong>quisquam</strong></span> <span class='ocrx_word' id='word_1_794' title='bbox 1262 2458 1295 2478; x_wconf 89' lang='lat' dir='ltr'><strong>ex</strong></span> <span class='ocrx_word' id='word_1_795' title='bbox 1317 2450 1459 2482; x_wconf 85' lang='lat' dir='ltr'><strong>fratribus,</strong></span> <span class='ocrx_word' id='word_1_796' title='bbox 1476 2450 1522 2485; x_wconf 87' lang='lat' dir='ltr'><strong>qui</strong></span> <span class='ocrx_word' id='word_1_797' title='bbox 1546 2449 1589 2477; x_wconf 88' lang='lat' dir='ltr'><strong>vel</strong></span> <span class='ocrx_word' id='word_1_798' title='bbox 1600 2449 1737 2484; x_wconf 87' lang='lat' dir='ltr'><strong>jacentem</strong></span> 
     </span>
    </p>
   </div>
   <div class='ocr_carea' id='block_1_110' title="bbox 946 2494 1738 2532">
    <p class='ocr_par' dir='ltr' id='par_1_110' title="bbox 946 2494 1738 2532">
     <span class='ocr_line' id='line_1_110' title="bbox 946 2494 1738 2532; baseline 0 -9"><span class='ocrx_word' id='word_1_799' title='bbox 946 2500 1085 2523; x_wconf 87' lang='lat' dir='ltr'><strong>mortuum</strong></span> <span class='ocrx_word' id='word_1_800' title='bbox 1107 2495 1257 2532; x_wconf 87' lang='lat' dir='ltr'><strong>despiciat,</strong></span> <span class='ocrx_word' id='word_1_801' title='bbox 1277 2499 1306 2523; x_wconf 90' lang='lat' dir='ltr'><strong>et</strong></span> <span class='ocrx_word' id='word_1_802' title='bbox 1322 2495 1357 2523; x_wconf 91' lang='lat' dir='ltr'><strong>ad</strong></span> <span class='ocrx_word' id='word_1_803' title='bbox 1374 2495 1534 2530; x_wconf 87' lang='lat' dir='ltr'><strong>primarium</strong></span> <span class='ocrx_word' id='word_1_804' title='bbox 1559 2494 1738 2523; x_wconf 86' lang='lat' dir='ltr'><strong>fraternitatis</strong></span> 
     </span>
    </p>
   </div>
   <div class='ocr_carea' id='block_1_111' title="bbox 946 2542 1738 2577">
    <p class='ocr_par' dir='ltr' id='par_1_111' title="bbox 946 2542 1738 2577">
     <span class='ocr_line' id='line_1_111' title="bbox 946 2542 1738 2577; baseline -0.001 -8"><span class='ocrx_word' id='word_1_805' title='bbox 946 2550 1000 2569; x_wconf 89' lang='lat' dir='ltr'><strong>non</strong></span> <span class='ocrx_word' id='word_1_806' title='bbox 1016 2542 1125 2576; x_wconf 87' lang='lat' dir='ltr'><strong>referat,</strong></span> <span class='ocrx_word' id='word_1_807' title='bbox 1140 2543 1183 2570; x_wconf 89' lang='lat' dir='ltr'><strong>vel</strong></span> <span class='ocrx_word' id='word_1_808' title='bbox 1207 2542 1235 2570; x_wconf 91' lang='lat' dir='ltr'><strong>in</strong></span> <span class='ocrx_word' id='word_1_809' title='bbox 1256 2542 1290 2570; x_wconf 88' lang='lat' dir='ltr'><strong>iis</strong></span> <span class='ocrx_word' id='word_1_810' title='bbox 1307 2543 1431 2577; x_wconf 87' lang='lat' dir='ltr'><strong>prandiis</strong></span> <span class='ocrx_word' id='word_1_811' title='bbox 1453 2542 1580 2577; x_wconf 87' lang='lat' dir='ltr'><strong>loquatur</strong></span> <span class='ocrx_word' id='word_1_812' title='bbox 1600 2549 1660 2575; x_wconf 72' lang='lat' dir='ltr'><strong>qua:</strong></span> <span class='ocrx_word' id='word_1_813' title='bbox 1680 2549 1738 2568; x_wconf 91' lang='lat' dir='ltr'><strong>non</strong></span> 
     </span>
    </p>
   </div>
   <div class='ocr_carea' id='block_1_112' title="bbox 946 2587 1737 2624">
    <p class='ocr_par' dir='ltr' id='par_1_112' title="bbox 946 2587 1737 2624">
     <span class='ocr_line' id='line_1_112' title="bbox 946 2587 1737 2624; baseline -0.001 -10"><span class='ocrx_word' id='word_1_814' title='bbox 946 2588 1020 2622; x_wconf 87' lang='lat' dir='ltr'><strong>licet,</strong></span> <span class='ocrx_word' id='word_1_815' title='bbox 1031 2593 1126 2624; x_wconf 86' lang='lat' dir='ltr'><strong>agatve</strong></span> <span class='ocrx_word' id='word_1_816' title='bbox 1136 2596 1191 2616; x_wconf 93' lang='lat' dir='ltr'><strong>non</strong></span> <span class='ocrx_word' id='word_1_817' title='bbox 1205 2593 1291 2620; x_wconf 86' lang='lat' dir='ltr'><strong>recta,</strong></span> <span class='ocrx_word' id='word_1_818' title='bbox 1306 2589 1342 2615; x_wconf 90' lang='lat' dir='ltr'><strong>ita</strong></span> <span class='ocrx_word' id='word_1_819' title='bbox 1359 2593 1387 2616; x_wconf 91' lang='lat' dir='ltr'><strong>ut</strong></span> <span class='ocrx_word' id='word_1_820' title='bbox 1403 2589 1474 2615; x_wconf 91' lang='lat' dir='ltr'><strong>Deus</strong></span> <span class='ocrx_word' id='word_1_821' title='bbox 1487 2587 1551 2615; x_wconf 90' lang='lat' dir='ltr'><strong>inde</strong></span> <span class='ocrx_word' id='word_1_822' title='bbox 1568 2587 1737 2620; x_wconf 80' lang='lat' dir='ltr'><strong>offendatur;</strong></span> 
     </span>
    </p>
   </div>
   <div class='ocr_carea' id='block_1_113' title="bbox 945 2632 1737 2669">
    <p class='ocr_par' dir='ltr' id='par_1_113' title="bbox 945 2632 1737 2669">
     <span class='ocr_line' id='line_1_113' title="bbox 945 2632 1737 2669; baseline -0.004 -9"><span class='ocrx_word' id='word_1_823' title='bbox 945 2633 1020 2661; x_wconf 88' lang='lat' dir='ltr'><strong>hunc</strong></span> <span class='ocrx_word' id='word_1_824' title='bbox 1038 2634 1200 2669; x_wconf 63' lang='lat' dir='ltr'><strong>praepositus</strong></span> <span class='ocrx_word' id='word_1_825' title='bbox 1223 2641 1311 2668; x_wconf 57' lang='lat' dir='ltr'><strong>poena:</strong></span> <span class='ocrx_word' id='word_1_826' title='bbox 1332 2633 1476 2668; x_wconf 84' lang='lat' dir='ltr'><strong>subjiciat,</strong></span> <span class='ocrx_word' id='word_1_827' title='bbox 1492 2632 1534 2659; x_wconf 90' lang='lat' dir='ltr'><strong>vel</strong></span> <span class='ocrx_word' id='word_1_828' title='bbox 1561 2632 1693 2659; x_wconf 68' lang='lat' dir='ltr'><strong>triduana:</strong></span> <span class='ocrx_word' id='word_1_829' title='bbox 1720 2638 1737 2658; x_wconf 87' lang='lat' dir='ltr'><strong>a</strong></span> 
     </span>
    </p>
   </div>
   <div class='ocr_carea' id='block_1_114' title="bbox 945 2676 1736 2712">
    <p class='ocr_par' dir='ltr' id='par_1_114' title="bbox 945 2676 1736 2712">
     <span class='ocr_line' id='line_1_114' title="bbox 945 2676 1736 2712; baseline -0.004 -6"><span class='ocrx_word' id='word_1_830' title='bbox 945 2679 1010 2706; x_wconf 89' lang='lat' dir='ltr'><strong>vino</strong></span> <span class='ocrx_word' id='word_1_831' title='bbox 1025 2679 1208 2712; x_wconf 69' lang='lat' dir='ltr'><strong>abstinenlim,</strong></span> <span class='ocrx_word' id='word_1_832' title='bbox 1229 2679 1271 2706; x_wconf 84' lang='lat' dir='ltr'><strong>vel</strong></span> <span class='ocrx_word' id='word_1_833' title='bbox 1286 2678 1379 2705; x_wconf 75' lang='lat' dir='ltr'><strong>multa:</strong></span> <span class='ocrx_word' id='word_1_834' title='bbox 1395 2679 1476 2704; x_wconf 87' lang='lat' dir='ltr'><strong>unius</strong></span> <span class='ocrx_word' id='word_1_835' title='bbox 1496 2676 1616 2712; x_wconf 85' lang='lat' dir='ltr'><strong>argentei</strong></span> <span class='ocrx_word' id='word_1_836' title='bbox 1641 2685 1648 2704; x_wconf 86' lang='lat'><strong>:</strong></span> <span class='ocrx_word' id='word_1_837' title='bbox 1677 2681 1736 2703; x_wconf 90' lang='lat' dir='ltr'><strong>tum</strong></span> 
     </span>
    </p>
   </div>
   <div class='ocr_carea' id='block_1_115' title="bbox 944 2721 1735 2758">
    <p class='ocr_par' dir='ltr' id='par_1_115' title="bbox 944 2721 1735 2758">
     <span class='ocr_line' id='line_1_115' title="bbox 944 2721 1735 2758; baseline -0.006 -6"><span class='ocrx_word' id='word_1_838' title='bbox 944 2725 979 2752; x_wconf 82' lang='lat' dir='ltr'><strong>ab</strong></span> <span class='ocrx_word' id='word_1_839' title='bbox 997 2725 1042 2752; x_wconf 90' lang='lat' dir='ltr'><strong>illo</strong></span> <span class='ocrx_word' id='word_1_840' title='bbox 1060 2724 1281 2752; x_wconf 85' lang='lat' dir='ltr'><strong>emendationem</strong></span> <span class='ocrx_word' id='word_1_841' title='bbox 1294 2724 1320 2750; x_wconf 91' lang='lat' dir='ltr'><strong>in</strong></span> <span class='ocrx_word' id='word_1_842' title='bbox 1341 2728 1481 2758; x_wconf 85' lang='lat' dir='ltr'><strong>posterum</strong></span> <span class='ocrx_word' id='word_1_843' title='bbox 1497 2722 1595 2757; x_wconf 81' lang='lat' dir='ltr'><strong>exigat.</strong></span> <span class='ocrx_word' id='word_1_844' title='bbox 1607 2721 1648 2748; x_wconf 77' lang='lat' dir='ltr'><strong>Ad</strong></span> <span class='ocrx_word' id='word_1_845' title='bbox 1664 2721 1735 2753; x_wconf 57' lang='lat' dir='ltr'><strong>hac,</strong></span> 
     </span>
    </p>
   </div>
   <div class='ocr_carea' id='block_1_116' title="bbox 942 2768 1736 2802">
    <p class='ocr_par' dir='ltr' id='par_1_116' title="bbox 942 2768 1736 2802">
     <span class='ocr_line' id='line_1_116' title="bbox 942 2768 1736 2802; baseline -0.004 -5"><span class='ocrx_word' id='word_1_846' title='bbox 942 2769 1142 2798; x_wconf 86' lang='lat' dir='ltr'><strong>observandum</strong></span> <span class='ocrx_word' id='word_1_847' title='bbox 1161 2770 1247 2802; x_wconf 78' lang='lat' dir='ltr'><strong>vobis,</strong></span> <span class='ocrx_word' id='word_1_848' title='bbox 1275 2774 1304 2796; x_wconf 87' lang='lat' dir='ltr'><strong>ut</strong></span> <span class='ocrx_word' id='word_1_849' title='bbox 1319 2776 1381 2797; x_wconf 88' lang='lat' dir='ltr'><strong>cum</strong></span> <span class='ocrx_word' id='word_1_850' title='bbox 1395 2768 1476 2796; x_wconf 88' lang='lat' dir='ltr'><strong>alicui</strong></span> <span class='ocrx_word' id='word_1_851' title='bbox 1495 2768 1608 2794; x_wconf 86' lang='lat' dir='ltr'><strong>fratrum</strong></span> <span class='ocrx_word' id='word_1_852' title='bbox 1625 2770 1736 2794; x_wconf 89' lang='lat' dir='ltr'><strong>vestro-</strong></span> 
     </span>
    </p>
   </div>
  </div>
