1924 3077
206 143 260 175 955

805 142 836 172 S.
851 142 1049 172 TIlEODORI
1073 141 1248 171 STUDITJE

1789 139 1843 172 956

207 207 267 226 rum
282 198 436 226 communis
450 206 523 226 mors
537 198 674 234 obtigerit,
691 199 856 226 conveniant
869 207 921 225 una
934 206 995 225 om-

1050 197 1199 232 βελτίωσιν.
1216 198 1288 232 Πρὸς
1311 196 1419 228 τούτοις
1448 195 1632 231 φυλάττεσθαι
1646 195 1721 230 ὑμᾶς
1733 195 1782 222 καὶ
1797 195 1842 228 τὸ,

206 253 272 277 nes,
288 248 317 271 et
329 244 403 278 justa
419 243 456 270 illi
470 244 629 279 persolvant
643 253 650 271 :
666 248 696 271 ut
716 251 749 271 ex
771 244 823 271 hoc
836 244 920 271 etiam
940 244 999 270 lau-

207 290 287 315 detur
302 289 428 324 egregius
447 293 535 316 coetus
552 292 652 319 vester.
672 288 704 315 ad
719 287 832 323 gloriam
847 294 874 315 ct
891 288 998 315 laudem

207 333 342 368 magnifici
356 333 401 360 Dei
416 335 513 361 nostri.
529 334 593 361 Fide
607 334 688 369 igitur
698 341 730 360 ac
746 338 819 361 metu
829 333 894 361 huic
907 334 999 361 libello

207 387 257 406 nos
272 384 457 414 aggregantes,
467 380 548 406 etiam
560 379 671 406 nomina
687 382 777 406 nostra
789 379 999 406 subnotavimus

207 433 269 452 cum
292 425 445 459 quantitate
467 425 614 452 oblationis
629 429 731 452 nostrae
760 425 901 457 minimae,
925 424 998 451 illius

206 469 362 496 mercedem
391 470 417 496 in
440 469 533 497 futuro
552 470 654 497 saeculo
668 473 859 504 exspectantes
877 477 893 496 a
906 476 998 496 remu-

206 520 345 547 neratore,
357 515 432 549 justo
442 515 533 550 judice
550 516 683 548 omnium,
691 515 755 542 Jesu
763 514 872 542 Christo
883 514 998 542 Domino

206 569 239 588 ac
256 560 311 589 Deo
330 568 436 589 nostro.

1051 243 1117 270 ὅταν
1141 243 1210 278 τύχῃ
1224 243 1264 269 ἐνὶ
1277 242 1332 269 τῶν
1358 242 1481 276 ἀδελφῶν
1494 241 1571 276 ὑμῶν
1587 242 1602 268 ὀ
1612 240 1702 272 κοινὸς
1714 240 1843 272 θάνατος,

1051 288 1158 320 πάντας
1185 287 1410 323 συναθροίζεσθαι
1428 288 1476 314 ἐπὶ
1496 287 1527 314 τὸ
1539 287 1615 318 αὐτὸ,
1631 286 1679 313 καὶ
1691 286 1741 321 τὴν
1758 287 1844 312 ἐκκο-

1054 333 1135 368 μιδὴν
1149 333 1197 360 καὶ
1207 333 1368 368 ἑνταφίασιν
1383 333 1466 359 αὐτοῦ
1486 333 1625 359 ποιεῖσθαι
1639 340 1646 347 ·
1660 331 1733 358 ὥστε
1747 331 1797 357 καὶ
1810 332 1845 358 ἐκ

1050 379 1149 406 τούτου
1173 379 1204 406 τὸ
1219 379 1301 406 καλὸν
1324 379 1404 414 ὑμῶν
1427 378 1572 414 σύνταγμα
1587 379 1761 406 ἐπαινεῖσθαι
1773 378 1845 414 πρὸς

1050 425 1129 457 δόξαν
1145 425 1192 452 καὶ
1213 423 1288 452 αίνον
1305 425 1353 452 τοῦ
1381 424 1571 460 μεγαλοδώρου
1586 424 1655 451 Θεοῦ
1677 424 1771 460 ἡμῶν.
1792 423 1846 450 Πί-

1051 479 1108 498 στει
1120 468 1167 498 οὖν
1185 472 1233 498 καὶ
1244 471 1320 507 φόὸῳ
1334 471 1403 506 τῷδε
1425 471 1464 506 τῷ
1479 470 1666 507 γραμματείῳ
1689 469 1846 502 συντάξαν-

1050 525 1096 548 τες
1106 517 1231 549 ἑαυτοὺς,
1245 517 1292 544 καὶ
1306 517 1340 544 τὰ
1351 518 1458 544 ἐαυτῶν
1469 518 1589 552 ὀνόματα
1605 515 1846 551 ὑπεσημηνάμεθα

1052 563 1102 589 σὺν
1125 562 1164 598 τῷ
1176 562 1262 598 ποσῷ,
1284 564 1333 599 τὴν
1354 563 1567 598 μισθαποδοσίαν
1580 561 1683 597 ταύτης
1699 561 1780 597 ἡμῶν
1794 561 1847 594 τῆς

207 605 351 642 ἐλαχίστης
368 607 523 641 προθέσεως
539 606 751 642 ἀπεκδεχόμενοι
766 607 795 632 ἐν
809 606 848 641 τῷ
865 606 989 642 μέλλοντι
1008 607 1086 634 αἰῶνι
1124 609 1203 644 παρὰ
1223 609 1272 636 τοῦ
1307 608 1506 644 μισθαποδότου
1538 608 1645 635 δικαίου
1673 607 1770 643 κριτοῦ
1790 607 1848 634 τῶν

205 653 275 680 ὅλων
289 654 377 689 Ἰησοῦ
403 654 522 689 Χριστοῦ
544 654 592 681 τοῦ
615 653 716 689 Κυρίου
733 654 781 680 καὶ
801 653 868 680 Θεοῦ
894 652 985 688 ἡμῶν.

398 710 468 737 XIV.
481 725 516 730 —
530 710 635 745 Ignulio
647 711 797 746 preposilo.

1194 709 1243 735 lA'.
1260 723 1295 729 —-
1310 709 1444 743 Ἰγνατίῳ
1460 708 1627 744 ἡγουμένῳ.

543 783 547 785 λ
840 754 986 779 Monachum
997 755 1127 785 fugitivum
1139 753 1243 785 repetit.

245 797 316 824 Ante
327 797 417 825 omnia
435 798 607 826 salutationis
628 798 751 826 debitum
764 803 884 834 paterna:
901 797 997 825 sancti-

1090 797 1148 832 Πρδ
1165 797 1267 828 παντδς
1278 796 1359 824 ἄλλου
1373 797 1402 823 τδ
1414 797 1464 831 τῆς
1477 797 1666 832 προσηγορίας
1677 797 1759 833 χρέος
1773 798 1845 824 rhto-

210 842 258 868 tati
290 848 344 870 tuae
368 843 493 877 persolvo
508 852 515 870 :
530 845 569 870 sic
597 844 670 871 enim
695 844 802 871 debui:
821 849 878 871 tum
904 843 1002 871 deinde

209 895 318 915 causam
348 897 481 923 exponam
511 890 664 916 litterarum
691 897 825 917 mearum.
851 890 1002 917 Rationalis

209 935 267 960 ovis
281 938 381 966 nostra,
393 934 474 962 frater
487 935 542 967 ille,
558 936 699 970 multiplici
709 936 861 962 animarum
871 936 1002 963 interem-

210 981 296 1015 ptoris
311 981 366 1016 lupi
383 981 477 1009 fraude
499 983 621 1015 illectus,
639 983 672 1010 ab
697 983 793 1010 humili
812 983 876 1010 ovili
906 987 1001 1010 nostro

209 1026 312 1059 cjeetus
328 1031 380 1060 est,
402 1032 609 1062 susceptusque,
627 1033 656 1055 ut
667 1029 856 1063 cognovimus,
870 1029 897 1055 in
911 1037 1001 1056 mona-

209 1071 292 1098 sterio
306 1071 456 1098 sanctitatis
472 1077 533 1099 tuze.
552 1073 629 1105 Quod
645 1073 667 1100 si
683 1074 773 1100 statim
788 1082 820 1101 ac
832 1074 906 1101 illum
920 1082 1000 1102 exce-

209 1117 258 1151 pit,
281 1117 398 1144 reditum
413 1118 449 1144 illi
463 1118 604 1151 suasisset,
617 1118 709 1146 dolum
729 1120 885 1151 ostendens,
901 1124 927 1146 et
941 1119 1000 1146 exi-

211 1163 276 1189 tium
292 1170 345 1197 quo
367 1163 480 1190 allectus
499 1168 552 1194 est.
568 1172 599 1191 ac
622 1165 720 1192 deinde
736 1165 875 1193 meliorem
898 1166 998 1192 factum

209 1208 243 1234 ad
264 1208 478 1235 mediocritatem
504 1213 624 1237 nostram
646 1211 809 1243 reduxisset,
832 1211 902 1238 nihil
921 1211 955 1238 ab
970 1218 999 1238 rc

210 1254 309 1280 factum
321 1259 403 1285 esset,
419 1255 464 1281 sed
479 1256 550 1289 quod
565 1256 649 1290 ipsam
667 1256 863 1287 deccret,sicut
873 1257 999 1284 asanctis

208 1299 276 1333 jttssi
293 1307 397 1326 sumus.
411 1300 489 1327 Nunc
501 1309 574 1333 vero,
591 1306 732 1336 postquam
749 1306 854 1329 tanttnn
868 1303 999 1337 temporis

210 1346 324 1376 ellluxit.
341 1351 368 1373 et
384 1347 456 1373 nulla
471 1347 575 1374 reditus
595 1350 696 1375 mentio
708 1369 715 1381 ,
737 1349 903 1383 interrogare
921 1349 996 1381 libet,

210 1399 264 1425 quo
280 1398 359 1426 pacto
375 1393 537 1428 discipulum
553 1401 642 1420 meum
657 1394 743 1429 pictas
758 1399 803 1421 tua
816 1396 890 1422 velut
906 1395 997 1430 ignara

1052 843 1152 870 τιννὺω
1175 844 1208 878 τῇ
1235 844 1357 878 πατρικῇ
1385 851 1432 869 σου
1454 842 1594 879 ἁγιωσύνῃ
1610 852 1616 859 ·
1633 843 1740 878 ὤφελον
1766 845 1821 878 γάρ
1836 852 1844 859 ·

1052 886 1103 915 εἷθ’
1126 888 1214 920 οὕτως
1230 888 1281 923 τὴν
1297 889 1388 915 αἰτίαν
1405 888 1460 914 τῶν
1487 889 1660 924 γραμμάτων
1680 889 1842 923 ἀπαγγελῶ.

1052 934 1195 969 Πρόδατον
1226 934 1305 970 ἡμῶν
1329 934 1438 968 λογικὸν
1456 934 1471 960 ὀ
1485 934 1559 961 δεῖνα
1576 935 1590 961 ὁ
1604 934 1735 969 ἁδελφὸς,
1752 935 1845 961 δελεα-

1053 980 1128 1012 σθεὶς
1152 980 1205 1007 ὑπὸ
1226 980 1277 1015 τῆς
1298 979 1485 1015 πολυμεθόδου
1504 979 1671 1014 πανουργίας
1693 980 1741 1006 τοῦ
1757 980 1843 1015 ψυχο-

1051 1026 1153 1062 φθόρου
1177 1026 1271 1058 λύκου⁹
1292 1026 1436 1061 ἀπεξεώθη
1455 1026 1506 1062 τῆς
1521 1025 1652 1060 ταπεινῆς
1683 1025 1762 1060 ἡμῶν
1783 1026 1844 1052 ποί-

1052 1081 1131 1108 μνης,
1147 1072 1204 1105 καὶ,
1216 1071 1253 1103 ὡς
1266 1071 1400 1105 ἔγνωσται
1413 1072 1490 1106 ἡμῖν,
1505 1071 1673 1106 προσεδέχθη
1686 1072 1715 1098 ἐν
1728 1073 1761 1107 τῇ
1775 1073 1843 1106 μονῇ

1050 1119 1098 1153 τῆς
1112 1117 1252 1152 ὀσιότητός
1272 1125 1330 1144 σου.
1347 1117 1402 1143 Καὶ
1424 1117 1448 1143 εί
1479 1116 1529 1152 μὲν
1556 1116 1678 1152 παρευθὺ
1704 1116 1843 1151 δεξαμένη

1049 1163 1226 1198 νενουθέτηκε
1248 1163 1283 1189 τὰ
1309 1163 1378 1198 πρὸς
1408 1162 1601 1197 ὑποστροφὴν,
1629 1161 1844 1188 ὑποδεικνύουσα

1049 1209 1098 1245 τὴν
1113 1209 1224 1244 ἀπάτην
1241 1208 1289 1235 καὶ
1301 1208 1346 1234 τὸν
1361 1207 1473 1243 ὗλεθρον
1487 1208 1517 1234 ὃν
1531 1207 1668 1234 πέπονθεν
1682 1215 1690 1224 ⁸
1712 1205 1773 1233 εἶτα
1786 1207 1844 1242 βελ-

1048 1255 1170 1282 τιώσασα
1179 1254 1356 1289 ἀνθυπήγαγε
1369 1254 1436 1289 πρὸς
1443 1254 1493 1288 τὴν
1504 1253 1642 1280 εὐτέλειαν
1651 1252 1731 1288 ήμῶν
1744 1261 1750 1268 ·
1764 1252 1842 1279 οὐδὲν

1048 1301 1078 1327 τὸ
1086 1300 1211 1333 ἀπεικὸς,
1225 1299 1294 1327 ἀλλὰ
1305 1299 1335 1326 τὸ
1347 1299 1504 1335 ὲφαρμόξον
1517 1300 1597 1335 αὐτῇ,
1605 1299 1643 1330 ὡς
1655 1298 1841 1333 ἐντετάλμεθα

1049 1346 1101 1373 ὑπὸ
1127 1346 1181 1373 τῶν
1208 1346 1305 1380 ἁγίων.
1321 1345 1400 1372 Ἐπεὶ
1420 1345 1449 1372 δὲ
1465 1345 1593 1378 τοσοῦτος
1618 1346 1713 1381 χρόνος
1733 1346 1839 1381 παρίπ-

1049 1399 1143 1422 πευσε,
1161 1390 1208 1417 καὶ
1223 1390 1340 1426 οὐδαμοῦ
1353 1391 1369 1426 ἠ
1393 1391 1530 1422 ἀνάλυσις.
1545 1390 1716 1426 ἐρωτηθῆναι
1748 1390 1843 1426 βούλο-

212 1438 337 1465 retineat.
361 1439 441 1473 Atqui
463 1439 622 1474 oportebat,
651 1448 712 1467 cum
733 1440 851 1475 primum
875 1442 996 1477 agnovit,

1050 1445 1108 1472 μαι,
1118 1437 1185 1472 ποίῳ
1194 1437 1288 1472 τρόπῳ
1302 1437 1347 1463 τὸν
1360 1437 1484 1473 μαθητήν
1500 1446 1549 1472 μου
1563 1438 1708 1473 ἐπικρατεῖ
1718 1438 1735 1472 ὴ
1748 1437 1843 1472 0:0?!-

211 1491 290 1517 quem
308 1491 361 1510 non
379 1485 543 1519 totonderat,
559 1485 697 1514 dimittere
715 1495 722 1512 :
741 1491 770 1514 ut
783 1495 844 1522 qua:
867 1488 934 1515 satis
956 1488 998 1514 in-

212 1529 316 1564 telligit,
333 1535 464 1564 quantum
483 1532 510 1559 id
530 1532 628 1560 habeat
653 1533 820 1561 detrimenti.
845 1533 902 1561 Scit
925 1533 998 1562 enim

211 1575 274 1608 quid
290 1576 393 1603 sanciat
407 1577 515 1604 divinus
528 1585 695 1613 magnusque
706 1578 829 1611 Basilius,
853 1583 882 1606 ut
895 1587 910 1606 a
926 1580 998 1606 nulla

211 1620 380 1648 fraternitate
394 1622 550 1657 recipiatur,
565 1623 610 1658 qui
624 1632 638 1650 a
651 1624 764 1651 fratrum
776 1632 886 1652 suorum
903 1630 1000 1652 contu-

210 1666 305 1694 bernio
327 1668 450 1695 resilivit.
463 1668 609 1701 Quomodo
626 1670 700 1696 enim
725 1669 875 1697 consistere
894 1671 1000 1705 possint

210 1713 344 1746 coanobia,
366 1713 418 1740 nisi
433 1713 486 1740 hoc
499 1718 579 1748 capttt
600 1722 656 1749 prae
679 1715 806 1742 omnibus
821 1716 1000 1743 observetur?

210 1758 287 1791 Quod
305 1759 327 1785 si
343 1759 414 1785 inter
427 1759 516 1786 saeculi
529 1759 610 1794 hujus
624 1760 826 1795 ludimagistros
838 1761 864 1787 in
879 1761 1000 1795 discipli-

209 1813 272 1831 nam
287 1805 410 1840 recipere
433 1813 548 1840 puerum
569 1814 623 1833 non
637 1807 712 1839 licet,
731 1808 776 1842 qui
800 1807 877 1834 alteri
900 1807 1000 1835 schola:

211 1851 326 1877 traditus
341 1851 386 1882 sit,
407 1855 453 1877 aut
467 1851 488 1877 si
504 1851 564 1886 quis
579 1851 604 1878 id
619 1851 711 1884 faciat,
728 1860 789 1879 eum
807 1860 902 1880 omttes
917 1853 1000 1880 colle-

211 1897 247 1923 cti
268 1897 359 1923 multm
375 1904 515 1931 pwneeque
531 1898 690 1932 subjiciunt,
715 1903 816 1933 qttanto
832 1899 915 1933 magis
931 1899 1000 1926 inter

211 1950 271 1973 nos,
287 1942 457 1969 sanctissime
470 1942 549 1970 Pater
560 1964 567 1975 ,
583 1944 629 1978 qui
652 1943 679 1970 in
696 1943 741 1970 Dei
756 1943 874 1971 Ecclesia
895 1953 998 1977 sumus,

210 1992 236 2013 et
248 1987 350 2014 animas
366 1987 535 2014 instituimus
550 1988 584 2015 ad
605 1989 760 2024 exemplum
776 1989 855 2023 primi
880 1989 999 2024 magistri

210 2037 237 2059 et
261 2033 378 2067 pastoris
402 2033 486 2060 nostri
513 2033 576 2061 Jesu
599 2034 832 2069 Christi?Utique
858 2042 913 2061 non
939 2043 999 2062 sunt

210 2077 320 2104 nescius
343 2081 369 2104 te
395 2078 527 2112 sapientia
557 2079 725 2114 scientiaque
756 2079 906 2106 abundare.
934 2080 997 2111 Sed,

210 2129 302 2156 quzcso
320 2127 355 2155 le,
381 2123 444 2150 facti
470 2123 552 2158 hujus
566 2124 761 2151 absurditatem
778 2125 919 2152 considera
934 2147 941 2158 ,
970 2131 997 2153 tu

210 2167 338 2200 maxime,
351 2168 398 2202 qui
415 2168 486 2195 inter
504 2176 596 2197 sacros
611 2169 709 2197 fratres
732 2170 816 2205 gradu
840 2174 868 2197 et
894 2171 997 2197 honore

210 2214 381 2248 prteemincs.
399 2215 440 2241 Au
456 2215 554 2247 nescis,
567 2215 747 2247 sanctissime,
769 2216 841 2250 quod
857 2219 902 2243 tuo
915 2216 995 2243 etiam

211 2260 282 2294 gregi
298 2260 409 2287 noxium
426 2260 461 2287 sit
474 2260 590 2287 alienam
601 2268 680 2288 ovem
694 2261 842 2296 copulare?
854 2261 921 2289 Cum
933 2270 997 2297 ergo

210 2305 237 2332 in
252 2305 376 2333 confesso
396 2305 431 2332 sit
450 2310 555 2333 tantum
579 2307 691 2340 malutn,
727 2315 837 2335 oramus
850 2329 856 2341 ,
887 2311 916 2335 ut
936 2316 997 2335 cum

209 2351 314 2379 litteras
325 2352 463 2386 simplices
473 2356 581 2379 nostras
595 2353 744 2388 acceperis,
757 2353 886 2381 fratribus
897 2354 998 2381 nostris

210 2397 237 2424 in
254 2405 313 2424 eam
334 2405 390 2424 rem
409 2397 500 2425 missis
522 2397 597 2425 illum
615 2399 723 2430 tradas,
752 2404 782 2426 ut
805 2399 837 2426 ad
857 2399 997 2434 proprimn

209 2442 280 2469 ovile
295 2443 436 2474 reducant,
460 2451 521 2470 cum
538 2443 620 2471 rebus
636 2444 764 2471 Ecclesia:
784 2451 851 2478 quas
874 2443 995 2470 abstulit.

209 2486 285 2518 Quod
306 2485 328 2513 si
350 2487 460 2522 obsequi
483 2487 567 2515 frater
589 2488 701 2520 abnuat,
719 2488 862 2515 confestim
886 2496 900 2515 a
920 2495 997 2514 sacro

210 2532 284 2559 illum
301 2533 364 2560 ovili
383 2537 428 2560 tuo
440 2533 466 2560 in
482 2534 578 2561 malam
592 2542 648 2561 rem
665 2534 780 2568 ejectum
795 2534 871 2561 velis.
888 2532 934 2560 Sin
949 2542 997 2560 au—

210 2583 274 2610 tem,
291 2579 361 2612 quod
382 2579 493 2606 minime
513 2587 613 2612 remur,
632 2584 693 2614 post
709 2580 832 2607 notitiam
847 2580 917 2607 hanc
930 2580 996 2607 reti-

210 2631 274 2650 nere
292 2624 365 2650 illum
385 2624 475 2659 pergis
486 2644 494 2656 ,
510 2624 577 2651 scito
594 2624 703 2659 ligatum
722 2633 736 2652 a
753 2626 831 2653 nobis
846 2633 916 2658 esse,
941 2633 996 2652 non

211 2672 321 2699 temere,
345 2668 391 2696 scd
412 2677 509 2704 magno
531 2677 644 2704 prorsus
666 2670 778 2704 judicio,
803 2671 844 2698 vel
868 2671 958 2706 potius
981 2679 996 2698 a

209 2718 301 2741 sancta
317 2714 451 2742 Trinitnte
466 2719 493 2742 et
513 2715 649 2742 universis
666 2716 876 2744 sacerdotalibus
900 2717 997 2744 decre-

208 2760 252 2790 tis,
282 2765 311 2786 ut
335 2761 529 2787 communione
554 2766 646 2788 careat
668 2761 821 2789 divinorum
850 2762 995 2795 donorum,

207 2810 287 2839 atque
301 2806 465 2833 exteriorum
482 2814 589 2841 quoque
604 2806 725 2834 ciborum
739 2807 886 2840 consortio,
908 2808 995 2842 quoad

210 2859 334 2879 reversus
350 2852 470 2880 mandrae
492 2860 548 2881 sua;
573 2853 741 2882 restituatur.
758 2853 994 2887 Quemadmodum

1051 1482 1112 1509 λειά
1123 1491 1182 1513 σου,
1198 1482 1237 1514 ὠς
1253 1481 1400 1516 ἀγνοοῦσα.
1419 1481 1489 1509 Ἀλλ’
1502 1482 1557 1508 ἔδει
1577 1482 1636 1517 μετ’
1651 1482 1839 1516 ἐπιγνώσεως,

1049 1527 1079 1554 ὅν
1095 1528 1146 1554 οὐκ
1170 1528 1334 1563 ἀπέκειρεν,
1350 1527 1569 1563 ἀποπέμψασθαι
1586 1534 1594 1542 ⁰
1616 1528 1654 1560 ὡς
1668 1527 1842 1561 γινώσκουσα

1050 1573 1118 1600 πολὺ
1133 1573 1163 1600 τὸ
1189 1573 1349 1606 ἐπιϐλαϐές.
1371 1573 1534 1600 Ἐπίσταται
1553 1573 1608 1609 γὰρ
1631 1574 1657 1600 τί
1673 1574 1816 1609 νομοθετεῖ
1829 1576 1843 1601 ό

1051 1619 1122 1651 θεῖος
1132 1620 1180 1646 καὶ
1199 1620 1285 1655 μέγας
1298 1619 1450 1652 Βασίλειοςι
1463 1619 1511 1646 τοῦ
1527 1619 1714 1655 ἀπρόσδεκτον
1727 1619 1797 1647 εἶναι
1811 1621 1841 1647 ἐν

1051 1666 1154 1697 πάσαις
1180 1667 1242 1698 ταῖς
1266 1665 1441 1700 ἀδελφότησι.
1457 1665 1502 1692 τὸν
1518 1665 1702 1700 ἀποπηδῶντα
1720 1666 1771 1701 τῆς
1786 1666 1840 1692 τῶν

1050 1711 1159 1738 οἰκείων
1179 1711 1303 1745 ἀδελφῶν
1328 1712 1489 1746 συναφείας.
1508 1712 1570 1743 Πῶς
1592 1713 1648 1747 γὰρ
1671 1711 1704 1738 ἂν
1727 1712 1776 1739 καὶ
1793 1721 1841 1738 συ-

1052 1755 1184 1791 σταίησαν
1206 1756 1240 1783 τὰ
1273 1756 1404 1788 κοινόδια,
1424 1757 1448 1783 εἰ
1474 1756 1512 1791 μὴ
1533 1756 1612 1783 τοῦτο
1631 1757 1842 1793 παρατηρηθείη

1051 1801 1105 1836 πρό
1118 1809 1150 1835 γε
1169 1801 1278 1828 πάντων
1294 1801 1325 1828 τὸ
1338 1801 1486 1835 κεφάλαιον
1500 1811 1507 1835 ;
1523 1802 1554 1828 El.
1568 1802 1623 1838 γὰρ
1634 1803 1680 1828 ἐπὶ
1703 1803 1758 1829 τῶν
1776 1811 1841 1830 παι-

1050 1846 1250 1872 δοδιδασκὰλων
1262 1845 1309 1872 τοῦ
1319 1846 1420 1881 κόσμου
1429 1845 1536 1878 τούτου,
1546 1847 1595 1882 οὐχ
1606 1844 1662 1873 οἷόν
1668 1846 1720 1883 [τε]
1730 1847 1788 1874 ἐστι
1800 1847 1842 1874 δὲ-

1052 1891 1148 1924 ξασθαι
1176 1893 1205 1919 ἐν
1221 1894 1278 1924 τοῖς
1302 1893 1447 1928 μαθήμασι
1470 1902 1531 1920 τινα
1552 1894 1598 1920 τὸν
1616 1894 1645 1920 ἐν
1662 1894 1744 1929 ἑτέρα
1758 1893 1840 1929 σχολῇ

1050 1938 1242 1972 παραδοθέντα
1255 1938 1339 1965 παῖδα
1356 1946 1362 1953 ·
1379 1938 1395 1973 ἢ
1411 1938 1492 1965 τοῦτο
1511 1938 1641 1966 ποιοῦντα
1656 1938 1842 1966 ὐποΰάλλονσι

1051 1985 1276 2020 συνηθροισμένοι
1291 1986 1314 2011 οί
1329 1985 1427 2017 πάντες
1443 1986 1593 2020 ἐπιτιμίοις
1607 1986 1708 2021 ζημίᾳ·
1722 1986 1797 2021 πόσῳ
1807 1994 1840 2020 γε

1053 2030 1155 2066 μᾶλλον
1172 2031 1215 2065 ἐφ’
1231 2031 1321 2066 ἡμῶν,
1335 2031 1471 2065 ἁγιώτατε
1483 2031 1585 2066 Πάτερ,
1602 2031 1656 2058 τῶν
1677 2031 1841 2066 Ἐκκλησίας

1050 2077 1119 2104 Θεοῦ
1148 2078 1328 2112 κατεχόντων,
1341 2078 1390 2103 καὶ
1412 2077 1506 2112 ψυχῶν
1524 2077 1753 2113 καθηγουμένων,
1769 2079 1841 2105 κατὰ

1052 2122 1168 2157 μίμησιν
1181 2122 1228 2149 τοῦ
1244 2121 1353 2157 πρώτον
1367 2122 1529 2149 διδασκάλου
1551 2122 1599 2149 καὶ
1616 2123 1747 2157 ποιμένος
1762 2123 1841 2158 ἡμῶν

1058 2167 1145 2203 Ἰησοῦ
1171 2168 1310 2203 Χριστοῦ;
1326 2166 1392 2194 Οἶδα
1415 2168 1505 2194 τοίνυν
1530 2168 1572 2195 ὅτι
1587 2168 1804 2203 πεπληρωμένος
1816 2166 1842 2195 εῐ

1051 2214 1147 2249 σοφίας
1159 2214 1206 2240 καὶ
1220 2214 1356 2248 γνώσεως.
1375 2213 1456 2240 Ἀλλὰ
1471 2214 1566 2249 δέομαί
1583 2222 1629 2240 σου
1647 2214 1797 2248 ἐπιγνῶναι
1810 2214 1840 2240 τὺ

1050 2261 1238 2295 πραττόμενον
1265 2259 1383 2286 ἔκτοπον
1397 2280 1404 2291 ,
1423 2260 1471 2286 καὶ
1504 2260 1622 2296 μάλιστα
1639 2259 1721 2291 αὐτὸς
1741 2261 1754 2286 ό
1772 2267 1841 2294 προς

1049 2305 1120 2341 έχων
1133 2305 1188 2332 τῶν
1204 2304 1301 2338 ἄλλων,
1318 2305 1365 2332 καὶ
1378 2304 1480 2340 βρίθων
1498 2306 1528 2332 ἐν
1549 2306 1610 2341 ἱερᾷ
1629 2305 1842 2340 ἀδελφότητι.Ί·ι

1048 2351 1098 2378 οὐκ
1123 2348 1207 2382 οἶδας,
1223 2350 1368 2382 ὀσιώτατε,
1386 2350 1427 2377 ὅτι
1449 2351 1497 2377 καὶ
1512 2351 1587 2386 αὐτῷ
1601 2350 1639 2386 τῷ
1660 2351 1780 2386 ποιμνίῳ
1794 2359 1841 2377 σου

1048 2395 1193 2427 ἐπιϐλαϐές
1221 2395 1279 2421 ἐστι
1306 2396 1453 2422 συνάπτειν
1485 2396 1621 2431 πρόϐατον
1660 2397 1840 2431 ἑτεροδέσπο-

1048 2450 1107 2473 τον;
1124 2442 1258 2468 Τοσούτου
1272 2439 1319 2468 οὖν
1336 2442 1423 2474 όντος.
1442 2441 1546 2475 λοιπὸν,
1564 2442 1778 2477 ὡμολογημένον
1794 2442 1840 2468 τοῦ

1048 2488 1145 2520 κακοῦ,
1178 2488 1382 2523 ἀντιϐολοῦμεν,
1418 2487 1500 2523 ἡνίκα
1526 2487 1589 2525 δέξῃ
1618 2488 1696 2524 ἡμῶν
1728 2489 1764 2515 τὰ
1793 2489 1839 2515 εὖ-

1048 2533 1110 2568 τελῆ
1142 2533 1295 2568 γράμματα
1313 2553 1320 2565 ,
1354 2533 1521 2568 παραδοῦναι
1555 2534 1622 2560 αὐτὸ
1664 2535 1721 2565 τοῖς
1773 2536 1841 2569 πρὸς

1048 2579 1113 2606 αὐτὸ
1160 2579 1239 2606 τοῦτο
1288 2579 1451 2614 πεμφθεῖσιν
1492 2579 1618 2614 ἀδελφοῖς
1658 2579 1762 2615 ἡμῶν,
1798 2580 1841 2606 ἵνα

1048 2624 1188 2658 ἀγάγωσιν
1230 2624 1311 2650 αὐτὸν
1345 2624 1414 2659 πρὸς
1436 2624 1484 2659 τὴν
1521 2624 1588 2650 [δίαν
1611 2624 1749 2659 ποίμνην,
1780 2625 1841 2659 μεθ’

1047 2666 1085 2695 ὧν
1111 2670 1305 2704 ἐσφετερίσατο
1327 2670 1499 2705 πραγμάτων
1523 2670 1571 2705 τῆς
1603 2670 1782 2706 Ἑκκλησίας.
1811 2670 1842 2697 El

1048 2715 1077 2742 δέ
1088 2715 1218 2752 ἀπειθείᾳ
1234 2715 1334 2750 χρῆται
1350 2716 1364 2742 ὸ
1379 2715 1504 2750 ἀδελφὸς,
1518 2716 1738 2751 ἀποσκορακίσαι
1761 2716 1839 2742 αὐτδι.

1048 2761 1156 2796 θελήσει
1174 2761 1223 2796 τῆς
1244 2761 1318 2796 ίερᾶς
1339 2761 1421 2788 αὐτοῦ
1439 2761 1557 2797 ποίμνης
1573 2761 1746 2796 παραυτίκα.
1762 2762 1794 2788 Et
1807 2762 1840 2794 δ’,

1048 2808 1118 2843 ὅπερ
1132 2807 1181 2834 οὐκ
1194 2808 1317 2843 οἰόμεθα,
1337 2808 1407 2843 μετὰ
1421 2808 1470 2843 τὴν
1483 2808 1584 2842 γνῶσιν
1600 2807 1704 2842 ταύτην
1728 2810 1839 2835 ἐπικατ-

1047 2853 1120 2888 έχειν
1138 2854 1219 2881 αὑτὸν
1240 2853 1374 2889 βούλεται,
1391 2854 1547 2889 γινωσκέτω
1571 2853 1610 2881 ὅτι
1630 2853 1772 2889 δεδεμένος
1784 2854 1841 2880 ἐστὶ
