1924 3077
85 149 138 180 957

86 204 153 240 παρ’
164 204 255 240 ἡμῶν,
272 205 324 232 οὐκ
352 206 457 240 ἀλόγως
471 227 478 239 ,
492 207 560 234 ἀλλὰ
575 209 622 235 καὶ
637 209 698 236 λίαν
713 211 880 246 ὲγκεκριμέ-
893 215 918 243 Α

87 260 153 282 νως.
172 251 275 285 μᾶλλον
299 251 327 278 δὲ
350 251 403 278 ὑπὸ
417 253 466 288 τῆς
481 253 562 287 ἀγίας
579 254 703 290 Τριάδος,
718 257 766 283 καὶ
792 257 884 292 πάσης

87 297 272 332 θεσμοθεσίας
286 298 440 333 ἱερατικῆς,
457 299 507 326 τοῦ
521 300 705 337 ἀκοινώνητον
717 303 800 330 αὑτὸν
813 302 884 330 εἶναι

86 343 143 370 τῶν
161 344 241 371 θείων
253 344 360 380 δώρων,
376 346 440 371 ἐπεὶ
455 346 504 373 καὶ
518 346 654 382 ἀμέτοχον
671 347 725 375 τῶν
741 349 884 386 ὲξωτέρων

88 388 252 424 βρωμάτων·
270 389 323 421 ἕως
340 390 373 417 ἂν
388 391 615 427 ἀνθυποστρέψας
628 394 782 431 είσοικισθῇ
801 397 830 423 ὲν
849 398 883 432 τῇ

89 435 197 471 μάνδρᾳ
219 435 313 464 αὐτοῦ.
329 436 433 472 Ὥσπερ
450 437 479 464 δὲ
505 438 536 464 οὐ
564 438 654 474 θέμις,
672 440 701 466 δν
725 441 821 477 δεσμεῖ
845 444 884 470 ol-

87 482 163 507 κετον
180 481 306 517 μαθητὴν
323 483 339 518 ή
353 482 494 518 ἀγιωσύνη
521 492 582 516 σου,
597 484 672 512 λύειν
686 486 746 513 τινὰ
765 487 796 514 τὸ
813 487 882 514 καθ-

86 526 150 553 όλου
164 526 350 563 (παρανομίας
360 528 415 564 γὰρ
427 529 506 556 τοῦτο
516 529 607 565 ἔργον,
623 532 671 558 καὶ
682 532 714 559 ἐκ
723 532 815 567 ψήφου
826 543 884 560 κοι-

88 572 136 607 νῆς
149 571 213 607 [ms.
230 573 297 607 Reg.
309 573 412 610 κοινοῦ]
422 574 471 610 τῆς
492 575 556 609 ὅλης
573 575 736 612 Ἐκκλησίας
748 578 882 614 καταδίκη

87 618 306 653 ὁμοιοπαθείας),
315 619 388 645 οὕτω
402 620 512 652 πάντως
527 621 588 647 οὐδὲ
602 621 671 657 πρὸς
683 622 732 657 τὴν
749 623 886 658 ἡμετέραν

700 154 1062 185 EPISTOLARUMLIB.
1081 155 1103 186 Ῐ.

1680 155 1733 186 9.38

932 217 1023 238 autem
1035 212 1113 238 ncfas
1125 211 1171 243 sit,
1188 219 1380 248 quemcunque
1395 219 1428 240 ex
1440 211 1579 246 discipulis
1592 210 1649 238 suis
1661 219 1725 238 san—

933 257 1015 285 etitas
1033 261 1078 284 tua
1091 257 1192 293 ligarit,
1211 257 1284 286 hunc
1296 259 1330 286 ab
1343 258 1396 285 alio
1413 265 1550 293 quoquam
1571 257 1639 285 solvi
1668 257 1733 290 (ini-

934 313 1017 340 quum
1030 305 1103 332 cuim
1119 309 1162 332 est
1185 305 1308 338 facimus,
1325 309 1352 332 et
1378 312 1410 332 ex
1434 304 1574 331 communi
1604 303 1732 330 Ecclesia:

937 350 1042 378 calculo
1057 351 1138 378 simili
1150 359 1231 386 paena
1250 351 1406 382 damnatur)
1421 358 1428 377 :
1441 350 1481 377 sic
1497 357 1609 384 prorsus
1632 356 1684 376 nec
1704 349 1731 374 in

932 396 1150 431 iurisdictionem
1164 401 1299 429 nostram,
1311 404 1393 432 quam
1407 395 1525 430 indignis
1539 395 1619 422 nobis
1636 394 1732 421 tribuit

935 441 1068 469 Dominus
1086 449 1142 469 non
1160 442 1194 470 ad
1210 442 1370 477 perniciem,
1386 441 1434 468 sed
1463 441 1496 467 ad
1522 439 1730 468 aedificationem

934 486 1099 519 animarum,
1119 494 1181 515 sese
1205 487 1311 523 ingerat
1328 487 1461 515 sanctitas
1480 491 1536 514 tua.
1557 483 1730 513 llorrendum

934 532 1008 559 enim
1021 537 1064 560 est
1077 532 1221 567 judicium.
1236 532 1410 568 Quapropter
1429 531 1528 559 inﬂexa
1542 530 1663 562 tandem,
1675 529 1732 564 spi-

934 578 1060 606 ritualem
1077 578 1162 606 ﬁlium
1179 583 1304 606 nostrum
1320 578 1449 606 fratribus
1468 577 1574 608 reddet,
1591 584 1639 612 pro
1652 575 1731 603 nobis

939 624 1130 659 peccatoribus
1143 633 1228 653 orans
1244 625 1303 652 sine
1322 623 1526 652 intermissione

89 661 225 696 ἐξουσίαν,
240 663 273 698 ἣν
300 663 418 696 ἀναξίως
442 665 558 693 δέδωκεν
587 667 653 702 ἡμῖν
673 667 687 693 ὁ
710 667 827 703 Κύριος,
843 668 895 695 οὐκ
914 669 954 701 εἰς
971 669 1140 704 καθαίρεσιν,
1163 671 1222 698 ἀλλ’
1236 670 1381 705 οἰκοδομὴν
1411 669 1517 704 ψυχῶν.
1532 668 1649 703 ἐπιϐάλῃ
1665 668 1730 694 ἐαυ-

89 708 325 754 ’ξὴνήἁγιωσύνη
345 720 403 739 σου.
433 713 549 748 Φρικτὸν
566 713 620 750 γὰρ
645 714 675 741 τὸ
706 716 803 750 κρῖμα.
829 715 879 742 Διὰ
907 716 988 744 τοῦτο
1012 718 1255 754 παρακαλουμένη,
1283 718 1392 748 πάντως
1424 725 1456 750 γε
1485 716 1516 743 τὸ
1547 715 1730 750 πνευματικὸν

88 752 171 788 ἡμῶν
203 756 298 784 τέκνον
319 757 477 794 παραδώσει
502 760 559 791 τοῖς
583 760 720 795 ἀδελφοῖς,
745 761 880 797 εὐχομένη
895 761 965 798 ὑπὲρ
980 763 1060 799 ἡμῶν
1075 763 1130 790 τῶν
1162 752 1332 799 ἀμαρτωλῶν
1344 762 1534 793 ἀδιαλείπτως.

216 827 267 853 ΙΕ’.
283 842 318 847 ——
342 827 498 861 Θεοᾶούλῳ
509 827 533 844 ⁸⁵
552 830 685 863 Κιονίτῃ.
703 829 777 866 [λβη]

1116 832 1172 860 XV.
1187 847 1223 852 —
1237 832 1365 860 Theodqu
1377 831 1486 860 Ciom'lte
1497 831 1543 857 ⁸³⁸.

584 900 756 932 Reprehendit
768 901 888 933 picturam
900 902 1047 933 angelorum
1059 902 1244 929 cruciﬁxorum.

133 965 180 992 Ἕκ
193 965 289 1000 χρόνον
303 964 402 992 πολλοῦ
415 965 565 1001 ἐπιθυμίαν
575 965 664 1002 ἔχοντι
676 966 729 998 ἓως
740 966 788 994 τοῦ
810 975 883 1001 παρ·
899 968 921 997 Β

88 1013 166 1045 όντος
178 1033 186 1045 ,
202 1013 338 1047 ἁγιώτατά
357 1022 409 1048 μου
430 1014 533 1050 Πάτερ,
549 1014 637 1042 ἐλθεῖν
650 1015 699 1042 καὶ
715 1015 881 1049 κομίσασθαί

91 1066 140 1084 σου
169 1058 219 1090 τὰς
247 1058 329 1093 ἁγίας
357 1059 450 1093 εὐχὰς,
484 1060 533 1086 οὐκ
563 1059 703 1094 ἐξεγένετό
736 1069 782 1096 μοι
811 1061 880 1094 ὁδὸς,

90 1104 202 1135 πάντως
229 1103 274 1130 διὰ
298 1103 348 1136 τὰς
373 1105 512 1140 ἁμαρτίας
539 1114 589 1140 μου
604 1113 612 1121 '
629 1106 726 1141 ὥσπερ
746 1106 796 1132 καὶ
822 1105 880 1132 νῦν.

89 1150 138 1176 Διὶ.
171 1150 348 1186 ἠναγκάσθην
377 1151 539 1178 ἀποστεῖλαι
564 1152 612 1178 τδν
649 1152 764 1186 ἀδελφὸν
802 1152 883 1187 ἡμῶν

89 1195 138 1222 τὸν
165 1195 336 1231 Καλόγηρον,
374 1196 583 1233 ἀναπληροῦντα
611 1198 661 1233 τῆς
691 1197 882 1229 ταπεινώσεως

89 1242 171 1276 ἡμῶν
192 1242 242 1276 τὴν
268 1243 423 1270 ἀπουσίαν·
449 1243 511 1270 ἐπεὶ
533 1244 580 1271 καὶ
607 1244 688 1279 ἡμεῖς
715 1244 882 1279 ἐλευσόμεθα

89 1287 328 1322 προσκυνήσοντες
343 1288 377 1315 τὰ
392 1289 470 1323 τίμιά
483 1297 530 1315 σου
549 1289 699 1325 ῐχνη,Θεοῦ
712 1290 880 1322 εὐοδοῦντος.

91 1332 233 1366 summa:
257 1334 287 1360 δέ
315 1342 371 1369 μοι,
388 1335 491 1370 Πάτερ,
505 1335 520 1362 ὃ
543 1335 632 1370 μέλλω
659 1335 766 1370 λέγειν,
780 1337 822 1363 ὃτι
852 1337 882 1364 ὲν

91 1378 226 1414 ἀπλὸτητί
257 1380 316 1406 ἔστι
340 1379 371 1412 ἐξ
397 1381 511 1415 ἀγάπης
535 1381 710 1416 εἰλικρινοῦς,
725 1382 774 1408 καὶ
787 1382 819 1408 ὲκ
833 1382 880 1409 τοῦ

90 1423 218 1457 ἐφίεσθαί
234 1432 268 1458 με
292 1425 323 1450 τὸ
343 1424 495 1460 ἀμώμητον
509 1426 560 1461 τῆς
573 1426 712 1458 πολιτείας
729 1435 787 1454 σου.
803 1427 882 1459 Τινὲς

91 1469 267 1504 ὑπέκρουσαν
284 1470 331 1504 (ὡς
352 1471 530 1505 ἐπιστάμενοί
548 1479 581 1506 γι
605 1473 718 1507 γνήσιόν
740 1481 787 1499 σου
809 1471 881 1500 εἶναι

91 1515 140 1541 καὶ
151 1514 289 1550 ὀμόψυχον
304 1515 381 1550 φίλον
394 1516 441 1542 καὶ
453 1516 549 1544 τέκνον
559 1537 566 1550 ,
585 1517 662 1549 ὀντες
682 1518 730 1544 καὶ
745 1518 822 1545 αὐτοὶ
837 1518 882 1553 φί-

91 1560 133 1587 λοι
145 1560 354 1596 διαφερόντως),
369 1561 409 1589 ὅτι
423 1562 499 1599 παρὰ
513 1563 542 1590 τὸ
559 1563 618 1590 δέον
635 1564 749 1599 πράττει
766 1565 782 1599 ἡ
796 1565 882 1597 ἁγιω-

92 1607 159 1641 σύνη
173 1616 220 1634 σου
232 1616 239 1623 ο
256 1607 345 1642 κάμοῦ
361 1608 431 1644 πρὸς
443 1609 522 1635 τοῦτο
536 1609 761 1645 δυσχεράναντος,
776 1610 824 1637 καὶ
839 1611 882 1636 ὲν-

93 1653 253 1688 ισταμένου,
269 1653 316 1679 καὶ
331 1654 569 1689 ἑπιφθεγγομένου
593 1655 629 1681 τὰ
655 1655 771 1690 μέγιστα
785 1664 883 1691 κατορ-

92 1698 210 1733 θώματα
237 1698 286 1725 τοῦ
315 1699 420 1734 ὑψηλοῦ
451 1708 499 1726 σου
528 1700 598 1735 βίου,
611 1701 765 1735 συνείροντό
792 1709 837 1736 μοι
855 1702 884 1727 ὲν

91 1743 190 1778 τούτῳ.
208 1743 279 1778 Πρὸς
292 1743 321 1770 δὲ
337 1743 449 1779 ῥήματά
474 1752 536 1770 τινα
563 1744 612 1770 καὶ
637 1744 790 1779 πράγματα
817 1752 884 1771 κατ-

91 1789 210 1824 ῃτιῶντο
224 1796 230 1803 ·
260 1789 318 1822 καὶ,
338 1789 381 1816 ἵνα
397 1789 426 1816 ἓν
455 1789 536 1821 εἴπω,
555 1789 658 1824 ἔφασαν
685 1790 726 1816 ὅτι
752 1789 885 1823 ἀγγέλους

91 1834 268 1870 ἀνιστόρησε,
282 1835 331 1862 xal
344 1835 458 1867 τούτους
484 1836 615 1862 ίσότυπον
641 1835 689 1862 τοῦ
707 1835 843 1871 Χριστοῦ,
855 1837 885 1862 ὲν

91 1881 150 1912 τοίς
170 1881 293 1915 φεγγίοις
307 1881 535 1917 ὲσταυρωμὲνους
551 1890 558 1897 ·
575 1882 656 1908 αὑτὸν
668 1882 696 1908 δὲ
710 1883 756 1909 τὸν
766 1882 885 1917 Χριστὸν

92 1928 142 1954 καὶ
151 1928 215 1958 τοὺς
226 1927 368 1961 ἀγγέλους,
382 1936 417 1962 γη
423 1927 545 1963 ραλέους.
559 1928 614 1954 Kal
630 1927 716 1954 πολλὰ
727 1928 796 1964 πρὸς
805 1928 885 1955 τοῦτο

92 1973 298 2008 φιλοπευστῶν,
317 1974 368 2000 οὐκ
384 1974 522 2010 ἠδυνήθην
537 1974 630 2006 αὐτοῖς
641 1973 882 2009 ἀντιφθέγξασθαι.

94 2020 215 2055 Ἥροντο
230 2020 285 2056 γὰρ
299 2019 373 2052 ξένον
399 2029 426 2047 τι
446 2021 494 2047 καὶ
520 2020 658 2055 ἀλλότριον
684 2020 734 2055 τῆς
764 2020 884 2055 παραδό-

93 2066 165 2097 σεως
207 2065 258 2100 τῆς
294 2066 458 2101 Ἐκκλησίας
488 2066 634 2101 είργάσθαι
651 2085 660 2099 ,
695 2066 742 2093 καὶ
774 2066 885 2098 πάντως

92 2113 144 2147 οὐχ
171 2112 226 2138 ὑπὸ
247 2111 326 2144 Θεοῦ,
341 2112 399 2139 ἀλλ’
414 2112 466 2139 ὑπὸ
482 2112 530 2139 τοῦ
544 2113 666 2139 ἐναντίου
684 2110 796 2139 εἶναιτὸ
813 2113 885 2148 πρᾶ-

93 2166 157 2193 γμσ.
167 2167 175 2174 ·
193 2158 263 2185 ἐπὰν
273 2160 302 2185 ἐν
318 2158 456 2191 τοσούτοις
465 2159 549 2192 ἔτεσι,
567 2159 616 2186 καὶ
637 2159 775 2191 τοσούτοις
791 2159 885 2194 θεοφό-

94 2213 153 2240 ροις
167 2206 217 2232 καὶ
231 2205 320 2240 ἁγίοις
331 2205 483 2240 Πατράσιν,
495 2205 544 2240 οὐχ
559 2205 794 2240 ὑποδειγματίσθη
805 2204 886 2232 τοῦτο

91 2254 124 2277 το
142 2251 254 2286 ἰδίωμα.
270 2251 307 2278 Τὸ
321 2251 375 2288 γὰρ
392 2251 439 2277 νῦν
453 2251 699 2286 καινοτομούμενον
708 2272 716 2284 ,
730 2251 781 2277 κᾶν
793 2251 885 2286 ὲξζάγ-

969 968 1096 1004 Cupicnti
1116 969 1182 996 mihi
1196 969 1358 1004 jamdudum
1372 969 1405 997 ad
1428 975 1453 997 te
1466 970 1573 1002 venire,
1585 969 1728 1001 sanctissi-

933 1019 977 1038 me
990 1011 1081 1044 Pater,
1097 1016 1125 1039 et
1140 1013 1226 1040 sacris
1239 1013 1367 1048 precibus
1378 1014 1433 1040 tuis
1446 1014 1568 1048 perfrui,
1592 1015 1635 1041 via
1659 1014 1727 1042 mihi

933 1057 1076 1090 hactenus,
1092 1059 1127 1086 ob
1144 1063 1253 1093 peccata
1271 1059 1375 1087 scilicet
1393 1067 1463 1092 mea,
1491 1067 1547 1087 non
1578 1060 1676 1095 patuit.
1695 1067 1728 1087 ac

932 1111 967 1130 ne
981 1111 1053 1130 nunc
1064 1104 1184 1138 quidem.
1199 1103 1346 1139 Propterea
1369 1109 1481 1132 coactus
1495 1112 1555 1132 sum
1566 1104 1727 1140 Calogerum

933 1149 1046 1176 fratrem
1062 1154 1186 1177 nostrum
1202 1150 1235 1177 ad
1260 1155 1286 1177 te
1300 1150 1418 1181 mittere,
1437 1149 1483 1185 qui
1502 1150 1664 1177 humilitatis
1677 1158 1728 1176 no-

932 1200 996 1222 stra:
1009 1195 1158 1222 absentiam
1172 1196 1295 1230 suppleat
1315 1205 1322 1223 :
1339 1195 1439 1223 deinde
1462 1195 1605 1223 veniemus
1619 1200 1646 1223 et
1665 1203 1726 1227 nos,

932 1246 959 1268 ut
976 1241 1010 1268 ad
1025 1241 1195 1269 venerandos
1210 1241 1294 1277 pedes
1308 1246 1382 1273 tuos,
1401 1241 1456 1269 Deo
1476 1242 1556 1273 duce,
1572 1247 1728 1276 prosterna-

931 1295 1002 1314 mur.
1019 1286 1132 1322 lgnosee
1140 1292 1231 1314 autem
1244 1287 1321 1320 mihi,
1333 1288 1423 1320 Pater,
1435 1288 1507 1322 quod
1521 1287 1645 1314 dicturus
1654 1295 1725 1320 sum,

931 1333 994 1367 quia
1011 1333 1173 1367 simpliciter
1188 1333 1288 1366 dicam,
1305 1338 1332 1360 et
1355 1333 1461 1360 sincera
1482 1341 1514 1360 ex
1535 1333 1680 1366 charitate,
1695 1341 1728 1361 ac

932 1378 1069 1406 desiderio
1083 1386 1138 1413 quo
1152 1383 1248 1406 teneor
1257 1383 1287 1405 ut
1297 1379 1351 1406 vita
1362 1384 1407 1406 tua
1422 1380 1494 1406 omni
1509 1379 1727 1414 reprehensione

932 1429 1032 1452 careat.
1049 1424 1250 1460 Suggesserunt
1265 1425 1375 1460 quidam
1390 1446 1397 1457 ,
1425 1429 1455 1452 ut
1480 1425 1525 1460 qui
1556 1425 1658 1452 scirent
1682 1433 1727 1452 me

932 1478 1091 1506 germanum
1108 1471 1156 1498 tibi
1172 1476 1254 1506 atque
1281 1471 1438 1498 unanimem
1462 1471 1579 1498 amicum
1595 1475 1623 1497 et
1640 1471 1725 1497 tilium

932 1524 1003 1548 esse,
1018 1524 1081 1544 cum
1102 1517 1153 1552 ipsi
1166 1525 1275 1552 quoque
1289 1517 1369 1544 amici
1389 1522 1482 1544 essent
1512 1516 1614 1548 eximii,
1628 1521 1727 1551 przetcr

932 1561 973 1588 fas
990 1566 1017 1588 et
1027 1561 1156 1589 decorum
1174 1569 1253 1598 agere
1266 1562 1438 1589 sanctitatem
1459 1566 1544 1589 tuam.
1559 1561 1683 1597 Cumque
1695 1562 1729 1589 ad

934 1608 1163 1643 haecindignarer
1184 1612 1211 1636 et
1230 1609 1402 1639 resisterent,
1429 1615 1728 1644 commemoraremque

935 1655 1043 1690 egregia
1055 1654 1180 1682 sublimis
1194 1655 1255 1681 vita!
1271 1659 1323 1682 tua:
1335 1654 1468 1688 facinora,
1489 1655 1515 1681 in
1532 1655 1584 1682 hoc
1602 1655 1671 1682 mihi
1684 1663 1730 1683 as-

936 1701 1009 1728 sensi
1029 1705 1102 1728 sunt.
1118 1701 1156 1728 De
1174 1701 1313 1729 nonnullis
1328 1705 1419 1728 autem
1437 1701 1516 1728 dictis
1533 1701 1667 1736 factisque
1682 1709 1726 1729 ac-

935 1746 1076 1778 cusabant,
1108 1751 1190 1781 atque
1209 1747 1250 1781 (ut
1278 1754 1362 1773 unum
1382 1746 1529 1781 proferam)
1559 1747 1688 1774 dixerunt
1702 1751 1729 1774 te

936 1791 1046 1826 angelos
1063 1791 1220 1826 depinxisse
1235 1811 1242 1824 ,
1266 1798 1369 1826 eosque
1384 1791 1417 1818 ad
1434 1791 1535 1818 Christi
1548 1791 1675 1823 formam,
1699 1791 1728 1818 in

935 1835 1064 1863 fenestris
1079 1835 1243 1868 crucifixos;
1259 1835 1348 1870 ipsum
1364 1843 1429 1862 vero
1448 1835 1584 1863 Christum
1598 1841 1626 1863 et
1643 1843 1729 1872 ange-

935 1881 976 1909 los
993 1881 1070 1909 senili
1088 1887 1176 1909 mtate.
1198 1881 1232 1909 Et
1243 1889 1306 1909 cum
1321 1881 1406 1908 multa
1422 1882 1449 1908 in
1461 1889 1521 1909 eam
1536 1889 1592 1909 rem
1606 1882 1730 1910 sciscita-

937 1931 980 1955 tus
1000 1935 1107 1958 essem.
1129 1936 1183 1955 non
1210 1928 1285 1963 potui
1307 1928 1373 1963 ipsis
1391 1928 1590 1955 contradicere.
1610 1928 1729 1956 Aiebam

936 1974 1010 2002 enim
1026 1974 1199 2008 peregrinum
1214 1974 1341 2009 quiddam
1364 1978 1393 2001 et
1414 1974 1534 2001 alienum
1551 1974 1586 2002 ab
1600 1974 1729 2002 Ecclesiae

936 2020 1083 2048 traditione
1103 2020 1215 2052 factum,
1247 2028 1414 2055 prursusque
1427 2028 1482 2048 non
1501 2029 1517 2048 a
1530 2021 1596 2053 Deo,
1624 2021 1672 2048 sed
1694 2021 1729 2048 ab

935 2067 1093 2095 adversario
1108 2075 1166 2094 rem
1181 2074 1242 2094 esse
1252 2086 1260 2099 ,
1274 2067 1494 2102 quandoquidem
1510 2072 1549 2094 tot
1567 2067 1657 2099 annis.
1672 2071 1701 2094 et
1712 2075 1728 2094 a

937 2117 977 2140 tot
992 2112 1104 2140 deifcris
1122 2112 1278 2147 sanctisque
1290 2112 1417 2140 Patribus
1428 2120 1562 2147 nusquam
1578 2113 1660 2148 hujus
1676 2120 1728 2140 no-

936 2158 1028 2186 vitatis
1043 2158 1179 2194 proditum
1201 2163 1244 2186 est
1266 2158 1432 2193 exemplum.
1453 2158 1530 2192 Quod
1554 2159 1629 2187 enim
1654 2167 1728 2188 nunc

937 2209 1066 2236 novatur,
1085 2204 1136 2231 etsi
1156 2203 1190 2231 ab
1202 2204 1299 2239 angelo
1314 2204 1360 2237 sit,
1377 2204 1462 2239 recipi
1475 2212 1530 2231 non
1542 2205 1642 2232 debere
1660 2212 1729 2232 con-

937 2249 1027 2276 ﬁrmat
1039 2248 1196 2284 Apostolus,
1208 2249 1303 2276 dicens
1316 2257 1323 2279 :
1338 2249 1409 2276 Licet
1427 2257 1473 2276 nos
1492 2250 1543 2283 ipsi
1557 2250 1598 2277 vel
1619 2251 1729 2285 angelus

92 2295 175 2330 γέλου
191 2295 276 2327 ἐστὶν,
293 2295 471 2330 ἀσφαλίζεται
489 2296 587 2330 ἡμᾶςό
605 2295 765 2327 ’Δπόστολος
784 2296 821 2331 μὴ
841 2295 884 2322 δέ-

937 2295 1106 2330 evangelizct,
1118 2294 1226 2326 addam,
1235 2299 1262 2322 et
1272 2294 1371 2325 tradat.
1385 2299 1562 2329 prwterquam
1575 2297 1643 2330 quod
1653 2304 1729 2323 evan-

93 2341 203 2377 χεσθαι,
220 2341 308 2375 λέγων
334 2350 386 2367 που
399 2349 407 2357 ·
426 2341 490 2368 Κᾶν
503 2341 590 2375 ’ἡμεῖς
610 2341 705 2372 αὐτοὶ,
720 2341 737 2375 ἣ
756 2341 885 2376 ἄγγελος

92 2388 324 2424 εὐαηελίζηται
348 2387 518 2423 (προσθήσω,
534 2388 581 2414 καὶ
597 2387 790 2423 παραδιδωσι),
816 2387 885 2422 παρ’

93 2434 110 2462 ὃ
132 2433 404 2470 εὐηγγελισάμεθα,
416 2433 645 2469 ἁνάθεμαὲστω.
668 2434 701 2460 Τί
717 2431 775 2465 οὖν,
795 2433 887 2469 Πάτερ

95 2489 147 2515 μου
168 2480 241 2514 ἅγιε,
257 2480 325 2516 πρὸς
343 2480 430 2507 ταῦτα
444 2480 540 2515 φῆσαι,
555 2479 605 2506 οὐκ
615 2479 681 2514 ἔχω.
702 2479 756 2506 Καὶ
769 2481 803 2515 τῇ
818 2480 887 2506 ἀπο-

95 2528 141 2562 ρίᾳ
158 2526 351 2562 συνεχόμενος,
363 2525 541 2561 ἠναγκάσθην
553 2525 657 2561 γράψαι
671 2533 713 2552 σοι
728 2533 734 2540 ·
753 2525 797 2552 ἵνα
817 2525 886 2552 ἀπο-

92 2572 222 2607 λύσωμεν
235 2573 350 2603 ἑαυτοὺς
368 2572 459 2606 πάσης
475 2571 589 2606 βλάϐης,
604 2571 673 2606 πρὸς
686 2572 750 2603 τοὺς
765 2571 794 2598 tv
813 2571 885 2607 λόγῳ

93 2617 292 2652 ἐγκαλοῦντας,
307 2617 353 2643 καὶ
367 2617 405 2648 ὡς
420 2617 453 2643 ὲκ
469 2616 560 2652 πάσης
573 2616 622 2652 τῆς
641 2616 816 2652 Ἐκκλησίας.
831 2617 886 2644 Καὶ

91 2663 136 2690 διὰ
166 2662 213 2689 τὸν
242 2662 309 2689 Θεὸν
332 2661 406 2694 δέξαι
427 2671 461 2697 με
483 2662 521 2694 ὡς
538 2661 690 2698 σύμϐουλον
717 2663 812 2689 τέκνον
826 2670 884 2696 σου,

92 2708 230 2735 πονοῦντα
258 2708 329 2743 ὑπὲρ
344 2708 401 2741 σοῦ,
420 2708 467 2734 καὶ
484 2708 637 2744 ἡγούμενον
659 2707 709 2743 τὴν
735 2708 814 2740 δόξαν
839 2717 885 2735 σου

92 2754 174 2786 δόξαν
197 2762 249 2788 μου
264 2759 272 2768 ⁸
288 2754 336 2780 καὶ
354 2753 392 2789 μὴ
418 2753 528 2780 Θέλοντα
548 2753 658 2780 ἀκούειν
680 2753 776 2789 μῶμὸν
793 2762 839 2780 σου
855 2754 883 2780 ἐν

133 2853 214 2881 ⁸⁵11³.
231 2853 297 2890 Reg.
308 2854 447 2890 Θέοὸώρω.
463 2855 500 2871 ⁸⁸*
511 2855 573 2883 δῖνα
588 2855 702 2883 διιιίὶιιυ.
724 2856 745 2871 ⁸⁵
758 2855 843 2884 Galut.
862 2866 880 2887 ι,
897 2858 923 2885 8.

935 2341 1090 2378 getizamus,
1099 2341 1241 2368 anathema
1254 2340 1324 2367 sit".
1334 2340 1404 2373 Quid
1420 2341 1511 2376 igitur,
1527 2341 1606 2369 Pater
1615 2342 1652 2369 mi
1663 2350 1728 2370 san-

936 2392 991 2420 cte.
1012 2389 1047 2416 ad
1061 2388 1118 2415 haec
1133 2387 1236 2420 dicam,
1267 2395 1323 2414 non
1338 2387 1436 2420 habeo,
1464 2393 1492 2415 et
1507 2388 1616 2415 consilii
1637 2387 1728 2423 inopia

937 2441 1049 2468 pressus
1062 2433 1097 2460 ad
1112 2437 1138 2460 te
1151 2433 1271 2460 scribere
1285 2439 1367 2468 cogor
1384 2441 1391 2459 :
1408 2436 1438 2459 ut
1450 2433 1484 2460 ab
1503 2433 1577 2460 omni
1590 2441 1659 2461 noxa
1676 2441 1727 2460 nos

937 2479 1110 2506 vindicemus
1128 2478 1200 2513 apud
1217 2486 1263 2505 eos
1279 2478 1326 2513 qui
1341 2478 1439 2505 merito
1453 2479 1670 2514 reprehendunt,
1700 2484 1728 2506 et

939 2530 1066 2559 tanquam
1093 2523 1221 2552 Ecclesia;
1240 2524 1374 2551 universa).
1400 2531 1477 2551 voce.
1501 2524 1591 2556 Quare
1616 2528 1728 2559 propter

935 2570 1021 2598 Deum
1037 2570 1145 2604 suscipe
1160 2577 1213 2602 me,
1231 2574 1261 2596 ut
1276 2569 1460 2597 consiliarium
1478 2569 1563 2596 tilium
1580 2574 1667 2601 tuum,
1677 2577 1727 2604 pro

936 2621 962 2644 te
976 2617 1144 2644 laborantem
1156 2636 1163 2649 ,
1187 2620 1215 2644 et
1229 2616 1342 2652 gIOriam
1362 2621 1436 2644 tuam
1452 2617 1565 2652 gloriam
1582 2624 1658 2644 suam
1673 2617 1725 2644 du-

935 2668 1041 2691 centem
1058 2673 1065 2690 :
1081 2664 1238 2699 nullamque
1250 2664 1276 2690 in
1291 2671 1320 2691 re
1335 2663 1388 2690 ulla
1403 2664 1442 2691 tui
1454 2668 1557 2695 notam,
1574 2664 1621 2698 qui
1636 2664 1725 2698 reipsa

935 2709 995 2737 sine
1018 2714 1083 2737 nota
1109 2710 1192 2737 vitam
1209 2709 1276 2745 agis,
1303 2709 1398 2736 audire
1420 2709 1612 2736 sustinentem.
1640 2709 1723 2741 Doce,

939 2766 1012 2794 rege,
1028 2758 1137 2791 exaudi,
1154 2757 1271 2789 attende,
1298 2755 1502 2790 animadverte,
1521 2755 1651 2790 omnique
1667 2755 1725 2783 hat-
