1924 3077
113 135 163 166 961

730 140 999 173 EPISTULARUM
1014 143 1087 173 LIB.
1110 144 1136 173 Ι.

1696 141 1750 174 962

111 189 247 223 βασιλεία’
264 189 501 226 μεγαλυνθήσεται
516 201 546 219 τε
560 193 591 219 τὸ
605 193 693 229 ὄνομα
708 195 785 230 ὑμῶν
800 195 841 227 είς
856 203 905 229 γε-

960 196 1109 224 cerdotium
1124 202 1152 225 et
1173 197 1332 233 imperium,
1354 205 1403 233 per
1419 205 1478 232 qnzr
1489 197 1606 231 colitur,
1625 205 1674 233 per
1687 206 1749 233 qum

110 235 176 261 νεὰν
192 235 239 262 καὶ
252 236 363 268 γενεάν·
376 236 564 272 αὐξηθήσεται
578 238 606 265 δὲ
621 240 669 266 κα¹ι
680 240 714 267 τὰ
728 240 776 267 τοῦ
790 240 908 275 κράτους

110 280 190 314 ὑμῶν
210 280 269 315 ἔτη.
291 281 402 318 Ἐπειδὴ
423 282 470 309 δύο
486 283 574 310 ταῦτα
595 284 713 312 δέδωκεν
734 286 748 312 ὁ
768 286 836 317 Θεὸς
851 287 910 318 τοῖς

111 327 289 361 Χριστιανοῖς
309 327 481 364 δωρήματα,
509 330 661 366 ἱερωσύνην
685 331 732 358 καὶ
757 331 909 367 βασιλείαν.

110 373 152 399 Δι’
170 371 208 400 ὦν
221 373 417 409 θεραπεύεται,
430 376 464 402 δι’
478 372 515 403 ὧν
537 379 681 413 κοσμεῖται
700 378 738 411 ὠς
754 380 782 406 ὲν
799 380 907 415 οὐρανῷ

109 422 146 448 τὰ
171 421 293 456 ἐπίγεια.
316 422 463 458 Ὀπότερον
491 423 538 450 οὖν
563 423 681 456 ἀναξίως
705 424 773 460 ἔχει,
802 427 851 452 καὶ
875 426 907 453 τὸ

111 466 173 492 ὅλον
185 467 238 494 ἀνά
245 475 295 502 ίκη
313 467 546 502 συγκινδυνεύειν.
566 468 650 495 Ὥστε
668 469 694 496 εί
711 469 852 505 βούλοισθε
871 472 905 507 τῇ

111 511 241 548 βασιλείᾳ
256 513 334 548 ὑμῶν
352 515 512 548 συγκροτεῖν
530 514 564 541 τὰ
583 515 713 550 μέγιστα,
733 516 781 543 καὶ
793 516 838 544 διὰ
855 517 906 552 τῆς

111 557 253 592 βασιλείας
267 558 344 593 ὑμῶν
362 560 430 586 πᾶσι
445 561 503 592 τοῖς
530 561 719 596 Χριστιανοῖς·
746 562 905 598 ίσόρῤοπον,

110 603 143 629 τὸ
158 603 221 629 ὅσον
237 604 276 635 είς
287 604 415 639 δύναμιν,
434 606 484 640 τῆς
499 606 571 632 κατὰ
586 606 635 642 τὴν
651 607 791 642 βασιλείαν
803 609 906 644 ἀρετῆς

112 649 191 684 ὑμῶν
210 649 322 685 δέξηται
344 651 392 677 καὶ
425 652 442 686 ὴ
469 651 618 687 Ἐκκλησία
642 654 687 680 τὸν
713 654 813 689 ἑαυτῆς
836 655 905 690 πρό-

110 695 201 729 εδρονο
217 695 260 722 ἵνα
268 696 467 732 ἀγαλλιάσηται
478 698 514 724 τὰ
529 698 711 732 οὺράνια,καὶ
726 699 781 735 ᾄσῃ
796 699 831 725 τὰ
843 699 906 725 ἐπί-

956 247 1091 270 ornantur
1106 265 1114 276 ,
1136 247 1165 271 et
1179 244 1366 280 gubernantur
1379 243 1530 271 cmlestium
1552 244 1677 278 exemplo
1692 248 1749 271 tor-

958 295 1035 315 rena.
1053 288 1197 316 Utrnmvis
1211 297 1276 324 ergo
1285 293 1384 323 praeter
1393 289 1555 324 dignitatem
1569 296 1599 316 se
1611 288 1747 320 habuerit,

959 337 1046 360 totum
1063 341 1116 360 una
1134 333 1282 369 periclitari
1297 341 1411 361 necesse
1421 339 1473 361 est.
1489 333 1596 368 Quare,
1611 334 1633 361 si
1646 334 1749 369 optima

960 379 1076 415 imperio
1091 386 1183 408 vestro
1205 381 1356 408 decernere
1376 381 1469 414 vultis,
1492 385 1520 408 et
1538 389 1587 416 per
1604 381 1750 416 imperium

960 431 1081 453 vestrum
1112 427 1241 454 omnibus
1269 426 1453 460 Christianis;
1483 427 1634 461 mqnalem,
1660 427 1750 461 quoad

960 470 1019 498 ﬂeri
1044 476 1144 506 potest,
1177 471 1359 506 imperatoriae
1383 472 1476 499 virtuti
1501 477 1598 499 vestra:
1621 473 1752 499 sortietur

960 517 1083 545 Ecclesia
1107 518 1252 553 prmsulem
1282 526 1373 551 suum,
1403 523 1432 546 ut
1452 519 1591 546 exsultent
1609 519 1748 548 coelestia.

959 563 1143 598 lmtenturque
1164 568 1285 591 terrena.
1306 564 1363 591 Dux
1380 564 1458 592 vobis
1473 564 1510 592 sit
1525 564 1573 592 Dei
1594 571 1708 596 manus,
1723 563 1750 590 in

959 616 1012 644 qua
1027 614 1055 636 et
1066 617 1113 636 cor
1132 613 1254 637 vestrum
1265 615 1319 640 est,
1331 610 1511 644 ostendatque
1527 610 1657 642 meliora;
1675 613 1703 636 et
1716 609 1750 636 ab

959 661 992 681 ea
1017 654 1156 689 recipietis
1176 655 1211 682 ob
1236 660 1379 690 susceptos
1397 664 1446 690 pro
1462 663 1545 690 opere
1564 656 1616 683 hoc
1630 655 1749 688 labores,

959 707 1039 726 curas
1051 704 1080 726 et
1090 700 1300 731 sollicitudines,
1316 707 1431 735 regnum
1445 701 1655 736 sempiternum.

110 749 188 775 γςια.
201 740 252 777 Εῖη
267 742 284 776 ἡ
303 742 364 778 χεὶρ
381 743 428 769 τοῦ
445 743 523 774 Θεοῦ,
537 744 566 770 ὲν
612 744 659 770 καὶ
676 745 692 780 ἡ
710 744 808 779 καρδία
825 745 904 779 ὑμῶν
923 745 1010 777 ἐστιν,
1046 747 1086 777 εἰς
1105 745 1217 781 ὁδηγίαν
1247 747 1294 773 καὶ
1315 746 1489 781 ἀποκάλυψιν
1511 746 1559 774 τοῦ
1582 746 1749 782 κρείττονος.

110 787 168 815 Καὶ
190 789 365 825 ἀπολήψεσθε
391 789 456 824 παρ’
474 790 562 825 αὺτῆς
583 791 647 822 τοὺς
671 792 741 826 ὑπὲρ
759 791 806 818 τοῦ
840 792 921 828 ἔργου
941 792 1039 819 τούτου
1071 792 1327 828 καταϐαλλομένους
1342 793 1407 828 ὑμῖν
1429 793 1527 825 πόνους
1547 792 1596 819 καὶ
1613 792 1751 828 μερίμνας

111 835 161 861 καὶ
179 835 337 870 φροντίδας,
351 835 400 871 τὴν
415 835 557 870 βασιλείαν
582 837 632 872 τὴν
645 836 798 873 ἀδιάδοχον.

242 893 294 921 ιῑι,
311 908 347 915 -—
369 894 492 929 Ἰωάννῃ
507 895 665 929 σπαθαρίῳ
682 896 748 931 (ι-ι).
765 895 840 931 [λδκ]

1144 894 1226 922 XVII.
1239 911 1273 916 —
1287 895 1385 922 Joanni
1405 894 1556 930 Spei/tario.

498 951 536 976 De
549 950 658 982 imagine
670 951 697 976 S.
715 951 850 982 Demetrii,
862 951 886 976 in
900 951 1022 983 baptismo
1038 951 1146 976 adhibita
1161 957 1206 982 pro
1222 953 1377 982 susceptare.

150 1002 227 1029 Θεῖόν
241 1012 267 1030 τι
278 1003 371 1039 δρᾶμα
383 1003 533 1039 ἀκηκοάτες
545 1006 718 1041 πεπραχέναι
735 1014 782 1033 σου
793 1007 844 1042 τὴν
857 1015 908 1033 κυ-

995 1007 1122 1034 Divinum
1152 1006 1289 1042 quoddam
1314 1006 1420 1034 facinus
1443 1014 1459 1033 a
1485 1005 1674 1033 dominatione
1704 1009 1749 1033 tua

113 1047 238 1083 ριότητα,
259 1049 475 1085 τεθαυμάκαμεν
491 1051 539 1078 ἐπὶ
554 1052 588 1086 τῇ
604 1051 710 1086 μεγάλῃ
722 1060 769 1079 σου
786 1052 825 1084 ὡς
837 1051 905 1087 ἀλη-

112 1092 169 1124 θῶς
182 1093 286 1126 πίστει,
298 1093 427 1130 ἄνθρωπε
444 1095 492 1122 τοῦ
507 1095 587 1123 Θεοῦ.

148 1139 219 1174 Φησὶ
233 1139 287 1175 γὰρ
311 1141 326 1167 6
341 1140 449 1174 διδάξας
461 1141 615 1177 χρήσασθαί
631 1150 662 1169 σε
683 1144 716 1178 τῇ
744 1143 804 1179 ιερᾷ
819 1142 905 1169 εικόνι

111 1184 161 1210 τοῦ
184 1184 428 1221 μεγαλομάρτυρος
443 1186 611 1222 Δημητρίου,
628 1187 688 1214 ἀντὶ
710 1188 840 1223 ἀναδόχου
865 1197 906 1214 τι-

112 1231 169 1263 νος,
184 1232 232 1258 καὶ
256 1231 343 1264 οὕτως
369 1232 525 1260 ἐπιτελέσαι
541 1234 572 1260 τὸ
593 1233 722 1269 φώτισμα
745 1235 792 1261 τοῦ
808 1233 906 1268 θεοφυ-

112 1277 215 1305 λάκτου
230 1286 277 1305 σου
296 1278 404 1306 τέκνου.
422 1280 488 1312 Καὶ,
501 1280 523 1306 ὦ
536 1281 586 1315 τῆς
606 1281 810 1317 πεποιθήσεωςι
831 1280 906 1308 οὐδὲ

112 1324 149 1352 ἐν
164 1324 205 1357 τῷ
224 1325 348 1360 Ἰσραὴλ
363 1324 454 1360 εὗρον
466 1328 620 1362 τοσαύτην
630 1329 736 1356 πίστιν
745 1349 752 1362 ,
761 1330 775 1356 ὁ
788 1329 810 1355 Χ
815 1329 906 1364 ριστδς

113 1371 146 1398 οὗ
161 1371 243 1406 μόνον
258 1371 319 1398 τότε
335 1371 373 1407 τῷ
387 1373 574 1409 ἑκατοντάρχῃ
590 1374 661 1400 δοκῶ
677 1373 906 1409 ἐπιφθέγξασθαι,

113 1418 184 1445 ἀλλὰ
198 1419 246 1445 καὶ
262 1418 305 1445 σοὶ
321 1418 384 1454 ἄρτι
407 1419 446 1454 τῷ
472 1420 614 1455 ἑφαμίλλῳ
631 1422 664 1456 τῇ
679 1422 780 1448 πίστει.
804 1421 908 1457 Εῦρετο

113 1462 210 1489 τοίνυν
220 1463 325 1495 ἐκεῖνος
338 1463 354 1490 6'
368 1463 538 1499 ἐπεζήτησεν
547 1472 554 1479 ·
569 1464 701 1500 ἐπέτυχες
713 1465 762 1492 καὶ
774 1465 856 1497 αὐτὸς
877 1461 907 1492 οὗ

114 1509 262 1541 πέποιθας.
275 1509 350 1536 Ἐκεῖ
360 1510 391 1536 τὸ
409 1510 480 1537 θεῖον
491 1511 659 1547 πρόσταγμα
669 1511 731 1538 ἀντὶ
745 1511 795 1546 τῆς
813 1521 907 1546 σωμα-

115 1554 197 1589 τικῆς
221 1556 381 1590 παρουσίας·
396 1556 537 1583 κάνταῦθα
551 1557 567 1592 ή
591 1557 734 1592 σωματικὴ
750 1556 833 1584 είκὼν
847 1558 908 1584 ἀντὶ

114 1599 164 1626 τοῦ
191 1600 384 1635 πρωτοτύπου.
399 1601 475 1628 Ἐκεῖ
497 1602 645 1638 συμπαρῆν
659 1601 698 1637 τῷ
711 1602 783 1638 λόγῳ
794 1603 808 1630 6
822 1602 908 1638 μέγας

114 1645 215 1679 Λόγος,
225 1645 348 1680 ἀοράτως
359 1648 392 1682 τῇ
408 1646 515 1682 θεότητι
534 1647 565 1673 τὸ
580 1648 731 1683 παράδοξον
743 1649 792 1684 τῆς
809 1649 907 1680 ἰάσεως

116 1691 328 1726 ιργασάμενος·
352 1692 492 1719 κάνταῦθα
504 1693 533 1719 δὲ
549 1693 633 1728 συνῆν
656 1696 670 1720 6
696 1693 906 1728 μεγαλόμαρτυς

116 1736 255 1771 πνεύματι
284 1739 318 1772 τῇ
347 1737 437 1773 οἰκείᾳ
462 1738 546 1765 εικόνι
572 1740 603 1766 τὸ
628 1738 729 1776 βρέφος
751 1739 907 1774 δεχόμενος.

124 1781 206 1809 Ἀλλά
233 1782 358 1817 βεϐήλοις
387 1783 437 1818 μὲν
461 1784 557 1816 ἀκοαῖς
582 1785 629 1810 καὶ
656 1784 783 1816 ἀπίστοις
807 1784 909 1820 ψυχαῖς

117 1827 206 1855 ταῦτα
228 1828 416 1863 ἀπαράδεκτα,
444 1829 482 1861 ὡς
509 1829 622 1857 ἄπιστα·
642 1830 691 1857 καὶ
716 1829 834 1865 μάλιστα
853 1832 910 1863 τοῖς

117 1873 319 1909 Εἰκονομάχοις
331 1883 337 1890 ·
365 1876 398 1910 τῇ
413 1875 441 1902 δὲ
459 1877 492 1911 σῇ
519 1875 646 1912 εὐσεϐείᾳ
670 1876 774 1913 ἐναργῆ
789 1876 823 1903 τά
839 1885 910 1911 γνω-

119 1921 243 1955 ρίσματά
256 1929 285 1947 τε
299 1922 348 1948 καὶ
360 1921 548 1957 ὗποδείγματα
574 1923 776 1958 πεφανέρωται.
801 1923 834 1950 Τί
855 1923 910 1958 γὰρ

117 1965 158 2000 τῷ
173 1965 233 2000 Θεῷ
245 1966 371 1993 ἀδυνατεῖ
381 1967 513 2002 παρέχειν
526 1969 581 1999 τοῖς
603 1968 778 2002 πιστεύουσι;
792 1969 838 1995 καὶ
852 1968 911 2000 πῶς

117 2011 181 2045 oili.
199 2011 228 2037 ὲν
252 2012 285 2047 τῇ
307 2012 392 2039 εἰκόνι
411 2014 424 2039 ὁ
435 2012 634 2048 είκονιζὸμενος
645 2014 800 2048 ὁμωνύμως
812 2013 911 2049 ὁρᾶται

117 2065 148 2083 τε
161 2058 208 2083 καὶ
224 2055 294 2084 εἶναι
306 2058 465 2085 πιστεύεται
475 2068 498 2091 ς(
509 2059 542 2085 'll
552 2059 606 2095 γὰρ
615 2059 665 2094 τῆς
676 2059 793 2091 εἰκόνος,
804 2060 886 2095 φησιν
896 2061 910 2087 ό

119 2101 209 2136 μέγας
223 2099 374 2134 Βασίλειος,
389 2102 458 2138 τιμὴ
466 2103 512 2130 ἐπὶ
519 2104 548 2130 τὸ
559 2105 738 2139 πρωτρωπον
747 2105 906 2132 διαϐαίνει.»

118 2147 204 2172 Ὥστε
221 2147 315 2181 σαφῶς
331 2148 345 2174 6
360 2147 465 2183 μάρτυς
478 2146 512 2184 ἦν
522 2149 566 2176 διὰ
582 2150 632 2185 τῆς
644 2150 749 2182 οἰκείας
762 2151 868 2183 είκόνος
881 2151 912 2178 τὸ

120 2192 222 2227 βρέφος
245 2193 451 2228 εἰσδεχόμενος·
476 2195 519 2229 ἐφ’
533 2197 595 2223 ὅσον
622 2196 694 2223 οὕτω
714 2197 910 2229 πεπίστευκας.

125 2238 208 2265 ’Δλλά
221 2239 264 2270 τίς
277 2240 293 2274 ἡ
313 2239 418 2272 εὐδοξία
434 2241 484 2277 τῆς
501 2242 696 2277 μεγαλωσύνης
709 2251 766 2276 σου,
779 2243 820 2270 ὅτι
836 2243 912 2279 τηλι-

119 2284 230 2317 κοῦτον,
249 2285 280 2311 τὸ
293 2285 324 2321 δὴ
336 2286 493 2321 λεγόμενον,
504 2287 650 2315 σύντεκνον
667 2289 848 2325 προσεκτήσω
859 2298 866 2322 ;
880 2289 910 2316 οὐ

955 1053 1055 1082 factum
1073 1053 1216 1081 audientes
1226 1071 1234 1084 ,
1249 1052 1341 1080 mirati
1354 1060 1450 1080 sumus
1462 1052 1499 1080 ob
1515 1059 1640 1087 magnam
1656 1059 1750 1079 revera

956 1099 1047 1132 fidem,
1066 1100 1148 1126 homo
1166 1099 1226 1126 Dei.

991 1145 1113 1173 Allirmat
1138 1146 1211 1172 enim
1232 1146 1277 1180 qui
1294 1145 1397 1178 retulit,
1412 1149 1437 1172 te
1451 1153 1555 1173 sacram
1571 1145 1660 1180 magni
1679 1153 1750 1172 mar-

955 1192 1022 1228 tyris
1038 1190 1168 1219 Demetrii
1189 1191 1335 1226 imaginem
1352 1191 1521 1225 susceptoris
1532 1190 1674 1226 cujusdam
1690 1191 1750 1218 loco

956 1238 1134 1270 adhibuisse.
1165 1241 1248 1272 atque
1280 1237 1316 1265 ita
1352 1237 1399 1264 lilii
1427 1237 1464 1264 tui
1494 1245 1509 1264 a
1540 1237 1595 1264 Deo
1623 1236 1749 1265 custoditi

955 1283 1119 1318 baptismum
1149 1283 1294 1318 peregisse.
1324 1283 1401 1315 Et,o
1427 1283 1553 1310 fiduciam
1582 1285 1670 1311 tuaml
1690 1283 1751 1310 Non

956 1329 1044 1356 inveni
1068 1333 1171 1356 tantam
1191 1329 1269 1363 ﬁdem
1284 1329 1312 1356 in
1330 1329 1417 1356 Israel
1437 1330 1458 1345 ⁸⁸
1470 1348 1478 1361 ,
1504 1337 1558 1355 non
1583 1329 1670 1356 solum
1685 1336 1750 1355 cen-

957 1376 1058 1403 turioni
1088 1380 1153 1403 tunc
1166 1382 1181 1402 a
1205 1374 1316 1402 Christo
1332 1375 1434 1403 dictum
1461 1375 1581 1402 arbitror
1592 1395 1599 1406 ,
1614 1375 1661 1401 sed
1677 1381 1751 1401 nunc

957 1422 1038 1449 etiam
1057 1421 1105 1448 tibi
1131 1421 1178 1456 qui
1200 1421 1251 1448 fide
1266 1425 1354 1448 certas
1380 1428 1441 1447 cum
1467 1420 1524 1447 illo.
1554 1419 1661 1446 Invenit
1687 1427 1751 1454 ergo

958 1468 1003 1495 ille
1022 1467 1093 1502 quod
1117 1467 1258 1501 quaerebat
1272 1475 1279 1498 ;
1305 1466 1420 1500 adeptus
1435 1473 1464 1493 es
1481 1470 1510 1493 et
1522 1466 1580 1500 ipse
1596 1465 1667 1500 quod
1688 1473 1751 1499 spe-

958 1513 1034 1540 rasti.
1061 1512 1100 1540 lbi
1124 1511 1248 1539 divinum
1274 1513 1431 1538 mandatum
1463 1518 1513 1545 pro
1524 1510 1658 1544 corporali
1681 1517 1752 1544 prsc-

958 1557 1045 1585 sentia
1059 1566 1065 1583 :
1085 1557 1130 1584 hic
1143 1563 1273 1590 corporea
1287 1556 1377 1591 imago
1389 1555 1449 1583 vice
1465 1555 1613 1590 prototypi.
1627 1553 1664 1581 lbi
1678 1554 1750 1581 enim

958 1603 1050 1631 verbis
1077 1602 1173 1630 aderat
1197 1609 1325 1636 magnum
1358 1601 1496 1633 Verbum,
1531 1600 1677 1628 divinitate
1703 1607 1752 1627 sna

959 1647 1084 1676 mirabile
1105 1646 1232 1675 sanitatis
1249 1654 1319 1681 opus
1344 1646 1517 1673 invisibiliter
1533 1645 1700 1680 perliciens;
1725 1649 1752 1670 et

959 1693 1005 1721 hic
1035 1693 1138 1728 pariter
1164 1699 1279 1727 magnus
1307 1695 1407 1726 martyr
1431 1690 1541 1726 imagini
1572 1697 1629 1717 suae
1654 1689 1752 1724 spiritu

959 1747 1080 1774 praesens
1097 1742 1165 1770 erat,
1178 1738 1309 1765 infantem
1321 1737 1482 1772 suscipiens.
1501 1736 1599 1763 Verum
1610 1737 1668 1763 haec
1687 1744 1753 1771 pro-

960 1787 1030 1815 fanis
1058 1786 1168 1821 quidem
1200 1785 1333 1816 auribus,
1360 1789 1388 1811 et
1415 1783 1564 1811 incredulis
1593 1783 1751 1815 mentibus,

960 1832 1073 1859 minime
1089 1829 1257 1865 recipienda,
1277 1834 1404 1863 tanquam
1417 1827 1597 1860 incredibilia,
1614 1827 1751 1858 videntur,

961 1879 1078 1907 maxime
1099 1877 1308 1908 lconomachis;
1333 1875 1425 1910 pietati
1445 1881 1512 1902 vero
1532 1878 1585 1901 tuae
1607 1873 1753 1900 manifesta

961 1928 1120 1961 argumenta
1145 1927 1173 1950 et
1194 1922 1318 1957 exempla
1337 1921 1471 1956 patefacta
1493 1924 1567 1947 sunt.
1593 1919 1663 1952 Quid
1680 1920 1753 1945 enim

961 1974 1005 1999 est
1020 1969 1093 2005 quod
1115 1969 1186 1996 Deus
1211 1972 1341 2003 prastare
1364 1966 1541 1993 credentibus
1563 1973 1617 1992 non
1642 1964 1754 1999 possit?

961 2020 1009 2043 aut
1034 2013 1172 2049 quomodo
1188 2013 1216 2040 in
1232 2012 1350 2047 imagine
1369 2019 1425 2038 non
1444 2011 1608 2045 homonyme
1621 2010 1752 2040 cemitur,

962 2066 989 2088 ct
1004 2061 1094 2087 inesse
1117 2058 1256 2090 creditur,
1286 2057 1333 2091 qui
1362 2054 1596 2091 repraesentatur?
1626 2054 1753 2089 lmaginis

961 2106 1095 2141 siquidem
1121 2105 1219 2136 honor,
1234 2107 1264 2130 ut
1284 2109 1397 2137 magnus
1415 2101 1453 2128 ait
1468 2101 1591 2131 Basilius,
1607 2100 1705 2127 transit
1718 2099 1753 2126 ad

963 2154 1145 2186 prototypum.
1158 2147 1248 2181 Quare
1263 2145 1439 2174 manifestum
1455 2150 1482 2172 et
1495 2149 1640 2179 martyrem
1657 2144 1751 2175 fuisse,

962 2198 1008 2232 qui
1028 2195 1160 2224 infantem
1184 2202 1233 2229 per
1247 2193 1384 2229 propriam
1404 2191 1549 2227 imaginem
1566 2191 1752 2225 suscipiebat.

962 2246 1098 2278 quatenus
1109 2241 1146 2268 ita
1156 2239 1305 2268 credidisti.
1319 2238 1384 2270 Sed,
1395 2245 1411 2264 ο
1423 2236 1650 2272 magnificentiam
1667 2241 1754 2266 tuam,

962 2289 1008 2324 qui
1027 2289 1109 2315 talem
1130 2294 1162 2314 ac
1185 2290 1289 2313 tantum
1314 2289 1492 2319 syntecnum,
1520 2288 1549 2310 ιιι
1565 2287 1662 2310 vocant
1674 2303 1681 2314 ν
1695 2290 1754 2309 sor-

118 2330 166 2356 τδν
177 2330 252 2356 δεῖνα
264 2330 280 2366 ἢ
295 2331 340 2357 τὸν
354 2331 438 2364 δεῖνα,
453 2332 572 2368 ἄρχοντα
583 2333 665 2368 τυχὸν
682 2334 698 2369 ἢ
710 2334 855 2369 δυνάστην·
873 2333 908 2360 εῖ-

966 2333 1030 2359 litus
1041 2339 1082 2363 es,
1097 2338 1152 2358 non
1181 2329 1254 2356 hunc
1267 2328 1309 2356 vel
1325 2328 1412 2360 illum,
1444 2327 1595 2362 principem
1619 2331 1682 2361 puta
1711 2326 1753 2353 vol

121 2384 167 2402 ποι
193 2375 217 2402 δ’
231 2375 264 2402 ἂν
290 2376 345 2403 οὐδ’
358 2377 440 2404 αὑτὸν
461 2379 508 2405 τὸν
526 2379 557 2406 τὸ
572 2379 691 2415 διάδημα
708 2380 911 2416 περικείμενον·

122 2421 227 2456 μείζων
240 2421 295 2457 γὰρ
306 2423 353 2448 καὶ
374 2423 524 2460 ὑπέρτερος
538 2425 553 2451 6
566 2424 758 2461 ὲξευρημένος.
775 2426 836 2453 Τῶν
857 2425 912 2461 γὰρ

122 2467 275 2502 μαρτύρων
290 2469 304 2494 6
321 2468 485 2503 κράτιστος·
502 2471 556 2497 τῶν
573 2471 790 2507 θαυματουργῶν
815 2471 830 2498 6
855 2471 913 2498 δια·

121 2512 249 2548 πρύσιος·
258 2512 313 2539 τῶν
320 2513 406 2547 φίλων
415 2515 534 2550 Χριστοῦ
543 2516 556 2542 6
563 2517 685 2551 γνήσιος·
699 2516 754 2543 τῶν
766 2516 890 2550 ἀγγελων
899 2516 913 2543 6

121 2557 305 2592 συμπολίτηςο
316 2559 436 2586 τοσαῦτα
448 2561 496 2588 καὶ
506 2562 658 2596 τηλικαῦτα
670 2563 716 2589 καὶ
729 2562 854 2597 δυνηθεὶς
865 2563 913 2589 καὶ

119 2603 272 2638 δυνάμενος
287 2605 315 2630 ὲν
329 2606 385 2636 τοῖς
404 2606 457 2632 ὑπὸ
478 2607 522 2635 τὸν
533 2608 658 2644 οὐρανόν·
675 2609 745 2636 ὥστε
759 2609 807 2636 ἀπ’
824 2608 911 2644 ἄκρου

159 2661 185 2678 ⁸³
203 2661 302 2688 Matth.
319 2669 378 2695 vm,
393 2663 434 2691 l0.

963 2379 1128 2414 dynastam;
1152 2380 1199 2403 aut
1223 2374 1310 2410 ipsum
1339 2373 1420 2400 etiam
1449 2372 1496 2407 qui
1516 2372 1667 2400 diademate
1681 2372 1754 2399 redi-

964 2424 1048 2451 mitus
1063 2426 1116 2450 est.
1131 2421 1216 2456 Major
1230 2420 1303 2447 enim
1319 2419 1452 2454 longeque
1467 2418 1593 2453 superior
1603 2422 1645 2445 est
1672 2424 1757 2452 quem

964 2470 1099 2506 reperisti.
1114 2468 1261 2503 Martyrum
1277 2467 1377 2502 quippe
1387 2464 1561 2497 fortissimus,
1576 2464 1759 2491 mirificarum:

963 2515 1146 2546 clarissimus,
1172 2520 1317 2549 germanus
1339 2511 1439 2539 Christi
1462 2511 1575 2542 amicus,
1595 2510 1758 2545 angelorum.

964 2563 1054 2590 civis:
1079 2561 1125 2596 qui
1150 2564 1189 2588 tot
1209 2563 1338 2592 tantaque
1358 2558 1385 2584 in
1412 2556 1497 2584 terris
1514 2563 1623 2590 semper
1642 2556 1759 2590 potuit,

965 2611 1108 2643 potestque
1121 2613 1129 2639 ;
1143 2609 1172 2632 ut
1183 2605 1211 2632 in
1225 2603 1352 2631 omnibus
1366 2601 1420 2629 oris
1438 2600 1628 2628 miraculorum
1642 2606 1759 2626 suorum:

879 2740 996 2768 ΝΟΤΕ.

161 2799 364 2836 (1Ἱ)νίωάννη
383 2801 550 2836 Σεξαθαρίῳ.
560 2800 674 2830 Joannis
688 2795 908 2836 protosp'atharii1

971 2799 1115 2835 Bajnli,ab
1127 2799 1203 2829 [rene
1214 2798 1291 2826 electi
1309 2797 1412 2825 mentio
1440 2801 1483 2824 est
1514 2795 1586 2830 apud
1607 2793 1758 2828 Theophai-

121 2842 187 2862 nem
202 2835 236 2863 ad
250 2843 352 2863 annum
370 2836 402 2864 l0
418 2835 519 2863 lrenes.
