1924 3077
188 126 239 158 9η

777 129 806 157 S.
828 128 1023 158 TiIEODORl
1048 127 1221 158 STUDITE

1764 126 1818 157 οη

189 184 251 210 tuba
264 182 427 210 celebretur.
441 182 538 209 Beatus
554 183 641 217 rcipsa
657 189 696 213 es.
709 183 751 209 vir
762 183 894 218 piissime,
906 184 978 218 quod

1035 184 1078 218 τῆς
1099 185 1150 218 γῆς
1172 184 1225 216 ἕως
1242 183 1327 218 ἄκρου
1343 184 1395 219 γῆς
1407 185 1440 218 τῇ
1457 183 1588 217 σάλπιγγι
1600 183 1654 209 τῶν
1667 183 1819 218 θαυμάτων

189 229 271 256 talem
287 232 386 256 nactus
405 228 443 255 sis
461 233 648 262 susceptorem
662 237 669 254 :
697 233 738 254 ter
757 228 853 255 beatus
865 233 892 255 ct
908 229 978 256 [ilius

190 278 263 305 tuus,
289 274 336 309 qui
355 282 371 301 a
392 278 466 301 tanta
491 273 574 309 gloria
597 277 626 301 et
647 274 766 308 potentia
789 274 902 309 praedito
917 283 978 302 sus-

189 325 286 354 ceptus
311 320 355 347 sit.
390 319 472 347 Nobis
496 327 562 347 vero
579 320 670 347 videre
693 320 773 347 liceat
800 320 873 347 hunc
895 320 978 347 lilium

191 370 266 392 tuum
279 365 365 393 sancti
385 365 513 392 Demetrii
533 365 732 400 cognominem,
754 365 775 392 si
801 366 908 397 annuis,
934 370 979 397 ut,

191 417 319 446 tanquam
333 411 418 446 ipsius
431 411 516 438 ﬁlium
529 411 734 446 amplectentes,
749 415 777 438 ct
788 411 914 446 congruis
928 411 978 445 ipsi

191 458 299 490 verbis,
327 462 357 484 ut
374 461 544 492 peceatores,
570 457 763 491 compellemus
775 477 783 488 ,
807 461 835 484 et
853 464 910 483 rem
933 464 980 492 ge-

193 509 263 530 stam
278 504 311 530 ad
329 503 400 530 alios
417 510 524 538 quoque
540 502 765 529 transtnittamus.
779 501 834 529 Nec
851 502 923 529 enim
938 509 980 529 res

194 550 321 585 pulchras
336 548 407 575 sileri
421 548 569 580 convenit,
580 547 628 574 sed
647 547 708 574 aliis
720 547 754 574 ad
768 547 820 582 pina
833 547 896 574 ﬁdei
907 547 979 575 clara

193 595 354 622 documenta
370 593 494 628 proponi.

335 735 426 764 XVI".
446 751 478 756 —
493 736 634 764 Statu-ario
647 735 788 770 Spalhario
799 737 833 762 ".

1028 229 1111 256 αὐτοῦ
1133 229 1361 265 διαθρυλλεῖσοαι.
1378 229 1521 263 Μακάριος
1534 229 1619 260 ὅντως
1635 226 1670 260 εἴ,
1687 229 1755 264 ἄνερ
1774 231 1820 255 εὑ-

1029 274 1184 307 σεὸέστατε,
1205 275 1246 300 ὅτι
1257 274 1378 300 τοιούτου
1399 274 1554 309 τετύχηκας
1575 273 1717 308 ἀναδόχου·
1744 283 1823 309 τρισ-

1030 319 1164 354 μακάριός
1194 328 1240 346 σου
1265 320 1312 346 καὶ
1335 321 1349 346 6
1374 320 1472 353 γόνος,
1495 319 1564 354 ἔχων
1592 319 1638 345 τὸν
1668 319 1820 353 δεξάμενον

1027 365 1187 401 τηλικοῦτον
1200 365 1240 400 τῷ
1264 365 1337 391 κλέει
1353 365 1398 391 καὶ
1420 365 1545 399 δυνάμει.
1559 364 1630 390 Ἀλλ’
1646 364 1750 398 ἴδοιμεν
1774 365 1821 390 τὸν

1029 411 1086 437 υἱόν
1100 419 1148 437 σου
1167 412 1213 438 καὶ
1227 411 1373 446 ὁμώνυμον
1387 410 1434 437 τοῦ
1459 411 1537 444 ἁγίου
1553 410 1724 445 Δημητρίου,
1740 411 1822 445 εἴπερ

1030 456 1213 492 συγκατέρχῃ,
1226 456 1281 488 ἶνα,
1295 456 1332 488 ὡς
1347 457 1403 482 υἱὸν
1418 456 1500 482 αὑτοῦ
1519 451 1769 490 προσπτυξάμενοὶ.
1786 455 1823 481 τὰ

1029 502 1122 528 εἰκότα
1137 502 1187 536 μὲν
1203 501 1456 537 προσφθεγξὼμεθα
1472 502 1518 528 καὶ
1539 502 1620 536 ἡμεῖς
1635 501 1672 532 ὼς
1688 501 1823 536 ἀμαρτω-

1033 547 1085 579 λοὶ,
1098 547 1206 583 ἔχωμεν
1226 548 1254 574 δὲ
1271 548 1301 574 τὸ
1315 548 1438 582 διήγημα
1461 547 1508 574 καὶ
1527 548 1566 578 είς
1595 546 1705 581 ἑτέρους
1729 554 1822 580 παραυ

1029 593 1160 628 πέμπειν.
1174 594 1220 620 Δεῖ
1230 594 1284 627 γὰρ
1294 593 1329 620 τὰ
1347 592 1417 619 καλὰ
1431 592 1469 628 μὴ
1484 591 1650 620 σιωπᾶσθαι.
1668 590 1737 617 ἀλλὰ
1749 599 1822 624 προ-

1030 638 1138 665 κεῖσθαι
1156 639 1213 670 τοῖς
1241 639 1332 671 ἄλλοις
1357 640 1398 670 εἰς
1425 638 1543 669 πίστεως
1567 636 1696 667 εὐσεῦοῠς
1712 636 1821 670 ἐναργῆ

1030 683 1228 718 ὑποδείγματα.

1112 738 1165 764 ιιίν.
1181 752 1217 758 -
1238 737 1410 772 Σταυρακίῳ
1423 735 1578 770 σπαθαρίῳ
1592 734 1661 770 (l8).
1675 732 1739 770 [λε’]

923 804 949 828 1η
965 803 1035 829 obitu
1048 805 1101 829 lilii.

229 852 344 881 Causam
367 853 474 888 quidem
491 855 601 882 humilis
614 854 744 882 absentiae
760 856 924 890 nostrzejam
939 856 982 883 di-

1068 854 1124 892 Τὴν
1141 857 1191 892 μὲν
1207 857 1297 884 αἰτίαν
1316 857 1365 892 τῆς
1378 855 1508 890 ταπεινῆς
1522 853 1657 886 ἀπουσίας
1675 853 1755 888 ἡμῶν
1770 853 1823 887 ἠδη

195 901 295 933 ximus,
309 908 361 928 nec
373 908 440 936 opus
453 905 492 929 est
505 902 620 936 amplius
633 910 773 930 excusare.
798 902 876 930 Unde
891 907 982 930 autem

195 946 354 973 ordiemur?
369 950 416 973 aut
431 954 491 980 qua:
502 945 617 974 [acultas
630 946 748 973 inveniri
763 951 843 981 queat
856 947 982 982 praesenti

195 989 357 1016 veneranda:
367 990 462 1017 animm
475 994 573 1017 vestrae
589 990 674 1018 dolori
689 991 983 1024 convcnicns'.’Quem-

194 1034 339 1061 admodum
362 1035 438 1062 enim
454 1035 575 1063 medicus
599 1036 634 1063 ad
660 1037 840 1064 insanabilem
856 1037 983 1065 morbum

195 1081 347 1113 accedens,
376 1080 469 1108 animo
496 1081 582 1109 haeret
613 1082 724 1117 ancipiti
755 1089 873 1117 quonam
904 1086 984 1117 pacto

195 1124 364 1152 curationem
398 1125 589 1160 aggrediatur.
619 1126 658 1153 sic
685 1131 714 1154 et
754 1135 805 1155 nos
836 1131 984 1155 azstnamns

197 1169 292 1196 incerti
324 1177 377 1204 qua
395 1171 500 1198 ratione
526 1172 687 1206 gravissimo
706 1172 777 1200 malo
802 1177 892 1200 vestro
917 1181 984 1200 con-

196 1214 358 1242 solationem
390 1215 546 1243 aﬂ‘eramus.
579 1215 602 1243 0
625 1216 831 1245 calamitatem!
857 1225 874 1244 ο
898 1217 984 1245 infor-

197 1259 303 1286 tunium
316 1262 323 1287 1
337 1259 411 1288 Obiit
424 1261 502 1288 vobis
519 1261 591 1289 (ilius
602 1262 712 1296 elegans
723 1267 751 1289 et
768 1262 921 1295 lormosus;
940 1263 984 1290 ille

197 1306 244 1340 qui
259 1311 381 1333 materna
402 1307 506 1334 viscera
525 1307 630 1342 primus
646 1307 814 1336 recluserat:
843 1316 891 1343 per
903 1316 984 1343 quem

198 1353 276 1379 vobis
300 1357 443 1387 parentum
469 1361 569 1380 nomen
593 1353 720 1386 inditum,
737 1354 902 1388 principium
921 1361 986 1389 pro-

199 1397 353 1432 pagationis
366 1398 474 1434 generis
485 1417 493 1430 ,
515 1399 592 1426 radix
605 1399 800 1433 procreationis
819 1399 966 1426 liberorum
976 1419 984 1432 ,

199 1442 324 1470 surculus
338 1443 478 1470 rationalis
491 1443 704 1478 germinationis,
722 1444 810 1479 prima
824 1444 898 1471 velut
923 1451 984 1471 rosa

199 1491 320 1522 paterna:
341 1487 524 1516 fecunditatis.
545 1488 580 1516 Et
598 1489 662 1524 quid
684 1489 782 1521 dicam.
802 1493 831 1516 ut
850 1489 895 1516 lilii
922 1489 981 1524 pul-

198 1521 381 1560 chritudinem
407 1534 537 1568 explicem
551 1533 562 1560 2
585 1521 626 1560 Au
656 1534 726 1568 quod
743 1535 884 1562 crescebat
901 1521 984 1569 puer,
999 1521 1021 1550 θ

200 1579 411 1614 proﬁciebatque
422 1583 502 1606 aetate
515 1584 541 1606 et
555 1579 693 1607 intellectu
707 1601 715 1613 ,
730 1584 758 1607 et
770 1581 853 1616 gratia
869 1581 914 1608 Dei
928 1585 986 1608 erat

200 1625 227 1650 in
239 1624 286 1650 illo
294 1624 468 1659 ",quautum
481 1629 509 1652 ct
520 1624 572 1659 ipsi
583 1633 614 1652 ex
631 1632 660 1652 re
669 1633 751 1660 parva
763 1626 866 1660 experti
877 1626 987 1653 sumus?

199 1668 341 1701 Quomodo
366 1669 448 1704 igitur
475 1670 536 1697 talis
551 1677 583 1697 ac
611 1674 702 1698 tantus
728 1670 822 1697 letbali
849 1670 936 1702 ferro,
953 1679 986 1698 ex

200 1714 277 1749 ipsis.
292 1719 322 1742 ut
345 1715 381 1742 ita
419 1715 518 1747 dicam,
542 1715 642 1743 lumbis
664 1716 763 1744 vestris
785 1721 919 1749 exsectus,
945 1716 989 1743 in-

200 1761 394 1788 consolabilem
406 1761 481 1788 cordi
498 1766 589 1789 vestro
605 1761 727 1789 dolorem
742 1770 797 1789 non
812 1763 922 1797 pariat?
941 1767 988 1790 aut

199 1805 260 1840 quis
274 1813 329 1833 non
351 1806 560 1833 collamentetur
583 1811 610 1834 et
625 1807 778 1839 eondoleat,
798 1813 926 1843 tanquam
953 1809 988 1836 ob

200 1851 310 1886 aliquod
329 1851 414 1886 ipsius
428 1852 580 1880 membrum
593 1853 620 1879 in
636 1853 713 1880 vobis
728 1853 817 1888 gladio
830 1854 966 1881 succisum
978 1855 990 1881 ἵ

202 1896 384 1932 lngemiscant
407 1897 505 1924 merito
531 1902 633 1932 patres,
656 1898 832 1932 pulcherrimi
849 1899 930 1933 hujus
942 1899 989 1927 ﬁlii

202 1942 347 1969 orbitatem
366 1947 531 1977 spectantes.
551 1943 673 1978 Lugeant
697 1948 725 1970 et
745 1949 845 1971 matres
863 1948 918 1972 tam
941 1953 990 1972 ve-

202 1993 291 2015 nusta:
307 1988 391 2023 prolis
408 1989 556 2015 sectionem
572 1993 726 2016 cernentes.
743 1988 897 2017 Rescissum
916 1990 990 2017 enim

203 2041 297 2060 revera
317 2038 359 2061 est
373 2034 524 2061 membrum
552 2039 672 2061 vestrum
689 2043 696 2061 :
714 2035 833 2062 abscissa
859 2040 902 2062 est
927 2043 991 2062 caro

203 2085 303 2107 vestra.
320 2079 404 2115 Sages
418 2080 512 2115 ingens
524 2080 642 2112 doloris;
658 2080 800 2108 medicinae
815 2080 990 2114 pharmacum

204 2125 327 2152 invenire
340 2124 457 2152 diilicile.
474 2124 572 2152 Mmror
586 2125 612 2152 in
630 2125 747 2158 familia,
774 2126 884 2153 tristitia
901 2126 928 2153 in
941 2127 991 2154 do-

1033 902 1157 937 εἴπομεν·
1174 902 1221 929 καὶ
1237 902 1267 928 οὺ
1280 902 1333 937 χρή
1348 909 1374 928 ¹ιι
1389 901 1469 927 πλέον
1485 899 1691 934 ἀπολογεῖσθαι.
1711 897 1774 929 Πῶς
1792 897 1824 923 δὲ

1033 947 1193 982 ἀρξόμεθας
1211 947 1227 982 ἢ
1248 947 1289 978 τίς
1305 947 1418 981 δύναμις
1433 944 1588 979 ἑξευρεθείη
1603 944 1643 974 εἰς
1657 943 1688 969 τὸ
1713 942 1824 977 συμσᾶν

1033 992 1118 1023 πάθος
1135 994 1195 1024 ταῖς
1208 992 1314 1026 τιμίαις
1330 991 1407 1026 ὑμῶν
1421 990 1519 1025 ψυχαῖς
1532 998 1539 1022 ;
1557 989 1694 1023 Καθάπερ
1708 988 1764 1023 γάρ
1781 996 1825 1018 τις

1035 1037 1126 1072 ίατρδς
1145 1037 1191 1063 ἐπὶ
1201 1037 1320 1071 δυσιάτῳ
1331 1036 1402 1070 νόσῳ
1414 1035 1570 1070 ἐρχόμενος,
1588 1033 1731 1068 ἀμηχανίᾳ
1746 1040 1826 1066 περι-

1035 1082 1153 1113 ίσταται,
1167 1082 1242 1114 ὅπως
1255 1082 1373 1117 ἐπιϐάλῃ
1391 1081 1440 1116 τὴν
1460 1080 1616 1115 ἐγχείρησιν
1627 1087 1634 1096 ’
1652 1078 1739 1110 οὕτως
1755 1078 1826 1111 ἰλιγ-

1033 1128 1150 1163 γιῶμεν,
1165 1128 1224 1159 πῶς
1240 1127 1286 1154 τὸν
1299 1125 1507 1163 παρακλητικὸν
1530 1125 1610 1159 λόγον
1622 1125 1668 1151 ἐπὶ
1682 1124 1720 1158 τῷ
1737 1124 1825 1159 βαρυ-

1033 1174 1107 1208 τάτῳ
1123 1173 1200 1209 ὑμῶν
1213 1173 1294 1200 πάθει
1305 1171 1550 1207 προσενέγκασθαι.
1564 1171 1596 1196 Ὢ
1607 1170 1656 1204 τῆς
1668 1169 1822 1204 συμφορᾶςί

1033 1218 1057 1245 ὣ
1084 1219 1134 1254 τῆς
1159 1218 1338 1253 συμϐάσεωςί
1357 1217 1444 1252 ᾤχετο
1472 1217 1536 1251 ὑμῖν
1568 1217 1633 1247 παῖς
1663 1215 1745 1246 καλὸς
1775 1215 1826 1241 καὶ

1034 1264 1144 1300 ὡραῖος·
1163 1265 1243 1295 αὐτὸς
1267 1265 1281 1291 6
1304 1264 1352 1295 τὰς
1369 1263 1479 1298 πρώτας
1500 1262 1636 1297 μητρικὰς
1651 1261 1749 1291 ὠδῖνας
1765 1260 1827 1286 δια-

1033 1310 1128 1342 λύσας·
1151 1311 1185 1337 δι’
1195 1307 1225 1337 οὗ
1241 1311 1305 1345 ὑμῖν
1319 1310 1350 1336 τδ
1368 1309 1422 1335 τῶν
1438 1309 1540 1342 γονέων
1554 1308 1641 1342 ὄνομα
1653 1305 1828 1342 κεχρημάτι-

1034 1362 1094 1382 κεν⁴
1109 1356 1139 1391 ῗὴ
1165 1355 1237 1391 ἀρχὴ
1252 1355 1302 1390 τῆς
1329 1354 1453 1389 διαδοχῆς
1467 1353 1515 1379 τοῦ
1530 1353 1625 1387 γένους
1638 1361 1646 1367 ·
1661 1353 1679 1387 ἡ
1695 1351 1757 1387 ῥίζα
1775 1351 1827 1384 τῆς

1035 1403 1217 1433 τεκνοποιίαςι
1238 1402 1253 1428 6
1266 1400 1355 1436 ὄρπηξ
1369 1401 1418 1435 τῆς
1430 1399 1542 1433 λογικῆς
1559 1397 1755 1434 βλαστοφορίας
1769 1404 1776 1411 ·
1794 1395 1828 1422 τὺ

1035 1450 1117 1477 οἱονεὶ
1134 1448 1296 1484 πρωτοφυὲς
1310 1447 1386 1483 ῥόδον
1400 1447 1449 1481 τῆς
1466 1445 1600 1481 πατρικῆς
1615 1442 1826 1479 ἕκαρποφορίας.

1036 1496 1090 1523 Καὶ
1108 1495 1134 1522 τί
1153 1495 1186 1521 ἂν
1202 1495 1307 1529 εῐποιμι
1327 1492 1468 1527 παριστῶν
1493 1491 1524 1518 τδ
1553 1489 1632 1524 γόνου
1658 1488 1775 1519 κὰλλοςς
1801 1487 1820 1521 ἦ

1036 1542 1078 1568 ὃτι
1095 1540 1127 1567 τδ
1145 1539 1251 1566 παιδίον
1267 1537 1368 1573 ηὔξανε
1390 1538 1439 1564 καὶ
1463 1536 1631 1572 προέκοπτεν
1656 1532 1750 1568 ἡλικίᾳ
1776 1531 1828 1558 καὶ

1038 1587 1156 1616 συνέσει,
1169 1585 1214 1612 καὶ
1228 1585 1308 1620 χάρις
1325 1583 1392 1610 Θεοῦ
1404 1581 1438 1618 ἦν
1454 1582 1496 1608 ἐπ’
1508 1581 1592 1615 αὐτῷ,
1606 1580 1667 1606 ὅσον
1678 1580 1709 1604 ὲκ
1727 1576 1828 1612 μικροῦ

1037 1633 1084 1659 καὶ
1098 1632 1179 1666 ἡμεῖς
1194 1628 1403 1664 πεπειράμεθας
1420 1627 1481 1659 Πῶς
1494 1627 1584 1653 τοίνυν
1599 1625 1630 1651 τὸ
1641 1623 1761 1650 τοιοῦτον
1777 1622 1829 1648 καὶ

1037 1676 1195 1712 τηλικοῦτον
1206 1674 1343 1710 ἔκτμηθὲν
1356 1675 1389 1708 τῇ
1404 1673 1536 1706 θανατικῇ
1550 1670 1681 1706 μαχαίρᾳ,
1695 1668 1724 1700 ἐξ
1739 1667 1829 1700 αὐτῆς

1038 1723 1124 1749 εἰπεῖν
1138 1721 1189 1756 τῆς
1203 1720 1303 1754 ὀσφύος
1316 1719 1403 1754 ὑμῶν,
1414 1719 1444 1744 οὐ
1456 1716 1652 1752 κατεργάσειεν
1667 1714 1700 1741 ἂν
1715 1715 1828 1747 ἀπαρα-

1040 1768 1160 1804 μύθητον
1178 1767 1260 1800 ἄλγος
1274 1766 1302 1792 ἐν
1314 1766 1346 1800 τῇ
1363 1763 1462 1798 καρδία
1476 1762 1572 1798 ὑμῶνς
1588 1761 1605 1796 ἢ
1619 1760 1662 1791 τίς
1676 1760 1707 1786 οὐ
1722 1766 1831 1793 συμπο-

1039 1815 1176 1841 τνιάσεται
1203 1811 1250 1839 καὶ
1264 1809 1512 1843 συναλγυνθήσεται
1537 1807 1584 1833 ἐπὶ
1606 1805 1644 1840 τῷ
1669 1804 1831 1839 τεμνομένῳ

1039 1860 1083 1886 διὰ
1097 1859 1190 1893 ξίφους
1207 1857 1278 1884 κατά
1294 1865 1319 1882 τι
1334 1855 1389 1882 τῶν
1403 1854 1579 1889 ὑπαρχόντων
1594 1850 1668 1885 αὐτῷ
1684 1849 1774 1885 μελῶν
1790 1848 1831 1880 ὡς

1040 1905 1083 1940 ἐφ’
1099 1905 1183 1939 ὑμῖν;
1205 1901 1365 1935 Στενάξειαν
1394 1900 1417 1926 δ’
1431 1900 1465 1926 ἂν
1488 1899 1600 1929 εἰκότως
1624 1897 1671 1923 καὶ
1697 1895 1830 1928 πατέρες,

1040 1949 1162 1976 τοιούτου
1177 1947 1321 1974 καλλίστου
1334 1945 1428 1977 παιδὸς
1445 1943 1582 1978 ἁποὸολὴν
1600 1942 1745 1976 θεώμενοι.
1758 1940 1832 1975 Θρη-

1041 1995 1151 2030 νήσειαν
1164 1993 1187 2020 δ’
1196 1993 1228 2020 ἂν
1239 1993 1286 2018 καὶ
1297 1991 1426 2026 μητέρες.
1435 1989 1593 2024 τηλικούτου
1607 1985 1708 2021 ὡραίου
1721 1985 1830 2018 σπλάγ-

1041 2049 1105 2076 χνου
1122 2039 1242 2074 ὲκνομὴν
1257 2036 1486 2073 προσδλέπουσαι.
1499 2035 1638 2069 Τὲτμηται
1651 2032 1705 2066 γὰρ
1720 2030 1831 2065 ἀληθῶς

1044 2086 1124 2120 μέλος
1144 2084 1231 2120 ὑμῶν.
1247 2083 1428 2110 Ἐκκέκοτι-ται
1444 2081 1511 2115 σὰρξ
1540 2079 1628 2114 ὑμῶν,
1645 2077 1676 2104 τὸ
1696 2076 1833 2112 ὀδυνηρὸν

1043 2132 1133 2163 πολὺ.
1164 2130 1194 2157 τὺ
1220 2128 1417 2165 θεραπευτικὸν
1443 2127 1589 2161 φάρμακον
1620 2123 1830 2158 δυσεξεύρητον.

203 2170 334 2202 ntesticis,
356 2170 434 2197 dolor
456 2170 483 2197 in
502 2171 642 2206 cognatis;
668 2171 716 2198 sed
741 2179 797 2206 prae.
815 2172 942 2199 omnibus
961 2173 985 2199 in

1043 2176 1186 2210 Κατήφεια
1199 2174 1245 2200 ἐπὶ
1261 2173 1311 2208 τῆς
1339 2172 1439 2203 οἰκίας,
1458 2170 1540 2205 ὸδὺνη
1556 2169 1603 2196 ἐπὶ
1620 2168 1684 2199 τοὺς
1707 2167 1830 2198 οἰκέτας.

203 2224 254 2243 avo
277 2216 388 2243 domino
414 2216 539 2251 patricio,
568 2221 596 2244 et
625 2216 653 2243 in
678 2217 738 2243 avia
766 2217 875 2244 domina
898 2223 990 2253 proto-

203 2260 352 2295 Spatharia.
378 2260 505 2294 Undique
528 2260 619 2295 gravia
642 2265 669 2287 et
692 2260 788 2288 tristia.
800 2261 900 2288 Verum
922 2270 990 2297 age,

204 2306 247 2332 vir
255 2305 368 2340 optime,
381 2305 426 2340 qui
436 2310 463 2332 et
474 2306 652 2341 intelligentia
663 2305 795 2339 abundas,
806 2311 834 2334 et
849 2307 991 2341 prudentia

206 2355 320 2385 praestas
331 2371 339 2384 ,
365 2355 394 2378 et
415 2351 560 2386 plurimam
578 2359 611 2378 ex
630 2351 776 2378 multorum
791 2360 923 2379 annorum
938 2361 990 2380 usu

206 2397 321 2431 adeptus
349 2404 379 2424 es
405 2397 558 2430 scientiam,
570 2397 619 2424 tibi
645 2397 703 2432 ipse
720 2397 841 2430 medere,
873 2397 990 2432 teipsum

206 2449 284 2469 sana.
311 2441 423 2477 Cpnjice
435 2461 444 2474 ,
467 2450 576 2477 quaeso,
603 2442 705 2470 mentis
718 2442 811 2470 oculos
826 2443 853 2470 in
869 2443 988 2470 universi

207 2488 485 2523 contemplationem;
512 2489 616 2523 respice
636 2488 669 2516 ad
693 2488 820 2523 antiquas
835 2493 929 2516 aetates
941 2508 949 2521 ν
974 2497 989 2516 a

207 2533 295 2568 primo
322 2534 381 2569 ipso
412 2539 525 2569 parente
536 2539 629 2562 nostro
652 2534 737 2561 Adam
749 2554 756 2566 ,
779 2539 807 2561 et
821 2535 882 2561 vide
898 2542 929 2561 ac
944 2543 990 2562 re-

207 2586 362 2613 cognosce.
385 2580 447 2614 quis
470 2580 498 2606 in
518 2580 605 2607 lucem
630 2586 756 2613 egressus
777 2579 804 2605 in
823 2579 874 2606 hoc
890 2581 992 2612 saeculo

208 2625 403 2658 permanserit,
427 2628 454 2651 et
476 2631 531 2651 non
556 2623 704 2650 exorientis
722 2623 808 2650 instar
829 2623 884 2650 i‘eni
910 2624 991 2652 citius

244 2681 266 2697 δ’
284 2681 480 2710 Consolatoria.
517 2681 540 2697 "
559 2680 624 2708 Luc.
649 2688 678 2711 ιι,
699 2680 743 2707 40.

1040 2221 1112 2255 λύπη
1127 2220 1172 2246 ἐπὶ
1184 2220 1247 2250 τοὺς
1263 2218 1417 2252 συγγενεῖς·
1431 2215 1532 2251 μᾶλλον
1551 2215 1579 2242 δὲ
1594 2214 1648 2249 πρὸ
1660 2212 1764 2240 τούτων
1782 2212 1831 2239 ἐπὶ

1039 2267 1085 2292 τὸν
1097 2266 1257 2301 προπάτορα
1270 2263 1364 2299 κύριον
1377 2261 1531 2297 πατρίκιον,
1548 2260 1597 2287 καὶ
1604 2260 1654 2295 τὴν
1668 2259 1832 2294 προμήτορα

1039 2311 1137 2345 κυρίαν
1151 2308 1409 2346 πρωτοσπαθαρίαν.
1439 2307 1574 2334 Πάντοθεν
1588 2305 1662 2332 δεινὰ
1679 2304 1727 2330 καὶ
1750 2303 1831 2337 περί-

1039 2356 1121 2382 λυπα.
1139 2355 1221 2381 Ἀλλά
1247 2353 1328 2389 δεῦρό
1353 2361 1408 2388 μοι,
1431 2351 1501 2386 ἀνὴρ
1527 2350 1640 2386 χρηστὲ,
1655 2349 1670 2375 6
1691 2348 1777 2379 πολὺς
1801 2349 1831 2374 ὲν

1039 2401 1159 2432 συνέσει,
1184 2400 1198 2426 6
1217 2399 1297 2432 σοφὸς
1314 2399 1343 2425 ὲν
1360 2397 1501 2432 φρονήσει,
1516 2397 1530 2423 6
1551 2395 1682 2429 πλείστην
1702 2392 1830 2426 συνειλη-

1037 2445 1092 2481 χὼς
1108 2446 1140 2471 ἐκ
1159 2443 1264 2470 πολλῶν
1287 2442 1341 2469 τῶν
1354 2442 1459 2477 χρόνων
1475 2441 1525 2476 τὴν
1540 2440 1652 2473 γνῶσιν·
1670 2438 1768 2465 σαυτὸν
1783 2438 1830 2463 Θε-

1040 2497 1187 2527 ραπευσον·
1204 2489 1303 2515 σαυτὸν
1319 2488 1405 2515 ῐασαι.
1424 2486 1557 2514 Ἐπίόαλέ
1577 2494 1636 2517 σου,
1662 2483 1829 2519 παρακαλῶ,

1037 2538 1082 2563 τὸν
1099 2535 1235 2571 ὀφθαλμὸν
1246 2535 1297 2569 τῆς
1311 2534 1429 2565 διανοίας
1442 2534 1481 2565 είς
1495 2533 1545 2568 τὴν
1556 2534 1604 2566 τῆς
1627 2531 1744 2561 κτίσεως
1759 2529 1830 2555 Θεω-

1040 2582 1110 2618 ρίαν·
1126 2581 1260 2616 ἓμϐλεψον
1285 2581 1326 2611 εἰς
1349 2579 1466 2615 ἀρχαίας
1481 2578 1590 2613 γενεὰς,
1607 2577 1654 2604 ἀπ’
1668 2576 1751 2603 αὐτοῦ
1782 2574 1829 2601 τοῦ

1040 2628 1210 2662 προπάτορος
1225 2625 1305 2661 ἡμῶν
1319 2625 1416 2660 Ἀδάμ·
1445 2625 1493 2652 καὶ
1511 2624 1549 2651 ἴδε
1562 2625 1610 2651 καὶ
1626 2623 1711 2658 γνῶοι
1726 2622 1769 2653 τίς
1787 2622 1831 2646 ἰν-

974 2723 1086 2752 NOTAE.

246 2784 302 2818 (l8)
319 2783 490 2817 Σταυρακίῳ
506 2781 669 2816 Σπηθαρίῳ.
687 2781 769 2818 Forte
783 2781 807 2818 is
828 2781 988 2818 Stanracius

212 2816 352 2854 pait'icius,
375 2819 474 2853 publici
502 2825 600 2844 cursus
623 2817 767 2851 lngutliclu,
787 2816 819 2842 dc
831 2824 885 2851 quo
906 2817 989 2843 multa

1045 2781 1116 2815 apud
1133 2779 1326 2815 Theophanem
1343 2779 1376 2806 ad
1392 2786 1493 2806 annum
1525 2778 1552 2805 ll
1580 2777 1672 2805 lrcnes
1702 2782 1729 2804 et
1751 2777 1831 2804 dein-

1047 2825 1121 2850 t'cps.
