1924 3077
83 110 139 145 965

702 119 973 153 EPISTULARUM
991 125 1066 157 LIB.
1084 128 1108 157 Ι.

1669 130 1723 162 966

81 167 174 204 ἔμεινε
187 167 226 203 τῷ
238 167 318 196 αἰῶνι
331 169 420 205 τούτῳ
433 171 472 202 εἰς
484 170 540 205 φῶς
554 170 650 204 ἐλθὼν,
661 173 719 200 ἀλλ’
732 175 792 209 οὐχὶ
802 175 875 210 δίκην

932 179 1098 215 deﬂoruerit,
1113 191 1145 210 ac
1161 191 1210 219 per
1220 188 1335 211 mortem
1343 184 1507 213 dessiecatus
1516 185 1552 213 sit
1565 194 1573 212 :
1591 189 1640 213 aut
1652 187 1725 214 sicut

82 214 277 245 ἀνατέλλοντος
290 215 390 251 χόρτου
403 216 500 243 θᾶττον
514 216 647 253 ἐξήνθησε
667 220 714 245 καὶ
725 220 877 256 ἀπεξηράν-

81 260 117 295 θη
129 260 174 287 διὰ
190 259 307 287 θανάτου
317 281 325 293 ,
342 261 359 296 ἢ
377 261 414 293 ὡς
428 262 456 288 ἐν
473 262 589 297 ῥεύματι
605 266 761 300 ποταμιαίῳ
772 286 780 298 ,
793 267 834 293 ὅτι
847 267 877 294 τὸ

83 305 136 341 μὲν
159 306 307 341 ὑπεξῆλθε,
322 306 352 333 τὸ
365 307 393 333 δὲ
409 307 580 343 ἁντεισῆλοε,
600 309 648 336 τοῦ
664 311 735 337 κατὰ
750 311 876 348 διαδοχὴν

79 352 177 385 γένους
191 351 229 387 μὴ
247 351 404 386 ἱσταμένου,
420 352 488 380 ἀλλά
502 355 723 391 παρατρέχοντας
738 357 799 384 καθ’
812 358 877 385 ἐκά-

81 406 149 432 στην
161 397 280 432 ἡμέραν·
297 397 383 430 οὕτως
396 399 421 424 oi
434 400 619 434 γεννήσαντες
641 402 705 434 τοὺς
724 403 800 438 ἡμᾶς
812 412 876 437 γεν-

80 444 227 478 νήσαντας,
243 444 291 470 καὶ
306 444 331 470 οῖ
349 445 461 472 ἐκείνων
477 446 619 482 ἀνώτεροι·
643 448 691 475 καὶ
706 449 876 482 ἀναποδίζων

79 490 94 515 ο
108 489 188 524 λόγος
202 490 242 522 είς
255 490 305 524 τὴν
318 491 460 526 καταρχὴν
477 492 626 519 ἐλεύσεται’
641 494 689 520 καὶ
702 494 806 522 κατιὼν
822 496 876 523 πά-

80 535 124 562 λιν
139 536 180 568 εἰς
193 536 244 572 τὴν
259 536 414 563 συντέλειαν
431 537 509 564 τοῦδε
522 538 569 564 τοῦ
585 540 687 571 παντὸς
699 543 875 577 καταντήσει.

80 581 137 609 Καὶ
151 582 207 609 οὐκ
226 582 313 609 ἐστιν
327 583 362 616 ὂς
378 582 508 616 ζήσεται,
522 585 594 611 κατά
613 585 644 612 τὸ
669 587 874 622 γεγραμμένον,

79 627 131 653 καὶ
145 628 201 654 οὐκ
216 627 322 662 ὄψεται
337 629 478 656 θάνατον.
496 630 532 656 Τὸ
553 630 582 657 δὲ
604 632 701 666 παρὸν,
719 632 876 668 λειτουργία

79 679 124 702 τις
138 671 316 708 διωρισμένη,
331 674 380 699 καὶ
397 675 576 709 πραγματεία
588 676 751 712 ἡμερήσιοςδ
766 679 813 704 καί
826 678 875 704 αὺ-

79 718 146 745 τίκα
171 719 212 750 εἰς
238 719 273 746 τὰ
285 720 374 746 οἰκεῖα
394 720 580 754 ἐπανέλευσις,
608 722 659 757 τῆς
684 723 739 750 τῶν
759 724 874 757 ἐνθένδε,

78 761 165 796 λέγω,
180 762 249 798 πρὸς
262 764 295 791 τὰ
312 764 402 790 ἐκεῖσε
418 765 606 800 μεταϐάσεως.
623 768 807 804 Πατριάρχαι,
828 770 875 796 καὶ

79 807 232 843 παρῆλθον·
257 810 415 846 προφῆται,
435 811 485 838 καὶ
515 813 661 847 μετῆλθον·
679 815 799 851 πατέρες
827 816 875 843 καὶ

83 851 214 887 μητέρες,
228 853 276 880 καὶ
287 854 464 888 ἀπεγένοντο·
480 856 589 891 ἀδελφοὶ
603 859 649 884 καὶ
663 859 735 893 φίλοι
748 861 796 887 καὶ
808 869 874 895 συγ-
892 855 912 882 Β

79 899 181 931 γενεῖς,
197 899 245 925 καὶ
259 900 444 935 παρέδραμον.
461 903 494 928 Τί
516 903 544 930 δὲ
563 903 702 938 βασιλεῖς;
728 905 755 931 τί
779 906 807 933 δὲ
827 915 876 933 σα·

79 943 203 978 τράπαις
220 945 247 972 τί
261 945 290 972 δὲ
306 946 452 981 ἀρχοντες;
466 947 493 975 τι
506 948 535 975 δέ
552 950 628 977 πᾶσα
644 951 747 986 ἡλικία,
760 952 807 978 καὶ
820 954 874 980 πᾶν

79 990 160 1023 γένος
172 989 317 1026 ἀνθρώπου
328 1000 336 1024 ;
352 991 420 1027 Οὐχὶ
431 993 532 1025 πάντες
547 994 600 1021 ὑπὸ
613 995 666 1029 γῆν
678 996 816 1030 γεγόνασι,
827 998 875 1023 καὶ

79 1035 243 1070 γενήσονται
263 1036 362 1071 μικρὸν
390 1037 505 1073 ὕστερον
529 1040 561 1066 ἐκ
585 1040 639 1075 γῆς
664 1041 779 1075 φύντες;
802 1042 875 1069 Ἀλλ’

80 1075 133 1105 ὦδε
149 1079 180 1105 τὸ
197 1079 374 1115 ζητούμενον·
393 1082 436 1109 τνα
451 1083 540 1116 καλῶς
550 1084 585 1111 τὰ
601 1085 719 1113 ἐνταῦθα
738 1087 874 1122 ἀμείψαν-

79 1132 138 1156 τες,
153 1124 201 1151 καὶ
215 1125 283 1160 πρὸς
295 1125 327 1152 τὸ
343 1125 467 1163 βούλημα
484 1128 531 1155 τοῦ
548 1130 730 1165 πεποιηκότος
746 1132 814 1158 Θεοῦ
825 1134 876 1167 ἐμ-

79 1171 318 1206 πολιτευσάμενοι,
342 1173 390 1200 τοῦ
407 1175 497 1201 ἐκεῖσε
514 1175 705 1210 φοϐερωτάτου
730 1179 875 1214 κριτηρίου

78 1217 131 1252 τὴν
153 1218 326 1252 παράστασιν
345 1219 528 1256 ἀκατάκριτον
558 1222 730 1258 εὑρήσωμεν·
757 1225 825 1260 ὅπερ
845 1227 875 1252 τὸ

79 1262 216 1298 ὑμέτερον
244 1263 340 1291 τέκνον
364 1265 493 1299 ἀσφαλῶς
517 1267 564 1294 καὶ
581 1267 699 1302 βεὸαίως
712 1268 812 1304 εὕρατο
828 1270 876 1297 καὶ

79 1309 273 1346 ἐπιτετύχηκε.
292 1311 436 1347 Μακάριος
450 1312 515 1348 γὰρ,
538 1314 631 1349 φησὶν,
644 1316 658 1342 ὁ
682 1316 712 1342 ἐν
733 1318 876 1351 γεννητοῖς

79 1355 221 1390 γυναικῶν
235 1355 379 1390 ὸλιγόόιος,
402 1358 449 1384 καὶ
464 1358 493 1384 ὃν
517 1359 532 1385 ὁ
549 1359 653 1395 Κύριος
669 1360 810 1394 ἐξελέξατο
828 1362 876 1388 καὶ

80 1401 267 1436 προσελάϐετο
282 1402 310 1428 ἐν
326 1402 424 1440 πρώτῃ
449 1404 552 1440 ἡλικίᾳ,
570 1405 608 1441 μὴ
621 1407 804 1441 πειρασθέντα
819 1407 875 1434 τῶν

80 1446 192 1481 πικρῶν
206 1447 415 1482 ἁμαρτημάτων
429 1448 477 1475 τοῦ
493 1450 556 1485 τῇδε
572 1450 641 1485 βίου.

122 1492 234 1527 Ἐξῆλθε
254 1494 300 1519 καὶ
320 1494 440 1528 ἀπῆλθεν
459 1496 473 1522 ό
492 1495 588 1531 κύριος
609 1497 766 1533 Σωτήριχος
779 1507 873 1535 φερω-

77 1538 174 1574 νύμως
190 1540 219 1565 ἐν
233 1539 364 1576 σωτηρίᾳ.⁸
378 1540 445 1576 ἤχου
456 1541 639 1577 ἑορταζόντων
652 1544 874 1581 καταξιούμενος,
890 1544 911 1572 C

78 1584 268 1619 ἀγαλλιάσεως
290 1585 485 1622 ἀνεκλαλήτου,
512 1589 738 1625 συναριθμήσεως
762 1591 817 1618 τῶν
843 1593 872 1618 ἐν

79 1630 192 1662 κόλποις
207 1630 334 1665 ’Δὸραάμ
347 1631 561 1668 ἀναπαυομένων
581 1634 689 1670 βρεφῶν
704 1636 801 1671 ἀγίων·
820 1646 873 1673 μη-

79 1676 141 1703 κέτι
168 1676 303 1703 δουλεύων
319 1677 407 1714 φθορᾷ
432 1678 479 1705 καὶ
508 1680 602 1714 σαρκὶ,
627 1681 759 1717 ἀῖδιότητι
774 1683 871 1712 συνών.

87 1720 229 1748 Ἐντεῦθεν
241 1720 391 1756 βουλόμεθά
408 1730 438 1748 σε
457 1722 606 1763 λαμβάνειν
620 1725 670 1757 τὰς
681 1726 810 1761 ἀφορμὰς
823 1727 873 1763 τῆς

80 1755 266 1802 παρηγορίας,
284 1755 410 1793 ἐντεῦθεν
431 1767 480 1799 τὰς
494 1755 712 1806 παρακλήσεις..
727 1755 810 1799 έενοῦ
827 1755 874 1806 δηί

82 1811 215 1847 μιουργὺς
241 1812 423 1847 εὐφροσύνης,
453 1813 502 1840 καὶ
530 1813 702 1852 θεραπευτὴς
731 1817 762 1844 οὐ
793 1818 874 1853 μόνον

80 1857 194 1889 σαυτοῦ,
211 1857 279 1884 ἀλλά
305 1858 353 1885 καὶ
379 1858 430 1893 τῆς
451 1859 549 1895 κυρίας
573 1861 623 1897 τῆς
639 1862 806 1898 σπαθαρίας,
824 1866 874 1900 τῆς

81 1902 203 1937 μάλιστα
218 1903 349 1939 δεομένης
363 1904 484 1940 ἰατρείας
498 1907 545 1933 καὶ
561 1908 770 1944 παρακλήσεως,
785 1910 829 1937 διὰ
843 1912 874 1938 τι

82 1949 182 1984 μικρὸν
195 1950 356 1985 περιπαθές’
368 1947 428 1978 εἶτα
444 1952 492 1978 καὶ
506 1952 560 1980 τῶν
573 1952 675 1980 λοιπῶν
690 1955 874 1991 διαφερόντων

81 2002 137 2021 σοι’
150 1995 188 2025 ὡς
200 1995 233 2022 ἂν
248 1995 358 2032 δειχθῇς
370 1997 404 2024 τὰ
418 1997 478 2024 θεῖα
493 2000 720 2035 πεπαιδευμένος,
731 2003 779 2029 καὶ
804 2003 874 2031 Θεοῦ

79 2040 158 2075 νόμῳ
173 2040 368 2076 κρατούμενος·
383 2042 430 2069 καὶ
444 2042 522 2075 εἰδὼς
534 2044 585 2071 ποῦ
603 2054 668 2072 ποτε
682 2046 765 2083 ἀπῄει
780 2048 794 2074 ὁ
808 2048 875 2083 μεθ-

81 2087 228 2121 ιστάμενος
246 2093 253 2101 ⁸
278 2087 325 2115 καὶ
351 2088 471 2124 μάλιστα
495 2090 542 2117 ἐπὶ
565 2091 613 2118 τοῦ
629 2091 677 2119 σοῦ
707 2093 875 2128 γλυκυτάτου

79 2132 191 2159 τέκνου·
210 2133 252 2160 ὅτι
273 2134 328 2160 οὐκ
340 2135 380 2167 είς
399 2134 525 2169 θάνατον,
536 2137 598 2164 οὐδὲ
614 2138 655 2170 είς
669 2138 699 2165 τὸ
712 2139 750 2175 μὴ
765 2139 806 2174 ὃν,
817 2141 875 2168 ἀλλ’

80 2178 122 2210 είς
141 2178 216 2215 ζωὴν
237 2179 356 2213 αἰώνιον,
371 2181 418 2208 καὶ
432 2183 472 2214 είς
487 2182 554 2210 Θεὸν
570 2183 617 2212 τὸν
633 2184 668 2211 τὰ
687 2186 778 2213 πάντα
798 2188 876 2222 ποιή-

82 2232 181 2251 σαντα·
195 2225 244 2252 καὶ
259 2225 298 2258 ὡς
312 2225 345 2253 ἃν
361 2228 572 2264 παραδειχθείης
599 2231 732 2265 πατράσι,
744 2231 792 2258 καὶ
807 2233 874 2259 πᾶσι
891 2225 913 2252 ι)

80 2273 138 2304 τοῖς
148 2272 298 2308 γνωρίμοις
308 2273 356 2300 καὶ
368 2275 586 2310 συνειλεγμένοις
600 2277 630 2303 ἐν
643 2278 675 2312 τῇ
688 2277 791 2314 κηδείᾳ,
809 2279 874 2306 ὑπό-

80 2317 184 2352 δειγμα
198 2317 291 2349 καλὸν.
304 2319 363 2354 μετ’
371 2320 548 2356 εὐχαριστίας
558 2322 606 2348 καὶ
622 2323 802 2359 σωφροσύνης
817 2324 876 2351 δια-

82 2363 177 2398 φέρειν
194 2363 244 2396 τὰς
258 2363 312 2390 τῶν
325 2365 428 2392 τέκνων
441 2366 588 2400 ἀποϐολάς,
603 2369 651 2395 καὶ
667 2368 705 2404 μὴ
716 2369 875 2398 ἀντιτείνειν

82 2408 152 2435 Θεοῦ
164 2410 222 2441 τοῖς
236 2411 458 2446 προστάγμασιν.

92 2467 143 2494 18⁷.
165 2481 202 2488 -
215 2469 294 2503 Πρὸς
321 2469 354 2496 τὸ
372 2470 547 2541 now-32,3017
562 2471 640 2499 λαοῦ
661 2471 874 2506 Ἀγησάρχου.

928 225 956 253 in
971 226 1092 255 ﬂuminis
1109 229 1202 264 lapsu,
1219 229 1282 264 quia
1301 237 1365 264 pars
1379 238 1431 257 una
1447 231 1574 263 recessit,
1595 231 1679 259 altera
1696 233 1723 259 in

927 271 1016 300 locum
1052 275 1205 308 successit,
1228 283 1330 311 genere
1358 284 1408 311 per
1433 277 1636 305 successionem
1668 286 1723 305 non

926 318 1110 353 subsistente,
1127 322 1175 349 sed
1199 330 1247 357 per
1266 322 1326 350 dies
1354 323 1477 358 singulos
1501 325 1723 358 praetervolante,

926 364 963 391 ita
988 366 1033 400 qui
1053 367 1192 401 genitores
1213 372 1323 395 nostros
1347 373 1512 403 genuerunt,
1544 373 1571 396 et
1583 369 1626 397 Itis
1640 377 1725 404 supe—

926 410 1014 438 riores
1029 421 1037 438 :
1061 419 1227 448 sursumque
1238 414 1364 449 relegens
1378 414 1447 441 ratio
1462 414 1495 441 ad
1511 414 1620 442 initium
1637 424 1724 450 usque

925 457 1077 490 perveniet,
1103 463 1131 486 et
1145 465 1240 486 contra
1262 459 1434 487 descendens
1453 461 1486 487 ad
1508 460 1627 487 universi
1643 460 1724 487 finem

926 503 1130 537 progredietur:
1145 504 1179 531 Et
1191 513 1242 531 non
1257 510 1305 536 est,
1317 506 1363 540 qui
1380 507 1456 537 vivet,
1472 511 1502 533 nt
1516 507 1648 541 scriptum
1660 510 1703 533 est
1714 518 1722 530 ν

925 551 1021 574 etnon
1050 548 1146 575 videbit
1171 556 1281 577 mortem
1301 550 1335 576 ".
1364 549 1491 578 Praesens
1517 559 1581 578 vero
1614 556 1722 584 status,

926 600 1028 620 munus
1051 594 1188 627 quoddam
1211 600 1253 623 est
1282 595 1437 628 definitum,
1461 601 1489 623 ct
1508 597 1562 623 diei
1580 597 1659 624 unius
1671 605 1722 624 ne-

926 638 1057 673 gotiatio:
1071 643 1130 666 tum
1142 640 1241 668 deinde
1256 642 1348 668 statim
1363 642 1396 669 ad
1412 650 1459 669 sua
1476 642 1599 676 reditus;
1617 643 1651 670 ab
1668 643 1721 674 his.

927 685 1048 718 inquam,
1073 685 1106 712 ad
1121 685 1166 713 illa
1191 687 1390 722 commigratio.
1416 687 1582 716 Patriarchm
1601 689 1678 721 olim,
1694 694 1723 716 et

927 730 1124 758 transierunt:
1154 733 1314 766 prophetae.
1340 738 1367 760 et
1401 734 1528 762 abierunt
1550 743 1557 761 :
1579 739 1669 769 patres
1695 739 1723 762 et

925 779 1042 808 matres,
1066 780 1094 804 et
1108 784 1169 804 esse
1184 777 1342 806 desierunt:
1369 778 1467 806 fratres
1481 784 1508 806 et
1520 780 1598 806 amici
1615 785 1643 807 et
1658 788 1724 814 pm-

926 820 1032 855 pinqui,
1047 826 1075 849 et
1087 823 1256 857 praetervecti
1271 828 1345 851 sunt.
1361 823 1431 857 Quid
1451 833 1533 860 porro
1546 834 1623 861 reges
1634 826 1645 852 ?
1656 827 1721 861 quid

927 868 1063 901 satrapas?
1075 868 1140 903 quid
1156 869 1313 904 principes?
1340 871 1405 905 quid
1421 875 1486 898 aetas
1497 872 1588 898 omnis
1601 877 1627 898 et
1640 880 1723 899 omne

927 919 1013 946 genus
1027 912 1167 940 hominum
1179 914 1190 940 ?
1204 913 1302 942 Nonne
1315 923 1411 943 omnes
1425 916 1476 943 sub
1491 921 1590 943 terram
1610 917 1723 944 ierunt?

926 961 954 984 et
980 958 1062 992 paulo
1077 966 1138 986 mox
1154 959 1251 992 ibunt,
1277 968 1339 988 cum
1356 969 1387 988 ex
1402 966 1472 988 terra
1496 961 1548 989 orti
1571 963 1645 989 sint?
1668 963 1721 989 Sed

926 1003 979 1030 hoc
1005 1003 1138 1031 nimirum
1163 1009 1206 1032 est
1218 1005 1290 1039 quod
1319 1006 1470 1041 quatritur;
1499 1011 1529 1034 ut
1541 1007 1613 1034 hanc
1638 1008 1721 1035 vitam
1762 1017 1767 1019 λ

926 1053 1001 1076 recte
1040 1051 1241 1085 transigentes,
1274 1056 1302 1079 et
1326 1060 1359 1079 ex
1384 1052 1432 1080 Dei
1457 1054 1607 1081 conditoris
1634 1054 1721 1081 nostri

925 1093 1065 1121 voluntate
1100 1100 1315 1129 conversantes,
1338 1098 1409 1132 apud
1439 1098 1720 1127 formidolosissimum

925 1139 991 1167 illud
1015 1141 1133 1168 tribunal
1156 1142 1411 1171 condemnationem
1432 1145 1625 1173 declinemus:
1649 1147 1720 1181 quod

926 1185 999 1213 filius
1014 1190 1106 1214 vester
1122 1187 1181 1214 sine
1193 1187 1277 1215 dubio
1290 1195 1321 1215 ac
1334 1189 1488 1217 certissime
1496 1196 1659 1219 consecutus
1669 1198 1719 1219 est.

926 1229 1025 1258 Beatus
1052 1231 1137 1263 enim,
1161 1232 1209 1264 ait,
1236 1233 1307 1260 inter
1323 1237 1403 1261 natos
1423 1234 1569 1262 mulierum
1582 1256 1589 1267 ,
1610 1236 1652 1262 cui
1668 1235 1721 1263 vita

925 1277 1018 1305 brevis
1034 1282 1087 1310 est,
1104 1283 1132 1305 et
1150 1286 1231 1313 quem
1249 1278 1379 1306 Dominus
1394 1280 1475 1316 elegit
1488 1285 1515 1307 et
1528 1282 1675 1317 assumpsit
1693 1282 1720 1309 in

926 1323 1013 1358 prima
1036 1328 1133 1356 aetate,
1166 1331 1222 1351 non
1255 1328 1388 1352 tentatum
1417 1326 1516 1353 amaris
1549 1327 1631 1362 hujus
1658 1327 1721 1355 vitae

925 1370 1058 1405 peccatis.

960 1497 1084 1525 Excessit
1095 1502 1122 1525 ct
1142 1497 1209 1525 abiit
1221 1498 1348 1526 dominus
1363 1498 1534 1531 Soterichus,
1554 1500 1658 1527 nomini
1671 1508 1721 1527 suo

928 1548 1119 1578 congruenter,
1135 1544 1162 1570 in
1175 1544 1263 1571 salute
1278 1553 1285 1577 ;
1301 1544 1400 1571 festum
1414 1545 1484 1572 diem
1498 1545 1637 1580 agenlium
1653 1554 1721 1573 sono

924 1589 1022 1624 dignus
1038 1589 1158 1623 habitus,
1179 1590 1360 1617 exsultatione
1374 1591 1571 1625 inexplicabili,
1588 1600 1721 1627 aggrega-

924 1638 968 1661 tus
982 1635 1016 1662 ad
1030 1635 1204 1669 quiescentes
1217 1635 1245 1662 in
1260 1635 1375 1663 Abrahae
1386 1635 1446 1663 sinu
1463 1640 1572 1663 sanctos
1586 1636 1720 1670 infantes,

923 1680 998 1707 carni
1013 1684 1040 1708 et
1066 1681 1233 1716 corruptioni
1255 1689 1309 1708 non
1327 1682 1443 1716 amplius
1468 1682 1602 1714 serviens,
1629 1682 1722 1710 fruens

923 1725 1087 1753 aeternitate.
1113 1726 1182 1753 lliuc
1197 1732 1354 1762 argumenta
1373 1728 1578 1761 consolationis,
1593 1729 1658 1756 hinc
1671 1728 1723 1756 do-

923 1771 989 1799 loris
999 1771 1151 1799 levamenta
1164 1780 1261 1807 capere
1270 1776 1296 1800 te
1304 1773 1437 1800 volumus.
1445 1773 1546 1801 Auctor
1556 1779 1614 1801 esto
1621 1774 1722 1802 laetitiae

924 1821 951 1844 et
965 1822 1086 1850 curator,
1097 1826 1151 1845 non
1166 1819 1202 1845 tui
1215 1819 1305 1850 modo,
1317 1819 1363 1846 sed
1379 1819 1495 1846 dominae
1527 1827 1636 1854 quoque
1652 1828 1723 1855 spa—

925 1863 1029 1896 lharim,
1044 1871 1105 1899 qum
1119 1864 1261 1891 curatione
1290 1869 1316 1892 et
1337 1865 1434 1892 solatio
1449 1865 1484 1892 ob
1504 1866 1627 1899 exiguam
1654 1866 1722 1892 tole-

924 1909 1041 1936 rantiam
1059 1908 1205 1944 plurimum
1221 1913 1300 1944 eget;
1317 1916 1348 1936 ac
1368 1909 1536 1944 reliquorum
1557 1909 1657 1936 deinde
1673 1908 1720 1936 tibi

924 1954 1134 1990 coniunctorum
1153 1963 1160 1981 :
1184 1962 1219 1982 ne
1245 1955 1373 1982 ostendas
1402 1960 1428 1982 te
1445 1955 1545 1982 divinis
1563 1955 1698 1982 imbutum
1713 1974 1721 1985 ,

924 2000 1028 2035 Deique
1046 2000 1097 2036 legi
1112 2001 1306 2034 obsequentem
1322 2009 1329 2032 ς
1343 2008 1393 2027 nec
1403 2000 1527 2035 ignarum
1540 2008 1595 2035 quo
1612 2000 1721 2027 tandem

926 2046 1029 2074 abierit
1042 2046 1088 2082 qui
1103 2046 1230 2082 migravit
1244 2055 1251 2079 ;
1263 2054 1295 2073 ac
1307 2051 1370 2073 tuus
1381 2046 1533 2081 praesertim
1548 2045 1723 2073 dulcissimus

926 2092 997 2119 filius
1011 2101 1019 2125 ;
1033 2092 1105 2127 quod
1119 2100 1175 2119 non
1198 2092 1232 2119 ad
1255 2097 1369 2119 mortem
1383 2111 1392 2124 ,
1419 2100 1509 2127 neque
1533 2092 1567 2119 ad
1594 2091 1721 2123 nihilum,

924 2138 973 2166 sed
987 2138 1020 2166 ad
1035 2139 1117 2165 vitam
1134 2138 1340 2172 sempiternam,
1358 2143 1386 2165 et
1399 2138 1433 2165 ad
1449 2137 1534 2165 Deum
1555 2138 1603 2172 qui
1630 2137 1722 2164 omnia

926 2184 1030 2211 creavit
1042 2192 1049 2210 :
1063 2188 1144 2219 atque
1162 2189 1192 2211 ut
1206 2184 1307 2211 eximio
1327 2185 1459 2219 patribus,
1481 2183 1607 2218 notisque
1633 2183 1723 2210 omni-

927 2231 979 2258 bus
993 2230 1096 2258 funeris
1115 2238 1196 2258 causa
1214 2231 1372 2258 convocatis
1399 2230 1437 2258 sis
1453 2229 1590 2264 exemplo,
1617 2233 1645 2256 ul
1660 2236 1723 2255 cum

929 2276 1075 2312 gratiarum
1091 2277 1200 2303 actione
1212 2279 1241 2303 et
1259 2276 1400 2304 moderate
1419 2276 1568 2303 liberorum
1587 2275 1724 2302 orbitates

928 2321 1028 2354 ferant,
1045 2321 1198 2357 divinisque
1212 2322 1335 2357 imperiis
1350 2330 1405 2349 non
1417 2325 1581 2358 repugnent.

980 2478 1052 2505 XIX.
1064 2494 1097 2499 —
1109 2478 1246 2506 Communi
1273 2478 1364 2514 populi
1378 2478 1587 2506 Antisarcltenais
1599 2478 1632 2505 ".

607 2564 645 2591 De
660 2565 781 2591 Marciano
793 2569 903 2598 apostata
912 2569 955 2599 qui
962 2568 991 2592 ad
1001 2574 1045 2593 eos
1053 2569 1193 2594 dlverterat.

119 2614 276 2650 Γραμματα
291 2616 441 2652 ἐδεξάμεθα
459 2618 536 2653 παρὰ
554 2619 604 2654 τῆς
619 2619 777 2656 τιμιότητος
801 2620 878 2656 ὑμῶν

84 2660 152 2693 περὶ
164 2659 212 2686 τοῦ
233 2659 355 2696 μαθητοῦ
372 2661 461 2697 ἡμῶν,
475 2662 523 2689 τοῦ
548 2663 632 2691 πάλαι
659 2664 877 2700 ἀποδράσαντος,

85 2707 134 2732 καὶ
146 2705 177 2732 ἐν
192 2706 249 2738 τοῖς
264 2707 367 2739 αὐτόθι,
382 2708 433 2734 οὑκ
446 2707 493 2735 οἷδ’
502 2709 586 2742 ὅπως,
597 2709 704 2745 ἀμαθίᾳ
718 2710 764 2737 καὶ
774 2711 879 2737 ἀνοσιό-

86 2759 151 2787 τητι
169 2752 395 2788 προσδεχθέντος,
411 2755 460 2781 καὶ
484 2755 513 2782 ἐν
533 2756 574 2782 ἐν).
593 2755 684 2791 ἄντρῳ
709 2756 770 2783 οὺνὶ
797 2765 878 2792 μονα-

129 2830 152 2846 ¹¹
172 2830 243 2858 Psal.
260 2839 388 2866 ιηινιιι,
404 2833 448 2861 49.
487 2834 510 2850 ⁵³
530 2833 559 2861 F.
580 2834 762 2862 Amitaremis

965 2622 1082 2650 Litteras
1098 2622 1281 2650 venerationis
1297 2627 1394 2650 vestrze
1408 2622 1564 2657 accepimus
1588 2621 1621 2648 de
1638 2620 1721 2648 disci-

929 2669 994 2702 pulo
1011 2672 1115 2701 nostro,
1135 2669 1181 2704 qui
1201 2670 1336 2705 quondam
1353 2668 1466 2703 aufugit,
1490 2668 1558 2695 etin
1575 2666 1634 2693 istis
1655 2666 1722 2698 oris,

929 2714 1025 2741 nescio
1041 2722 1096 2749 quo
1110 2720 1191 2750 pacto
1206 2736 1214 2748 ,
1233 2723 1282 2750 per
1306 2715 1470 2750 imperitiam
1487 2718 1514 2740 et
1535 2712 1611 2739 nefas
1643 2718 1723 2738 recc-

928 2763 1002 2794 ptus,
1019 2759 1047 2787 in
1059 2764 1138 2788 antro
1148 2760 1275 2796 quodam,
1288 2767 1342 2787 non
1362 2759 1568 2792 monasterium,
1581 2757 1627 2784 sed
1640 2756 1722 2785 vitio-
