1924 3077
200 115 252 148 967

199 181 260 202 rum
280 173 438 209 speluncam
458 174 603 207 exstruxit,
622 179 651 202 ut
666 175 740 203 hunc
756 175 897 202 absolvere
924 176 993 203 veli-
1007 179 1032 207 Α

199 228 271 247 nius.
286 219 320 247 Et
332 219 424 252 brevis
437 225 480 247 est
491 221 643 255 responsio.
671 220 823 248 Marcianus
839 221 991 256 discipulus

200 272 304 299 noster,
323 267 411 294 donec
423 267 458 294 ad
480 267 675 294 monasterium
687 275 767 294 suum
785 268 888 301 redeat,
900 268 928 295 in
945 275 999 303 quo

200 313 414 340 renunliationis
438 321 495 340 suae
522 318 600 348 pacta
619 313 672 340 Deo
688 318 757 341 teste
771 313 882 348 pepigit,
902 313 1000 349 ligatus

200 360 398 394 damnatusque
414 359 544 392 manebit,
565 363 593 386 et
607 359 800 387 communione
811 379 818 392 ,
832 359 908 394 juxta
930 360 1000 387 divi—

200 413 252 433 nos
261 414 330 440 quos
339 405 586 440 scripsitcanones,
597 406 734 440 indignus.
743 405 802 432 Non
815 405 886 433 enim
897 413 911 432 a
921 405 1000 434 nobis

202 452 335 479 intentata
343 457 385 479 est
396 451 581 481 comminatio.
594 451 642 478 sed
653 459 668 478 a
682 451 810 478 Patribus
831 451 878 478 Dei
896 450 998 486 Spiritu

201 499 309 526 adlatis.
319 499 404 534 Ilujus
415 506 481 534 ergo
492 498 606 526 salutem
618 498 640 525 si
651 498 759 530 amatis,
769 497 915 525 hortamini
928 501 958 524 ut
965 497 999 524 ad

202 553 249 572 sua
262 545 363 572 redeat.
375 543 460 577 Quem
472 551 522 570 nos
533 543 695 578 pmnilentia
706 543 829 575 ductum,
845 549 1000 570 reversum.

201 597 255 623 que
266 588 387 623 paternis
411 588 563 615 visceribus
578 587 702 621 excipere
716 586 801 621 parati
816 594 922 618 sumus,
939 594 1000 613 om-

202 636 333 669 niumque
347 638 499 661 erratorum
508 633 616 660 veniam
629 632 667 659 illi
675 632 750 659 dare.
760 632 995 665 Quemadmodum

201 681 275 709 enim
292 680 349 707 fieri
359 688 413 707 non
424 683 524 714 potest,
538 679 603 713 quin
615 679 675 706 ovis
689 686 704 705 a
714 678 828 705 mandra
843 686 892 705 sua
906 678 999 705 avulsa

201 731 230 754 et
241 726 371 753 aberrans
382 725 500 752 ferarum
518 725 616 759 prada:
626 724 798 758 subjiciatur,
826 724 867 752 sic
881 731 896 750 a
907 731 1001 750 mona-

202 772 288 799 sterio
300 771 406 798 nefarie
428 771 581 806 digressum
593 778 640 797 sua
653 773 796 805 sponte,et
809 769 838 796 in
847 769 907 797 loco
918 777 999 804 quem

203 818 336 845 Dominus
358 825 413 844 non
427 817 523 852 aspicit
538 817 713 848 residentem,
727 824 742 843 a
754 815 924 843 daemonibus
937 815 997 850 capi

202 871 316 891 necesse
329 869 380 891 est.
398 864 471 891 Illius
482 872 547 899 ergo
564 863 631 891 cella
647 863 802 890 daemonum
817 868 860 890 est
882 862 996 896 latebra,
1014 856 1035 883 Β

202 909 326 943 decipula
339 909 504 939 animarum.
518 909 611 936 schola
622 909 777 940 mulierum,
789 909 880 936 omnis
900 908 997 943 nequi-

202 955 248 982 tiae
266 955 371 983 ofﬁcina
387 964 394 982 :
408 955 578 990 quibuslibet
595 955 686 982 verbis
701 954 834 987 modisve,
851 959 898 982 aut
924 954 994 989 ipse,

203 1006 251 1029 aut
265 1010 325 1033 vos,
353 1009 414 1036 quae
438 1001 511 1028 dicta
537 1005 621 1033 sunt,
641 1001 814 1028 dissimulare
848 1000 995 1028 conemini.

202 1048 292 1081 Quare
307 1047 329 1074 si
340 1048 510 1082 obtemperet
520 1052 547 1074 et
562 1047 767 1081 obtemperetis,
784 1047 913 1081 praeclare
933 1054 996 1074 cum

202 1093 326 1129 utrisque
346 1097 450 1128 agetur.
474 1097 504 1120 ut
520 1093 639 1120 divinam
658 1092 872 1127 indignationem
900 1092 1002 1119 minas-

202 1147 256 1173 que
279 1138 402 1166 evadatis
418 1146 426 1165 :
441 1138 482 1165 sin
510 1138 601 1164 minus
615 1158 621 1169 ,
640 1137 801 1172 pervicacia:
824 1142 921 1164 vestra:
945 1137 1003 1164 fru-

203 1189 264 1211 ctus
273 1184 308 1210 ob
317 1184 412 1210 oculos
424 1184 553 1211 cernetis.
568 1183 731 1210 Benedictus
745 1187 836 1210 autem
853 1191 869 1210 a
885 1183 1001 1210 Domino

203 1230 393 1257 sanctissimus
410 1230 567 1264 episcopus,
586 1229 631 1263 qui
649 1229 723 1264 leges
738 1228 877 1258 observat.
893 1233 921 1255 et
945 1228 999 1254 im-

203 1276 279 1311 pium
299 1276 393 1311 procul
409 1280 493 1303 arcet.
522 1276 614 1310 Neque
644 1275 717 1302 enim
742 1274 916 1301 ordinatione
945 1273 1000 1301 ullo

204 1323 285 1349 modo
302 1322 399 1357 dignus
415 1326 468 1354 est,
487 1322 613 1356 quamvis
629 1321 683 1348 huc
698 1325 863 1348 revertatur.
881 1320 999 1355 Perspe-

204 1373 246 1395 (ιιι)
265 1367 338 1394 enim
352 1367 418 1394 mibi
436 1367 495 1400 ejus
509 1372 574 1394 sunt
593 1366 695 1398 omnia,
721 1373 804 1401 supra
828 1373 909 1400 quam
934 1365 998 1400 ipsi,

205 1418 235 1440 ut
255 1413 301 1448 qui
323 1413 382 1447 ejus
400 1417 477 1447 pater
490 1412 599 1439 fuerim.

797 120 826 149 S.
842 119 1038 150 THEODORI
1054 121 1124 152 STU
1130 122 1227 152 DlT/E

1791 125 1843 156 9‘38

1047 177 1167 213 στήριον,
1178 179 1246 206 ἀλλά
1265 179 1412 215 λῃστήριον
1428 180 1533 207 ’παθῶν
1555 180 1785 216 ἀναδειμαμένου·
1800 183 1843 210 ἵνα

1049 223 1146 250 τοῦτον
1163 223 1266 255 λύσεως
1287 225 1459 260 ἀξιώσωμεν.
1475 226 1530 253 Kal
1545 226 1678 262 σύντομος
1693 228 1710 262 ἠ
1727 229 1845 263 ἀπόκρι-

1051 278 1104 300 σις.
1123 270 1283 306 Μαρκιανὸς
1299 271 1313 297 ὁ
1330 270 1455 306 μαθητὴς
1471 271 1551 307 ἡμῶν
1566 272 1619 304 ἕως
1634 273 1667 299 ἂν
1681 274 1844 309 ὑποστρέψῃ

1050 315 1080 342 ὲν
1095 315 1134 350 τῷ
1150 316 1245 352 οἰκείῳ
1263 318 1448 353 μοναστηρίῳ,
1468 318 1498 345 ὲν
1511 315 1533 352 ᾧ
1549 318 1598 350 τὰς
1613 320 1752 354 συνθήκας
1767 320 1845 346 ἔθετο

1051 361 1104 387 ὑπὸ
1127 362 1245 397 μάρτυρι
1267 362 1327 397 Θεῷ
1341 363 1390 398 τῆς
1405 363 1546 398 ἀποταγῆς
1561 364 1655 396 αὑτοῦ,
1679 365 1757 391 ἐσται
1771 365 1846 391 δεδε-

1051 407 1133 441 μένος
1158 407 1203 434 xal
1228 408 1465 443 κατακεκριμένος
1489 409 1535 434 καὶ
1557 408 1666 441 ἀνάξιος
1681 410 1732 444 τῆς
1746 418 1845 436 κοινω-

1050 452 1120 486 νίας,
1137 453 1198 480 καθ’
1217 453 1265 485 οὓς
1284 453 1388 489 ἔγραψε
1414 454 1622 486 Θεοκελεύστους
1650 455 1780 486 κανόνας.
1806 456 1845 482 Hi

1050 498 1104 534 γάρ
1129 498 1160 531 ἐξ
1179 499 1258 535 ἡμῶν
1284 500 1300 535 ὴ
1331 499 1514 536 ἀπηρτημένη
1530 500 1642 536 ἀπειλὴ,
1657 500 1715 527 ἀλλ’
1736 502 1770 528 ὲκ
1786 501 1847 528 θεο-

1049 544 1190 572 πνεύστων
1215 545 1354 581 Πατέρων.
1382 546 1483 573 Τοῦτον
1508 547 1598 573 τοίνυν
1621 547 1700 582 εῖπερ
1716 547 1846 581 ἀγαπᾶτε

1051 590 1197 622 σώζεσθαι.
1205 591 1386 626 νουθετήσατε
1398 591 1635 628 ἀνθυπονοστῆσαι
1647 593 1688 624 εἰς
1697 593 1733 620 τὰ
1744 594 1845 621 οἰκεῖα.

1053 637 1102 663 "Ov
1117 638 1199 672 ἡμεῖς
1213 638 1445 673 μεταμελόμενον,
1457 639 1506 666 xal
1519 640 1735 675 ὑποστρέφοντα,
1746 650 1846 676 πατρι-

1050 684 1108 715 κοῖς
1130 683 1293 719 σπλάγχνοις
1317 684 1421 719 ἕτοιμοί
1447 685 1532 719 ὲσμεν
1563 685 1766 717 ὑποδέξασθαι.
1796 686 1846 712 καὶ

1051 728 1228 764 συγχωρῆσαι
1245 729 1333 756 πάντα
1350 730 1386 756 τὰ
1411 730 1595 766 ἡμαρτημένα
1610 730 1694 766 αὐτῷ.
1720 731 1765 762 Ὠς
1789 731 1845 766 γὰρ

1049 774 1099 800 οὑκ
1110 775 1167 802 ἐστι
1184 775 1321 810 πρόϐατον
1335 776 1367 802 ὲκ
1378 777 1426 811 τῆς
1441 775 1508 807 ιδίας
1520 776 1641 811 μάνδρας
1652 777 1844 803 ἀποσπασθὲν-

1050 820 1097 846 xal
1122 819 1327 856 ἀποπλανηθὲν,
1351 821 1389 856 μὴ
1417 821 1586 856 θηριάλωτον
1602 821 1845 856 γενέσθαιόὖτως

1050 868 1096 895 τὸν
1111 868 1164 894 ἀπὸ
1180 868 1365 904 μοναστηρίου
1391 868 1569 904 ἐξερχόμενον
1586 869 1694 904 ἀνόμως
1709 869 1738 895 ὲν
1752 870 1792 904 τῷ
1807 871 1846 896 ol-

1051 914 1117 949 κείῳ
1130 915 1263 949 θελήματι
1283 915 1331 941 καὶ
1348 915 1378 941 ὲν
1397 915 1475 950 τύπῳ
1486 912 1516 942 οὖ
1532 916 1582 942 οὐκ
1594 916 1740 942 ἐπισκοπεῖ
1752 916 1767 943 ὁ
1789 916 1846 943 Κύ-

1052 970 1107 996 ριος
1122 961 1315 995 καθεζόμενον,
1331 960 1369 996 μὴ
1386 961 1440 987 ὑπὸ
1462 961 1597 996 δαιμόνων
1613 961 1726 989 ἀλῶναι.
1747 962 1784 988 Τὸ
1798 960 1847 988 οὖν

1050 1006 1156 1033 κελλίον
1170 1005 1266 1038 αὑτοῦ,
1289 1005 1392 1040 φωλεὸς
1412 1007 1471 1032 ἐστι
1487 1006 1634 1042 δαιμόνων,
1650 1007 1846 1042 ἀγρευτήριον,

1050 1051 1154 1086 ψυχῶν,
1171 1051 1368 1087 παιδευτήριον
1381 1051 1532 1084 γυναικῶν,
1549 1052 1640 1087 πάσης
1663 1052 1780 1087 ἀνομίας
1799 1052 1847 1086 ἐρ-

1050 1098 1208 1134 γαστήριον·
1224 1099 1276 1125 κᾶν
1292 1098 1395 1129 ὁποίοις
1411 1094 1444 1124 ἂν
1460 1098 1551 1132 λόγοις
1566 1098 1614 1125 xal
1627 1098 1751 1133 τρόποις,
1765 1098 1782 1132 ἦ
1798 1098 1848 1124 αὒ-

1048 1144 1095 1176 τδς
1118 1144 1135 1179 ἢ
1163 1144 1242 1178 ὑμεῖς
1271 1143 1426 1178 μεθοδεύειν
1442 1143 1575 1179 πειρᾶσθε
1594 1142 1629 1169 τὰ
1648 1142 1794 1178 λεγόμενα.
1816 1143 1848 1168 Et

1049 1188 1097 1216 οὖν
1112 1189 1246 1216 ὑπακούει
1269 1188 1315 1215 καὶ
1340 1187 1504 1219 ὑπακούετε,
1519 1186 1548 1215 εὖ
1565 1187 1598 1215 ἂν
1611 1187 1667 1223 ἔχοι
1680 1187 1848 1222 ἀμφοτέροις

1053 1235 1168 1271 φυγοῦσι
1186 1235 1234 1267 τὰς
1250 1234 1326 1266 θείας
1349 1234 1436 1270 ὁργὰς
1464 1234 1512 1260 καὶ
1526 1234 1650 1265 ἀπειλάς
1667 1232 1732 1259 εἰδὲ
1746 1233 1784 1268 μή
1803 1241 1847 1266 γε,

1054 1281 1151 1318 Βψεσθε
1167 1281 1298 1308 ἀπέναντι
1314 1281 1368 1307 τῶν
1385 1279 1533 1315 ὀφθαλμῶν
1545 1280 1622 1315 ὑμῶν
1635 1280 1698 1311 τοὺς
1711 1281 1763 1315 τῆς
1776 1288 1848 1314 παρ-

1011 1347 1017 1353 .
1053 1327 1139 1363 ακοῆς
1163 1326 1240 1362 ὑμῶν
1267 1325 1402 1361 καρπούς.
1422 1326 1452 1352 '0
1469 1326 1497 1352 δὲ
1517 1325 1668 1360 ἀγιὼτατος
1697 1326 1848 1356 ἐπίσκοπος

1054 1372 1237 1408 εὐλογημένος
1252 1372 1326 1398 ἐστὶν
1354 1371 1406 1398 ὑπὸ
1421 1371 1536 1406 Κυρίου,
1552 1370 1642 1406 τηρῶν
1659 1371 1721 1401 τοὺς
1736 1370 1847 1405 νόμους,

1056 1419 1103 1446 καὶ
1117 1419 1163 1445 τὸν
1178 1419 1285 1446 ἀνόσιον
1299 1418 1393 1454 πὸῥρω
1410 1427 1461 1444 που
1471 1417 1588 1444 διώκων.
1605 1417 1641 1443 Ού
1654 1417 1707 1452 γὰρ
1728 1425 1849 1452 χειροτο-

207 1471 267 1502 νίας
280 1470 354 1503 ἄξιος
368 1470 398 1497 τδ
414 1470 542 1502 καθόλου,
556 1470 609 1497 κᾶν
624 1468 742 1496 ἐνταῦθα
755 1467 924 1504 ὑποστρέψῃ.
937 1465 1003 1494 Οἶδα
1021 1468 1075 1501 γὰρ
1089 1467 1124 1493 τὰ
1156 1465 1239 1493 αὐτοῦ
1271 1466 1341 1501 ὑπὲρ
1362 1466 1467 1492 ἐκεῖνον
1482 1464 1575 1498 αὑτὸν,
1592 1465 1685 1500 πατὴρ
1702 1463 1785 1491 αὐτοῦ
1801 1472 1849 1498 γε·

205 1518 302 1550 γονὼς.

362 1574 421 1601 XX.
432 1588 467 1594 ——
479 1573 611 1608 Pimtphio
627 1577 652 1601 et
676 1572 748 1600 Mari
762 1572 838 1607 ﬁliis.

1104 1569 1144 1595 ις’.
1163 1568 1358 1602 -Πινοιιφίῳ
1375 1567 1424 1594 καὶ
1441 1566 1528 1601 Μάρῃ
1543 1566 1670 1598 τέκνοις.
1689 1563 1769 1601 [λη’.]

698 1641 700 1643 ι
730 1631 762 1656 Ut
772 1631 880 1657 redeant
889 1630 920 1656 ad
934 1625 1112 1653 monasterium
1123 1626 1189 1651 unde
1200 1626 1357 1656 aufugerunt.

241 1687 390 1717 Consilium
408 1692 467 1715 erat
490 1687 600 1714 ad-vos
625 1693 680 1713 non
699 1686 833 1719 scribere,
856 1689 1000 1721 propterea
1015 1686 1038 1716 ς

205 1736 276 1771 quod
293 1734 420 1763 secundm
444 1733 543 1760 littera:
569 1736 666 1760 vestrm
695 1739 757 1759 cum
781 1732 918 1767 prioribus
945 1738 1000 1758 non

205 1781 423 1810 consentiebant.
441 1779 549 1806 Priorcs
560 1778 670 1813 quidem
688 1778 841 1805 celerrimae
862 1777 1001 1812 paeniten-

207 1828 252 1855 tiie
288 1827 448 1860 reditusque
472 1825 506 1852 ab
524 1832 576 1851 nos
597 1823 773 1859 sponsionem
803 1823 1001 1854 continebant;

206 1872 376 1907 posteriores
397 1878 464 1898 vero
493 1869 615 1896 abnuere
637 1876 686 1896 vos
710 1873 738 1896 et
755 1876 884 1895 recusare
907 1873 1003 1895 osten-

206 1917 285 1945 dunt.
315 1917 406 1951 Atque
434 1915 486 1942 hoc
516 1919 545 1942 et
567 1914 632 1941 illud
661 1915 801 1941 causando
831 1913 1001 1948 praetexitis,

205 1971 258 1991 nec
286 1962 378 1997 potius
404 1968 526 1988 errorem
552 1965 675 1988 vestrum
699 1959 822 1987 veritatis
852 1959 944 1986 studio
963 1958 1003 1986 fa-

207 2008 312 2040 temini,
344 2007 441 2034 ﬂentes
463 2014 495 2034 ac
517 2006 642 2034 dolentes
670 2006 705 2034 ob
726 2013 757 2033 ea
773 2013 834 2040 quae
857 2012 1002 2040 perperam

207 2052 391 2080 commisistis.
404 2052 432 2079 Si
446 2059 512 2087 ergo
524 2059 574 2079 vos
585 2050 711 2087 paenitet,
727 2050 882 2085 residctque
907 2051 933 2077 in
954 2059 1002 2078 vo-

206 2099 248 2126 bis
264 2098 379 2126 scintillu
411 2097 516 2125 timoris
531 2097 589 2130 Dei,
614 2097 739 2124 excitans
756 2096 839 2123 corda
865 2100 955 2123 vestra
968 2096 1002 2124 ad

208 2145 405 2179 promissiones
419 2147 447 2170 et
469 2147 558 2178 pacta,
581 2150 642 2177 qua:
661 2142 715 2169 Deo
732 2142 866 2176 nobisque
892 2141 925 2168 ad
945 2146 1002 2168 tre-

208 2191 336 2217 mendum
351 2190 411 2225 ejus
425 2189 555 2221 tribunal,
573 2188 689 2216 testibus
717 2187 821 2222 angelis
832 2191 860 2214 et
871 2187 1003 2214 fratribus

208 2235 354 2265 universis.
372 2234 443 2270 pacti
459 2235 535 2266 eslis,
562 2234 632 2261 bene
646 2233 728 2260 habet
746 2242 752 2258 :
768 2240 860 2267 neque
881 2233 935 2259 huc
956 2237 1003 2260 aut

208 2282 272 2309 illuc
285 2281 459 2316 respexeritis
475 2289 481 2312 ;
497 2279 545 2307 sed
574 2279 700 2314 protinus
717 2279 833 2313 abrupto
857 2278 928 2313 quod
948 2278 1003 2305 dae-

209 2335 273 2355 mon
291 2327 387 2361 injecit
397 2326 505 2361 vinculo
520 2325 621 2360 proprii
637 2333 735 2352 sensus
745 2332 776 2352 ac
790 2324 934 2356 libertatis,
947 2330 1003 2357 quo

209 2379 258 2397 vos
272 2359 389 2404 decepit,
403 2377 436 2397 ex
446 2359 578 2397 coenobio
587 2377 634 2396 vos
647 2369 806 2400 extrudens,
819 2373 847 2395 et
861 2368 1000 2395 adducens
1014 2359 1040 2389 D

209 2416 244 2442 ad
262 2415 331 2447 loca,
346 2423 407 2450 quae
424 2415 557 2442 Dominus
569 2423 624 2442 non
645 2414 767 2449 respicit.
785 2414 845 2446 Quo
865 2413 937 2441 enim
954 2421 1002 2448 pa-

209 2465 256 2488 cto
266 2461 396 2494 respiciat
408 2460 443 2488 ad
454 2465 610 2488 sanctorum
624 2459 709 2495 ipsius
721 2459 910 2486 mandatorum
924 2465 1002 2485 ever-

211 2507 341 2534 sionem?
361 2506 456 2533 Vcnite
475 2506 509 2533 ad
549 2513 600 2533 nos
618 2526 625 2538 ,
650 2505 742 2532 venite
755 2525 761 2537 ,
783 2504 865 2531 corde
884 2504 1003 2531 contrito

210 2557 292 2587 atque
309 2552 406 2579 humili
425 2559 562 2583 sermone,
580 2556 609 2578 ut
620 2550 757 2578 diversam
769 2557 785 2577 ιι
800 2549 913 2585 pristina
939 2549 1003 2577 vitae

213 2598 345 2625 rationem
363 2597 473 2625 ineatis.
498 2597 576 2624 Prior
591 2596 664 2623 enim
679 2596 745 2623 laeva
758 2595 819 2628 fuit,
835 2603 896 2630 quae
921 2595 1004 2622 tacita

211 2644 314 2671 sensim
336 2644 503 2670 relaxatione
526 2643 635 2670 ferocia:
656 2646 752 2668 vestra:
771 2646 800 2668 et
814 2641 1004 2674 contumaciae,

213 2690 246 2717 ad
267 2690 412 2724 apostasia:
440 2689 589 2724 perniciem
613 2696 662 2715 vos
688 2687 817 2722 abripuit.
847 2687 912 2720 Nos}
927 2694 1003 2720 vero,

214 2741 372 2772 peccatores
397 2736 469 2767 licet,
487 2735 609 2770 paternis
626 2734 777 2762 visceribus
808 2740 857 2760 vos
883 2732 1005 2767 excipie-

215 2790 287 2814 mus,
308 2782 437 2809 humilem
454 2782 573 2809 animam
590 2785 711 2807 nostram
731 2779 766 2806 ad
786 2784 904 2806 mortem
919 2786 1006 2813 usque

218 2831 396 2862 exponentes,
413 2831 442 2854 ut
455 2832 560 2854 vestras
577 2830 605 2853 et
621 2825 740 2853 animiet
755 2823 877 2858 corporis
889 2823 1003 2851 infirmi-

1089 1682 1147 1709 Οὐκ
1156 1681 1307 1716 ὲὸουλόμην
1324 1681 1389 1715 ὑμῖν
1404 1680 1567 1712 ἐπιστεῖλαι,
1582 1679 1627 1707 διὰ
1643 1680 1674 1706 τὸ
1687 1680 1722 1707 τὰ
1734 1681 1850 1716 δεύτερα

1049 1729 1204 1765 γράμματα
1227 1728 1305 1762 ὑμῶν
1330 1729 1366 1765 μὴ
1384 1729 1540 1762 συμφωνεῖν
1554 1727 1612 1758 τοῖς
1637 1728 1793 1762 προτέροις.
1810 1728 1850 1754 Ta

1052 1774 1102 1809 μὲν
1124 1774 1246 1809 πρότερα
1273 1773 1442 1808 ἐπαγγελίαν
1455 1771 1527 1808 εἶχον
1546 1772 1679 1807 ταχίστης
1706 1773 1850 1808 μεταγνώ-

1051 1829 1121 1852 σεως
1140 1820 1188 1847 καὶ
1213 1819 1347 1850 ἐλεύσεως
1368 1819 1437 1856 πρὸς
1452 1819 1539 1854 ἡμᾶς·
1553 1818 1588 1845 τὰ
1601 1818 1630 1845 δὲ
1643 1818 1770 1854 δεύτερα,
1785 1819 1848 1846 ἀνά·

1051 1875 1143 1894 νευσιν
1155 1867 1202 1892 xal
1215 1865 1385 1901 ἀνατροπὴν.
1399 1865 1454 1891 Kal
1470 1865 1512 1891 ὅτι
1525 1865 1753 1900 επαφορμίζεσθε
1770 1865 1851 1892 τοῦτο

1051 1913 1099 1940 καὶ
1114 1913 1204 1939 ἐκεῖνο
1217 1920 1224 1928 ·
1244 1912 1291 1939 καὶ
1303 1911 1363 1947 οὐχὶ
1392 1911 1492 1947 μᾶλλον
1509 1912 1539 1937 ἐν
1554 1912 1670 1946 ἀληθείᾳ.
1691 1912 1850 1946 ὁμολογεῖτε

1039 1958 1081 1984 ποὺ
1104 1959 1228 1992 πταῖσμα
1245 1957 1334 1992 ὑμῶν,
1358 1957 1522 1992 θρηνοῦντες
1547 1957 1593 1983 καὶ
1613 1957 1847 1992 μεταμελόμενοι,

1052 2004 1095 2038 ἐφ’
1114 2001 1154 2035 οἷς
1176 2003 1269 2035 κακῶς
1287 2004 1458 2038 πεπράχατε.
1485 2003 1516 2029 Ei.
1540 2000 1587 2029 οὖν
1616 2003 1784 2037 μετανοεῖτε,
1802 2004 1851 2029 καὶ

1052 2050 1127 2076 ἔστιν
1153 2051 1182 2076 ὲν
1209 2050 1274 2084 ὑμῖν
1302 2048 1418 2083 σπινθὴρ
1442 2049 1523 2083 φόϐου
1543 2048 1624 2081 Θεοῦ,
1638 2049 1782 2076 ἀνακαίων
1800 2050 1850 2080 τὰς

1051 2096 1165 2130 καρδίας
1183 2095 1260 2130 ὑμῶν
1276 2096 1317 2126 εἰς
1340 2095 1371 2126 ἃς
1386 2095 1522 2122 δεδώκατε
1548 2094 1696 2130 ὁμολογίας
1723 2095 1771 2122 καὶ
1789 2104 1850 2122 συν-

1052 2141 1139 2177 θήκας
1158 2141 1218 2176 Θεῷ
1233 2149 1263 2167 τε
1289 2141 1337 2167 καὶ
1351 2142 1428 2177 ἡμῖν,
1444 2141 1491 2167 ἐπὶ
1513 2141 1559 2168 τοῦ
1577 2141 1694 2178 φοϐεροῦ
1723 2141 1850 2177 βήματος

1053 2187 1147 2216 αὑτοῦ,
1165 2187 1218 2213 ὑπὸ
1236 2188 1371 2222 μάρτυσιν
1391 2187 1517 2221 ἀγγέλοις
1533 2188 1579 2214 καὶ
1592 2188 1668 2223 πάσῃ
1681 2189 1714 2223 τῇ
1738 2188 1851 2220 ἀδελφο-

1051 2242 1126 2267 τητι.
1147 2231 1175 2259 εὖ
1192 2232 1312 2268 ἀνέχοι·
1328 2233 1374 2258 xal
1393 2233 1460 2267 μηδὲ
1485 2233 1610 2259 ἐντεῦθεν
1629 2233 1696 2271 μηδὲ
1720 2233 1851 2259 ἐντεῦθεν

1054 2279 1238 2313 ὲπιῦλὲψησθε
1251 2286 1258 2293 ”
1276 2279 1343 2305 ἀλλὰ
1359 2279 1498 2313 συντόμως
1513 2279 1713 2315 διαρρήξαντες
1730 2280 1781 2314 τὴν
1796 2280 1851 2305 ἀπὺ

1055 2325 1102 2352 τοῦ
1117 2326 1243 2360 δαίμονος
1260 2325 1418 2360 συμπλοκὴν
1431 2326 1480 2360 τῆς
1496 2325 1686 2359 προσπαθείας
1709 2326 1790 2360 ὑμῶν
1804 2327 1851 2352 καὶ

1056 2372 1225 2406 ίδιορυθμίας
1236 2392 1243 2405 ,
1296 2371 1472 2406 πεπλάνηκεν
1497 2372 1569 2408 ὑμᾶς
1586 2372 1710 2398 ἐκϐαλὼν
1725 2372 1775 2398 τοῦ
1794 2381 1852 2398 κοι-

1055 2417 1156 2444 νοῦίου.
1172 2418 1219 2443 καὶ
1237 2418 1377 2453 περιάγων
1392 2418 1464 2451 ὑμᾶς
1480 2419 1521 2449 είς
1535 2419 1636 2449 τόπους
1659 2417 1706 2449 οὒς
1722 2418 1773 2444 οὑχ
1789 2419 1850 2443 επι-

1058 2464 1155 2489 σκοπεῖ
1168 2462 1270 2498 Κύριος
1283 2463 1353 2498 (πῶς
1369 2463 1424 2497 γὰρ
1436 2463 1469 2489 ἂν
1479 2464 1526 2490 καὶ
1540 2464 1715 2498 ὲπισκοπήσῃ
1730 2463 1776 2488 ἐπ’
1786 2463 1850 2489 ἀοεη

1055 2508 1133 2543 τήσει
1150 2507 1205 2534 τῶν
1218 2507 1303 2541 ἁγίων
1318 2507 1400 2534 αὐτοῦ
1417 2508 1562 2542 ὲντολῶνς)
1579 2508 1665 2543 ἧκατε
1683 2508 1752 2543 πρὸς
1763 2509 1849 2541 ἡμᾶς.

1055 2553 1141 2588 ῆκατε
1156 2554 1184 2580 ἐν
1199 2554 1418 2588 συντετριμμένῃ
1436 2552 1536 2588 καρδία
1551 2554 1598 2580 καὶ
1621 2553 1695 2587 λόγῳ
1723 2561 1851 2579 τεταπει-

1053 2599 1178 2634 νωμένῳ,
1199 2599 1266 2634 πρὸς
1281 2598 1312 2625 τὸ
1323 2599 1402 2625 ἄλλον
1416 2599 1489 2634 ὑμᾶς
1509 2599 1566 2634 βίον
1581 2598 1764 2625 ἀναλαϐέσθαι
1778 2598 1849 2634 ὑπὲρ

1052 2645 1098 2671 τὸν
1125 2645 1266 2680 πρότερον.
1288 2645 1319 2671 '0
1345 2645 1399 2680 γὰρ
1424 2645 1557 2680 πρότερος
1572 2645 1666 2677 σκαιὸς
1681 2643 1715 2680 ἦν
1741 2646 1773 2672 ἐκ
1797 2645 1848 2678 τῆς

1053 2689 1124 2716 κατά
1137 2690 1236 2725 μικρὸν
1247 2690 1411 2725 χαυνώσεως
1432 2691 1601 2726 θρασύτητος
1619 2691 1697 2725 ὑμῶν
1710 2691 1759 2717 καὶ
1772 2691 1847 2718 ἀντι-

1053 2735 1157 2769 λογίας,
1172 2735 1324 2770 ὑπαγαγὼν
1341 2737 1413 2771 ὑμᾶς
1434 2737 1508 2772 αὐτῷ
1520 2737 1569 2772 τῆς
1584 2737 1755 2768 ἁποστασίας
1776 2737 1849 2763 πτώ-

1056 2789 1131 2816 ματι.
1164 2781 1218 2808 Καὶ
1242 2782 1322 2816 ἡμεῖς
1343 2782 1395 2808 κᾶν
1417 2782 1575 2817 ἁμαρτω).οί
1600 2783 1694 2817 ἐσμεν,
1723 2783 1782 2809 ἀλλ’
1800 2781 1847 2808 οὖν

1058 2826 1221 2861 σπλάγχνοις
1245 2828 1388 2862 πατρικοῖς
1408 2827 1612 2863 προσδεξόμεθα
1636 2828 1719 2863 ὑμᾶς,
1738 2828 1787 2856 xal
1798 2829 1846 2864 τὴν
