1924 3077
81 188 133 221 969

696 179 965 222 EPISTOLAHUM
984 191 1055 241 [ιβ.
1076 191 1099 220 I.

1664 187 1714 218 970

80 243 186 272 ἑαυτῶν
201 243 333 280 ταπεινὴν
348 244 436 280 ψυχὴν
454 245 534 281 μέχρι
547 246 663 272 θανάτου
686 247 870 280 ὺποτιθὲντες,

927 252 992 274 lates
1017 234 1174 274 toleremus.
1204 244 1299 281 Neque
1319 246 1391 273 enim
1412 253 1448 273 ex
1469 252 1522 279 quo
1553 235 1621 280 lapsi
1637 244 1713 276 estis,

81 291 120 323 εἰς
137 290 168 317 τὸ
183 289 373 317 ἀναϐαστάσαι
385 290 463 326 ὑμῶν
482 291 517 317 τὰ
531 291 711 327 ἀσθενήματα
732 293 803 319 κατὰ
816 293 870 327 ψυ-

80 337 131 372 χήν
143 345 173 362 τε
188 336 236 363 καὶ
254 336 344 371 σῶμα,
361 337 398 363 υὺ
412 336 467 371 γὰρ
481 336 512 368 ἐξ
528 337 590 363 ὅτου
607 338 828 374 ἀπωλισθὴσατε,
842 340 871 365 ἐν

80 383 232 418 ἀμεριμνια
248 382 401 418 γεγόναμεν
414 392 421 398 ·
437 382 531 418 ὥσπερ
547 383 609 410 οὐδὲ
636 384 683 411 ἐπὶ
699 384 753 411 τῶν
769 385 868 411 ἄλλων·

78 428 150 455 ἀλλὰ
169 426 326 464 τηκομένην
353 428 452 463 ἔχομεν
479 430 508 455 ὲν
530 430 638 462 ἑαυτοῖς
666 430 716 464 τὴν
732 430 870 466 καρδίαν·

80 474 214 510 καὶπρὸς
228 474 274 501 τὸν
302 473 368 501 Θεὸν
395 474 519 510 αἴροντες
545 475 637 510 φωνὴν
656 475 735 511 ἡμῶν
757 477 870 512 οἰκτρὰν

79 519 128 546 καὶ
152 519 275 555 βέὁηλον.
303 520 347 546 ἵνα
372 520 597 556 ἀνθυπονοστήσῃ
628 521 700 556 ὑμᾶς
731 521 800 557 πρὸς
821 521 870 556 τὴν

81 565 204 601 μάνδραν
219 566 307 601 ὑμῶν,
324 565 475 601 ὲμπνεύσει
491 566 624 601 λογισμοῦ
642 567 797 601 μετανοίας.
816 568 871 594 Καὶ

78 610 183 645 ἐάνπερ
198 612 286 643 οὕτως
299 611 438 646 πράξοιτε,
458 610 634 646 Θεραπεύοιτε
649 611 731 638 πάλιν
745 612 790 638 τὸν
804 611 870 639 Θεὸν

921 294 982 321 sine
1001 301 1066 321 cura
1083 294 1183 321 fuimus
1195 298 1223 321 et
1233 293 1418 321 sollicitudine
1436 292 1470 319 de
1481 292 1568 324 vobis,
1581 291 1651 318 sicut
1665 297 1716 318 nec

920 340 954 367 de
969 339 1037 367 aliis.
1057 340 1127 373 Quin
1146 340 1269 367 extabuit
1282 339 1308 366 in
1326 339 1404 366 nobis
1415 344 1462 366 cor
1475 342 1612 370 nostrum,
1631 337 1716 364 mise-

921 393 1033 420 ramque
1047 393 1078 413 ac
1092 386 1233 421 profanam
1248 393 1342 413 vocetn
1357 389 1477 412 nostram
1490 384 1523 412 ad
1541 385 1630 412 Deum
1644 384 1717 411 tolli-

921 439 993 464 mus,
1007 437 1035 459 ιιι
1056 433 1090 460 ad
1114 433 1256 460 mandram
1272 435 1392 459 vestram
1410 439 1460 459 VOS
1490 435 1600 458 revocet
1618 450 1626 462 ,
1648 438 1716 458 COYI‘

924 477 1017 504 silium
1039 478 1177 513 inspirans
1196 479 1374 514 paenitentiae.
1404 477 1481 510 Quod
1507 477 1553 504 ubi
1577 476 1715 509 feceritis,

925 522 1010 550 Deum
1020 523 1128 556 iterum,
1140 529 1167 552 et
1177 532 1228 552 nos
1240 528 1399 559 peccatores
1407 523 1559 559 placabitis.
1574 523 1632 549 Non
1641 523 1716 550 enim

923 569 1022 602 quaerit
1047 575 1163 597 mortem
1186 570 1350 604 peccatoris,
1375 569 1422 596 sed
1436 574 1465 596 ut
1489 572 1674 600 convertatur,
1689 572 1717 595 et

923 615 1006 642 vivat.

78 655 128 682 καὶ
141 656 214 691 ἡμᾶς
228 657 291 688 τοὺς
323 656 512 692 ἁμαρτωλούς.
547 656 586 683 Ub
609 657 663 691 γὰρ
682 657 760 692 ζητεῖ
788 657 833 684 τὸν
862 658 976 686 θάνατον
1005 661 1052 688 τοῦ
1081 662 1256 698 ἀμαρτωλοῦ,
1277 662 1314 693 ὡς
1349 662 1378 688 τὸ
1403 660 1566 695 ἐπιστρέψαι
1591 659 1639 686 καὶ
1668 659 1717 694 ζῇν

77 700 173 728 αὐτόν.

119 747 320 782 Ἐπιστρέψατε
339 748 396 780 οὖν,
413 748 607 784 ἐπιστρέψατε,
626 750 689 785 πρὶν
714 749 790 785 ἄφνω
813 751 873 778 ἐπι-

79 794 131 828 στῇ
147 792 212 828 ὑμῖν
243 793 364 828 ὄλεθρος,
379 793 470 825 καθὼς
486 793 525 828 τῷ
541 793 688 830 Πετρωνίῳ
698 802 704 809 ·
723 795 772 821 καὶ
793 794 873 830 εὑρε-

77 838 146 874 θῆτε
158 838 224 866 κενὰ
235 839 282 866 καὶ
296 839 412 874 ἀνόνητα
427 840 655 875 μεταμελόμενοι,
668 840 712 866 ὅτε
731 841 782 875 τῆς
809 850 872 876 μετ-

77 884 210 920 αμελείας
227 884 322 920 κέρδος
345 885 433 912 οὐδέν.
459 885 514 912 Ποῦ
543 886 633 912 τοίνυν
659 887 727 912 εἰσὶν
751 887 774 913 οἱ
798 887 872 921 λόγοι

78 936 138 960 σου,
157 929 297 963 Πινούφιε,
323 930 371 956 καὶ
385 929 446 962 σοῦ,
465 930 565 965 Mign;
594 930 745 966 μαρτυρίου
762 931 872 964 ἀγῶνας

77 961 262 1010 ὑποδέχεσθαι
279 961 325 1001 διὰ
340 975 390 1011 τὴν
415 961 582 1002 ταπείνωσιν
594 961 691 1010 ήμῶν.
707 961 873 1011 προεδυμεϊ-
888 961 909 988 Β

79 1020 138 1046 '66:-
168 1020 271 1055 μᾶλλον
292 1019 321 1047 δὲ
338 1020 383 1047 διὰ
404 1020 453 1055 τὴν
471 1021 609 1056 σωτηρίαν
625 1022 676 1057 τὴν
688 1021 722 1048 δι’
737 1022 871 1058 ὑπακοῆς·

77 1067 127 1093 καὶ
151 1065 233 1093 τοῦτο
257 1066 397 1098 πολλάκις
414 1067 463 1093 καὶ
479 1067 567 1102 μικρά
591 1075 634 1099 τις
649 1064 721 1102 αὖρα
747 1067 871 1100 ἐλθοῦσα,

77 1112 224 1148 ὶρριπισεν
240 1113 317 1148 ὑμῶν
329 1112 359 1148 [1⁵.
373 1109 468 1149 ὖμᾶς],
484 1113 522 1144 ὡς
539 1112 571 1140 ἄν
583 1122 644 1140 τινα
659 1114 778 1150 ἀνέμην.
796 1114 874 1140 Ἀνα-

77 1158 196 1193 νήψατε,
213 1158 380 1193 ἐπιϐλέψατε
409 1159 450 1190 εἰς
477 1159 554 1191 Θεὸν,
574 1159 714 1194 φοϐήθητε
739 1160 794 1187 ἀπὸ
819 1160 874 1187 τῶν

78 1204 224 1240 κριμὰτων
238 1205 332 1238 αὑτοῦ,
350 1205 397 1232 καὶ
418 1204 448 1237 ἐξ
475 1201 513 1232 ὧν
532 1205 729 1232 συνεπίστασθε
748 1205 874 1241 πράξεων

78 1250 170 1285 ὑμῶν·
184 1250 226 1277 ὅτι
240 1251 269 1277 ὲν
284 1251 403 1282 ἐκείναις
418 1251 499 1286 μόνον
513 1251 563 1277 οὐκ
577 1251 692 1286 ἀρκετὸς
708 1251 772 1286 ὑμῖν
788 1252 842 1283 πᾶς
860 1253 874 1277 ὁ

78 1296 140 1331 βίος
167 1296 207 1328 εἰς
227 1297 383 1331 μετάνοιαν.
395 1297 428 1323 Τί
445 1297 539 1323 λοιπὸν
567 1297 728 1332 προσθήκας
744 1297 873 1332 ἁμαρτη-

80 1342 178 1377 μάτων
191 1342 371 1377 προστίθεσθε
385 1344 432 1370 ἐπὶ
447 1343 632 1382 ἁμαρτήμασι
643 1343 788 1378 χαλεποῖς;
802 1343 874 1378 Πρὸς

77 1387 110 1414 δὲ
123 1387 155 1413 τὸ
169 1388 274 1422 γρᾶψαι
289 1389 362 1423 ἡμᾶς
377 1389 417 1420 εἰς
431 1389 478 1420 οὓς
494 1389 635 1424 εἰρήκατε,
647 1388 776 1424 ἀσμένως
789 1397 873 1424 προσ-

77 1432 224 1468 δεχθέντες
248 1433 296 1460 καὶ
322 1433 540 1469 ξενοδοχούμενοι
557 1433 603 1460 ὑπ’
616 1433 717 1466 αὐτῶν,
730 1433 810 1460 τοῦτο
825 1433 873 1468 μὲν

77 1479 112 1506 οὐ
131 1479 275 1515 ποιοῦμεν
299 1481 330 1506 οὺ
352 1480 408 1515 γὰρ
423 1480 451 1514 ἐξ
473 1481 552 1515 ἡμῶν
577 1479 703 1515 ἐξήλθετε
728 1480 772 1507 διὰ
793 1479 872 1513 λόγου

77 1525 219 1559 ὑπακοῆς.
238 1525 282 1551 ἵνα
297 1525 435 1561 κρίνωμεν
452 1525 543 1559 ἀξίους
557 1525 701 1561 ὑποδοχῆς.
713 1525 874 1551 Τοὺναντίον

78 1570 110 1597 δὲ
139 1570 395 1606 καταλογιζόμενοι,
412 1571 560 1606 ὁριζόμεοα
576 1572 640 1606 ὑμῖν
651 1570 748 1602 οὕτως.
766 1570 827 1604 ’Λφ“
839 1567 874 1607 ἦς

76 1616 128 1644 οὖν
152 1616 259 1652 ἡμέρας
272 1615 379 1649 δέξεσθε
395 1617 429 1644 τὰ
442 1618 606 1653 γράμματα,
623 1617 808 1652 ἀποκινήσατε
825 1625 871 1644 κα-
888 1633 910 1662 c

76 1662 247 1694 cala66vtec
261 1662 296 1689 τὰ
310 1663 437 1690 ἐνταῦθα.
450 1664 517 1689 Εῐδὲ
525 1663 702 1695 ἀπειθοῦντες
714 1663 874 1698 ἐπιμένητε,

76 1707 152 1743 ὅπερ
169 1709 207 1744 μὴ
223 1708 279 1744 δῴη
293 1710 307 1735 ὁ
321 1709 398 1741 Θεὸς,
413 1709 427 1736 ὃ
442 1709 601 1745 ἀπεύχομαι
617 1729 625 1743 ,
647 1709 709 1736 ἐστὲ
725 1708 875 1744 ἀκοινώνη-

77 1755 133 1785 τοι,
150 1755 384 1789 κατακεκριμένοι
409 1763 439 1781 τε
456 1755 502 1782 καὶ
517 1756 780 1791 καταδεδικασμένοι
800 1756 876 1791 παρὰ

77 1800 198 1836 ἀληθείᾳ
209 1799 368 1837 δικαζούσῃ,
384 1803 582 1837 νενεκρωμένοι
598 1811 627 1828 τε
637 1802 686 1837 τὴν
711 1803 811 1837 ψυχὴν,
829 1803 877 1828 καὶ

77 1845 261 1881 ἐστερημένοι
280 1845 328 1872 τοῦ
359 1846 524 1881 πνεύματος,
552 1848 644 1879 καθὼς
671 1849 685 1874 ὁ
714 1848 803 1882 μέγας
830 1849 876 1874 καὶ

77 1890 155 1922 θεῖος
167 1889 307 1922 Βασίλειος
317 1891 488 1927 ἀπεφήνατο·
502 1892 558 1919 ἀλλ’
569 1893 631 1919 οὔτε
646 1894 670 1919 οἱ
682 1893 873 1928 ὑποδεχόμενοι

77 1936 167 1970 ὑμᾶς.
185 1935 238 1968 ἔξω
261 1937 452 1972 κατακρίσεώς
477 1939 557 1971 εἰσιν,
573 1938 612 1970 ὡς
639 1938 677 1974 μὴ
696 1939 758 1970 τοὺς
785 1938 874 1969 θείους

77 1981 200 2014 κανόνας
220 1981 412 2015 φυλάττοντες.

225 2037 292 2066 ΚΧ-
304 2054 339 2060 ·-
356 2042 478 2077 Συμεὼν
488 2043 647 2077 μονάζοντι
662 2043 729 2080 (19).
748 2042 821 2080 [λδα]

960 752 1222 787 Rcvertiminiergo,
1240 751 1419 784 revertimini,
1439 751 1595 785 priusquam
1605 754 1717 784 repente

923 797 1099 832 superveniat
1122 796 1198 823 vobis
1227 795 1371 826 interitus,
1400 794 1471 822 sicut
1507 793 1657 825 Petronio;
1690 795 1718 820 et

922 841 1061 869 incassum
1072 845 1099 868 et
1114 840 1173 867 sine
1186 839 1276 867 fructu
1287 840 1381 867 dolere
1396 846 1445 866 vos
1460 838 1596 870 sentiatis,
1608 837 1718 872 quando

921 888 1092 923 poenitentiae
1124 886 1231 914 lucrum
1261 885 1366 913 nullum
1397 885 1459 913 erit.
1490 884 1542 912 Ubi
1566 892 1632 912 vero
1653 886 1718 911 sunt

922 935 1056 970 promissa
1087 939 1151 966 tua,
1177 932 1313 968 Pinuphi,
1334 936 1362 960 et
1386 928 1566 964 tua,Ma‘res?
1595 927 1715 967 martyrii

925 980 1075 1008 certamina
1089 979 1160 1007 inire
1172 979 1330 1014 gestiebatis
1341 981 1453 1014 propter
1474 978 1636 1005 tenuitatem
1665 985 1717 1005 no:

925 1031 1022 1058 stram,
1035 1026 1078 1054 vel
1107 1026 1199 1061 potius
1224 1030 1337 1061 propter
1357 1025 1472 1053 salutem
1499 1032 1559 1059 qua:
1588 1032 1637 1059 per
1652 1024 1717 1052 obes

925 1071 1056 1099 dientiam
1080 1071 1253 1106 requiritur:
1276 1071 1357 1105 idque
1382 1070 1561 1104 frequenter:
1592 1074 1620 1096 et
1635 1077 1717 1104 parva

925 1117 1048 1152 quaedam
1077 1122 1143 1143 aura
1158 1123 1218 1147 vos,
1232 1116 1306 1142 velut
1320 1114 1458 1149 stipulam,
1471 1114 1645 1142 disturbavit.
1661 1114 1716 1140 Ex-

925 1160 1123 1197 pergiscimini,
1148 1161 1234 1189 Deum
1258 1161 1397 1196 respicite,
1426 1159 1528 1195 judicia
1555 1160 1614 1192 ejus
1632 1159 1716 1194 perti-

925 1207 1048 1238 mescite,
1072 1207 1114 1234 vel
1136 1215 1169 1234 ex
1189 1206 1288 1234 vestris
1308 1205 1462 1234 actionibus
1483 1212 1598 1240 quarum
1613 1205 1716 1232 conscii

925 1253 1001 1284 estis,
1029 1252 1102 1287 quod
1115 1253 1151 1280 ob
1171 1260 1218 1280 eas
1242 1253 1315 1279 solas
1329 1256 1386 1279 tota
1407 1251 1463 1279 vita
1484 1258 1538 1278 non
1551 1250 1666 1278 sufﬁciat
1683 1246 1716 1277 ad

925 1299 1126 1334 penitentiam.
1149 1298 1220 1331 Quid
1235 1298 1270 1326 de
1298 1301 1400 1325 cmtero
1413 1298 1597 1325 additamenta
1620 1304 1716 1332 peccas

925 1349 1014 1372 torum
1037 1344 1164 1380 gravibus
1179 1343 1299 1379 peccatis
1317 1342 1477 1378 adjecistis?
1492 1341 1526 1370 Ut
1541 1349 1607 1369 vero
1620 1341 1655 1368 ad
1669 1347 1717 1368 eos

925 1389 1092 1421 scribamus,
1123 1396 1191 1424 quos
1219 1388 1402 1424 significastis,
1429 1388 1502 1422 quod
1520 1387 1637 1422 benigne
1669 1392 1718 1415 vos

926 1435 1096 1470 receperint,
1124 1439 1151 1462 et
1165 1435 1285 1470 hospitio
1300 1433 1460 1466 invitarint;
1491 1433 1518 1461 id
1533 1433 1643 1468 quidem
1667 1432 1717 1459 mi-

926 1481 999 1508 nime
1016 1480 1149 1508 facimus:
1165 1481 1228 1516 quia
1238 1488 1269 1507 ex
1285 1479 1446 1507 obedientiaa
1460 1483 1528 1506 nutu
1541 1487 1555 1506 a
1573 1478 1650 1506 nobis
1661 1485 1715 1506 non

925 1527 1039 1559 exiistis,
1068 1532 1098 1554 ut
1126 1527 1244 1561 hospitio
1274 1526 1370 1562 dignos
1400 1524 1564 1560 iudicemus,
1590 1526 1638 1553 sed
1649 1533 1715 1553 con:

926 1573 1039 1600 trarium
1063 1579 1174 1607 prorsus
1200 1571 1362 1603 sentientes,
1392 1571 1428 1597 ita
1456 1570 1533 1597 vobis
1558 1570 1714 1598 edicimus:

929 1626 983 1654 quo
999 1627 1030 1646 ex
1044 1619 1088 1646 die
1104 1619 1208 1645 litteras
1221 1617 1391 1652 acceperitis.
1402 1617 1456 1644 huc
1470 1616 1559 1644 redire
1577 1616 1715 1643 festinate.

927 1667 1004 1700 Quod
1026 1667 1048 1694 si
1074 1671 1248 1694 contumaces
1275 1665 1469 1700 perstiteritis,
1495 1664 1567 1699 quod
1586 1672 1639 1691 non
1654 1669 1717 1699 per-

926 1714 1016 1740 mittat
1028 1713 1110 1746 Deus,
1126 1712 1199 1747 quod
1213 1719 1350 1744 exsecror,
1367 1710 1595 1739 excommunicati
1612 1713 1715 1739 estote.

927 1757 1045 1786 convicti
1072 1763 1099 1785 et
1125 1757 1302 1785 condemnati
1326 1756 1430 1792 judicio
1456 1756 1589 1789 veritatis,
1616 1755 1715 1782 mortui

927 1805 1027 1837 anima,
1045 1809 1072 1831 et
1087 1804 1184 1838 spiritu
1201 1804 1304 1835 orbati,
1318 1802 1549 1838 quemadmodum
1562 1808 1677 1837 magnus
1685 1806 1717 1828 ac

929 1851 1039 1878 divinus
1066 1850 1182 1877 Basilius
1199 1849 1403 1885 pronuntiavit:
1429 1848 1477 1876 sed
1502 1856 1590 1883 neque
1605 1848 1651 1883 qui
1670 1852 1718 1875 vos

929 1896 1109 1930 exceperint,
1133 1901 1209 1922 extra
1235 1895 1491 1922 condemnationem
1513 1897 1593 1927 sunt,
1618 1898 1646 1921 ut
1671 1894 1717 1928 qui

928 1941 1034 1967 divinos
1047 1947 1166 1967 canones
1181 1948 1236 1967 non
1252 1940 1410 1967 observent.

1139 2042 1207 2068 XXI.
1225 2034 1341 2068 Sim-mni
1360 2043 1498 2069 monacho.

589 2103 627 2127 De
637 2102 747 2134 Josepbo
759 2103 882 2134 deposito.
902 2104 1002 2135 (Baron.
1017 2109 1056 2126 an.
1068 2101 1125 2130 808,
1137 2107 1161 2124 ιι.
1174 2099 1225 2129 lt.)

115 2151 274 2188 Ἔγνωμεν,
294 2150 317 2180 ὦ
334 2147 435 2188 Πάτερ,
453 2153 500 2180 καὶ
522 2153 566 2180 διὰ
590 2153 646 2180 τῶν
670 2154 873 2190 προλαϐόντων,

75 2195 138 2230 οἷος
154 2199 205 2225 καὶ
219 2198 311 2233 ἡλίκος
326 2198 442 2233 γέγονας
455 2199 524 2234 πρὸς
533 2199 583 2234 τὴν
597 2200 763 2228 ταπείνωσιν
784 2201 873 2236 ήμῶν’

74 2244 110 2271 ὲν
129 2244 200 2271 πᾶσι
214 2245 272 2276 τοῖς
295 2244 482 2280 πμὸεόηκόσι
501 2244 637 2279 θλιϐεροῖς
663 2246 801 2281 όμαλίζων
828 2247 876 2273 καὶ

74 2289 228 2317 διευθετῶν
243 2290 333 2318 πάντα
348 2290 417 2326 πρὸς
433 2291 464 2317 τὺ
483 2290 631 2322 λυσιτελές.
655 2286 749 2326 ’Ίσμεν
773 2292 803 2318 δὲ
829 2293 876 2319 καὶ

76 2335 130 2362 νῦν
154 2335 308 2371 περίλυπόν
322 2344 352 2362 σε
375 2336 419 2362 διὰ
435 2336 485 2371 τῆς
501 2337 668 2370 ἐπαγγελίας
692 2336 739 2363 τοῦ
759 2337 873 2371 ἀδελφοῦ

74 2380 249 2416 γεγενῆσθαι
275 2382 304 2408 ὲν
320 2382 377 2413 τοῖς
404 2382 627 2418 παρισταμένας.
645 2382 726 2409 Ἀλλὰ
740 2383 766 2409 τί
778 2384 872 2410 πάθω-

77 2435 145 2462 μεν;
164 2427 206 2454 ὅτι
223 2427 319 2463 ἐντολὴ
335 2427 404 2454 Θεοῦ
418 2428 574 2463 πρόκειται,
589 2429 636 2455 καὶ
649 2430 762 2460 κανόνες
778 2431 877 2464 Πατρι-

75 2472 127 2497 xei.
152 2471 333 2506 ἀπείργοντες
356 2472 430 2507 ἡμᾶς
451 2473 484 2499 ὲκ
508 2473 557 2508 τῆς
572 2473 700 2509 τοιαύτης
718 2475 872 2505 κοινωνίας.

72 2512 147 2544 ’Ὧδε
162 2517 193 2544 δὲ
217 2517 315 2552 φθάσοι
330 2519 347 2554 ἡ
358 2519 453 2554 ταχεῖα
465 2518 535 2554 ῥοπή
550 2528 608 2553 σου,
626 2519 674 2546 καὶ
690 2521 706 2555 ἡ
727 2521 878 2556 εἰλικρινής

75 2571 131 2589 σου
143 2563 217 2598 πρὸς
227 2563 273 2590 τὸν
285 2562 351 2590 Θεδν
366 2565 414 2591 καὶ
423 2565 497 2600 ἡμᾶς
507 2566 569 2597 τοὺς
581 2566 762 2602 ἁμαρτωλοὺς
773 2567 875 2602 σχέσις.

75 2608 133 2636 ’lv‘
148 2608 248 2644 ὥσπερ
271 2610 335 2636 τινὰ
357 2612 505 2646 τρικυμίαν
520 2612 687 2647 μεταγάγοις
703 2613 747 2640 τὸν
779 2620 877 2648 πειρα-

75 2653 166 2688 σμὸν,
185 2654 235 2681 καὶ
265 2655 432 2689 γαληνιάσης
460 2657 507 2692 τὴν
539 2659 658 2694 ταραχὴν
683 2659 737 2686 τῶν
757 2659 877 2685 εὐσεὸὦν

120 2712 145 2728 ⁵¹
167 2712 269 2740 Ezech.
284 2717 380 2744 χχχιιι,
398 2714 443 2742 Il.

961 2154 993 2181 Et
1006 2157 1086 2180 antea
1098 2151 1297 2187 perspeximus,
1308 2150 1398 2183 Pater,
1406 2150 1478 2185 quis,
1486 2149 1627 2185 qualisque
1636 2150 1720 2178 fueris

925 2207 990 2235 erga
1009 2198 1190 2226 humilitatem
1208 2201 1328 2224 nostram
1342 2196 1368 2223 in
1385 2196 1512 2223 omnibus
1524 2195 1648 2223 adversis
1659 2203 1721 2230 qua:

925 2246 1005 2274 nobis
1016 2245 1185 2277 acciderunt,
1199 2251 1261 2271 cum
1279 2242 1365 2270 lenire
1383 2250 1415 2269 ea
1430 2243 1572 2275 studeres,
1591 2245 1618 2269 et
1628 2242 1718 2269 omnia

924 2292 1042 2327 dirigere
1054 2291 1082 2318 in
1098 2294 1219 2317 nostram
1235 2288 1392 2315 utilitatem.
1408 2287 1441 2315 Et
1453 2295 1527 2314 nunc
1543 2287 1720 2314 vehementer

927 2338 1074 2367 sollicitum
1100 2341 1126 2364 te
1144 2342 1206 2363 esse
1230 2334 1333 2362 scimus
1347 2334 1382 2361 ob
1395 2333 1488 2361 fratris
1503 2333 1529 2360 in
1547 2340 1574 2360 re
1591 2333 1719 2367 praesenti

926 2383 1133 2420 professionem.
1159 2380 1261 2408 Verum
1285 2379 1350 2414 quid
1379 2378 1521 2411 faciamus,
1549 2385 1611 2405 cum
1631 2382 1721 2405 exstet

927 2429 974 2457 Dei
990 2428 1158 2458 mandatum,
1180 2430 1208 2453 et
1222 2424 1332 2452 Patrum
1353 2430 1474 2451 canones
1493 2427 1620 2449 arcentes
1631 2429 1680 2449 nos
1704 2429 1720 2449 a

927 2476 973 2504 tali
994 2472 1207 2502 communione?
1232 2471 1291 2498 Huc
1305 2470 1376 2498 adsit
1397 2469 1474 2497 velox
1494 2469 1640 2504 propeusio
1655 2472 1719 2500 tria;

927 2522 1104 2555 sincerusque
1116 2524 1179 2554 erga
1193 2517 1278 2544 Deum
1293 2521 1320 2543 et
1335 2523 1384 2543 nos
1404 2519 1563 2550 peccatores
1577 2514 1693 2541 affectus
1711 2523 1717 2546 ί

928 2573 958 2594 ιιι
983 2571 1112 2602 tanquam
1147 2565 1329 2592 decumanum
1364 2560 1510 2596 quemdam
1539 2560 1650 2587 ﬂuctuat
1676 2567 1720 2586 re-

929 2620 1039 2640 moveas
1073 2610 1261 2642 tentationem,
1299 2607 1511 2642 tranquillesque
1545 2605 1718 2641 agitationem

931 2659 1037 2694 piorum
1051 2657 1222 2685 dominorum
1242 2660 1410 2683 nostrorum.
1426 2653 1484 2680 Non
1498 2652 1570 2679 enim
1588 2651 1719 2678 adversus

853 2766 964 2797 NOTAE.

127 2813 188 2854 (μὴ
203 2814 338 2854 Συμεών-τ
350 2816 388 2854 pe
401 2816 561 2854 multiplich
574 2817 702 2846 Simeone
715 2817 823 2854 Studita
834 2818 875 2844 vi-

78 2848 164 2877 desis
179 2848 299 2878 Leonem
326 2851 455 2879 Allatium
480 2848 507 2880 in
531 2852 651 2880 Diatriba
665 2853 699 2880 de
718 2853 876 2880 Simeonum

81 2885 215 2919 scriptis.
227 2893 290 2921 pag.
310 2884 356 2914 23.
373 2885 410 2915 De
422 2887 550 2915 Sinteone
569 2896 650 2922 porro
670 2887 816 2920 monacho,
832 2887 879 2915 Ni—

243 2937 382 2970 PATROL.
401 2939 460 2970 Gn.
482 2938 595 2970 XCIX.

932 2816 1045 2852 cephori
1078 2817 1256 2851 imperatoris
1270 2816 1490 2852 consanguineo.
1505 2819 1596 2842 sermo
1606 2813 1648 2840 est
1662 2814 1716 2852 nou

932 2850 987 2879 uno
1000 2853 1025 2878 in
1037 2850 1097 2879 loco
1110 2850 1181 2886 apud
1192 2850 1396 2886 Theophanem‘.
1414 2851 1527 2886 Scripta?
1539 2853 1627 2876 autent
1647 2852 1688 2875 cst
1703 2850 1716 2873 rt

932 2885 1077 2915 Theodoro
1091 2885 1148 2914 haec
1163 2885 1276 2922 cpistola
1296 2887 1405 2915 nomine
1422 2885 1555 2912 Platonis.

1473 2930 1506 2965 at
