1924 3077
73 134 127 169 973

688 137 964 169 EPISTOL'ARUM
978 139 1052 169 LIB.
1071 138 1096 168 Ι.

1621 106 1628 117 ’
1658 138 1711 169 974

68 191 118 218 καὶ
134 189 223 217 κοινὸν
240 188 334 224 ὄφελος
345 189 435 222 αὐτοῖς
449 198 477 217 τε
489 191 546 222 τοῖς
562 191 704 218 εὐσεϐέσιν
721 192 798 228 ἡμῶν
815 192 864 227 βα-

917 193 1160 227 obtestamurque,
1180 196 1211 219 ut
1228 190 1444 219 misericordiam
1457 191 1537 219 nobis
1551 191 1712 227 impertias,

69 236 186 268 σιλεῦσι,
202 235 240 271 τῷ
262 244 292 261 τε
319 236 463 271 ἁγιωτάτῳ
476 237 643 273 πατριάρχῃ,
672 238 720 264 καὶ
737 239 814 274 πάσῃ
827 240 861 274 τῇ

75 282 236 317 Ἐκκλησία,
254 281 285 308 οὺ
299 283 331 316 τῇ
343 281 405 308 καθ’
420 283 494 318 ἡμᾶς
510 283 602 318 μόνον,
614 283 682 310 ἀλλὰ
698 284 745 310 καὶ
761 285 794 320 τῇ
812 285 862 311 ἀνὰ

68 329 162 354 πᾶσαν
186 326 235 362 τὴν
249 327 414 362 οἰκουμένην
428 335 435 342 ·
450 328 493 354 ἵνα
514 327 604 363 παύσῃ
622 329 636 354 ὁ
661 327 701 359 εἷς
719 330 759 360 είς
780 329 863 362 δόξαν

67 372 151 404 Θεςῦ,
182 374 229 399 καὶ
252 373 290 408 μὴ
314 372 438 408 ταραχθῇ
456 373 472 408 ἠ
488 372 571 399 αὑτοῦ
586 372 747 408 Ἐκκλησία.
776 374 807 400 El
834 374 862 401 δὲ

70 418 160 454 μήγε,
174 417 243 445 ἀλλὰ
253 418 283 444 τό
292 426 324 452 γε
340 418 480 453 δεύτερον,
495 419 526 444 τὸ
536 419 675 453 ἐπιμεῖναι
688 419 762 454 ἡμᾶς
776 420 805 445 ὲν
824 419 862 454 τῷ

67 463 145 498 αὐτῷ
160 463 287 499 καθάπερ
302 465 331 491 ἐν
355 465 412 496 τοῖς
436 464 502 491 δέκα
528 464 601 491 ἔτεσι
616 465 734 497 τούτοις.
760 467 793 492 υἱ
808 465 862 501 γὰρ

67 509 171 542 λοιποὶ,
182 509 233 536 κᾶν
244 509 335 544 μυρίοι
345 505 423 541 ὦσιν,
434 509 559 545 ίεράρχαι
570 510 617 536 καὶ
630 510 711 546 ἱερεῖς
724 510 771 537 καὶ
783 510 862 546 ἡγού-

69 565 147 591 μενοι
167 557 191 582 ol
207 555 397 587 κοινωνοῦντες
410 555 493 591 αὐτῷ,
506 556 537 582 οὐ
553 557 720 591 θαυμαστόν·
734 556 797 583 ἐπεὶ
813 556 862 583 καὶ

67 602 148 629 αὐτοὶ
159 601 289 637 συνῆλθον
303 601 342 637 τῷ
359 602 547 637 μοιχεύσαντι·
562 603 609 629 καὶ
623 603 712 634 οὐδείς
736 611 764 629 τι
783 602 861 630 λελάά

66 649 148 684 ληκε.
165 648 256 675 Ταῦτα
269 647 336 680 Θεὸς
350 647 385 674 δι’
400 647 491 684 ἡμῶν,
506 649 553 675 καὶ
569 648 593 675 εἰ
607 648 746 684 τολμηρὸν
763 649 860 681 εἰπεῖν,

67 693 119 720 καὶ
142 693 307 730 παρακαλεῖ,
329 693 376 720 καὶ
404 693 638 729 προσφθέγγεται,
669 693 718 721 καὶ
741 694 779 726 ὡς
807 703 861 720 κε-

67 739 172 772 λεύεις.

301 826 365 855 ΚΒ’.
379 844 414 849 -
430 827 471 861 Τῷ
484 828 575 861 αὐτῷ.
593 827 658 865 [μ’.]

105 885 162 913 Καὶ
180 885 262 913 πάλιν
277 887 467 922 παρακαλέσαι
486 895 534 914 σου
554 887 603 923 τὴν
620 887 758 923 πατρικὴν
774 888 859 922 ἁγιω-
875 892 898 923 Β

69 933 167 968 σύνην,
184 933 267 960 καλὸν
288 933 464 970 ἡγησάμεθα,
480 933 658 961 ἐπιϐαλέσθαι
675 935 775 970 ἑαυτὴν
795 935 863 970 πρὸς

66 979 101 1005 τὸ
122 980 200 1014 κοινῇ
216 978 356 1015 συμφέρον
368 981 416 1007 καὶ
429 979 587 1007 λυσιτελοῦν
601 981 747 1016 κράτιστα.
761 982 797 1008 Οὐ
809 981 863 1016 γὰρ

68 1025 141 1061 πρὸς
152 1025 216 1057 τοὺς
228 1026 351 1058 εὐσεϐεῖς
363 1026 442 1061 ἡμῶν
456 1026 591 1058 δεσπότας
601 1026 615 1052 ό
630 1026 709 1061 λόγος
725 1027 774 1062 τῆς
788 1028 863 1054 ἀκοι-

68 1072 219 1106 νωνησίας,
241 1072 302 1098 οὐδὲ
327 1073 344 1107 ἡ
360 1073 435 1099 αἰτία
452 1073 502 1108 τῆς
525 1074 757 1108 ἀμφισὸητήσεως
768 1093 775 1104 ,
792 1073 863 1100 καθὰ

68 1119 319 1153 προγεγράφαμεν·
336 1118 438 1154 μᾶλλον
449 1119 478 1145 δὲ
494 1119 510 1154 ὴ
524 1118 591 1153 τιμὴ
609 1119 657 1145 καὶ
675 1120 692 1154 ἡ
707 1119 863 1154 προσκύνη-

69 1172 127 1196 σις,
152 1164 170 1198 ἡ
192 1164 351 1196 ὐπὸπτωσις
370 1165 419 1191 καὶ
439 1165 456 1199 ὴ
476 1164 599 1197 ἔντευξις
619 1164 690 1191 κατὰ
711 1164 742 1191 τὸ
759 1164 864 1199 ὀφειλό-

70 1217 153 1244 μενον
163 1217 169 1223 ·
184 1209 252 1244 πρὸς
273 1209 302 1235 δὲ
325 1210 371 1236 τὸν
385 1210 495 1245 ἀνόμως
513 1209 728 1244 στεφανώσαντα
743 1210 789 1236 τὸν
804 1219 864 1244 μοι-

67 1255 218 1290 χεύσαντα,
236 1255 307 1282 κατὰ
319 1255 364 1282 τὸν
377 1255 458 1289 λόγον
469 1255 517 1283 τοῦ
532 1256 646 1290 Κυρίου·
663 1256 730 1291 πρὸς
743 1256 789 1283 τὸν
803 1257 864 1283 τολ-

69 1301 201 1336 μήσαντα
213 1300 378 1336 τηλικούτου
396 1301 489 1328 κακοῦ
514 1301 651 1336 ὑπουργὸν
668 1301 795 1335 γενέσθαι
816 1302 863 1328 καὶ

69 1346 227 1382 βεὸαιωτὴν
248 1347 295 1372 ἐπὶ
314 1346 362 1373 τοῦ
377 1347 481 1382 κόσμου
497 1347 608 1378 παντός.
625 1347 679 1373 Καὶ
700 1347 742 1373 ἵνα
757 1347 864 1382 ἐκδηλό-

67 1399 152 1427 τερον
173 1391 216 1426 εἴη
234 1391 266 1418 τὸ
279 1391 425 1425 λεγόμενον
441 1392 472 1417 οὺ
488 1391 556 1426 πρὺς
571 1391 691 1426 διδαχὴν,
709 1391 777 1418 ἀλλὰ
795 1392 864 1427 πρὸς

69 1437 230 1472 ὑπόμνησιν
246 1436 343 1472 αὐτὴν,
355 1436 380 1462 εί
392 1436 527 1469 κελεύεις,
540 1436 589 1472 τὴν
606 1437 678 1463 κατὰ
698 1437 748 1472 τὴν
762 1445 863 1472 στεφα-

68 1482 151 1518 νικὴν
164 1482 322 1517 συνάφειαν,
339 1481 416 1517 ῑερὰν
431 1482 584 1518 προσευχὴν
597 1482 803 1519 παραθήσομεν·
817 1484 864 1510 καὶ

68 1528 225 1564 κατίδωμεν
239 1527 374 1561 ἐντεῦθεν,
389 1528 464 1559 ὅπως
476 1527 506 1560 ἐξ
523 1529 647 1560 ἐναντίας
661 1529 736 1564 αὐτῷ
746 1529 785 1564 τῷ
797 1530 864 1564 Χρι-

69 1575 139 1610 στῷ,
157 1575 183 1601 εί
205 1575 253 1602 καὶ
265 1566 401 1610 τολμηρὸν
414 1575 511 1607 εἰπεῖν,
521 1574 723 1609 ἀντεφθέγξατο
739 1576 786 1602 καὶ
799 1576 864 1602 ἀντ-

68 1621 232 1656 εμαχήσατο
256 1620 301 1647 διὰ
313 1619 361 1646 τοῦ
376 1619 491 1654 ἐναγοῦς
511 1620 595 1647 αὐτοῦ
625 1621 772 1656 πόματος,
788 1622 802 1648 ὁ
816 1621 864 1648 ἀν-

70 1667 167 1701 ἑνοχον
182 1666 279 1692 ἑαυτὸν
294 1665 468 1697 ἀποδεικνύς.
484 1665 538 1692 Τοῦ
556 1667 676 1701 Χριστοῦ
692 1667 746 1702 γὰρ
771 1667 865 1702 μοιχὸν

69 1711 296 1743 ἀποκαλέσαντος
314 1711 361 1738 τὸν
380 1711 496 1746 ἀφιέντα
512 1712 561 1747 τὴν
576 1712 699 1747 νομίμως
721 1713 865 1747 συναφθεῖ-

71 1766 126 1785 σαν
141 1757 221 1791 ἀνδρὶ
235 1758 364 1789 γυναῖκα·
378 1757 486 1792 μοιχεία
498 1758 538 1790 δὲ,
554 1757 591 1790 ὡς
604 1757 692 1792 οἶσθα,
705 1759 736 1785 τὺ
746 1759 864 1794 χαλεπὶν

70 1803 240 1838 ἁμάρτημα,
254 1803 302 1830 καὶ
315 1802 475 1838 ίσοδύναμον
492 1803 604 1837 φονέως,
616 1804 818 1840 ἀρρενοφοόρου
833 1813 864 1832 τε

71 1850 121 1876 καὶ
138 1849 348 1884 ἀλογευομένου,
366 1849 515 1884 φαρμακοῦ
538 1858 567 1876 τε
585 1850 634 1876 καὶ
655 1850 863 1886 εὶδωλολάτρου’

71 1896 148 1922 κατὰ
162 1895 208 1922 τὸν
223 1895 326 1922 κανόνα
342 1895 389 1922 τοῦ
410 1895 483 1922 θείου
506 1895 659 1922 Βασιλείοψ
675 1896 757 1927 αὐτὸς
770 1897 864 1923 τοῦτον

70 1941 112 1977 τῷ
132 1942 321 1977 θυσιαστηρίῳ
332 1942 523 1977 παραστήσας,
534 1942 560 1968 ὲν
577 1942 689 1977 ἐπηκόῳ
705 1943 804 1974 παντὸς
817 1942 864 1969 τοῦ

69 1986 152 2018 λαοῦ,
171 1986 304 2022 ἐτόλμησε
321 1986 401 2022 ῥῆξαι
417 1987 466 2019 τὰς
484 1987 616 2023 βεϐήλους
639 1988 728 2022 φωνὰς
745 1989 863 2020 ὲκείνας·

71 2033 121 2060 καὶ
136 2033 331 2068 σκοπήσωμεν,
346 2033 449 2069 Πάτερ,
466 2034 626 2069 παρακαλῶ,
640 2034 672 2061 τὸ
688 2034 803 2069 φοϐερὸν
818 2035 865 2061 καὶ

877 1559 898 1588 C

71 2079 201 2105 ἔκτοπον·
219 2078 276 2113 ἔχει
289 2078 344 2113 γὰρ
358 2078 455 2110 οὕτως·
479 2088 488 2104 ι
507 2078 604 2111 Αὐτὸς,
622 2079 755 2112 Δέσποτα,
769 2079 864 2112 ἐξαπό-

71 2124 181 2151 στειλον
197 2123 245 2159 τὴν
260 2124 340 2159 χεῖρά
364 2133 410 2151 σου
434 2124 464 2156 ἐξ
486 2125 564 2158 ἁγίου
581 2126 792 2160 κατοικητηρίου
817 2134 864 2151 σου

71 2172 122 2197 καὶ
138 2169 259 2205 ἅρμοσον
276 2169 315 2205 τῷ
327 2169 415 2205 δούλῳ
427 2178 475 2197 σου
489 2170 540 2205 τὴν
553 2170 651 2205 δούλην
667 2171 864 2204 σου.Σύζευξον

914 243 941 265 et
952 246 1098 265 commune
1122 239 1338 266 emolumentum
1355 244 1409 266 tam
1430 239 1482 274 piis
1497 240 1712 273 imperatoribus

913 283 1025 315 nostris,
1041 291 1123 318 quam
1140 284 1304 318 patriarchae
1321 285 1495 311 sanctissimo
1507 304 1516 316 ,
1538 289 1566 311 et
1581 285 1712 312 Ecclesiae

914 329 1064 362 universae,
1079 337 1135 357 non
1158 330 1222 357 huic
1241 330 1329 358 solum
1351 337 1411 364 qua:
1432 330 1502 364 apud
1522 338 1572 357 nos
1594 335 1645 363 est,
1664 331 1714 358 sed

913 382 974 409 quae
996 382 1045 410 per
1066 378 1153 402 totum
1174 376 1269 403 orbem
1281 395 1288 408 ,
1305 380 1336 402 ut
1352 383 1423 402 unus
1438 383 1467 403 se
1479 376 1587 403 abdicet
1598 376 1630 403 ad
1654 376 1712 411 glo-

913 421 980 448 riam
1004 420 1068 454 Dei,
1088 425 1117 448 et
1137 429 1192 448 non
1214 422 1390 456 perturbetur
1419 422 1479 457 ejus
1506 422 1640 449 Ecclesia.
1664 422 1711 448 Sin

912 467 1017 499 minus,
1031 471 1059 494 at
1075 467 1172 494 saltem
1187 468 1239 495 hoc
1251 467 1401 495 secundum
1413 489 1420 500 ,
1439 472 1470 495 ut
1485 475 1646 495 maneamus
1661 475 1712 495 nos

912 511 940 540 in
953 512 1049 540 eodem
1067 517 1151 544 statu,
1169 521 1224 548 quo
1238 521 1287 548 per
1305 514 1399 541 decem
1416 514 1465 541 hos
1481 521 1579 541 annos.
1594 513 1661 540 Nam
1677 513 1711 541 de

912 559 1034 591 caeteris,
1059 559 1184 594 quamvis
1208 560 1420 588 innumerabiles
1434 560 1490 587 sint
1507 559 1644 594 episcopi,
1666 567 1710 587 sa-

911 603 1036 631 cerdotes
1048 623 1056 636 ,
1084 609 1111 631 et
1137 605 1277 640 praepositi
1300 606 1346 640 qui
1361 613 1423 633 cum
1440 612 1472 632 eo
1487 606 1690 632 communicant
1701 624 1710 636 ,

911 648 981 676 nihil
1011 649 1182 682 mirandum,
1207 651 1315 685 quando
1334 651 1443 686 quidem
1470 651 1552 678 iidem
1569 650 1621 685 ipsi
1647 658 1709 678 cum

911 693 1036 721 adultero
1064 700 1272 729 consenserunt,
1290 702 1318 723 et
1344 703 1425 723 nemo
1443 696 1591 730 quidquam
1603 695 1710 722 locutus

911 743 962 766 est.
979 739 1042 766 llaec
1057 739 1129 767 Deus
1146 748 1194 775 per
1218 749 1278 774 uos,
1305 741 1369 769 licet
1389 741 1477 768 audax
1490 741 1526 768 sit
1540 741 1661 774 dictum,
1682 746 1710 769 et

912 784 1048 818 hortatur,
1062 790 1090 812 et
1104 787 1256 818 denuntiat.
1271 791 1299 814 et
1311 787 1382 815 sicut
1393 789 1484 822 iubes.

1107 831 1190 858 xxu.
1203 847 1236 852 —
1250 832 1345 859 Eidem
1361 833 1430 867 (ac).

950 888 982 916 Et
999 889 1098 917 iterum
1124 891 1227 917 hortari
1255 895 1396 925 paternam
1429 890 1603 918 sanctitatem
1635 894 1708 918 tuam

914 935 1047 970 optimum
1071 935 1143 963 factu
1161 936 1256 964 :visum
1284 941 1346 969 est,
1364 940 1394 963 ut
1409 943 1438 963 se
1454 936 1542 971 ipsam
1557 937 1658 964 excitet
1674 937 1709 964 ad

914 980 941 1008 id
951 982 1024 1016 quod
1032 982 1169 1009 communi
1184 983 1257 1010 bono
1271 987 1353 1018 atque
1365 983 1474 1010 utilitati
1486 983 1707 1018 conducitquam

914 1028 1042 1055 maxime.
1059 1027 1116 1055 Non
1136 1029 1208 1056 enim
1226 1029 1357 1056 adversus
1382 1029 1441 1063 pios
1456 1029 1582 1056 dominos
1598 1033 1708 1056 nostros

913 1074 994 1101 nobis
1004 1081 1095 1101 sermo
1104 1078 1145 1101 est
1157 1075 1247 1102 vitata:
1258 1075 1472 1107 communionis,
1485 1082 1537 1102 nec
1547 1082 1628 1101 causa
1642 1082 1708 1102 con-

914 1120 1066 1152 troversite,
1080 1121 1150 1147 sicut
1158 1121 1214 1155 jam
1226 1121 1395 1156 scripsimus,
1404 1121 1495 1156 potius
1506 1125 1596 1148 autem
1607 1121 1705 1152 honor,

914 1164 1066 1196 veneratio,
1084 1167 1111 1191 ct
1125 1165 1288 1197 submissio,
1304 1169 1332 1192 et
1349 1173 1529 1201 congressus,
1554 1169 1635 1200 prout
1661 1172 1707 1192 res

913 1209 1019 1245 exigit:
1035 1210 1083 1237 sed
1099 1210 1231 1238 adversus
1249 1211 1325 1238 illum
1350 1211 1395 1245 qui
1415 1215 1514 1246 praeter
1538 1210 1583 1246 jus
1611 1210 1707 1245 fasque

913 1261 1006 1286 omne,
1021 1255 1195 1282 manifestum
1216 1263 1249 1282 ex
1266 1255 1373 1283 Domini
1394 1255 1530 1283 sententia
1550 1255 1705 1282 adulterum

915 1300 1059 1327 coronavit
1078 1308 1084 1326 :
1103 1300 1234 1328 adversus
1250 1308 1312 1327 eum
1329 1300 1375 1334 qui
1390 1307 1473 1327 ausus
1497 1304 1539 1327 est
1556 1300 1623 1326 tanti
1644 1306 1706 1326 sce-
1752 1303 1758 1309 ‘

914 1344 980 1371 leris
1004 1344 1114 1379 adjutor
1127 1349 1154 1372 et
1170 1350 1290 1372 assertor
1304 1353 1395 1372 coram
1410 1346 1476 1372 orbe
1492 1346 1621 1372 universo
1635 1345 1704 1372 ﬁeri.

914 1390 1002 1425 Atque
1016 1394 1046 1417 ut
1061 1391 1146 1426 magis
1161 1391 1335 1426 perspicuum
1351 1391 1476 1426 ﬁatquod
1485 1391 1704 1425 dicimus,ipsas,

915 1435 938 1462 si
952 1435 1058 1469 placet,
1076 1443 1137 1470 quae
1160 1436 1186 1463 in
1205 1443 1313 1463 corona:
1340 1437 1513 1471 impositione
1540 1441 1706 1471 usurpantur

915 1487 1005 1508 sacras
1019 1488 1124 1515 preces,
1150 1489 1205 1509 non
1224 1482 1339 1510 docendi
1358 1483 1448 1509 studio
1461 1502 1468 1514 ,
1497 1482 1544 1509 sed
1567 1482 1706 1509 memoria:

915 1526 1078 1554 renovandae
1087 1534 1179 1560 causa,
1189 1527 1367 1562 subjiciemus
1380 1537 1387 1554 :
1399 1535 1433 1555 ex
1448 1535 1502 1562 quo
1512 1527 1602 1555 videre
1613 1527 1703 1560 liceat,

915 1572 1144 1606 quemadmodum
1159 1579 1191 1599 ex
1206 1573 1340 1599 diametro
1356 1572 1464 1599 Christo
1479 1572 1531 1607 ipsi
1545 1593 1552 1604 ,
1580 1572 1704 1606 quamvis

915 1617 990 1645 dictu
1004 1618 1179 1645 temerarium
1193 1618 1239 1650 sit,
1262 1618 1463 1653 repugnaverit,
1480 1618 1641 1652 impuroque
1656 1625 1704 1645 ore

915 1669 965 1689 suo
981 1663 1188 1695 contradixerit,
1205 1663 1250 1698 qui
1274 1664 1411 1690 insontem
1437 1671 1466 1690 se
1487 1671 1548 1690 esse
1564 1663 1704 1698 professus

916 1712 966 1736 est.
987 1708 1055 1735 Cum
1076 1709 1148 1736 enim
1168 1709 1295 1736 Christus
1307 1709 1460 1735 adulterum
1476 1713 1554 1736 vocet
1569 1716 1643 1742 cum,
1657 1709 1703 1743 qui

915 1755 1059 1790 coniugem
1074 1755 1193 1790 legitime
1208 1755 1267 1783 viro
1291 1755 1465 1790 conjunctam
1481 1754 1602 1788 dimisit,
1627 1755 1705 1782 adul-

915 1801 1081 1836 teriumque,
1102 1806 1132 1828 ut
1143 1801 1225 1834 nosti,
1241 1809 1323 1836 grave
1337 1802 1371 1829 sit
1383 1805 1535 1836 peccatum,
1549 1809 1599 1836 par
1616 1801 1705 1828 homi-

915 1847 991 1879 cidae,
1007 1848 1200 1880 masculorum,
1212 1849 1408 1882 brutorumque
1420 1848 1601 1879 concubitori,
1620 1855 1704 1875 vene-

915 1892 977 1925 ﬁco,
992 1898 1073 1928 atque
1087 1894 1246 1927 idololatrtc,
1257 1894 1333 1928 juxta
1343 1894 1425 1921 divini
1437 1893 1527 1920 Basilii
1543 1893 1703 1928 regulam";

915 1938 990 1966 hunc
1004 1939 1056 1966 iste
1075 1939 1109 1966 ad
1124 1939 1210 1966 altare
1235 1940 1399 1974 producens,
1416 1939 1490 1966 omni
1507 1940 1607 1974 populo
1620 1946 1704 1966 exau—

915 1985 1025 2018 diente,
1055 1985 1191 2020 profanas
1216 1985 1276 2012 illas
1302 1993 1382 2013 voces
1400 1985 1521 2020 proferre
1546 1992 1630 2012 ausus
1641 1989 1704 2018 est,

914 2031 1121 2059 consideremus
1140 2039 1244 2066 quaeso,
1258 2032 1347 2065 Pater,
1361 2039 1442 2066 quam
1456 2031 1591 2058 horrenda
1620 2039 1663 2058 res
1678 2036 1705 2059 et

915 2077 1030 2104 absurda
1045 2077 1090 2109 sit,
1111 2077 1151 2103 sic
1165 2077 1238 2104 enim
1257 2077 1308 2103 illae
1322 2084 1351 2103 se
1367 2077 1469 2103 hahent
1481 2085 1502 2103 ιι
1514 2076 1565 2108 Τιι,
1580 2077 1703 2108 Domine,

915 2123 993 2150 mitte
1013 2130 1122 2149 manum
1141 2126 1215 2149 tuam
1239 2122 1273 2149 de
1289 2127 1384 2149 sancto
1400 2122 1555 2149 habilaculo
1583 2127 1629 2149 tuo
1641 2142 1648 2154 ,
1678 2127 1706 2149 et

916 2168 1045 2195 famulam
1061 2172 1135 2194 tuam
1151 2167 1254 2195 famulo
1266 2172 1313 2195 tuo
1326 2167 1470 2203 conjungc.
1485 2168 1622 2195 Connecte
1643 2168 1705 2195 illos

71 2215 174 2246 αὐτοὺς
194 2214 224 2241 ὲν
238 2215 424 2251 ὁμοφροσύνῃ.
448 2215 570 2242 Ἔνωσον
592 2215 692 2247 αὐτοὺς
712 2216 752 2247 είς
773 2216 863 2251 σάρκα

916 2215 943 2242 in
956 2219 1050 2242 mutua
1059 2214 1216 2246 concordia,
1228 2214 1301 2241 socia
1314 2221 1361 2241 eos
1372 2214 1399 2241 in
1411 2221 1520 2241 carnem
1533 2222 1625 2247 unam,
1637 2221 1706 2248 quos

72 2260 152 2295 μίαν,
178 2259 225 2292 οὓς
246 2260 398 2295 εὐδόκησας
421 2260 590 2295 συναφθῆναι
611 2261 749 2297 ἀλλήλοις.
767 2262 865 2297 Τίμιον

70 2307 119 2333 τὸν
145 2306 235 2340 γάμον
259 2306 555 2342 ἀνάδειξον,ἀμίαντον
581 2307 671 2334 αὐτῶν
698 2307 748 2342 τὴν
772 2307 866 2342 κοίτην

69 2351 252 2386 διατήρησον,
268 2351 436 2388 ἀκηλίδωτον
454 2352 545 2379 αὐτῶν
561 2352 611 2388 τὴν
635 2353 790 2388 συμῦίωσιν
810 2344 867 2380 δια-

73 2398 169 2433 μεϊναι
189 2397 345 2432 εὐδόκησον.
366 2407 375 2423 ι
389 2398 448 2424 Οὐκ
463 2396 518 2434 ἆρα
534 2399 653 2434 φρικτὸν
671 2399 718 2425 καὶ
731 2399 868 2434 ἀκουόμε-

71 2451 131 2475 νον,
147 2443 196 2470 καὶ
219 2443 412 2478 ἐννοούμενονς
430 2444 514 2470 πόσον
538 2445 612 2471 ἐστὶν
636 2445 753 2471 ἐνταῦθα
765 2445 868 2472 ὑπολα-

73 2490 134 2525 βεῖν
150 2489 198 2517 τὸν
219 2490 408 2526 παροργισμὸν
435 2490 481 2517 τοῦ
503 2490 582 2524 ἁγίου
599 2490 759 2526 Πνεύματος
783 2492 812 2518 ὲν
834 2493 866 2527 τῇ

71 2535 189 2571 τοιαύτῃ
214 2536 393 2571 βλασφημίᾳ,
414 2536 626 2572 συνοργισθῆναί
648 2545 677 2563 τε
692 2538 755 2569 τοὺς
773 2537 868 2572 ἁγίους

72 2580 210 2615 ἀγγέλους
237 2581 266 2606 ὲν
288 2581 348 2611 ταῖς
363 2580 540 2616 τηλικαύταις
565 2581 751 2616 δυσφημίαις;
773 2581 788 2617 ἢ
808 2581 868 2613 πῶς

71 2628 104 2654 οὐ
119 2626 291 2661 παραυτίκα,
306 2626 344 2657 ὼς
365 2625 411 2652 τὸν
430 2625 521 2652 ΔαΘὰν
535 2627 583 2653 καὶ
603 2626 746 2663 ’Λσειρὼν,
764 2627 867 2654 ὑπέλα-

73 2673 122 2699 ϐεν
143 2672 161 2706 ἡ
179 2671 217 2706 γῆ
243 2671 349 2706 χάνασα
365 2671 411 2698 τὸν
434 2671 579 2707 ὺφηγητὴν
603 2672 649 2698 τοῦ
673 2672 798 2706 ψεύδους,
820 2677 869 2702 καὶ

73 2716 219 2745 δεικνύντα
235 2716 266 2742 τὸ
289 2716 384 2748 σκότος
399 2716 468 2750 φῶς,
482 2717 528 2743 καὶ
544 2717 590 2744 τὸν
605 2717 723 2752 Χριστὸν
738 2719 778 2750 εἰς
792 2719 868 2744 ἐναν-

108 2787 132 2803 ¹⁸
148 2785 238 2821 Epist.
251 2786 284 2813 ad
299 2786 485 2822 Ampliilocli.,
501 2794 563 2815 can.
581 2788 607 2814 7.

916 2260 964 2288 tibi
982 2260 1070 2287 visum
1082 2265 1124 2287 est
1136 2260 1207 2286 inter
1218 2267 1248 2286 se
1264 2259 1396 2294 copulari,
1406 2259 1582 2286 honorabiles
1596 2260 1706 2294 nuptias

916 2306 999 2335 redde
1016 2315 1023 2333 :
1041 2306 1244 2333 immaculatum
1257 2313 1352 2332 eorum
1368 2309 1457 2332 torum
1470 2301 1617 2333 conserva:
1631 2306 1704 2340 ipso-

916 2360 977 2379 rum
992 2352 1200 2379 contubernium
1214 2351 1407 2378 intaminatum
1424 2359 1533 2378 manere
1549 2351 1677 2379 concede.
1693 2361 1702 2377 ι

917 2398 1014 2425 Annon
1030 2397 1111 2433 igitur
1125 2397 1255 2424 horribile
1271 2401 1313 2425 est
1335 2397 1407 2432 quod
1430 2397 1555 2430 auditur,
1579 2397 1706 2432 quodque

918 2443 1071 2479 cogitatur?
1100 2442 1235 2476 Quantam
1260 2443 1397 2471 aestimare
1423 2448 1465 2471 est
1480 2444 1567 2471 sancti
1589 2443 1706 2479 Spiritus

916 2490 1130 2526 indignationem
1142 2497 1203 2517 esse
1213 2490 1247 2517 ob
1257 2490 1390 2526 ejusmodi
1401 2490 1614 2524 blasphemiam?
1623 2498 1706 2525 quam

915 2535 1093 2563 vehementer
1105 2543 1269 2563 succensere
1287 2544 1341 2563 una
1354 2543 1449 2562 omnes
1473 2540 1581 2563 sanctos
1594 2536 1707 2571 angelos

916 2582 951 2609 ob
966 2585 1069 2608 tantam
1088 2581 1280 2617 impietatem?
1297 2586 1324 2609 et
1338 2581 1475 2616 quomodo
1499 2588 1555 2608 non
1582 2582 1707 2615 protinus

918 2627 1065 2655 dehiscens
1079 2632 1152 2655 terra
1166 2627 1313 2662 absorpsit,
1335 2627 1408 2654 velut
1430 2627 1533 2653 Datlian
1545 2630 1572 2653 et
1591 2627 1705 2660 Abiron,

919 2674 1150 2709 promulgatorem
1165 2674 1311 2706 mendacii,
1321 2674 1366 2708 qui
1383 2673 1507 2700 tenebras
1518 2672 1608 2699 lumen
1622 2664 1705 2704 dicat,

920 2720 966 2754 qui
981 2719 1120 2747 Christum
1141 2721 1287 2755 pugnantia
1303 2720 1457 2755 loquentem
1473 2718 1561 2746 facere
1573 2717 1706 2746 conetur?

113 2833 172 2868 (‘20)
191 2833 251 2862 llaec
267 2842 376 2869 quoque
389 2835 488 2871 scripta
504 2840 545 2864 est
562 2835 683 2863 Platonis
696 2835 817 2862 nomine.
835 2833 944 2870 (Baron.
960 2842 1025 2863 ann.
1037 2834 1099 2867 808,
1114 2843 1141 2863 n.
1155 2835 1211 2869 l7.)
