  <div class='ocr_page' id='page_1' title='image "/cluster/home/n/w/nwhite01/storage/ocr_20150623/99/njp.32101010943858/517.png"; bbox 0 0 1926 3078; ppageno 0'>
   <div class='ocr_carea' id='block_1_1' title="bbox 263 143 1834 181">
    <p class='ocr_par' dir='ltr' id='par_1_1' title="bbox 263 143 1834 181">
     <span class='ocr_line' id='line_1_1' title="bbox 263 143 1834 181; baseline -0.007 -1"><span class='ocrx_word' id='word_1_1' title='bbox 263 150 298 181; x_wconf 77' lang='grc'>75</span> <span class='ocrx_word' id='word_1_2' title='bbox 837 145 866 174; x_wconf 91' lang='lat' dir='ltr'><strong>S.</strong></span> <span class='ocrx_word' id='word_1_3' title='bbox 885 143 1081 174; x_wconf 85' lang='lat' dir='ltr'><strong>THEODORI</strong></span> <span class='ocrx_word' id='word_1_4' title='bbox 1104 143 1279 174; x_wconf 69' lang='lat' dir='ltr'><strong>STUDI&#39;LE</strong></span> <span class='ocrx_word' id='word_1_5' title='bbox 1793 146 1834 177; x_wconf 67' lang='lat'><strong>976</strong></span> 
     </span>
    </p>
   </div>
   <div class='ocr_carea' id='block_1_2' title="bbox 246 198 1045 238">
    <p class='ocr_par' dir='ltr' id='par_1_2' title="bbox 246 200 1032 238">
     <span class='ocr_line' id='line_1_2' title="bbox 246 200 1032 238; baseline -0.008 -6"><span class='ocrx_word' id='word_1_6' title='bbox 246 206 362 232; x_wconf 80' lang='lat' dir='ltr'><strong>Prorsus</strong></span> <span class='ocrx_word' id='word_1_7' title='bbox 377 203 450 231; x_wconf 87' lang='lat' dir='ltr'><strong>enim</strong></span> <span class='ocrx_word' id='word_1_8' title='bbox 464 209 633 238; x_wconf 71' lang='lat' dir='ltr'><strong>qurecnnque</strong></span> <span class='ocrx_word' id='word_1_9' title='bbox 649 201 809 237; x_wconf 82' lang='lat' dir='ltr'><strong>pronuntiat</strong></span> <span class='ocrx_word' id='word_1_10' title='bbox 825 200 963 231; x_wconf 84' lang='lat' dir='ltr'><strong>sacerdos,</strong></span> <span class='ocrx_word' id='word_1_11' title='bbox 984 207 1032 227; x_wconf 88' lang='lat' dir='ltr'><strong>ea-</strong></span> 
     </span>
    </p>
   </div>
   <div class='ocr_carea' id='block_1_3' title="bbox 1098 198 1836 238">
    <p class='ocr_par' dir='ltr' id='par_1_3' title="bbox 1102 198 1836 236">
     <span class='ocr_line' id='line_1_3' title="bbox 1102 198 1836 236; baseline 0.003 -10"><span class='ocrx_word' id='word_1_12' title='bbox 1102 200 1220 234; x_wconf 86' lang='grc' dir='ltr'>ιολογίαν</span> <span class='ocrx_word' id='word_1_13' title='bbox 1243 199 1403 235; x_wconf 83' lang='grc' dir='ltr'><strong>περιπεσεῖν</strong></span> <span class='ocrx_word' id='word_1_14' title='bbox 1415 198 1603 235; x_wconf 78' lang='grc' dir='ltr'>πειρώμενονς</span> <span class='ocrx_word' id='word_1_15' title='bbox 1620 199 1723 232; x_wconf 83' lang='grc' dir='ltr'><strong>Πάντως</strong></span> <span class='ocrx_word' id='word_1_16' title='bbox 1738 201 1785 236; x_wconf 81' lang='grc' dir='ltr'><strong>γὰρ</strong></span> <span class='ocrx_word' id='word_1_17' title='bbox 1799 202 1836 228; x_wconf 70' lang='grc' dir='ltr'><strong>ὅσα</strong></span> 
     </span>
    </p>
   </div>
   <div class='ocr_carea' id='block_1_4' title="bbox 246 246 1032 279">
    <p class='ocr_par' dir='ltr' id='par_1_4' title="bbox 246 246 1032 279">
     <span class='ocr_line' id='line_1_4' title="bbox 246 246 1032 279; baseline -0.008 -1"><span class='ocrx_word' id='word_1_18' title='bbox 246 252 308 278; x_wconf 91' lang='lat' dir='ltr'><strong>dem</strong></span> <span class='ocrx_word' id='word_1_19' title='bbox 322 250 394 277; x_wconf 90' lang='lat' dir='ltr'><strong>Deus</strong></span> <span class='ocrx_word' id='word_1_20' title='bbox 408 249 569 276; x_wconf 86' lang='lat' dir='ltr'><strong>conﬁrmare</strong></span> <span class='ocrx_word' id='word_1_21' title='bbox 586 256 626 279; x_wconf 91' lang='lat' dir='ltr'><strong>se,</strong></span> <span class='ocrx_word' id='word_1_22' title='bbox 650 251 678 274; x_wconf 90' lang='lat' dir='ltr'><strong>et</strong></span> <span class='ocrx_word' id='word_1_23' title='bbox 695 252 752 274; x_wconf 77' lang='lat' dir='ltr'><strong>rata</strong></span> <span class='ocrx_word' id='word_1_24' title='bbox 767 247 867 273; x_wconf 88' lang='lat' dir='ltr'><strong>habere</strong></span> <span class='ocrx_word' id='word_1_25' title='bbox 878 246 1032 278; x_wconf 76' lang='lat' dir='ltr'><strong>denuntiat,</strong></span> 
     </span>
    </p>
   </div>
   <div class='ocr_carea' id='block_1_5' title="bbox 247 291 1035 331">
    <p class='ocr_par' dir='ltr' id='par_1_5' title="bbox 247 291 1035 331">
     <span class='ocr_line' id='line_1_5' title="bbox 247 291 1035 331; baseline -0.009 -7"><span class='ocrx_word' id='word_1_26' title='bbox 247 302 277 324; x_wconf 92' lang='lat' dir='ltr'><strong>ut</strong></span> <span class='ocrx_word' id='word_1_27' title='bbox 304 303 419 331; x_wconf 77' lang='lat' dir='ltr'><strong>ntagnus</strong></span> <span class='ocrx_word' id='word_1_28' title='bbox 451 294 566 322; x_wconf 84' lang='lat' dir='ltr'><strong>aﬂirmat</strong></span> <span class='ocrx_word' id='word_1_29' title='bbox 589 293 743 328; x_wconf 82' lang='lat' dir='ltr'><strong>Dionysius.</strong></span> <span class='ocrx_word' id='word_1_30' title='bbox 771 292 871 319; x_wconf 85' lang='lat' dir='ltr'><strong>Verum</strong></span> <span class='ocrx_word' id='word_1_31' title='bbox 893 292 937 318; x_wconf 93' lang='lat' dir='ltr'><strong>ille</strong></span> <span class='ocrx_word' id='word_1_32' title='bbox 955 291 1035 326; x_wconf 79' lang='lat' dir='ltr'><strong>longa</strong></span> 
     </span>
    </p>
   </div>
   <div class='ocr_carea' id='block_1_6' title="bbox 247 336 1035 378">
    <p class='ocr_par' dir='ltr' id='par_1_6' title="bbox 247 336 1035 378">
     <span class='ocr_line' id='line_1_6' title="bbox 247 336 1035 378; baseline -0.009 -8"><span class='ocrx_word' id='word_1_33' title='bbox 247 342 378 378; x_wconf 73' lang='lat' dir='ltr'><strong>patientia</strong></span> <span class='ocrx_word' id='word_1_34' title='bbox 394 340 514 376; x_wconf 74' lang='lat' dir='ltr'><strong>pertulit,</strong></span> <span class='ocrx_word' id='word_1_35' title='bbox 535 340 635 367; x_wconf 86' lang='lat' dir='ltr'><strong>ostium</strong></span> <span class='ocrx_word' id='word_1_36' title='bbox 650 337 817 374; x_wconf 61' lang='lat' dir='ltr'><strong>paenitentis:</strong></span> <span class='ocrx_word' id='word_1_37' title='bbox 832 337 956 372; x_wconf 86' lang='lat' dir='ltr'><strong>pandens</strong></span> <span class='ocrx_word' id='word_1_38' title='bbox 967 336 1035 364; x_wconf 83' lang='lat' dir='ltr'><strong>tanti</strong></span> 
     </span>
    </p>
   </div>
   <div class='ocr_carea' id='block_1_7' title="bbox 249 382 1036 419">
    <p class='ocr_par' dir='ltr' id='par_1_7' title="bbox 249 382 1036 419">
     <span class='ocr_line' id='line_1_7' title="bbox 249 382 1036 419; baseline -0.011 -3"><span class='ocrx_word' id='word_1_39' title='bbox 249 387 360 416; x_wconf 84' lang='lat' dir='ltr'><strong>sceleris</strong></span> <span class='ocrx_word' id='word_1_40' title='bbox 373 394 420 414; x_wconf 90' lang='lat' dir='ltr'><strong>reo</strong></span> <span class='ocrx_word' id='word_1_41' title='bbox 432 405 440 419; x_wconf 91' lang='lat'><strong>,</strong></span> <span class='ocrx_word' id='word_1_42' title='bbox 465 386 546 413; x_wconf 90' lang='lat' dir='ltr'><strong>istum</strong></span> <span class='ocrx_word' id='word_1_43' title='bbox 566 385 666 412; x_wconf 85' lang='lat' dir='ltr'><strong>deinde</strong></span> <span class='ocrx_word' id='word_1_44' title='bbox 681 403 688 415; x_wconf 89' lang='lat'><strong>,</strong></span> <span class='ocrx_word' id='word_1_45' title='bbox 717 391 767 419; x_wconf 90' lang='lat' dir='ltr'><strong>pro</strong></span> <span class='ocrx_word' id='word_1_46' title='bbox 785 390 818 410; x_wconf 88' lang='lat' dir='ltr'><strong>eo</strong></span> <span class='ocrx_word' id='word_1_47' title='bbox 833 383 904 417; x_wconf 92' lang='lat' dir='ltr'><strong>quod</strong></span> <span class='ocrx_word' id='word_1_48' title='bbox 923 382 988 408; x_wconf 84' lang='lat' dir='ltr'><strong>ﬂere</strong></span> <span class='ocrx_word' id='word_1_49' title='bbox 1004 388 1036 408; x_wconf 91' lang='lat' dir='ltr'><strong>ac</strong></span> 
     </span>
    </p>
   </div>
   <div class='ocr_carea' id='block_1_8' title="bbox 250 427 1037 469">
    <p class='ocr_par' dir='ltr' id='par_1_8' title="bbox 250 427 1037 469">
     <span class='ocr_line' id='line_1_8' title="bbox 250 427 1037 469; baseline -0.01 -8"><span class='ocrx_word' id='word_1_50' title='bbox 250 435 342 469; x_wconf 87' lang='lat' dir='ltr'><strong>lugere</strong></span> <span class='ocrx_word' id='word_1_51' title='bbox 356 439 443 466; x_wconf 85' lang='lat' dir='ltr'><strong>usque</strong></span> <span class='ocrx_word' id='word_1_52' title='bbox 458 431 490 458; x_wconf 86' lang='lat' dir='ltr'><strong>ad</strong></span> <span class='ocrx_word' id='word_1_53' title='bbox 503 436 617 457; x_wconf 86' lang='lat' dir='ltr'><strong>mortem</strong></span> <span class='ocrx_word' id='word_1_54' title='bbox 633 429 735 462; x_wconf 82' lang='lat' dir='ltr'><strong>debuit,</strong></span> <span class='ocrx_word' id='word_1_55' title='bbox 749 432 777 455; x_wconf 88' lang='lat' dir='ltr'><strong>et</strong></span> <span class='ocrx_word' id='word_1_56' title='bbox 793 427 990 455; x_wconf 88' lang='lat' dir='ltr'><strong>abominandns</strong></span> <span class='ocrx_word' id='word_1_57' title='bbox 1004 433 1037 453; x_wconf 90' lang='lat' dir='ltr'><strong>ac</strong></span> 
     </span>
    </p>
   </div>
   <div class='ocr_carea' id='block_1_9' title="bbox 250 474 1036 510">
    <p class='ocr_par' dir='ltr' id='par_1_9' title="bbox 250 474 1036 510">
     <span class='ocr_line' id='line_1_9' title="bbox 250 474 1036 510; baseline -0.011 -2"><span class='ocrx_word' id='word_1_58' title='bbox 250 479 427 508; x_wconf 84' lang='lat' dir='ltr'><strong>detestandus</strong></span> <span class='ocrx_word' id='word_1_59' title='bbox 440 478 474 505; x_wconf 83' lang='lat' dir='ltr'><strong>ad</strong></span> <span class='ocrx_word' id='word_1_60' title='bbox 489 477 614 505; x_wconf 62' lang='lat' dir='ltr'><strong>vindictae</strong></span> <span class='ocrx_word' id='word_1_61' title='bbox 629 476 727 504; x_wconf 71' lang='lat' dir='ltr'><strong>divina:</strong></span> <span class='ocrx_word' id='word_1_62' title='bbox 737 475 890 510; x_wconf 88' lang='lat' dir='ltr'><strong>exemplum</strong></span> <span class='ocrx_word' id='word_1_63' title='bbox 903 474 974 508; x_wconf 85' lang='lat' dir='ltr'><strong>apud</strong></span> <span class='ocrx_word' id='word_1_64' title='bbox 987 481 1036 508; x_wconf 90' lang='lat' dir='ltr'><strong>po-</strong></span> 
     </span>
    </p>
   </div>
   <div class='ocr_carea' id='block_1_10' title="bbox 251 520 1039 562">
    <p class='ocr_par' dir='ltr' id='par_1_10' title="bbox 251 520 1039 562">
     <span class='ocr_line' id='line_1_10' title="bbox 251 520 1039 562; baseline -0.011 -8"><span class='ocrx_word' id='word_1_65' title='bbox 251 531 338 554; x_wconf 86' lang='lat' dir='ltr'><strong>steros</strong></span> <span class='ocrx_word' id='word_1_66' title='bbox 349 523 455 552; x_wconf 87' lang='lat' dir='ltr'><strong>censeri</strong></span> <span class='ocrx_word' id='word_1_67' title='bbox 467 530 585 562; x_wconf 81' lang='lat' dir='ltr'><strong>,_rursus</strong></span> <span class='ocrx_word' id='word_1_68' title='bbox 596 522 622 548; x_wconf 93' lang='lat' dir='ltr'><strong>in</strong></span> <span class='ocrx_word' id='word_1_69' title='bbox 635 521 783 548; x_wconf 83' lang='lat' dir='ltr'><strong>Ecclesiam</strong></span> <span class='ocrx_word' id='word_1_70' title='bbox 797 520 921 551; x_wconf 90' lang='lat' dir='ltr'><strong>introire,</strong></span> <span class='ocrx_word' id='word_1_71' title='bbox 938 522 965 546; x_wconf 88' lang='lat' dir='ltr'><strong>et</strong></span> <span class='ocrx_word' id='word_1_72' title='bbox 981 526 1039 545; x_wconf 89' lang='lat' dir='ltr'><strong>rur-</strong></span> 
     </span>
    </p>
   </div>
   <div class='ocr_carea' id='block_1_11' title="bbox 251 564 1037 602">
    <p class='ocr_par' dir='ltr' id='par_1_11' title="bbox 251 564 1037 602">
     <span class='ocr_line' id='line_1_11' title="bbox 251 564 1037 602; baseline -0.01 -4"><span class='ocrx_word' id='word_1_73' title='bbox 251 578 298 598; x_wconf 86' lang='lat' dir='ltr'><strong>sus</strong></span> <span class='ocrx_word' id='word_1_74' title='bbox 313 570 482 598; x_wconf 80' lang='lat' dir='ltr'><strong>sacerdotem</strong></span> <span class='ocrx_word' id='word_1_75' title='bbox 493 575 553 595; x_wconf 88' lang='lat' dir='ltr'><strong>esse</strong></span> <span class='ocrx_word' id='word_1_76' title='bbox 570 567 720 602; x_wconf 82' lang='lat' dir='ltr'><strong>propalam.</strong></span> <span class='ocrx_word' id='word_1_77' title='bbox 738 565 819 600; x_wconf 79' lang='lat' dir='ltr'><strong>Ergo,</strong></span> <span class='ocrx_word' id='word_1_78' title='bbox 835 565 910 600; x_wconf 89' lang='lat' dir='ltr'><strong>quasi</strong></span> <span class='ocrx_word' id='word_1_79' title='bbox 923 564 1037 599; x_wconf 68' lang='lat' dir='ltr'><strong>praecla—</strong></span> 
     </span>
    </p>
   </div>
   <div class='ocr_carea' id='block_1_12' title="bbox 251 610 1038 650">
    <p class='ocr_par' dir='ltr' id='par_1_12' title="bbox 251 610 1038 650">
     <span class='ocr_line' id='line_1_12' title="bbox 251 610 1038 650; baseline -0.01 -6"><span class='ocrx_word' id='word_1_80' title='bbox 251 625 311 644; x_wconf 85' lang='lat' dir='ltr'><strong>rum</strong></span> <span class='ocrx_word' id='word_1_81' title='bbox 331 615 431 650; x_wconf 89' lang='lat' dir='ltr'><strong>aliquid</strong></span> <span class='ocrx_word' id='word_1_82' title='bbox 448 618 600 649; x_wconf 85' lang='lat' dir='ltr'><strong>patrasset,</strong></span> <span class='ocrx_word' id='word_1_83' title='bbox 625 612 763 647; x_wconf 82' lang='lat' dir='ltr'><strong>ingressus</strong></span> <span class='ocrx_word' id='word_1_84' title='bbox 782 616 824 638; x_wconf 88' lang='lat' dir='ltr'><strong>est</strong></span> <span class='ocrx_word' id='word_1_85' title='bbox 839 619 845 638; x_wconf 91' lang='lat'>:</span> <span class='ocrx_word' id='word_1_86' title='bbox 860 610 1038 645; x_wconf 88' lang='lat' dir='ltr'><strong>devictusque</strong></span> 
     </span>
    </p>
   </div>
   <div class='ocr_carea' id='block_1_13' title="bbox 251 656 1034 694">
    <p class='ocr_par' dir='ltr' id='par_1_13' title="bbox 251 656 1034 694">
     <span class='ocr_line' id='line_1_13' title="bbox 251 656 1034 694; baseline -0.011 -4"><span class='ocrx_word' id='word_1_87' title='bbox 251 663 387 692; x_wconf 83' lang='lat' dir='ltr'><strong>Christus,</strong></span> <span class='ocrx_word' id='word_1_88' title='bbox 403 665 434 687; x_wconf 92' lang='lat' dir='ltr'><strong>ut</strong></span> <span class='ocrx_word' id='word_1_89' title='bbox 449 659 496 694; x_wconf 84' lang='lat' dir='ltr'><strong>qui</strong></span> <span class='ocrx_word' id='word_1_90' title='bbox 511 658 640 690; x_wconf 85' lang='lat' dir='ltr'><strong>absurda,</strong></span> <span class='ocrx_word' id='word_1_91' title='bbox 652 657 732 684; x_wconf 86' lang='lat' dir='ltr'><strong>istius</strong></span> <span class='ocrx_word' id='word_1_92' title='bbox 748 656 858 691; x_wconf 81' lang='lat' dir='ltr'><strong>quidem</strong></span> <span class='ocrx_word' id='word_1_93' title='bbox 874 662 932 688; x_wconf 88' lang='lat' dir='ltr'><strong>ore,</strong></span> <span class='ocrx_word' id='word_1_94' title='bbox 945 659 1034 690; x_wconf 48' lang='lat' dir='ltr'><strong>protul</strong></span> 
     </span>
    </p>
   </div>
   <div class='ocr_carea' id='block_1_14' title="bbox 253 701 1040 740">
    <p class='ocr_par' dir='ltr' id='par_1_14' title="bbox 253 701 1040 740">
     <span class='ocr_line' id='line_1_14' title="bbox 253 701 1040 740; baseline -0.01 -6"><span class='ocrx_word' id='word_1_95' title='bbox 253 707 338 735; x_wconf 83' lang='lat' dir='ltr'><strong>lisset.</strong></span> <span class='ocrx_word' id='word_1_96' title='bbox 357 706 398 733; x_wconf 74' lang='lat' dir='ltr'><strong>Ac</strong></span> <span class='ocrx_word' id='word_1_97' title='bbox 412 705 547 740; x_wconf 89' lang='lat' dir='ltr'><strong>reliquum</strong></span> <span class='ocrx_word' id='word_1_98' title='bbox 563 707 632 734; x_wconf 82' lang='lat' dir='ltr'><strong>erat,</strong></span> <span class='ocrx_word' id='word_1_99' title='bbox 649 707 679 730; x_wconf 93' lang='lat' dir='ltr'><strong>ut</strong></span> <span class='ocrx_word' id='word_1_100' title='bbox 694 709 738 729; x_wconf 88' lang='lat' dir='ltr'><strong>res</strong></span> <span class='ocrx_word' id='word_1_101' title='bbox 752 709 801 737; x_wconf 89' lang='lat' dir='ltr'><strong>per</strong></span> <span class='ocrx_word' id='word_1_102' title='bbox 817 701 955 736; x_wconf 86' lang='lat' dir='ltr'><strong>publicum</strong></span> <span class='ocrx_word' id='word_1_103' title='bbox 979 701 1040 735; x_wconf 84' lang='lat' dir='ltr'><strong>ejus</strong></span> 
     </span>
    </p>
   </div>
   <div class='ocr_carea' id='block_1_15' title="bbox 254 746 1040 781">
    <p class='ocr_par' dir='ltr' id='par_1_15' title="bbox 254 746 1040 781">
     <span class='ocr_line' id='line_1_15' title="bbox 254 746 1040 781; baseline -0.01 -2"><span class='ocrx_word' id='word_1_104' title='bbox 254 751 437 779; x_wconf 79' lang='lat' dir='ltr'><strong>sacerdotium</strong></span> <span class='ocrx_word' id='word_1_105' title='bbox 461 755 517 777; x_wconf 90' lang='lat' dir='ltr'><strong>tota</strong></span> <span class='ocrx_word' id='word_1_106' title='bbox 533 749 655 776; x_wconf 86' lang='lat' dir='ltr'><strong>Ecclesia</strong></span> <span class='ocrx_word' id='word_1_107' title='bbox 679 751 771 774; x_wconf 87' lang='lat' dir='ltr'><strong>nostra</strong></span> <span class='ocrx_word' id='word_1_108' title='bbox 793 746 978 781; x_wconf 81' lang='lat' dir='ltr'><strong>divulgaretur</strong></span> <span class='ocrx_word' id='word_1_109' title='bbox 1000 746 1040 772; x_wconf 79' lang='lat' dir='ltr'><strong>la-</strong></span> 
     </span>
    </p>
   </div>
   <div class='ocr_carea' id='block_1_16' title="bbox 254 791 1021 831">
    <p class='ocr_par' dir='ltr' id='par_1_16' title="bbox 254 791 1021 831">
     <span class='ocr_line' id='line_1_16' title="bbox 254 791 1021 831; baseline -0.009 -7"><span class='ocrx_word' id='word_1_110' title='bbox 254 801 382 831; x_wconf 82' lang='lat' dir='ltr'><strong>etumque</strong></span> <span class='ocrx_word' id='word_1_111' title='bbox 399 803 495 822; x_wconf 84' lang='lat' dir='ltr'><strong>omnes</strong></span> <span class='ocrx_word' id='word_1_112' title='bbox 507 793 645 821; x_wconf 88' lang='lat' dir='ltr'><strong>communi</strong></span> <span class='ocrx_word' id='word_1_113' title='bbox 659 792 786 826; x_wconf 82' lang='lat' dir='ltr'><strong>sull&#39;ragio</strong></span> <span class='ocrx_word' id='word_1_114' title='bbox 801 791 1021 826; x_wconf 80' lang='lat' dir='ltr'><strong>comprobarent.</strong></span> 
     </span>
    </p>
   </div>
   <div class='ocr_carea' id='block_1_17' title="bbox 290 836 1041 875">
    <p class='ocr_par' dir='ltr' id='par_1_17' title="bbox 290 836 1041 875">
     <span class='ocr_line' id='line_1_17' title="bbox 290 836 1041 875; baseline -0.008 -6"><span class='ocrx_word' id='word_1_115' title='bbox 290 841 360 875; x_wconf 81' lang='lat' dir='ltr'><strong>Quid</strong></span> <span class='ocrx_word' id='word_1_116' title='bbox 375 841 448 869; x_wconf 87' lang='lat' dir='ltr'><strong>enim</strong></span> <span class='ocrx_word' id='word_1_117' title='bbox 464 840 538 867; x_wconf 90' lang='lat' dir='ltr'><strong>aliud</strong></span> <span class='ocrx_word' id='word_1_118' title='bbox 553 839 674 866; x_wconf 75' lang='lat' dir='ltr'><strong>futurum</strong></span> <span class='ocrx_word' id='word_1_119' title='bbox 688 837 851 865; x_wconf 86' lang='lat' dir='ltr'><strong>censemus?</strong></span> <span class='ocrx_word' id='word_1_120' title='bbox 862 837 908 864; x_wconf 89' lang='lat' dir='ltr'><strong>sed</strong></span> <span class='ocrx_word' id='word_1_121' title='bbox 920 836 1001 869; x_wconf 90' lang='lat' dir='ltr'><strong>absit,</strong></span> <span class='ocrx_word' id='word_1_122' title='bbox 1014 841 1041 863; x_wconf 90' lang='lat' dir='ltr'><strong>et</strong></span> 
     </span>
    </p>
   </div>
   <div class='ocr_carea' id='block_1_18' title="bbox 1083 245 1837 282">
    <p class='ocr_par' dir='ltr' id='par_1_18' title="bbox 1083 245 1837 282">
     <span class='ocr_line' id='line_1_18' title="bbox 1083 245 1837 282; baseline 0.001 -9"><span class='ocrx_word' id='word_1_123' title='bbox 1083 247 1098 273; x_wconf 84' lang='grc' dir='ltr'><strong><em>ὁ</em></strong></span> <span class='ocrx_word' id='word_1_124' title='bbox 1113 247 1203 282; x_wconf 74' lang='grc' dir='ltr'>ἱερεὺς</span> <span class='ocrx_word' id='word_1_125' title='bbox 1217 246 1375 281; x_wconf 79' lang='grc' dir='ltr'><strong>ὑποφαίνει,</strong></span> <span class='ocrx_word' id='word_1_126' title='bbox 1393 245 1481 272; x_wconf 82' lang='grc' dir='ltr'>ταῦτα</span> <span class='ocrx_word' id='word_1_127' title='bbox 1505 245 1552 272; x_wconf 77' lang='grc' dir='ltr'>καὶ</span> <span class='ocrx_word' id='word_1_128' title='bbox 1569 245 1634 277; x_wconf 78' lang='grc' dir='ltr'><strong>Θεὸς</strong></span> <span class='ocrx_word' id='word_1_129' title='bbox 1657 245 1750 281; x_wconf 82' lang='grc' dir='ltr'><strong>κυροῦν</strong></span> <span class='ocrx_word' id='word_1_130' title='bbox 1769 248 1837 281; x_wconf 68' lang='grc' dir='ltr'>ἐπαγ-</span> 
     </span>
    </p>
   </div>
   <div class='ocr_carea' id='block_1_19' title="bbox 1084 290 1836 327">
    <p class='ocr_par' dir='ltr' id='par_1_19' title="bbox 1084 290 1836 327">
     <span class='ocr_line' id='line_1_19' title="bbox 1084 290 1836 327; baseline 0.001 -9"><span class='ocrx_word' id='word_1_131' title='bbox 1084 292 1218 326; x_wconf 83' lang='grc' dir='ltr'>γέλλεται,</span> <span class='ocrx_word' id='word_1_132' title='bbox 1236 292 1307 318; x_wconf 77' lang='grc' dir='ltr'>κατὰ</span> <span class='ocrx_word' id='word_1_133' title='bbox 1322 291 1367 318; x_wconf 80' lang='grc' dir='ltr'>τὸν</span> <span class='ocrx_word' id='word_1_134' title='bbox 1385 291 1475 326; x_wconf 86' lang='grc' dir='ltr'>μέγαν</span> <span class='ocrx_word' id='word_1_135' title='bbox 1493 290 1642 318; x_wconf 82' lang='grc' dir='ltr'>Διονύσιον.</span> <span class='ocrx_word' id='word_1_136' title='bbox 1665 291 1739 318; x_wconf 78' lang='grc' dir='ltr'>Ἀλλὰ</span> <span class='ocrx_word' id='word_1_137' title='bbox 1753 301 1836 327; x_wconf 80' lang='grc' dir='ltr'>μακρο-</span> 
     </span>
    </p>
   </div>
   <div class='ocr_carea' id='block_1_20' title="bbox 1085 336 1837 372">
    <p class='ocr_par' dir='ltr' id='par_1_20' title="bbox 1085 336 1837 372">
     <span class='ocr_line' id='line_1_20' title="bbox 1085 336 1837 372; baseline 0.001 -9"><span class='ocrx_word' id='word_1_138' title='bbox 1085 337 1179 372; x_wconf 84' lang='grc' dir='ltr'><strong>θυμῶν</strong></span> <span class='ocrx_word' id='word_1_139' title='bbox 1210 337 1335 371; x_wconf 75' lang='grc' dir='ltr'>ἧνεγκεν,</span> <span class='ocrx_word' id='word_1_140' title='bbox 1361 336 1517 370; x_wconf 81' lang='grc' dir='ltr'><strong>ὑπανοίγων</strong></span> <span class='ocrx_word' id='word_1_141' title='bbox 1542 336 1626 371; x_wconf 83' lang='grc' dir='ltr'>θύραν</span> <span class='ocrx_word' id='word_1_142' title='bbox 1655 337 1783 371; x_wconf 76' lang='grc' dir='ltr'><strong>μετανοίας</strong></span> <span class='ocrx_word' id='word_1_143' title='bbox 1807 338 1837 372; x_wconf 82' lang='grc' dir='ltr'>τῷ</span> 
     </span>
    </p>
   </div>
   <div class='ocr_carea' id='block_1_21' title="bbox 1085 378 1838 417">
    <p class='ocr_par' dir='ltr' id='par_1_21' title="bbox 1085 378 1838 417">
     <span class='ocr_line' id='line_1_21' title="bbox 1085 378 1838 417; baseline -0.001 -8"><span class='ocrx_word' id='word_1_144' title='bbox 1085 383 1170 417; x_wconf 74' lang='grc' dir='ltr'>ἐνόχῳ</span> <span class='ocrx_word' id='word_1_145' title='bbox 1189 382 1237 417; x_wconf 82' lang='grc' dir='ltr'>τῆς</span> <span class='ocrx_word' id='word_1_146' title='bbox 1254 383 1400 416; x_wconf 79' lang='grc' dir='ltr'>ἁμαρτίας,</span> <span class='ocrx_word' id='word_1_147' title='bbox 1417 378 1476 408; x_wconf 74' lang='grc' dir='ltr'>εἶτα</span> <span class='ocrx_word' id='word_1_148' title='bbox 1497 381 1558 408; x_wconf 73' lang='grc' dir='ltr'>ἀντὶ</span> <span class='ocrx_word' id='word_1_149' title='bbox 1569 381 1615 408; x_wconf 87' lang='grc' dir='ltr'>τοῦ</span> <span class='ocrx_word' id='word_1_150' title='bbox 1631 381 1727 408; x_wconf 75' lang='grc' dir='ltr'>κλαίειν</span> <span class='ocrx_word' id='word_1_151' title='bbox 1737 383 1777 408; x_wconf 77' lang='grc' dir='ltr'><strong>καὶ</strong></span> <span class='ocrx_word' id='word_1_152' title='bbox 1789 390 1838 408; x_wconf 81' lang='grc' dir='ltr'>πεν-</span> 
     </span>
    </p>
   </div>
   <div class='ocr_carea' id='block_1_22' title="bbox 1085 426 1837 463">
    <p class='ocr_par' dir='ltr' id='par_1_22' title="bbox 1085 426 1837 463">
     <span class='ocr_line' id='line_1_22' title="bbox 1085 426 1837 463; baseline 0 -9"><span class='ocrx_word' id='word_1_153' title='bbox 1085 428 1143 455; x_wconf 82' lang='grc' dir='ltr'>θεῖν</span> <span class='ocrx_word' id='word_1_154' title='bbox 1168 428 1215 454; x_wconf 79' lang='grc' dir='ltr'>τὸν</span> <span class='ocrx_word' id='word_1_155' title='bbox 1241 428 1364 454; x_wconf 76' lang='grc' dir='ltr'>τοιοῦτον</span> <span class='ocrx_word' id='word_1_156' title='bbox 1390 428 1471 463; x_wconf 82' lang='grc' dir='ltr'>μέχρι</span> <span class='ocrx_word' id='word_1_157' title='bbox 1502 426 1628 459; x_wconf 81' lang='grc' dir='ltr'>θανάτου,</span> <span class='ocrx_word' id='word_1_158' title='bbox 1646 427 1799 454; x_wconf 81' lang='grc' dir='ltr'>ἁπόπτυστόν</span> <span class='ocrx_word' id='word_1_159' title='bbox 1814 435 1837 454; x_wconf 79' lang='grc' dir='ltr'><strong>τε</strong></span> 
     </span>
    </p>
   </div>
   <div class='ocr_carea' id='block_1_23' title="bbox 1086 471 1837 508">
    <p class='ocr_par' dir='ltr' id='par_1_23' title="bbox 1086 471 1837 508">
     <span class='ocr_line' id='line_1_23' title="bbox 1086 471 1837 508; baseline -0.001 -8"><span class='ocrx_word' id='word_1_160' title='bbox 1086 471 1214 500; x_wconf 78' lang='grc' dir='ltr'>εἶναικαὶ</span> <span class='ocrx_word' id='word_1_161' title='bbox 1228 473 1416 508; x_wconf 75' lang='grc' dir='ltr'><strong>ἀποτρόπαιον</strong></span> <span class='ocrx_word' id='word_1_162' title='bbox 1430 474 1470 505; x_wconf 83' lang='grc' dir='ltr'><strong>εἰς</strong></span> <span class='ocrx_word' id='word_1_163' title='bbox 1480 473 1634 508; x_wconf 82' lang='grc' dir='ltr'><strong>ὑπόδειγμα</strong></span> <span class='ocrx_word' id='word_1_164' title='bbox 1645 474 1701 504; x_wconf 82' lang='grc' dir='ltr'>ταῖς</span> <span class='ocrx_word' id='word_1_165' title='bbox 1717 474 1837 508; x_wconf 79' lang='grc' dir='ltr'>μετέπειτα</span> 
     </span>
    </p>
   </div>
   <div class='ocr_carea' id='block_1_24' title="bbox 1087 518 1839 554">
    <p class='ocr_par' dir='ltr' id='par_1_24' title="bbox 1087 518 1839 554">
     <span class='ocr_line' id='line_1_24' title="bbox 1087 518 1839 554; baseline -0.001 -9"><span class='ocrx_word' id='word_1_166' title='bbox 1087 521 1205 554; x_wconf 80' lang='grc' dir='ltr'>γενεαῖς,</span> <span class='ocrx_word' id='word_1_167' title='bbox 1224 519 1301 550; x_wconf 82' lang='grc' dir='ltr'>θείας</span> <span class='ocrx_word' id='word_1_168' title='bbox 1315 519 1493 554; x_wconf 81' lang='grc' dir='ltr'>ζηλοτυπίας’</span> <span class='ocrx_word' id='word_1_169' title='bbox 1513 518 1596 546; x_wconf 85' lang='grc' dir='ltr'>πάλιν</span> <span class='ocrx_word' id='word_1_170' title='bbox 1616 519 1644 545; x_wconf 85' lang='grc' dir='ltr'>ὲν</span> <span class='ocrx_word' id='word_1_171' title='bbox 1665 520 1695 554; x_wconf 79' lang='grc' dir='ltr'>τῇ</span> <span class='ocrx_word' id='word_1_172' title='bbox 1718 518 1839 553; x_wconf 74' lang='grc' dir='ltr'>Ἐκκλησία</span> 
     </span>
    </p>
   </div>
   <div class='ocr_carea' id='block_1_25' title="bbox 1087 564 1838 600">
    <p class='ocr_par' dir='ltr' id='par_1_25' title="bbox 1087 564 1838 600">
     <span class='ocr_line' id='line_1_25' title="bbox 1087 564 1838 600; baseline -0.001 -8"><span class='ocrx_word' id='word_1_173' title='bbox 1087 566 1230 599; x_wconf 81' lang='grc' dir='ltr'><strong>εἰσελθεῖν,</strong></span> <span class='ocrx_word' id='word_1_174' title='bbox 1257 565 1306 593; x_wconf 80' lang='grc' dir='ltr'>καὶ</span> <span class='ocrx_word' id='word_1_175' title='bbox 1334 566 1415 592; x_wconf 85' lang='grc' dir='ltr'>πάλιν</span> <span class='ocrx_word' id='word_1_176' title='bbox 1438 565 1575 600; x_wconf 80' lang='grc' dir='ltr'>ὑπάρχειν</span> <span class='ocrx_word' id='word_1_177' title='bbox 1605 565 1679 600; x_wconf 72' lang='grc' dir='ltr'>ἱερέα</span> <span class='ocrx_word' id='word_1_178' title='bbox 1704 564 1838 599; x_wconf 60' lang='grc' dir='ltr'>ἀναρανδόν.</span> 
     </span>
    </p>
   </div>
   <div class='ocr_carea' id='block_1_26' title="bbox 1088 610 1839 646">
    <p class='ocr_par' dir='ltr' id='par_1_26' title="bbox 1088 610 1839 646">
     <span class='ocr_line' id='line_1_26' title="bbox 1088 610 1839 646; baseline -0.003 -8"><span class='ocrx_word' id='word_1_179' title='bbox 1088 611 1194 638; x_wconf 83' lang='grc' dir='ltr'>Οὐκοῦν</span> <span class='ocrx_word' id='word_1_180' title='bbox 1208 611 1246 643; x_wconf 81' lang='grc' dir='ltr'>ὡς</span> <span class='ocrx_word' id='word_1_181' title='bbox 1261 611 1344 638; x_wconf 89' lang='grc' dir='ltr'>καλόν</span> <span class='ocrx_word' id='word_1_182' title='bbox 1357 620 1384 638; x_wconf 90' lang='grc' dir='ltr'><strong>τι</strong></span> <span class='ocrx_word' id='word_1_183' title='bbox 1399 610 1550 646; x_wconf 83' lang='grc' dir='ltr'>πεπραχὼς</span> <span class='ocrx_word' id='word_1_184' title='bbox 1565 610 1726 646; x_wconf 80' lang='grc' dir='ltr'>εἰσελήλυθε·</span> <span class='ocrx_word' id='word_1_185' title='bbox 1741 611 1780 636; x_wconf 84' lang='grc' dir='ltr'>καὶ</span> <span class='ocrx_word' id='word_1_186' title='bbox 1790 610 1839 644; x_wconf 84' lang='grc' dir='ltr'>Χρι-</span> 
     </span>
    </p>
   </div>
   <div class='ocr_carea' id='block_1_27' title="bbox 1090 656 1839 692">
    <p class='ocr_par' dir='ltr' id='par_1_27' title="bbox 1090 656 1839 692">
     <span class='ocr_line' id='line_1_27' title="bbox 1090 656 1839 692; baseline -0.001 -9"><span class='ocrx_word' id='word_1_187' title='bbox 1090 658 1151 689; x_wconf 81' lang='grc' dir='ltr'>στὸς</span> <span class='ocrx_word' id='word_1_188' title='bbox 1171 657 1298 692; x_wconf 77' lang='grc' dir='ltr'>ἥττηται,</span> <span class='ocrx_word' id='word_1_189' title='bbox 1317 657 1378 683; x_wconf 81' lang='grc' dir='ltr'>κατ’</span> <span class='ocrx_word' id='word_1_190' title='bbox 1402 656 1487 683; x_wconf 80' lang='grc' dir='ltr'>αὑτὸν</span> <span class='ocrx_word' id='word_1_191' title='bbox 1511 656 1674 691; x_wconf 80' lang='grc' dir='ltr'>παραλόγως</span> <span class='ocrx_word' id='word_1_192' title='bbox 1692 656 1839 691; x_wconf 80' lang='grc' dir='ltr'>διαγορεύων.</span> 
     </span>
    </p>
   </div>
   <div class='ocr_carea' id='block_1_28' title="bbox 1090 701 1840 738">
    <p class='ocr_par' dir='ltr' id='par_1_28' title="bbox 1090 701 1840 738">
     <span class='ocr_line' id='line_1_28' title="bbox 1090 701 1840 738; baseline -0.004 -8"><span class='ocrx_word' id='word_1_193' title='bbox 1090 703 1144 730; x_wconf 71' lang='grc' dir='ltr'><strong>Καὶ</strong></span> <span class='ocrx_word' id='word_1_194' title='bbox 1154 703 1214 730; x_wconf 78' lang='grc' dir='ltr'>δέον</span> <span class='ocrx_word' id='word_1_195' title='bbox 1223 702 1269 729; x_wconf 85' lang='grc' dir='ltr'><strong>διὰ</strong></span> <span class='ocrx_word' id='word_1_196' title='bbox 1283 702 1333 737; x_wconf 85' lang='grc' dir='ltr'>τῆς</span> <span class='ocrx_word' id='word_1_197' title='bbox 1347 703 1376 729; x_wconf 82' lang='grc' dir='ltr'>ὲν</span> <span class='ocrx_word' id='word_1_198' title='bbox 1387 701 1426 737; x_wconf 88' lang='grc' dir='ltr'><strong>τῷ</strong></span> <span class='ocrx_word' id='word_1_199' title='bbox 1441 701 1524 736; x_wconf 86' lang='grc' dir='ltr'>κοινῷ</span> <span class='ocrx_word' id='word_1_200' title='bbox 1540 702 1694 738; x_wconf 83' lang='grc' dir='ltr'>ἱερουργίας</span> <span class='ocrx_word' id='word_1_201' title='bbox 1706 702 1788 734; x_wconf 65' lang='grc' dir='ltr'>αὐτοῦ,</span> <span class='ocrx_word' id='word_1_202' title='bbox 1797 701 1840 727; x_wconf 75' lang='grc' dir='ltr'>δεσ-</span> 
     </span>
    </p>
   </div>
   <div class='ocr_carea' id='block_1_29' title="bbox 1089 747 1841 784">
    <p class='ocr_par' dir='ltr' id='par_1_29' title="bbox 1089 747 1841 784">
     <span class='ocr_line' id='line_1_29' title="bbox 1089 747 1841 784; baseline -0.003 -9"><span class='ocrx_word' id='word_1_203' title='bbox 1089 749 1199 784; x_wconf 84' lang='grc' dir='ltr'>δοθῆναι</span> <span class='ocrx_word' id='word_1_204' title='bbox 1225 749 1266 780; x_wconf 85' lang='grc' dir='ltr'><strong>είς</strong></span> <span class='ocrx_word' id='word_1_205' title='bbox 1291 749 1383 774; x_wconf 79' lang='grc' dir='ltr'>πᾶσαν</span> <span class='ocrx_word' id='word_1_206' title='bbox 1397 748 1447 783; x_wconf 85' lang='grc' dir='ltr'>τὴν</span> <span class='ocrx_word' id='word_1_207' title='bbox 1461 747 1522 774; x_wconf 79' lang='grc' dir='ltr'>καθ’</span> <span class='ocrx_word' id='word_1_208' title='bbox 1543 748 1618 782; x_wconf 83' lang='grc' dir='ltr'>ἡμᾶς</span> <span class='ocrx_word' id='word_1_209' title='bbox 1639 747 1794 782; x_wconf 75' lang='grc' dir='ltr'>Ἐκκλησίαν,</span> <span class='ocrx_word' id='word_1_210' title='bbox 1805 747 1841 773; x_wconf 73' lang='grc' dir='ltr'><strong>καὶ</strong></span> 
     </span>
    </p>
   </div>
   <div class='ocr_carea' id='block_1_30' title="bbox 1091 793 1763 829">
    <p class='ocr_par' dir='ltr' id='par_1_30' title="bbox 1091 793 1763 829">
     <span class='ocr_line' id='line_1_30' title="bbox 1091 793 1763 829; baseline 0.001 -9"><span class='ocrx_word' id='word_1_211' title='bbox 1091 793 1314 828; x_wconf 63' lang='grc' dir='ltr'>σιογκατανεῦσαι</span> <span class='ocrx_word' id='word_1_212' title='bbox 1330 793 1435 825; x_wconf 82' lang='grc' dir='ltr'>πάντας</span> <span class='ocrx_word' id='word_1_213' title='bbox 1450 794 1496 820; x_wconf 77' lang='grc' dir='ltr'><strong>ἐπὶ</strong></span> <span class='ocrx_word' id='word_1_214' title='bbox 1510 794 1549 829; x_wconf 82' lang='grc' dir='ltr'>τῷ</span> <span class='ocrx_word' id='word_1_215' title='bbox 1562 794 1674 829; x_wconf 83' lang='grc' dir='ltr'>τοιούτῳ</span> <span class='ocrx_word' id='word_1_216' title='bbox 1689 794 1763 829; x_wconf 76' lang='grc' dir='ltr'>ἔργῳ.</span> 
     </span>
    </p>
   </div>
   <div class='ocr_carea' id='block_1_31' title="bbox 1127 838 1841 874">
    <p class='ocr_par' dir='ltr' id='par_1_31' title="bbox 1127 838 1841 874">
     <span class='ocr_line' id='line_1_31' title="bbox 1127 838 1841 874; baseline -0.001 -8"><span class='ocrx_word' id='word_1_217' title='bbox 1127 840 1159 866; x_wconf 79' lang='lat' dir='ltr'><strong>Ti</strong></span> <span class='ocrx_word' id='word_1_218' title='bbox 1176 839 1230 874; x_wconf 86' lang='grc' dir='ltr'><strong>γὰρ</strong></span> <span class='ocrx_word' id='word_1_219' title='bbox 1246 839 1310 866; x_wconf 75' lang='grc' dir='ltr'>ἄλλο</span> <span class='ocrx_word' id='word_1_220' title='bbox 1333 840 1381 866; x_wconf 75' lang='grc' dir='ltr'><strong>καὶ</strong></span> <span class='ocrx_word' id='word_1_221' title='bbox 1404 839 1435 866; x_wconf 84' lang='grc' dir='ltr'>οὺ</span> <span class='ocrx_word' id='word_1_222' title='bbox 1450 839 1530 866; x_wconf 77' lang='grc' dir='ltr'>τοῦτο</span> <span class='ocrx_word' id='word_1_223' title='bbox 1545 840 1708 874; x_wconf 82' lang='grc' dir='ltr'>γενήσεται;</span> <span class='ocrx_word' id='word_1_224' title='bbox 1729 839 1798 866; x_wconf 58' lang='lat' dir='ltr'><strong>aut</strong></span> <span class='ocrx_word' id='word_1_225' title='bbox 1814 838 1841 874; x_wconf 82' lang='grc' dir='ltr'>μὴ</span> 
     </span>
    </p>
   </div>
   <div class='ocr_carea' id='block_1_32' title="bbox 255 882 1045 920">
    <p class='ocr_par' dir='ltr' id='par_1_32' title="bbox 255 882 1040 920">
     <span class='ocr_line' id='line_1_32' title="bbox 255 882 1040 920; baseline -0.009 -5"><span class='ocrx_word' id='word_1_226' title='bbox 255 889 371 916; x_wconf 80' lang='lat' dir='ltr'><strong>fortasse</strong></span> <span class='ocrx_word' id='word_1_227' title='bbox 385 887 447 914; x_wconf 87' lang='lat' dir='ltr'><strong>talia</strong></span> <span class='ocrx_word' id='word_1_228' title='bbox 463 886 593 920; x_wconf 79' lang='lat' dir='ltr'><strong>deinceps</strong></span> <span class='ocrx_word' id='word_1_229' title='bbox 609 892 658 919; x_wconf 88' lang='lat' dir='ltr'><strong>per</strong></span> <span class='ocrx_word' id='word_1_230' title='bbox 673 883 825 918; x_wconf 81' lang='lat' dir='ltr'><strong>improbam</strong></span> <span class='ocrx_word' id='word_1_231' title='bbox 840 882 1040 910; x_wconf 80' lang='lat' dir='ltr'><strong>aemulationem</strong></span> 
     </span>
    </p>
   </div>
   <div class='ocr_carea' id='block_1_33' title="bbox 1098 882 1842 920">
    <p class='ocr_par' dir='ltr' id='par_1_33' title="bbox 1098 882 1842 920">
     <span class='ocr_line' id='line_1_33' title="bbox 1098 882 1842 920; baseline -0.005 -8"><span class='ocrx_word' id='word_1_232' title='bbox 1098 885 1207 919; x_wconf 73' lang='grc' dir='ltr'>γένοιτο.</span> <span class='ocrx_word' id='word_1_233' title='bbox 1223 886 1270 911; x_wconf 85' lang='grc' dir='ltr'>Δεῖ</span> <span class='ocrx_word' id='word_1_234' title='bbox 1281 885 1310 912; x_wconf 82' lang='grc' dir='ltr'>δὲ</span> <span class='ocrx_word' id='word_1_235' title='bbox 1323 885 1394 920; x_wconf 85' lang='grc' dir='ltr'>τάχα</span> <span class='ocrx_word' id='word_1_236' title='bbox 1409 885 1441 911; x_wconf 81' lang='grc' dir='ltr'>ὲκ</span> <span class='ocrx_word' id='word_1_237' title='bbox 1454 885 1614 920; x_wconf 81' lang='grc' dir='ltr'>παραζήλου</span> <span class='ocrx_word' id='word_1_238' title='bbox 1630 885 1682 912; x_wconf 82' lang='grc' dir='ltr'><strong>άπδ</strong></span> <span class='ocrx_word' id='word_1_239' title='bbox 1694 884 1737 911; x_wconf 84' lang='grc' dir='ltr'>τοῦ</span> <span class='ocrx_word' id='word_1_240' title='bbox 1749 882 1842 919; x_wconf 76' lang='grc' dir='ltr'>δεῦροτὸ</span> 
     </span>
    </p>
   </div>
   <div class='ocr_carea' id='block_1_34' title="bbox 256 928 1042 968">
    <p class='ocr_par' dir='ltr' id='par_1_34' title="bbox 256 928 1042 968">
     <span class='ocr_line' id='line_1_34' title="bbox 256 928 1042 968; baseline -0.011 -6"><span class='ocrx_word' id='word_1_241' title='bbox 256 934 315 962; x_wconf 76' lang='lat' dir='ltr'><strong>fieri</strong></span> <span class='ocrx_word' id='word_1_242' title='bbox 328 936 452 968; x_wconf 84' lang='lat' dir='ltr'><strong>oporteat</strong></span> <span class='ocrx_word' id='word_1_243' title='bbox 465 941 472 959; x_wconf 87' lang='lat'><strong>:</strong></span> <span class='ocrx_word' id='word_1_244' title='bbox 482 935 649 959; x_wconf 84' lang='lat' dir='ltr'><strong>coronentur</strong></span> <span class='ocrx_word' id='word_1_245' title='bbox 658 929 773 957; x_wconf 85' lang='lat' dir='ltr'><strong>adulteri</strong></span> <span class='ocrx_word' id='word_1_246' title='bbox 784 947 792 960; x_wconf 89' lang='lat'><strong>,</strong></span> <span class='ocrx_word' id='word_1_247' title='bbox 803 933 830 955; x_wconf 92' lang='lat' dir='ltr'><strong>et</strong></span> <span class='ocrx_word' id='word_1_248' title='bbox 840 928 887 962; x_wconf 89' lang='lat' dir='ltr'><strong>qui</strong></span> <span class='ocrx_word' id='word_1_249' title='bbox 899 932 1042 959; x_wconf 86' lang='lat' dir='ltr'><strong>coronant,</strong></span> 
     </span>
    </p>
   </div>
   <div class='ocr_carea' id='block_1_35' title="bbox 255 973 1043 1015">
    <p class='ocr_par' dir='ltr' id='par_1_35' title="bbox 255 973 1043 1015">
     <span class='ocr_line' id='line_1_35' title="bbox 255 973 1043 1015; baseline -0.009 -9"><span class='ocrx_word' id='word_1_250' title='bbox 255 979 332 1015; x_wconf 83' lang='lat' dir='ltr'><strong>quasi</strong></span> <span class='ocrx_word' id='word_1_251' title='bbox 349 985 475 1013; x_wconf 83' lang='lat' dir='ltr'><strong>maguum</strong></span> <span class='ocrx_word' id='word_1_252' title='bbox 497 977 604 1011; x_wconf 84' lang='lat' dir='ltr'><strong>aliquod</strong></span> <span class='ocrx_word' id='word_1_253' title='bbox 618 975 723 1003; x_wconf 76' lang='lat' dir='ltr'><strong>facinus</strong></span> <span class='ocrx_word' id='word_1_254' title='bbox 740 974 884 1006; x_wconf 88' lang='lat' dir='ltr'><strong>ediderint,</strong></span> <span class='ocrx_word' id='word_1_255' title='bbox 897 973 1043 1007; x_wconf 89' lang='lat' dir='ltr'><strong>multisque</strong></span> 
     </span>
    </p>
   </div>
   <div class='ocr_carea' id='block_1_36' title="bbox 256 1018 1043 1061">
    <p class='ocr_par' dir='ltr' id='par_1_36' title="bbox 256 1018 1043 1061">
     <span class='ocr_line' id='line_1_36' title="bbox 256 1018 1043 1061; baseline -0.011 -8"><span class='ocrx_word' id='word_1_256' title='bbox 256 1025 405 1061; x_wconf 78' lang='lat' dir='ltr'><strong>prodesse,</strong></span> <span class='ocrx_word' id='word_1_257' title='bbox 421 1028 449 1050; x_wconf 91' lang='lat' dir='ltr'><strong>et</strong></span> <span class='ocrx_word' id='word_1_258' title='bbox 466 1023 617 1051; x_wconf 79' lang='lat' dir='ltr'><strong>uniformes</strong></span> <span class='ocrx_word' id='word_1_259' title='bbox 631 1020 700 1047; x_wconf 90' lang='lat' dir='ltr'><strong>ritus</strong></span> <span class='ocrx_word' id='word_1_260' title='bbox 711 1020 841 1047; x_wconf 88' lang='lat' dir='ltr'><strong>inducere</strong></span> <span class='ocrx_word' id='word_1_261' title='bbox 852 1019 967 1054; x_wconf 89' lang='lat' dir='ltr'><strong>possint.</strong></span> <span class='ocrx_word' id='word_1_262' title='bbox 988 1018 1043 1045; x_wconf 89' lang='lat' dir='ltr'><strong>llo-</strong></span> 
     </span>
    </p>
   </div>
   <div class='ocr_carea' id='block_1_37' title="bbox 257 1064 1045 1102">
    <p class='ocr_par' dir='ltr' id='par_1_37' title="bbox 257 1064 1045 1102">
     <span class='ocr_line' id='line_1_37' title="bbox 257 1064 1045 1102; baseline -0.01 -3"><span class='ocrx_word' id='word_1_263' title='bbox 257 1070 370 1099; x_wconf 81' lang='lat' dir='ltr'><strong>noriﬁce</strong></span> <span class='ocrx_word' id='word_1_264' title='bbox 386 1070 420 1098; x_wconf 87' lang='lat' dir='ltr'><strong>ab</strong></span> <span class='ocrx_word' id='word_1_265' title='bbox 437 1069 565 1098; x_wconf 88' lang='lat' dir='ltr'><strong>omnibus</strong></span> <span class='ocrx_word' id='word_1_266' title='bbox 591 1067 773 1102; x_wconf 76' lang='lat' dir='ltr'><strong>excipiantur.</strong></span> <span class='ocrx_word' id='word_1_267' title='bbox 804 1065 857 1092; x_wconf 85' lang='lat' dir='ltr'><strong>Sed</strong></span> <span class='ocrx_word' id='word_1_268' title='bbox 881 1064 952 1092; x_wconf 90' lang='lat' dir='ltr'><strong>absit</strong></span> <span class='ocrx_word' id='word_1_269' title='bbox 969 1073 976 1091; x_wconf 84' lang='lat'><strong>:</strong></span> <span class='ocrx_word' id='word_1_270' title='bbox 992 1071 1045 1091; x_wconf 90' lang='lat' dir='ltr'><strong>nec</strong></span> 
     </span>
    </p>
   </div>
   <div class='ocr_carea' id='block_1_38' title="bbox 257 1110 1044 1147">
    <p class='ocr_par' dir='ltr' id='par_1_38' title="bbox 257 1110 1044 1147">
     <span class='ocr_line' id='line_1_38' title="bbox 257 1110 1044 1147; baseline -0.01 -3"><span class='ocrx_word' id='word_1_271' title='bbox 257 1116 392 1144; x_wconf 83' lang='lat' dir='ltr'><strong>enimille</strong></span> <span class='ocrx_word' id='word_1_272' title='bbox 413 1115 559 1147; x_wconf 86' lang='lat' dir='ltr'><strong>sacerdos;</strong></span> <span class='ocrx_word' id='word_1_273' title='bbox 583 1120 635 1140; x_wconf 89' lang='lat' dir='ltr'><strong>nec</strong></span> <span class='ocrx_word' id='word_1_274' title='bbox 663 1112 700 1139; x_wconf 92' lang='lat' dir='ltr'><strong>illi</strong></span> <span class='ocrx_word' id='word_1_275' title='bbox 722 1111 769 1146; x_wconf 90' lang='lat' dir='ltr'><strong>qui</strong></span> <span class='ocrx_word' id='word_1_276' title='bbox 793 1111 868 1138; x_wconf 85' lang='lat' dir='ltr'><strong>illuni</strong></span> <span class='ocrx_word' id='word_1_277' title='bbox 893 1110 1044 1137; x_wconf 85' lang='lat' dir='ltr'><strong>imitantur.</strong></span> 
     </span>
    </p>
   </div>
   <div class='ocr_carea' id='block_1_39' title="bbox 257 1155 1045 1198">
    <p class='ocr_par' dir='ltr' id='par_1_39' title="bbox 257 1155 1045 1198">
     <span class='ocr_line' id='line_1_39' title="bbox 257 1155 1045 1198; baseline -0.011 -7"><span class='ocrx_word' id='word_1_278' title='bbox 257 1163 351 1198; x_wconf 86' lang='lat' dir='ltr'><strong>Neque</strong></span> <span class='ocrx_word' id='word_1_279' title='bbox 365 1170 431 1190; x_wconf 88' lang='lat' dir='ltr'><strong>vero</strong></span> <span class='ocrx_word' id='word_1_280' title='bbox 440 1169 502 1189; x_wconf 88' lang='lat' dir='ltr'><strong>eum</strong></span> <span class='ocrx_word' id='word_1_281' title='bbox 514 1159 588 1187; x_wconf 79' lang='lat' dir='ltr'><strong>fallat</strong></span> <span class='ocrx_word' id='word_1_282' title='bbox 596 1158 669 1194; x_wconf 89' lang='lat' dir='ltr'><strong>quod</strong></span> <span class='ocrx_word' id='word_1_283' title='bbox 685 1158 832 1192; x_wconf 85' lang='lat' dir='ltr'><strong>imperator</strong></span> <span class='ocrx_word' id='word_1_284' title='bbox 847 1156 952 1190; x_wconf 81' lang='lat' dir='ltr'><strong>fuitqui</strong></span> <span class='ocrx_word' id='word_1_285' title='bbox 969 1155 1045 1182; x_wconf 40' lang='lat' dir='ltr'><strong>adul‘</strong></span> 
     </span>
    </p>
   </div>
   <div class='ocr_carea' id='block_1_40' title="bbox 259 1203 1044 1240">
    <p class='ocr_par' dir='ltr' id='par_1_40' title="bbox 259 1203 1044 1240">
     <span class='ocr_line' id='line_1_40' title="bbox 259 1203 1044 1240; baseline -0.011 -3"><span class='ocrx_word' id='word_1_286' title='bbox 259 1210 358 1237; x_wconf 87' lang='lat' dir='ltr'><strong>terium</strong></span> <span class='ocrx_word' id='word_1_287' title='bbox 368 1206 514 1236; x_wconf 85' lang='lat' dir='ltr'><strong>commisit.</strong></span> <span class='ocrx_word' id='word_1_288' title='bbox 530 1205 579 1232; x_wconf 87' lang='lat' dir='ltr'><strong>Dei</strong></span> <span class='ocrx_word' id='word_1_289' title='bbox 593 1205 666 1232; x_wconf 88' lang='lat' dir='ltr'><strong>enim</strong></span> <span class='ocrx_word' id='word_1_290' title='bbox 675 1204 747 1240; x_wconf 89' lang='lat' dir='ltr'><strong>leges</strong></span> <span class='ocrx_word' id='word_1_291' title='bbox 757 1203 884 1231; x_wconf 89' lang='lat' dir='ltr'><strong>omnibus</strong></span> <span class='ocrx_word' id='word_1_292' title='bbox 899 1203 1044 1236; x_wconf 87' lang='lat' dir='ltr'><strong>imperant,</strong></span> 
     </span>
    </p>
   </div>
   <div class='ocr_carea' id='block_1_41' title="bbox 260 1246 1046 1287">
    <p class='ocr_par' dir='ltr' id='par_1_41' title="bbox 260 1246 1046 1287">
     <span class='ocr_line' id='line_1_41' title="bbox 260 1246 1046 1287; baseline -0.011 -5"><span class='ocrx_word' id='word_1_293' title='bbox 260 1259 292 1282; x_wconf 83' lang='lat' dir='ltr'><strong>ut</strong></span> <span class='ocrx_word' id='word_1_294' title='bbox 305 1253 437 1287; x_wconf 85' lang='lat' dir='ltr'><strong>scriptum</strong></span> <span class='ocrx_word' id='word_1_295' title='bbox 452 1256 494 1278; x_wconf 87' lang='lat' dir='ltr'><strong>est</strong></span> <span class='ocrx_word' id='word_1_296' title='bbox 504 1251 538 1277; x_wconf 82' lang='grc'><strong>⁵⁸.</strong></span> <span class='ocrx_word' id='word_1_297' title='bbox 557 1249 739 1276; x_wconf 68' lang='lat' dir='ltr'><strong>Nihilominus</strong></span> <span class='ocrx_word' id='word_1_298' title='bbox 755 1248 800 1284; x_wconf 89' lang='lat' dir='ltr'><strong>qui</strong></span> <span class='ocrx_word' id='word_1_299' title='bbox 813 1253 867 1275; x_wconf 87' lang='lat' dir='ltr'><strong>tam</strong></span> <span class='ocrx_word' id='word_1_300' title='bbox 880 1252 979 1274; x_wconf 88' lang='lat' dir='ltr'><strong>tetrum</strong></span> <span class='ocrx_word' id='word_1_301' title='bbox 994 1246 1046 1274; x_wconf 90' lang='lat' dir='ltr'><strong>hoc</strong></span> 
     </span>
    </p>
   </div>
   <div class='ocr_carea' id='block_1_42' title="bbox 260 1292 1046 1329">
    <p class='ocr_par' dir='ltr' id='par_1_42' title="bbox 260 1292 1046 1329">
     <span class='ocr_line' id='line_1_42' title="bbox 260 1292 1046 1329; baseline -0.008 -3"><span class='ocrx_word' id='word_1_302' title='bbox 260 1298 367 1326; x_wconf 72' lang='lat' dir='ltr'><strong>facinus</strong></span> <span class='ocrx_word' id='word_1_303' title='bbox 383 1297 512 1328; x_wconf 86' lang='lat' dir='ltr'><strong>admisit.</strong></span> <span class='ocrx_word' id='word_1_304' title='bbox 535 1295 685 1323; x_wconf 86' lang='lat' dir='ltr'><strong>etiamnum</strong></span> <span class='ocrx_word' id='word_1_305' title='bbox 709 1294 892 1329; x_wconf 88' lang='lat' dir='ltr'><strong>iniquitatem,</strong></span> <span class='ocrx_word' id='word_1_306' title='bbox 912 1292 1046 1328; x_wconf 85' lang='lat' dir='ltr'><strong>justitiam</strong></span> 
     </span>
    </p>
   </div>
   <div class='ocr_carea' id='block_1_43' title="bbox 260 1339 1047 1376">
    <p class='ocr_par' dir='ltr' id='par_1_43' title="bbox 260 1339 1047 1376">
     <span class='ocr_line' id='line_1_43' title="bbox 260 1339 1047 1376; baseline -0.009 -4"><span class='ocrx_word' id='word_1_307' title='bbox 260 1344 353 1372; x_wconf 72' lang='lat' dir='ltr'><strong>facere</strong></span> <span class='ocrx_word' id='word_1_308' title='bbox 365 1342 522 1374; x_wconf 86' lang='lat' dir='ltr'><strong>contendit;</strong></span> <span class='ocrx_word' id='word_1_309' title='bbox 538 1345 576 1374; x_wconf 87' lang='lat' dir='ltr'><strong>et,</strong></span> <span class='ocrx_word' id='word_1_310' title='bbox 585 1341 657 1376; x_wconf 89' lang='lat' dir='ltr'><strong>quod</strong></span> <span class='ocrx_word' id='word_1_311' title='bbox 674 1340 728 1368; x_wconf 87' lang='lat' dir='ltr'><strong>dici</strong></span> <span class='ocrx_word' id='word_1_312' title='bbox 739 1340 818 1372; x_wconf 85' lang='lat' dir='ltr'><strong>solet,</strong></span> <span class='ocrx_word' id='word_1_313' title='bbox 833 1347 862 1367; x_wconf 92' lang='lat' dir='ltr'><strong>se</strong></span> <span class='ocrx_word' id='word_1_314' title='bbox 877 1340 964 1374; x_wconf 91' lang='lat' dir='ltr'><strong>ipsum</strong></span> <span class='ocrx_word' id='word_1_315' title='bbox 973 1339 1047 1366; x_wconf 69' lang='lat' dir='ltr'><strong>Prae-</strong></span> 
     </span>
    </p>
   </div>
   <div class='ocr_carea' id='block_1_44' title="bbox 262 1384 1047 1423">
    <p class='ocr_par' dir='ltr' id='par_1_44' title="bbox 262 1384 1047 1423">
     <span class='ocr_line' id='line_1_44' title="bbox 262 1384 1047 1423; baseline -0.009 -5"><span class='ocrx_word' id='word_1_316' title='bbox 262 1397 374 1418; x_wconf 86' lang='lat' dir='ltr'><strong>cursore</strong></span> <span class='ocrx_word' id='word_1_317' title='bbox 386 1397 418 1416; x_wconf 88' lang='lat' dir='ltr'><strong>ae</strong></span> <span class='ocrx_word' id='word_1_318' title='bbox 425 1388 544 1423; x_wconf 89' lang='lat' dir='ltr'><strong>Baptista</strong></span> <span class='ocrx_word' id='word_1_319' title='bbox 556 1387 719 1414; x_wconf 85' lang='lat' dir='ltr'><strong>sanctiorem</strong></span> <span class='ocrx_word' id='word_1_320' title='bbox 727 1386 881 1413; x_wconf 81' lang='lat' dir='ltr'><strong>ostendere.</strong></span> <span class='ocrx_word' id='word_1_321' title='bbox 895 1386 962 1417; x_wconf 73' lang='lat' dir='ltr'><strong>(lum</strong></span> <span class='ocrx_word' id='word_1_322' title='bbox 974 1384 1047 1412; x_wconf 89' lang='lat' dir='ltr'><strong>enim</strong></span> 
     </span>
    </p>
   </div>
   <div class='ocr_carea' id='block_1_45' title="bbox 263 1431 1048 1467">
    <p class='ocr_par' dir='ltr' id='par_1_45' title="bbox 263 1431 1048 1467">
     <span class='ocr_line' id='line_1_45' title="bbox 263 1431 1048 1467; baseline -0.009 -3"><span class='ocrx_word' id='word_1_323' title='bbox 263 1436 308 1464; x_wconf 88' lang='lat' dir='ltr'><strong>ille</strong></span> <span class='ocrx_word' id='word_1_324' title='bbox 326 1435 461 1463; x_wconf 84' lang='lat' dir='ltr'><strong>Herodem</strong></span> <span class='ocrx_word' id='word_1_325' title='bbox 480 1433 631 1460; x_wconf 88' lang='lat' dir='ltr'><strong>adulterum</strong></span> <span class='ocrx_word' id='word_1_326' title='bbox 644 1432 810 1467; x_wconf 83' lang='lat' dir='ltr'><strong>coarguerit,</strong></span> <span class='ocrx_word' id='word_1_327' title='bbox 823 1436 851 1459; x_wconf 88' lang='lat' dir='ltr'><strong>et</strong></span> <span class='ocrx_word' id='word_1_328' title='bbox 869 1439 919 1467; x_wconf 92' lang='lat' dir='ltr'><strong>pro</strong></span> <span class='ocrx_word' id='word_1_329' title='bbox 933 1431 1048 1458; x_wconf 82' lang='lat' dir='ltr'><strong>veritate</strong></span> 
     </span>
    </p>
   </div>
   <div class='ocr_carea' id='block_1_46' title="bbox 263 1476 1048 1516">
    <p class='ocr_par' dir='ltr' id='par_1_46' title="bbox 263 1476 1048 1516">
     <span class='ocr_line' id='line_1_46' title="bbox 263 1476 1048 1516; baseline -0.009 -7"><span class='ocrx_word' id='word_1_330' title='bbox 263 1486 379 1510; x_wconf 87' lang='lat' dir='ltr'><strong>mortem</strong></span> <span class='ocrx_word' id='word_1_331' title='bbox 408 1480 564 1516; x_wconf 86' lang='lat' dir='ltr'><strong>oppetierit,</strong></span> <span class='ocrx_word' id='word_1_332' title='bbox 589 1478 640 1505; x_wconf 78' lang='lat' dir='ltr'><strong>iste</strong></span> <span class='ocrx_word' id='word_1_333' title='bbox 652 1477 787 1506; x_wconf 84' lang='lat' dir='ltr'><strong>Herodem</strong></span> <span class='ocrx_word' id='word_1_334' title='bbox 802 1478 929 1510; x_wconf 84' lang='lat' dir='ltr'><strong>alterum,</strong></span> <span class='ocrx_word' id='word_1_335' title='bbox 953 1476 1048 1503; x_wconf 84' lang='lat' dir='ltr'><strong>similis</strong></span> 
     </span>
    </p>
   </div>
   <div class='ocr_carea' id='block_1_47' title="bbox 264 1522 1049 1561">
    <p class='ocr_par' dir='ltr' id='par_1_47' title="bbox 264 1522 1049 1561">
     <span class='ocr_line' id='line_1_47' title="bbox 264 1522 1049 1561; baseline -0.009 -6"><span class='ocrx_word' id='word_1_336' title='bbox 264 1526 390 1556; x_wconf 88' lang='lat' dir='ltr'><strong>adulterii</strong></span> <span class='ocrx_word' id='word_1_337' title='bbox 402 1526 491 1561; x_wconf 87' lang='lat' dir='ltr'><strong>reipsa</strong></span> <span class='ocrx_word' id='word_1_338' title='bbox 505 1528 685 1559; x_wconf 85' lang='lat' dir='ltr'><strong>compertum,</strong></span> <span class='ocrx_word' id='word_1_339' title='bbox 698 1529 725 1550; x_wconf 93' lang='lat' dir='ltr'><strong>et</strong></span> <span class='ocrx_word' id='word_1_340' title='bbox 737 1522 888 1555; x_wconf 74' lang='lat' dir='ltr'><strong>coronavit,</strong></span> <span class='ocrx_word' id='word_1_341' title='bbox 899 1527 926 1550; x_wconf 86' lang='lat' dir='ltr'><strong>et</strong></span> <span class='ocrx_word' id='word_1_342' title='bbox 933 1522 965 1550; x_wconf 83' lang='lat' dir='ltr'><strong>ad</strong></span> <span class='ocrx_word' id='word_1_343' title='bbox 977 1529 1049 1549; x_wconf 88' lang='lat' dir='ltr'><strong>tuor-</strong></span> 
     </span>
    </p>
   </div>
   <div class='ocr_carea' id='block_1_48' title="bbox 265 1566 1049 1607">
    <p class='ocr_par' dir='ltr' id='par_1_48' title="bbox 265 1566 1049 1607">
     <span class='ocr_line' id='line_1_48' title="bbox 265 1566 1049 1607; baseline -0.01 -6"><span class='ocrx_word' id='word_1_344' title='bbox 265 1577 319 1601; x_wconf 83' lang='lat' dir='ltr'><strong>tem</strong></span> <span class='ocrx_word' id='word_1_345' title='bbox 337 1580 422 1607; x_wconf 90' lang='lat' dir='ltr'><strong>usque</strong></span> <span class='ocrx_word' id='word_1_346' title='bbox 434 1571 594 1606; x_wconf 76' lang='lat' dir='ltr'><strong>complexus</strong></span> <span class='ocrx_word' id='word_1_347' title='bbox 608 1574 650 1597; x_wconf 83' lang='lat' dir='ltr'><strong>est</strong></span> <span class='ocrx_word' id='word_1_348' title='bbox 665 1579 671 1597; x_wconf 90' lang='lat'>:</span> <span class='ocrx_word' id='word_1_349' title='bbox 689 1577 745 1596; x_wconf 88' lang='lat' dir='ltr'><strong>non</strong></span> <span class='ocrx_word' id='word_1_350' title='bbox 760 1569 869 1604; x_wconf 87' lang='lat' dir='ltr'><strong>quidem</strong></span> <span class='ocrx_word' id='word_1_351' title='bbox 882 1567 982 1600; x_wconf 75' lang='lat' dir='ltr'><strong>verbis,</strong></span> <span class='ocrx_word' id='word_1_352' title='bbox 1001 1566 1049 1594; x_wconf 88' lang='lat' dir='ltr'><strong>sed</strong></span> 
     </span>
    </p>
   </div>
   <div class='ocr_carea' id='block_1_49' title="bbox 264 1613 1050 1653">
    <p class='ocr_par' dir='ltr' id='par_1_49' title="bbox 264 1613 1050 1653">
     <span class='ocr_line' id='line_1_49' title="bbox 264 1613 1050 1653; baseline -0.009 -7"><span class='ocrx_word' id='word_1_353' title='bbox 264 1619 346 1647; x_wconf 75' lang='lat' dir='ltr'><strong>[actis</strong></span> <span class='ocrx_word' id='word_1_354' title='bbox 361 1618 428 1653; x_wconf 84' lang='lat' dir='ltr'><strong>ipsis</strong></span> <span class='ocrx_word' id='word_1_355' title='bbox 449 1617 610 1649; x_wconf 83' lang='lat' dir='ltr'><strong>inclamans,</strong></span> <span class='ocrx_word' id='word_1_356' title='bbox 634 1615 768 1643; x_wconf 85' lang='lat' dir='ltr'><strong>erravisse</strong></span> <span class='ocrx_word' id='word_1_357' title='bbox 780 1613 913 1641; x_wconf 82' lang='lat' dir='ltr'><strong>Joannem</strong></span> <span class='ocrx_word' id='word_1_358' title='bbox 927 1613 1050 1640; x_wconf 76' lang='lat' dir='ltr'><strong>Praecur-</strong></span> 
     </span>
    </p>
   </div>
   <div class='ocr_carea' id='block_1_50' title="bbox 264 1659 1048 1699">
    <p class='ocr_par' dir='ltr' id='par_1_50' title="bbox 264 1659 1048 1699">
     <span class='ocr_line' id='line_1_50' title="bbox 264 1659 1048 1699; baseline -0.009 -7"><span class='ocrx_word' id='word_1_359' title='bbox 264 1672 365 1696; x_wconf 84' lang='lat' dir='ltr'><strong>sorem,</strong></span> <span class='ocrx_word' id='word_1_360' title='bbox 375 1664 422 1699; x_wconf 88' lang='lat' dir='ltr'><strong>qui</strong></span> <span class='ocrx_word' id='word_1_361' title='bbox 433 1662 623 1697; x_wconf 84' lang='lat' dir='ltr'><strong>intempestive</strong></span> <span class='ocrx_word' id='word_1_362' title='bbox 633 1666 714 1696; x_wconf 88' lang='lat' dir='ltr'><strong>atque</strong></span> <span class='ocrx_word' id='word_1_363' title='bbox 724 1661 824 1695; x_wconf 87' lang='lat' dir='ltr'><strong>injuste</strong></span> <span class='ocrx_word' id='word_1_364' title='bbox 832 1659 1048 1694; x_wconf 86' lang='lat' dir='ltr'><strong>reprehenderit,</strong></span> 
     </span>
    </p>
   </div>
   <div class='ocr_carea' id='block_1_51' title="bbox 265 1705 1051 1741">
    <p class='ocr_par' dir='ltr' id='par_1_51' title="bbox 265 1705 1051 1741">
     <span class='ocr_line' id='line_1_51' title="bbox 265 1705 1051 1741; baseline -0.008 -3"><span class='ocrx_word' id='word_1_365' title='bbox 265 1715 294 1739; x_wconf 83' lang='lat' dir='ltr'><strong>et</strong></span> <span class='ocrx_word' id='word_1_366' title='bbox 313 1715 440 1737; x_wconf 88' lang='lat' dir='ltr'><strong>mortuus</strong></span> <span class='ocrx_word' id='word_1_367' title='bbox 453 1708 500 1735; x_wconf 87' lang='lat' dir='ltr'><strong>sit.</strong></span> <span class='ocrx_word' id='word_1_368' title='bbox 514 1708 568 1735; x_wconf 83' lang='lat' dir='ltr'><strong>Sed</strong></span> <span class='ocrx_word' id='word_1_369' title='bbox 583 1707 664 1734; x_wconf 86' lang='lat' dir='ltr'><strong>absit.</strong></span> <span class='ocrx_word' id='word_1_370' title='bbox 685 1707 732 1734; x_wconf 82' lang='lat' dir='ltr'><strong>ille</strong></span> <span class='ocrx_word' id='word_1_371' title='bbox 746 1707 821 1734; x_wconf 89' lang='lat' dir='ltr'><strong>enim</strong></span> <span class='ocrx_word' id='word_1_372' title='bbox 836 1707 902 1741; x_wconf 80' lang='lat' dir='ltr'><strong>legis</strong></span> <span class='ocrx_word' id='word_1_373' title='bbox 923 1705 1051 1733; x_wconf 80' lang='lat' dir='ltr'><strong>defensor</strong></span> 
     </span>
    </p>
   </div>
   <div class='ocr_carea' id='block_1_52' title="bbox 265 1751 1052 1791">
    <p class='ocr_par' dir='ltr' id='par_1_52' title="bbox 265 1751 1052 1791">
     <span class='ocr_line' id='line_1_52' title="bbox 265 1751 1052 1791; baseline -0.008 -8"><span class='ocrx_word' id='word_1_374' title='bbox 265 1763 298 1784; x_wconf 83' lang='lat' dir='ltr'><strong>ac</strong></span> <span class='ocrx_word' id='word_1_375' title='bbox 317 1755 409 1791; x_wconf 75' lang='lat' dir='ltr'><strong>ﬂagitii</strong></span> <span class='ocrx_word' id='word_1_376' title='bbox 426 1754 600 1789; x_wconf 80' lang='lat' dir='ltr'><strong>proﬂigator;</strong></span> <span class='ocrx_word' id='word_1_377' title='bbox 618 1753 669 1780; x_wconf 86' lang='lat' dir='ltr'><strong>iste</strong></span> <span class='ocrx_word' id='word_1_378' title='bbox 689 1759 754 1779; x_wconf 91' lang='lat' dir='ltr'><strong>vero</strong></span> <span class='ocrx_word' id='word_1_379' title='bbox 773 1751 927 1779; x_wconf 91' lang='lat' dir='ltr'><strong>divinorum</strong></span> <span class='ocrx_word' id='word_1_380' title='bbox 952 1755 1052 1786; x_wconf 82' lang='lat' dir='ltr'><strong>myste-</strong></span> 
     </span>
    </p>
   </div>
   <div class='ocr_carea' id='block_1_53' title="bbox 267 1796 1052 1832">
    <p class='ocr_par' dir='ltr' id='par_1_53' title="bbox 267 1796 1052 1832">
     <span class='ocr_line' id='line_1_53' title="bbox 267 1796 1052 1832; baseline -0.005 -5"><span class='ocrx_word' id='word_1_381' title='bbox 267 1800 369 1827; x_wconf 89' lang='lat' dir='ltr'><strong>riorum</strong></span> <span class='ocrx_word' id='word_1_382' title='bbox 395 1797 585 1829; x_wconf 84' lang='lat' dir='ltr'><strong>conculcator,</strong></span> <span class='ocrx_word' id='word_1_383' title='bbox 612 1801 642 1824; x_wconf 89' lang='lat' dir='ltr'><strong>et</strong></span> <span class='ocrx_word' id='word_1_384' title='bbox 667 1796 812 1832; x_wconf 64' lang='lat' dir='ltr'><strong>illegitimate</strong></span> <span class='ocrx_word' id='word_1_385' title='bbox 849 1796 1052 1830; x_wconf 88' lang='lat' dir='ltr'><strong>conjunctionis</strong></span> 
     </span>
    </p>
   </div>
   <div class='ocr_carea' id='block_1_54' title="bbox 267 1841 1053 1880">
    <p class='ocr_par' dir='ltr' id='par_1_54' title="bbox 267 1841 1053 1880">
     <span class='ocr_line' id='line_1_54' title="bbox 267 1841 1053 1880; baseline -0.006 -8"><span class='ocrx_word' id='word_1_386' title='bbox 267 1845 409 1880; x_wconf 75' lang='lat' dir='ltr'><strong>copulatur</strong></span> <span class='ocrx_word' id='word_1_387' title='bbox 420 1848 448 1870; x_wconf 86' lang='lat' dir='ltr'><strong>et</strong></span> <span class='ocrx_word' id='word_1_388' title='bbox 462 1843 627 1878; x_wconf 79' lang='lat' dir='ltr'><strong>obsignator.</strong></span> <span class='ocrx_word' id='word_1_389' title='bbox 644 1842 678 1869; x_wconf 85' lang='lat' dir='ltr'><strong>Et</strong></span> <span class='ocrx_word' id='word_1_390' title='bbox 693 1841 737 1868; x_wconf 86' lang='lat' dir='ltr'><strong>ille</strong></span> <span class='ocrx_word' id='word_1_391' title='bbox 761 1842 871 1876; x_wconf 89' lang='lat' dir='ltr'><strong>quidem</strong></span> <span class='ocrx_word' id='word_1_392' title='bbox 887 1841 986 1868; x_wconf 82' lang='lat' dir='ltr'><strong>clamat</strong></span> <span class='ocrx_word' id='word_1_393' title='bbox 1009 1841 1053 1868; x_wconf 86' lang='lat' dir='ltr'><strong>vel</strong></span> 
     </span>
    </p>
   </div>
   <div class='ocr_carea' id='block_1_55' title="bbox 268 1887 1052 1922">
    <p class='ocr_par' dir='ltr' id='par_1_55' title="bbox 268 1887 1052 1922">
     <span class='ocr_line' id='line_1_55' title="bbox 268 1887 1052 1922; baseline -0.006 -4"><span class='ocrx_word' id='word_1_394' title='bbox 268 1895 392 1918; x_wconf 89' lang='lat' dir='ltr'><strong>mortuus</strong></span> <span class='ocrx_word' id='word_1_395' title='bbox 408 1898 416 1916; x_wconf 90' lang='lat'><strong>:</strong></span> <span class='ocrx_word' id='word_1_396' title='bbox 433 1889 493 1916; x_wconf 78' lang='lat' dir='ltr'><strong>Non</strong></span> <span class='ocrx_word' id='word_1_397' title='bbox 514 1889 573 1915; x_wconf 81' lang='lat' dir='ltr'><strong>licet</strong></span> <span class='ocrx_word' id='word_1_398' title='bbox 601 1888 648 1915; x_wconf 79' lang='lat' dir='ltr'><strong>tibi</strong></span> <span class='ocrx_word' id='word_1_399' title='bbox 675 1889 770 1914; x_wconf 81' lang='lat' dir='ltr'><strong>habere</strong></span> <span class='ocrx_word' id='word_1_400' title='bbox 800 1895 908 1915; x_wconf 71' lang='lat' dir='ltr'><strong>uxorem</strong></span> <span class='ocrx_word' id='word_1_401' title='bbox 937 1887 1052 1922; x_wconf 74' lang='lat' dir='ltr'><strong>Philippi</strong></span> 
     </span>
    </p>
   </div>
   <div class='ocr_carea' id='block_1_56' title="bbox 269 1932 1053 1971">
    <p class='ocr_par' dir='ltr' id='par_1_56' title="bbox 269 1932 1053 1971">
     <span class='ocr_line' id='line_1_56' title="bbox 269 1932 1053 1971; baseline -0.004 -9"><span class='ocrx_word' id='word_1_402' title='bbox 269 1935 363 1971; x_wconf 73' lang='lat' dir='ltr'><strong>fratris</strong></span> <span class='ocrx_word' id='word_1_403' title='bbox 381 1934 419 1961; x_wconf 77' lang='lat' dir='ltr'><strong>tui</strong></span> <span class='ocrx_word' id='word_1_404' title='bbox 430 1934 452 1950; x_wconf 79' lang='grc'><strong>⁵⁷</strong></span> <span class='ocrx_word' id='word_1_405' title='bbox 467 1943 474 1961; x_wconf 85' lang='lat'><strong><em>:</em></strong></span> <span class='ocrx_word' id='word_1_406' title='bbox 491 1937 518 1961; x_wconf 88' lang='lat' dir='ltr'><strong>et</strong></span> <span class='ocrx_word' id='word_1_407' title='bbox 536 1933 563 1960; x_wconf 92' lang='lat' dir='ltr'><strong>in</strong></span> <span class='ocrx_word' id='word_1_408' title='bbox 580 1933 694 1960; x_wconf 89' lang='lat' dir='ltr'><strong>Herodis</strong></span> <span class='ocrx_word' id='word_1_409' title='bbox 714 1940 830 1967; x_wconf 89' lang='lat' dir='ltr'><strong>persona</strong></span> <span class='ocrx_word' id='word_1_410' title='bbox 850 1932 908 1960; x_wconf 87' lang='lat' dir='ltr'><strong>orbi</strong></span> <span class='ocrx_word' id='word_1_411' title='bbox 926 1932 1053 1959; x_wconf 70' lang='lat' dir='ltr'><strong>universo</strong></span> 
     </span>
    </p>
   </div>
   <div class='ocr_carea' id='block_1_57' title="bbox 267 1978 1052 2014">
    <p class='ocr_par' dir='ltr' id='par_1_57' title="bbox 267 1978 1052 2014">
     <span class='ocr_line' id='line_1_57' title="bbox 267 1978 1052 2014; baseline -0.004 -7"><span class='ocrx_word' id='word_1_412' title='bbox 267 1981 422 2012; x_wconf 82' lang='lat' dir='ltr'><strong>denuntiat,</strong></span> <span class='ocrx_word' id='word_1_413' title='bbox 443 1987 479 2006; x_wconf 80' lang='lat' dir='ltr'><strong>ne</strong></span> <span class='ocrx_word' id='word_1_414' title='bbox 499 1979 642 2014; x_wconf 85' lang='lat' dir='ltr'><strong>quisquam</strong></span> <span class='ocrx_word' id='word_1_415' title='bbox 657 1979 684 2005; x_wconf 85' lang='lat' dir='ltr'><strong>in</strong></span> <span class='ocrx_word' id='word_1_416' title='bbox 702 1984 839 2014; x_wconf 83' lang='lat' dir='ltr'><strong>posterum</strong></span> <span class='ocrx_word' id='word_1_417' title='bbox 857 1979 908 2005; x_wconf 81' lang='lat' dir='ltr'><strong>tale</strong></span> <span class='ocrx_word' id='word_1_418' title='bbox 928 1978 990 2012; x_wconf 91' lang='lat' dir='ltr'><strong>quid</strong></span> <span class='ocrx_word' id='word_1_419' title='bbox 1003 1986 1052 2004; x_wconf 84' lang='lat' dir='ltr'><strong>au—</strong></span> 
     </span>
    </p>
   </div>
   <div class='ocr_carea' id='block_1_58' title="bbox 269 2024 1053 2060">
    <p class='ocr_par' dir='ltr' id='par_1_58' title="bbox 269 2024 1053 2060">
     <span class='ocr_line' id='line_1_58' title="bbox 269 2024 1053 2060; baseline -0.005 -5"><span class='ocrx_word' id='word_1_420' title='bbox 269 2027 344 2055; x_wconf 82' lang='lat' dir='ltr'><strong>deat.</strong></span> <span class='ocrx_word' id='word_1_421' title='bbox 357 2027 411 2054; x_wconf 81' lang='lat' dir='ltr'><strong>Iste</strong></span> <span class='ocrx_word' id='word_1_422' title='bbox 431 2030 523 2054; x_wconf 85' lang='lat' dir='ltr'><strong>autem</strong></span> <span class='ocrx_word' id='word_1_423' title='bbox 536 2025 635 2052; x_wconf 87' lang='lat' dir='ltr'><strong>llerodi</strong></span> <span class='ocrx_word' id='word_1_424' title='bbox 651 2025 729 2052; x_wconf 88' lang='lat' dir='ltr'><strong>alteri</strong></span> <span class='ocrx_word' id='word_1_425' title='bbox 744 2025 777 2052; x_wconf 88' lang='lat' dir='ltr'><strong>ad</strong></span> <span class='ocrx_word' id='word_1_426' title='bbox 793 2026 866 2052; x_wconf 90' lang='lat' dir='ltr'><strong>hunc</strong></span> <span class='ocrx_word' id='word_1_427' title='bbox 878 2032 963 2060; x_wconf 89' lang='lat' dir='ltr'><strong>usque</strong></span> <span class='ocrx_word' id='word_1_428' title='bbox 982 2024 1053 2051; x_wconf 82' lang='lat' dir='ltr'><strong>diem</strong></span> 
     </span>
    </p>
   </div>
   <div class='ocr_carea' id='block_1_59' title="bbox 269 2071 1053 2108">
    <p class='ocr_par' dir='ltr' id='par_1_59' title="bbox 269 2071 1053 2108">
     <span class='ocr_line' id='line_1_59' title="bbox 269 2071 1053 2108; baseline -0.006 -7"><span class='ocrx_word' id='word_1_429' title='bbox 269 2079 364 2102; x_wconf 87' lang='lat' dir='ltr'><strong>contra</strong></span> <span class='ocrx_word' id='word_1_430' title='bbox 379 2073 543 2100; x_wconf 76' lang='lat' dir='ltr'><strong>vociferatur</strong></span> <span class='ocrx_word' id='word_1_431' title='bbox 561 2073 625 2108; x_wconf 85' lang='lat' dir='ltr'><strong>ipsis</strong></span> <span class='ocrx_word' id='word_1_432' title='bbox 639 2073 720 2100; x_wconf 87' lang='lat' dir='ltr'><strong>rebus</strong></span> <span class='ocrx_word' id='word_1_433' title='bbox 733 2081 740 2100; x_wconf 89' lang='lat'>:</span> <span class='ocrx_word' id='word_1_434' title='bbox 754 2072 830 2100; x_wconf 89' lang='lat' dir='ltr'><strong>Licet</strong></span> <span class='ocrx_word' id='word_1_435' title='bbox 845 2071 894 2099; x_wconf 92' lang='lat' dir='ltr'><strong>tibi</strong></span> <span class='ocrx_word' id='word_1_436' title='bbox 909 2071 1053 2106; x_wconf 81' lang='lat' dir='ltr'><strong>conjugem</strong></span> 
     </span>
    </p>
   </div>
   <div class='ocr_carea' id='block_1_60' title="bbox 270 2117 1052 2152">
    <p class='ocr_par' dir='ltr' id='par_1_60' title="bbox 270 2117 1052 2152">
     <span class='ocr_line' id='line_1_60' title="bbox 270 2117 1052 2152; baseline -0.006 -5"><span class='ocrx_word' id='word_1_437' title='bbox 270 2119 370 2146; x_wconf 83' lang='lat' dir='ltr'><strong>habere</strong></span> <span class='ocrx_word' id='word_1_438' title='bbox 389 2119 557 2146; x_wconf 88' lang='lat' dir='ltr'><strong>Theodotam</strong></span> <span class='ocrx_word' id='word_1_439' title='bbox 570 2118 706 2145; x_wconf 64' lang='lat' dir='ltr'><strong>moecham</strong></span> <span class='ocrx_word' id='word_1_440' title='bbox 725 2127 732 2144; x_wconf 85' lang='lat'><strong>:</strong></span> <span class='ocrx_word' id='word_1_441' title='bbox 753 2117 821 2144; x_wconf 90' lang='lat' dir='ltr'><strong>etin</strong></span> <span class='ocrx_word' id='word_1_442' title='bbox 841 2117 900 2152; x_wconf 83' lang='lat' dir='ltr'><strong>ejus</strong></span> <span class='ocrx_word' id='word_1_443' title='bbox 925 2123 1052 2151; x_wconf 84' lang='lat' dir='ltr'><strong>persona,</strong></span> 
     </span>
    </p>
   </div>
   <div class='ocr_carea' id='block_1_61' title="bbox 271 2162 1054 2199">
    <p class='ocr_par' dir='ltr' id='par_1_61' title="bbox 271 2162 1054 2199">
     <span class='ocr_line' id='line_1_61' title="bbox 271 2162 1054 2199; baseline -0.005 -7"><span class='ocrx_word' id='word_1_444' title='bbox 271 2165 437 2197; x_wconf 85' lang='lat' dir='ltr'><strong>hominibus,</strong></span> <span class='ocrx_word' id='word_1_445' title='bbox 457 2170 486 2192; x_wconf 89' lang='lat' dir='ltr'><strong>ut</strong></span> <span class='ocrx_word' id='word_1_446' title='bbox 499 2169 629 2199; x_wconf 83' lang='lat' dir='ltr'><strong>perpetuo</strong></span> <span class='ocrx_word' id='word_1_447' title='bbox 641 2163 822 2195; x_wconf 64' lang='lat' dir='ltr'><strong>tumchentur,</strong></span> <span class='ocrx_word' id='word_1_448' title='bbox 843 2167 936 2197; x_wconf 85' lang='lat' dir='ltr'><strong>aperte</strong></span> <span class='ocrx_word' id='word_1_449' title='bbox 956 2162 1054 2196; x_wconf 72' lang='lat' dir='ltr'><strong>przeci-</strong></span> 
     </span>
    </p>
   </div>
   <div class='ocr_carea' id='block_1_62' title="bbox 269 2208 1013 2246">
    <p class='ocr_par' dir='ltr' id='par_1_62' title="bbox 269 2208 1013 2246">
     <span class='ocr_line' id='line_1_62' title="bbox 269 2208 1013 2246; baseline -0.004 -9"><span class='ocrx_word' id='word_1_450' title='bbox 269 2212 319 2246; x_wconf 86' lang='lat' dir='ltr'><strong>pit,</strong></span> <span class='ocrx_word' id='word_1_451' title='bbox 334 2215 414 2246; x_wconf 87' lang='lat' dir='ltr'><strong>atque</strong></span> <span class='ocrx_word' id='word_1_452' title='bbox 431 2215 462 2238; x_wconf 87' lang='lat' dir='ltr'><strong>ut</strong></span> <span class='ocrx_word' id='word_1_453' title='bbox 471 2209 625 2237; x_wconf 82' lang='lat' dir='ltr'><strong>sacerdotes</strong></span> <span class='ocrx_word' id='word_1_454' title='bbox 637 2209 691 2236; x_wconf 88' lang='lat' dir='ltr'><strong>sint</strong></span> <span class='ocrx_word' id='word_1_455' title='bbox 704 2208 749 2243; x_wconf 91' lang='lat' dir='ltr'><strong>qui</strong></span> <span class='ocrx_word' id='word_1_456' title='bbox 766 2208 831 2235; x_wconf 90' lang='lat' dir='ltr'><strong>tales</strong></span> <span class='ocrx_word' id='word_1_457' title='bbox 846 2212 987 2235; x_wconf 88' lang='lat' dir='ltr'><strong>coronant.</strong></span> <span class='ocrx_word' id='word_1_458' title='bbox 1008 2208 1013 2218; x_wconf 94' lang='lat'><strong><em>&#39;</em></strong></span> 
     </span>
    </p>
   </div>
   <div class='ocr_carea' id='block_1_63' title="bbox 305 2344 1055 2380">
    <p class='ocr_par' dir='ltr' id='par_1_63' title="bbox 305 2344 1055 2380">
     <span class='ocr_line' id='line_1_63' title="bbox 305 2344 1055 2380; baseline -0.011 -2"><span class='ocrx_word' id='word_1_459' title='bbox 305 2350 328 2378; x_wconf 94' lang='lat'><strong>0</strong></span> <span class='ocrx_word' id='word_1_460' title='bbox 343 2349 516 2378; x_wconf 87' lang='lat' dir='ltr'><strong>temerarium</strong></span> <span class='ocrx_word' id='word_1_461' title='bbox 538 2347 605 2375; x_wconf 78' lang='lat' dir='ltr'><strong>cori</strong></span> <span class='ocrx_word' id='word_1_462' title='bbox 634 2346 656 2374; x_wconf 89' lang='lat'><strong>0</strong></span> <span class='ocrx_word' id='word_1_463' title='bbox 679 2350 865 2380; x_wconf 88' lang='lat' dir='ltr'><strong>contemptum</strong></span> <span class='ocrx_word' id='word_1_464' title='bbox 888 2344 1055 2380; x_wconf 86' lang='lat' dir='ltr'><strong>judiciorum</strong></span> 
     </span>
    </p>
   </div>
   <div class='ocr_carea' id='block_1_64' title="bbox 272 2390 1054 2429">
    <p class='ocr_par' dir='ltr' id='par_1_64' title="bbox 272 2390 1054 2429">
     <span class='ocr_line' id='line_1_64' title="bbox 272 2390 1054 2429; baseline -0.01 -5"><span class='ocrx_word' id='word_1_465' title='bbox 272 2397 338 2424; x_wconf 88' lang='lat' dir='ltr'><strong>Deil</strong></span> <span class='ocrx_word' id='word_1_466' title='bbox 361 2395 433 2429; x_wconf 85' lang='lat' dir='ltr'><strong>Quin</strong></span> <span class='ocrx_word' id='word_1_467' title='bbox 448 2393 566 2422; x_wconf 88' lang='lat' dir='ltr'><strong>universi</strong></span> <span class='ocrx_word' id='word_1_468' title='bbox 582 2393 673 2428; x_wconf 88' lang='lat' dir='ltr'><strong>potius</strong></span> <span class='ocrx_word' id='word_1_469' title='bbox 687 2392 853 2427; x_wconf 75' lang='lat' dir='ltr'><strong>redarguunt</strong></span> <span class='ocrx_word' id='word_1_470' title='bbox 869 2391 921 2418; x_wconf 89' lang='lat' dir='ltr'><strong>hoc</strong></span> <span class='ocrx_word' id='word_1_471' title='bbox 938 2390 1054 2422; x_wconf 80' lang='lat' dir='ltr'><strong>facinus,</strong></span> 
     </span>
    </p>
   </div>
   <div class='ocr_carea' id='block_1_65' title="bbox 272 2436 1055 2475">
    <p class='ocr_par' dir='ltr' id='par_1_65' title="bbox 272 2436 1055 2475">
     <span class='ocr_line' id='line_1_65' title="bbox 272 2436 1055 2475; baseline -0.009 -8"><span class='ocrx_word' id='word_1_472' title='bbox 272 2447 356 2475; x_wconf 88' lang='lat' dir='ltr'><strong>seque</strong></span> <span class='ocrx_word' id='word_1_473' title='bbox 372 2441 406 2466; x_wconf 86' lang='lat' dir='ltr'><strong>ab</strong></span> <span class='ocrx_word' id='word_1_474' title='bbox 430 2439 482 2466; x_wconf 88' lang='lat' dir='ltr'><strong>isto</strong></span> <span class='ocrx_word' id='word_1_475' title='bbox 497 2437 618 2469; x_wconf 89' lang='lat' dir='ltr'><strong>homine,</strong></span> <span class='ocrx_word' id='word_1_476' title='bbox 642 2436 685 2465; x_wconf 86' lang='lat' dir='ltr'><strong>vel</strong></span> <span class='ocrx_word' id='word_1_477' title='bbox 704 2437 765 2463; x_wconf 85' lang='lat' dir='ltr'><strong>cibo</strong></span> <span class='ocrx_word' id='word_1_478' title='bbox 791 2440 871 2463; x_wconf 88' lang='lat' dir='ltr'><strong>tenus</strong></span> <span class='ocrx_word' id='word_1_479' title='bbox 892 2439 973 2469; x_wconf 87' lang='lat' dir='ltr'><strong>atque</strong></span> <span class='ocrx_word' id='word_1_480' title='bbox 989 2441 1055 2461; x_wconf 91' lang='lat' dir='ltr'><strong>con-</strong></span> 
     </span>
    </p>
   </div>
   <div class='ocr_carea' id='block_1_66' title="bbox 271 2480 1055 2522">
    <p class='ocr_par' dir='ltr' id='par_1_66' title="bbox 271 2480 1055 2522">
     <span class='ocr_line' id='line_1_66' title="bbox 271 2480 1055 2522; baseline -0.009 -9"><span class='ocrx_word' id='word_1_481' title='bbox 271 2493 366 2522; x_wconf 79' lang='lat' dir='ltr'><strong>gressu</strong></span> <span class='ocrx_word' id='word_1_482' title='bbox 379 2489 525 2520; x_wconf 76' lang='lat' dir='ltr'><strong>separant,</strong></span> <span class='ocrx_word' id='word_1_483' title='bbox 546 2484 598 2511; x_wconf 87' lang='lat' dir='ltr'><strong>nisi</strong></span> <span class='ocrx_word' id='word_1_484' title='bbox 628 2486 769 2518; x_wconf 81' lang='lat' dir='ltr'><strong>peccatum</strong></span> <span class='ocrx_word' id='word_1_485' title='bbox 790 2486 851 2517; x_wconf 87' lang='lat' dir='ltr'><strong>post</strong></span> <span class='ocrx_word' id='word_1_486' title='bbox 872 2480 1055 2508; x_wconf 82' lang='lat' dir='ltr'><strong>omnimodam</strong></span> 
     </span>
    </p>
   </div>
   <div class='ocr_carea' id='block_1_67' title="bbox 271 2526 1057 2566">
    <p class='ocr_par' dir='ltr' id='par_1_67' title="bbox 271 2526 1057 2566">
     <span class='ocr_line' id='line_1_67' title="bbox 271 2526 1057 2566; baseline -0.01 -6"><span class='ocrx_word' id='word_1_487' title='bbox 271 2531 416 2560; x_wconf 81' lang='lat' dir='ltr'><strong>sacerdotii</strong></span> <span class='ocrx_word' id='word_1_488' title='bbox 431 2531 611 2566; x_wconf 83' lang='lat' dir='ltr'><strong>privationem</strong></span> <span class='ocrx_word' id='word_1_489' title='bbox 633 2529 793 2556; x_wconf 83' lang='lat' dir='ltr'><strong>conﬁteatur</strong></span> <span class='ocrx_word' id='word_1_490' title='bbox 806 2528 817 2553; x_wconf 84' lang='lat'><strong>?</strong></span> <span class='ocrx_word' id='word_1_491' title='bbox 840 2527 984 2561; x_wconf 80' lang='lat' dir='ltr'><strong>Propterea</strong></span> <span class='ocrx_word' id='word_1_492' title='bbox 998 2526 1057 2561; x_wconf 89' lang='lat' dir='ltr'><strong>pie-</strong></span> 
     </span>
    </p>
   </div>
   <div class='ocr_carea' id='block_1_68' title="bbox 273 2573 1056 2609">
    <p class='ocr_par' dir='ltr' id='par_1_68' title="bbox 273 2573 1056 2609">
     <span class='ocr_line' id='line_1_68' title="bbox 273 2573 1056 2609; baseline -0.009 -4"><span class='ocrx_word' id='word_1_493' title='bbox 273 2582 355 2605; x_wconf 89' lang='lat' dir='ltr'><strong>tatem</strong></span> <span class='ocrx_word' id='word_1_494' title='bbox 372 2581 502 2609; x_wconf 77' lang='lat' dir='ltr'><strong>vestram,</strong></span> <span class='ocrx_word' id='word_1_495' title='bbox 517 2580 544 2603; x_wconf 88' lang='lat' dir='ltr'><strong>et</strong></span> <span class='ocrx_word' id='word_1_496' title='bbox 559 2580 693 2603; x_wconf 86' lang='lat' dir='ltr'><strong>attentum</strong></span> <span class='ocrx_word' id='word_1_497' title='bbox 708 2594 716 2607; x_wconf 91' lang='lat'><strong>,</strong></span> <span class='ocrx_word' id='word_1_498' title='bbox 733 2582 783 2609; x_wconf 88' lang='lat' dir='ltr'><strong>pro</strong></span> <span class='ocrx_word' id='word_1_499' title='bbox 797 2573 866 2600; x_wconf 85' lang='lat' dir='ltr'><strong>sacri</strong></span> <span class='ocrx_word' id='word_1_500' title='bbox 888 2573 997 2600; x_wconf 83' lang='lat' dir='ltr'><strong>habitus</strong></span> <span class='ocrx_word' id='word_1_501' title='bbox 1013 2580 1056 2599; x_wconf 86' lang='lat' dir='ltr'><strong>ra-</strong></span> 
     </span>
    </p>
   </div>
   <div class='ocr_carea' id='block_1_69' title="bbox 273 2619 1057 2657">
    <p class='ocr_par' dir='ltr' id='par_1_69' title="bbox 273 2619 1057 2657">
     <span class='ocr_line' id='line_1_69' title="bbox 273 2619 1057 2657; baseline -0.006 -7"><span class='ocrx_word' id='word_1_502' title='bbox 273 2623 356 2655; x_wconf 88' lang='lat' dir='ltr'><strong>tione,</strong></span> <span class='ocrx_word' id='word_1_503' title='bbox 368 2622 520 2657; x_wconf 76' lang='lat' dir='ltr'><strong>disciplinze</strong></span> <span class='ocrx_word' id='word_1_504' title='bbox 533 2622 650 2649; x_wconf 85' lang='lat' dir='ltr'><strong>studiqu</strong></span> <span class='ocrx_word' id='word_1_505' title='bbox 665 2621 845 2652; x_wconf 84' lang='lat' dir='ltr'><strong>obtestamur,</strong></span> <span class='ocrx_word' id='word_1_506' title='bbox 859 2624 889 2646; x_wconf 89' lang='lat' dir='ltr'><strong>ut</strong></span> <span class='ocrx_word' id='word_1_507' title='bbox 899 2619 980 2646; x_wconf 85' lang='lat' dir='ltr'><strong>verba</strong></span> <span class='ocrx_word' id='word_1_508' title='bbox 998 2619 1057 2646; x_wconf 75' lang='lat' dir='ltr'><strong>btec</strong></span> 
     </span>
    </p>
   </div>
   <div class='ocr_carea' id='block_1_70' title="bbox 271 2665 1056 2705">
    <p class='ocr_par' dir='ltr' id='par_1_70' title="bbox 271 2665 1056 2705">
     <span class='ocr_line' id='line_1_70' title="bbox 271 2665 1056 2705; baseline -0.009 -7"><span class='ocrx_word' id='word_1_509' title='bbox 271 2670 304 2698; x_wconf 81' lang='lat' dir='ltr'><strong>ad</strong></span> <span class='ocrx_word' id='word_1_510' title='bbox 318 2670 424 2705; x_wconf 90' lang='lat' dir='ltr'><strong>piorum</strong></span> <span class='ocrx_word' id='word_1_511' title='bbox 441 2670 615 2697; x_wconf 90' lang='lat' dir='ltr'><strong>dominorum</strong></span> <span class='ocrx_word' id='word_1_512' title='bbox 626 2675 705 2694; x_wconf 84' lang='lat' dir='ltr'><strong>aures</strong></span> <span class='ocrx_word' id='word_1_513' title='bbox 720 2666 871 2701; x_wconf 78' lang='lat' dir='ltr'><strong>perforatis.</strong></span> <span class='ocrx_word' id='word_1_514' title='bbox 888 2665 1056 2692; x_wconf 81' lang='lat' dir='ltr'><strong>Conlidimus</strong></span> 
     </span>
    </p>
   </div>
   <div class='ocr_carea' id='block_1_71' title="bbox 272 2711 1056 2748">
    <p class='ocr_par' dir='ltr' id='par_1_71' title="bbox 272 2711 1056 2748">
     <span class='ocr_line' id='line_1_71' title="bbox 272 2711 1056 2748; baseline -0.008 -5"><span class='ocrx_word' id='word_1_515' title='bbox 272 2717 357 2747; x_wconf 82' lang='lat' dir='ltr'><strong>enim,</strong></span> <span class='ocrx_word' id='word_1_516' title='bbox 374 2716 398 2743; x_wconf 87' lang='lat' dir='ltr'><strong>si</strong></span> <span class='ocrx_word' id='word_1_517' title='bbox 417 2716 500 2748; x_wconf 90' lang='lat' dir='ltr'><strong>hunc,</strong></span> <span class='ocrx_word' id='word_1_518' title='bbox 520 2713 693 2742; x_wconf 86' lang='lat' dir='ltr'><strong>sanctissimo</strong></span> <span class='ocrx_word' id='word_1_519' title='bbox 710 2711 863 2747; x_wconf 83' lang='lat' dir='ltr'><strong>patriarcha</strong></span> <span class='ocrx_word' id='word_1_520' title='bbox 887 2715 980 2738; x_wconf 92' lang='lat' dir='ltr'><strong>nostro</strong></span> <span class='ocrx_word' id='word_1_521' title='bbox 1007 2718 1056 2745; x_wconf 94' lang='lat' dir='ltr'><strong>ap-</strong></span> 
     </span>
    </p>
   </div>
   <div class='ocr_carea' id='block_1_72' title="bbox 274 2757 1055 2797">
    <p class='ocr_par' dir='ltr' id='par_1_72' title="bbox 274 2757 1055 2797">
     <span class='ocr_line' id='line_1_72' title="bbox 274 2757 1055 2797; baseline -0.008 -8"><span class='ocrx_word' id='word_1_522' title='bbox 274 2763 416 2797; x_wconf 82' lang='lat' dir='ltr'><strong>probante.</strong></span> <span class='ocrx_word' id='word_1_523' title='bbox 433 2761 614 2797; x_wconf 88' lang='lat' dir='ltr'><strong>represserint</strong></span> <span class='ocrx_word' id='word_1_524' title='bbox 625 2781 632 2792; x_wconf 94' lang='lat'><strong>,</strong></span> <span class='ocrx_word' id='word_1_525' title='bbox 650 2760 708 2786; x_wconf 83' lang='lat' dir='ltr'><strong>fore</strong></span> <span class='ocrx_word' id='word_1_526' title='bbox 725 2764 754 2786; x_wconf 94' lang='lat' dir='ltr'><strong>ut</strong></span> <span class='ocrx_word' id='word_1_527' title='bbox 779 2757 944 2793; x_wconf 85' lang='lat' dir='ltr'><strong>applaudaut</strong></span> <span class='ocrx_word' id='word_1_528' title='bbox 957 2757 1055 2792; x_wconf 80' lang='lat' dir='ltr'><strong>angeli,</strong></span> 
     </span>
    </p>
   </div>
   <div class='ocr_carea' id='block_1_73' title="bbox 311 2859 901 2896">
    <p class='ocr_par' dir='ltr' id='par_1_73' title="bbox 311 2859 901 2896">
     <span class='ocr_line' id='line_1_73' title="bbox 311 2859 901 2896; baseline -0.007 -6"><span class='ocrx_word' id='word_1_529' title='bbox 311 2864 334 2879; x_wconf 78' lang='grc'><strong>⁸⁸</strong></span> <span class='ocrx_word' id='word_1_530' title='bbox 355 2863 434 2890; x_wconf 69' lang='lat' dir='ltr'><strong>Rern.</strong></span> <span class='ocrx_word' id='word_1_531' title='bbox 448 2871 507 2890; x_wconf 75' lang='lat' dir='ltr'><strong>sui.</strong></span> <span class='ocrx_word' id='word_1_532' title='bbox 526 2863 631 2896; x_wconf 69' lang='lat' dir='ltr'><strong>25cm],</strong></span> <span class='ocrx_word' id='word_1_533' title='bbox 666 2862 687 2877; x_wconf 89' lang='lat'>&quot;</span> <span class='ocrx_word' id='word_1_534' title='bbox 704 2860 787 2888; x_wconf 81' lang='lat' dir='ltr'><strong>Marc.</strong></span> <span class='ocrx_word' id='word_1_535' title='bbox 803 2868 842 2892; x_wconf 81' lang='lat' dir='ltr'><strong>vr,</strong></span> <span class='ocrx_word' id='word_1_536' title='bbox 859 2859 901 2887; x_wconf 72' lang='grc' dir='ltr'>ιο.</span> 
     </span>
    </p>
   </div>
   <div class='ocr_carea' id='block_1_74' title="bbox 1093 929 1843 965">
    <p class='ocr_par' dir='ltr' id='par_1_74' title="bbox 1093 929 1843 965">
     <span class='ocr_line' id='line_1_74' title="bbox 1093 929 1843 965; baseline -0.003 -8"><span class='ocrx_word' id='word_1_537' title='bbox 1093 930 1215 957; x_wconf 83' lang='grc' dir='ltr'>τοιοῦτον</span> <span class='ocrx_word' id='word_1_538' title='bbox 1232 930 1366 964; x_wconf 85' lang='grc' dir='ltr'>γίνεσθαι·</span> <span class='ocrx_word' id='word_1_539' title='bbox 1390 930 1437 956; x_wconf 80' lang='grc' dir='ltr'>καὶ</span> <span class='ocrx_word' id='word_1_540' title='bbox 1453 930 1696 964; x_wconf 83' lang='grc' dir='ltr'>στεφανούσθωσαν</span> <span class='ocrx_word' id='word_1_541' title='bbox 1711 930 1797 965; x_wconf 70' lang='grc' dir='ltr'>μοιχοὶ,</span> <span class='ocrx_word' id='word_1_542' title='bbox 1808 929 1843 956; x_wconf 77' lang='grc' dir='ltr'>καὶ</span> 
     </span>
    </p>
   </div>
   <div class='ocr_carea' id='block_1_75' title="bbox 1093 975 1843 1012">
    <p class='ocr_par' dir='ltr' id='par_1_75' title="bbox 1093 975 1843 1012">
     <span class='ocr_line' id='line_1_75' title="bbox 1093 975 1843 1012; baseline -0.004 -8"><span class='ocrx_word' id='word_1_543' title='bbox 1093 978 1118 1004; x_wconf 86' lang='grc' dir='ltr'>οἱ</span> <span class='ocrx_word' id='word_1_544' title='bbox 1136 977 1341 1012; x_wconf 71' lang='grc' dir='ltr'>στεφανοῦντες,</span> <span class='ocrx_word' id='word_1_545' title='bbox 1368 976 1405 1008; x_wconf 83' lang='grc' dir='ltr'>ὡς</span> <span class='ocrx_word' id='word_1_546' title='bbox 1423 977 1495 1011; x_wconf 89' lang='grc' dir='ltr'>μέγα</span> <span class='ocrx_word' id='word_1_547' title='bbox 1523 985 1550 1003; x_wconf 80' lang='grc' dir='ltr'><strong>τι</strong></span> <span class='ocrx_word' id='word_1_548' title='bbox 1578 977 1789 1012; x_wconf 80' lang='grc' dir='ltr'>κατωρθωκότες,</span> <span class='ocrx_word' id='word_1_549' title='bbox 1809 975 1843 1002; x_wconf 71' lang='grc' dir='ltr'>καὶ</span> 
     </span>
    </p>
   </div>
   <div class='ocr_carea' id='block_1_76' title="bbox 1094 1022 1843 1057">
    <p class='ocr_par' dir='ltr' id='par_1_76' title="bbox 1094 1022 1843 1057">
     <span class='ocr_line' id='line_1_76' title="bbox 1094 1022 1843 1057; baseline -0.004 -8"><span class='ocrx_word' id='word_1_550' title='bbox 1094 1024 1157 1054; x_wconf 83' lang='grc' dir='ltr'>τοὺς</span> <span class='ocrx_word' id='word_1_551' title='bbox 1174 1022 1289 1054; x_wconf 84' lang='grc' dir='ltr'>πολλοὺς</span> <span class='ocrx_word' id='word_1_552' title='bbox 1316 1022 1444 1057; x_wconf 77' lang='grc' dir='ltr'>ὠφελεῖν,</span> <span class='ocrx_word' id='word_1_553' title='bbox 1465 1023 1514 1050; x_wconf 78' lang='grc' dir='ltr'>καὶ</span> <span class='ocrx_word' id='word_1_554' title='bbox 1535 1024 1643 1057; x_wconf 73' lang='grc' dir='ltr'>ἐνάγειν</span> <span class='ocrx_word' id='word_1_555' title='bbox 1656 1024 1694 1054; x_wconf 82' lang='grc' dir='ltr'><strong>είς</strong></span> <span class='ocrx_word' id='word_1_556' title='bbox 1708 1022 1843 1057; x_wconf 68' lang='grc' dir='ltr'>ὁμοτροπίαν</span> 
     </span>
    </p>
   </div>
   <div class='ocr_carea' id='block_1_77' title="bbox 1094 1067 1844 1104">
    <p class='ocr_par' dir='ltr' id='par_1_77' title="bbox 1094 1067 1844 1104">
     <span class='ocr_line' id='line_1_77' title="bbox 1094 1067 1844 1104; baseline -0.004 -8"><span class='ocrx_word' id='word_1_557' title='bbox 1094 1069 1248 1104; x_wconf 87' lang='grc' dir='ltr'>δυνάμενοι.</span> <span class='ocrx_word' id='word_1_558' title='bbox 1269 1067 1499 1100; x_wconf 77' lang='grc' dir='ltr'>’Δσπαζέσθωσαν</span> <span class='ocrx_word' id='word_1_559' title='bbox 1518 1068 1572 1094; x_wconf 81' lang='grc' dir='ltr'><strong>ὑπὸ</strong></span> <span class='ocrx_word' id='word_1_560' title='bbox 1589 1068 1642 1094; x_wconf 84' lang='grc' dir='ltr'>τῶν</span> <span class='ocrx_word' id='word_1_561' title='bbox 1660 1068 1766 1095; x_wconf 82' lang='grc' dir='ltr'>πολλῶν.</span> <span class='ocrx_word' id='word_1_562' title='bbox 1784 1067 1844 1093; x_wconf 75' lang='grc' dir='ltr'>Ἀλλὰ</span> 
     </span>
    </p>
   </div>
   <div class='ocr_carea' id='block_1_78' title="bbox 1097 1113 1846 1151">
    <p class='ocr_par' dir='ltr' id='par_1_78' title="bbox 1097 1113 1846 1151">
     <span class='ocr_line' id='line_1_78' title="bbox 1097 1113 1846 1151; baseline -0.007 -9"><span class='ocrx_word' id='word_1_563' title='bbox 1097 1115 1134 1151; x_wconf 87' lang='grc' dir='ltr'><strong>μὴ</strong></span> <span class='ocrx_word' id='word_1_564' title='bbox 1148 1115 1264 1150; x_wconf 79' lang='grc' dir='ltr'>γένοιτοο</span> <span class='ocrx_word' id='word_1_565' title='bbox 1277 1114 1339 1142; x_wconf 75' lang='grc' dir='ltr'>οὔτε</span> <span class='ocrx_word' id='word_1_566' title='bbox 1353 1114 1408 1150; x_wconf 88' lang='grc' dir='ltr'><strong>γὰρ</strong></span> <span class='ocrx_word' id='word_1_567' title='bbox 1425 1115 1529 1144; x_wconf 69' lang='grc' dir='ltr'>ἐκεῖνος</span> <span class='ocrx_word' id='word_1_568' title='bbox 1547 1115 1650 1150; x_wconf 84' lang='grc' dir='ltr'>ίερεὺς,</span> <span class='ocrx_word' id='word_1_569' title='bbox 1665 1113 1721 1140; x_wconf 78' lang='grc' dir='ltr'>οὒτε</span> <span class='ocrx_word' id='word_1_570' title='bbox 1733 1113 1755 1138; x_wconf 83' lang='lat' dir='ltr'><strong>oi</strong></span> <span class='ocrx_word' id='word_1_571' title='bbox 1767 1113 1846 1138; x_wconf 76' lang='grc' dir='ltr'>ἐκεῖνον</span> 
     </span>
    </p>
   </div>
   <div class='ocr_carea' id='block_1_79' title="bbox 1097 1157 1846 1197">
    <p class='ocr_par' dir='ltr' id='par_1_79' title="bbox 1097 1157 1846 1197">
     <span class='ocr_line' id='line_1_79' title="bbox 1097 1157 1846 1197; baseline -0.005 -9"><span class='ocrx_word' id='word_1_572' title='bbox 1097 1161 1272 1197; x_wconf 86' lang='grc' dir='ltr'>μιμούμενοι.</span> <span class='ocrx_word' id='word_1_573' title='bbox 1298 1161 1345 1196; x_wconf 86' lang='grc' dir='ltr'><strong>Μὴ</strong></span> <span class='ocrx_word' id='word_1_574' title='bbox 1360 1161 1414 1196; x_wconf 77' lang='grc' dir='ltr'><strong>γὰρ</strong></span> <span class='ocrx_word' id='word_1_575' title='bbox 1431 1162 1460 1187; x_wconf 82' lang='grc' dir='ltr'>ὲν</span> <span class='ocrx_word' id='word_1_576' title='bbox 1481 1161 1581 1196; x_wconf 68' lang='grc' dir='ltr'>ἱκείνῳ</span> <span class='ocrx_word' id='word_1_577' title='bbox 1598 1159 1749 1191; x_wconf 80' lang='grc' dir='ltr'>ἀπατὰσθω,</span> <span class='ocrx_word' id='word_1_578' title='bbox 1762 1159 1795 1185; x_wconf 78' lang='grc' dir='ltr'>ὃτι</span> <span class='ocrx_word' id='word_1_579' title='bbox 1809 1157 1846 1192; x_wconf 81' lang='grc' dir='ltr'><strong>βσ-</strong></span> 
     </span>
    </p>
   </div>
   <div class='ocr_carea' id='block_1_80' title="bbox 1097 1201 1846 1242">
    <p class='ocr_par' dir='ltr' id='par_1_80' title="bbox 1097 1201 1846 1242">
     <span class='ocr_line' id='line_1_80' title="bbox 1097 1201 1846 1242; baseline -0.008 -8"><span class='ocrx_word' id='word_1_580' title='bbox 1097 1208 1188 1239; x_wconf 81' lang='grc' dir='ltr'>σιλεὺς</span> <span class='ocrx_word' id='word_1_581' title='bbox 1201 1204 1236 1242; x_wconf 79' lang='grc' dir='ltr'>ἦν</span> <span class='ocrx_word' id='word_1_582' title='bbox 1251 1207 1266 1233; x_wconf 83' lang='grc' dir='ltr'><strong>ό</strong></span> <span class='ocrx_word' id='word_1_583' title='bbox 1289 1206 1449 1242; x_wconf 86' lang='grc' dir='ltr'>μοιχεύσας,</span> <span class='ocrx_word' id='word_1_584' title='bbox 1469 1207 1602 1241; x_wconf 72' lang='grc' dir='ltr'>’Δρχουσι</span> <span class='ocrx_word' id='word_1_585' title='bbox 1619 1205 1672 1241; x_wconf 84' lang='grc' dir='ltr'><strong>γὰρ</strong></span> <span class='ocrx_word' id='word_1_586' title='bbox 1689 1206 1713 1232; x_wconf 87' lang='grc' dir='ltr'>οἰ</span> <span class='ocrx_word' id='word_1_587' title='bbox 1737 1203 1778 1230; x_wconf 84' lang='grc' dir='ltr'>τοῦ</span> <span class='ocrx_word' id='word_1_588' title='bbox 1796 1201 1846 1229; x_wconf 79' lang='grc' dir='ltr'><strong>Θεοῦ</strong></span> 
     </span>
    </p>
   </div>
   <div class='ocr_carea' id='block_1_81' title="bbox 1096 1249 1847 1289">
    <p class='ocr_par' dir='ltr' id='par_1_81' title="bbox 1096 1249 1847 1289">
     <span class='ocr_line' id='line_1_81' title="bbox 1096 1249 1847 1289; baseline -0.005 -10"><span class='ocrx_word' id='word_1_589' title='bbox 1096 1253 1174 1288; x_wconf 87' lang='grc' dir='ltr'>νόμοι</span> <span class='ocrx_word' id='word_1_590' title='bbox 1196 1252 1317 1284; x_wconf 83' lang='grc' dir='ltr'>πάντων,</span> <span class='ocrx_word' id='word_1_591' title='bbox 1344 1251 1416 1279; x_wconf 78' lang='grc' dir='ltr'>κατὰ</span> <span class='ocrx_word' id='word_1_592' title='bbox 1438 1252 1469 1278; x_wconf 82' lang='grc' dir='ltr'>τὸ</span> <span class='ocrx_word' id='word_1_593' title='bbox 1491 1252 1697 1289; x_wconf 83' lang='grc' dir='ltr'>γεγραμμένον.</span> <span class='ocrx_word' id='word_1_594' title='bbox 1718 1250 1778 1277; x_wconf 76' lang='grc' dir='ltr'>Ἀλλ’</span> <span class='ocrx_word' id='word_1_595' title='bbox 1791 1249 1847 1283; x_wconf 79' lang='grc' dir='ltr'>ὅμως</span> 
     </span>
    </p>
   </div>
   <div class='ocr_carea' id='block_1_82' title="bbox 1096 1294 1848 1334">
    <p class='ocr_par' dir='ltr' id='par_1_82' title="bbox 1096 1294 1848 1334">
     <span class='ocr_line' id='line_1_82' title="bbox 1096 1294 1848 1334; baseline -0.005 -9"><span class='ocrx_word' id='word_1_596' title='bbox 1096 1299 1176 1326; x_wconf 85' lang='grc' dir='ltr'>τοῦτο</span> <span class='ocrx_word' id='word_1_597' title='bbox 1201 1298 1305 1334; x_wconf 80' lang='grc' dir='ltr'>δράσας</span> <span class='ocrx_word' id='word_1_598' title='bbox 1324 1299 1355 1325; x_wconf 78' lang='grc' dir='ltr'><strong>τὸ</strong></span> <span class='ocrx_word' id='word_1_599' title='bbox 1382 1298 1573 1333; x_wconf 80' lang='grc' dir='ltr'>παγχάλεπον,</span> <span class='ocrx_word' id='word_1_600' title='bbox 1603 1297 1644 1324; x_wconf 78' lang='grc' dir='ltr'>ἔτι</span> <span class='ocrx_word' id='word_1_601' title='bbox 1663 1296 1794 1331; x_wconf 78' lang='grc' dir='ltr'>φιλονεικεῖ</span> <span class='ocrx_word' id='word_1_602' title='bbox 1811 1294 1848 1327; x_wconf 72' lang='grc' dir='ltr'>τὴν</span> 
     </span>
    </p>
   </div>
   <div class='ocr_carea' id='block_1_83' title="bbox 1097 1341 1848 1380">
    <p class='ocr_par' dir='ltr' id='par_1_83' title="bbox 1097 1341 1848 1380">
     <span class='ocr_line' id='line_1_83' title="bbox 1097 1341 1848 1380; baseline -0.003 -9"><span class='ocrx_word' id='word_1_603' title='bbox 1097 1345 1212 1380; x_wconf 81' lang='grc' dir='ltr'>ἀνομίαν</span> <span class='ocrx_word' id='word_1_604' title='bbox 1227 1343 1401 1380; x_wconf 89' lang='grc' dir='ltr'>δικαιοσύνην</span> <span class='ocrx_word' id='word_1_605' title='bbox 1415 1344 1560 1378; x_wconf 81' lang='grc' dir='ltr'>γνωρίσαι·</span> <span class='ocrx_word' id='word_1_606' title='bbox 1577 1344 1625 1370; x_wconf 75' lang='grc' dir='ltr'>καὶ</span> <span class='ocrx_word' id='word_1_607' title='bbox 1639 1344 1667 1370; x_wconf 80' lang='grc' dir='ltr'>τὸ</span> <span class='ocrx_word' id='word_1_608' title='bbox 1677 1343 1707 1378; x_wconf 78' lang='grc' dir='ltr'>δὴ</span> <span class='ocrx_word' id='word_1_609' title='bbox 1721 1341 1848 1376; x_wconf 76' lang='grc' dir='ltr'>λεγόμενον.</span> 
     </span>
    </p>
   </div>
   <div class='ocr_carea' id='block_1_84' title="bbox 1098 1384 1849 1425">
    <p class='ocr_par' dir='ltr' id='par_1_84' title="bbox 1098 1384 1849 1425">
     <span class='ocr_line' id='line_1_84' title="bbox 1098 1384 1849 1425; baseline -0.007 -8"><span class='ocrx_word' id='word_1_610' title='bbox 1098 1390 1240 1424; x_wconf 80' lang='grc' dir='ltr'>ἀποδεῖξαι</span> <span class='ocrx_word' id='word_1_611' title='bbox 1252 1390 1348 1416; x_wconf 78' lang='grc' dir='ltr'>ἑαυτὸν</span> <span class='ocrx_word' id='word_1_612' title='bbox 1357 1389 1405 1417; x_wconf 74' lang='grc' dir='ltr'>τοῦ</span> <span class='ocrx_word' id='word_1_613' title='bbox 1413 1389 1572 1425; x_wconf 85' lang='grc' dir='ltr'>Προδρόμου</span> <span class='ocrx_word' id='word_1_614' title='bbox 1583 1390 1630 1417; x_wconf 77' lang='grc' dir='ltr'>καὶ.</span> <span class='ocrx_word' id='word_1_615' title='bbox 1639 1387 1778 1416; x_wconf 84' lang='grc' dir='ltr'>Βαπτιοτοῦ</span> <span class='ocrx_word' id='word_1_616' title='bbox 1788 1384 1849 1412; x_wconf 68' lang='lat' dir='ltr'><strong>baub-</strong></span> 
     </span>
    </p>
   </div>
   <div class='ocr_carea' id='block_1_85' title="bbox 1098 1435 1849 1472">
    <p class='ocr_par' dir='ltr' id='par_1_85' title="bbox 1098 1435 1849 1472">
     <span class='ocr_line' id='line_1_85' title="bbox 1098 1435 1849 1472; baseline -0.007 -8"><span class='ocrx_word' id='word_1_617' title='bbox 1098 1446 1189 1472; x_wconf 84' lang='grc' dir='ltr'>τερον.</span> <span class='ocrx_word' id='word_1_618' title='bbox 1217 1437 1336 1464; x_wconf 84' lang='grc' dir='ltr'>Ἐκείνου</span> <span class='ocrx_word' id='word_1_619' title='bbox 1353 1437 1407 1472; x_wconf 82' lang='grc' dir='ltr'>γὰρ</span> <span class='ocrx_word' id='word_1_620' title='bbox 1429 1436 1588 1472; x_wconf 72' lang='grc' dir='ltr'>ἐλέγχοντος</span> <span class='ocrx_word' id='word_1_621' title='bbox 1611 1438 1661 1472; x_wconf 87' lang='grc' dir='ltr'>τὴν</span> <span class='ocrx_word' id='word_1_622' title='bbox 1679 1435 1785 1471; x_wconf 82' lang='grc' dir='ltr'>Ἡρώδου</span> <span class='ocrx_word' id='word_1_623' title='bbox 1805 1440 1849 1468; x_wconf 85' lang='grc' dir='ltr'>μοι·</span> 
     </span>
    </p>
   </div>
   <div class='ocr_carea' id='block_1_86' title="bbox 1099 1478 1850 1519">
    <p class='ocr_par' dir='ltr' id='par_1_86' title="bbox 1099 1478 1850 1519">
     <span class='ocr_line' id='line_1_86' title="bbox 1099 1478 1850 1519; baseline -0.004 -9"><span class='ocrx_word' id='word_1_624' title='bbox 1099 1483 1188 1519; x_wconf 86' lang='grc' dir='ltr'>χείαν,</span> <span class='ocrx_word' id='word_1_625' title='bbox 1216 1485 1264 1510; x_wconf 81' lang='grc' dir='ltr'>καὶ</span> <span class='ocrx_word' id='word_1_626' title='bbox 1286 1483 1357 1519; x_wconf 80' lang='grc' dir='ltr'>ὑπὲρ</span> <span class='ocrx_word' id='word_1_627' title='bbox 1380 1482 1512 1518; x_wconf 73' lang='grc' dir='ltr'>ἀληθείας</span> <span class='ocrx_word' id='word_1_628' title='bbox 1534 1483 1715 1518; x_wconf 63' lang='grc' dir='ltr'>θνήσκοντος*</span> <span class='ocrx_word' id='word_1_629' title='bbox 1736 1478 1802 1511; x_wconf 75' lang='grc' dir='ltr'>οὗτος</span> <span class='ocrx_word' id='word_1_630' title='bbox 1817 1478 1850 1503; x_wconf 70' lang='grc' dir='ltr'><strong>τὸν</strong></span> 
     </span>
    </p>
   </div>
   <div class='ocr_carea' id='block_1_87' title="bbox 1099 1523 1850 1565">
    <p class='ocr_par' dir='ltr' id='par_1_87' title="bbox 1099 1523 1850 1565">
     <span class='ocr_line' id='line_1_87' title="bbox 1099 1523 1850 1565; baseline -0.005 -10"><span class='ocrx_word' id='word_1_631' title='bbox 1099 1529 1229 1565; x_wconf 81' lang='grc' dir='ltr'>δεύτερον</span> <span class='ocrx_word' id='word_1_632' title='bbox 1249 1528 1372 1564; x_wconf 80' lang='grc' dir='ltr'>Ἡρώδην</span> <span class='ocrx_word' id='word_1_633' title='bbox 1389 1529 1427 1561; x_wconf 87' lang='grc' dir='ltr'>ὡς</span> <span class='ocrx_word' id='word_1_634' title='bbox 1442 1529 1550 1564; x_wconf 80' lang='grc' dir='ltr'>ἀληθῶς</span> <span class='ocrx_word' id='word_1_635' title='bbox 1566 1531 1599 1565; x_wconf 83' lang='grc' dir='ltr'><strong>τῇ</strong></span> <span class='ocrx_word' id='word_1_636' title='bbox 1617 1528 1754 1565; x_wconf 87' lang='grc' dir='ltr'>όμοτρόπῳ</span> <span class='ocrx_word' id='word_1_637' title='bbox 1769 1523 1850 1561; x_wconf 74' lang='grc' dir='ltr'>μοιχείᾳ</span> 
     </span>
    </p>
   </div>
   <div class='ocr_carea' id='block_1_88' title="bbox 1099 1566 1850 1609">
    <p class='ocr_par' dir='ltr' id='par_1_88' title="bbox 1099 1566 1850 1609">
     <span class='ocr_line' id='line_1_88' title="bbox 1099 1566 1850 1609; baseline -0.008 -9"><span class='ocrx_word' id='word_1_638' title='bbox 1099 1573 1281 1609; x_wconf 78' lang='grc' dir='ltr'>δεδειγμένον,</span> <span class='ocrx_word' id='word_1_639' title='bbox 1297 1575 1344 1600; x_wconf 80' lang='grc' dir='ltr'>καὶ</span> <span class='ocrx_word' id='word_1_640' title='bbox 1360 1574 1546 1607; x_wconf 77' lang='grc' dir='ltr'>ἐστεφάνωσε,</span> <span class='ocrx_word' id='word_1_641' title='bbox 1562 1573 1610 1600; x_wconf 77' lang='grc' dir='ltr'><strong>καὶ¹</strong></span> <span class='ocrx_word' id='word_1_642' title='bbox 1626 1570 1804 1607; x_wconf 72' lang='grc' dir='ltr'><strong>κατησπάσατο</strong></span> <span class='ocrx_word' id='word_1_643' title='bbox 1816 1566 1850 1601; x_wconf 74' lang='grc' dir='ltr'>μέ-</span> 
     </span>
    </p>
   </div>
   <div class='ocr_carea' id='block_1_89' title="bbox 1102 1613 1851 1655">
    <p class='ocr_par' dir='ltr' id='par_1_89' title="bbox 1102 1613 1851 1655">
     <span class='ocr_line' id='line_1_89' title="bbox 1102 1613 1851 1655; baseline -0.001 -10"><span class='ocrx_word' id='word_1_644' title='bbox 1102 1628 1148 1655; x_wconf 86' lang='grc' dir='ltr'><strong>χρι</strong></span> <span class='ocrx_word' id='word_1_645' title='bbox 1164 1619 1291 1646; x_wconf 86' lang='grc' dir='ltr'>θανάτου·</span> <span class='ocrx_word' id='word_1_646' title='bbox 1308 1618 1400 1653; x_wconf 85' lang='grc' dir='ltr'>λόγοις</span> <span class='ocrx_word' id='word_1_647' title='bbox 1417 1619 1466 1654; x_wconf 80' lang='grc' dir='ltr'>μὲν</span> <span class='ocrx_word' id='word_1_648' title='bbox 1480 1618 1524 1650; x_wconf 86' lang='grc' dir='ltr'><strong>οὒ,</strong></span> <span class='ocrx_word' id='word_1_649' title='bbox 1538 1619 1630 1650; x_wconf 80' lang='grc' dir='ltr'>αὐτοῖς</span> <span class='ocrx_word' id='word_1_650' title='bbox 1647 1618 1675 1645; x_wconf 75' lang='grc' dir='ltr'>δὲ</span> <span class='ocrx_word' id='word_1_651' title='bbox 1694 1617 1777 1653; x_wconf 75' lang='grc' dir='ltr'>ἔργοις</span> <span class='ocrx_word' id='word_1_652' title='bbox 1788 1613 1851 1648; x_wconf 76' lang='grc' dir='ltr'><strong>φθεγ-</strong></span> 
     </span>
    </p>
   </div>
   <div class='ocr_carea' id='block_1_90' title="bbox 1100 1656 1852 1699">
    <p class='ocr_par' dir='ltr' id='par_1_90' title="bbox 1100 1656 1852 1699">
     <span class='ocr_line' id='line_1_90' title="bbox 1100 1656 1852 1699; baseline -0.008 -8"><span class='ocrx_word' id='word_1_653' title='bbox 1100 1665 1226 1698; x_wconf 86' lang='grc' dir='ltr'>γόμενος,</span> <span class='ocrx_word' id='word_1_654' title='bbox 1237 1664 1274 1696; x_wconf 80' lang='grc' dir='ltr'><strong>ὡς</strong></span> <span class='ocrx_word' id='word_1_655' title='bbox 1284 1664 1456 1699; x_wconf 78' lang='grc' dir='ltr'>πεπλάνηται</span> <span class='ocrx_word' id='word_1_656' title='bbox 1474 1664 1602 1698; x_wconf 82' lang='grc' dir='ltr'>Ἰωάννης</span> <span class='ocrx_word' id='word_1_657' title='bbox 1611 1664 1626 1689; x_wconf 85' lang='grc' dir='ltr'><strong>ό</strong></span> <span class='ocrx_word' id='word_1_658' title='bbox 1641 1663 1786 1699; x_wconf 82' lang='grc' dir='ltr'>Πρόδρομος</span> <span class='ocrx_word' id='word_1_659' title='bbox 1793 1656 1852 1686; x_wconf 75' lang='grc' dir='ltr'>ἀκαί-</span> 
     </span>
    </p>
   </div>
   <div class='ocr_carea' id='block_1_91' title="bbox 1102 1701 1852 1744">
    <p class='ocr_par' dir='ltr' id='par_1_91' title="bbox 1102 1701 1852 1744">
     <span class='ocr_line' id='line_1_91' title="bbox 1102 1701 1852 1744; baseline -0.001 -9"><span class='ocrx_word' id='word_1_660' title='bbox 1102 1718 1169 1744; x_wconf 83' lang='grc' dir='ltr'>ρως,</span> <span class='ocrx_word' id='word_1_661' title='bbox 1182 1709 1230 1736; x_wconf 77' lang='grc' dir='ltr'>καὶ</span> <span class='ocrx_word' id='word_1_662' title='bbox 1244 1708 1353 1743; x_wconf 83' lang='grc' dir='ltr'>ἀνόμως</span> <span class='ocrx_word' id='word_1_663' title='bbox 1367 1707 1507 1742; x_wconf 81' lang='grc' dir='ltr'>διελέγξας</span> <span class='ocrx_word' id='word_1_664' title='bbox 1524 1709 1573 1735; x_wconf 67' lang='grc' dir='ltr'>καὶ</span> <span class='ocrx_word' id='word_1_665' title='bbox 1586 1707 1734 1735; x_wconf 83' lang='grc' dir='ltr'>ἀποθανών.</span> <span class='ocrx_word' id='word_1_666' title='bbox 1749 1703 1815 1731; x_wconf 73' lang='grc' dir='ltr'><strong>Ἀλλά</strong></span> <span class='ocrx_word' id='word_1_667' title='bbox 1826 1701 1852 1736; x_wconf 72' lang='grc' dir='ltr'><strong>μὴ</strong></span> 
     </span>
    </p>
   </div>
   <div class='ocr_carea' id='block_1_92' title="bbox 1101 1746 1852 1790">
    <p class='ocr_par' dir='ltr' id='par_1_92' title="bbox 1101 1746 1852 1790">
     <span class='ocr_line' id='line_1_92' title="bbox 1101 1746 1852 1790; baseline -0.003 -8"><span class='ocrx_word' id='word_1_668' title='bbox 1101 1755 1218 1789; x_wconf 85' lang='grc' dir='ltr'>γένοιτο·</span> <span class='ocrx_word' id='word_1_669' title='bbox 1234 1755 1248 1781; x_wconf 92' lang='grc' dir='ltr'><strong>ό</strong></span> <span class='ocrx_word' id='word_1_670' title='bbox 1275 1754 1326 1790; x_wconf 80' lang='grc' dir='ltr'>μὲν</span> <span class='ocrx_word' id='word_1_671' title='bbox 1353 1754 1408 1790; x_wconf 77' lang='grc' dir='ltr'><strong>γὰρ</strong></span> <span class='ocrx_word' id='word_1_672' title='bbox 1437 1754 1485 1780; x_wconf 81' lang='grc' dir='ltr'>τοῦ</span> <span class='ocrx_word' id='word_1_673' title='bbox 1508 1754 1593 1789; x_wconf 89' lang='grc' dir='ltr'>νόμου</span> <span class='ocrx_word' id='word_1_674' title='bbox 1612 1751 1809 1788; x_wconf 74' lang='grc' dir='ltr'>ὑπερασπιστὴς,</span> <span class='ocrx_word' id='word_1_675' title='bbox 1819 1746 1852 1774; x_wconf 68' lang='grc' dir='ltr'><strong>καὶ</strong></span> 
     </span>
    </p>
   </div>
   <div class='ocr_carea' id='block_1_93' title="bbox 1101 1793 1852 1835">
    <p class='ocr_par' dir='ltr' id='par_1_93' title="bbox 1101 1793 1852 1835">
     <span class='ocr_line' id='line_1_93' title="bbox 1101 1793 1852 1835; baseline -0.005 -9"><span class='ocrx_word' id='word_1_676' title='bbox 1101 1799 1150 1827; x_wconf 78' lang='grc' dir='ltr'>τοῦ</span> <span class='ocrx_word' id='word_1_677' title='bbox 1176 1800 1279 1835; x_wconf 80' lang='grc' dir='ltr'>μύσους</span> <span class='ocrx_word' id='word_1_678' title='bbox 1297 1799 1440 1834; x_wconf 74' lang='grc' dir='ltr'>ἑλεγκτής·</span> <span class='ocrx_word' id='word_1_679' title='bbox 1465 1799 1522 1825; x_wconf 82' lang='grc' dir='ltr'><strong>ὁδὲ</strong></span> <span class='ocrx_word' id='word_1_680' title='bbox 1538 1799 1594 1826; x_wconf 84' lang='grc' dir='ltr'><strong>τῶν</strong></span> <span class='ocrx_word' id='word_1_681' title='bbox 1623 1799 1700 1826; x_wconf 79' lang='grc' dir='ltr'>θείων</span> <span class='ocrx_word' id='word_1_682' title='bbox 1727 1793 1852 1832; x_wconf 63' lang='grc' dir='ltr'>μυστηρίων</span> 
     </span>
    </p>
   </div>
   <div class='ocr_carea' id='block_1_94' title="bbox 1102 1843 1852 1882">
    <p class='ocr_par' dir='ltr' id='par_1_94' title="bbox 1102 1843 1852 1882">
     <span class='ocr_line' id='line_1_94' title="bbox 1102 1843 1852 1882; baseline 0 -9"><span class='ocrx_word' id='word_1_683' title='bbox 1102 1846 1309 1882; x_wconf 75' lang='grc' dir='ltr'>καταπατητὴς,</span> <span class='ocrx_word' id='word_1_684' title='bbox 1338 1846 1386 1872; x_wconf 78' lang='grc' dir='ltr'>καὶ</span> <span class='ocrx_word' id='word_1_685' title='bbox 1410 1845 1461 1880; x_wconf 83' lang='grc' dir='ltr'>τῆς</span> <span class='ocrx_word' id='word_1_686' title='bbox 1484 1846 1607 1881; x_wconf 77' lang='grc' dir='ltr'>ἀθέσμου</span> <span class='ocrx_word' id='word_1_687' title='bbox 1638 1843 1786 1880; x_wconf 82' lang='grc' dir='ltr'>συμπλοκῆς</span> <span class='ocrx_word' id='word_1_688' title='bbox 1806 1846 1852 1866; x_wconf 82' lang='grc' dir='ltr'><strong>συν·</strong></span> 
     </span>
    </p>
   </div>
   <div class='ocr_carea' id='block_1_95' title="bbox 1102 1882 1854 1926">
    <p class='ocr_par' dir='ltr' id='par_1_95' title="bbox 1102 1882 1854 1926">
     <span class='ocr_line' id='line_1_95' title="bbox 1102 1882 1854 1926; baseline -0.009 -9"><span class='ocrx_word' id='word_1_689' title='bbox 1102 1892 1191 1926; x_wconf 80' lang='grc' dir='ltr'>άπτης</span> <span class='ocrx_word' id='word_1_690' title='bbox 1218 1891 1265 1917; x_wconf 79' lang='grc' dir='ltr'>καὶ</span> <span class='ocrx_word' id='word_1_691' title='bbox 1291 1891 1547 1926; x_wconf 72' lang='grc' dir='ltr'>κατασφραγιστής.</span> <span class='ocrx_word' id='word_1_692' title='bbox 1569 1891 1625 1917; x_wconf 76' lang='grc' dir='ltr'><strong>Καὶ</strong></span> <span class='ocrx_word' id='word_1_693' title='bbox 1641 1890 1655 1916; x_wconf 84' lang='grc' dir='ltr'><strong>ό</strong></span> <span class='ocrx_word' id='word_1_694' title='bbox 1678 1889 1725 1924; x_wconf 79' lang='grc' dir='ltr'>μὲν</span> <span class='ocrx_word' id='word_1_695' title='bbox 1736 1882 1854 1914; x_wconf 66' lang='grc' dir='ltr'>καὶθανὼν</span> 
     </span>
    </p>
   </div>
   <div class='ocr_carea' id='block_1_96' title="bbox 1104 1930 1853 1973">
    <p class='ocr_par' dir='ltr' id='par_1_96' title="bbox 1104 1930 1853 1973">
     <span class='ocr_line' id='line_1_96' title="bbox 1104 1930 1853 1973; baseline -0.011 -8"><span class='ocrx_word' id='word_1_696' title='bbox 1104 1938 1154 1973; x_wconf 79' lang='grc' dir='ltr'><strong>βοᾷ</strong></span> <span class='ocrx_word' id='word_1_697' title='bbox 1170 1945 1177 1951; x_wconf 83' lang='lat'>&#39;</span> <span class='ocrx_word' id='word_1_698' title='bbox 1193 1938 1253 1964; x_wconf 83' lang='grc' dir='ltr'>οὐκ</span> <span class='ocrx_word' id='word_1_699' title='bbox 1277 1936 1379 1969; x_wconf 73' lang='grc' dir='ltr'>ἒξεστί</span> <span class='ocrx_word' id='word_1_700' title='bbox 1403 1944 1452 1964; x_wconf 84' lang='grc' dir='ltr'><strong>σοι</strong></span> <span class='ocrx_word' id='word_1_701' title='bbox 1466 1937 1549 1971; x_wconf 70' lang='grc' dir='ltr'>ἔχειν</span> <span class='ocrx_word' id='word_1_702' title='bbox 1562 1937 1617 1970; x_wconf 76' lang='grc' dir='ltr'>τὴν</span> <span class='ocrx_word' id='word_1_703' title='bbox 1633 1935 1753 1970; x_wconf 74' lang='grc' dir='ltr'>γυναῖκα</span> <span class='ocrx_word' id='word_1_704' title='bbox 1774 1930 1853 1958; x_wconf 64' lang='grc' dir='ltr'>Φιλίπ-</span> 
     </span>
    </p>
   </div>
   <div class='ocr_carea' id='block_1_97' title="bbox 1103 1975 1855 2018">
    <p class='ocr_par' dir='ltr' id='par_1_97' title="bbox 1103 1975 1855 2018">
     <span class='ocr_line' id='line_1_97' title="bbox 1103 1975 1855 2018; baseline -0.003 -8"><span class='ocrx_word' id='word_1_705' title='bbox 1103 1990 1162 2010; x_wconf 76' lang='grc' dir='ltr'><strong>που</strong></span> <span class='ocrx_word' id='word_1_706' title='bbox 1178 1983 1231 2010; x_wconf 86' lang='grc' dir='ltr'>τοῦ</span> <span class='ocrx_word' id='word_1_707' title='bbox 1246 1983 1380 2017; x_wconf 63' lang='grc' dir='ltr'>ἀδελφοῦ</span> <span class='ocrx_word' id='word_1_708' title='bbox 1394 1991 1464 2010; x_wconf 88' lang='grc' dir='ltr'>σου.</span> <span class='ocrx_word' id='word_1_709' title='bbox 1482 1984 1541 2009; x_wconf 82' lang='grc' dir='ltr'>Κάν</span> <span class='ocrx_word' id='word_1_710' title='bbox 1557 1983 1597 2018; x_wconf 86' lang='grc' dir='ltr'>τῷ</span> <span class='ocrx_word' id='word_1_711' title='bbox 1616 1981 1729 2018; x_wconf 81' lang='grc' dir='ltr'>Ἡρώδου</span> <span class='ocrx_word' id='word_1_712' title='bbox 1746 1975 1855 2014; x_wconf 69' lang='grc' dir='ltr'>προσώπῳ</span> 
     </span>
    </p>
   </div>
   <div class='ocr_carea' id='block_1_98' title="bbox 1104 2021 1854 2064">
    <p class='ocr_par' dir='ltr' id='par_1_98' title="bbox 1104 2021 1854 2064">
     <span class='ocr_line' id='line_1_98' title="bbox 1104 2021 1854 2064; baseline -0.004 -9"><span class='ocrx_word' id='word_1_713' title='bbox 1104 2029 1193 2064; x_wconf 78' lang='grc' dir='ltr'>ὲμσοᾷ</span> <span class='ocrx_word' id='word_1_714' title='bbox 1212 2029 1287 2064; x_wconf 81' lang='grc' dir='ltr'>πάσῃ</span> <span class='ocrx_word' id='word_1_715' title='bbox 1313 2030 1346 2064; x_wconf 81' lang='grc' dir='ltr'>τῇ</span> <span class='ocrx_word' id='word_1_716' title='bbox 1362 2028 1519 2063; x_wconf 81' lang='grc' dir='ltr'>οίκουμὲνῃ,</span> <span class='ocrx_word' id='word_1_717' title='bbox 1539 2028 1639 2064; x_wconf 86' lang='grc' dir='ltr'>μηκέτι</span> <span class='ocrx_word' id='word_1_718' title='bbox 1653 2025 1765 2054; x_wconf 82' lang='grc' dir='ltr'>τοιοῦτον</span> <span class='ocrx_word' id='word_1_719' title='bbox 1777 2021 1854 2056; x_wconf 78' lang='grc' dir='ltr'>τολμη-</span> 
     </span>
    </p>
   </div>
   <div class='ocr_carea' id='block_1_99' title="bbox 1104 2070 1855 2110">
    <p class='ocr_par' dir='ltr' id='par_1_99' title="bbox 1104 2070 1855 2110">
     <span class='ocr_line' id='line_1_99' title="bbox 1104 2070 1855 2110; baseline -0.003 -8"><span class='ocrx_word' id='word_1_720' title='bbox 1104 2075 1196 2110; x_wconf 85' lang='grc' dir='ltr'>θῆναι.</span> <span class='ocrx_word' id='word_1_721' title='bbox 1217 2074 1246 2101; x_wconf 92' lang='lat'><strong>&#39;0</strong></span> <span class='ocrx_word' id='word_1_722' title='bbox 1269 2074 1298 2101; x_wconf 74' lang='grc' dir='ltr'>δὲ</span> <span class='ocrx_word' id='word_1_723' title='bbox 1325 2074 1377 2105; x_wconf 74' lang='grc' dir='ltr'>ἕως</span> <span class='ocrx_word' id='word_1_724' title='bbox 1400 2073 1449 2100; x_wconf 80' lang='grc' dir='ltr'>τοῦ</span> <span class='ocrx_word' id='word_1_725' title='bbox 1471 2073 1519 2100; x_wconf 84' lang='grc' dir='ltr'>νῦν</span> <span class='ocrx_word' id='word_1_726' title='bbox 1534 2074 1627 2105; x_wconf 83' lang='grc' dir='ltr'>αὐτοῖς</span> <span class='ocrx_word' id='word_1_727' title='bbox 1654 2073 1740 2108; x_wconf 75' lang='grc' dir='ltr'>ἔργοις</span> <span class='ocrx_word' id='word_1_728' title='bbox 1755 2070 1855 2100; x_wconf 53' lang='lat' dir='ltr'><strong>dimi?“</strong></span> 
     </span>
    </p>
   </div>
   <div class='ocr_carea' id='block_1_100' title="bbox 1104 2115 1855 2156">
    <p class='ocr_par' dir='ltr' id='par_1_100' title="bbox 1104 2115 1855 2156">
     <span class='ocr_line' id='line_1_100' title="bbox 1104 2115 1855 2156; baseline -0.009 -9"><span class='ocrx_word' id='word_1_729' title='bbox 1104 2120 1201 2156; x_wconf 72' lang='grc' dir='ltr'>κράζει</span> <span class='ocrx_word' id='word_1_730' title='bbox 1227 2120 1266 2155; x_wconf 86' lang='grc' dir='ltr'>τῷ</span> <span class='ocrx_word' id='word_1_731' title='bbox 1288 2120 1408 2154; x_wconf 80' lang='grc' dir='ltr'>δευτέρῳ</span> <span class='ocrx_word' id='word_1_732' title='bbox 1428 2119 1545 2154; x_wconf 79' lang='grc' dir='ltr'><strong>Ἡρώδῃ·</strong></span> <span class='ocrx_word' id='word_1_733' title='bbox 1567 2118 1679 2151; x_wconf 78' lang='grc' dir='ltr'><strong>Ἔξεστι</strong></span> <span class='ocrx_word' id='word_1_734' title='bbox 1697 2125 1736 2144; x_wconf 89' lang='grc' dir='ltr'><strong>σοι</strong></span> <span class='ocrx_word' id='word_1_735' title='bbox 1748 2115 1809 2150; x_wconf 82' lang='grc' dir='ltr'>εχειν</span> <span class='ocrx_word' id='word_1_736' title='bbox 1818 2118 1855 2144; x_wconf 79' lang='grc' dir='ltr'><strong>τυ-</strong></span> 
     </span>
    </p>
   </div>
   <div class='ocr_carea' id='block_1_101' title="bbox 1104 2159 1856 2200">
    <p class='ocr_par' dir='ltr' id='par_1_101' title="bbox 1104 2159 1856 2200">
     <span class='ocr_line' id='line_1_101' title="bbox 1104 2159 1856 2200; baseline -0.009 -8"><span class='ocrx_word' id='word_1_737' title='bbox 1104 2167 1186 2192; x_wconf 85' lang='grc' dir='ltr'>ναῖκα</span> <span class='ocrx_word' id='word_1_738' title='bbox 1201 2165 1332 2200; x_wconf 82' lang='grc' dir='ltr'>Θεοδότην</span> <span class='ocrx_word' id='word_1_739' title='bbox 1345 2165 1395 2200; x_wconf 82' lang='grc' dir='ltr'><strong>τὴν</strong></span> <span class='ocrx_word' id='word_1_740' title='bbox 1408 2164 1566 2200; x_wconf 84' lang='grc' dir='ltr'>μαχλῶσαν·</span> <span class='ocrx_word' id='word_1_741' title='bbox 1587 2165 1639 2192; x_wconf 86' lang='grc' dir='ltr'><strong>κάν</strong></span> <span class='ocrx_word' id='word_1_742' title='bbox 1655 2163 1692 2198; x_wconf 83' lang='grc' dir='ltr'>τῷ</span> <span class='ocrx_word' id='word_1_743' title='bbox 1710 2159 1784 2188; x_wconf 82' lang='grc' dir='ltr'>αὑτοῦ</span> <span class='ocrx_word' id='word_1_744' title='bbox 1795 2162 1856 2191; x_wconf 75' lang='grc' dir='ltr'>προσ·</span> 
     </span>
    </p>
   </div>
   <div class='ocr_carea' id='block_1_102' title="bbox 1105 2206 1856 2246">
    <p class='ocr_par' dir='ltr' id='par_1_102' title="bbox 1105 2206 1856 2246">
     <span class='ocr_line' id='line_1_102' title="bbox 1105 2206 1856 2246; baseline -0.007 -9"><span class='ocrx_word' id='word_1_745' title='bbox 1105 2211 1172 2246; x_wconf 87' lang='grc' dir='ltr'><strong>ώπῳ</strong></span> <span class='ocrx_word' id='word_1_746' title='bbox 1197 2211 1346 2246; x_wconf 76' lang='grc' dir='ltr'>διαρρήδην</span> <span class='ocrx_word' id='word_1_747' title='bbox 1371 2210 1537 2246; x_wconf 82' lang='grc' dir='ltr'>προστάσσει</span> <span class='ocrx_word' id='word_1_748' title='bbox 1565 2210 1618 2242; x_wconf 67' lang='grc' dir='ltr'>ἕως</span> <span class='ocrx_word' id='word_1_749' title='bbox 1633 2208 1679 2236; x_wconf 84' lang='grc' dir='ltr'><strong>τοῦ</strong></span> <span class='ocrx_word' id='word_1_750' title='bbox 1704 2206 1790 2236; x_wconf 78' lang='grc' dir='ltr'>αἰῶνος</span> <span class='ocrx_word' id='word_1_751' title='bbox 1813 2207 1856 2236; x_wconf 63' lang='grc' dir='ltr'><strong>μυι-</strong></span> 
     </span>
    </p>
   </div>
   <div class='ocr_carea' id='block_1_103' title="bbox 1106 2252 1856 2292">
    <p class='ocr_par' dir='ltr' id='par_1_103' title="bbox 1106 2252 1856 2292">
     <span class='ocr_line' id='line_1_103' title="bbox 1106 2252 1856 2292; baseline -0.005 -9"><span class='ocrx_word' id='word_1_752' title='bbox 1106 2256 1197 2292; x_wconf 83' lang='grc' dir='ltr'>χεύειν</span> <span class='ocrx_word' id='word_1_753' title='bbox 1214 2257 1279 2288; x_wconf 82' lang='grc' dir='ltr'>τοὺς</span> <span class='ocrx_word' id='word_1_754' title='bbox 1293 2255 1465 2291; x_wconf 81' lang='grc' dir='ltr'>ἀνθρώπους,</span> <span class='ocrx_word' id='word_1_755' title='bbox 1481 2256 1529 2282; x_wconf 83' lang='grc' dir='ltr'>καὶ</span> <span class='ocrx_word' id='word_1_756' title='bbox 1550 2255 1614 2287; x_wconf 84' lang='grc' dir='ltr'>τοὺς</span> <span class='ocrx_word' id='word_1_757' title='bbox 1640 2253 1768 2281; x_wconf 77' lang='grc' dir='ltr'>τοιούτους</span> <span class='ocrx_word' id='word_1_758' title='bbox 1780 2252 1856 2279; x_wconf 56' lang='lat' dir='ltr'><strong>ﬁt?“</strong></span> 
     </span>
    </p>
   </div>
   <div class='ocr_carea' id='block_1_104' title="bbox 1104 2300 1419 2338">
    <p class='ocr_par' dir='ltr' id='par_1_104' title="bbox 1104 2300 1419 2338">
     <span class='ocr_line' id='line_1_104' title="bbox 1104 2300 1419 2338; baseline 0.003 -9"><span class='ocrx_word' id='word_1_759' title='bbox 1104 2302 1216 2334; x_wconf 81' lang='grc' dir='ltr'>νοῦντας</span> <span class='ocrx_word' id='word_1_760' title='bbox 1232 2300 1302 2330; x_wconf 75' lang='grc' dir='ltr'>εἶναι</span> <span class='ocrx_word' id='word_1_761' title='bbox 1319 2302 1419 2338; x_wconf 83' lang='grc' dir='ltr'>ίερέας.</span> 
     </span>
    </p>
   </div>
   <div class='ocr_carea' id='block_1_105' title="bbox 1141 2334 1856 2384">
    <p class='ocr_par' dir='ltr' id='par_1_105' title="bbox 1141 2334 1856 2384">
     <span class='ocr_line' id='line_1_105' title="bbox 1141 2334 1856 2384; baseline -0.004 -8"><span class='ocrx_word' id='word_1_762' title='bbox 1141 2351 1174 2376; x_wconf 87' lang='grc' dir='ltr'><strong>Ὢ</strong></span> <span class='ocrx_word' id='word_1_763' title='bbox 1199 2334 1351 2384; x_wconf 62' lang='grc' dir='ltr'><strong>τολμηριέις⁷</strong></span> <span class='ocrx_word' id='word_1_764' title='bbox 1366 2349 1498 2384; x_wconf 86' lang='grc' dir='ltr'>καρδίαςί</span> <span class='ocrx_word' id='word_1_765' title='bbox 1518 2349 1550 2375; x_wconf 86' lang='grc' dir='ltr'><strong>Ὢ</strong></span> <span class='ocrx_word' id='word_1_766' title='bbox 1568 2345 1788 2382; x_wconf 74' lang='grc' dir='ltr'>καταφρονήσεως</span> <span class='ocrx_word' id='word_1_767' title='bbox 1806 2334 1856 2384; x_wconf 52' lang='grc' dir='ltr'><strong>θεῷ</strong></span> 
     </span>
    </p>
   </div>
   <div class='ocr_carea' id='block_1_106' title="bbox 1105 2382 1857 2431">
    <p class='ocr_par' dir='ltr' id='par_1_106' title="bbox 1105 2382 1857 2431">
     <span class='ocr_line' id='line_1_106' title="bbox 1105 2382 1857 2431; baseline -0.003 -9"><span class='ocrx_word' id='word_1_768' title='bbox 1105 2382 1264 2431; x_wconf 20' lang='grc' dir='ltr'>κριμάτωννί</span> <span class='ocrx_word' id='word_1_769' title='bbox 1278 2382 1327 2422; x_wconf 56' lang='lat' dir='ltr'><strong>ita</strong></span> <span class='ocrx_word' id='word_1_770' title='bbox 1349 2395 1376 2421; x_wconf 86' lang='grc' dir='ltr'><strong>τί</strong></span> <span class='ocrx_word' id='word_1_771' title='bbox 1404 2382 1441 2430; x_wconf 77' lang='grc' dir='ltr'>μὴ</span> <span class='ocrx_word' id='word_1_772' title='bbox 1459 2394 1560 2429; x_wconf 82' lang='grc' dir='ltr'>μᾶλλον</span> <span class='ocrx_word' id='word_1_773' title='bbox 1575 2394 1690 2424; x_wconf 70' lang='grc' dir='ltr'>ἕκαστος</span> <span class='ocrx_word' id='word_1_774' title='bbox 1710 2382 1857 2431; x_wconf 68' lang='grc' dir='ltr'>καταγορεΰεξ</span> 
     </span>
    </p>
   </div>
   <div class='ocr_carea' id='block_1_107' title="bbox 1106 2424 1858 2475">
    <p class='ocr_par' dir='ltr' id='par_1_107' title="bbox 1106 2424 1858 2475">
     <span class='ocr_line' id='line_1_107' title="bbox 1106 2424 1858 2475; baseline -0.009 -8"><span class='ocrx_word' id='word_1_775' title='bbox 1106 2441 1157 2475; x_wconf 83' lang='grc' dir='ltr'>τῆς</span> <span class='ocrx_word' id='word_1_776' title='bbox 1173 2440 1338 2472; x_wconf 83' lang='grc' dir='ltr'>ὑποθέσεως,</span> <span class='ocrx_word' id='word_1_777' title='bbox 1354 2439 1401 2466; x_wconf 69' lang='grc' dir='ltr'>καὶ</span> <span class='ocrx_word' id='word_1_778' title='bbox 1421 2438 1605 2465; x_wconf 83' lang='grc' dir='ltr'>διαστέλλεται</span> <span class='ocrx_word' id='word_1_779' title='bbox 1626 2437 1672 2465; x_wconf 83' lang='grc' dir='ltr'>τοῦ</span> <span class='ocrx_word' id='word_1_780' title='bbox 1687 2434 1805 2462; x_wconf 79' lang='grc' dir='ltr'>τοιούτου.</span> <span class='ocrx_word' id='word_1_781' title='bbox 1822 2424 1858 2453; x_wconf 61' lang='grc' dir='ltr'><strong>καὶ</strong></span> 
     </span>
    </p>
   </div>
   <div class='ocr_carea' id='block_1_108' title="bbox 1109 2472 1857 2522">
    <p class='ocr_par' dir='ltr' id='par_1_108' title="bbox 1109 2472 1857 2522">
     <span class='ocr_line' id='line_1_108' title="bbox 1109 2472 1857 2522; baseline -0.005 -9"><span class='ocrx_word' id='word_1_782' title='bbox 1109 2472 1189 2522; x_wconf 79' lang='grc' dir='ltr'>μέχρι</span> <span class='ocrx_word' id='word_1_783' title='bbox 1205 2486 1342 2521; x_wconf 80' lang='grc' dir='ltr'>βρώσεως,</span> <span class='ocrx_word' id='word_1_784' title='bbox 1352 2486 1401 2512; x_wconf 75' lang='grc' dir='ltr'>εἴτ’</span> <span class='ocrx_word' id='word_1_785' title='bbox 1418 2483 1464 2512; x_wconf 87' lang='grc' dir='ltr'>οὗν</span> <span class='ocrx_word' id='word_1_786' title='bbox 1478 2485 1636 2520; x_wconf 77' lang='grc' dir='ltr'>συντυχίας,</span> <span class='ocrx_word' id='word_1_787' title='bbox 1651 2483 1674 2510; x_wconf 77' lang='grc' dir='ltr'><strong>εί</strong></span> <span class='ocrx_word' id='word_1_788' title='bbox 1687 2481 1723 2516; x_wconf 83' lang='grc' dir='ltr'>μὴ</span> <span class='ocrx_word' id='word_1_789' title='bbox 1733 2472 1857 2522; x_wconf 42' lang='grc' dir='ltr'>ἐξαγορξύξι</span> 
     </span>
    </p>
   </div>
   <div class='ocr_carea' id='block_1_109' title="bbox 1108 2516 1858 2567">
    <p class='ocr_par' dir='ltr' id='par_1_109' title="bbox 1108 2516 1858 2567">
     <span class='ocr_line' id='line_1_109' title="bbox 1108 2516 1858 2567; baseline -0.013 -8"><span class='ocrx_word' id='word_1_790' title='bbox 1108 2516 1311 2567; x_wconf 53' lang='grc' dir='ltr'>τῆν’άμαρτίαν</span> <span class='ocrx_word' id='word_1_791' title='bbox 1322 2516 1396 2566; x_wconf 73' lang='grc' dir='ltr'>μετὰ</span> <span class='ocrx_word' id='word_1_792' title='bbox 1419 2531 1450 2558; x_wconf 79' lang='grc' dir='ltr'>τὸ</span> <span class='ocrx_word' id='word_1_793' title='bbox 1471 2516 1645 2558; x_wconf 63' lang='grc' dir='ltr'>παντάπασιν</span> <span class='ocrx_word' id='word_1_794' title='bbox 1659 2516 1858 2567; x_wconf 20' lang='grc' dir='ltr'>είργεσθαιλσὺτδν</span> 
     </span>
    </p>
   </div>
   <div class='ocr_carea' id='block_1_110' title="bbox 1108 2565 1857 2612">
    <p class='ocr_par' dir='ltr' id='par_1_110' title="bbox 1108 2565 1857 2612">
     <span class='ocr_line' id='line_1_110' title="bbox 1108 2565 1857 2612; baseline -0.011 -9"><span class='ocrx_word' id='word_1_795' title='bbox 1108 2565 1142 2604; x_wconf 64' lang='grc' dir='ltr'>ἐκ</span> <span class='ocrx_word' id='word_1_796' title='bbox 1156 2565 1248 2612; x_wconf 70' lang='grc' dir='ltr'>πάσης</span> <span class='ocrx_word' id='word_1_797' title='bbox 1273 2565 1448 2612; x_wconf 73' lang='grc' dir='ltr'>ίερόυργίας;</span> <span class='ocrx_word' id='word_1_798' title='bbox 1468 2575 1548 2602; x_wconf 82' lang='grc' dir='ltr'>Ἀλλὰ</span> <span class='ocrx_word' id='word_1_799' title='bbox 1561 2575 1606 2602; x_wconf 81' lang='grc' dir='ltr'>διὰ</span> <span class='ocrx_word' id='word_1_800' title='bbox 1624 2573 1702 2601; x_wconf 82' lang='grc' dir='ltr'>τοῦτο</span> <span class='ocrx_word' id='word_1_801' title='bbox 1714 2565 1813 2612; x_wconf 63' lang='grc' dir='ltr'>δεόμεῧᾷ</span> <span class='ocrx_word' id='word_1_802' title='bbox 1824 2569 1857 2587; x_wconf 58' lang='lat' dir='ltr'><strong>GV”</strong></span> 
     </span>
    </p>
   </div>
   <div class='ocr_carea' id='block_1_111' title="bbox 1108 2611 1857 2658">
    <p class='ocr_par' dir='ltr' id='par_1_111' title="bbox 1108 2611 1857 2658">
     <span class='ocr_line' id='line_1_111' title="bbox 1108 2611 1857 2658; baseline -0.008 -8"><span class='ocrx_word' id='word_1_803' title='bbox 1108 2624 1156 2658; x_wconf 83' lang='grc' dir='ltr'>τῆς</span> <span class='ocrx_word' id='word_1_804' title='bbox 1169 2611 1336 2654; x_wconf 77' lang='grc' dir='ltr'>θεοσεϐείας,</span> <span class='ocrx_word' id='word_1_805' title='bbox 1356 2623 1403 2649; x_wconf 81' lang='grc' dir='ltr'>καὶ</span> <span class='ocrx_word' id='word_1_806' title='bbox 1418 2622 1468 2657; x_wconf 85' lang='grc' dir='ltr'>τῆς</span> <span class='ocrx_word' id='word_1_807' title='bbox 1483 2621 1553 2648; x_wconf 78' lang='grc' dir='ltr'>κατὰ</span> <span class='ocrx_word' id='word_1_808' title='bbox 1567 2621 1598 2648; x_wconf 78' lang='grc' dir='ltr'>τὸ</span> <span class='ocrx_word' id='word_1_809' title='bbox 1613 2619 1683 2654; x_wconf 74' lang='grc' dir='ltr'>ἱερὸν</span> <span class='ocrx_word' id='word_1_810' title='bbox 1699 2616 1782 2652; x_wconf 76' lang='grc' dir='ltr'>σχῆμα</span> <span class='ocrx_word' id='word_1_811' title='bbox 1790 2611 1857 2658; x_wconf 43' lang='grc' dir='ltr'><strong>βίῳ·</strong></span> 
     </span>
    </p>
   </div>
   <div class='ocr_carea' id='block_1_112' title="bbox 1108 2652 1858 2704">
    <p class='ocr_par' dir='ltr' id='par_1_112' title="bbox 1108 2652 1858 2704">
     <span class='ocr_line' id='line_1_112' title="bbox 1108 2652 1858 2704; baseline -0.009 -9"><span class='ocrx_word' id='word_1_812' title='bbox 1108 2652 1197 2700; x_wconf 74' lang='grc' dir='ltr'>ϐείας,</span> <span class='ocrx_word' id='word_1_813' title='bbox 1215 2652 1350 2704; x_wconf 75' lang='grc' dir='ltr'>ὲνηχῆσαι</span> <span class='ocrx_word' id='word_1_814' title='bbox 1365 2669 1405 2700; x_wconf 86' lang='grc' dir='ltr'><strong>είς</strong></span> <span class='ocrx_word' id='word_1_815' title='bbox 1421 2652 1465 2695; x_wconf 42' lang='grc' dir='ltr'>τί</span> <span class='ocrx_word' id='word_1_816' title='bbox 1476 2665 1533 2695; x_wconf 82' lang='grc' dir='ltr'>ὦτα</span> <span class='ocrx_word' id='word_1_817' title='bbox 1553 2667 1609 2694; x_wconf 85' lang='grc' dir='ltr'><strong>τῶν</strong></span> <span class='ocrx_word' id='word_1_818' title='bbox 1624 2652 1737 2692; x_wconf 58' lang='lat' dir='ltr'><strong>eodem?»</strong></span> <span class='ocrx_word' id='word_1_819' title='bbox 1750 2657 1815 2704; x_wconf 56' lang='grc' dir='ltr'><strong>ήμῦξν</strong></span> <span class='ocrx_word' id='word_1_820' title='bbox 1828 2652 1858 2703; x_wconf 58' lang='grc' dir='ltr'><strong>ξδ’</strong></span> 
     </span>
    </p>
   </div>
   <div class='ocr_carea' id='block_1_113' title="bbox 1109 2702 1857 2748">
    <p class='ocr_par' dir='ltr' id='par_1_113' title="bbox 1109 2702 1857 2748">
     <span class='ocr_line' id='line_1_113' title="bbox 1109 2702 1857 2748; baseline -0.009 -8"><span class='ocrx_word' id='word_1_821' title='bbox 1109 2713 1216 2740; x_wconf 83' lang='grc' dir='ltr'>σποτῶν</span> <span class='ocrx_word' id='word_1_822' title='bbox 1232 2702 1300 2745; x_wconf 62' lang='grc' dir='ltr'>τους</span> <span class='ocrx_word' id='word_1_823' title='bbox 1310 2714 1450 2745; x_wconf 83' lang='grc' dir='ltr'>τοιούτους</span> <span class='ocrx_word' id='word_1_824' title='bbox 1470 2713 1577 2748; x_wconf 86' lang='grc' dir='ltr'>λόγους.</span> <span class='ocrx_word' id='word_1_825' title='bbox 1596 2709 1759 2743; x_wconf 76' lang='grc' dir='ltr'>Πιστεύομεν</span> <span class='ocrx_word' id='word_1_826' title='bbox 1775 2702 1820 2748; x_wconf 41' lang='lat'><strong>1&amp;9-</strong></span> <span class='ocrx_word' id='word_1_827' title='bbox 1829 2702 1857 2722; x_wconf 66' lang='grc' dir='ltr'><strong>δτί</strong></span> 
     </span>
    </p>
   </div>
   <div class='ocr_carea' id='block_1_114' title="bbox 1109 2744 1857 2795">
    <p class='ocr_par' dir='ltr' id='par_1_114' title="bbox 1109 2744 1857 2795">
     <span class='ocr_line' id='line_1_114' title="bbox 1109 2744 1857 2795; baseline -0.001 -9"><span class='ocrx_word' id='word_1_828' title='bbox 1109 2760 1133 2786; x_wconf 82' lang='grc' dir='ltr'>εί</span> <span class='ocrx_word' id='word_1_829' title='bbox 1147 2759 1241 2787; x_wconf 81' lang='grc' dir='ltr'>τοῦτον</span> <span class='ocrx_word' id='word_1_830' title='bbox 1258 2760 1463 2795; x_wconf 78' lang='grc' dir='ltr'>παραστείλωσι</span> <span class='ocrx_word' id='word_1_831' title='bbox 1479 2759 1528 2786; x_wconf 77' lang='grc' dir='ltr'><strong>σὺν</strong></span> <span class='ocrx_word' id='word_1_832' title='bbox 1547 2757 1656 2792; x_wconf 69' lang='grc' dir='ltr'>εὐδοκία</span> <span class='ocrx_word' id='word_1_833' title='bbox 1678 2753 1721 2782; x_wconf 81' lang='grc' dir='ltr'>τοῦ</span> <span class='ocrx_word' id='word_1_834' title='bbox 1736 2744 1857 2785; x_wconf 54' lang='grc' dir='ltr'><strong>ἀνωτάτω</strong></span> 
     </span>
    </p>
   </div>
  </div>
