1926 3078
95 129 149 163 9'17

721 126 991 158 EPISTOLARUM
1003 128 1077 158 LIB.
1097 128 1124 159 Ι,

1686 130 1739 162 9'18

96 185 176 222 ἡμῶν
194 183 368 220 πατριάρχου
380 203 388 217 ,
410 183 594 219 ἐπικρατῆσαι
624 182 733 216 ἔχουσιν
761 182 891 216 ἄγγελοι·

946 184 1104 211 collaudent
1113 191 1210 211 omnes
1223 183 1320 216 sancti,
1333 183 1451 211 exsultet
1459 183 1582 212 Ecclesia
1591 184 1719 212 universa
1731 194 1738 212 :

94 231 327 267 ἀνευφημήσουσι
350 230 453 261 πάντες
471 229 498 256 οἱ
524 229 608 263 ἅγιοι·
625 229 850 264 εὐφρανθήσεται
864 229 893 256 δὲ

95 278 144 304 καὶ
159 277 235 303 πᾶσα
251 276 268 310 ἡ
291 274 450 310 Ἐκκλησία·
468 275 617 308 γενήσεται
631 273 660 300 δὲ
673 273 721 300 καὶ
735 273 774 308 τῷ
795 274 893 309 κράτει

94 322 187 350 αὐτῶν
202 322 277 353 θείας
294 321 399 347 ἄνωθεν
414 319 579 354 ἐπικουρίας
594 318 740 354 προσθήκη
754 318 850 354 πολλὴ,
864 318 893 346 ἐν

94 378 126 396 τε
142 367 297 404 προσλήψει
310 366 417 402 ἐχθρῶν
430 375 459 393 τε
472 366 520 392 καὶ
535 366 684 401 πολεμίων.
706 366 752 392 καὶ
770 367 798 392 ὲν
815 367 892 402 ειρη-

93 414 161 450 ναίᾳ
187 414 237 441 καὶ
264 412 453 448 μακροημέρῳ
466 412 557 438 αὐτῶν
575 411 642 447 ζωῇ.
659 411 714 438 Ποῦ
728 411 757 438 δὲ
781 411 829 438 καὶ
846 411 894 447 θή-

94 468 193 494 σομεν,
213 458 306 493 Πάτερ
318 458 392 492 ᾶγιε,
417 457 481 488 τοὺς
501 456 591 492 ἱεροὺς
611 456 726 488 κανόνας
748 457 892 492 εἰργοντας

93 505 178 533 αὑτὸν
198 503 246 531 τοῦ
266 502 437 539 ἱερατεύειν;
453 503 499 529 τὸν
518 502 566 537 μὲν
585 501 693 537 πρῶτον
708 501 747 537 μὴ
761 511 894 538 παραχω-

95 551 197 588 ροῦντα
212 549 280 585 μηδὲ
291 549 332 580 εις
346 547 531 583 διγαμοῦντος
544 547 635 582 γάμον
647 547 807 582 έστιαθῆναι
823 555 892 582 πρε-

93 597 239 630 σϐύτερον,
260 594 458 629 καίπερίδντος
469 594 501 620 ἐκ
518 593 587 619 Θεοῦ
608 593 891 628 παρακεχωρημένου.

93 642 157 668 Ὀτι
181 641 210 667 δὲ
230 640 270 671 εις
292 639 340 666 τὸν
364 639 558 674 ἀποκήρυκτον
590 638 638 665 καὶ
662 637 788 672 μοιχικὸν
817 637 893 669 ὅλαις

90 687 242 723 τριάκοντα
257 685 376 721 ἡμέραις
391 684 561 721 εὑώχησατο·
579 684 627 711 καὶ
642 683 673 710 οὐ
701 684 782 719 μόνον
799 683 891 717 τοῦτο,

91 733 153 760 ἀλλ’
172 733 215 759 ὃτι
235 731 285 758 καὶ
304 731 368 762 τοὺς
387 730 546 765 νικητικοὺς
560 729 608 756 ἐπὶ
626 730 661 765 τῇ
676 729 813 766 παρθενίᾳ
830 738 893 756 στε-

91 779 196 814 φάνους
211 777 369 804 έπιτέθεικε
381 777 437 808 τοῖς
451 777 556 811 μοιχοῖς
569 775 617 802 καὶ
631 775 809 811 ἀκαθάρτοις
821 775 893 807 τίνος

90 824 138 859 εἴη
152 823 249 856 ﬁam;
271 822 371 858 μικρὸν
382 822 455 857 τάχα
474 822 491 857 ή
509 821 671 856 καὺαίρεσις
691 820 740 857 [aL
761 821 777 857 ἢ
794 821 892 848 καθαι-

92 858 232 906 ρέσεως];
247 869 279 895 El.
299 868 329 895 δὲ
345 867 425 895 τοῦτο
437 867 629 901 ἀνεκδίκητον,
644 866 759 900 παίγνια
770 866 804 893 τὰ
818 867 890 900 θεῖα,
907 858 929 887 Β

944 230 1066 265 ipsorum
1085 233 1179 257 autem
1203 229 1319 265 imperio
1347 238 1474 265 magnum
1500 230 1594 258 auxilii
1618 230 1740 258 caelestis

944 275 1144 303 incrementum
1167 275 1280 303 accedat
1297 284 1304 302 :
1320 280 1377 302 tum
1403 276 1622 303 adversariorum
1638 281 1666 304 et
1690 277 1740 304 ho-

944 321 1027 349 stium
1056 321 1289 356 comprehensio,
1319 326 1346 349 et
1375 321 1528 356 tranquillae
1547 322 1740 357 diuturnaque

944 366 1007 394 vitae
1021 374 1116 394 eorum
1131 366 1258 395 felicitas.
1283 367 1408 400 Quonam
1422 371 1514 394 autem
1538 367 1597 395 loco
1612 367 1739 395 censebi-

943 419 1016 445 mus,
1031 411 1112 440 Pater
1125 416 1229 445 sancte,
1246 419 1338 440 sacros
1355 419 1493 446 canones,
1521 412 1569 447 qui
1585 412 1739 440 sacerdotio

944 457 1019 484 illum
1042 458 1155 485 arcent?
1177 465 1209 486 ac
1235 458 1355 493 priorem
1379 458 1492 493 quidem
1516 458 1593 485 illum
1615 459 1663 494 qui
1688 466 1740 487 nec

942 504 1050 539 epulari
1063 504 1254 540 presbyterum
1271 504 1405 540 permittit
1434 504 1462 531 in
1492 504 1594 540 bigami
1622 505 1739 540 nuptiis,

923 540 1068 586 .quamvis
1085 551 1167 579 licitte
1186 551 1239 578 illa:
1255 551 1310 578 sint
1324 555 1353 578 et
1367 559 1383 578 a
1395 550 1450 578 Deo
1461 551 1600 586 permissa:
1610 552 1643 578 ⁵⁸.
1661 551 1740 584 Quod

943 604 1007 624 vero
1027 596 1079 623 iste
1091 604 1145 623 non
1162 596 1280 624 inlicitis
1293 597 1408 631 nuptiis,
1425 597 1472 624 sed
1487 596 1515 623 iu
1527 596 1617 624 vetitis
1624 601 1651 624 et
1661 597 1740 624 adul-

943 641 1040 669 terinis
1055 645 1127 669 totos
1148 641 1259 677 triginta
1281 642 1339 669 dies
1353 642 1478 677 epulatus
1498 642 1550 675 sit;
1574 650 1664 677 neque
1687 643 1740 670 hoc

943 691 1061 720 tantum,
1074 687 1122 715 sed
1138 688 1269 715 adulteris
1288 693 1371 723 atque
1384 688 1499 723 impuris
1518 688 1646 716 victrices
1659 697 1739 716 coro—

943 741 994 761 nas
1016 733 1183 769 virginitatis
1206 734 1377 769 imposuerit,
1393 742 1446 769 qua
1463 742 1544 769 pcena
1564 734 1663 770 dignus
1679 735 1740 762 est?

944 787 979 807 an
996 779 1097 807 minori
1112 779 1229 807 fortasse
1247 787 1330 814 quam
1346 779 1540 814 depositione?
1555 779 1634 813 Quod
1651 780 1740 808 si'in-

945 826 1033 854 ultum
1045 826 1071 853 id
1086 829 1207 858 maneat,
1220 826 1324 853 ludicra
1340 825 1395 860 jam
1410 830 1476 853 sunt
1490 826 1593 860 divina,
1603 831 1631 854 et
1642 826 1739 854 inanes

943 880 975 900 ac
991 872 1081 899 frivoli
1105 879 1235 900 canones.
1264 871 1388 899 Alterum
1409 873 1528 906 deinde,
1554 873 1628 908 quod
1643 881 1742 901 rursus

89 916 141 943 καὶ
161 914 241 941 ἕωλοι
262 914 289 940 οι
310 913 434 944 κανόνες.
453 911 533 940 Κατὰ
550 912 579 939 δὲ
602 911 648 938 τὸν
667 910 794 947 δεύτερον
810 911 891 938 πάλιν

943 918 1078 946 sancitum
1095 918 1140 951 sit,
1158 918 1227 953 eius,
1245 918 1292 953 qui
1320 918 1348 945 in
1373 918 1480 945 crimen
1503 918 1612 953 aliquod
1633 919 1738 954 lapsus,

90 961 208 993 κανόνα,
227 961 269 988 ὅτι
294 961 308 987 ό
324 958 471 987 ὑποπεσὼν
495 959 524 985 ἓν
542 967 597 985 τινι
618 957 770 993 σφάλματι.
786 958 834 985 καὶ
846 957 891 985 διὰ

943 972 974 992 ac
992 970 1134 1000 propterea
1149 963 1404 992 excommunicatus
1414 964 1460 994 sit.
1482 964 1534 992 nisi
1552 964 1623 991 intra
1635 972 1738 992 annum

86 1007 177 1039 ,τοῦτο
187 1005 361 1041 ἀφορισοεὶς,
374 1005 399 1031 εί
414 1003 453 1039 μὴ
465 1004 542 1036 ἐντὸς
553 1003 677 1030 ἐνιαυτοῦ
688 1004 890 1038 ὲτιαγωνίσεται

943 1010 1115 1038 reconciliari
1128 1010 1293 1042 contendat,
1314 1018 1409 1038 vocem
1424 1010 1531 1037 admitti
1549 1015 1644 1045 postea
1661 1011 1746 1038 nefas.

89 1055 126 1089 τῇ
144 1053 233 1087 οἰκείᾳ
249 1052 392 1084 συστάσει,
410 1050 461 1077 οὐκ
469 1050 530 1083 ἐξὸν
541 1049 583 1076 ἐτι
600 1049 694 1085 φωνὴν
707 1049 790 1076 αὐτοῦ
807 1057 891 1084 προσ-

943 1065 1003 1085 esse
1018 1059 1051 1084 ".
1072 1058 1126 1084 Iste
1138 1065 1212 1090 vero,
1226 1057 1271 1092 qui
1284 1064 1384 1084 novem
1398 1057 1515 1084 excessit
1529 1064 1628 1089 annos,
1642 1057 1670 1085 in
1685 1057 1737 1084 Ec-

88 1101 232 1137 δεχοῆναι.
260 1100 289 1127 '0
309 1100 337 1126 δὲ
355 1099 435 1127 ἐννέα
463 1098 578 1133 χρόνους
593 1098 727 1133 ὑπερϐὰς,
744 1097 890 1133 εἰσεπήδηο
942 1104 1053 1131 ειεείαηι
1069 1103 1173 1130 insui“,

92 1157 142 1175 σεν
155 1149 185 1175 ἐν
201 1148 234 1182 τῇ
256 1146 417 1181 Ἐκκλησία.

128 1194 161 1221 Εἰ
176 1193 205 1220 δὲ
217 1193 310 1226 λέγοι,
332 1192 410 1227 παρὰ
431 1191 479 1218 τοῦ
501 1190 709 1227 προηγουμένου
729 1189 823 1217 λαϐεῖν
840 1189 890 1222 τὴν

978 1197 1056 1230 Quod
1075 1197 1098 1223 si
1113 1196 1186 1224 dicat
1199 1203 1229 1223 se
1247 1203 1261 1223 a
1279 1196 1396 1231 praesule
1407 1203 1458 1223 suo
1478 1196 1640 1223 mandatum
1656 1202 1736 1223 acce-

90 1239 258 1276 ὲπιτροτι-ὴν,
278 1240 326 1266 καὶ
344 1238 514 1273 ἀνέγκλητον
534 1235 605 1264 εἶναι
626 1237 677 1272 τὴν
701 1235 843 1264 ι’)τιιόθειτιν⁸
863 1235 890 1261 τι

943 1242 1026 1278 pisse,
1040 1241 1155 1276 ideoque
1168 1242 1247 1276 culpa
1263 1241 1289 1268 in
1306 1241 1358 1268 hoc
1385 1241 1496 1277 negotio
1510 1248 1617 1274 vacare,
1641 1241 1737 1276 quidni

88 1287 193 1322 δήποτε
213 1286 263 1321 οὐχ
283 1286 298 1312 ὸ
311 1284 463 1321 ἐπιτρέψας
488 1282 664 1319 αὑτούργησε
691 1282 889 1317 στεφανώσαςς

943 1296 1006 1323 ergo
1032 1287 1079 1322 qui
1105 1287 1224 1322 jnsserat
1237 1308 1245 1320 ,
1273 1286 1389 1321 ipsemet
1404 1287 1568 1314 coronavit?
1585 1287 1642 1314 Mos
1661 1287 1736 1315 enim

90 1332 174 1360 Ἔστι
188 1333 245 1368 γὰρ
264 1331 373 1362 πάντως
388 1330 577 1366 πατριάρχαις
591 1328 713 1364 βασιλεῖς
729 1328 889 1362 στεφανοῦν,

943 1335 1022 1370 plane
1039 1338 1082 1361 est
1097 1338 1127 1360 ut
1143 1334 1323 1368 imperatores
1338 1338 1471 1361 coronent
1485 1333 1659 1368 patriarchae,
1681 1341 1736 1361 non

88 1379 142 1414 οὐχ
164 1378 241 1414 ἱερέα
266 1377 339 1404 τινά.
359 1377 396 1403 οὺ
413 1377 469 1411 γὰρ
485 1375 597 1403 πώποτε
619 1375 780 1410 γεγένηται.
808 1374 890 1401 Ἀλλὰ

943 1381 1070 1408 sacerdos
1080 1380 1196 1415 quilibet
1210 1388 1216 1406 :
1232 1387 1321 1414 neque
1332 1380 1406 1406 enim
1420 1380 1492 1407 istud
1502 1387 1620 1414 unquam
1635 1380 1738 1407 factum

90 1425 176 1460 δῆλον
188 1425 230 1451 ὃτι
245 1423 371 1451 κινδύνου
386 1422 462 1457 αὺτῷ
477 1421 609 1457 κειμένου
624 1422 665 1453 εἰς
679 1421 764 1457 αὐτὴν
776 1421 826 1457 τὴν
839 1421 890 1456 ἀρ-

89 1470 266 1507 χιερωσύνην
278 1469 478 1504 καθαιρέσεως,
490 1467 580 1504 εὑρὼν
593 1467 722 1495 τοσοῦτον
733 1467 891 1503 προθυμού-

90 1527 177 1554 μενον
188 1515 235 1553 (ἦν
249 1516 305 1551 γὰρ
322 1514 552 1550 συναυλιζόμενος
562 1515 601 1545 είς
612 1514 648 1541 τὰ
657 1513 804 1549 βασίλεια),
820 1522 890 1548 παρ-

88 1563 218 1600 έπεμψεν
230 1563 270 1594 εἰς
283 1562 314 1589 τὸ
328 1560 434 1588 ἑκείνου
446 1559 593 1596 πρόσωπον
601 1559 647 1586 τὸν
658 1559 790 1586 κίνδυνον·
810 1559 890 1594 εῐπερ

88 1611 142 1639 καὶ
155 1609 257 1645 ἀληθὲς
273 1609 315 1636 ὅτι
329 1608 377 1636 καὶ
391 1607 555 1643 ἐπέτρεψεν·
576 1606 608 1633 οὐ
629 1606 684 1641 γὰρ
709 1605 888 1640 πιστεύομεν,

89 1657 159 1693 ὑμῖν
173 1664 206 1682 τε
222 1656 270 1684 καὶ
281 1654 374 1686 ἅλλοις
393 1652 503 1683 πολλοῖς
516 1651 775 1687 πεπληροφορηκώς
789 1651 820 1687 [1⁵.
839 1659 889 1677 πε-

91 1699 359 1738 πληροφορηκόσιν].
377 1699 409 1726 Et
425 1698 454 1726 δὲ
475 1698 558 1726 πάλιν
574 1697 650 1732 λέγοι
682 1697 720 1732 μὴ
739 1694 811 1723 εἶναι
835 1698 889 1731 ἁφ-

89 1747 247 1784 ωρισμένος
272 1745 325 1773 ὑπὸ
346 1744 395 1772 τοῦ
410 1743 642 1779 προηγησαμένου
654 1763 662 1776 ,
673 1743 699 1769 τί
721 1742 822 1778 δήποτε
839 1742 891 1769 οὐκ

89 1793 264 1828 ἐλειτούργει
278 1793 308 1818 ἐν
323 1791 382 1823 τοῖς
405 1791 486 1818 ἐννέα
500 1790 591 1822 heat;
606 1789 633 1816 τί
646 1789 747 1824 δήποτε
760 1788 812 1815 ὑπὸ
830 1796 891 1814 συν-

90 1839 217 1871 όδου,τὼς
239 1838 326 1873 λέγει,
342 1838 391 1864 νῦν
404 1836 534 1869 “lout;
551 1835 636 1871 Δῆλον
651 1835 692 1862 ὅτι
715 1835 729 1861 ὁ
746 1834 890 1870 δεδεμένος

90 1885 217 1916 λέλυται,
233 1884 284 1919 οὐχ
295 1883 310 1910 ὁ
327 1882 432 1913 ἄδετος.
447 1882 531 1908 Ὥστε
547 1880 637 1916 ἑαυτῷ
653 1880 812 1916 περιπίπτει
827 1880 892 1907 κάνο

91 1931 184 1960 ταῦθα
194 1930 344 1965 είργμένος
356 1928 439 1960 εῖναι,
451 1928 494 1962 ιφ*
507 1928 570 1954 ὅσον
584 1927 635 1953 οὐκ
647 1926 723 1958 ὲντδς
737 1925 785 1953 τοῦ
800 1926 891 1952 ἐνιαυ-

95 1977 157 2009 τοῦ,
176 1976 249 2003 κατά
262 1975 309 2002 τὸν
323 1974 436 2006 κανόνα,
453 1972 594 2005 ὑπέδειξεν
615 1972 713 1999 ἑαυτὸν
730 1971 829 2004 ἀθῶον,
844 1971 892 1998 καὶ

92 2023 178 2051 ἔλασε
195 2022 245 2057 τὴν
267 2020 346 2047 λύσιν
363 2020 505 2057 ἐμφανῶς.
532 2020 619 2055 Εἴπερ
640 2017 675 2053 ἦν
691 2018 768 2049 λύσις
782 2019 820 2053 τῷ
833 2018 891 2044 ὀλο-

92 2069 211 2105 δεσμίῳ,
228 2067 280 2095 κᾶν
295 2067 412 2103 μυρίους
426 2066 549 2102 παριστᾷ
561 2065 801 2101 ψευδομάρτυρας.

129 2157 228 2186 Ταῦτᾶ
237 2158 306 2190 ἔστι,
324 2157 417 2193 Πάτερ
431 2157 505 2191 ἆγιε,
520 2155 554 2183 τὰ
565 2154 702 2191 φοϐοῦντα
714 2154 762 2181 καὶ
777 2154 891 2181 συστέλ-

942 1427 1003 1453 fuit.
1024 1425 1078 1453 Sed
1092 1426 1268 1461 perspicuum
1283 1430 1344 1458 est,
1368 1433 1431 1453 cum
1449 1426 1603 1461 periculum
1621 1426 1671 1461 ipsi
1686 1426 1738 1453 im-

943 1475 1074 1508 penderet
1090 1480 1126 1501 ne
1142 1473 1384 1508 archiepiscopalu
1398 1473 1458 1508 ipso
1476 1473 1602 1508 deiectus
1612 1474 1738 1508 privare-

943 1523 1003 1547 tur:
1013 1519 1123 1547 ethunc
1131 1524 1288 1554 promptum
1296 1519 1388 1546 animo
1399 1524 1579 1554 paratumque
1588 1523 1686 1546 nactus
1693 1526 1738 1546 es-

941 1570 981 1593 set
994 1565 1033 1600 (in
1047 1565 1108 1592 aula
1117 1565 1191 1592 enim
1207 1565 1377 1599 versabatur)
1389 1564 1538 1592 discrimen
1549 1565 1576 1591 in
1587 1564 1647 1599 ejus
1655 1568 1738 1599 caput

942 1610 1127 1641 transtulisse;
1138 1609 1161 1636 si
1174 1610 1285 1644 quidem
1296 1617 1391 1636 verum
1399 1614 1441 1637 est
1451 1609 1527 1636 illum
1537 1608 1717 1636 demandasse
1729 1618 1736 1635 :

942 1663 993 1683 nec
1007 1656 1070 1685 enin
1097 1655 1232 1684 credimus
1246 1664 1252 1682 :
1268 1655 1346 1682 vobis
1359 1654 1474 1689 aliisque
1489 1654 1615 1689 plurimis
1627 1658 1738 1681 contra-

941 1701 1013 1728 rium
1031 1701 1272 1736 persuadentibus.
1295 1700 1372 1734 Quod
1389 1701 1410 1727 si
1430 1708 1541 1728 rursum
1564 1700 1638 1727 dicat
1659 1707 1688 1727 se
1702 1700 1738 1727 ab

942 1747 987 1774 illo
1003 1752 1061 1774 tum
1078 1747 1193 1782 praesule
1208 1747 1476 1774 excommunicatum
1496 1752 1552 1772 non
1567 1745 1652 1773 fuisse
1663 1765 1671 1777 ,
1687 1753 1738 1772 cur

942 1800 1007 1828 ergo
1019 1798 1118 1819 novem
1132 1799 1270 1818 annorum
1283 1790 1372 1825 spatio
1390 1797 1445 1817 non
1463 1788 1645 1821 sacriﬁcavit;
1660 1796 1710 1816 cur
1722 1796 1738 1815 a

942 1835 1056 1871 synodo,
1076 1839 1107 1862 ut
1122 1836 1171 1868 ait,
1189 1843 1263 1862 nunc
1276 1840 1318 1862 est
1333 1833 1494 1862 absolutus?
1507 1833 1580 1862 Sane
1590 1853 1597 1866 ,
1612 1833 1658 1868 qui
1675 1833 1737 1859 vin-

942 1886 1005 1910 ctus
1020 1881 1044 1908 is
1059 1881 1167 1909 solutus
1184 1885 1236 1913 cst,
1250 1888 1305 1908 non
1324 1881 1369 1915 qui
1385 1880 1493 1908 vinctus
1505 1887 1561 1906 non
1576 1878 1737 1911 esset.Quo-

941 1929 1014 1957 circa
1034 1935 1127 1956 secum
1148 1927 1207 1962 ipse
1220 1931 1341 1962 pugnat,
1358 1931 1386 1953 et
1398 1925 1581 1954 constrictum
1598 1924 1686 1952 teneri
1706 1932 1738 1951 se

943 1974 1008 2001 hinc
1023 1972 1235 2007 ostendit,quod
1246 1979 1304 1999 non
1321 1972 1392 1999 intra
1415 1971 1482 1998 anni
1502 1970 1632 2006 spatium,
1648 1973 1677 1996 ut
1688 1977 1736 1996 ca-

942 2027 997 2048 non
1011 2020 1099 2056 jubet,
1115 2019 1255 2047 insontem
1279 2026 1308 2045 se
1336 2018 1503 2051 exhibuerit,
1520 2017 1738 2045 absolutionem-

942 2074 995 2101 que
1004 2066 1094 2101 palam
1101 2065 1265 2100 susceperit.
1275 2064 1302 2091 Si
1311 2065 1391 2091 modo
1400 2064 1541 2091 absolutus
1549 2063 1610 2096 fuit,
1621 2064 1696 2091 omni
1704 2074 1737 2094 ex
1782 2098 1786 2102 l

944 2116 1020 2148 parte
1035 2111 1168 2144 irretitus,
1182 2110 1306 2145 quamvis
1319 2110 1487 2138 falsastestcs
1500 2110 1575 2138 mille
1592 2112 1736 2147 producat.

980 2156 1043 2184 Hazc
1058 2161 1133 2189 sunt,
1146 2156 1226 2183 Pater
1241 2161 1347 2187 sancte,
1361 2163 1422 2190 qua:
1435 2159 1567 2183 terrorem
1588 2157 1736 2190 incutiunt,

93 2204 179 2231 λοντα
198 2204 279 2240 ἡμῶν
291 2203 342 2239 τὴν
360 2203 486 2239 καρδίαν.
498 2202 554 2230 Καὶ
567 2201 614 2229 διὰ
626 2201 714 2233 ταῦτα
727 2201 796 2236 πρὸς
807 2200 837 2227 τὸ
853 2199 890 2236 μὴ

943 2208 970 2231 et
989 2211 1036 2230 cor
1048 2207 1173 2230 nostrum
1190 2201 1284 2229 dolore
1306 2201 1481 2228 contrahunt.
1512 2201 1562 2235 Ac,
1591 2207 1738 2237 propterea

93 2251 265 2285 κοινωνῆσαι
277 2249 352 2286 αὐτῷ
363 2258 392 2276 τε
408 2250 456 2276 καὶ
466 2249 506 2285 τῷ
516 2248 741 2285 προηγησαμένῳ
753 2247 891 2282 πατριάρ-

95 2305 144 2334 χῃ,
161 2297 231 2323 ἐπὰν
249 2297 386 2332 μετεδίδου
401 2296 440 2332 τῷ
456 2296 644 2332 μοιχεύων-ιν
657 2294 891 2330 ἅπεκλείσθημεν,

96 2343 155 2377 ἐγὼ
170 2343 199 2370 ὲν
211 2339 235 2377 ᾧ
249 2342 353 2378 καθέζῃ
371 2343 459 2378 τόπῳ,
474 2343 489 2369 ό
511 2341 664 2377 ἡγούμενός
683 2348 713 2367 τε
732 2339 781 2366 καὶ
801 2339 825 2365 οἱ
838 2339 892 2365 λοι-

97 2389 145 2416 ποὶ
161 2389 211 2416 σὺν
223 2387 263 2424 τῷ
282 2388 494 2424 ἀρχιεπισκόπῳ
511 2389 540 2414 ὲν
557 2388 590 2424 τῇ
606 2385 795 2421 Θεσσαλονίκῃ
808 2385 893 2420 ὑπερ-

97 2434 265 2471 οριαθέντες.
286 2434 357 2461 Ἀλλ’
379 2435 392 2461 ὁ
405 2433 472 2465 Θεὸς
496 2433 577 2461 πάλιν
595 2433 796 2466 ὲπισυνήγαγεν
818 2431 893 2466 ἡμᾶς

98 2481 193 2516 εὐχαῖς
209 2488 267 2507 σου.
285 2480 341 2507 Καὶ
353 2479 441 2512 οὕτως
458 2481 495 2512 ὡς
515 2479 611 2516 ἔτυχεν
628 2478 772 2514 ήνώϐημεν
786 2477 823 2512 τῷ
842 2486 893 2504 πα-

98 2527 229 2563 τριάρχῃ.
245 2527 270 2552 εί
283 2526 321 2562 μὴ
330 2526 492 2562 ὡμολόγησε
507 2526 597 2557 καλῶς
612 2525 684 2560 ἡμᾶς
700 2523 890 2559 πεποιηκέναι.

105 2572 170 2599 Ἐὰν
189 2569 236 2599 οὖν
252 2571 308 2598 οὐδ’
321 2572 366 2598 ὅτε
386 2573 403 2608 ἡ
424 2573 532 2608 μοιχεία
546 2569 590 2607 ἦν,
604 2571 651 2598 καὶ
664 2572 679 2606 ἡ
696 2571 750 2597 τῶν
771 2569 892 2596 κανόνων

98 2617 269 2655 παράϐασις,
292 2618 342 2653 οὐχ
368 2618 560 2652 ὑπεστάλημεν
585 2617 700 2652 δυνάμει
727 2615 806 2643 Θεοῦ·
833 2615 892 2647 πῶς

100 2660 146 2690 οὖν
161 2662 225 2699 ἄρτι
237 2663 283 2689 ὅτε
294 2662 445 2689 εὐσεὸοὓσά
459 2662 532 2689 ἐστιν
546 2663 563 2698 ἡ
578 2661 713 2697 βασιλεία,
723 2661 817 2687 ἕνεκεν
833 2659 893 2691 ὲνδς

101 2708 290 2744 πρεσϐυτέρου
316 2708 514 2744 καθῃρημένου
543 2706 811 2742 ὑποσταλησόμεθα,
845 2706 893 2733 καὶ

102 2754 281 2790 προδώσομεν
296 2755 346 2790 τὴν
371 2754 513 2789 ἀλήθειαν,
536 2753 740 2785 κινδυνεύοντες
756 2753 827 2780 κατὰ
840 2752 892 2788 ψυ-

156 2844 179 2860 ⁸⁹
193 2843 251 2873 Jac,
272 2851 290 2877 l,
309 2843 350 2870 17.
390 2844 412 2859 ⁵³
426 2843 493 2871 Cod.
510 2842 583 2872 liccl.
600 2843 697 2876 Atriam,
715 2850 777 2870 can.
794 2842 839 2870 70.

942 2248 1016 2284 quod
1032 2256 1094 2276 cum
1113 2247 1165 2274 isto
1191 2254 1246 2273 non
1262 2246 1539 2280 communicurcmus,
1564 2255 1654 2282 neque
1674 2256 1737 2276 cum

943 2295 1118 2330 praecedente
1130 2293 1295 2328 patriarcha,
1313 2293 1358 2327 qui
1375 2293 1498 2321 adultero
1515 2294 1736 2322 communionem

944 2341 1134 2376 impertiebat;
1147 2348 1198 2376 ego
1209 2339 1320 2374 quidem
1333 2339 1454 2367 inclusus
1469 2339 1504 2367 fui
1522 2339 1550 2367 in
1564 2348 1618 2374 quo
1634 2340 1737 2368 resides

943 2386 1014 2419 loco,
1026 2386 1188 2421 prmpositus
1201 2389 1291 2412 autent
1307 2389 1335 2411 et
1346 2384 1440 2419 reliqui
1452 2392 1513 2411 eum
1531 2384 1738 2420 archiepiscopo

944 2431 1167 2460 Thessalonicam
1175 2430 1306 2466 mlegati.
1320 2429 1373 2457 Sed
1395 2430 1467 2457 Deus
1491 2438 1542 2458 nos
1560 2430 1658 2458 iterum
1674 2439 1738 2465 p:c-

943 2479 1022 2507 cibus
1042 2477 1098 2505 tuis
1117 2476 1303 2513 congregavit.
1321 2476 1359 2504 Ac
1380 2484 1415 2503 ne
1438 2477 1478 2504 sic
1498 2476 1609 2512 quidem
1633 2481 1738 2504 temere

943 2532 994 2552 nos
1011 2524 1187 2558 adiunximus
1202 2523 1382 2558 patriarchae,
1407 2523 1460 2550 nisi
1485 2528 1630 2558 postquam
1647 2524 1737 2551 fassus

943 2575 986 2598 est
998 2574 1073 2598 recte
1087 2578 1138 2597 nos
1166 2569 1275 2596 fecisse.
1297 2569 1325 2596 Si
1342 2577 1417 2605 ergo,
1435 2577 1496 2596 cum
1515 2573 1642 2604 regnaret
1663 2570 1728 2597 adul

944 2617 1043 2644 terium
1057 2620 1084 2644 et
1100 2624 1234 2644 canonum
1256 2615 1449 2651 transgressio,
1465 2619 1540 2642 metu
1558 2615 1671 2644 minime
1685 2616 1736 2644 dis.

944 2662 1134 2690 simulavimus
1146 2661 1193 2689 Dei
1204 2661 1306 2689 virtute
1322 2661 1383 2688 freti
1395 2680 1402 2693 .
1418 2661 1555 2696 quomodo
1569 2668 1643 2688 nunc
1655 2681 1663 2693 ,
1692 2663 1737 2697 pio

944 2709 1102 2737 dominante
1127 2707 1263 2743 imperio.
1289 2711 1401 2742 propter
1423 2707 1611 2742 presbyterum
1637 2714 1734 2739 unum,

945 2761 1062 2789 cumque
1078 2753 1242 2788 depositum,
1255 2752 1406 2780 timidiores
1421 2753 1526 2780 erimus
1541 2773 1548 2786 ,
1577 2751 1734 2780 veritatem-
