1926 3078
203 210 258 237 que
274 208 336 230 eum
353 204 450 236 aperto
462 200 560 229 anime
577 200 700 236 periculo
709 201 874 236 prodemus?
889 201 995 236 Nequa-
1010 204 1032 232 Α

204 255 298 283 quam.
312 246 383 279 Quin
396 246 508 274 ferenda
521 246 600 273 nobis
614 245 703 273 omnia
718 253 804 280 usque
819 245 852 272 ad
866 249 993 278 mortem,

205 293 295 329 potius
313 300 395 328 quam
409 300 471 320 cum
487 299 522 319 eo
535 292 789 324 eommunicemus,
806 291 847 319 vel
863 299 925 318 cum
950 291 995 324 iis,

204 340 326 375 quicum
345 340 404 373 ipso
425 338 599 371 sacriﬁcant;
620 338 708 373 quoad
721 338 887 365 rsacerdotio
901 357 908 369 ,
928 337 998 364 sicut

205 386 257 413 sub
276 384 368 420 priore
382 384 536 419 patriarcha
547 405 554 417 ,
567 384 700 419 privetur.
721 383 882 418 Quanquam
906 387 998 418 poste-

206 430 287 458 rioris
303 437 384 457 causa
400 429 523 457 deterior
542 434 594 458 est.
615 429 683 456 Nam
696 429 772 464 prior
785 437 820 456 ne
832 429 917 456 semel
939 428 999 464 qui-

206 478 269 505 dem
284 485 346 505 cum
361 477 407 504 illo
422 485 499 504 sacra
513 477 579 505 fecit
592 486 600 504 :
612 481 640 505 et
650 481 707 504 tum
721 477 831 512 quidem
847 476 874 503 in
885 484 1000 504 consor-

208 524 276 551 tium
295 523 389 551 venire
408 523 559 551 absurdum
576 527 635 550 erat
649 532 657 550 :
673 523 766 550 minus
783 527 873 550 tamen
887 523 999 549 malum.

207 569 274 597 Istic
288 573 358 595 ‘vero
375 568 514 603 proposita
529 567 610 595 nobis
623 572 664 594 est
686 567 831 594 sacerdotii
850 566 1000 601 abrogatio,

207 614 232 642 si
255 621 307 642 una
337 614 532 642 sacriﬁcemus.
558 614 624 640 Esto
649 620 810 640 meonomus
825 621 831 639 τ
847 619 897 640 cur
919 612 1002 639 etiam

208 660 320 694 indigne
332 660 417 687 sacris
431 660 582 694 operatur?
598 659 678 686 desiit
691 666 752 686 esse
766 658 920 693 presbyter.

244 703 323 735 Quod
337 703 358 731 si
371 703 431 730 haec
441 704 494 730 illis
509 711 563 730 non
582 704 700 738 placent,
713 703 760 738 qui
777 711 839 730 eum
854 710 888 730 co
899 701 1003 730 sacriﬁ-

210 754 294 781 cant,
322 749 456 777 videbunt
479 750 610 784 quidnam
633 750 720 777 acturi
745 750 810 776 sint.
831 749 947 776 Pareant
963 753 1004 775 te-

210 795 435 828 nuitatinostrae,
452 796 499 830 qui
524 804 578 823 non
605 799 803 830 proVoeamus,
826 799 855 822 et
883 795 1005 822 adhunc

210 847 298 874 usque
316 840 389 868 diem
416 840 485 867 nihil
510 840 593 868 locuti
611 848 723 874 sumus,
751 839 799 867 sed
823 840 934 867 biennio
954 846 1005 866 nos

210 889 270 914 toto
281 886 478 919 continuimus,
495 893 528 913 ex
541 894 595 921 quo
604 885 719 920 ingressi
733 890 813 917 sunt,
838 889 870 912 ut
882 885 1006 920 pacatius

212 930 266 958 hoc
281 932 362 958 modo
382 931 546 960 viveremus.
562 932 671 959 Domini
685 931 770 958 nostri
786 931 884 966 optimi
910 938 1006 965 seque-

211 979 283 1003 stres
300 981 364 1003 sunt
381 981 464 1011 atque
477 977 573 1004 arbitri
589 977 743 1011 :rquitatis,
772 977 893 1004 fautores
911 983 1005 1003 eorum

211 1022 258 1056 qui
274 1022 418 1050 veritatem
436 1022 522 1050 libere
536 1022 699 1055 defendunt,
721 1023 793 1050 sicut
806 1030 840 1050 ex
855 1022 1006 1050 venerabili

211 1069 335 1103 ipsorum
353 1077 399 1096 ore
416 1069 517 1105 sapius
531 1069 655 1097 a‘uditum
666 1074 718 1096 est.
734 1069 836 1096 Ferant
848 1069 1006 1096 sacerdotes

213 1118 243 1141 ut
262 1122 356 1142 sacros
379 1114 506 1141 homines
527 1114 627 1142 decet:
645 1118 693 1140 aut
715 1114 919 1148 persuadebunt
943 1113 1006 1148 ipsi,

213 1167 262 1189 aut
276 1162 342 1197 ipsis
357 1163 574 1197 persuadebitur.
597 1162 645 1189 Sin
666 1163 763 1189 horum
791 1162 875 1195 nihil,
903 1162 950 1189 sed
973 1169 1008 1189 ne

213 1207 315 1235 mutire
327 1207 438 1242 quidem
457 1215 508 1234 nos
530 1207 676 1236 ferendum
692 1211 810 1242 putant;
825 1208 897 1236 Deus
918 1207 1009 1234 intuev

214 1257 271 1284 tur,
286 1260 341 1287 quo
358 1260 441 1280 nemo
453 1259 495 1280 est
508 1254 604 1288 major,
623 1254 702 1289 cujus
718 1253 802 1282 solius
818 1258 860 1280 est
877 1253 1009 1280 formida-

214 1297 278 1327 bilis
297 1303 386 1326 terror
402 1303 429 1326 et
458 1299 579 1326 tribunal
604 1299 680 1330 illud,
697 1299 740 1326 cui
762 1299 892 1326 sistemur
913 1305 1010 1326 omnes

215 1344 250 1371 de
269 1343 398 1373 omnibus
419 1343 572 1378 judieandi.
593 1343 728 1373 Caeterum
758 1344 911 1372 bonitatem
935 1348 1009 1371 tuam

1022 873 1042 900 Β

215 1397 327 1418 oramus
342 1394 370 1418 et
389 1394 517 1425 tanquam
533 1391 698 1418 venerandis
710 1391 833 1426 vestigiis
852 1391 907 1418 tuis
927 1390 1010 1418 advo-

214 1435 264 1462 luti
277 1435 454 1465 obsecramus
467 1440 548 1471 atque
560 1428 739 1468 obtestamur.
754 1441 783 1464 ut
797 1436 1009 1464 misericordiam

215 1481 297 1511 nobis
312 1481 469 1516 impertias,
496 1485 525 1509 et
549 1489 696 1510 commune
713 1481 930 1512 emolumentum
955 1486 1010 1509 tam

215 1526 270 1562 piis
282 1526 494 1561 imperatoribus
506 1527 618 1560 nostris,
627 1534 709 1562 quam
722 1527 884 1562 patriarchae
892 1527 1011 1554 sanetis-
1024 1545 1046 1575 ο

216 1573 298 1606 sime,
315 1577 343 1600 et
357 1572 484 1603 Ecclesia).
497 1573 644 1605 universze,
667 1581 722 1600 non
749 1573 813 1601 huic
838 1573 926 1600 solum
950 1581 1011 1608 quae

216 1619 289 1653 apud
301 1626 351 1649 nos
363 1623 415 1651 est,
430 1619 478 1648 sed
492 1627 552 1654 quae
560 1627 609 1654 per
624 1623 710 1649 totum
730 1619 838 1652 orbem;
863 1624 893 1646 ut
906 1619 1013 1646 abdicet

216 1672 248 1692 se
261 1672 332 1695 unus
347 1665 381 1692 ad
395 1665 509 1700 gloriam
523 1664 580 1698 Dei,
594 1669 622 1693 ct
635 1673 690 1691 non
706 1665 833 1692 turbetur
847 1665 907 1700 ejus
918 1665 1012 1693 Eccle-

216 1710 258 1740 sia
271 1719 278 1737 :
292 1711 334 1739 sin
350 1711 442 1740 minus
454 1731 461 1743 ,
488 1715 516 1737 at
530 1710 626 1738 saltem
648 1711 702 1738 hoc
718 1711 879 1743 secundum,
903 1715 934 1738 ut
953 1719 1011 1738 ma-

216 1763 333 1786 neamus
348 1764 398 1784 nos
419 1756 446 1786 in
465 1756 561 1784 eodem
578 1760 661 1789 statu,
678 1764 731 1792 quo
764 1765 814 1792 per
839 1757 934 1784 decem
962 1757 1013 1785 hos

217 1809 315 1830 annos.
337 1801 406 1829 Nam
419 1801 453 1828 de
464 1802 581 1832 caeteris.
592 1802 716 1836 quamvis
729 1802 945 1830 innumerabiles
958 1803 1013 1830 sint

217 1847 353 1882 episcopi,
367 1851 395 1874 et
409 1847 578 1880 sacerdotes,
595 1852 622 1874 et
645 1848 804 1882 praepositi,
830 1848 875 1882 qui
897 1855 958 1875 cum
980 1856 1014 1876 eo

217 1892 443 1925 communicant;
470 1892 540 1919 nihil
555 1893 721 1925 mirandum,
745 1893 965 1928 quandoquidem
978 1893 1013 1921 ii-

218 1939 282 1966 dem
296 1939 348 1975 ipsi
362 1947 424 1967 cum
440 1940 563 1967 adultero
579 1940 772 1974 versabantur,
791 1945 819 1967 et
835 1948 917 1968 nemo
932 1941 1013 1976 quid-

217 1993 300 2020 quam
317 1986 425 2013 locutus
440 1991 493 2014 est.
515 1985 578 2014 Haec
593 1987 665 2014 Deus
682 1995 732 2022 per
756 1995 817 2019 nos,
840 1987 904 2015 licet
926 1988 1014 2016 audax

217 2031 256 2059 sit
275 2031 396 2065 dictum,
415 2036 443 2060 et
466 2032 598 2061 admonet
637 2037 666 2061 et
692 2034 854 2068 denuntiat,
881 2038 910 2062 et
936 2035 1014 2070 quasi

217 2077 307 2114 jubet,

488 2146 583 2176 XXIII.
602 2163 637 2168 ——
648 2148 751 2176 Eidem.

799 155 830 185 S.
849 155 1046 185 THEODORI
1066 154 1241 185 STUDIT/E

1047 201 1116 236 χήν;
1132 200 1269 236 οὐδαμῶς.
1301 198 1383 226 Ἀλλὰ
1409 198 1498 226 πάντα
1526 198 1592 234 ὴμῐν
1619 197 1728 234 φορητὰ
1757 198 1841 234 μέχρι

1049 246 1166 273 θανάτου
1177 265 1185 278 ,
1202 246 1220 281 ἢ
1246 246 1391 281 μετασχεῖν
1411 246 1460 280 τῆς
1474 244 1579 271 ἐκείνου
1607 243 1750 276 κοινωνίας
1762 263 1769 275 ,
1793 245 1842 270 καὶ

1047 292 1104 320 τῶν
1128 292 1224 327 ἐκείνῳ
1245 291 1536 327 συλλειτουργούντων,
1552 290 1605 322 ἕως
1624 289 1658 317 ἂν
1673 289 1767 325 παύσῃ
1790 289 1842 324 τῆς

1050 339 1206 374 ἱερουργίας
1225 338 1321 373 ὥσπερ
1350 338 1396 363 ἐπὶ
1419 336 1467 364 τοῦ
1483 336 1638 373 προτέρου·
1666 335 1769 372 καίπερ
1796 336 1843 362 6v-

1049 392 1097 416 τος
1116 383 1309 419 χαλεπωτέρου
1323 383 1372 410 τοῦ
1397 381 1536 418 δευτέρου.
1553 381 1622 408 Οὐδὲ
1646 381 1700 416 γὰρ
1724 381 1846 408 συνελει-

1050 430 1205 465 τούργησεν
1233 429 1308 464 αὑτῷ
1335 427 1463 461 καθάπαξ
1489 429 1504 454 ὁ
1531 427 1773 463 προηγησάμενος.
1791 427 1846 453 Καὶ

1052 476 1112 503 ἐκεῖ
1125 476 1175 511 μὲν
1191 475 1330 502 συνελθεῖν
1341 474 1441 501 ἄτοπον
1455 472 1500 510 ἦν.
1515 473 1590 509 Πλὴν
1603 473 1634 500 οὺ
1652 473 1780 500 τοσοῦτον
1797 482 1847 499 κα-

1051 522 1111 549 κόν.
1127 518 1191 548 Ὧδε
1216 521 1245 548 δὲ
1269 520 1431 556 καθαίρεσις
1445 519 1525 555 ἡμῶν
1543 520 1593 554 τῆς
1617 519 1780 554 ἱερωσύνης,
1798 519 1846 546 ἐὰν

1054 568 1359 603 συλλειτουργήσωμεν.
1382 567 1474 593 Ἔστω
1494 566 1649 601 οἰκονόμος·
1666 565 1693 592 τί
1710 566 1758 592 καὶ
1778 566 1846 592 ἁνι-

1055 614 1117 647 ξίως
1136 613 1361 649 συλλειτονργεϊ;
1379 612 1488 646 ἐξέλιπε
1506 611 1703 648 πρεσϐύτερος.

1091 708 1124 734 Εἰ
1149 706 1178 733 δὲ
1201 706 1280 733 οὐδὲν
1303 706 1377 732 δοκεῖ
1399 706 1456 737 τοῖς
1483 702 1738 738 συλλειτουργοῦσιν
1760 702 1848 738 αὐτῷ,

1054 751 1166 787 δψονται
1184 751 1226 785 ἐφ’
1240 747 1281 782 οἷς
1301 750 1462 785 πράττουσι·
1480 748 1629 784 φείσωνται
1644 748 1723 783 ἡμῶν
1737 747 1787 783 τῆς
1802 756 1850 774 τα-

1056 797 1224 829 πεινώσεως,
1255 796 1436 831 στεργόντων,
1470 795 1528 822 ἀλλ’
1555 794 1795 830 οἱκονομησάντων
1820 795 1850 820 ὲν

1059 844 1115 875 τοῖς
1131 843 1207 869 δυσὶν
1221 842 1293 869 ἔτεσι
1308 841 1426 874 τούτοις,
1441 841 1471 874 ἐξ
1486 841 1548 867 ὅτου
1561 839 1688 876 εἰσῆλθον
1702 839 1766 876 [ωε.
1781 839 1847 875 Reg.

1057 888 1213 925 είσῆ).θεν]’
1248 888 1283 915 ἵν’
1309 888 1396 919 οὕτως
1421 886 1634 922 εἰρηνικώτερον
1656 885 1850 920 διεξέλθωμεν.

1057 937 1090 963 Ol.
1107 936 1237 962 δεσπόται
1255 935 1333 970 ἡμῶν
1348 933 1483 968 οἱὰγαθοὶ
1500 935 1615 968 μεσῖται
1632 932 1679 959 καὶ
1697 933 1791 968 κριταὶ⁵
1804 931 1851 958 τοῦ

1057 982 1175 1014 δικαίου,
1193 981 1306 1017 φιληταὶ
1325 980 1380 1007 τῶν
1395 979 1663 1016 παρρησιαζομένων
1678 978 1707 1004 ὲν
1723 977 1850 1013 ἀληθείᾳ,

1057 1027 1094 1059 ὡς
1110 1026 1177 1054 αὐτὸ
1189 1026 1219 1052 τὸ
1229 1025 1322 1060 τίμιον
1336 1024 1426 1051 αὺτῶν
1439 1024 1528 1057 στόμα
1542 1022 1674 1055 πολλάκις
1684 1022 1850 1058 διαγορεύει.

1064 1073 1233 1106 Ἐνέγκωσιν
1256 1072 1281 1097 οἱ
1301 1071 1383 1106 ἱερεῖς
1396 1069 1488 1105 ίερῶς,
1502 1069 1519 1104 ἢ
1536 1068 1716 1104 πείσουσιν,ἣ
1737 1068 1852 1103 πεισθή-

1059 1125 1163 1142 σονται.
1193 1116 1226 1142 El
1244 1115 1273 1141 δὲ
1299 1114 1377 1141 οὐδὲν
1391 1113 1526 1145 τοιοῦτον,
1542 1113 1611 1140 ἀλλὰ
1626 1113 1675 1140 καὶ⁴
1700 1113 1731 1140 τὺ
1752 1113 1853 1148 γρύξαι

1058 1162 1133 1197 ἡμᾶς
1150 1161 1231 1196 μόνον
1253 1161 1305 1187 οὑκ
1319 1160 1442 1187 ἀνεκτόν·
1455 1159 1523 1191 Θεὸς
1538 1160 1625 1195 ἐφορᾷ
1640 1156 1670 1186 οὗ
1695 1159 1798 1194 μείζων
1810 1159 1855 1186 οὐ·

1059 1207 1126 1240 δεῖς,
1142 1205 1173 1234 οὗ
1191 1207 1274 1242 μόνος
1295 1206 1310 1232 ὁ
1326 1205 1409 1239 φόϐος
1431 1205 1558 1241 φοϐερὸς,
1575 1205 1623 1232 καὶ
1642 1204 1672 1231 τὸ
1693 1204 1801 1232 ἐκεῖθεν
1814 1203 1854 1231 δι-

1059 1254 1224 1288 καστήριον,
1249 1248 1271 1286 ᾧ
1299 1251 1402 1282 πάντες
1419 1249 1657 1286 παραστησόμεθα
1679 1248 1856 1284 εὐθυνόμενοι

1060 1300 1132 1328 κατὰ
1146 1301 1247 1327 πάντα.
1265 1299 1348 1326 Ἀλλὰ
1358 1298 1476 1333 δεόμεθά.
1489 1306 1536 1324 σου
1549 1296 1599 1332 τῆς
1610 1296 1793 1331 ὰγαθότητος,
1810 1296 1856 1323 καὶ

1061 1347 1098 1378 ὡς
1123 1345 1384 1381 προκυλινδούμενοι
1397 1345 1454 1375 τοῖς
1473 1343 1575 1378 τιμίοις
1595 1351 1642 1369 σου
1662 1342 1749 1377 ῐχνεσι
1761 1350 1856 1378 παρα-

1061 1391 1200 1426 καλοῦμεν
1227 1390 1276 1417 κα)⁸
1304 1388 1499 1424 ἀντιϐολοῦμεν
1518 1409 1526 1421 ,
1554 1389 1668 1423 ποιῆσαι
1695 1386 1771 1419 ἔλεος
1795 1387 1856 1422 μεθ’

1062 1437 1152 1472 ἡμῶν,
1174 1438 1221 1464 καὶ
1245 1436 1335 1462 κοινὸν
1355 1436 1452 1470 ὁφελος
1473 1435 1568 1466 αὐτοῖς
1589 1442 1620 1460 τε
1637 1435 1693 1464 τοῖς
1713 1433 1859 1460 εὐσεϐέσιν

1062 1483 1142 1519 ἡμῶν
1160 1482 1314 1518 βασιλεῦσι,
1337 1481 1377 1517 τῷ
1403 1490 1433 1508 τε
1459 1481 1605 1515 ἁγιωτάτῳ
1621 1479 1795 1516 πατριάρχῃ,
1812 1481 1860 1511 καὶ

1063 1530 1140 1565 πάσῃ
1161 1531 1194 1564 τῇ
1225 1528 1386 1564 Ἐκκλησία·
1408 1528 1440 1554 οὐ
1458 1528 1490 1563 τῇ
1507 1526 1569 1554 καθ’
1584 1527 1658 1562 ἡμᾶς
1675 1527 1767 1560 μόνον,
1790 1526 1861 1553 ἀλλὰ

1064 1578 1112 1605 καὶ
1126 1578 1160 1612 τῇ
1181 1575 1234 1603 ἀνὰ
1251 1576 1342 1602 πᾶσαν
1365 1574 1414 1610 τὴν
1433 1573 1608 1608 οῑκουμένην·
1623 1572 1666 1599 ἵνα
1682 1572 1777 1609 παύσῃ
1793 1573 1809 1599 ό
1821 1570 1862 1605 εἷς

1063 1625 1104 1655 εἰς
1114 1623 1192 1655 δόξαν
1205 1621 1285 1653 Θεοῦ,
1302 1622 1350 1648 καὶ
1366 1621 1404 1656 μὴ
1416 1619 1541 1655 ταραχθῇ
1567 1620 1584 1654 ἡ
1603 1617 1860 1654 αὑτοῦἘκκλησία·

1063 1670 1088 1696 εί
1102 1670 1130 1696 δὲ
1148 1671 1185 1705 μή
1198 1678 1241 1704 γε,
1258 1668 1326 1695 ἀλλὰ
1339 1668 1369 1694 τό
1386 1675 1418 1702 γε
1435 1667 1562 1702 δεύτερον
1578 1666 1609 1692 τὺ
1624 1666 1768 1700 ἐπιμεῖναι
1785 1666 1863 1701 ἡμᾶς

1063 1716 1093 1742 ὲν
1112 1715 1152 1751 τῷ
1162 1715 1246 1750 αὐτῷ,
1258 1713 1386 1749 καθάπερ
1403 1713 1432 1740 ὲν
1442 1714 1498 1744 τοῖς
1513 1712 1579 1738 δέκα
1593 1711 1667 1739 ἔτεσι
1685 1711 1807 1744 τούτοις.
1830 1713 1862 1739 οι

1064 1763 1119 1798 γὰρ
1139 1762 1230 1789 λοιποὶ
1256 1761 1308 1788 κᾶν
1334 1761 1428 1797 μυρίοι
1447 1757 1516 1787 ὦσιν
1533 1760 1678 1795 ίεράρχαι,
1699 1760 1747 1787 καὶ
1763 1761 1862 1796 ἱερεῖς,

1064 1809 1113 1836 καὶ
1131 1807 1291 1844 ἡγούμενοι,
1315 1807 1510 1838 κοινωνοῦντες
1531 1805 1608 1841 αὑτῷ
1619 1826 1626 1838 ,
1642 1806 1674 1833 οὑ
1691 1806 1862 1841 θαυμαστόν·

1065 1855 1127 1882 ἐπεὶ
1144 1855 1222 1881 αὐτοὶ
1238 1855 1285 1881 καὶ
1302 1853 1434 1889 συνῆλθον
1447 1852 1488 1888 τῷ
1504 1852 1692 1888 μοιχεύσαντι·
1709 1853 1759 1880 καὶ
1771 1853 1863 1885 οὐδείς

1064 1910 1091 1928 τι
1109 1900 1254 1936 λελάληκε.
1277 1899 1371 1927 Ταῦτα
1388 1899 1455 1931 Θεὸς
1469 1899 1503 1926 δι’
1518 1899 1609 1934 ἡμῶν,
1625 1899 1650 1925 εῑ
1664 1898 1711 1925 καὶ
1723 1899 1863 1935 τολμηρδν

1065 1948 1165 1980 εἰπεῖν,
1185 1947 1233 1974 καὶ
1250 1946 1416 1982 παρακαλεῖ,
1433 1946 1481 1973 καὶ
1505 1945 1741 1981 προσφθέγγεται.
1764 1946 1815 1973 καὶ
1826 1946 1864 1978 ὡς

1065 1993 1173 2020 κελεύει
1191 1993 1269 2029 (19').

1314 2150 1378 2178 ΚΓ.
1391 2166 1426 2172 —
1441 2150 1484 2182 Τῷ
1497 2150 1588 2182 αὐτῷ.
1599 2149 1682 2186 [pati

218 2227 316 2258 Scripta
330 2228 430 2254 nomine
441 2229 545 2261 Iosephi
563 2230 710 2262 archiepisc.
727 2230 969 2257 Thessalonicensis.
982 2233 1098 2289 (ὲςόξιιὰὶι
1104 2231 1172 2287 falso
1184 2231 1293 2256 accusari
1305 2236 1344 2260 se,
1354 2229 1425 2261 quasi
1438 2229 1607 2261 episcopatum
1618 2230 1744 2254 invaserit.
1759 2230 1862 2262 (Barea.

937 2271 976 2288 an.
1041 2283 1046 2289 .
1059 2271 1084 2288 ιι.
1137 2282 1142 2287 .

937 2271 976 2288 an.
990 2271 1046 2295 δυδ,
1059 2271 1084 2288 n.
1104 2271 1142 2287 ιδ.

257 2325 286 2352 In
301 2325 345 2353 his
361 2333 423 2361 quae
436 2326 526 2359 nobis,
547 2326 628 2354 Pater
645 2332 750 2361 sancte,
765 2329 935 2364 signiﬁcasti,
949 2329 1005 2356 nihi

1105 2328 1190 2356 Οὐδὲν
1207 2324 1244 2354 ὧν
1258 2326 1416 2362 δεδήλωκας
1433 2327 1499 2362 ἡμῖν
1514 2326 1544 2353 τὸ
1560 2326 1657 2362 παρὸν,
1675 2326 1737 2362 ἅγιε
1758 2328 1862 2364 Πάτερ,

220 2371 363 2399 molestius
379 2372 440 2404 luit,
455 2380 537 2407 quam
551 2372 624 2407 quod
637 2374 724 2401 nolint
741 2375 777 2410 pii
797 2374 905 2402 Domini
926 2375 1015 2404 nostri

220 2424 272 2444 nos
286 2417 320 2444 de
335 2424 412 2444 more
429 2418 571 2451 accedere,
589 2419 751 2454 dignarique
766 2421 922 2449 veneranda
940 2421 1014 2456 ipso-

221 2470 281 2489 rqu
309 2463 478 2495 adoralinue,
506 2467 533 2490 et
560 2465 762 2499 propempticas
787 2473 820 2493 ac
847 2467 969 2499 votivas,
986 2469 1017 2492 ut

221 2508 313 2535 caeteri
335 2507 449 2540 faciunt,
475 2509 500 2536 in
519 2517 613 2537 eorum
637 2510 759 2538 discessu
784 2519 865 2539 voces
890 2512 1015 2539 reddere.

222 2554 276 2582 Sed
301 2563 354 2582 non
383 2562 491 2590 semper
517 2557 569 2584 hoc
594 2557 628 2585 ad
651 2557 868 2586 humiliationem
893 2563 1017 2586 nostram

221 2601 304 2628 faciet
326 2601 456 2636 placabile
469 2607 497 2629 et
510 2602 671 2637 iniuriarum
687 2603 841 2637 immemor,
861 2603 1017 2639 Christique

221 2646 350 2673 aemulum
381 2655 429 2674 cor
449 2655 544 2675 eorum
562 2658 568 2676 :
585 2649 686 2684 quippe
712 2650 785 2685 quod
809 2650 935 2678 hostibus
951 2652 1017 2687 ipsis

222 2692 393 2720 reconciliari
409 2693 486 2721 novit
502 2703 508 2720 :
524 2694 626 2721 nedum
643 2699 673 2721 ut
688 2702 738 2721 nos
752 2695 866 2730 rejiciat,
884 2696 931 2732 qui
954 2697 1018 2723 sin—

222 2744 285 2765 cero
310 2739 392 2766 corde
419 2739 479 2767 illos
505 2740 621 2768 colimus
635 2745 664 2768 ct
680 2748 813 2769 amamus.
831 2741 903 2770 Belle
925 2748 1017 2772 autem

1067 2375 1203 2412 λυπηρὸν,
1220 2375 1283 2401 ὅσον
1295 2374 1325 2400 τὸ
1349 2374 1386 2409 μὴ
1409 2373 1497 2400 Θέλειν
1511 2373 1575 2405 τοὺς
1589 2373 1711 2405 εὐσεϐεῖς
1727 2374 1811 2410 ἡμῶν
1825 2375 1866 2401 δε-

1069 2423 1174 2454 σπότας
1189 2421 1276 2448 ἐλθεῖν
1289 2421 1362 2457 ἡμᾶς
1378 2420 1450 2448 κατὰ
1461 2420 1492 2447 τὸ
1509 2420 1636 2456 σύνηθες,
1648 2422 1696 2448 καὶ
1711 2421 1864 2456 ἀξιωθῆναι

1069 2470 1119 2504 τῆς
1145 2469 1239 2504 τιμίας
1262 2468 1352 2495 αὐτῶν
1380 2469 1605 2504 προσκυνήσεως,
1633 2468 1679 2494 καὶ
1702 2468 1769 2499 τοὺς
1795 2477 1864 2503 προ-

1069 2514 1245 2549 πεμπτικοὺς
1260 2513 1308 2540 καὶ
1320 2512 1494 2548 εὐκτηρίους,
1507 2512 1544 2543 ὡς
1559 2513 1615 2543 πᾶς
1628 2512 1684 2539 τῶν
1696 2512 1863 2548 ἀνθρώπιον,

1069 2560 1142 2588 κατὰ
1158 2560 1208 2595 τὴν
1224 2559 1314 2591 ἔξοδον
1329 2559 1419 2585 αὐτῶν
1443 2558 1593 2586 ἀποδοῦναι
1609 2558 1717 2593 λόγους.
1743 2559 1815 2585 Ἀλλ’
1834 2559 1863 2586 οὐ

1070 2607 1181 2637 πάντως
1197 2606 1213 2641 ἠ
1229 2605 1401 2641 εὐμειλικτος
1416 2605 1463 2631 καὶ
1479 2604 1670 2640 ἁμνησὶκακος
1685 2605 1733 2632 καὶ
1748 2606 1865 2641 Χριστο⁴

1072 2651 1190 2687 μιμητος
1206 2650 1297 2679 αὐτῶν
1315 2650 1415 2686 καρδία
1427 2649 1508 2677 τοῦτο
1524 2650 1586 2677 ὅλον
1602 2650 1742 2685 ποιήσειεν
1761 2652 1802 2682 εἰς
1817 2650 1865 2685 τὴν

1070 2697 1211 2734 ἡμετέραν
1227 2697 1414 2724 ταπείνωσιν·
1440 2698 1503 2724 ἐπεὶ
1526 2697 1648 2729 καὶτοῖς
1671 2697 1783 2732 ἐχθροῖς
1811 2695 1864 2724 οἶδε

1070 2743 1300 2776 διαλλάττεσθαι,
1318 2743 1378 2779 οὐχὶ
1393 2744 1421 2770 δὲ
1444 2744 1518 2780 ἡμᾶς
1539 2744 1603 2776 τοὺς
1628 2743 1742 2779 ἀληθινῇ
1766 2744 1862 2780 καρδίᾳ

977 2811 1093 2839 ΆΟΤᾸΞ.

257 2878 326 2915 (19⁸)
338 2879 384 2908 Sic
398 2879 542 2915 legendum
560 2880 669 2910 videtur
688 2883 753 2911 etin
770 2883 822 2912 [itte
838 2883 919 2919 epist.
935 2883 967 2911 ‘Zl
987 2891 1080 2919 supra.
