1926 3078
111 163 163 198 981

730 159 1002 190 EPISTOLARUM
1020 159 1092 189 LIB.
1112 159 1139 188 Ι.

1694 157 1748 188 982

108 221 255 258 φιλοῦντας
269 219 318 247 καὶ
329 219 459 251 σέσοντας
472 218 706 254 αὑτούςιἋριστα
720 219 748 245 δὲ
764 219 900 246 ὑπέϐαλεν

958 224 999 247 tua
1016 218 1146 247 sanctitas
1163 224 1295 252 responsa
1315 221 1408 244 nostra
1424 217 1509 244 sacris
1521 216 1748 245 illornmauribus

109 269 127 303 ἡ
144 264 284 300 ἁγιωσύνῃ
299 273 347 291 σου
361 264 410 295 τὰς
427 265 476 299 τῆς
493 263 632 294 εὐτελείας
643 263 723 298 ἡμῶν
739 263 903 298 ἀποκρίσεις

109 313 141 339 ἑν
161 312 221 342 ταῖς
239 310 327 345 ίεραϊς
345 308 437 336 αὐτῶν
454 309 566 340 ἀκοαῖς·
592 308 641 335 καὶ¹
658 309 699 335 ὅτι
725 309 903 342 κατένευσαν,

108 358 159 394 τῆς
170 356 261 384 αὐτῶν
279 355 323 391 εἴη
349 354 552 390 μεγαλόφρονος
577 354 748 386 θεοσυνεσίας
760 363 767 369 ·
786 355 833 381 καὶ
849 354 905 390 γὰρ

109 403 186 430 ισασι
205 402 241 429 τὰ
257 401 317 428 θεῖα
335 400 439 436 κρίνειν
460 399 633 432 εὐθυὸὀλως,
648 399 686 431 ὡς
705 400 803 434 σοφίας
821 408 906 435 μεμε-

110 447 264 483 στωμένοι,
281 447 330 474 καὶ
345 446 476 480 γνώσεως
491 445 560 472 Θεοῦ
580 445 723 472 ἀνάπλεοι.
742 446 857 472 Κελεύει
876 446 905 472 δὲ

110 494 228 530 ἐρωτᾷν,
249 493 323 525 τίνος
341 492 422 528 χάριν
439 491 646 527 ἐπιδεδώκαμεν
662 492 778 524 ἑαυτοὺς
796 494 835 524 εἰς
854 492 906 527 τὴν

110 539 256 575 ιεραρχίαν
272 559 279 570 ,
305 538 480 573 ἐγνωσμένου
500 537 578 569 ὄντος
593 537 640 564 τοῦ
658 537 829 572 σφάλματος.
851 538 905 565 Καὶ

109 588 180 622 πρὸς
195 586 276 612 τοῦτο
294 585 353 620 μετ’
375 584 471 616 αἰδοῦς
493 584 716 620 ἀποκρινόμεθα,
733 585 775 611 ὅτι
797 585 859 611 ὅσον
875 585 905 611 τὸ

109 632 172 660 καθ’
195 632 283 667 ἡμᾶς,
310 631 361 657 οὐκ
385 630 570 666 ἐϐουλόμεθα,
592 630 623 658 τδ
649 631 699 666 μὲν
723 631 768 658 διὰ
792 632 822 658 τὺ
844 632 906 658 ἐπι-

110 678 234 706 κίνδυνον
247 678 294 704 τοῦ
307 676 465 712 ἀξιώματος
476 698 483 710 ,
499 677 530 703 τὺ
548 677 576 703 δὲ
591 677 626 704 δι’
641 678 707 704 αὐτὸ
721 677 773 713 ἡδη
784 678 814 704 τὸ
831 678 907 712 λεγό-

110 733 193 761 μενον
205 724 254 752 τοῦ
269 724 426 759 οἰκονόμου.
447 723 525 750 Ἐπεὶ
541 723 569 750 δὲ
583 723 718 759 ὲ).ἠλυθαν
729 724 755 750 οἱ
767 723 905 751 Θεσσαλο-

110 772 209 803 νικείς,
231 769 400 800 ἱκετεύοντες
416 768 454 800 ὼς
470 769 503 796 ἐκ
517 768 609 803 πάσης
627 769 677 803 τῆς
694 769 809 800 πόλεως,
830 769 856 794 οῖ
875 777 905 795 τε

107 816 240 844 δεσπόται
258 815 338 850 ἡμῶν
352 815 377 841 ot
398 815 497 847 ἀγαθοὶ
513 814 750 850 συνεπιτιθέμενοι
763 814 804 850 τῷ
821 814 907 849 ψηφί-

110 870 214 897 σματι·
242 862 300 893 δέος
319 861 387 896 ἡμῖν
403 861 512 895 ἐγένετο
528 860 566 896 μὴ
583 861 750 892 ὑπακοῦσαι,
768 861 815 887 καὶ
833 861 906 886 ἀντι-

111 906 244 942 φέρεσθαι
265 905 325 941 Θεῷ
347 914 378 932 τε
392 906 440 932 καὶ
466 907 523 936 τοῖς
547 905 688 932 εὐσεϐέσιν
706 905 785 940 ἡμῶν
807 905 903 932 δεσπό-
921 901 941 929 Β

109 961 190 985 ταις·
212 953 389 987 λογισάμενοι
412 952 453 979 ὅτι
472 951 586 983 δυνατός
610 951 641 987 [ἴ.
666 951 790 987 δυνατόν]
818 952 902 983 ἐστιν,

109 999 196 1034 ἧνικα
215 999 267 1024 ὑπὸ
282 997 337 1024 τῶν
353 997 463 1024 οἰκείων
478 997 637 1024 ἐπισκόπων
653 998 669 1032 ἡ
691 998 844 1033 χειροτονία
860 998 903 1032 γίι-

111 1053 199 1077 vacat,
217 1045 315 1078 φυγεῖν
331 1044 377 1070 τὸν
392 1043 594 1079 προειρημένον
610 1043 742 1070 κίνδυνον.
764 1044 834 1079 Πρὸς
850 1044 903 1079 γὰρ

109 1091 142 1117 τὸ
157 1090 227 1125 μετὰ
245 1089 334 1116 ταῦτα
344 1097 352 1105 ο
377 1089 408 1115 τὸ
424 1089 473 1124 μὲν
489 1089 531 1115 ὃτι
544 1089 639 1124 πόρρω
654 1088 709 1115 τῶν
724 1089 841 1116 ἐνταῦθα
853 1089 905 1115 ἁπ-

109 1134 263 1168 οικίζεται·
279 1135 308 1161 τὸ
335 1134 364 1160 δὲ
384 1134 426 1160 ὅτι
448 1134 567 1169 ἐγχωρεῖ
590 1133 637 1160 καὶ
649 1133 838 1169 ἐπιδημοῦντα
855 1142 905 1168 φυ-

50 1214 62 1226 ﬁ
110 1181 260 1210 λάττεσθαι
281 1181 353 1207 κατὰ
366 1180 481 1212 πολλοὺς
499 1179 627 1215 τρόπους.
651 1177 719 1207 Εἴτσ.
735 1180 776 1207 ὅτι
790 1181 838 1207 καὶ
858 1180 905 1207 θά-

110 1236 189 1255 νατοι
211 1226 419 1262 συμὸαίνουσιν,
436 1228 482 1253 καὶ
503 1227 535 1252 ἐκ
550 1227 633 1262 μέσου
651 1227 757 1260 γίνεται
778 1227 810 1253 τὸ
824 1227 905 1254 σκάν-

108 1274 207 1301 δαλον·
230 1272 326 1308 ὥσπερ
349 1273 396 1299 καὶ
419 1273 463 1306 ἐφ’
481 1271 562 1307 ἡμῶν
579 1271 669 1299 αὐτῶν
692 1272 747 1298 τῶν
770 1272 905 1299 ταπεινῶν

108 1318 163 1348 ὧδε
193 1319 357 1354 καθημένων
388 1318 503 1353 συνέϐη,
530 1318 749 1354 διαφυλαχθῆναι
777 1318 830 1350 ἓως
858 1319 904 1345 τοῦ

109 1365 248 1401 παρόντος
262 1385 269 1398 ,
285 1363 428 1399 οἰκονομίᾳ
450 1363 612 1399 χρωμένων.
631 1364 678 1390 Δεῖ
692 1363 757 1399 γὰρ,
781 1364 824 1398 ἐφ’
843 1364 906 1391 ὅσον

109 1409 170 1439 οἶόν
188 1420 230 1444 τε,
247 1411 401 1446 ὑποχωρεῖν
412 1410 476 1442 τοὺς
495 1410 684 1446 πειρασμοὺς,
707 1410 796 1443 ἄλλως
810 1419 839 1437 τε
859 1411 905 1437 καὶ¹

113 1457 154 1493 μὴ
169 1457 324 1491 ἐπισκοπῆς
340 1456 456 1490 ἐχόντων
479 1455 602 1489 ἀξίωμα,
626 1455 676 1482 Διὰ
698 1456 784 1482 ταῦτα
804 1456 842 1487 ὡς
860 1456 907 1482 ἐπὶ

111 1504 235 1539 μάρτυρι
248 1502 308 1538 Θεῷ
331 1501 536 1536 ὲπιδεδώκαμεν
551 1502 677 1534 ἑαυτοὺς,
692 1501 846 1533 δοκοῦντες,
862 1501 906 1528 ἴνα

112 1552 162 1578 καὶ
176 1549 257 1576 τοῦτο
271 1549 395 1583 εἴπωμεν
405 1568 412 1580 ,
430 1548 498 1584 μηδὲ
519 1547 690 1584 ἠγνοημένον
705 1545 775 1575 εἶναι
796 1548 906 1580 πάντως

111 1597 171 1627 τοῖς
183 1595 325 1622 εὐσεὸέσιν
337 1593 419 1629 ἡμῶν
434 1594 591 1625 δεσπόταις,
603 1593 688 1620 εἰδόσι
704 1594 739 1621 τὰ
750 1593 846 1630 πόρρω
858 1595 906 1621 καὶ

111 1641 226 1676 μακρὰν
235 1640 269 1666 δι’
278 1639 366 1673 ἄκραν
379 1638 521 1674 ἀγχίνοιαν
532 1647 538 1654 ·
556 1637 624 1665 ἀλλὰ
637 1638 690 1674 μὴν
702 1638 763 1665 οὐδὲ
780 1638 855 1674 αὐτῷ
867 1638 906 1674 τῷ

111 1687 260 1722 ἁγιωτάτῳ
275 1685 435 1720 πατριάρχῃ
449 1704 456 1716 ,
474 1684 536 1710 ἐπεὶ
558 1684 679 1718 κάκείνῳ
691 1684 843 1719 τηνικαῦτα
862 1693 908 1718 γε-

110 1732 262 1768 γράφαμεν
282 1731 331 1766 τὴν
347 1729 492 1756 ὑπόθεσιν·
508 1729 546 1761 ὡς
563 1730 645 1765 ἡμεῖς
660 1737 692 1763 γε
709 1729 805 1756 τούτου
827 1730 907 1765 χάριν

111 1779 186 1815 ὑπὲρ
199 1777 246 1805 τοῦ
263 1777 302 1813 μὴ
316 1776 480 1812 κοινωνῆσαι
497 1775 537 1812 τῷ
552 1775 758 1810 στεφανώσαντι
780 1776 827 1802 τὸν
849 1785 906 1811 μοι-

110 1825 172 1860 χὸν,
189 1824 237 1850 καὶ
250 1823 290 1859 τῷ
305 1822 529 1858 προηγησαμένῳ
544 1822 717 1858 πατριάρχῃ,
731 1821 812 1856 ἡνίκα
827 1822 907 1857 μόνον

112 1870 254 1907 μετεδίδου
271 1869 362 1905 αὐτῷ,
379 1869 517 1904 διαφόρως
532 1868 581 1903 τὴν
605 1868 714 1903 ἐξορίαν
730 1869 888 1903 ὑπέστημεν
899 1876 905 1883 ·

110 1917 184 1952 πλὴν
198 1917 239 1943 ὅτι
254 1915 398 1950 πολλαχῶς
415 1915 463 1942 καὶ
480 1914 547 1941 αὐτὸ
559 1914 590 1941 τὸ
603 1914 695 1949 τίμιον
709 1914 802 1942 αὐτῶν
817 1914 905 1949 στόμα

109 1962 288 1998 ὲπανέκρινε,
311 1962 360 1988 καὶ
383 1960 482 1994 διέγνω
504 1959 592 1987 ταῦτα
619 1959 707 1991 οὕτως
729 1959 810 1995 ἔχειν.
828 1959 903 1994 Αὕτη

110 2008 190 2036 ἐστὶν
205 2008 222 2043 ἡ
238 2006 371 2040 ἀπολογία
381 2014 387 2021 ·
397 2005 444 2032 καὶ
459 2005 574 2040 ταύτην,
583 2005 621 2037 ὡς
638 2004 904 2039 κελεύεις,ἁνάγαγε

109 2054 150 2090 τῷ
165 2053 275 2089 εὐηκόῳ
290 2052 382 2081 αὐτῶν
395 2052 502 2087 κράτει.

147 2167 151 2170 _
184 2135 248 2162 KA'.
262 2149 296 2155 —
313 2134 481 2166 Θεοκτιστῳ
495 2122 729 2169 (amarumque
742 2132 809 2168 (at).
825 2132 905 2168 [μβ¹.]

957 264 1072 300 subjecit
1091 274 1098 292 :
1119 263 1219 299 quibus
1237 263 1309 298 quod
1324 266 1490 296 annuerant,
1510 263 1685 290 tribuendum
1705 269 1746 290 est

956 311 1136 347 magnanimze
1156 315 1183 338 ct
1201 309 1300 345 divina:
1324 317 1419 336 eorum
1446 309 1598 344 prudentiae
1617 318 1624 336 :
1643 309 1747 344 optime
1774 322 1776 324 -

957 357 1030 385 enim
1048 357 1081 384 de
1095 356 1197 384 divinis
1213 356 1350 391 judieant,
1364 359 1393 382 ut
1419 355 1551 390 sapientia
1568 355 1641 390 pleni
1655 360 1683 382 et
1700 355 1748 382 Dei

957 403 1070 430 scientia
1097 402 1199 430 referti.
1230 401 1312 429 .lubct
1331 405 1420 428 autem
1444 401 1626 436 interrogare,
1650 409 1748 436 quam—

957 450 1051 477 obrem
1068 448 1261 484 ingesserimus
1278 455 1328 474 nos
1343 447 1370 474 in
1389 447 1592 482 episcopatum,
1613 454 1676 474 cum
1691 454 1749 474 ma-

956 495 1085 522 nifestum
1107 495 1143 522 sit
1160 494 1266 522 vitium.
1281 494 1321 521 Ad
1339 494 1390 520 hoc
1403 500 1511 528 quoque
1523 500 1574 519 nos
1588 500 1650 520 cum
1670 500 1749 520 reve-

956 542 1044 569 rentia
1063 541 1277 576 respondemus,
1292 539 1375 575 quod,
1388 544 1523 574 quantum
1542 539 1571 566 in
1586 539 1665 566 nobis
1677 543 1747 581 erat.

956 587 1127 618 nolebamus,
1150 585 1247 620 partim
1264 585 1375 620 quidem
1392 590 1502 619 propter
1515 591 1617 618 anceps
1640 584 1748 618 pericu-

956 633 1012 660 lum
1037 632 1186 668 dignitatis,
1211 631 1308 666 partim
1334 630 1415 658 etiam
1439 635 1552 665 propter
1574 630 1599 657 id
1622 629 1694 664 quod
1715 629 1749 657 de

957 686 1100 706 teconomo
1111 679 1165 713 jam
1180 678 1330 705 dicebatur.
1342 676 1489 711 Postquam
1503 684 1567 703 vero
1579 676 1748 704 advenerunt

957 725 1235 756 Thessalonicenses,
1260 723 1445 758 supplicantes
1477 727 1607 757 tanquam
1636 723 1748 749 nomine

957 771 1041 799 totius
1069 770 1201 803 civitatis,
1224 775 1250 797 et
1269 769 1364 804 optimi
1393 769 1500 796 Domini
1526 769 1613 796 nostri
1637 769 1748 797 decreto
1792 775 1799 793 f

957 817 1061 847 assensi
1075 821 1155 848 sunt;
1175 815 1254 843 veriti
1267 823 1362 843 sumus
1378 823 1433 842 non
1454 816 1567 842 obedire
1579 820 1607 856 et
1620 815 1750 843 reluctari

959 863 1013 890 Deo
1037 863 1144 898 piisque
1159 861 1276 889 dominis
1297 861 1410 893 nostris,
1424 860 1586 896 cogitantes,
1601 861 1674 896 quod
1687 868 1751 896 pos-

957 910 1002 942 sit,
1021 917 1083 937 eum
1108 916 1123 935 a
1141 908 1260 943 propriis
1286 908 1424 943 episcopis
1443 908 1473 935 tit
1488 908 1635 940 ordinatio,
1650 908 1750 943 praedi-

956 961 1030 984 ctum
1058 954 1210 990 periculum
1234 954 1376 982 declinari.
1396 953 1473 986 Quod
1498 961 1564 981 vero
1586 954 1620 982 ad
1635 954 1750 982 alterum

956 1005 1055 1036 caput,
1073 1001 1237 1029 occurrebat
1257 999 1331 1034 quod
1348 999 1444 1035 procul
1467 999 1531 1026 hine
1549 1004 1670 1026 semotus
1685 1000 1721 1027 sit
1741 1009 1747 1027 ε

956 1047 1069 1083 ﬁerique
1085 1047 1170 1082 possit
1195 1050 1225 1074 ut
1251 1053 1364 1082 peregre
1381 1052 1474 1081 agens,
1501 1045 1638 1072 devitetur
1657 1045 1750 1073 multis

957 1094 1057 1121 modis.
1078 1093 1181 1120 Deinde
1199 1093 1270 1127 quod
1282 1096 1386 1120 mortes
1405 1091 1576 1126 contingant,
1598 1095 1626 1118 et
1638 1091 1672 1118 de
1691 1099 1750 1118 mc—

956 1140 1003 1168 dio
1028 1139 1141 1167 tollatur
1169 1138 1360 1173 scandalum}:
1382 1137 1613 1172 quemadmodum
1628 1143 1657 1164 et
1669 1137 1750 1165 nobis

957 1185 1109 1213 humilibus
1137 1185 1262 1221 contigit.
1284 1184 1332 1219 qui
1358 1183 1404 1211 hic
1428 1183 1591 1216 residentes,
1609 1183 1751 1218 hucusque

957 1231 1112 1260 conservati
1138 1239 1244 1264 sumus,
1271 1231 1477 1265 dispensatione
1505 1229 1616 1257 utendo.
1639 1231 1751 1265 Oportet

957 1279 1041 1311 enim,
1058 1278 1148 1313 quoad
1171 1277 1245 1310 licet,
1270 1276 1435 1304 tentationes
1459 1275 1652 1311 subterfugere
1669 1285 1675 1303 :
1691 1276 1750 1303 illos

957 1323 1176 1359 praesertim,qui
1188 1323 1380 1358 episcoporum
1395 1321 1556 1358 dignitatem
1570 1329 1626 1348 non
1640 1326 1748 1357 gerunt.

957 1369 1006 1397 His
1028 1369 1063 1397 de
1091 1369 1192 1402 causis,
1209 1368 1265 1396 Deo
1293 1372 1373 1401 teste,
1391 1376 1442 1395 nos
1468 1367 1641 1403 ingessimus,
1658 1367 1751 1395 existi-

958 1422 1073 1450 mantes,
1113 1421 1142 1444 ut
1168 1416 1220 1444 hoc
1262 1416 1345 1443 etiam
1373 1416 1512 1450 dicamus,
1540 1415 1751 1450 haudquaquam

958 1470 1073 1498 prorsus
1104 1463 1223 1498 ignotam
1253 1469 1310 1488 rem
1326 1461 1411 1488 fuisse
1426 1461 1478 1495 piis
1498 1461 1621 1488 Dominis
1637 1461 1749 1490 nostris.

958 1509 1003 1544 qui
1018 1509 1097 1544 longe
1111 1508 1261 1543 proculque
1276 1508 1363 1542 posita
1376 1507 1547 1542 prospiciunt
1566 1515 1673 1534 summa
1688 1515 1750 1535 eum

958 1553 1085 1586 solertia;
1105 1553 1154 1581 sed
1178 1560 1267 1587 neque
1290 1552 1340 1587 ipsi
1368 1552 1530 1586 patriarcha!
1555 1552 1748 1580 sanctissimo:

957 1599 1087 1634 quoniam
1102 1598 1135 1625 ad
1149 1598 1237 1633 ipsum
1252 1594 1334 1626 etiam
1357 1602 1422 1625 tunc
1437 1598 1600 1632 scripsimus
1612 1599 1646 1626 de
1658 1606 1689 1626 ea
1709 1606 1749 1629 re,

957 1646 1030 1681 quod
1045 1652 1111 1677 nos,
1128 1649 1272 1680 propterea
1295 1645 1367 1680 quod
1389 1646 1595 1673 communicare
1616 1646 1751 1673 nollemus

957 1702 1020 1722 cum
1050 1701 1082 1721 eo
1112 1693 1158 1728 qui
1187 1693 1339 1720 adulterum
1364 1697 1554 1725 coronarerat,
1572 1700 1662 1728 neque
1688 1701 1750 1720 cum

957 1740 1142 1767 antecedente
1157 1739 1322 1774 patriarcha,
1337 1746 1399 1766 cum
1414 1738 1440 1765 ei
1451 1739 1640 1766 tantummodo
1651 1739 1751 1773 imper-

959 1784 1036 1817 liret;
1051 1784 1167 1811 diversis
1183 1784 1270 1811 modis
1292 1783 1419 1811 exsilium
1435 1783 1627 1818 pertulerimus
1651 1793 1657 1810 :
1681 1792 1752 1818 pra;-

958 1833 1082 1864 terquam
1107 1829 1179 1863 quod
1202 1828 1388 1856 venerandum
1414 1829 1502 1864 ipsum
1520 1836 1551 1856 os
1565 1836 1660 1856 eorum
1679 1837 1752 1864 srcpc

958 1873 1099 1907 discussit,
1116 1878 1144 1901 et
1168 1874 1302 1909 comperit
1317 1874 1375 1901 haec
1395 1873 1432 1901 ita
1455 1881 1483 1901 se
1500 1874 1610 1902 habere.
1629 1874 1686 1901 ΙΙοε
1710 1879 1752 1901 est

959 1926 1123 1954 responsum
1146 1923 1270 1946 nostrum
1288 1928 1293 1945 :
1311 1918 1404 1954 idque,
1422 1923 1451 1945 ut
1474 1918 1577 1951 innuis,
1601 1918 1692 1952 perfer
1718 1918 1751 1948 ad

959 1965 1082 1999 ipsorum
1094 1964 1269 1993 audientiam.

1127 2133 1220 2161 XXIV.
1232 2149 1267 2155 ——
1285 2135 1426 2162 Tlteoctiato
1445 2135 1582 2170 Magistro.

545 2205 594 2231 Cur
606 2212 620 2230 a
632 2204 771 2236 patriarcha
786 2211 814 2229 se
825 2204 978 2236 abjunxerit.
992 2206 1093 2237 (Baron.
1107 2213 1146 2230 an.
1158 2206 1213 2237 808,
1230 2213 1255 2230 n.
1269 2206 1319 2236 10.)

148 2263 214 2290 Ὀτι
229 2262 454 2298 περιπονουμένη
466 2262 525 2288 ἐστὶ
539 2262 574 2288 τὰ
591 2261 654 2289 καθ’
665 2262 740 2297 ἡμᾶς
753 2262 769 2296 ἡ
789 2262 906 2297 μεγίστη

994 2264 1072 2297 Quod
1088 2264 1121 2291 de
1139 2263 1217 2291 nobis
1233 2271 1282 2298 pro
1297 2263 1395 2291 eximia
1412 2271 1460 2291 sua
1473 2262 1576 2298 pietate
1591 2261 1705 2288 sollicita
1719 2261 1754 2288 sit

111 2319 162 2338 σου
183 2308 308 2345 ὑπεροχὴ
334 2308 364 2342 ἐξ
389 2308 617 2344 ὑπερϐαλλούσης
634 2308 794 2343 φιλοθετας,
821 2307 906 2341 ἔδειξε

113 2356 164 2392 μὲν
191 2355 240 2383 καὶ
261 2355 296 2382 τὰ
311 2354 355 2381 διὰ
379 2354 427 2380 τοῦ
453 2354 654 2381 εὑλαῦεστάτου
679 2354 833 2390 ἡγουμένου
861 2355 909 2390 ῥή-

113 2410 198 2436 ματα.
219 2400 396 2436 Ἑφανέρωσε
413 2399 441 2426 δὲ
463 2401 511 2427 καὶ
534 2400 581 2427 νῦν
605 2401 639 2426 τὰ
662 2400 707 2427 διὰ
723 2400 769 2427 τοῦ
792 2400 907 2435 ἀδελφοῦ

111 2448 191 2483 ἡμῶν
213 2446 284 2482 πρὸς
303 2447 338 2473 τὰ
359 2446 492 2473 σταλέντα
507 2446 657 2481 δηλώματά
675 2455 704 2472 τε
721 2447 767 2472 καὶ
789 2447 907 2473 ἀνταπο-

111 2493 248 2527 κρίματα.
271 2492 327 2518 Καὶ
352 2491 401 2526 τῆς
427 2491 499 2526 ὑπὲρ
529 2491 699 2527 τηλικαύτης
727 2501 773 2518 σου
799 2492 907 2527 ἀγαθῆς

110 2537 261 2568 διαθέσεως
282 2537 350 2572 πρὸς
377 2536 407 2563 τὺ
429 2537 507 2573 κοινῇ
531 2538 683 2573 συμφέρον,
709 2538 773 2569 τοὺς
792 2537 905 2574 μισθοὺς

959 2309 1118 2336 excellentia
1135 2313 1190 2341 tua,
1208 2308 1346 2336 declarant
1358 2315 1423 2335 sane
1438 2315 1499 2342 qua:
1511 2315 1559 2342 per
1575 2305 1751 2333 reverendis-

958 2355 1056 2382 simum
1078 2354 1254 2390 praepositum
1276 2354 1452 2390 signiﬁcasti;
1471 2358 1498 2381 at
1514 2361 1570 2380 non
1594 2352 1685 2379 minus
1709 2351 1753 2378 illa

957 2409 1018 2436 qua:
1035 2408 1106 2428 nunc
1123 2408 1172 2435 per
1187 2400 1299 2427 fratrem
1321 2404 1458 2432 nostrum,
1476 2399 1549 2426 circa
1564 2398 1663 2425 missas
1682 2398 1753 2425 rel-av

960 2446 1048 2474 tiones
1072 2451 1099 2473 et
1121 2453 1261 2481 responsa.
1277 2445 1309 2472 Et
1324 2454 1373 2481 pro
1389 2446 1440 2473 hac
1455 2445 1564 2480 quidem
1592 2450 1666 2472 tanta
1689 2452 1752 2480 erga

959 2492 1107 2519 utilitatem
1133 2499 1306 2519 communem
1336 2491 1520 2526 propensione
1537 2496 1582 2518 tua
1598 2490 1753 2518 mercedem

956 2538 995 2566 illi
1013 2538 1137 2570 omnino,
1154 2538 1234 2566 etiam
1259 2537 1413 2565 tacentibus
1430 2537 1522 2569 nobis,
1539 2537 1683 2568 retribuet,
1705 2537 1752 2571 qui

876 2637 991 2667 ΝΟΤᾹΕ.

148 2707 206 2743 (‘20)
227 2707 405 2739 Θεοκτίστφ.
433 2707 457 2734 Is
477 2706 630 2743 Nieephoro
658 2708 690 2736 ad
719 2708 911 2743 occupandum

114 2744 260 2779 imperium
288 2743 401 2779 adjutor
422 2743 481 2775 fuit,
506 2751 594 2779 eoque
621 2744 647 2770 in
674 2744 848 2779 expeditione
863 2744 908 2771 ad-

113 2777 211 2806 versus
243 2777 377 2812 Bulgaros
407 2785 529 2811 mortuo,
549 2777 730 2806 'Stauraciuin
747 2779 807 2813 ejus
823 2780 910 2806 lilium

114 2814 296 2848 proclamavit
325 2813 531 2847 imperatorem.
564 2813 625 2841 Mox
647 2821 781 2842 converso
802 2815 834 2842 ad
861 2813 910 2841 Mi-

115 2849 237 2876 ebaclem
261 2848 442 2883 Curopalaten
472 2849 573 2881 studio,
607 2849 684 2877 illum
707 2849 740 2876 ad
763 2850 908 2884 imperium

114 2884 240 2918 provexit
260 2894 266 2911 :
284 2891 317 2912 ac
332 2883 383 2912 sub
402 2883 460 2919 ipso
477 2884 615 2920 publicam
634 2892 691 2913 rem
711 2883 843 2920 tanquam
862 2892 909 2913 su-

961 2715 1054 2742 prcma
1078 2712 1210 2741 potestate
1234 2707 1446 2734 administravit.
1474 2707 1683 2742 ('l‘nrzoruAers.)
1704 2707 1753 2735 Dc-

961 2751 1036 2769 mnm
1051 2742 1189 2770 Michaelis
1209 2744 1289 2774 jussu
1306 2751 1320 2770 a
1338 2743 1423 2769 Barda
1438 2746 1465 2769 et
1480 2742 1646 2777 Theophane
1673 2742 1753 2770 Phal-

961 2786 1031 2811 gano
1053 2778 1171 2806 occisus.
1190 2777 1244 2805 lino
1266 2778 1470 2806 Grammaticus
1485 2778 1519 2804 ad
1544 2777 1645 2805 calcem
1661 2777 1752 2806 Theo-

959 2813 1068 2847 phanis.
1087 2821 1147 2847 pag.
1164 2814 1226 2842 Mil.

995 2848 1050 2881 (‘2!)
1071 2849 1240 2885 Ιξιαγίστρῳ.
1269 2849 1313 2877 Sic
1336 2850 1426 2878 dictus
1444 2855 1485 2877 est
1505 2849 1565 2876 κατ’
1586 2849 1680 2885 ἐξοχὴν
1697 2858 1753 2877 nia-

958 2884 1042 2919 gister
1055 2883 1206 2912 ciliciorum
1223 2885 1249 2913 in
1267 2885 1366 2921 palatio
1389 2885 1595 2921 imperatorum.
