1926 3078
211 136 263 168 983

805 130 834 160 S.
855 130 904 159 ΤΗ
910 129 1051 159 EUDORI
1069 129 1243 159 STUDIT/E

1793 132 1848 166 984

211 192 302 220 omnia
314 191 341 218 in
357 188 478 224 pondere
496 191 523 214 et
535 194 664 214 mensura
674 185 767 213 dividit
778 185 889 212 Deus“.
908 186 1001 218 Quant-

1057 186 1186 219 λογιεῖται
1209 187 1278 221 αὐτῇ
1304 186 1412 218 πάντως
1435 186 1483 213 καὶ
1506 186 1585 222 ἡμῶν
1609 188 1647 223 μὴ
1675 189 1810 223 λεγόντων
1833 194 1848 218 6

211 245 272 268 nam
288 243 353 263 vero
367 233 613 269 dispensationem,
634 232 755 263 domine.
773 231 831 258 ﬁeri
856 239 904 265 pro
927 235 1003 266 parte

211 288 303 312 nostra
327 280 465 312 convenit,
489 279 620 313 majorem
639 285 670 304 ea
688 285 740 311 qua
756 277 799 304 usi
823 278 938 304 sumus?
956 278 1002 312 qui

210 329 389 360 subduximus
403 333 453 353 nos
474 325 617 356 hactenus,
637 323 776 350 silentium
789 327 940 353 servantes,
953 330 1003 357 ego

209 381 237 408 et
257 373 496 406 archiepiscopus;
512 369 642 404 quoniam
669 373 778 402 tempus
797 373 838 396 est
860 369 1001 403 loquendi,

209 425 237 449 et
265 426 372 454 tempus
400 416 557 448 tacendi“;
573 422 682 442 omnem
705 422 814 449 operam
841 415 1003 443 adhibentes

210 473 246 497 ne
260 464 287 492 in
303 467 428 498 apertum
445 468 489 491 res
510 460 626 488 veniret.
646 459 698 486 Sed
717 459 843 494 judicans
863 459 1002 495 judicavit,

211 517 261 542 nec
276 509 406 536 mentitus
423 511 465 535 est
480 506 527 541 qui
541 505 609 533 dixit
626 514 632 532 :
648 504 723 532 Nihil
740 510 776 531 est
788 505 920 532 occultum
935 507 1004 540 quod

210 564 262 582 non
286 554 444 581 revelabitur
453 553 493 586 °';
514 556 543 579 ut
556 552 636 578 nobis
651 551 732 578 etiam
749 551 918 583 nolentibus,
941 559 1003 579 cum

209 608 242 631 eo
265 605 337 628 statu
364 606 408 626 res
434 602 608 631 essent,non
634 597 682 628 diu
709 597 782 624 aliud
802 605 882 631 quam
912 601 1001 634 erant,

209 656 270 677 esse
296 648 464 679 viderentur.
476 646 555 674 Nunc
569 651 658 673 autem
672 645 877 680 dispensatione
894 654 1004 681 quoque

208 699 328 726 utentes,
344 694 400 721 duo
419 693 478 720 haec
493 692 618 720 dicimus.
637 693 692 719 Aut
713 692 847 719 abstineat
861 692 1003 727 depositus

208 748 225 771 ιι
248 747 364 767 munere
390 738 551 770 sacerdotis,
568 743 597 765 et
611 737 755 765 confestim
769 738 1004 765 communicamus

208 794 272 815 cum
289 791 384 813 sancto
396 785 442 812 illo
456 784 622 820 patriarcha.
635 784 708 818 quod
724 784 833 818 quidem
851 784 962 819 expedit
974 784 1002 811 in

208 841 354 863 commune
367 843 372 860 :
386 837 434 865 aut
449 833 472 860 si
485 832 629 860 ferendum
642 832 669 859 id
685 840 740 859 non
755 836 807 864 est,
823 840 965 860 manemus
975 837 1002 862 et

209 886 261 908 nos
284 878 311 906 in
336 878 443 911 eadem,
462 885 515 912 qua
532 877 619 912 prius,
634 877 830 909 subtractionc,
855 878 939 911 hujus
960 879 999 906 rei

208 925 356 953 vindictam
369 924 483 952 Domino
495 924 690 958 relinquentes.
704 923 828 958 Amplius
841 923 884 951 his
897 923 921 950 si
933 924 1000 956 quid

208 975 261 1003 est,
274 971 330 1006 jam
345 978 400 998 non
413 974 465 1002 est,
476 970 597 1008 ignosce,
607 969 818 1003 dispensationis
830 969 939 1002 modus,
952 969 1000 997 sed

209 1017 371 1052 iniquitatis,
387 1021 415 1045 et
436 1016 589 1045 divinorum
610 1022 746 1042 canonum
775 1014 1000 1050 transgressionis

208 1064 322 1091 crimen.
338 1061 555 1097 Dispensationis
573 1061 646 1088 enitn
661 1061 792 1088 terminus
808 1064 860 1093 est,
873 1065 902 1089 ut
915 1060 998 1093 nosti,

208 1116 297 1144 neque
326 1115 431 1140 eorum,
448 1114 508 1142 quae
532 1107 679 1134 constituta
705 1111 778 1138 sunt,
795 1106 897 1138 violare
921 1105 1000 1140 quid:

208 1162 305 1191 quam;
333 1162 432 1189 neque,
455 1162 518 1181 cum
542 1161 638 1188 parum
654 1153 754 1188 aliquid
770 1153 908 1181 remittere
920 1153 1001 1181 liceat

208 1211 259 1242 pro
273 1208 397 1237 tempore
412 1210 445 1229 ac
463 1201 616 1234 ratione,ut
633 1200 695 1227 inde
708 1200 782 1235 quod
801 1207 831 1233 re
847 1199 905 1234 ipsa
923 1207 999 1234 quae-

210 1251 291 1281 ritur,
307 1257 477 1284 consequare
488 1268 496 1280 ,
512 1248 547 1276 ad
560 1247 671 1275 duriora
688 1247 813 1282 provehi,
825 1252 853 1274 et
865 1247 1000 1282 jacturam

210 1295 300 1322 facere
314 1295 462 1329 potiorum.
479 1293 567 1328 Atque
581 1293 634 1321 hoc
649 1293 738 1327 ipsum
752 1292 907 1324 didicimus,
929 1292 1000 1319 inter

209 1341 347 1375 apostolos
362 1339 483 1374 quidem,
495 1346 528 1365 ex
548 1337 630 1364 Paulo
648 1337 834 1364 sanctiﬁcante
855 1345 885 1363 se
901 1342 929 1364 et
945 1337 999 1364 cir-

210 1385 383 1413 cumcidente
400 1384 574 1412 Timotheum
583 1384 620 1416 “;
637 1383 708 1410 inter
725 1382 831 1415 Patres,
843 1391 876 1409 ex
899 1390 997 1418 magno

212 1431 310 1460 Basilio
331 1430 454 1458 Valentis
477 1436 577 1457 munus
591 1433 760 1463 acceptante,
777 1428 879 1466 Deique
893 1429 996 1456 nudam

210 1485 305 1507 vocem
321 1477 354 1505 ad
377 1482 484 1511 tempus
507 1475 640 1503 reticente
663 1474 692 1501 in
718 1474 858 1502 mentione
881 1474 1000 1509 Spiritus

210 1524 309 1553 sancti.
327 1524 458 1551 Caeterum
483 1529 534 1550 nec
556 1521 655 1548 Paulus
681 1520 852 1548 sanctiﬁcare
871 1520 999 1554 perstitit.

210 1578 262 1604 nec
277 1570 392 1598 Basilius
413 1569 535 1597 Valentis
546 1569 616 1596 dona
633 1575 740 1603 capere,
760 1568 900 1602 Deumque
915 1567 1002 1602 Spiri-

211 1621 269 1647 tum
295 1622 419 1645 sanctum
441 1624 496 1650 non
515 1615 672 1650 praedicare.
699 1613 770 1647 Quin
796 1613 879 1650 ambo
905 1617 1001 1643 contra

210 1671 260 1699 pro
272 1664 395 1700 utrisque
408 1666 524 1690 mortem
536 1665 700 1697 praeoptasse
709 1659 846 1687 videntur.

1059 232 1149 258 πάντα
1164 232 1256 266 μέτρῳ
1269 232 1317 258 καὶ
1331 231 1446 267 σταθμῷ
1460 233 1585 268 διορίζων
1597 234 1674 266 Θεός.
1691 235 1758 262 Τίνα
1767 236 1797 263 δὲ
1807 238 1849 265 δεῖ

1057 277 1215 312 οἰκονομίαν
1229 277 1355 310 γενέσθαι
1368 298 1374 309 ,
1388 275 1411 304 ὦ
1427 279 1556 311 δέσποτα.
1569 280 1630 306 ὅσον
1647 280 1677 307 τό
1696 282 1758 308 καθ’
1773 283 1848 318 ἡμᾶς

1058 322 1139 350 πλέον
1153 320 1188 358 ἧς
1205 323 1413 361 πεποιήκαμεν;
1432 324 1472 350 ὅτι
1497 324 1549 357 ἕως
1565 325 1613 351 τοῦ
1637 327 1771 362 παρόντος
1793 329 1848 355 ὺπ-

1058 368 1218 402 εστείλαμεν
1242 370 1355 401 ἑαυτοὺς
1375 370 1481 406 σιωπὴν
1503 371 1617 405 ἄγοντες
1635 372 1691 406 ἐγώ
1719 382 1750 400 τε
1769 376 1815 401 καὶ
1834 377 1849 403 6

1057 414 1275 449 ἀρχιεπίσκοπος
1287 436 1294 448 ,
1312 415 1374 442 ἐπεὶ
1389 416 1435 443 καὶ
1449 417 1547 452 καιρὸς
1561 417 1609 444 τοῦ
1631 418 1721 446 λαλεῖν
1734 421 1781 447 καὶ
1799 422 1848 449 τοῦ

1059 461 1149 494 σιγᾷν,
1175 461 1265 488 πάντα
1285 462 1387 496 τρόπον
1413 462 1604 497 μεθοδεύοντες
1626 465 1666 497 εἰς
1689 465 1722 492 τὸ
1742 467 1780 502 μὴ
1807 468 1848 500 εις

1058 506 1196 542 προῦπτον
1210 509 1325 544 ἐκϐῆναι
1345 509 1397 544 τὴν
1417 510 1557 537 ὑπόθεσιν.
1578 511 1648 538 Ἀλλ’
1664 514 1678 539 6
1693 514 1848 549 ἀνακρίνων

1057 555 1194 590 ἀνέκρινε,
1208 555 1256 582 καὶ
1269 556 1282 582 6
1295 555 1381 583 εἰπὼν
1410 556 1441 582 οὐ
1461 556 1627 591 διέψευσται,
1643 559 1684 585 ὅτι
1705 561 1766 587 Οὐκ
1781 561 1847 588 ἔστι

1058 601 1193 634 κρυπτὸν
1213 601 1229 628 ὃ
1248 603 1285 628 οὑ
1301 602 1546 637 φανερωθήσεται
1560 612 1567 618 ·
1583 604 1621 635 ὡς
1640 606 1687 631 καὶ
1709 607 1790 641 ἡμῶν
1809 607 1847 642 μὴ

1057 647 1248 682 αἱρουμένων,
1271 647 1344 674 οὕτω
1368 648 1478 682 φύσεως
1493 649 1610 684 ἑχόντων
1633 649 1687 676 τῶν
1715 653 1847 688 πραγμάο

1058 701 1124 726 των,
1141 693 1179 729 μὴ
1193 694 1242 720 ἐπὶ
1257 694 1325 721 πολὺ
1337 694 1428 730 παρίἷ
1443 696 1524 728 εἰσιν,
1541 696 1634 730 ἕτερόν
1646 706 1672 723 τι
1689 698 1846 732 φαίνεσθαι.

1057 738 1112 765 Καὶ
1124 738 1172 765 νῦν
1186 739 1215 765 δὲ
1226 740 1369 775 οἰκονομίᾳ
1385 739 1534 775 χρώμενοι,
1549 742 1596 768 δύο
1610 743 1698 769 ταῦτα
1709 743 1827 779 λέγομεν
1837 750 1846 760 ³

1055 783 1096 810 ὅτι
1116 784 1250 819 ἢποιύσει
1275 786 1290 811 6
1313 786 1507 822 καθῃρημένος
1531 787 1580 822 τῆς
1602 788 1778 824 ίερουργίας,
1799 792 1847 821 καὶ

1057 831 1122 865 παρ’
1146 831 1217 857 αὐτὰ
1233 831 1473 867 συγκοινωνοῦμεν
1492 832 1531 868 τῷ
1552 834 1623 869 ἁγίῳ
1642 835 1730 871 τούτῳ
1746 845 1846 872 πατρι-

1019 870 1040 898 Β
1055 875 1128 911 άρχῃ
1137 884 1144 892 ·
1154 876 1168 902 ὃ
1179 877 1227 903 καὶ
1239 877 1377 909 λυσιτελὲς
1390 878 1461 904 κατὰ
1475 878 1565 905 κοινοῦ
1577 887 1584 894 ·
1595 879 1611 915 ἢ
1627 880 1652 906 εἰ
1666 880 1705 916 μὴ
1719 870 1845 915 ἀνεκτόν,

1051 922 1099 949 καὶ
1112 923 1196 957 ἐσμὲν
1213 923 1266 949 ὑπὸ
1286 923 1337 958 τῆς
1354 924 1439 959 αὐτῆς
1457 924 1590 960 συστολῆς
1612 926 1683 953 κατά
1701 926 1732 953 τὸ
1747 927 1846 963 πρότε-

1052 976 1109 1003 ρον,
1124 968 1162 1004 τῷ
1175 970 1271 1005 Κυρίῳ
1283 970 1332 1005 τὴν
1346 971 1417 1006 ὑπὲρ
1431 971 1478 998 τοῦ
1493 971 1617 999 τοιούτου
1632 973 1783 1007 κεφαλαίου
1796 975 1840 1002 ἔχ-

1050 1014 1159 1048 δίκησιν
1182 1017 1424 1051 παραχωροῦντες.
1443 1018 1479 1044 Τὸ
1493 1018 1521 1045 δὲ
1539 1019 1633 1053 μεῖζον
1646 1019 1756 1052 τούτου,
1778 1021 1844 1054 οὐκτ

1051 1060 1103 1094 ἑτι,
1119 1061 1268 1095 σύγγνωθι,
1285 1063 1443 1098 οἰκονομίας
1457 1065 1568 1100 τρόπος,
1589 1065 1657 1092 ἀλλὰ
1670 1067 1844 1101 παρανομίας

1051 1107 1099 1142 καὶ
1115 1107 1301 1142 παραῦάσεως
1323 1107 1377 1135 τῶν
1394 1108 1476 1136 θείων
1492 1110 1614 1138 κανόνων
1630 1111 1749 1147 ὄφλημα.
1763 1103 1846 1140 0i.on

1050 1153 1148 1187 νομίας
1162 1153 1217 1188 γὰρ
1232 1154 1305 1189 ὅρος,
1321 1154 1359 1186 ὡς
1377 1153 1466 1186 οῐσθα,
1494 1157 1564 1193 μήτε
1586 1165 1613 1184 τι
1637 1158 1692 1184 τῶν
1708 1160 1845 1193 κειμένων

1050 1198 1158 1227 ἀθετεῖν
1172 1199 1288 1229 καθόλου
1300 1220 1306 1232 ,
1324 1201 1393 1236 μήτε
1408 1202 1452 1236 ἐφ’
1466 1198 1488 1236 ᾧ
1507 1201 1563 1229 οἷόν
1573 1212 1603 1230 τε
1622 1205 1719 1239 μικρὸν
1735 1206 1844 1240 ὑφεῖναι

1051 1244 1123 1271 κατὰ
1139 1245 1235 1279 καιρὸν
1252 1247 1300 1273 καὶ
1316 1247 1407 1281 λόγον·
1431 1248 1469 1280 ὡς
1484 1249 1610 1276 ἐντεῦθεν
1626 1251 1717 1286 εὑρεῖν
1739 1253 1771 1279 τὸ
1794 1253 1842 1288 ζη-

1049 1290 1181 1325 τούμενον
1198 1292 1318 1326 ἀτεχνῶς
1329 1301 1335 1308 ·
1351 1292 1420 1328 πρὸς
1440 1294 1470 1320 τὺ
1484 1294 1664 1332 σφοδρότερον
1689 1297 1843 1332 ὑπάγεσθαι

1050 1335 1090 1370 τῷ
1113 1337 1266 1372 πράγματι.
1285 1338 1333 1364 καὶ
1355 1339 1521 1374 ζημιοῦσθαι
1546 1341 1582 1368 τὰ
1597 1342 1764 1379 τελεώτερα.
1788 1334 1844 1372 Καί

1049 1381 1131 1409 τοῦτο
1144 1383 1339 1418 δεδιδὰγμεθα,
1354 1386 1383 1411 ὲν
1396 1385 1447 1419 μὲν
1459 1387 1515 1419 τοῖς
1528 1387 1699 1421 ἀποστόλοις,
1709 1390 1786 1426 παρὰ
1794 1390 1842 1418 τοῦ

1050 1427 1168 1460 Παύλου,
1194 1429 1381 1464 ἁγνισαμένου
1396 1431 1444 1458 καὶ
1468 1434 1664 1468 περιτεμόντος
1686 1435 1733 1462 τὸν
1756 1436 1844 1471 Τιμό-

1050 1475 1112 1502 θεον
1123 1483 1130 1489 ·
1146 1476 1176 1501 ἐν
1189 1476 1217 1502 δὲ
1230 1478 1287 1507 τοῖς
1300 1478 1434 1512 Πατράσι,
1456 1480 1532 1514 παρὰ
1545 1480 1592 1507 τοῦ
1617 1482 1737 1516 μεγάλου
1761 1483 1845 1516 Βασιτ

1053 1521 1137 1553 λείου.
1152 1523 1364 1557 προσηκαμένου
1376 1523 1407 1550 τὸ
1422 1523 1520 1559 λῆμμα
1541 1526 1588 1552 τοῦ
1604 1514 1756 1560 (λὺάλεντος
1768 1549 1775 1561 ,
1796 1514 1846 1557 καί

1057 1565 1299 1602 ὑποσιωπήσαντος
1324 1568 1392 1602 πρὸς
1407 1570 1503 1604 καιρὸν
1528 1570 1577 1604 τὴν
1592 1571 1660 1603 Θεὸς
1683 1574 1776 1609 φωνὴν
1796 1583 1845 1609 γυ-

1057 1611 1126 1646 μνὴν
1139 1612 1185 1637 ἐπὶ
1201 1611 1247 1637 τοῦ
1262 1612 1432 1647 Πνεύματος,
1455 1614 1524 1641 Ἀλλ’
1541 1615 1603 1642 οὔτε
1621 1616 1635 1642 6
1652 1617 1757 1650 Παῦλος
1771 1618 1847 1654 ἐμειο

1055 1665 1100 1684 νεν
1124 1657 1301 1692 ἁγνιζόμενος
1314 1678 1321 1690 ,
1337 1658 1400 1685 οὗτε
1415 1659 1556 1698 Βασίλειος
1573 1663 1786 1699 προσηκάμενος
1803 1665 1844 1691 ἔτι

210 1713 241 1739 τὸ
254 1711 302 1739 τοῦ
320 1711 471 1742 Οὐάλεντος
490 1710 588 1745 δῶρον,
603 1709 651 1735 καὶ
668 1708 705 1744 μὴ
720 1708 868 1743 κηρύττων
885 1706 953 1733 Θεὸν
973 1706 1004 1732 τὸ
1024 1705 1138 1744 ῌνεῦμα
1151 1713 1158 1721 ·
1188 1706 1344 1733 τούναντίον
1376 1707 1427 1742 μὲν
1440 1705 1486 1735 οὖν
1500 1709 1652 1745 ἀμφότεροι
1665 1710 1735 1746 ὑπὲρ
1749 1711 1846 1738 ἐκατέ-

213 1769 266 1796 ρων
282 1758 416 1789 θανάτους
431 1757 612 1792 αἰρησάμινοι
629 1756 781 1790 φαίνονται.

247 1805 287 1833 Ad
302 1805 376 1832 hunc
389 1802 501 1830 modum
515 1802 671 1837 quicunque
686 1807 805 1834 unquam
817 1807 883 1826 usus
895 1802 937 1826 cst
947 1798 1002 1834 dis-

211 1851 382 1887 pensatione,
410 1857 425 1878 a
451 1853 527 1877 recto
547 1855 602 1875 non
625 1846 763 1874 aberravit
787 1855 793 1873 :
818 1846 894 1881 quin,
921 1846 1002 1873 citius

211 1902 354 1927 assecutus
367 1900 409 1924 est
419 1895 493 1930 quod
505 1901 654 1930 parumper
668 1892 815 1920 intermisit
828 1901 834 1918 :
847 1892 918 1919 sicut
932 1892 1003 1919 acci-

212 1945 277 1971 dere
298 1942 368 1970 solet
381 1940 569 1977 gnbernatori,
586 1940 693 1969 clavum
710 1939 836 1965 nonnihil
853 1938 1003 1965 remittenti

214 1993 323 2023 propter
342 1987 484 2014 adversam
500 1985 573 2013 venti
593 1987 793 2019 tempestatem.
810 1982 861 2017 Qui
875 1990 941 2009 vero
956 1982 1003 2008 ali-

213 2040 254 2064 ter
268 2039 429 2068 progressus
445 2036 495 2064 est,
514 2030 652 2058 aberravit
663 2037 677 2056 a
693 2037 787 2064 scopo,
801 2028 1003 2064 pravaricatio-

212 2088 276 2108 nem
287 2080 419 2107 inducens
429 2086 477 2113 pro
486 2077 702 2114 dispensatione.
715 2076 747 2102 Et
759 2075 882 2109 exempla
892 2074 1004 2101 omnino

214 2127 298 2154 multa
313 2130 387 2158 sunt,
406 2133 466 2160 quae
484 2124 604 2151 scribere
617 2129 849 2157 supervacaneum
874 2125 926 2153 est,
943 2128 1004 2155 pro-

214 2177 275 2207 pter
282 2171 394 2199 nimiam
410 2169 601 2204 prolixitatem.
613 2167 690 2201 Quod
710 2174 774 2194 vero
784 2173 798 2192 a
813 2165 1004 2192 Dominatione

215 2205 261 2247 tua
275 2217 378 2244 dictum
395 2220 447 2247 est,
462 2215 490 2241 in
507 2221 612 2242 canone
627 2211 842 2247 apostolorum”
855 2211 889 2238 de
903 2211 945 2238 his
957 2210 1003 2244 qui
1019 2205 1041 2232 Ι)

214 2263 345 2298 pecunias
362 2261 499 2293 ordinant,
518 2265 545 2287 et
572 2260 618 2294 qui
646 2258 818 2289 ordinantur,
843 2257 1003 2284 remissione

215 2309 331 2344 quadam
355 2315 435 2336 usum
451 2306 536 2334 videri
552 2305 775 2340 Chrysostomum
791 2310 855 2338 erga
874 2311 920 2330 sex
946 2302 999 2336 epi-

216 2363 312 2390 scopos
323 2361 392 2390 quos
403 2352 543 2388 deposuit;
558 2351 626 2378 nihil
644 2350 668 2378 id
684 2351 828 2384 discrepat,
842 2354 869 2377 ct
879 2350 900 2377 si
913 2349 1004 2377 videa—

217 2406 282 2429 tur:
299 2409 360 2428 cum
385 2400 496 2435 privans
514 2398 574 2426 illos
602 2397 675 2425 omni
702 2405 814 2432 prorsus
841 2395 1003 2427 sacerdotio,

217 2447 301 2474 solam
320 2446 373 2472 illis
390 2445 423 2472 ad
441 2445 526 2472 altare
547 2443 781 2479 participationem
806 2441 1003 2477 permiserit”.

218 2493 318 2520 Demus
346 2497 438 2519 autem
464 2491 629 2525 discrepare,
646 2494 673 2516 et
698 2488 886 2515 remissionem
902 2488 1002 2514 inesse.

218 2539 361 2566 lmi’tcntur
387 2544 452 2565 sane
481 2537 526 2571 qui
552 2536 656 2569 volent,
674 2534 765 2561 nullus
780 2533 935 2568 prohibebit
950 2541 956 2559 :
973 2540 1003 2560 os

217 2586 290 2613 enitn
316 2589 358 2612 est
377 2585 435 2619 ipse
459 2583 516 2614 Dei,
531 2586 558 2609 et
574 2581 757 2617 apostolorum
772 2578 975 2607 contubernalis
992 2587 1000 2605 :

218 2632 297 2666 cujus
320 2630 404 2657 multa
426 2632 613 2656 memorantur
643 2627 669 2653 in
693 2626 763 2652 hanc
780 2625 864 2656 diem,
880 2628 906 2652 et
923 2632 1004 2651 nemo

217 2678 251 2705 de
267 2677 317 2703 liae
332 2683 362 2703 re
376 2674 514 2703 dissensit.
533 2673 568 2700 At
584 2673 662 2708 longe
678 2671 770 2706 dispar
786 2671 830 2698 hic
846 2671 925 2699 ratio.
950 2670 1003 2703 Qui

217 2723 290 2751 enim
306 2722 443 2749 mmchum
453 2720 603 2751 coronavit,
613 2718 690 2755 quasi
705 2717 813 2745 absurdi
825 2717 893 2744 nihil
907 2716 1001 2752 egerit,

219 2768 302 2802 sacris
324 2768 422 2794 iterum
444 2770 582 2801 operatur,
604 2772 692 2799 neque
719 2764 745 2791 in
771 2763 862 2791 abdito
875 2762 1002 2798 quopiam

253 2838 276 2855 "
290 2837 353 2873 Sap.
365 2847 402 2865 xu.
412 2837 457 2865 2!.
496 2837 516 2853 ⁶¹
529 2836 616 2864 Eccle.
629 2843 668 2868 Ill,
678 2835 706 2862 7.

1090 1797 1184 1829 Οὕτως
1198 1806 1240 1830 τις
1254 1799 1286 1825 ὲκ
1305 1798 1351 1826 τοῦ
1370 1799 1468 1832 αἰῶνος
1483 1801 1644 1837 οἰκονομῶν,
1662 1804 1692 1830 οὺ
1716 1804 1846 1840 διέσφαλ-

1054 1852 1100 1871 ται
1125 1844 1172 1870 τοῦ
1197 1844 1300 1871 καλοῦ·
1321 1845 1418 1873 θᾶττον
1437 1847 1493 1882 γὰρ
1516 1848 1683 1883 ἑπεδράξατο
1706 1850 1721 1877 6
1746 1853 1846 1886 μικρὸν

1054 1890 1188 1917 ἐνέλιπεν.
1210 1890 1254 1922 Ὦς
1270 1891 1316 1917 ἐπὶ
1333 1891 1381 1918 τοῦ
1396 1893 1607 1928 οἰακοστρόφου,
1625 1895 1777 1928 ὑπανέντος
1799 1907 1846 1932 μι-

1055 1935 1120 1970 κρὸν
1130 1937 1160 1962 τὸ
1173 1936 1313 1971 πηδάλιον,
1329 1938 1374 1964 διὰ
1389 1937 1438 1972 τὴν
1453 1939 1672 1968 ἁντιπνεύσασαν
1687 1943 1844 1977 καταιγίδα.

1061 1982 1180 2018 Ἑτέρως
1194 1983 1222 2009 δὲ
1239 1983 1386 2018 διενεχθεὶς
1410 1984 1544 2020 διήμαρτε
1568 1985 1617 2012 τοῦ
1643 1987 1760 2014 σκοποῦ·
1783 1989 1845 2015 ἀντὶ

1053 2027 1209 2062 οἰκονομίας
1225 2029 1381 2063 παράϐασιν
1403 2030 1527 2062 τελέσας.
1555 2032 1609 2059 Καὶ
1633 2032 1668 2059 τὰ
1693 2034 1844 2069 παραδείγ-

1055 2081 1126 2108 ματα
1144 2073 1240 2106 πολλὰ,
1256 2073 1274 2101 ἃ
1290 2075 1429 2109 παρέλκον
1445 2077 1504 2103 ἐστὶ
1520 2079 1636 2113 γράφειν
1659 2078 1706 2105 διὰ
1739 2080 1769 2107 τὸ
1793 2089 1846 2115 μα-

1054 2120 1200 2154 κρηγορὲς.
1218 2120 1254 2146 Τὸ
1269 2120 1297 2147 δὲ
1320 2121 1370 2156 τὴν
1391 2123 1542 2158 κυριότητὰ
1561 2133 1608 2150 σου
1625 2125 1712 2160 φῆσαι
1733 2126 1782 2153 ἐπὶ
1795 2127 1844 2157 τοῦ

1054 2165 1167 2196 κανόνος
1183 2166 1238 2192 τῶν
1251 2167 1424 2206 ἀποστόλων,
1448 2169 1513 2204 περὶ
1527 2170 1581 2196 τῶν
1596 2171 1624 2197 ὲν
1642 2172 1766 2207 χρήμασι
1784 2182 1845 2208 χειν

1057 2211 1236 2246 ροτονούντων
1255 2213 1304 2239 καὶ
1323 2215 1581 2250 χειροτονουμένων,
1603 2216 1698 2251 ὔφεσίν
1713 2227 1776 2246 τινα
1795 2227 1845 2245 πε-

1055 2257 1200 2292 ποιηκέναι
1232 2258 1278 2284 τὸν
1306 2259 1499 2295 Χρυσόστομον
1528 2262 1570 2295 ἐφ’
1599 2259 1636 2289 ὦν
1667 2264 1788 2300 καθῇρεν
1815 2265 1845 2298 ἒξ

1055 2303 1230 2330 ἐπισκόπων·
1255 2304 1332 2330 οὐδὲν
1353 2306 1383 2331 τὸ
1408 2306 1614 2341 παραλλάττον,
1633 2309 1658 2334 εἰ
1680 2309 1728 2335 καὶ
1751 2309 1844 2342 δοκεῖ,

1055 2349 1138 2384 ἡνίκα
1168 2350 1312 2381 κάκείνους
1339 2351 1430 2386 πάσης
1469 2352 1617 2388 ἱερωσύνης
1647 2354 1845 2391 άλλοτριώσις,

1058 2395 1142 2430 μόνην
1168 2395 1217 2428 τὴν
1244 2396 1284 2427 εἰς
1306 2396 1335 2422 τὸ
1358 2397 1551 2433 Θυσιαστήριον
1577 2400 1730 2436 μετάληψιν
1752 2403 1847 2436 αὐτοῖς

1057 2441 1251 2477 παρεχώρησε.
1280 2442 1375 2477 Δῶμεν
1404 2443 1432 2469 δὲ
1465 2445 1513 2470 καὶ
1544 2445 1764 2481 παραλλάττειν,
1797 2450 1847 2476 καὶ

1059 2487 1154 2521 ὕφεσιν
1180 2487 1263 2522 ἔχειν.
1287 2489 1486 2523 Μιμείσθωσαν
1499 2491 1524 2517 οἱ
1548 2491 1720 2527 βουλόμενοι.
1739 2495 1785 2521 καὶ
1798 2495 1845 2521 οὑ-

1056 2532 1111 2564 δεὶς
1127 2533 1140 2559 ὁ
1156 2532 1286 2559 κωλύσων
1297 2542 1304 2548 ³
1320 2534 1407 2569 στόμα
1422 2535 1476 2569 γὰρ
1489 2535 1557 2562 Θεοῦ
1572 2537 1618 2563 καὶ
1633 2535 1720 2571 οὗτος,
1731 2541 1777 2565 καὶ
1789 2541 1846 2566 τῶν

1056 2577 1215 2604 ἀποστόλων
1228 2578 1379 2613 όμόσκηνος
1390 2587 1396 2593 ’
1412 2577 1441 2606 οὗ
1455 2581 1500 2606 καὶ
1515 2581 1600 2608 πολλὰ
1614 2583 1770 2618 μέμνηνται
1790 2586 1844 2618 ἕως

1057 2623 1103 2650 τοῦ
1127 2625 1271 2658 παρόντος,
1299 2625 1346 2650 καὶ
1373 2625 1460 2656 οὐδεὶς
1484 2626 1548 2662 περὶ
1569 2627 1663 2655 τούτου
1691 2629 1844 2664 διήνεκται.

1064 2668 1132 2694 Ἀλλ’
1149 2669 1209 2704 οὐχὶ
1225 2665 1276 2695 ὧδε
1291 2669 1378 2701 οὓτως
1393 2669 1460 2705 ἔχει.
1480 2671 1509 2697 'U
1525 2671 1580 2707 γὰρ
1600 2673 1646 2698 τὸν
1666 2675 1764 2709 μοιχὸν
1783 2684 1846 2702 στε-

1057 2713 1186 2748 φανώσας
1199 2734 1206 2746 ,
1228 2714 1265 2746 ὡς
1284 2715 1368 2750 μηδὲν
1392 2718 1543 2751 πεπραχὼς
1560 2718 1669 2749 ἄτοπον,
1694 2720 1847 2756 ῐερουργῶν

1057 2761 1140 2788 πάλιν
1154 2761 1213 2787 ἔστί
1223 2769 1230 2776 ·
1240 2761 1289 2787 καὶ
1301 2761 1362 2788 οὐδὲ
1373 2762 1401 2788 ὲν
1415 2761 1561 2798 ἁποϐύστῳ
1576 2772 1627 2790 που
1639 2765 1846 2800 εἰσερχόμενος,

747 2834 767 2851 ⁸¹
778 2834 959 2867 Μωιιιωβϋ.
987 2834 995 2847 ⁴

1058 2833 1178 2867 t.xv1,5.
1211 2832 1364 2860 “Call.‘.’8.
1397 2831 1527 2860 "Pallad.
1544 2833 1569 2860 in
1593 2833 1747 2870 γῑιασιιημ
1769 2838 1838 2868 eqs;
