1926 3078
214 143 268 176 987

812 143 842 173 S.
859 141 1057 172 THEODORI
1078 141 1252 172 STUDIT/E

1792 139 1851 172 988

211 197 408 232 Unusquisque
423 196 599 232 episcopatus
619 196 661 224 sui
677 201 809 231 tempore,
826 198 936 232 quando
954 197 1004 232 ipsi

1062 197 1172 228 κανόνας
1193 197 1281 222 ποιεῖν
1298 204 1333 222 τι.
1355 195 1431 222 Ἐπεὶ
1454 194 1479 221 εἰ
1500 194 1579 221 τοῦτο
1594 194 1695 230 δοθείη,
1717 195 1797 222 κενὸν
1816 196 1852 223 τὸ

213 243 350 278 integrum
365 247 406 270 est
423 250 484 270 cum
498 242 555 270 suis
572 242 712 277 quodlibet
724 242 823 276 facere,
843 251 930 270 novus
953 243 1005 271 erit

212 288 386 324 evangelista,
394 288 462 316 alius
468 288 618 323 apostolus,
625 288 695 315 alius
703 288 840 323 lcgislator
851 297 857 314 :
866 288 914 315 sed
923 288 1002 315 absit!

212 335 369 362 Mandatum
381 334 455 362 enim
464 334 597 362 habemus
607 335 641 361 ab
653 334 712 369 ipso
721 334 851 369 Apostolo
860 335 892 367 "°,
906 338 1006 369 praeter

213 381 240 408 id
251 381 324 415 quod
333 380 500 415 accepimus,
515 384 614 414 praeter
626 380 652 407 id
661 380 733 414 quod
743 387 864 407 canones
877 381 1006 408 sanciunt

213 427 379 462 synodorum
399 426 595 453 universalium
616 430 643 453 et
653 426 791 458 localium,
807 433 867 460 qua
888 426 1005 453 diversis

213 473 383 507 temporibus
391 472 503 505 fuerint,
514 473 535 500 si
548 473 610 507 quis
621 473 793 507 dogmatizet,
803 473 945 500 autl‘acere
954 472 1005 500 ali-

214 518 279 553 quid
288 517 450 553 nosjuheat,
462 517 650 553 recipiendum
666 525 722 544 non
736 525 808 549 esse.
822 525 873 545 nec
887 524 1005 544 censen-

213 564 279 591 dum
292 564 367 590 illum
379 564 406 591 in
416 568 490 591 sorte
500 568 658 591 sanctorum
668 572 675 591 :
685 563 844 590 utomittam
855 563 926 590 male
936 562 1005 590 omi-

213 617 312 637 nosum
326 610 404 642 illud,
430 610 500 645 quod
519 610 664 645 Apostolus
690 610 864 644 imprecatur.
892 610 913 636 A
927 610 1006 637 nobis

213 656 297 691 igitur
310 656 355 691 qui
375 660 451 684 extra
477 657 608 684 mundum
642 663 747 687 sumus,
765 655 839 682 aliud
868 655 937 682 nihil
956 655 1006 683 de-

213 702 305 735 betur,
321 709 403 736 quam
414 709 445 729 ea
458 702 622 737 investigare
638 706 666 729 et
682 701 781 734 facere,
794 708 825 728 ex
842 701 942 736 quibus
955 709 1006 729 nos

215 747 298 775 etiam
310 748 390 775 simul
409 747 580 780 extollamur,
596 752 622 774 et
645 747 679 774 ad
692 747 892 774 aemulationem
904 755 1005 782 provo-

214 800 318 820 cemur.
335 792 368 819 Et
384 794 405 820 si
420 794 530 828 quidem
545 793 573 820 in
590 793 633 820 his
647 793 702 820 vita
727 793 854 825 ducetur,
870 798 944 821 recte
958 794 1007 821 ha-

214 839 310 872 bebit;
326 839 369 866 sin
382 840 482 872 minus,
499 840 630 874 expedire
644 839 753 867 exsules
764 844 790 866 et
813 844 937 868 extorres
960 844 1003 867 to-

1057 242 1236 277 Εὺαγγέλιον,
1254 242 1315 277 είκῇ
1329 243 1353 268 οι
1369 241 1480 273 κανόνες
1492 249 1498 257 ·
1514 241 1562 268 καὶ
1576 240 1690 273 ἕκαστος
1714 241 1786 269 κατά
1801 242 1852 269 τὸν

1057 289 1151 324 καιρὸν
1175 289 1225 324 τῆς
1248 289 1352 320 οἰκείας
1375 287 1599 324 ἀρχιερωσύνης,
1624 287 1720 323 ἐπειδὴ
1742 287 1852 320 ἔξεστιν

1055 335 1129 370 αὐτῷ
1145 335 1184 367 ὡς
1198 335 1273 361 δοκεῖ
1291 334 1362 370 μετά
1376 334 1432 361 τῶν
1446 334 1495 360 σὺν
1511 333 1585 369 αὐτῷ
1609 333 1744 369 πράσσειν
1754 353 1762 366 ,
1776 334 1853 361 ἐστ-ω

1055 380 1116 413 νέος
1140 380 1348 416 εὐαγγελιστὴς.
1373 380 1453 411 ἄλλος
1471 379 1631 413 ἀπόστολος,
1658 380 1752 415 ἔτερος
1767 389 1854 416 νομο-

1056 427 1145 462 θέτης.
1165 427 1235 453 Ἀλλ’
1253 427 1390 461 οὐδαμῶς.
1416 426 1608 462 Παραγγελίαν
1625 426 1679 462 γὰρ
1698 426 1800 462 ἔχομεν
1821 427 1854 459 ἐξ

1055 471 1139 498 αὐτοῦ
1156 471 1204 499 τοῦ
1225 472 1394 504 ἀποστόλου,
1409 472 1473 507 παρ’
1491 471 1505 498 ὃ
1522 472 1729 507 παρελάϐομεν,
1749 474 1817 508 παρ’
1837 473 1853 499 ὃ

1055 519 1080 545 οἱ
1092 518 1205 550 κανόνες
1217 519 1271 545 τῶν
1288 518 1361 545 κατά
1377 518 1491 554 καιροὺς
1511 517 1629 544 συνόδων
1643 518 1801 545 καθολικῶν
1819 527 1852 546 τε

1056 565 1104 591 καὶ
1117 564 1253 597 τοπικῶν,
1265 565 1314 592 ὲάν
1324 573 1367 596 τις
1381 564 1542 600 δογματίζῃ.
1556 564 1572 599 ἢ
1588 564 1748 600 προστάσσῃ
1761 565 1853 603 ποιεῖν

1056 611 1142 646 ἡμᾶς,
1167 610 1359 646 ἁπαράδεκτον
1375 610 1457 637 αὐτὸν
1482 610 1565 644 ἔχειν,
1595 609 1663 645 μηδὲ
1691 610 1852 643 λογίζεσθαι

1056 656 1138 683 αὐτὸν
1160 657 1190 684 ὲν
1210 657 1305 692 κλήρῳ
1325 656 1428 690 ἁγίων·
1446 656 1494 683 καὶ
1512 656 1544 683 τὺ
1558 656 1701 692 δύσφημον
1717 657 1853 692 παρῆμεν

1056 702 1147 736 λέγειν
1159 702 1173 729 ὃ
1189 702 1270 734 αὐτὸς
1287 702 1409 738 εῖρηκεν.
1430 702 1511 736 Ἡμῖν
1525 700 1572 729 οὖν
1586 703 1644 733 τοῖς
1664 702 1717 734 ἔξω
1732 703 1850 738 κόσμου,

1056 747 1133 775 οὐδὲν
1149 748 1214 775 ἄλλο
1234 748 1382 782 ὀφείλεται,
1407 748 1423 783 ἦ
1444 748 1474 774 τὸ
1494 748 1529 775 τὰ
1555 748 1668 775 τοιαῦτα
1689 749 1784 783 ζητεῖν
1801 749 1852 775 καὶ

1058 795 1208 831 πράσσειν.
1225 795 1255 828 ἐξ
1272 792 1310 822 ὧν
1326 795 1373 821 καὶ
1388 796 1455 829 ἡμῖν
1468 794 1499 821 τὸ
1514 794 1727 829 συνεπαίρεσθαι
1739 795 1787 821 καὶ
1800 795 1852 828 ζη-

1057 841 1130 869 λοῦν.
1143 842 1199 868 Καὶ
1213 842 1237 868 εί
1256 841 1305 876 μὲν
1323 842 1352 867 ὲν
1367 841 1475 872 τούτοις
1500 841 1517 876 ὴ
1539 840 1607 876 ζωὴ,
1631 838 1663 867 εὖ
1680 841 1713 867 ἂν
1732 840 1798 874 ἔχοι.
1819 841 1853 866 Et

215 889 273 911 tum
292 885 386 912 orbem
406 885 551 913 circumire
565 893 628 913 cum
647 886 723 912 omni
749 885 897 913 afﬂictione
914 891 941 914 et
957 894 1007 913 an-

1062 887 1085 914 Βὲ
1103 887 1140 922 μὴ
1151 908 1159 919 ,
1175 888 1316 923 συμφέρον
1345 885 1415 913 εἶναι
1432 887 1479 912 καὶ
1502 887 1612 918 ἀοίκους
1635 887 1682 912 καὶ
1696 886 1851 917 ἀνεστίους,

214 931 314 965 gustia.
330 931 447 966 Adjuvet
465 939 532 967 ergo
547 939 606 964 nos,
625 932 714 967 quoad
737 936 838 966 potest,
857 933 912 961 Deo
924 933 1007 961 chara

214 976 306 1004 anima
324 980 380 1011 tua,
398 982 427 1006 et
440 977 597 1006 divinorum
610 978 775 1006 aemulatrix.

367 1142 450 1170 XXV.
466 1158 500 1164 ——
512 1143 662 1180 Niceplwro
675 1145 846 1180 patriarcha.

1056 935 1104 961 καὶ
1118 934 1168 969 τὴν
1185 934 1230 960 ὐπ’
1248 933 1362 968 οὐρανὸν
1384 932 1579 967 περιέρχεσθαι
1598 931 1667 967 μετά
1681 931 1773 967 πάσης
1793 931 1852 958 θλί-

1055 980 1130 1015 ψεως
1145 980 1193 1007 καὶ
1210 978 1402 1014 στενοχωρίας.
1423 978 1591 1013 Βοηθησάτω
1618 977 1709 1004 τοίνυν
1727 978 1761 1004 τὰ
1780 979 1851 1003 κατὰ

1057 1028 1173 1062 δύναμιν
1191 1028 1208 1063 ἡ
1223 1027 1351 1062 θεοφιλής
1368 1033 1415 1052 σου
1428 1024 1513 1061 ψυχὴ,
1537 1024 1587 1051 καὶ
1608 1023 1800 1059 ζηλοτυποῦσα
1818 1024 1852 1050 τὰ

1058 1074 1128 1101 θεῖα.

1161 1143 1223 1169 ΚΕ¹.
1241 1157 1275 1162 --
1298 1141 1455 1176 Νικηφόρφ
1479 1139 1658 1175 πατριάρχῃ.
1679 1138 1762 1175 [μθ’.]

631 1215 722 1240 Probat
732 1222 761 1240 se
772 1212 955 1240 schismaticum
967 1220 1016 1238 non
1029 1219 1095 1238 esse.
1114 1213 1214 1244 (Baron.
1228 1218 1267 1236 an.
1281 1211 1336 1242 808,
1351 1217 1377 1245 ιι.
1388 1210 1442 1242 22.)

268 1269 408 1305 Tanquam
424 1269 485 1298 velo
494 1270 611 1305 quodam
626 1274 734 1297 utentes
743 1270 815 1297 tenui
828 1269 943 1304 epistola
957 1278 1007 1297 no-

216 1320 271 1344 stra
284 1337 293 1350 ,
305 1315 394 1351 angeli
422 1315 597 1343 beatitudinis
613 1322 665 1343 tum
690 1316 841 1343 reverentia
858 1336 865 1348 ,
891 1315 1008 1343 humiles

216 1362 341 1389 sistimus
363 1369 415 1389 nos
434 1361 509 1396 ipsos
536 1362 719 1391 sacratissimo
732 1362 791 1396 ejus
817 1362 941 1394 culmini,
959 1369 1008 1389 ne-

216 1407 343 1435 cessitate
359 1411 483 1442 cogente.
499 1406 557 1435 Jam
572 1407 644 1435 enim
666 1408 850 1434 renuntiatum
872 1407 952 1434 nobis
966 1411 1008 1434 est

216 1460 232 1480 a
250 1452 354 1480 Joanne
369 1460 503 1481 conservo
520 1457 548 1480 et
559 1453 692 1488 discipulo
713 1458 817 1484 nostro,
831 1452 1008 1487 quemadmo-

217 1498 283 1526 dum
308 1498 341 1525 ad
372 1499 557 1526 venerandam
587 1499 626 1526 tui
655 1499 840 1526 adorationem
859 1498 1005 1531 admissus,

218 1545 306 1572 aliena
319 1545 453 1580 quaedam,
470 1546 602 1581 nobisque
616 1545 807 1578 abominanda,
821 1553 854 1572 ex
866 1553 898 1573 ea
911 1545 1008 1572 audie-

1096 1267 1335 1304 Παραπετάσματί
1357 1267 1411 1293 τινι
1441 1264 1579 1301 χρώμενοι
1594 1262 1634 1298 τῷ
1649 1262 1753 1289 εὐτελεῖ
1773 1261 1855 1297 ἡμῶν

1060 1313 1247 1350 γραμματίῳ,
1264 1312 1334 1339 αἰδοῖ
1359 1311 1405 1338 τοῦ
1432 1310 1548 1345 ἀγγέλου
1573 1309 1623 1344 τῆς
1652 1307 1854 1343 μακαριότητός

1061 1369 1119 1393 σου,
1142 1358 1325 1394 ὲμφανίζομεν
1352 1357 1465 1388 ἑαυτοὺς
1481 1356 1506 1382 oi.
1522 1354 1644 1381 ταπεινοὶ
1716 1352 1854 1387 ἱερωτάτῃ

1062 1404 1147 1439 αὐτῆς
1158 1405 1265 1440 κορυφῇ
1278 1402 1386 1430 κατὰτὸ
1402 1402 1558 1435 ἀναγκαῖον.
1573 1400 1643 1434 Ἦδη
1654 1399 1707 1433 γάρ
1721 1398 1752 1424 τδ
1766 1397 1854 1432 παρὸν

1062 1450 1230 1485 ἀπήγγειλεν
1247 1450 1312 1484 ἡμῖν
1335 1448 1486 1483 Ἰωάννηςὸ
1499 1445 1642 1477 σύνδουλος
1660 1445 1708 1471 καὶ
1726 1443 1853 1479 μαθητὴς

1063 1496 1151 1531 ἡμῶν,
1167 1495 1204 1527 ὡς
1226 1493 1352 1528 ἀξιωθεὶς
1373 1495 1423 1528 τῆς
1445 1492 1547 1526 σεπτῆς
1569 1499 1615 1518 σου
1630 1489 1854 1525 προσκυνήσεως,

1062 1544 1164 1578 ἀκήκοε
1193 1542 1259 1577 παρ’
1274 1540 1358 1576 αὐτῆς
1373 1539 1435 1573 ξένα
1450 1537 1511 1565 τινὰ
1530 1537 1576 1564 καὶ
1590 1536 1755 1564 ἀπευκταῖα.
1774 1535 1855 1561 Ἀπο-

218 1590 263 1618 rit.
281 1591 448 1626 Aposchista:
469 1591 670 1628 [schismatici],
700 1591 796 1626 inquit,
814 1599 861 1618 vos
894 1591 959 1618 estis
978 1590 1010 1619 ab

1067 1588 1175 1625 σχισταὶ
1201 1588 1272 1622 γὰρ,
1296 1586 1390 1622 φησὶν,
1412 1584 1475 1611 me
1496 1583 1546 1618 τῆς
1571 1581 1750 1628 Ἐκκλησίας,
1768 1581 1854 1628 Πόσον

219 1637 351 1665 Ecclesia.
379 1639 429 1671 Qui
459 1646 523 1675 ergo
550 1643 668 1674 poterat,
684 1639 882 1672 obcatissime,
913 1639 1012 1666 merito

218 1684 309 1712 anima
338 1689 431 1712 nostra
456 1685 492 1712 ob
523 1685 593 1713 hanc
611 1693 720 1714 causam
748 1694 802 1713 non
832 1686 1012 1714 contristari?

219 1731 357 1766 quomodo
373 1739 426 1758 non
442 1732 609 1766 respondere
623 1733 761 1760 sanctitati
779 1737 842 1767 tuze,
861 1741 912 1760 nec
928 1733 1012 1761 silen-

219 1777 257 1804 tio
270 1777 472 1804 accusationem
495 1777 681 1805 confirmare?
697 1777 753 1813 Ego
778 1786 842 1805 vero
877 1783 941 1806 ante
968 1787 1013 1807 re-

220 1823 395 1858 sponsionem
422 1831 483 1851 cum
502 1825 654 1851 reverentia
679 1825 732 1851 hoc
754 1829 918 1859 rcprazsento
933 1833 940 1854 :
958 1832 1013 1852 non

220 1873 348 1903 oportere
364 1869 478 1897 cuilibet
493 1877 574 1897 aures
598 1875 702 1897 temere
726 1870 802 1903 dare,
835 1871 881 1906 qui
912 1871 1014 1906 aliquid

221 1914 286 1941 velit
301 1919 396 1942 contra
424 1916 580 1950 quempiam
603 1915 687 1951 loqui.
701 1915 795 1951 Neque
808 1923 874 1943 sane
897 1917 956 1944 sine
969 1917 1014 1952 ju-

221 1960 292 1988 dicio
305 1966 414 1997 oportet
431 1962 649 1989 animadvertere
666 1962 693 1988 in
705 1969 767 1989 eum
781 1962 828 1998 qui
857 1968 1012 1991 accusatur.

219 2007 281 2034 Non
294 2007 367 2035 enim
381 2007 423 2035 [ex
436 2012 534 2039 vestra,
551 2008 648 2043 inquit,
661 2008 766 2042 ⁸ίιιιίίειιι
805 2009 946 2041 hominem,
964 2010 1015 2037 nisi

222 2052 296 2086 prius
311 2054 425 2081 audierit
445 2054 477 2080 ab
498 2055 566 2089 ipso,
584 2058 608 2082 et
636 2054 783 2089 cognoverit
807 2055 870 2089 quid
882 2054 1015 2088 faciet“?

223 2098 269 2125 Sic
279 2103 306 2126 et
317 2099 456 2127 beatitudo
473 2105 518 2128 tua
533 2109 595 2128 cum
622 2101 698 2128 triste
714 2100 785 2128 istud
802 2104 830 2127 et
841 2101 967 2128 acerbum
981 2101 1015 2128 de

223 2145 356 2179 parvitate
379 2152 472 2174 nostra
493 2147 634 2174 audiisset.
659 2146 805 2179 Quodnam
821 2147 893 2175 enim
912 2147 1013 2175 malum

224 2191 332 2227 grav-ius
345 2199 406 2220 esse
417 2197 509 2228 queat.
525 2202 605 2228 quam
621 2198 652 2220 ut
671 2194 704 2221 ab
732 2193 853 2222 Ecclesia
865 2195 1012 2231 separaris,

222 2243 250 2265 et
263 2238 475 2273 archipastorem
492 2239 557 2267 ovis
573 2239 689 2272 amittat,
708 2240 764 2267 sive
792 2242 1016 2275 compastorcm?

224 2281 273 2310 Est
295 2283 370 2310 enim
393 2283 475 2311 etiam
493 2283 572 2311 nobis
597 2283 796 2318 peccatoribus,
817 2285 942 2318 quamvis
959 2285 1011 2312 im-

224 2328 332 2362 merito,
348 2333 376 2356 et
398 2329 491 2356 unctio
515 2336 530 2355 a
546 2329 600 2356 Deo
613 2333 640 2356 et
655 2337 755 2356 nomen
776 2330 904 2364 pastoris,
922 2331 1014 2359 dicere

224 2375 323 2407 audeo,
348 2375 382 2402 ad
408 2375 563 2408 ferendum,
584 2376 796 2408 discutiendum,
830 2378 1012 2412 arguendum,

224 2427 277 2456 qua
288 2419 423 2455 priVatim,
437 2429 490 2456 qua
505 2421 623 2456 publice,
635 2421 845 2457 juxtagtraditam
858 2430 873 2449 a
885 2421 1012 2456 Domino,

225 2465 297 2493 inter
318 2470 344 2493 te
360 2470 388 2494 et
403 2466 492 2502 ipsum
514 2467 612 2500 solum,
627 2471 676 2494 aut
698 2467 769 2494 inter
786 2467 867 2500 duos,
892 2468 1014 2504 discipli-

225 2520 289 2540 nam
306 2521 313 2540 :
326 2513 456 2548 atque‘ita
471 2513 492 2541 si
507 2514 678 2549 persisteret,
695 2513 767 2541 sicut
781 2513 840 2548 ipse
853 2514 901 2546 ait,
916 2514 951 2542 sit
966 2514 1013 2542 tibi

226 2563 358 2594 tanquam
371 2559 498 2588 ethnicus
510 2564 537 2587 et
551 2559 712 2595 publicanus
726 2560 759 2587 "‘.
777 2558 833 2587 Nos
861 2566 926 2587 vero
950 2560 1016 2587 hac-

226 2611 317 2640 tenus,
335 2614 423 2641 neque
443 2614 493 2641 per
512 2606 722 2637 internuntium,
743 2613 834 2640 neque
848 2613 950 2639 coram,
964 2606 1017 2634 talc

226 2651 374 2686 quidquam
393 2659 408 2678 a
434 2656 527 2679 sancta
543 2651 632 2678 anima
654 2655 710 2683 tua,
729 2651 770 2677 vel
793 2649 957 2683 audivimus,
972 2651 1016 2679 vcl

226 2696 323 2724 moniti
353 2696 466 2729 fuimus,
504 2700 532 2723 ut
562 2695 602 2723 sic
641 2694 788 2722 inferretur
813 2694 1016 2722 condemnatio.

226 2741 389 2770 Consideret
411 2742 541 2777 perfectio
569 2746 624 2774 tua,
641 2749 707 2768 num
728 2741 792 2776 jure
814 2740 958 2769 molestum
990 2740 1017 2768 id

228 2787 290 2815 [iliis
306 2786 360 2814 tuis
381 2786 530 2815 acciderit?

263 2856 287 2874 ’⁷⁸
300 2855 387 2886 Galat.
398 2865 428 2892 ιι,
447 2857 472 2886 8.
518 2857 536 2872 ⁷¹
550 2856 627 2884 Joan.
645 2863 692 2887 vn,
707 2854 750 2882 5|.

1063 1623 1109 1662 οἷον
1135 1635 1182 1661 ἐπὶ
1199 1634 1321 1664 τούτοις,
1346 1629 1368 1658 ὦ
1399 1630 1604 1667 μακαριώτατε,
1620 1628 1673 1654 οὐκ
1694 1627 1808 1658 εἰκότως
1822 1623 1855 1661 ἦν

1063 1681 1142 1717 ἡμῶν
1164 1679 1321 1714 διατεθῆναι
1342 1677 1392 1713 τὴν
1408 1676 1497 1712 ψυχὴν
1520 1674 1667 1711 λυπηρῶς;
1685 1673 1744 1704 πῶς
1759 1672 1788 1699 δὲ
1804 1672 1855 1698 οὐκ

1064 1727 1212 1762 ἐκλαλῆσαι
1236 1723 1444 1759 ἀπολογητικῶς
1465 1724 1498 1758 τῇ
1518 1720 1659 1756 ἁγιωσύνῃ
1673 1728 1733 1752 σου,
1749 1719 1797 1745 καὶ
1814 1718 1853 1753 μὴ

1063 1774 1097 1808 τῇ
1119 1773 1208 1807 σιωπῇ
1227 1770 1350 1807 κυρῶσαι
1374 1768 1423 1804 τὴν
1450 1766 1636 1802 κατηγορίανζ
1663 1764 1735 1799 Ἐγὼ
1750 1764 1779 1790 δὲ
1799 1764 1852 1797 πρὸ

1064 1818 1114 1853 τῆς
1126 1818 1285 1851 ἀπολογίας,
1298 1817 1386 1844 ἐκεῖνο
1404 1815 1464 1851 μετ’
1478 1814 1568 1846 αἰδοῦς
1587 1812 1801 1847 προσαναφέρω,
1813 1810 1855 1837 ὅτι

1064 1864 1114 1899 οὐχ
1128 1863 1163 1895 ὡς
1178 1863 1256 1898 ἔτυχε
1271 1862 1312 1889 δεῖ
1332 1862 1366 1889 τὰ
1387 1858 1444 1888 ὦτα
1460 1859 1578 1894 ἀνοίγειν
1601 1858 1683 1885 παντὶ
1710 1857 1748 1892 τῷ
1764 1856 1855 1891 βουλο-

1067 1910 1140 1945 μένῳ
1161 1909 1233 1937 κατά
1252 1909 1325 1940 τινός
1339 1917 1365 1934 τι
1379 1908 1469 1941 λέγειν
1480 1926 1487 1939 ,
1504 1906 1558 1933 οὐδ’
1574 1906 1605 1931 οὺ
1625 1904 1677 1939 μὴν
1693 1903 1856 1937 ἀποφαίνειν

1065 1957 1185 1992 ἀκρίτως
1199 1957 1238 1987 εἰς
1251 1956 1280 1982 τὸ
1292 1954 1434 1989 διαϐληθὲν
1446 1951 1656 1988 πρόσωπον,Μὴ
1668 1949 1723 1985 γὰρ
1736 1950 1753 1976 ό
1765 1949 1856 1983 νόμος

1066 2002 1154 2038 ὑμῶν,
1170 2001 1247 2037 φησὶ,
1258 2003 1352 2035 κρίνει
1365 2000 1418 2026 τόν
1432 1999 1601 2033 ἄνθρωπον,
1613 1996 1667 2023 ἐὰν
1678 1995 1720 2030 μὴ
1736 1994 1854 2027 ἀκούσῃ

1066 2049 1135 2082 παρ’
1159 2047 1251 2075 αὑτοῦ
1280 2047 1434 2081 πρότερον,
1453 2045 1503 2072 καὶ
1531 2043 1592 2079 γ’νῷ
1608 2043 1637 2070 τί
1657 2041 1755 2073 ποιεῒ;
1773 2041 1855 2067 Ὥστε

1066 2094 1222 2129 ἀκουσάσης
1238 2093 1287 2129 τῆς
1302 2092 1501 2129 μακαριότητος
1518 2099 1565 2118 σου
1584 2089 1663 2117 τοῦτο
1674 2089 1705 2116 τὸ
1722 2088 1858 2123 δύσφορον

1067 2141 1114 2167 καὶ
1131 2140 1249 2166 ἐλεεινὸν
1272 2139 1336 2174 περὶ
1353 2138 1403 2173 τῆς
1419 2137 1557 2168 εὐτελείας
1573 2135 1662 2171 ἡμῶν.
1681 2134 1716 2161 Τί
1729 2133 1785 2168 γὰρ
1799 2133 1858 2168 μεῖ-

1067 2185 1113 2218 ζον
1124 2185 1209 2212 κακὸν
1223 2184 1271 2211 τοῦ
1283 2185 1334 2219 τῆς
1348 2182 1513 2218 Ἐκκλησίας
1525 2180 1678 2218 χωρισμοΰ,
1691 2179 1740 2206 καὶ
1753 2178 1801 2206 τοῦ
1811 2178 1857 2205 τὸν

1044 2231 1250 2268 τάρχιποίμενα
1279 2230 1310 2256 τὸ
1336 2229 1472 2264 πρόϐατον
1502 2227 1648 2258 ἀπολέσαι,
1675 2222 1786 2252 εῐτ“οὖν
1810 2223 1856 2250 τὸν

1067 2278 1260 2315 cup-nomen;
1278 2276 1335 2303 ἐστι
1351 2275 1405 2310 γὰρ
1424 2275 1448 2301 εί
1463 2274 1510 2301 καὶ
1523 2272 1641 2305 ἀναξίως
1655 2272 1702 2298 καὶ
1717 2272 1785 2306 ἡμῖν
1802 2271 1856 2302 τοῖς

1064 2325 1238 2360 ἁμαρτωλοῖς
1253 2322 1356 2360 χρίσμα
1379 2321 1426 2349 καὶ
1437 2320 1522 2356 ὄνομα
1538 2319 1613 2354 παρά
1628 2317 1697 2344 Θεοῦ
1714 2316 1856 2351 ποιμένος,

1063 2371 1154 2407 τολμῶ
1161 2371 1223 2405 λέγε
1228 2379 1261 2402 ιν,
1270 2369 1402 2403 ἐνεγκεῖν,
1415 2368 1568 2402 ἀνακρῖναι,
1578 2364 1750 2400 νουθετῆσαι,
1759 2364 1797 2399 πῆ
1809 2363 1857 2398 μὲν

1065 2417 1128 2452 ἰδίᾳ,
1139 2417 1176 2451 πῆ
1186 2417 1213 2443 δὲ
1223 2416 1254 2452 δη
1260 2414 1425 2450 μοσίᾳ,κατὰ
1440 2413 1491 2448 τὴν
1503 2412 1556 2439 ὑπὸ
1571 2411 1620 2438 τοῦ
1634 2411 1739 2446 Κυρίου
1750 2410 1854 2443 ὕπατος

1065 2462 1215 2498 ρευομένην
1224 2461 1325 2497 μεταξὺ
1334 2460 1380 2487 σοῦ
1389 2460 1436 2487 καὶ
1444 2459 1525 2486 αὐτοῦ
1538 2459 1631 2494 μόνου,
1643 2457 1659 2492 ἢ
1669 2457 1738 2493 μετὰ
1749 2456 1807 2487 δύο,
1816 2456 1856 2482 δι·

1065 2509 1223 2536 δασκαλίανσ
1234 2508 1282 2535 καὶ
1294 2505 1344 2534 εἷθ’
1352 2507 1437 2538 οὕτως
1448 2507 1481 2541 τῇ
1490 2505 1618 2540 ἐπιμονῇ,
1627 2503 1664 2535 ὡς
1675 2503 1757 2534 αὑτός
1764 2510 1854 2537 φησιν,

1066 2555 1135 2582 ἔστω
1151 2564 1191 2581 σοι
1203 2554 1240 2586 ὡς
1259 2555 1272 2580 6
1294 2553 1400 2583 ἐθνικὸς
1418 2552 1465 2579 καὶ
1477 2553 1491 2578 ὁ
1502 2550 1631 2585 τελώνης.
1652 2550 1749 2584 Ἡμεῖς
1763 2549 1793 2575 δὲ
1809 2547 1855 2582 μέ-

1066 2609 1110 2636 χρι
1135 2599 1182 2626 τοῦ
1207 2600 1286 2634 δεῦρο
1300 2598 1361 2625 οὔτε
1382 2598 1416 2625 δι’
1433 2597 1600 2627 ἀποστόλου,
1615 2595 1677 2622 οὔτε
1695 2593 1809 2628 αὑτοψεί
1829 2602 1855 2619 τι

1066 2646 1185 2673 τοιοῦτον
1200 2646 1268 2681 πρὸς
1282 2645 1333 2679 τῆς
1351 2644 1432 2678 ἁγίας
1447 2652 1494 2670 σου
1508 2642 1610 2677 ψυχῆς.
1626 2640 1685 2669 ἀλλ’
1700 2640 1764 2667 οὔτε
1787 2640 1854 2673 ἀκη-

1072 2693 1184 2727 κόαμεν,
1197 2691 1257 2718 οὒτε
1278 2689 1495 2725 νενουθετήμεθα
1505 2697 1513 2705 ο
1525 2688 1572 2715 καὶ
1585 2687 1671 2719 οὕτως
1686 2687 1716 2714 τὸ
1735 2687 1856 2720 ἐνεγκεῖν

1071 2739 1218 2771 ἀπόφασιν.
1232 2736 1401 2771 Σκοπησάτω
1417 2736 1432 2770 ἡ
1449 2733 1586 2767 τελειότης
1602 2741 1659 2766 σου,
1673 2732 1697 2759 εἰ
1712 2732 1762 2759 οὐχ
1777 2731 1855 2765 ἀξίως

1072 2783 1192 2818 λυπηρδν
1207 2782 1352 2817 γεγένηται
1366 2781 1420 2812 τοῖς
1436 2780 1538 2811 τέκνοις
1552 2787 1608 2806 σου.

790 2855 810 2871 τα
830 2853 923 2882 Matth.
936 2860 1012 2885 xvut,
1030 2852 1072 2880 15.
