1926 3078
101 169 156 201 989

99 269 129 296 δὲ
143 271 188 297 ἐπ’
199 270 286 305 αὐτὴν
301 270 351 305 τὴν
358 270 462 306 ἀπολ.].
478 271 538 307 Θεῷ
555 280 585 298 τε
602 272 641 307 τῷ
653 274 828 309 παντεφόρῳ,
845 274 893 301 καὶ

99 318 134 352 τῇ
145 315 336 351 ἀρχιερωσύνη
346 323 393 342 σου
404 316 563 352 ποιούμενοι
576 318 622 345 τὸν
637 318 728 353 λόγον.
741 320 797 346 Οὐκ
809 320 893 350 ἐσμὲν

99 361 284 396 ἀποσχισταὶ,
297 358 320 388 ὦ
340 361 406 395 ἁγία
421 362 537 398 κεφαλὴ,
557 363 607 398 τῆς
623 363 671 390 τοῦ
688 364 756 391 Θεοῦ
779 365 893 401 Ἐκκλη-

101 407 177 438 σίας·
196 407 301 442 μήποτε
316 407 396 434 τοῦτο
409 408 554 444 πάθοιμεν.
576 409 648 436 Ἀλλ’
660 411 684 436 εί
699 411 746 437 καὶ
763 411 851 442 ἄλλως
863 413 893 438 ἐν

100 451 209 484 πολλοῖς
219 453 417 488 ἁμαρτήμασιν
427 454 599 490 ὑπάρχομεν,
613 455 684 491 πλὴν
698 456 833 491 ὀρθόδοξοι
846 458 893 484 καὶ

99 499 151 533 τῆς
168 499 314 534 καθολικῆς
337 500 500 534 Ἐκκλησίας
514 501 661 536 τρόφιμοι,
682 503 773 529 πᾶσαν
788 503 893 538 αἵρεσιν

99 544 335 580 ἁποϐαλλόμενοι,
353 545 402 572 καὶ
429 547 520 573 πᾶσαν
546 546 693 583 καθολικὴν
712 548 758 574 καὶ
779 548 893 583 τοπικὴν

100 590 210 617 σύνοδον
222 591 423 625 ὲγκεκριμένην
435 591 630 627 ἀποδεχόμενοι
639 601 646 608 ·
658 594 689 619 οὐ
704 593 756 628 μὴν
766 593 834 620 ἀλλὰ
845 594 894 620 καὶ

99 637 151 668 τὰς
169 636 235 672 παρ’
259 636 350 663 αὐτῶν
377 637 578 672 ὲκφωνηθείσας
594 638 740 670 κανονικὰς
757 638 893 665 διατυπώ-

101 690 170 713 σεις.
185 682 262 717 Μηδὲ
277 682 331 717 γὰρ
344 681 445 708 τέλειον
460 681 529 709 εῖναι
543 683 694 718 ὸρθόδοξον,
707 684 764 710 ἀλλ’
780 684 810 716 ἐξ
829 685 894 719 ήμι-

101 728 191 760 σείας,
204 728 251 755 τὸν
267 727 318 763 τὴν
339 728 433 754 πίστιν
449 728 533 764 ὀρθὴν
552 729 676 764 οἰόμενον
696 729 779 764 ἔχειν,
797 730 853 761 τοῖς
864 729 893 756 δὲ

100 775 184 806 θείοις
200 775 294 801 κανόσι
314 775 350 810 μὴ
366 775 597 810 ἀπευθυνόμενον,
617 777 671 802 Καὶ
685 776 734 811 τὴν
761 775 892 811 μακαριό-

97 820 172 854 τητά
188 828 245 852 σου,
262 820 343 855 ἡνίκα
359 820 544 856 προσεὸλήθη,
555 820 758 856 ἀπεδεξάμεθα,
773 821 843 848 καθὰ
855 821 894 852 είς

99 866 220 901 ἐπήκοον
245 866 331 900 αὐτῆς
353 866 595 902 ἀπελογησάμεθα.
619 866 675 893 Καὶ
697 867 729 893 ὲκ
759 867 818 893 τότε
846 865 893 892 καὶ

101 911 185 947 μέχρι
200 911 248 938 τοῦ
258 911 339 947 δεῦρο
355 913 384 938 ἐν
396 913 429 947 τῇ
446 911 627 947 μυσταγωγίᾳ
640 912 678 944 ὡς
696 912 812 947 καθήκει
828 912 893 938 ἀνα-

101 959 243 993 φέρομεν·
270 958 319 984 καὶ
344 958 382 990 ὼς
409 958 514 993 μάρτυς
533 958 609 990 Θεὸς,
625 959 649 984 εί
668 958 729 985 κατ’
747 958 831 993 αὐτὴν
845 958 895 993 τὴν

98 1003 208 1039 ἡμέραν
221 1002 339 1038 ἐζήτησε
356 1003 523 1037 κοινωνῆσαι
545 1004 630 1038 ἡμᾶς,
646 1003 896 1038 συνεκοινωνοῦμεν

100 1048 136 1075 ἂν
153 1048 222 1083 αὐτῇ
239 1047 322 1082 μηδὲν
335 1047 554 1084 διακρινόμενοι·
572 1049 632 1075 ἐπεὶ
646 1049 693 1075 καὶ
710 1049 816 1084 ποθητὴ
830 1049 895 1083 ἡμῖν

100 1093 132 1127 ἐξ
146 1094 244 1129 ἀρχῆς.
261 1090 298 1120 Οὗ
315 1093 396 1129 χάριν
409 1094 437 1120 δὲ
455 1094 487 1120 τὸ
503 1094 716 1130 θρυλλούμενον,
734 1094 778 1121 διὰ
793 1095 839 1121 τδν
855 1095 894 1121 οἰ-

101 1141 230 1174 κονόμον,
246 1140 275 1166 ὃν
291 1140 411 1175 καθῇρεν
423 1140 492 1176 αὐτὴ
513 1142 529 1176 ἡ
550 1140 675 1175 ἀλήθεια,
692 1141 801 1172 πολλοῖς
816 1141 896 1167 κανό-

102 1193 147 1211 σιν
158 1185 342 1212 ὑποπεσόντα·
358 1186 452 1221 ἐπειδὴ
474 1186 522 1212 καὶ
543 1186 597 1222 πρὸ
614 1186 664 1221 τῆς
681 1186 818 1221 ἐμφανοῦς
836 1195 896 1221 μοι-

102 1231 193 1266 χείας,
210 1232 365 1267 μοιχεύοντι
390 1232 429 1268 τῷ
445 1232 704 1266 προϐεὸασιλευκότι
719 1233 747 1259 ὲν
758 1232 896 1267 διαφόροις

103 1277 273 1312 προσώποις,
289 1279 320 1305 οὐ
338 1278 418 1314 μόνον
430 1277 464 1312 ἦν
479 1278 656 1314 λειτουργῶν,
668 1279 716 1305 καὶ
729 1279 896 1313 μεταδιδοὺς,

102 1324 152 1350 καὶ
167 1323 391 1360 συνεστιώμενος,
405 1324 473 1351 ἀλλὰ
493 1325 540 1351 καὶ
557 1325 607 1360 τὴν
629 1324 728 1360 μερίδα
743 1325 802 1359 μετ’
814 1323 896 1351 αὑτοῦ

101 1369 257 1405 τιθέμενος,
277 1370 307 1403 ἐξ
328 1367 359 1397 οὗ
377 1370 505 1405 καὶπρὸς
521 1370 571 1406 τὴν
587 1371 738 1405 ἀναφανδὸν
752 1370 897 1404 ἀσέλγειαν

103 1415 246 1450 πρόθυμος
259 1415 369 1450 γέγονεσ
386 1416 597 1452 καταφρονήσας
606 1415 673 1442 Θεοῦ
692 1415 739 1442 καὶ
754 1415 808 1441 τῶν
818 1415 898 1442 θείων

105 1461 262 1496 χριμάτων.
277 1461 332 1488 Καὶ
347 1462 391 1488 ἵνα
407 1461 583 1496 ἐκδηλότερον
594 1462 636 1496 εἴη
646 1461 678 1487 τὺ
691 1460 838 1495 λεγόμενον
847 1468 854 1475 ·
867 1461 897 1488 οὒ

104 1507 175 1543 πρὸς
190 1507 310 1543 διδαχὴν,
323 1508 428 1542 ἄπαγε·
441 1507 499 1534 ἀλλ’
518 1508 534 1542 ἢ
556 1507 636 1543 μόνον
648 1507 718 1543 πρὸς
732 1507 897 1542 ὑπόμνησιν,

104 1554 205 1588 αὐτὴν,
224 1555 249 1580 εἰ
264 1554 381 1586 κελεύει,
396 1554 446 1589 τὴν
465 1553 535 1580 κατὰ
552 1553 602 1588 τὴν
625 1553 791 1589 στεφανικὴν
814 1554 897 1580 συνά-

105 1607 198 1634 φειαν,
215 1599 292 1634 ίερὰν
308 1599 504 1634 μυσταγωγίαν
524 1599 704 1634 ἀναλήψεται,
727 1599 774 1626 καὶ
794 1599 897 1626 κατίδοι

105 1645 191 1672 πόσον
214 1646 287 1672 ἐστὶν
311 1646 428 1673 ἐνταῦθα
444 1645 591 1672 ὑπολαϐεῖν
603 1645 649 1672 τὸν
661 1644 836 1682 παροξυσμὸν
850 1644 898 1671 τοῦ

106 1692 188 1725 ἁγίου
205 1691 365 1727 ιῐνεύματος
385 1693 415 1718 ὲν
437 1693 497 1724 ταῖς
518 1692 658 1724 τοιαύταις
677 1692 896 1725 ἐναντιολογίαις.

105 1738 219 1769 Πάντως
232 1738 286 1774 γὰρ
301 1739 350 1765 ὅσα
369 1739 383 1765 ὁ
404 1739 493 1774 ἱερεὺς
509 1739 665 1773 ὑποφαίνει,
676 1737 761 1765 ταῦτα
778 1739 824 1765 καὶ
834 1737 899 1769 Θεὸς

106 1783 210 1819 κυροῦν
238 1784 453 1818 ἐπαγγέλλεται,
470 1784 542 1811 κατὰ
567 1785 612 1810 τὸν
643 1785 729 1819 μέγαν
751 1783 898 1810 Διονύσιον.

113 1829 195 1856 Ἀλλὰ
215 1829 258 1856 διὰ
285 1830 363 1856 τοῦτο
379 1829 496 1865 δεόμεθά
519 1838 565 1856 σου
587 1830 637 1864 τῆς
658 1829 838 1864 τελειότητος,
855 1828 900 1856 τὸν

107 1875 162 1902 ὑπὸ
184 1875 239 1902 τῶν
267 1875 387 1902 κανόνων
411 1876 611 1911 καθῃρημένον,
628 1876 675 1902 καὶ
701 1875 752 1902 ὑπὸ
770 1875 817 1902 τοῦ
835 1883 901 1910 προ-

106 1921 285 1956 ηγησαμένου
297 1921 345 1956 τὴν
358 1922 513 1957 ἁγιωσύνην
522 1930 578 1955 σου,
588 1922 731 1957 εἱρχθέντα
745 1921 814 1953 ὅλοις
824 1922 901 1948 ὲννέα

108 1966 193 1998 Ετεσι,
221 1966 324 1994 παῦσαι
354 1968 405 2003 τῆς
431 1967 597 2003 ἱερουργίας,
623 1967 786 2002 παραλόγως
813 1965 901 1994 etas).-

109 2011 191 2039 θόντα
196 2033 202 2039 .

147 2059 228 2093 ’Δρτι
250 2058 304 2093 γὰρ
330 2058 360 2086 τὸ
380 2058 508 2086 ταπεινὸν
533 2059 626 2094 στόμα
645 2058 725 2093 ἡμῶν
745 2057 901 2093 ἡνοίξαμεν,

109 2102 193 2138 ἡνίκα
219 2103 415 2139 ἐνεκλήθημεν.
437 2103 570 2139 ὀπηνίκα
585 2103 640 2139 γὰρ
663 2103 785 2138 ἐγεγόνει
806 2104 823 2138 ἡ
842 2111 903 2129 συν-

108 2148 216 2179 έλευσις
232 2149 323 2183 ὲκείνη
337 2149 353 2184 ὴ
370 2149 465 2184 μικρὰ,
478 2150 527 2176 καὶ
540 2149 590 2176 οὐκ
604 2147 651 2175 οἷδ’
665 2149 744 2175 ὁποία
754 2149 840 2175 είπεῖν
849 2156 856 2164 ·
871 2149 904 2175 ἐκ

109 2195 161 2229 τῆς
176 2194 299 2228 φυλακῆς
320 2195 393 2230 ἥμην
413 2195 473 2222 κατ’
489 2195 554 2222 αὐτὸ
568 2194 748 2230 ἐξεληλυθὼς.
764 2194 819 2220 Καὶ
841 2194 903 2220 ἐπεὶ

105 2240 208 2274 ἑώρων
228 2240 338 2272 τούτους
359 2241 604 2276 συνηθροισμένους
620 2241 683 2272 τοὺς
700 2240 747 2266 καὶ
768 2239 900 2274 πρότερον
916 2235 939 2262 Β

111 2285 162 2320 τὴν
178 2285 304 2320 μοιχείαν
319 2286 563 2321 καταδιξαμὲνους,
579 2286 626 2312 καὶ
640 2286 686 2312 τὸν
704 2285 900 2320 μοιχοζεύκτην

111 2330 322 2365 ἀσπαζομένους
332 2338 339 2345 ·
349 2331 488 2367 ἐμνήσθην
498 2331 545 2358 τοῦ
554 2331 723 2366 προφητικοῠ
731 2331 847 2363 ἐκείνου,
859 2331 901 2357 ὅτι

118 2375 146 2402 Ὁ
161 2375 277 2402 συνιὼν
297 2376 332 2403 ἐν
348 2376 388 2409 τῷ
411 2377 503 2412 καιρῷ
523 2378 629 2411 ἐκείνῳ
644 2377 840 2410 σιωπήσεται,
857 2378 902 2404 ὅτι

111 2422 217 2456 καιρὸς
223 2423 356 2456 πονηρός
361 2422 456 2450 ἐστιν.
466 2423 534 2460 Ἀλλ’
541 2424 602 2450 ἐπεὶ
609 2425 623 2450 ὁ
629 2424 709 2455 αὐτὸς
714 2424 798 2458 λέγει’
808 2423 903 2450 Ἐσιώ-

111 2475 188 2502 Iran
198 2475 206 2482 ο
218 2467 255 2503 μὴ
263 2468 310 2494 καλ⁵
319 2468 363 2495 ἀεὶ
376 2469 549 2503 σιωπήσομαι
559 2478 566 2501 ;
578 2469 622 2495 διὰ
629 2468 707 2495 τοῦτο
717 2469 746 2494 ὲν
760 2468 848 2504 καιρῷ
858 2468 903 2495 εὑ-

112 2512 185 2548 θέτῳ
197 2513 412 2548 συκοφαντηθεὶς
422 2515 560 2549 ἀνήνεγκα
570 2515 604 2541 τὰ
616 2514 807 2549 παριστάμενα
818 2523 825 2530 ·
841 2514 902 2540 ἐπεὶ

111 2559 144 2585 τὸ
161 2559 224 2585 ὅσον
249 2559 277 2585 ὲν
301 2559 373 2594 ἐμοὶ,
387 2561 469 2587 παντὶ
484 2560 578 2596 τρόπῳ
599 2560 776 2594 ἐφυλαξάμην
796 2561 824 2586 ὲν
844 2561 902 2591 τοῖς

111 2603 191 2630 δυσὶν
213 2602 287 2630 ἔτεσι
307 2603 424 2637 τούτοις,
444 2604 482 2640 μὴ
504 2605 544 2636 είς
560 2605 701 2639 προῦπτον
722 2605 837 2639 ὲκσῆναι
856 2604 906 2639 τὴν

113 2648 246 2675 ὑπόθεσιν
259 2657 266 2664 ·
285 2650 373 2677 ἐκεῖνο
394 2651 422 2677 έν
441 2650 553 2686 ἐμαυτῷ
574 2651 673 2684 λέγων,
699 2652 751 2684 ὅτι,
773 2651 835 2677 ἐπεὶ
857 2651 906 2677 οὐκ

114 2694 175 2729 εἰμὶ
201 2695 353 2721 ἐπισκόπου
371 2695 441 2730 ἔχων
460 2695 568 2730 ἀξίωμα
590 2695 741 2730 δυνάμενος
765 2694 904 2729 ἐλέγχειν·

115 2739 234 2774 ἀρκετόν
258 2749 303 2774 μοι
320 2741 337 2775 ἡ
356 2741 443 2767 οἰκεία
456 2741 573 2776 φυλακὴ,
589 2742 637 2768 καὶ
655 2742 686 2768 τὸ
705 2741 742 2776 μὴ
763 2741 907 2775 μετασχεῖν

118 2793 153 2819 μι
167 2784 217 2818 τῆς
230 2793 261 2810 τε
277 2785 380 2812 ἐκείνου
398 2786 549 2818 κοινωνίας,
565 2786 675 2814 καὶτῶν
688 2786 784 2821 ἐκείνῳ
796 2787 825 2812 ὲν
837 2785 907 2820 γνώ-

117 2837 158 2857 σει
178 2830 466 2866 συλλειτουργούντων,
483 2831 535 2864 ἓως
549 2831 582 2858 ἂν
597 2832 629 2859 ἐκ
651 2831 734 2866 μέσου
751 2832 862 2867 γένηται
877 2831 907 2857 τὸ

152 2888 267 2919 "Amos
287 2899 314 2921 v,
334 2891 375 2919 l3.
413 2891 434 2907 ⁷³
451 2891 501 2920 lsa.
517 2899 569 2919 xui
601 2891 641 2919 ll.

670 181 675 185 '
716 173 988 205 EPISTOLARUM
1005 174 1079 204 LIB.
1099 174 1125 205 Ι.

137 224 235 260 Ἴημεν
255 223 285 251 δὲ
307 224 351 251 ἐπ’
377 224 463 259 αὐτῆς
486 225 536 261 τῆς
561 225 708 261 ἀπολογίας
728 228 777 264 [σί.
797 230 895 264 Ἴωμεν
910 231 934 258 Δ

1681 174 1736 206 990

1000 228 1078 256 Nunc
1089 233 1181 256 autem
1209 228 1348 264 pergimus
1370 228 1403 255 ad
1428 229 1618 264 purgationem
1642 236 1734 257 coram

944 274 1000 302 Deo
1017 276 1062 310 qui
1081 275 1173 302 omnia
1187 275 1285 308 cernit,
1302 279 1328 302 et
1342 282 1435 302 coram
1451 275 1675 310 archiprmsulatu
1689 280 1735 303 tuo

944 322 1026 348 verba
1046 321 1153 349 facturi.
1169 321 1229 348 Non
1245 329 1339 348 sumus
1369 313 1556 356 aposchistm;
1572 329 1589 349 ο
1609 326 1733 349 sanctum

943 371 1035 402 caput,
1048 368 1082 394 ab
1097 367 1218 394 Ecclesia
1231 367 1276 394 Dei
1295 375 1302 393 :
1321 366 1392 394 absit
1411 371 1439 394 ut
1467 367 1493 394 id
1509 375 1627 402 unquam
1654 366 1734 394 nobis
1755 362 1757 365 ’

943 413 1050 440 eveniat
1064 414 1069 439 l
1093 413 1146 440 Sed
1161 413 1311 447 quamlibet
1334 413 1394 439 aliis
1409 412 1534 448 plurimis
1549 413 1668 448 peccatis
1685 413 1735 440 ob—

943 460 1016 486 noxii
1032 463 1182 491 teneamur,
1200 466 1294 486 sumus
1308 462 1428 486 attamen
1450 459 1606 490 orthodoxi.
1625 463 1652 486 et
1684 457 1735 486 Ec-

943 505 1032 532 clesia:
1058 505 1202 532 catholicae
1226 505 1339 537 alumni,
1369 505 1495 532 haeresim
1515 512 1625 531 omnem
1653 512 1735 539 repu-

943 551 1058 582 diantes,
1076 558 1239 585 omnemque
1265 551 1447 578 universalem
1470 554 1497 578 et
1511 550 1625 577 localem
1650 557 1733 585 syno-

943 597 1008 624 dum
1025 596 1203 631 approbatam
1233 596 1398 631 recipientes
1416 605 1423 629 ;
1449 603 1500 623 nec
1523 603 1578 622 non
1596 595 1684 623 editas
1700 595 1735 622 ab

944 642 996 669 illis
1012 641 1157 669 canonicas
1184 640 1394 668 constitutiones
1409 649 1416 670 :
1432 648 1522 675 neque
1545 641 1617 668 enim
1643 639 1735 674 perfe-

943 691 1018 714 ctum
1039 693 1099 713 esse
1122 685 1316 717 orthodoxtun,
1332 685 1379 712 sed
1397 684 1578 716 dimidiatum,
1591 684 1637 719 qui
1653 683 1734 711 ﬁdem

943 732 1055 767 quidem
1079 735 1182 758 rectam
1209 731 1309 758 habere
1335 731 1470 762 videatur,
1499 731 1597 758 divinis
1610 738 1675 758 vero
1691 738 1736 757 ca—

943 777 1063 805 nonibus
1084 785 1139 804 non
1158 782 1278 811 regatur.
1294 776 1495 804 Beatitudinem
1527 780 1612 809 tuam,
1627 776 1735 811 quando

943 829 1068 860 promota
1091 824 1152 856 fuit,
1164 823 1345 858 suscepimus,
1361 823 1591 858 quemadmodum
1605 823 1694 858 palam
1708 821 1735 849 ei

944 870 1034 897 testati
1056 877 1161 897 sumus.
1188 868 1222 895 Et
1236 876 1269 896 ex
1301 876 1333 896 eo
1362 872 1483 903 tempore
1511 868 1538 895 in
1562 868 1634 895 hunc
1650 874 1736 902 usque

946 916 1029 949 diem,
1048 915 1076 942 in
1102 915 1264 951 mystagogia
1292 921 1546 947 commemoramus,
1562 917 1592 940 ut
1603 921 1651 948 par
1676 917 1734 946 est,

945 966 983 994 et,
1000 962 1069 989 sicut
1085 961 1161 988 testis
1173 965 1214 989 est
1230 961 1311 993 Deus,
1328 961 1350 987 si
1377 960 1425 987 illo
1457 960 1502 988 die
1532 959 1736 987 communicare

946 1016 997 1036 nos
1012 1007 1152 1038 voluisset.
1175 1008 1455 1034 communicassemus
1486 1006 1567 1041 plane
1581 1013 1643 1033 cum
1665 1006 1733 1041 ipsa,

945 1051 1014 1079 nihil
1038 1051 1243 1083 discernentes;
1273 1058 1335 1078 cum
1353 1049 1532 1078 desideranda
1546 1050 1625 1077 nobis
1655 1049 1736 1077 fuerit

946 1098 981 1125 ab
998 1096 1086 1124 initio.
1122 1096 1160 1124 De
1184 1103 1327 1123 oeconomo
1342 1099 1444 1127 autem,
1463 1094 1543 1129 cujus
1575 1101 1657 1120 causa
1677 1092 1737 1120 haec

945 1143 1092 1178 iactantur,
1121 1149 1202 1176 quem
1225 1141 1324 1168 veritas
1345 1141 1404 1175 ipsa
1421 1140 1558 1175 deposuit,
1576 1139 1668 1166 multis
1685 1146 1732 1166 ca-

946 1188 1064 1215 uonibus
1083 1186 1240 1217 obnoxium,
1260 1194 1322 1213 cum
1337 1186 1381 1213 vel
1394 1190 1458 1212 ante
1486 1190 1612 1220 apertum
1630 1185 1736 1212 adulte-

947 1234 1102 1266 rium,cum
1126 1232 1310 1260 moecharetur
1338 1232 1365 1258 in
1397 1231 1481 1259 variis
1496 1231 1620 1266 personis
1635 1238 1737 1266 praece-

948 1281 1016 1308 dens
1045 1280 1206 1314 imperator,
1234 1286 1289 1306 non
1315 1278 1403 1305 solum
1430 1277 1586 1305 sacriﬁcarit
1616 1276 1683 1312 ipse,
1709 1280 1737 1303 et

947 1325 1167 1354 communionem
1182 1324 1374 1359 impertiverit,
1392 1329 1419 1350 et
1431 1331 1485 1350 una
1497 1323 1621 1357 epulatus
1633 1322 1678 1355 sit,
1688 1322 1737 1349 sed

948 1375 1053 1406 partem
1070 1370 1152 1397 etiam
1180 1377 1241 1396 cum
1268 1376 1300 1396 eo
1311 1368 1448 1403 posuerit:
1466 1368 1538 1395 unde
1554 1371 1581 1394 et
1595 1371 1737 1402 promptus

949 1417 1053 1445 exstitit
1082 1417 1114 1444 ad
1135 1416 1269 1452 publicam
1293 1415 1527 1448 incontinentiam,
1561 1414 1645 1442 Deum
1673 1421 1739 1441 con-

949 1468 1074 1491 temnens
1089 1467 1116 1489 et
1133 1463 1225 1489 divina
1254 1461 1365 1497 judicia.
1397 1461 1484 1495 Atque
1513 1464 1544 1487 ut
1569 1459 1739 1487 manifestius

949 1509 1005 1540 ﬁat,
1026 1508 1097 1542 quod
1108 1507 1216 1538 dicitur,
1231 1514 1286 1534 non
1294 1506 1517 1537 docendistudio,
1533 1504 1618 1531 absit!
1631 1503 1678 1530 sed
1695 1509 1740 1530 re-

949 1554 1083 1582 novandae
1095 1553 1233 1580 memoria:
1256 1554 1352 1588 gratia,
1377 1554 1464 1588 ipsam
1488 1552 1511 1579 si
1537 1551 1714 1586 placenti“33
1730 1569 1739 1580 ν

948 1600 1014 1627 dum
1034 1603 1199 1627 coronantur
1222 1599 1324 1634 sponsi,
1348 1603 1505 1634 usurpatur,
1545 1595 1740 1632 mystagogiam

949 1654 1055 1674 sacram
1067 1650 1197 1679 resumat,
1210 1646 1393 1681 etperspiciet
1413 1650 1545 1681 quantam
1567 1643 1631 1670 hinc
1652 1641 1740 1675 conji-

949 1700 1010 1720 cere
1021 1692 1101 1719 liceat
1123 1691 1241 1727 Spiritus
1259 1693 1346 1720 sancti
1371 1691 1586 1727 indignationem
1606 1689 1633 1715 in
1658 1687 1741 1715 tantis

949 1737 1219 1765 contradictionibus.
1236 1737 1352 1764 Omnino
1369 1736 1440 1764 enim
1456 1740 1625 1770 quaecunque
1649 1739 1740 1759 sacer-

949 1783 998 1810 dos
1020 1785 1195 1818 pronuntiat,
1211 1791 1243 1810 ea
1267 1783 1441 1817 impleturum
1462 1790 1491 1809 se
1507 1779 1644 1816 promittit
1666 1780 1741 1807 Deus

948 1832 1024 1867 juxta
1036 1839 1162 1866 magnum
1189 1829 1356 1865 Dionysium.
1369 1829 1515 1864 Propterea
1525 1837 1588 1863 ergo
1612 1836 1741 1863 rogamus

951 1878 1148 1914 perfectionem
1167 1881 1251 1908 tuam,
1268 1879 1298 1903 ut
1322 1875 1476 1910 depositum
1495 1882 1510 1902 a
1530 1875 1690 1906 canonibus,
1713 1878 1742 1901 et

952 1924 1184 1960 apmdecessorc
1216 1921 1369 1949 sanctitatis
1400 1925 1453 1948 tua:
1478 1920 1646 1956 prohibitum
1676 1919 1742 1946 totis

951 1977 1050 1998 novem
1065 1969 1156 2001 annis,
1171 1973 1270 2003 praeter
1281 1967 1415 1995 rationem
1447 1967 1613 2003 ingressum,
1635 1973 1743 1994 cessare

949 2016 1047 2052 jubeas
1062 2023 1077 2042 a
1099 2013 1260 2042 sacerdotio.

986 2060 1066 2086 Nunc
1092 2058 1229 2093 siquidem
1246 2057 1349 2085 humile
1362 2063 1393 2083 os
1413 2060 1536 2083 nostrum
1564 2055 1740 2089 aperuimus,

952 2103 1061 2139 quando
1075 2101 1162 2129 vocati
1181 2100 1292 2128 fuimus.
1319 2100 1387 2127 Cum
1411 2100 1482 2127 enim
1510 2099 1597 2126 factus
1611 2103 1653 2126 est
1676 2106 1743 2126 con-

953 2153 1051 2178 ventus
1066 2149 1111 2176 ille
1120 2155 1230 2184 parvus,
1242 2151 1270 2174 et
1284 2148 1376 2174 nescio
1390 2154 1445 2181 quo
1463 2146 1574 2174 nomine
1587 2145 1720 2180 appellem
1733 2153 1741 2178 ;

953 2203 988 2223 ex
1016 2202 1125 2222 carcere
1151 2200 1199 2228 per
1223 2193 1294 2220 idem
1317 2196 1424 2227 tempus
1452 2191 1584 2219 redieram
1601 2199 1608 2218 :
1626 2198 1743 2225 cumque

954 2241 1074 2269 viderem
1085 2247 1131 2267 eos
1148 2245 1209 2266 esse
1222 2243 1419 2273 congregatos,
1446 2238 1492 2272 qui
1513 2237 1676 2264 adulterium
1693 2243 1742 2262 an-

955 2291 998 2314 tea
1017 2288 1203 2320 susceperant,
1229 2287 1257 2313 et
1272 2285 1389 2311 adulteri
1424 2284 1611 2319 copulatorem
1636 2281 1744 2309 fuerant

954 2332 1103 2367 complexi;
1117 2333 1192 2360 venit
1212 2332 1277 2359 mihi
1296 2332 1323 2358 in
1346 2335 1466 2358 mentem
1486 2329 1558 2356 illius
1590 2328 1655 2356 dicti
1680 2335 1743 2362 pro—

954 2377 1077 2412 phetici:
1105 2378 1218 2412 Sapiens
1242 2377 1325 2404 inille
1356 2382 1471 2411 tempore
1499 2375 1593 2407 silebit,
1619 2374 1743 2409 quoniam

957 2428 1057 2458 tempus
1069 2423 1168 2450 malum
1182 2428 1220 2451 est
1236 2424 1268 2451 ⁷³.
1284 2423 1338 2451 Sed
1353 2431 1415 2451 cum
1431 2422 1503 2450 dicat
1518 2422 1589 2449 idem
1602 2430 1609 2448 :
1637 2419 1720 2447 Tacui
1734 2440 1741 2452 ,

955 2469 1077 2504 nunquid
1087 2477 1195 2504 semper
1207 2470 1301 2497 tacebo
1312 2469 1336 2487 1‘
1348 2470 1361 2496 7
1378 2473 1521 2504 propterea
1539 2472 1661 2502 tempore
1674 2473 1744 2493 eon—

955 2514 1074 2549 gruenti,
1098 2513 1233 2540 calumnia
1256 2521 1377 2548 pressus,
1405 2513 1464 2540 haec
1478 2512 1596 2539 tamdem
1623 2509 1742 2545 protuli;

953 2559 1025 2594 quia,
1037 2563 1168 2594 quantum
1177 2559 1204 2586 in
1220 2567 1263 2586 me
1276 2559 1337 2592 fuit,
1347 2559 1421 2586 omni
1435 2558 1538 2585 ratione
1549 2557 1606 2585 cavi
1622 2555 1662 2582 his
1675 2555 1744 2582 duo-

954 2604 1006 2632 bus
1022 2605 1112 2637 annis,
1137 2612 1173 2632 ne
1202 2612 1245 2632 res
1269 2605 1295 2631 in
1311 2609 1433 2640 apertum
1450 2603 1582 2638 prodiret.
1595 2601 1660 2628 illud
1685 2607 1744 2627 me-

956 2657 1020 2676 cum
1049 2649 1185 2677 volvens:
1218 2649 1439 2684 quandoquidem
1470 2646 1590 2682 episcopi
1616 2644 1745 2680 dignitate

954 2695 1085 2729 praeditus
1107 2703 1162 2722 non
1178 2702 1278 2728 essem,
1294 2699 1323 2723 ut
1347 2694 1478 2731 arguendi
1496 2693 1611 2721 habeam
1627 2694 1744 2727 potesta-

956 2745 1012 2768 tem
1026 2761 1034 2774 ,
1047 2741 1171 2769 sutlicere
1199 2741 1220 2769 si
1236 2749 1279 2769 me
1306 2741 1366 2776 ipse
1391 2740 1551 2773 custodiam,
1568 2744 1596 2767 et
1613 2745 1669 2765 non
1683 2740 1745 2771 pars

960 2786 1070 2822 ticipem
1085 2787 1159 2814 illius
1174 2787 1371 2820 communioni,
1395 2794 1545 2822 eorumque
1558 2787 1603 2821 qui
1627 2785 1745 2813 scientes

960 2840 1022 2860 cum
1034 2840 1066 2860 eo
1080 2840 1155 2861 sacra
1176 2833 1287 2865 faciunt,
1313 2834 1401 2869 quoad
1420 2833 1578 2862 scandalum
1599 2833 1632 2861 de
1656 2831 1744 2861 medio
