1926 3078
222 133 274 167 991

823 139 854 170 S.
873 138 1071 169 THEODORI
1087 138 1260 169 STUDIT/E

1803 139 1860 173 992

225 191 342 220 tollatur.
358 190 416 220 Hoc
428 191 512 228 igitur
526 199 638 221 oramus
654 197 682 220 et
698 193 876 227 obtestamur,
898 199 928 221 ut
946 202 1008 230 per-

1069 193 1218 220 ικάνδαλον.
1233 191 1319 219 Τοῦτο
1333 191 1423 218 τοίνυν
1436 190 1650 226 παρακαλοῦμεν
1663 191 1711 218 καὶ
1725 192 1857 228 δεόμεθα,

223 237 331 265 suaderi
345 237 398 264 sibi
413 237 484 265 sinat
495 243 590 266 sancta
603 238 693 265 anima
705 243 760 271 tua,
783 239 864 267 istum
877 240 1016 268 hominem

223 283 364 316 coerceri,
383 291 419 311 ne
435 284 605 318 vituperetur
625 284 797 319 inculpabilis
811 286 941 313 sanctitas
953 290 1014 319 tua,

223 336 259 356 ne
273 328 410 363 polluatur
432 329 555 356 divinum
576 330 660 357 altare
680 330 795 365 depositi
827 331 946 359 hominis
964 332 1015 359 mi-

223 374 349 406 nisterio,
379 382 414 402 ne
433 375 552 410 denique
584 376 708 403 oriantur
732 376 812 410 iustae
838 377 1014 405 schismatum

224 421 391 448 occasiones.
412 420 482 448 Vere
506 422 578 448 enim
596 427 623 448 et
647 422 753 449 sincere
769 422 819 450 hoc
837 424 906 451 sciat
928 424 1015 452 beati-

224 465 289 492 tudo
304 469 359 497 tua,
375 465 447 499 quod
479 466 532 493 nisi
562 467 619 494 haec
635 468 670 495 ita
691 468 757 496 (iant
781 469 866 496 Deum
895 470 1014 496 amantis

224 510 321 537 animze
335 514 387 537 tuae
402 515 482 544 nutu,
494 516 522 539 et
540 512 723 547 piissimorum
738 523 770 543 ac
787 516 1013 551 triumphatorum

224 555 420 590 imperatorum
434 560 589 586 nostrorum
602 568 610 592 ;
627 561 686 588 zelo
698 561 831 596 siquidem
846 562 918 596 pleni
928 566 992 590 sunt
1006 571 1013 595 ;

225 601 259 630 de
272 602 351 630 nobis
371 603 482 637 quidem
509 612 558 639 pro
587 607 716 634 mandato
744 608 927 643 pugnantibus
949 609 1014 643 quid

225 647 346 675 futurum
359 647 406 683 sit,
419 649 491 678 Deus
504 650 599 679 novit:
613 652 730 680 schisma
754 658 856 686 autem,
873 653 928 680 Deo
946 657 1014 681 teste

226 692 374 730 electisque
389 696 492 732 angelis
507 697 578 731 ejus,
600 704 729 732 magnum
760 698 806 725 ﬁet
829 698 856 725 in
894 699 1013 726 Ecclesia

225 743 330 768 nostra.
357 741 410 770 Sed
433 742 572 774 miserere,
592 747 686 777 pastor
713 744 784 771 bone
802 765 810 777 ,
832 745 879 772 sed
903 746 1012 780 adjuva,

226 784 314 816 perite
339 788 456 821 medice,
471 795 580 824 gregem
599 793 675 815 tuum
687 808 695 820 ,
713 797 778 817 oves
791 794 860 822 tuas,
878 791 1014 819 Ecclesias

226 831 297 863 tuas,
315 833 456 867 sapientiae
470 837 523 861 tua:
544 834 650 867 modis,
667 835 819 869 prudentiae
849 841 901 864 tute
912 838 1011 866 verbis.

225 877 354 904 remediis
369 878 435 905 artis
453 882 505 905 tuae
524 887 530 905 :
561 884 640 906 ovem
669 887 751 907 unam
771 881 887 908 exclude
915 889 930 908 a
954 882 1012 908 solo

225 922 359 950 sacriﬁcio
372 928 416 956 ,et
432 925 574 952 universas
596 925 713 953 lucrare.
733 926 766 953 Et
780 934 814 954 ne
829 927 911 954 unius
923 928 1013 955 scabie

227 968 375 996 Ecclesiam
387 969 476 1002 inlice,
491 978 573 1006 quam
585 971 730 1006 acquisivit
747 971 880 1003 Dominus
894 978 923 1001 et
940 973 1013 1002 Deus

225 1019 319 1045 noster
334 1017 467 1053 sanguine
482 1024 541 1045 suo.

403 1167 537 1196 XXVI.——
545 1168 668 1204 Symeoni
685 1170 836 1204 praeposita.

1065 237 1260 273 δυσωπηθῆναί
1275 246 1322 264 σου
1338 237 1386 272 τὴν
1398 236 1478 270 ἁγίαν
1489 236 1578 271 ψυχὴν
1590 237 1801 273 παρασταλῖψαι
1810 239 1859 265 τὸν

1065 285 1159 320 ἄνδρα.
1176 284 1248 320 Πρὸς
1261 283 1292 310 τὺ
1305 283 1342 318 μὴ
1359 282 1513 318 μωμεῖσθαί
1525 291 1571 309 σου
1585 283 1635 318 τὴν
1649 282 1772 319 ἄληπτον
1784 285 1860 311 ὁσιό-

1064 339 1151 366 τητα·
1169 329 1238 366 μηδὲ
1259 329 1420 364 χραίνεσθαι
1440 328 1471 356 τὸ
1484 328 1556 356 θεῖον
1575 328 1770 365 θυσιαστήριον
1786 330 1859 357 καθ-

1065 376 1206 412 ῃρημένου
1233 376 1403 411 λειτουργίᾳ·
1427 375 1495 410 μηδι
1518 373 1588 402 εἶναι
1610 376 1699 408 αίτίας
1727 376 1861 411 εὐλόγους

1067 423 1234 458 σχισμάτων.
1251 421 1411 448 Γινωσκέτω
1427 421 1483 456 γὰρ
1496 421 1619 456 ἁψευδῶς
1633 422 1681 448 καὶ⁸
1694 421 1860 457 ἁκραιφυῶς

1065 469 1082 504 ὴ
1103 468 1272 504 μακαριότης
1291 477 1349 499 σου,
1365 469 1417 500 ὅτι,
1433 469 1457 495 ιι
1473 467 1511 503 μὴ
1526 468 1605 495 τοῦτο
1626 467 1740 503 γένηται
1766 468 1860 495 νεύσιι

1066 514 1114 540 καὶ
1128 514 1176 549 τῆς
1193 513 1319 548 φιλοθέου
1333 513 1423 548 ψυχῆς
1445 513 1492 540 καὶ
1513 512 1568 539 τῶν
1587 512 1794 540 εὐσεϐεστάτων
1809 514 1861 540 καὶ

1065 560 1229 586 καλλινίκων
1250 559 1329 594 ἡμῶν
1353 559 1485 593 βασιλέων
1507 558 1640 593 (ζηλωταὶ
1657 558 1712 593 γάρ
1735 558 1812 593 εισι),
1826 559 1859 586 τὸ

1067 605 1116 641 μὲν
1127 605 1261 640 ἡμέτερον
1271 605 1346 636 ὅπως
1355 604 1388 631 ἂν
1402 604 1458 636 ἕξει
1473 603 1544 639 ὑπὲρ
1558 604 1607 639 τῆς
1621 604 1734 639 ἐντολῆς
1747 605 1859 631 ἐνιστα-

1059 651 1166 686 μένων,
1183 649 1243 685 Θεῷ
1257 649 1429 684 ἐγνωσμένον
1439 657 1447 665 ο
1465 649 1569 684 σχίσμα
1580 649 1609 675 δὲ
1625 649 1708 684 μέγα,
1720 649 1774 676 ὑπὸ
1786 650 1860 685 μάρ-

1064 703 1126 731 τυρι
1137 695 1196 730 Θεῷ
1209 695 1256 721 καὶ
1272 694 1409 721 ἐκλεκτῶν
1419 694 1502 721 αὐτοῦ
1519 694 1655 728 ἀγγέλων,
1669 695 1818 730 γενήσεται
1828 696 1859 722 ὲν

1064 741 1097 775 τῇ
1111 740 1172 767 καθ’
1194 741 1270 776 ἡμᾶς
1292 740 1450 775 Ἐκκλησία.
1471 740 1541 767 Ἀλλ’
1552 740 1701 775 ὲλέησον,ὸ
1720 742 1824 775 ποιμὴν
1843 742 1859 769 6

1065 785 1159 817 καλὸς,
1175 786 1243 813 ἀλλὰ
1255 785 1398 821 βοήθησον,
1413 787 1428 812 ό
1442 785 1533 821 ίατρδς
1543 787 1557 812 ὁ
1569 787 1739 822 ἐπιστήμων,
1752 787 1786 822 τῇ
1800 787 1860 814 ποί-

1067 839 1121 868 μνῃ
1135 840 1194 865 σου,
1207 832 1242 859 τὰ
1255 832 1381 867 πρόσατά
1397 841 1454 865 σου,
1472 832 1522 864 τὰς
1542 832 1704 867 Ἐκκλησίας
1720 841 1779 864 σου,
1794 833 1859 868 τρό-

1065 885 1126 909 ποις
1149 877 1245 911 σοφίας
1267 885 1326 910 σου,
1348 877 1438 911 λόγοις
1462 877 1597 908 συνέσεώς
1617 885 1676 909 σου.
1699 878 1858 912 φαρμάκοις

1064 923 1184 958 ἰατρείας
1212 931 1274 950 σου’
1295 923 1326 950 τδ
1347 923 1377 950 ἓν
1395 923 1530 959 πρόϐατον
1551 923 1680 959 ἀπεῖρξαι
1703 924 1789 959 μόνης
1807 924 1858 959 τῆς

1064 968 1232 1004 ἱερουργίας,
1257 969 1306 996 καὶ
1327 968 1361 996 τὰ
1382 969 1431 995 ὅλα
1451 969 1600 1004 κερδῆσαι·
1622 969 1670 995 καὶ
1689 968 1728 1004 μὴ
1750 970 1784 1004 τῇ
1809 968 1856 996 tot?

1062 1013 1122 1046 ἑνὸς
1138 1014 1225 1050 ξψώρᾳ
1248 1015 1420 1050 λυμανθῆναι
1445 1014 1494 1050 τὴν
1518 1015 1698 1049 Ἐκκλησίαν,
1718 1015 1754 1050 ἢν
1775 1024 1857 1050 περι.

1061 1059 1212 1095 εποιήσατο
1241 1061 1255 1086 ὁ
1287 1060 1391 1096 Κύριος
1419 1061 1468 1087 καὶ
1499 1059 1565 1092 Θεδς
1594 1059 1674 1096 ὴμῶν
1702 1060 1740 1096 τῷ
1764 1061 1859 1096 οίκεὶῳ

1067 1104 1175 1140 αἵματι.

1208 1175 1281 1210 Kcr.
1294 1192 1328 1198 —
1339 1177 1461 1212 Συμεὼν
1471 1177 1637 1212 ἡγουμένῳ.
1655 1176 1734 1214 [με’.]

498 1237 536 1262 De
546 1237 682 1269 patriarcha
695 1237 834 1270 Nicephoro
846 1242 873 1264 et
882 1239 984 1265 Simone
998 1243 1118 1268 monacho
1129 1245 1242 1275 querela.
1256 1245 1357 1277 (Baron.
1370 1253 1410 1270 an.
1422 1245 1477 1275 809,
1488 1252 1514 1272 ιι.
1526 1245 1577 1278 ΞΟ.)

262 1289 375 1325 Dignam
389 1294 483 1317 sancta
500 1289 611 1325 Deoque
622 1290 701 1325 plena
712 1290 803 1318 anima
816 1295 862 1318 tua
873 1291 1017 1326 epistolam

223 1334 304 1363 nobis
314 1336 436 1362 exaravit
444 1335 603 1363 honoranda
614 1337 765 1371 paternitas
773 1340 829 1368 tua,
841 1337 923 1364 simul
935 1337 1018 1365 bene-

224 1379 316 1407 volum
343 1388 407 1416 erga
431 1388 482 1408 nos
505 1386 660 1416 peccatores
680 1381 808 1409 allectum
832 1390 911 1410 suum
926 1383 1018 1411 decla-

226 1433 301 1457 rans,
318 1426 454 1460 simulque
469 1434 563 1461 parem
585 1427 735 1454 ostendens
749 1426 876 1462 idemque
892 1427 1017 1455 sentien—

227 1474 281 1497 tem
305 1471 377 1498 circa
404 1472 496 1499 divina
517 1472 645 1500 mandata
673 1473 1016 1508 concordiam.quinetiam

209 1516 333 1552 ,potiora
348 1516 478 1549 edocens,
493 1522 522 1545 et
545 1517 672 1545 a-lnitens
686 1517 787 1553 pariter
801 1518 935 1546 adversus
951 1526 1016 1553 pro-

225 1561 314 1596 posita
336 1563 484 1592 certamina
509 1563 644 1598 intrepide
662 1563 808 1595 obsistere,
827 1568 854 1592 et
872 1563 905 1591 ad
922 1564 1017 1597 inanes

225 1607 453 1638 hcterodoxorum
478 1609 740 1645 vaniloquorumque
765 1618 845 1638 voces
863 1610 1018 1638 nullatenus

227 1653 349 1682 concuti.
365 1654 404 1681 Ac
419 1654 507 1689 rei-psa
524 1655 602 1681 factae
618 1655 698 1683 nobis
713 1659 778 1682 sunt
793 1656 956 1683 venerandae
973 1656 1017 1683 Iit-

225 1703 289 1728 ωιτη
300 1700 534 1727 tuzeincitamenta
552 1700 731 1732 fortitudinis,
743 1701 879 1728 etvallum
892 1702 1016 1730 virtutis:

227 1743 264 1771 ita
279 1749 307 1771 ut
320 1745 434 1780 gloriam
448 1745 520 1772 bono
543 1745 660 1773 Domino
684 1751 780 1774 nostro
807 1747 1017 1780 reddiderimus,

227 1791 273 1825 qui
290 1791 421 1818 humilem
443 1795 551 1818 aetatem
566 1796 690 1819 nostram
708 1800 764 1820 non
781 1793 892 1827 penitus
913 1793 1014 1820 dereli-

227 1836 296 1870 quit,
317 1836 366 1863 scd
391 1833 637 1864 vitales-scintillas
660 1837 777 1872 praebuit
791 1837 824 1864 iis
836 1838 881 1872 qui
896 1838 930 1865 ad
945 1838 1017 1865 bona

228 1882 336 1918 pietatis
348 1890 430 1917 opera
447 1883 561 1917 cupiunt
574 1883 747 1912 reviviscere.
763 1884 803 1911 Ad
818 1884 891 1912 hunc
907 1885 1017 1912 modum

228 1929 288 1956 lucc
300 1935 330 1954 se
352 1927 463 1955 habent.
483 1928 608 1963 impense
625 1936 769 1964 precamur
784 1936 834 1956 nos
848 1934 1016 1964 peccatores,

228 1978 258 2000 ut
284 1974 438 2001 sanctitatis
464 1978 516 2001 tua:
541 1974 595 2001 vita
622 1978 789 2009 perseveret,
808 1975 842 2002 ad
863 1975 1018 2010 exemplum

228 2021 334 2053 salutis,
351 2026 408 2048 tum
423 2021 512 2054 nobis,
529 2026 584 2049 tum
598 2021 661 2049 aliis
677 2023 886 2057 quibuscuuque
903 2023 1018 2051 volenti-

228 2067 290 2095 bus.
303 2066 420 2094 Omnino
433 2067 505 2095 enim
520 2068 565 2102 qui
582 2076 701 2096 canones
713 2073 881 2103 pervertunt,
897 2073 925 2096 et
939 2077 1018 2105 regu-

230 2112 272 2141 las
292 2113 453 2148 depravant,
477 2114 669 2143 rectitudinem
685 2114 713 2141 in
726 2115 770 2148 iis,
782 2115 828 2150 qui
844 2119 918 2142 recte
931 2115 1018 2150 expli-

1109 1297 1202 1330 ’Δξίαν
1221 1298 1270 1333 τῆς
1290 1298 1460 1333 ὴγιασμὲνης
1484 1297 1530 1324 καὶ
1551 1296 1681 1332 θεοφόρου
1705 1304 1754 1323 σου
1768 1296 1861 1333 ψυχῆς

1067 1342 1201 1378 ἐχάραξεν
1217 1343 1283 1378 ἡμῖν
1298 1343 1347 1378 τὴν
1359 1343 1504 1378 ἐπιστολὴν
1518 1343 1534 1378 ἡ
1551 1342 1630 1378 τιμία
1646 1351 1693 1370 σου
1705 1343 1858 1379 πατρότηςθ

1066 1385 1134 1421 ὁμοῦ
1158 1387 1206 1421 μὲν
1229 1387 1415 1422 σημαίνουσαν
1430 1388 1479 1423 τὴν
1499 1387 1677 1423 ἀγαπητικὴν
1697 1388 1768 1424 πρὸς
1786 1389 1863 1424 ἡμᾶς

1066 1431 1130 1462 τοὺς
1154 1433 1334 1468 ἁμαρτωλοὺς
1351 1433 1490 1461 διάθεσιν·
1504 1433 1573 1468 όμοῦ
1597 1433 1626 1460 δὲ
1651 1432 1786 1469 δηλοῦσαν
1811 1434 1863 1470 τὴν

1068 1477 1214 1514 ἰσόρροπον
1227 1478 1273 1505 καὶ
1284 1479 1478 1514 ταυτόγνωμον
1490 1479 1540 1515 τὴν
1553 1479 1682 1515 περὶτῶν
1693 1479 1775 1506 θείων
1787 1479 1864 1507 ἕντο-

1067 1522 1121 1549 λῶν
1135 1523 1304 1559 συμφωνίαν,
1322 1524 1368 1551 καὶ
1384 1524 1439 1559 μὴν
1453 1524 1665 1552 ἑκδιδάσκουσαν
1681 1523 1716 1555 τὰ
1736 1524 1864 1559 κρεί·ι’το⁴

1067 1577 1112 1599 να.
1125 1569 1172 1596 καὶ
1188 1569 1439 1605 συμπροθυμοῦσαν
1451 1571 1491 1602 εἰς
1501 1571 1565 1602 τοὺς
1576 1571 1775 1606 προκειμένους
1786 1570 1865 1605 ha...

1067 1622 1116 1646 νας
1143 1614 1272 1650 ἀκλονητὶ
1297 1615 1466 1648 ἐνίστασθαι,
1494 1616 1542 1643 καὶ
1565 1615 1724 1651 μηδαμόθεν
1750 1617 1785 1652 τῇ
1805 1616 1864 1642 τῶν

1068 1659 1230 1695 ἑτεροδόξων
1255 1661 1301 1687 καὶ
1323 1661 1500 1695 είκαιολόγων
1512 1660 1714 1697 ἀνατρέπεσθαι
1735 1669 1864 1696 κενοφω-

1068 1705 1122 1741 vta.
1139 1705 1194 1732 Καὶ
1205 1705 1316 1740 γέγονεν
1327 1707 1394 1742 ἡμῖν
1408 1707 1439 1733 τὸ
1449 1707 1540 1742 τίμιόν
1554 1716 1601 1733 σου
1615 1708 1733 1743 γράμμα
1747 1707 1787 1740 ὼς
1797 1708 1865 1744 ἄλης

1069 1749 1123 1782 θῶς
1138 1750 1295 1786 ὲμψύχωμα
1310 1751 1446 1787 ἀνδρείας,
1462 1752 1509 1778 καὶ
1524 1752 1679 1787 χαράκωμα
1699 1752 1862 1787 δυνάμεως*

1068 1794 1106 1826 ὡς
1120 1795 1229 1828 δοξάσαι
1252 1796 1326 1832 ἡμᾶς
1347 1796 1395 1823 τδν
1412 1796 1514 1830 ἀγαθὸν
1529 1796 1608 1832 ἡμῶν
1627 1796 1740 1831 Κύριον,
1759 1796 1806 1823 τὸν
1823 1797 1865 1833 μὴ

1068 1840 1178 1872 τελείως
1200 1840 1249 1876 τὴν
1268 1841 1399 1876 ταπεινὴν
1422 1841 1502 1876 ἡμῶν
1516 1841 1613 1875 γενεὰν
1628 1842 1863 1875 ἐγκαταλιπόντα,

1069 1886 1137 1913 ἀλλὰ
1152 1886 1231 1913 δόντα
1253 1887 1406 1922 σπινθῆρας
1419 1886 1552 1919 ζωτικοὺς
1568 1887 1623 1917 τοῖς
1640 1886 1778 1913 ἐθέλουσιν
1792 1886 1863 1913 ἀνει-

1069 1932 1256 1967 ζωπυρεῑσθαι
1277 1932 1346 1968 πρὸς
1364 1932 1413 1968 τὴν
1435 1933 1483 1967 τῆς
1499 1932 1640 1964 εὐσεϐείας
1663 1932 1862 1967 ἁγαθοεργίαν.

1071 1978 1149 2013 Ἔχει
1179 1979 1228 2013 μὲν
1255 1977 1327 2005 οὕτω
1353 1978 1450 2005 ταῦτα.
1480 1979 1536 2005 Καὶ
1558 1978 1641 2014 εὐχὴν
1664 1978 1804 2014 εὐχόμεθα
1823 1979 1863 2010 ὡς

1069 2024 1238 2060 ἁμαρτωλοὶ.
1255 2023 1396 2058 ἐπιμένειν
1413 2032 1461 2050 σου
1479 2023 1529 2059 τὴν
1548 2025 1598 2060 τῆς
1612 2023 1768 2058 ἁγιωσύνης
1788 2024 1864 2058 ζωὴν

1070 2069 1110 2101 εἰς
1125 2069 1262 2104 σωτηρίας
1277 2069 1439 2103 ὑπόδειγμα,
1455 2069 1521 2104 ἡμῖν
1532 2077 1562 2096 τε
1578 2069 1626 2096 καὶ
1640 2065 1756 2097 οἷστισιν
1769 2068 1863 2100 ἅλλοις

1072 2114 1254 2151 βουλομένοις.
1274 2115 1311 2142 Οὐ
1329 2115 1383 2150 γὰρ
1399 2115 1508 2147 πάντως
1524 2115 1550 2141 οἱ
1565 2115 1629 2146 τοὺς
1645 2114 1760 2146 κανόνας
1782 2123 1864 2150 στρε-

230 2164 294 2186 cant
318 2159 470 2187 doctrinam
494 2161 625 2193 veritatis,
651 2161 764 2188 minime
788 2161 901 2188 vident:
919 2162 967 2188 sed
992 2166 1016 2189 cl

1071 2161 1208 2192 ϐλοῦντες,
1224 2161 1270 2188 καὶ
1287 2162 1349 2192 τοὺς
1366 2161 1510 2196 γνώμονας
1525 2159 1706 2192 σκελίζοντες,
1722 2159 1863 2195 εὐθύτητα

230 2204 316 2233 risum
330 2205 425 2237 edunt,
442 2210 469 2233 et
482 2207 579 2240 probra
596 2207 733 2242 ingerunt.
749 2206 819 2239 Quid
828 2212 918 2234 autem
934 2207 1017 2241 aliud,

231 2258 312 2286 quam
340 2251 411 2286 quod
435 2252 499 2279 hinc
523 2252 608 2287 magis
632 2252 837 2285 conlirmamur,
862 2252 1018 2280 futilitatem

230 2296 346 2328 istorum
363 2302 390 2324 ct
404 2298 608 2326 instabilitatem
625 2306 680 2325 non
695 2298 869 2334 ignorantes?
884 2299 905 2325 Α
921 2299 1020 2333 quibus

231 2342 304 2378 quod
326 2342 433 2370 excelsa
451 2350 529 2370 mens
553 2347 598 2370 tua
613 2350 665 2369 non
679 2343 794 2378 capitur,
811 2343 889 2371 laude
903 2344 1016 2379 dignum

233 2391 320 2418 estet
342 2388 422 2416 nobis
443 2388 558 2416 multum
580 2389 710 2424 optabile.
733 2389 809 2417 Scire
827 2394 919 2417 autetn
944 2390 1018 2425 cupit

233 2433 300 2470 quid
315 2433 378 2460 novi
402 2434 533 2462 acciderit
547 2435 574 2461 in
598 2435 724 2470 praesenti
742 2436 861 2471 negotio.
885 2435 940 2463 Nos
955 2443 1019 2463 vero

233 2479 325 2512 dicere
338 2479 405 2513 nillil
427 2488 581 2515 possumus,
597 2489 630 2508 eo
642 2481 715 2516 quod
740 2481 918 2516 imperatores
932 2482 959 2508 in
975 2489 1020 2509 ca-

231 2526 296 2554 stris
307 2534 379 2554 nunc
388 2530 541 2558 versantur.
554 2527 592 2554 De
604 2528 757 2563 patriarcha
769 2528 841 2555 enim
851 2528 915 2562 quid
927 2528 1024 2555 attinet

233 2564 394 2606 loqunqui
419 2578 507 2606 neque
529 2571 578 2601 dat
604 2579 745 2607 responsa,
770 2579 859 2606 neque
888 2572 1026 2599 vultalios

233 2618 340 2653 audire,
355 2619 382 2645 in
398 2618 526 2646 omnibus
547 2618 647 2646 Casari
662 2619 825 2646 inserviens.
839 2619 873 2646 At
890 2618 1021 2646 Dominus

233 2661 345 2691 Simeon
362 2663 490 2699 bilinguis
502 2667 556 2696 cst,
567 2671 641 2691 nunc
664 2664 773 2698 quidem
799 2664 848 2695 sic,
860 2672 934 2691 nunc
946 2664 1025 2692 aliter

232 2709 363 2736 varians:
385 2709 437 2737 nisi
460 2709 533 2744 quod
556 2709 654 2737 iterum
682 2717 835 2737 sermonem
849 2711 1024 2742 contulimus,

233 2755 430 2790 veritatemque
446 2755 559 2783 minime
581 2755 823 2783 dissimulavimus.
840 2756 880 2784 Ac
903 2755 1020 2784 ﬂectitur

233 2801 344 2836 quidem
360 2801 557 2837 aliquantulum
573 2812 578 2829 :
591 2802 771 2829 nihilominus
787 2802 857 2829 idem
873 2807 974 2834 manet,
988 2811 1019 2830 ea

235 2855 295 2883 qua:
305 2847 473 2888 principibus
483 2852 556 2884 grata
565 2852 627 2876 sunt
636 2856 761 2884 quaerens
770 2853 797 2876 et
810 2849 941 2877 sentiens.
950 2849 1017 2877 Cum

1071 2206 1216 2242 βλέπουσιν
1242 2208 1271 2234 ὲν
1295 2208 1350 2239 τοῖς
1370 2206 1548 2242 όρθοτομοῦσι
1567 2206 1612 2233 τὸν
1632 2206 1711 2240 λόγον
1729 2206 1781 2241 τῆς
1797 2205 1862 2241 ἀλη-

1070 2252 1146 2285 θείας
1157 2260 1165 2268 ·
1179 2252 1247 2280 ἀλλὰ
1260 2253 1308 2280 καὶ
1321 2252 1428 2286 γέλωτα
1437 2252 1600 2285 ἀνάπτουσι,
1621 2252 1669 2279 καὶ
1690 2251 1863 2287 ὀνειδισμοὺς

1071 2298 1272 2334 προσάπτουσι.
1299 2298 1354 2325 Καὶ
1377 2298 1404 2324 τί
1428 2298 1504 2331 ἄλλο,
1527 2297 1544 2334 ἢ
1567 2298 1598 2325 τδ
1615 2297 1740 2324 ἐντεῦθεν
1760 2297 1864 2333 μᾶλλον

1072 2344 1249 2380 στερεοῦσθαι
1261 2346 1346 2380 ἡμᾶς,
1366 2345 1553 2380 μανθάνοντας
1569 2344 1599 2371 τδ
1619 2343 1719 2378 σαθρὸν
1736 2344 1785 2371 καὶ
1800 2344 1863 2370 tm-

1073 2390 1173 2425 σφαλὲς
1189 2390 1243 2418 τῶν
1267 2390 1416 2423 τοιούτων;
1436 2389 1497 2424 Ὑφ’
1514 2386 1553 2417 ὧν
1563 2390 1605 2417 ὅτι
1620 2390 1637 2424 ἡ
1651 2389 1685 2424 σὴ
1699 2388 1792 2423 ὑψηλὴ
1804 2389 1864 2416 διὰ-

1071 2444 1131 2463 νοια
1142 2436 1192 2471 οὐχ
1202 2436 1354 2468 ἁλίσκεται,
1369 2436 1533 2470 ἁξιάγαστον
1548 2435 1596 2463 καὶ
1608 2435 1673 2471 ἡμιν
1683 2434 1861 2461 πολύευκτον.

1073 2483 1154 2517 Ζητεῖ
1169 2482 1197 2508 δὲ
1212 2481 1307 2517 μαθεῖν
1319 2481 1334 2508 δ
1345 2490 1372 2508 τι
1385 2481 1480 2516 γέγονε
1496 2481 1653 2516 καινότερον
1667 2473 1734 2516 πρός
1750 2481 1803 2516 τὴν
1820 2481 1863 2507 ὲν-

1074 2526 1222 2562 ισταμὲνην
1236 2526 1364 2553 ὑπόθεσιν
1375 2534 1382 2540 ·
1406 2527 1454 2553 καὶ
1470 2527 1522 2553 οὐκ
1544 2526 1641 2562 ἔχομεν
1660 2526 1750 2560 λέγειν
1765 2525 1812 2552 διὰ
1833 2526 1862 2552 τὸ

1071 2572 1135 2603 τοὺς
1151 2571 1320 2609 κρατοῦντας
1341 2572 1372 2599 τὺ
1384 2571 1432 2599 νῦν
1443 2572 1632 2606 φοσσατεύειν.
1650 2572 1721 2607 Πρὸς
1739 2571 1796 2605 γὰρ
1816 2572 1861 2598 τὸν

1073 2618 1205 2654 ἀρχιερέα
1227 2618 1254 2645 τί
1272 2618 1314 2644 δεῖ
1332 2617 1381 2644 καὶ
1394 2618 1495 2652 λέγειν,
1511 2618 1582 2653 μήτε
1596 2617 1675 2652 λόγον
1689 2617 1861 2652 διαπέμψαν-

1072 2672 1117 2696 τα,
1134 2665 1202 2699 μήτε
1215 2663 1340 2691 ἐθέλοντα
1351 2663 1436 2699 ἀκοὴν
1453 2663 1675 2699 παραδέξασθαι,
1691 2663 1860 2698 ταμιευόμε-

1071 2718 1116 2737 νον
1129 2710 1219 2737 πάντα
1233 2709 1365 2745 Καίσαρι;
1386 2709 1416 2736 Ὀ
1433 2710 1487 2745 γὰρ
1503 2709 1598 2745 κύριος
1612 2708 1725 2744 Συμεὼν
1737 2709 1860 2743 ἀμφοτε-

1074 2755 1240 2791 ρόγλωσσος¹
1254 2755 1292 2791 πῆ
1312 2755 1362 2790 μὲν
1376 2755 1474 2787 οὕτως,
1490 2755 1528 2790 πῆ
1539 2755 1567 2782 δὲ
1583 2754 1670 2786 ἄλλως
1685 2753 1860 2789 μεταϐαλλό-

1075 2810 1154 2837 μενος
1165 2809 1172 2816 ·
1186 2800 1255 2836 πλὴν
1268 2801 1308 2828 ὅτι
1323 2800 1370 2828 καὶ
1383 2801 1463 2828 πάλιν
1477 2801 1633 2836 συνήραμεν
1646 2800 1735 2834 λόγον,
1747 2801 1797 2826 καὶ
1810 2801 1857 2834 οὐχ

1074 2849 1217 2885 ύςρήκαμεν
1233 2847 1282 2884 τῆς
1301 2847 1439 2884 ἀληθείη.
1463 2849 1516 2874 Καὶ
1536 2847 1634 2884 paulo)”
1654 2847 1703 2883 μὲν
1719 2846 1857 2883 μαλάσσει
