1926 3078
68 131 121 164 993
681 129 828 165 EPISTOI

936 136 954 166 vi
974 132 1048 166 LIII.
1072 135 1098 165 Ι.
1642 133 1696 167 994

66 195 128 216 ται·
147 187 224 225 μένει
238 187 267 215 δὲ
280 187 295 214 ὀ
308 187 399 220 αὐτὸς,
416 189 507 216 ἐκεῖνα
527 188 633 224 φρονῶν
656 190 703 217 καὶ
727 191 826 226 ζητῶν,

935 197 1002 220 item
1017 191 1236 228 proﬁcisceretur
1251 190 1313 226 pius
1331 189 1462 217 Dominus
1475 193 1578 221 noster,
1596 188 1695 218 iterum

65 234 152 269 ἀφετά
166 234 276 265 πάντως
289 235 346 265 τοῖς
362 234 519 269 κρατοῦσιν.
541 235 585 262 'Ev
596 235 625 262 δὲ
642 235 682 271 τῷ
698 236 825 272 ὲξέρχεσθ

939 238 1080 272 ripsimus,
1098 236 1157 272 ipso
1171 236 1211 263 sic
1229 235 1358 263 volente:
1379 242 1429 262 nos
1445 241 1512 262 vero
1525 233 1554 261 in
1579 241 1697 270 conspe-

64 279 112 306 τὺν
126 279 227 315 εὐσεϐῆ
241 279 321 314 ήμῶν
332 279 466 315 δεσπότην
479 279 560 306 πάλιν
573 281 763 316 γεγράφαμεν,
777 282 824 314 ὲκζ

938 290 982 310 um
996 291 1074 310 suum
1086 283 1179 310 venire
1196 282 1294 309 noluit.
1307 281 1441 308 Caeterum
1462 288 1514 308 nos
1528 285 1695 314 peccatores.

63 325 198 360 ςήσαντος
215 325 298 352 αὑτοῦ
311 325 389 352 τοῦτο
400 333 408 340 ·
423 325 470 353 καὶ
484 325 559 360 ὅμως
573 326 623 353 οὐκ
639 326 773 362 ἠθέλησεν
783 328 823 362 ἡμ

935 328 1004 355 Idem
1022 328 1050 355 in
1073 332 1157 361 statu,
1181 327 1315 362 siquidem
1338 327 1451 363 vigilant
1469 333 1565 361 preces
1585 332 1695 360 vestrae,

62 370 105 401 εις
115 369 178 404 δψιν
191 369 274 396 αὐτοῦ
289 369 386 397 ὲλθεῖν.
400 370 526 406 Μένομεν
543 371 570 398 δὲ
586 372 667 406 ἡμεῖς
686 373 710 399 οἱ
724 373 822 407 ἀμαρτι

937 373 1089 406 εηίειῑηιυε,
1116 374 1241 400 nolenles
1257 373 1372 407 prodere
1395 372 1549 406 Veritatem,
1565 380 1616 400 nec
1633 380 1697 408 par-

63 413 116 446 λοὶ,
130 414 211 450 ειπερ
221 415 355 450 γρηγορεῖ
367 415 384 450 ἡ
401 415 469 450 εὐχὴ
482 415 572 450 ἡμῶν,
583 416 724 448 ὡσαύτως,
741 417 779 452 μὴ
794 416 823 452 βο

937 419 1004 454 τίνες
1020 419 1127 446 illorum
1140 419 1341 446 communionis
1358 426 1439 451 esse;
1461 418 1570 445 etiamsi
1587 419 1697 454 impen-

62 460 174 495 λόμενοι
188 461 334 496 προδοῦναι
348 461 398 495 τὴν
410 461 551 496 ἀλήθειαν,
568 462 635 497 μηδὲ
649 464 796 498 μετασχεῖν
806 472 821 489 τ

937 469 971 491 εει
980 464 1116 496 exsilium,
1131 464 1193 491 licet
1205 464 1306 499 fulgeat
1315 464 1431 499 gladius.
1445 464 1509 491 licet
1519 464 1588 499 ignis
1599 471 1697 491 accen-

62 506 209 538 κοινωνίας
230 506 338 533 αὐτῶν·
354 506 406 534 κᾶν
424 506 514 542 ἐξορία
528 507 683 543 πρόκειται,
708 507 760 535 κᾶν
780 508 822 542 Ek;

935 513 997 537 itur.
1010 509 1064 536 Sed
1078 509 1130 536 hoc
1146 515 1276 544 praestare
1293 509 1364 536 haud
1376 517 1512 543 quaquam
1540 509 1676 544 possimus
1688 517 1695 542 ;

63 550 230 582 στιλϐοὖται.
244 551 296 577 κᾶν
311 550 367 586 πῦρ
386 551 551 586 summ.
575 552 645 578 Ἀλλ’
656 553 706 579 οὐκ
728 552 762 579 ἂν
776 552 823 579 τοῦ

937 563 969 582 im
984 555 1027 583 vel
1042 555 1100 582 solo
1114 554 1240 582 monachi
1257 554 1368 581 nomine
1390 554 1477 581 simus
1495 554 1598 589 indigni
1616 563 1623 587 ;
1644 554 1697 582 nisi

60 595 256 631 δυνηθείημεν,
272 595 376 628 ἀνάξιοι
395 597 575 631 τυγχάνοντες
590 596 637 623 τοῦ
660 597 706 624 καὶ
725 597 820 632 ὀνομάέ

937 608 997 628 cras
1012 608 1107 636 preces
1118 604 1223 628 vestras
1236 600 1380 627 attendens
1393 599 1535 630 Dominus.
1552 600 1697 628 imbecilli-

62 641 126 667 σθαι
152 642 234 676 μόνον
261 642 394 677 μοναχοί·
416 643 442 668 ει
469 642 505 678 μὴ
527 643 654 678 προσχὼν
677 643 780 678 Κύριος
794 652 822 670 το

937 651 990 673 tem
998 651 1120 673 nostram
1131 645 1360 681 fragilitatemque
1381 647 1550 673 corroboret.
1563 645 1697 678 Quocirca

61 687 213 722 ὑμετέραις
231 688 317 722 ἱεραῖς
333 688 498 723 προσευχαῖς
524 687 695 723 δυναμώσειε
721 689 751 715 τὸ
774 690 821 723 ὴμι

955 692 1009 719 hoc
1038 692 1126 727 ipsum
1152 691 1272 727 vigilate,
1296 691 1392 719 Patres
1417 691 1514 724 sancti,
1543 696 1696 719 vestrarum

61 733 177 764 ἀσθενὲς
189 734 235 759 καὶ
246 733 356 769 σαθρόν.
372 734 417 759 Διὸ
430 735 603 769 γρηγορεῖτε,
629 733 750 769 Πατέρες
769 735 821 768 ἅγιε

935 737 1025 764 ιι-ιὶυῐῐι
1041 745 1102 764 esse
1115 737 1259 770 ducentes,
1275 737 1348 764 sicut
1359 737 1449 772 reipsa
1459 742 1511 770 est,
1521 744 1695 765 communem

60 777 103 808 εἰς
124 777 191 803 αὐτὸ
206 776 296 809 τοῦτο,
311 777 445 813 ὑμέτερον
469 778 627 812 ἡγούμενοι,
644 778 712 813 ὅπερ
726 779 773 805 καὶ
786 779 820 805 ἓσι

940 783 1054 811 ilitatem
1078 791 1259 819 propugnare.
1285 783 1341 810 Deo
1353 788 1444 810 autem
1468 786 1608 810 annuente
1631 790 1696 818 pro-

60 822 94 848 τὺ
103 823 267 856 κοινωφελὲς
282 823 440 858 πρόϐλημα.
451 822 519 849 Θεοῦ
529 823 559 850 δὲ
573 823 696 850 κελεύσει
708 824 820 859 ὲξερχόμ

937 829 1032 856 :iscens
1056 829 1300 856 reverendissimus
1316 829 1401 856 frater
1424 834 1528 861 noster,
1541 833 1570 856 e‘t
1584 835 1697 856 (necno-

60 876 107 899 νος
133 869 148 894 ὁ
168 867 382 902 αιδεσιμὼτατος
405 867 518 902 ἀδελφὸς
537 868 626 903 ἡμῶν,
641 868 688 895 καὶ
710 868 820 903 οῑκονόμ

936 883 966 902 us
978 875 1065 903 sancti
1075 875 1234 902 monasterii
1245 876 1340 906 vestri,
1348 875 1495 902 missarum
1507 875 1540 902 ad
1550 879 1696 909 utramque

60 913 114 947 τῆς
127 913 210 947 ἀγίας
222 913 299 948 ὑμῶν
316 913 400 948 μονῆς
411 913 503 947 ἀγάγῃ
515 915 547 948 τῇ
561 912 700 949 ἁγιωσύνῃ
715 922 761 940 σου
780 914 820 940 ἀνα

936 927 1053 947 πεοηειῐι
1064 919 1241 954 epistularum
1258 920 1422 954 exemplaria
1442 920 1546 948 deferet
1558 920 1696 947 sanctitati

61 968 157 995 γραφα
171 960 226 986 τῶν
240 960 463 995 διαπεμφθεισῶν
482 960 632 987 ἐπιστολῶν
653 961 721 996 πρὸς
737 961 821 988 ἐκάτε

937 974 960 993 ω
974 974 982 999 ;
995 971 1026 993 ut
1041 973 1073 992 ex
1092 965 1135 992 his
1156 973 1200 992 res
1214 970 1322 993 nostras
1347 965 1492 992 dilucidius
1515 973 1695 1001 cognoscens.

61 1006 218 1041 πρόσωπα·
230 1006 274 1033 ἵνα
290 1005 438 1032 κάντεῦθεν
461 1006 659 1042 ἐναργέστερον
681 1007 821 1041 μανθάνοι-ιη

931 1013 1003 1040 irtim
1026 1012 1124 1040 litteris
1138 1012 1260 1047 adjuvet,
1283 1012 1381 1047 partim
1397 1012 1524 1046 precibus
1540 1016 1691 1038 succurrat.

58 1051 95 1079 τά
106 1051 168 1078 καθ’
177 1052 263 1087 ἡμᾶς.
273 1052 303 1078 τὸ
315 1051 364 1086 μὲν
375 1051 459 1087 βοηθῇ
468 1052 626 1087 γράμμασι,
636 1052 667 1079 τὸ
678 1052 708 1079 δὲ
719 1053 815 1079 ἑπικου

935 1057 964 1083 lia
977 1057 1100 1092 quaedam
1114 1060 1245 1091 praeterea
1259 1055 1335 1083 fratri
1345 1055 1541 1087 commisimus,
1551 1062 1612 1090 qua:
1624 1055 1695 1082 haud

60 1097 227 1133 ἱκετηρίαις.
243 1098 300 1125 Καὶ
314 1098 393 1126 ἀλλον
407 1098 436 1125 δέ
452 1106 513 1125 τινα
531 1098 709 1134 παρεθέμεθα
722 1098 761 1134 τῷ
775 1099 820 1126 ἅδε

935 1103 988 1130 thie
1014 1103 1150 1130 nuntiabit
1176 1107 1204 1130 et
1230 1106 1361 1137 exponet,
1377 1110 1439 1129 cum
1463 1102 1487 1128 ei
1511 1101 1695 1129 venerandam

59 1143 105 1178 φῷ
119 1143 216 1177 λόγον’
232 1144 332 1170 καύτὸν
351 1144 460 1176 πάντως
481 1144 628 1178 ἀναγγελεῖ
645 1144 691 1171 καὶ
705 1144 819 1171 ἀποδῶσι

934 1149 1004 1176 ciem
1027 1153 1102 1176 tuam
1125 1148 1219 1176 videre
1242 1148 1399 1183 contigerit.
1422 1147 1527 1175 Salutat
1551 1147 1693 1174 nobiScum

57 1189 180 1224 milia
207 1189 305 1225 φθάσει
333 1191 396 1217 ἰδεῖν
422 1190 468 1216 τὺν
493 1190 583 1224 τίμιόν
606 1199 654 1216 σου
677 1191 817 1226 χαρακτῆρ

971 1202 987 1220 n
997 1194 1228 1229 archiepiscopus,
1245 1193 1402 1229 Calogerus,
1414 1199 1442 1221 et
1455 1193 1538 1221 abbas
1552 1192 1696 1224 Leontius,
1707 1197 1731 1210 ε

59 1236 266 1272 Προσαγορεύει
282 1237 332 1263 σὺν
345 1237 412 1271 ἡμῖν
426 1237 474 1263 καὶ
495 1236 510 1262 ὁ
524 1236 748 1271 ἀρχιεπίσκοπος,
764 1236 779 1262 ὸ
797 1237 819 1262 Κ

948 1240 1040 1268 αξιοι-ἰ
1057 1240 1155 1268 fratres
1180 1241 1276 1267 nostri.
1293 1240 1401 1268 Sancta:
1423 1238 1627 1276 congregationi
1642 1243 1695 1266 tua

57 1281 187 1318 λόγηρος,
203 1283 250 1309 καὶ
266 1282 280 1308 ὁ
293 1281 380 1313 ἀϐὁᾶς
397 1282 535 1313 Λεόντιος,
557 1281 605 1308 καὶ
631 1283 647 1317 ὴ
671 1281 751 1317 λοιπὴ
775 1282 817 1316 ὴμι

635 1283 647 1317 ἢ
671 1281 751 1317 λοιπὴ
775 1281 854 1316 ἡμῶν
903 1287 1019 1315 salutem
1035 1294 1050 1314 a
1063 1287 1144 1319 nobis
1156 1286 1249 1314 dicere
1263 1286 1395 1322 digneris.

58 1326 221 1362 ἀδελφότης.
244 1327 300 1363 Τὴν
325 1327 406 1362 ἁγίαν
430 1335 477 1354 σου
500 1327 624 1355 συνοδίαν
644 1327 804 1362 προσειπεῖν
823 1326 853 1360 ἐξ

57 1373 76 1407 ἡ
81 1372 142 1408 μῶν
160 1372 340 1407 καταξίωσον.

220 1463 286 1492 KZ'.
300 1478 336 1484 —
345 1463 459 1498 Νικήτᾳ
475 1463 628 1498 πατρικιφ.
638 1461 726 1499 [μς’.]

1080 1461 1188 1490 XXVII.
1198 1477 1236 1482 —
1255 1461 1355 1490 Nicetis
1376 1462 1499 1496 putrida.

522 1547 573 1574 Cur
582 1553 676 1572 comam
687 1545 740 1571 suis
752 1542 910 1578 praeciderit:
929 1543 953 1570 id
965 1544 1034 1576 iuxta
1046 1551 1154 1570 canones
1164 1545 1227 1570 ﬁeri.

94 1622 168 1653 Τοὺς
182 1622 231 1657 μὲν
247 1620 343 1653 ἄλλους
356 1621 438 1656 τυχδν
454 1621 536 1657 χάρις
550 1621 709 1657 ἀνθρωπίνη
721 1620 851 1647 ἀναδιδά-

937 1618 1010 1646 Alios
1022 1619 1130 1654 quidem
1139 1618 1255 1647 fortasse
1269 1618 1354 1655 gratia
1379 1618 1521 1646 hominum
1534 1624 1695 1652 promovere

58 1669 121 1702 ζειν
137 1669 259 1703 πέφυκεν
269 1668 316 1695 ἐπὶ
327 1667 357 1694 τὸ
370 1667 438 1703 ὕψος
448 1668 502 1695 τῶν
516 1667 690 1703 ἀξιωμάτων.
709 1668 743 1694 Σὲ
759 1667 788 1694 δὲ
805 1676 818 1693 τ

934 1665 975 1691 let
983 1664 1016 1692 ad
1025 1665 1133 1692 culmen
1143 1665 1304 1700 dignitatum
1318 1674 1324 1691 :
1339 1670 1366 1692 te
1372 1672 1438 1692 vero
1446 1663 1598 1699 piissimum
1607 1671 1638 1691 ac
1646 1664 1694 1691 de-

58 1715 259 1743 ιὺσεσέστατον
270 1715 319 1742 καὶ
328 1715 509 1752 παμπόθητον
522 1717 538 1751 ἡ
543 1715 601 1751 μῶν
613 1715 757 1751 δεσπότην,
768 1716 818 1751 ἀρε

932 1712 1130 1740 deratissimum
1145 1712 1291 1739 Dominum
1314 1717 1438 1739 nostrum
1454 1719 1509 1739 non
1528 1711 1614 1747 gratia
1628 1710 1692 1744 ulla,

58 1762 100 1794 ὥς
118 1762 239 1797 ἀληθῶς.
253 1762 302 1789 καὶ
315 1762 345 1790 οὺ
358 1762 439 1798 χάρις
455 1770 507 1795 τις,
523 1762 660 1796 ἀνήγαγεν
675 1762 704 1788 ἐν
718 1760 757 1796 τῷ
773 1769 818 1796 μεγ

932 1759 952 1786 ιιῘ
976 1765 1070 1785 revera
1091 1757 1177 1785 virtus
1191 1757 1222 1785 ad
1250 1757 1434 1792 amplissimos
1450 1756 1570 1784 honores
1592 1756 1692 1788 evexit,

60 1807 105 1834 θει
116 1807 165 1834 τοῦ
179 1806 344 1842 ἀξιώματος,
361 1807 390 1834 οὺ
407 1807 456 1843 μὲν
469 1804 515 1834 οὖν
530 1806 602 1833 κατά
612 1815 674 1833 τινα
689 1806 794 1842 χρόνον,
807 1814 820 1832 κ

935 1813 958 1831 ιη
975 1804 1069 1839 utique
1083 1803 1123 1843 ad_
1135 1807 1244 1838 tempus
1257 1802 1379 1837 aliquod,
1396 1809 1485 1836 neque
1502 1801 1529 1828 in
1545 1808 1598 1828 una
1616 1805 1695 1835 pote-

60 1854 94 1880 ιν
110 1854 161 1889 μιᾷ
183 1839 308 1889 ἐξουσίᾳ.-
330 1839 464 1880 amem
482 1852 583 1883 παντὸς
604 1852 653 1879 καὶ
675 1839 819 1879 ὲνπολλαῑ

932 1854 997 1882 ate;
1017 1849 1065 1876 sed
1079 1839 1222 1884 perpetuo.
1244 1852 1273 1875 et
1299 1847 1326 1874 in
1349 1847 1453 1879 multis,
1484 1854 1594 1874 sumens
1626 1851 1651 1873 te
1666 1845 1692 1872 in

59 1898 159 1935 ὥσπερ
173 1899 234 1925 τινὰ
255 1899 356 1935 χρυσὸν
372 1897 628 1934 μεταχειριζομένη,
643 1898 690 1924 καὶ
707 1898 748 1929 είς
765 1897 819 1924 πάν

936 1902 1000 1921 anus
1011 1894 1088 1929 quasi
1099 1901 1194 1920 aurum
1205 1892 1352 1927 quoddam.
1372 1897 1399 1919 et
1418 1891 1452 1919 ad
1471 1899 1579 1918 omnem
1601 1891 1696 1926 cujus-

60 1945 185 1973 ὁντινοῦν
198 1945 302 1980 κόσμον
322 1946 355 1980 τῇ
371 1945 480 1971 εὐσεῆεἰ
494 1943 573 1979 ήμῶν
589 1943 715 1979 βασιλείᾳ
736 1942 820 1978 προσα

929 1940 1031 1967 ucmodi
1058 1943 1185 1967 ornatum
1209 1939 1255 1973 pio
1272 1937 1386 1973 imperio
1405 1942 1501 1964 nostro
1520 1943 1689 1972 proponens.

60 1991 176 2027 λομένη.
194 1991 249 2018 Καὶ
264 1992 299 2018 τὰ
318 1991 471 2026 πράγματα
491 1990 568 2024 δῆλα,
589 1989 641 2016 κᾶν
658 1990 740 2025 ἡμεῖς
760 1989 820 2024 μὴ]

933 1985 1054 2012 anifestae
1075 1989 1140 2012 sunt
1161 1992 1206 2011 res
1227 1984 1302 2018 ipsae,
1324 1983 1406 2010 etiam
1423 1982 1577 2009 tacentibus
1603 1982 1693 2009 nobis.

61 2045 170 2072 γωμεν.
187 2036 270 2062 Ὥστε
287 2036 335 2062 καὶ
349 2036 379 2062 τὸ
393 2035 440 2062 νῦν
456 2035 603 2069 ἀξιολόγως
619 2035 643 2062 οἱ
662 2034 821 2070 Χριστομίμ

933 2035 1076 2066 uapropter
1098 2030 1228 2065 praeclare
1244 2036 1318 2056 nunc
1337 2029 1418 2055 etiam
1441 2027 1581 2054 Christum
1596 2027 1693 2054 imitati

61 2090 105 2108 τοι
125 2081 206 2117 ήμῶν
221 2081 351 2116 βασιλεῖς,
367 2080 577 2116 ἀντιπρόσωπον
590 2080 640 2114 τῆς
655 2078 760 2106 ἑαυτῶν
773 2079 821 2106 καλ

932 2082 1082 2113 iperatores
1098 2075 1195 2106 nostri,
1211 2074 1318 2102 eximi-.e
1334 2081 1390 2101 suae
1401 2073 1544 2109 probitatis
1564 2073 1692 2100 aemulum

61 2127 200 2162 καγαθιας
215 2126 311 2154 ἐθεσάν
323 2136 353 2153 σε
368 2128 396 2153 ἐν
411 2127 524 2158 ταύταις
534 2127 594 2157 ταῖς
608 2126 726 2162 ἡμέραις
742 2126 806 2160 τῇδε
820 2139 821 2143 η

935 2126 1059 2151 atuerunt
1079 2125 1105 2148 te
1119 2121 1163 2148 his
1185 2120 1281 2148 diebus
1300 2119 1380 2155 regiae
1403 2119 1466 2146 huic
1486 2118 1601 2146 civitati.
1631 2118 1695 2147 Ha-c

63 2172 246 2209 βασιλευούσῃ
257 2172 344 2199 πόλει.
359 2171 521 2208 Αΰτηὲστὶν
533 2171 603 2206 ὑπὲρ
616 2171 667 2206 τῆς
682 2170 823 2206 πεμφθείσ

934 2177 956 2196 ’0
971 2167 1132 2196 transmissa
1154 2174 1229 2193 nunc
1244 2174 1258 2193 a
1279 2165 1380 2200 pietate
1401 2169 1446 2192 tua
1462 2171 1510 2199 per
1522 2164 1694 2192 tabellarium

63 2218 253 2255 προσηγορίας
270 2218 347 2254 παρά
360 2218 410 2253 τῆς
426 2217 567 2249 εύσεὸείας
581 2225 627 2244 σου
646 2217 676 2243 τὸ
689 2216 735 2244 νῦν
748 2216 792 2243 διὰ
806 2225 821 2242 τ

931 2214 1068 2242 nutatione
1093 2211 1263 2240 resalutatio.
1280 2211 1314 2238 Et
1333 2210 1443 2246 quidem
1469 2210 1609 2237 custodiat
1625 2215 1650 2237 te
1664 2211 1691 2238 in

63 2265 305 2300 γραμματηφόρου
325 2262 591 2298 ἀντιπροσφώνησις.
605 2262 660 2290 Καί
673 2270 705 2297 γε
722 2262 823 2298 Κύριος

934 2265 1048 2289 )εῑριύ[ῐι
1074 2259 1208 2287 Dominus
1229 2257 1302 2284 Deus
1325 2261 1418 2284 noster
1431 2256 1522 2283 anima
1538 2260 1565 2283 et
1579 2263 1694 2290 corpore

64 2310 131 2342 Θεὸς
144 2310 223 2346 ἡμῶν
237 2308 410 2344 διαφυλάξειε
427 2317 457 2335 σε
473 2309 604 2344 ἀπήμονα
615 2308 687 2343 ψυχῇ
699 2316 728 2334 τε
741 2308 787 2334 καὶ
800 2316 824 2333 σι

936 2306 1069 2334 columem
1085 2304 1113 2331 in
1124 2302 1359 2331 administratione
1372 2300 1480 2335 imperii
1491 2304 1518 2328 et
1528 2300 1672 2346 potestatis
1685 2308 1693 2327 :

66 2338 132 2391 ματι
148 2338 217 2391 πρὸς
226 2355 258 2382 τὸ
268 2338 343 2391 ἑξῆς,
358 2338 388 2382 ἐν
404 2354 444 2390 τῷ
459 2338 552 2390 ἄρχειν
566 2363 596 2380 τε
612 2338 826 2386 διαί-ἐξουσιάζει

932 2360 935 2379 ι
948 2358 992 2378 res
1003 2351 1070 2385 ipsae
1080 2347 1237 2376 testimonio
1249 2347 1319 2379 'sint,
1331 2349 1495 2380 potestatem
1504 2352 1520 2372 ι
1533 2338 1589 2371 Ιὶέο
1601 2344 1692 2371 datam

64 2390 103 2434 ὧς
119 2402 154 2429 ἂν
168 2390 223 2428 imo
241 2390 314 2428 85067
331 2409 372 2428 σοι
387 2400 421 2427 δι’
435 2400 525 2428 αὐτῶν
543 2403 598 2426 τῶν
618 2399 790 2435 πραγμάτων
806 2407 824 2433 μ

936 2398 999 2426 isse.
1007 2396 1140 2429 Quoniam
1148 2399 1238 2422 autem
1248 2393 1275 2420 in
1287 2392 1447 2420 humilitatis
1459 2395 1558 2419 nostra:
1568 2390 1694 2426 gratiam.

67 2447 241 2484 μαρτύρηται
264 2447 281 2482 ή
307 2446 414 2479 ἐξουσία
434 2445 567 2473 δεδόσθαι.
590 2445 698 2480 Ἐπειδὴ
720 2445 748 2472 δὲ
771 2445 827 2480 φειδ

935 2451 946 2470 c
966 2442 1039 2470 enim
1064 2440 1211 2472 credimus,
1231 2442 1259 2465 et
1273 2445 1328 2464 non
1352 2437 1441 2469 aliter,
1463 2436 1551 2472 pietas
1573 2439 1619 2463 tua
1632 2443 1695 2463 cum

129 2481 321 2524 ταπεινώσεως
336 2493 415 2528 ήμῶν
437 2491 519 2528 (οὕτω
534 2492 587 2527 γὰρ
613 2491 788 2527 πιστεύομεν,
807 2501 824 2518 χ

936 2491 992 2513 atre
1005 2489 1099 2513 nostro
1127 2484 1263 2511 collacum
1285 2487 1337 2515 est,
1354 2490 1413 2512 nos.
1429 2482 1455 2508 in
1471 2489 1504 2508 co
1513 2481 1586 2516 quod
1601 2481 1634 2508 ad
1654 2488 1696 2508 ca-

65 2527 116 2566 ούκ
130 2539 241 2573 ἄλλως),
253 2527 376 2573 διελέχθη
392 2538 462 2572 σουή
471 2537 597 2564 εὐσέϐεια
610 2536 648 2572 τῷ
659 2537 776 2572 ἀδελφῷ,
791 2545 824 2563 πε

938 2533 988 2560 llos
1002 2531 1109 2564 attinet,
1124 2531 1177 2557 hoc
1187 2534 1215 2557 et
1228 2529 1294 2556 illud
1306 2528 1395 2563 egisse
1410 2535 1418 2559 ;
1439 2531 1467 2554 et
1481 2527 1555 2561 quod
1571 2529 1697 2562 oporteat

66 2584 116 2619 τῆς
131 2583 286 2615 ὑποθέσεως
309 2583 365 2610 τῶν
381 2582 483 2618 τριχῶν
501 2582 580 2609 τοῦτο
599 2582 647 2608 καὶ
664 2582 753 2608 ἐκεῖνο
774 2589 826 2607 ποιι

935 2586 1018 2614 ιωρυε
1039 2576 1265 2608 considerare,et
1288 2573 1438 2602 secundum
1455 2580 1576 2600 canones
1600 2580 1695 2607 agere,

68 2618 173 2657 σάντων
189 2629 284 2664 ἡμῶν·
300 2629 349 2656 καὶ
371 2629 409 2660 ὡς
425 2628 484 2655 δέον
508 2629 555 2655 καὶ
572 2628 669 2662 καιρὸν
684 2627 828 2654 σκοπεῖσοσ

940 2632 992 2659 que
1011 2624 1081 2651 intra
1103 2622 1228 2657 proprios
1251 2620 1352 2648 limites
1374 2619 1535 2650 consistere,
1555 2625 1617 2645 cum
1635 2618 1699 2646 istic

69 2675 114 2702 καὶ
137 2663 287 2706 κανονικῶς
303 2674 443 2710 πράττειν,
461 2674 506 2700 καὶ¹
528 2674 557 2700 ἐν
575 2674 632 2705 τοῖς
649 2673 759 2704 οἰκείοις
779 2673 827 2708 apo

937 2670 1061 2698 itriarcha
1077 2668 1221 2703 praesideat
1236 2676 1244 2700 ;
1269 2673 1333 2694 vera
1353 2664 1551 2699 respondemus
1568 2672 1574 2690 :
1593 2663 1697 2710 gratias

70 2721 180 2756 μένειν·
210 2704 304 2756 ἐπειδὴ
326 2704 384 2747 ’καὶ
415 2704 587 2756 πατριάρχης
620 2704 830 2754 προκαθεζόμενι

937 2718 982 2744 ius
989 2720 1101 2752 agentes
1110 2719 1163 2741 tuae
1173 2712 1278 2749 pietati,
1289 2711 1360 2747 quod
1370 2711 1452 2738 rebus
1463 2709 1566 2737 nostris
1575 2704 1697 2736 studium

69 2763 140 2794 ὦδεο
164 2766 271 2802 τάληθῆ
299 2765 518 2801 ἀπολογούμεθα,
545 2766 680 2801 Πρότερον
705 2765 829 2800 ἀπευχαρ

947 2769 1041 2790 curam
1051 2761 1198 2796 impendat.
1215 2760 1247 2786 Et
1258 2759 1346 2786 decet.
1363 2756 1418 2784 lloc
1428 2756 1500 2783 enim
1515 2756 1603 2790 ipsum
1619 2762 1695 2782 sum-

71 2813 197 2844 στοῦνίιες
223 2813 312 2848 αὑτῇ·
341 2813 381 2839 ὅτι
412 2811 531 2839 πονοῦσα
560 2812 619 2837 ἐστι
645 2811 693 2837 καὶ
720 2810 831 2846 χηδομέκ

936 2816 956 2836 re
971 2808 1043 2834 illius
1052 2815 1132 2842 quam
1147 2805 1327 2841 praadicamus
1344 2802 1474 2830 bonitatis
1486 2806 1539 2829 tuae
1553 2801 1696 2837 proprium

72 2860 124 2887 τῶν
140 2859 202 2887 καθ’
217 2847 302 2895 ἡμᾶς.
319 2859 373 2886 Καὶ
393 2859 462 2886 δέον.
491 2857 601 2892 Ίδίωμα
617 2857 670 2892 γὰρ
687 2856 753 2883 αὐτὸ
767 2855 832 2882 τοῦτε

934 2859 958 2888 ηι,
982 2854 1096 2889 ejusque
1126 2854 1326 2887 argumentum.
1361 2849 1399 2876 Ac
1435 2847 1551 2876 fortasse
1580 2852 1694 2883 propter
