1926 3078
219 122 273 154 995

807 123 836 152 S.
851 119 1047 152 THEODORI
1067 121 1239 152 STUDITAi

1800 125 1851 158 996

218 178 448 215 propinquitatem
476 178 620 214 peculiaris
644 178 752 213 quidam
772 186 828 214 pra}
842 177 947 206 caeteris
962 176 1004 204 af-

1058 177 1104 202 καὶ
1130 177 1269 213 μαρτυρία
1298 178 1347 213 τῆς
1376 175 1466 214 ἧσπερ
1491 179 1697 216 ἀναγγέλλομέν
1721 189 1769 208 σου
1801 191 1850 209 κα-

219 226 307 253 fcctus
323 233 383 253 esse
396 226 487 254 debet.

253 315 339 351 Leges
359 322 423 350 ergo
438 314 537 342 divinae
550 318 626 346 sunt,
637 313 757 347 domine,
770 320 797 341 et
813 321 933 341 canones
944 314 1007 348 qni-

217 361 269 389 bus
291 361 401 388 ducitur
429 360 554 395 quisquis
577 359 707 395 pietatem
733 359 807 390 colit,
831 359 930 394 quibus
956 365 1008 386 nec

217 407 279 435 addi
302 407 449 442 quidquam
466 406 507 434 fas
531 411 583 439 est,
603 414 654 433 nec
667 405 784 433 detrahi.
800 405 833 432 lli
850 412 900 432 nos
913 404 1005 437 etiam,

217 453 316 481 millies
342 452 407 480 licet
427 460 560 484 erremus,
576 456 604 478 et
615 451 675 478 aliis
696 451 723 478 in
741 451 832 484 rebus,
858 455 886 477 et
903 450 930 476 in
956 450 1008 477 hac

217 499 405 535 capillatorum
430 506 522 531 causa,
558 498 692 525 inhibent.
717 498 751 525 Et
776 497 1006 532 quemadmodum

217 546 338 582 potentia
355 550 400 572 tua
417 545 524 580 piorum
540 545 718 572 Dominorum
734 548 890 571 nostrorum
907 547 1007 570 statuta

217 593 364 620 observare
387 591 489 620 studet.
515 599 589 618 nunc
614 590 761 617 incidentia
779 589 913 622 referens,
931 596 1007 617 nunc

217 638 350 673 imperata
365 644 529 672 exsequens,
555 636 751 671 includensque
766 640 794 663 et
810 635 964 669 elimiuans,
979 640 1007 663 et

217 691 388 719 quaecunque
400 684 450 711 alia
466 683 640 718 contingunt,
660 682 763 710 nullius
777 683 893 710 reverita
906 690 1005 717 perso-

216 739 279 758 nam
295 737 385 765 neque
407 738 517 765 parvam
538 737 628 764 neque
650 737 777 765 magnam
802 738 809 756 :
834 729 907 764 quod
931 728 1006 755 enim

217 777 302 805 semel
317 777 429 809 audivit,
444 781 470 804 et
483 776 646 811 imperatum
671 779 723 808 est,
740 775 853 810 implere
869 774 980 802 festinat
996 783 1004 808 ;

217 830 279 850 cum
292 822 444 858 periculum
459 822 495 849 sit
510 829 565 848 non
579 822 647 855 leve,
660 821 801 856 paululum
812 820 924 848 differre
941 829 947 847 :
965 820 1006 847 sic

216 877 292 903 ergo,
307 876 340 896 ac
357 869 442 895 multo
459 868 555 903 magis,
580 867 659 895 nobis
681 867 727 902 qui
747 866 899 894 sacerdotio
917 865 1006 901 fungi-

218 923 288 947 mur,
305 914 392 949 majus
407 919 435 941 et
449 913 608 941 damnosius
620 918 662 940 est
674 913 837 948 periculum,
853 920 907 939 non
916 912 1008 939 omnia

217 958 338 996 explere,
364 967 425 994 qua:
440 967 455 987 a
471 967 535 995 rege
561 960 753 986 universorum
774 958 829 986 Deo
852 966 902 993 per
915 965 1008 986 sacros

217 1014 336 1034 canones
354 1010 382 1033 et
402 1006 511 1034 divinos
531 1005 626 1032 Patres
640 1005 744 1032 sancita
760 1008 833 1031 sunt.
850 1003 929 1036 Quod
943 1011 1008 1031 vero

218 1057 384 1088 praeceptum
412 1053 448 1080 sit
471 1053 606 1081 divinum.
633 1051 722 1086 primo
750 1050 861 1085 quidem
887 1049 1008 1077 declarat

217 1098 365 1133 Apostolus
378 1099 400 1114 "
415 1106 422 1130 ;
438 1098 538 1125 deinde
555 1097 774 1125 Constitutiones
787 1097 809 1112 ⁷⁸
822 1106 827 1122 :
849 1099 906 1122 tum
921 1094 1008 1130 Chry-

218 1148 355 1172 sostomus
367 1143 402 1176 ",
428 1147 555 1170 astruens
574 1146 717 1177 peccatum
740 1141 769 1168 in
791 1140 920 1168 confesso
934 1147 1006 1170 esse.

218 1189 240 1216 si
266 1189 307 1216 vir
323 1196 429 1216 comam
447 1189 501 1216 alat
522 1197 528 1216 :
546 1188 656 1216 demum
674 1192 775 1214 sanctae
798 1186 900 1222 Synodi
923 1190 1007 1213 sextae

218 1241 307 1262 canon
321 1234 354 1266 ⁷⁸,
378 1233 692 1262 excommunicationem
719 1233 754 1259 iis
769 1232 815 1267 qui
831 1239 886 1258 non
899 1232 1007 1258 obtem-

219 1284 318 1316 perant
335 1280 458 1308 indicens
474 1289 480 1307 :
497 1287 578 1315 quem
592 1287 646 1306 una
670 1278 794 1306 misimus
809 1282 839 1305 ut
851 1279 903 1305 hoc
915 1277 1007 1304 audito

219 1330 366 1362 cognoscat
375 1334 425 1353 nos
441 1330 598 1360 peccatores
611 1328 688 1352 extra
700 1331 820 1351 canones
833 1323 901 1350 nihil
915 1329 1005 1358 agere.

219 1371 313 1407 Neque
339 1379 389 1399 nos
403 1371 517 1400 canonis
536 1370 617 1405 hujus
637 1374 777 1405 compotes
795 1377 867 1397 nunc
887 1369 1006 1404 primum

220 1417 284 1446 facti
310 1425 414 1449 sumus,
429 1417 476 1444 sed
503 1417 604 1444 dudum
628 1426 634 1444 :
662 1417 743 1451 idque
760 1419 935 1451 perspectum
954 1414 1008 1442 fuit

216 1464 383 1500 praecedenti
413 1464 495 1491 etiam
516 1463 685 1498 patriarchae.
701 1461 768 1489 Nam
783 1466 810 1489 ct
824 1467 1007 1497 congruenter

1024 844 1044 872 Β

1058 224 1224 258 λοκαγαθίας
1245 233 1252 239 ·
1272 225 1342 259 τάχα
1357 225 1385 251 δὲ
1402 226 1449 252 καὶ
1468 225 1512 251 διὲ
1537 226 1587 260 τὴν
1601 227 1762 261 ἀγχιστείαν
1777 228 1852 263 69:!-

1058 270 1098 296 λει
1115 279 1157 301 τις
1173 269 1243 297 εἴναι
1261 271 1403 306 ἰδικωτέρα
1422 271 1498 307 παρὰ
1515 273 1578 304 τοὺς
1604 273 1701 306 ἄλλους
1719 274 1850 307 διάθεσις.

1092 317 1180 351 Νόμοι
1198 317 1354 351 τοιγαροῦν,
1372 315 1394 344 ὣ
1416 318 1552 352 δέσποτα,
1564 318 1649 352 θεῖοι,
1667 320 1714 347 καὶ
1736 321 1850 353 κανόνες

1058 363 1126 389 εἰσιν
1137 363 1161 389 οἱ
1174 363 1287 396 ἄγοντες
1299 363 1389 390 πάντα
1399 364 1444 390 τὸν
1460 365 1628 393 εὐσεϐοῦντα
1638 373 1645 379 ·
1666 368 1734 401 παρ’
1747 364 1789 399 οἷς
1801 368 1851 395 οὐκ

1058 409 1131 436 ἐστιν
1151 408 1213 435 οὔτε
1237 409 1394 445 πρόσθεσιν,
1407 410 1469 436 οὔτε
1487 409 1585 445 ὕφεσιν
1602 412 1753 439 ποιεῖσθαι.
1768 413 1851 440 Αὐτοὶ

1057 455 1106 481 καὶ
1125 455 1198 490 ἡμᾶς
1214 455 1279 486 τοὺς
1292 455 1451 487 ταπεινοὺς,
1467 456 1491 482 εί
1509 456 1557 483 καὶ
1579 457 1714 492 μυριάκις
1731 458 1851 492 σφαλλό-

1059 502 1138 537 μεθα,
1159 501 1228 537 πρὸς
1242 502 1303 533 ταῖς
1319 501 1414 533 ἄλλαις
1429 502 1588 534 ὑποθέσεσι,
1605 503 1652 528 καὶ
1669 503 1711 534 είς
1727 503 1779 538 τὴν
1796 504 1850 530 τῶν

1057 550 1215 584 κομώντων,
1235 548 1351 584 ῐσχουσι.
1368 549 1423 575 Καὶ
1453 547 1548 584 ὥσπερ
1566 549 1582 584 ή
1605 548 1716 581 ἐξουσία
1737 558 1786 576 σου
1816 551 1852 577 τὰ

1056 595 1257 630 διατεταγμένα
1282 594 1352 630 πρὸς
1379 594 1432 621 τῶν
1461 595 1586 621 εὐσεϐῶν
1615 595 1695 630 ἡμῶν
1712 596 1851 623 δεσποτῶν

1057 641 1201 677 φυλάττειν
1225 640 1435 675 διαγωνίζεται·
1449 640 1488 675 πῆ
1517 641 1566 675 μὲν
1581 641 1786 675 ἀναγγέλλουσι
1816 642 1851 669 τὰ

1057 687 1260 722 συμϐαίνοντα,
1291 686 1330 721 πῆ
1362 686 1391 712 δὲ
1432 686 1608 721 ἐκπληροῦσα
1639 686 1673 713 τὰ
1711 695 1850 722 προστασ-

1057 734 1180 769 σόμενα·
1202 733 1334 768 εἷργουσά
1360 741 1390 759 τε
1422 733 1468 759 καὶ
1502 732 1684 768 ἀφορίζουσα,
1719 733 1769 760 καὶ
1800 734 1850 761 ὅσα

1056 778 1123 806 ἄλλα
1163 777 1378 814 ἐπιπμὸαίνειο
1409 778 1440 804 οὐ
1472 777 1673 813 δυσωπουμένη
1713 778 1850 813 πρόσωπά

1058 834 1118 852 τινα
1133 824 1197 860 [ms.
1217 825 1284 860 Reg.
1303 825 1443 861 προσώπῳ
1463 824 1552 860 mnu],
1577 824 1639 852 οὗτε
1666 825 1764 860 μικρὰ,
1788 825 1850 852 οὔτε

1060 869 1183 905 μεγάλα·
1209 869 1282 903 ἅπαξ
1313 869 1368 904 γὰρ
1395 869 1410 895 δ
1433 870 1536 904 ἢκουσε
1557 870 1603 896 καὶ
1634 870 1778 904 numq.
1803 871 1850 896 ἐκ·

1058 915 1180 951 πληροῦν
1190 915 1411 942 κατασπεύδεται
1422 923 1429 930 '
1447 915 1570 947 κίνδυνος
1584 916 1639 951 γὰρ
1662 916 1710 951 οὐχ
1726 917 1741 942 ό
1759 916 1850 950 τυχὼν

1058 962 1109 989 κᾶν
1138 962 1205 997 πρὸς
1227 961 1325 997 μικρὸν
1347 960 1567 988 ἀναϐάλλεσθαι·
1589 961 1660 988 οὕτω
1684 962 1777 988 τοίνυν
1803 962 1849 988 καὶ

1057 1008 1147 1043 πολλῷ
1172 1008 1272 1043 μᾶλλον
1285 1008 1328 1042 ἐφ’
1345 1008 1411 1042 ἡμῖν
1431 1008 1490 1039 τοῖς
1510 1007 1624 1043 λαχοῦσι
1638 1007 1670 1034 τὸ
1684 1008 1847 1042 ἱερατεύειν,

1059 1051 1162 1087 μείζων
1176 1052 1223 1077 καὶ
1237 1051 1432 1086 ὀλεθριώτερος
1442 1052 1456 1077 ό
1467 1052 1605 1084 κίνδυνος,
1623 1053 1661 1087 μὴ
1673 1052 1849 1088 ἀποπεραιώ-

1058 1105 1116 1123 σειν
1137 1097 1228 1124 πάντα
1239 1097 1274 1123 τὰ
1293 1097 1338 1123 διὰ
1354 1097 1408 1123 τῶν
1427 1097 1508 1124 θείων
1527 1097 1660 1130 κανόνων,
1679 1098 1728 1124 καὶ
1744 1097 1850 1129 ,θεσπε-

1058 1142 1123 1168 σίων
1143 1142 1273 1177 Πατέρων
1284 1161 1292 1174 ,
1312 1142 1388 1177 παρὰ
1404 1143 1452 1169 τοῦ
1471 1143 1605 1178 βασιλέως
1627 1142 1681 1169 τῶν
1696 1143 1765 1170 ὅλων
1780 1143 1848 1170 Θεοῦ

1057 1186 1296 1222 προστασσόμενα.
1311 1187 1372 1213 Ὂτι
1388 1187 1417 1214 δὲ
1439 1188 1605 1223 πρόσταγμα
1627 1187 1710 1221 θεῖον,
1740 1188 1850 1224 πρῶτον

1058 1232 1108 1267 μὲν
1124 1234 1237 1268 φανεροῖ
1249 1234 1264 1259 ὁ
1279 1233 1439 1265 ’Ᾱπόστολος
1448 1241 1456 1248 ·
1467 1233 1564 1260 ἔπειτα
1579 1234 1606 1260 αἱ
1621 1233 1758 1266 διατάξεις
1771 1241 1779 1249 ⁵
1790 1231 1850 1261 εἶτα

1056 1280 1071 1305 δ
1084 1279 1275 1314 Χρυσόστομος
1285 1287 1292 1295 ⁸
1304 1279 1519 1311 κατασκευάζων
1536 1280 1690 1315 ἁμάρτημα
1701 1281 1848 1315 ὁμολογού-

1059 1333 1139 1360 μενον
1148 1322 1219 1352 εἶναι
1230 1325 1262 1351 τὸ
1273 1326 1363 1361 κομᾷν
1374 1326 1437 1357 τοὺς
1447 1325 1548 1361 ἄνδρας
1560 1334 1566 1341 ·
1578 1326 1735 1353 τελευταῖον
1745 1327 1760 1352 ὁ
1771 1326 1848 1362 παρά

1056 1371 1089 1405 τῇ
1112 1370 1179 1406 ἕκτῃ
1201 1370 1268 1405 ἁγίᾳ
1290 1370 1393 1405 συνόδῳ
1416 1370 1519 1404 κανὼν,
1534 1372 1715 1407 προστάσσων
1731 1373 1779 1398 καὶ
1795 1372 1849 1407 ἁφ-

1057 1416 1170 1451 ορισμὸν
1186 1417 1242 1448 τοῖς
1256 1416 1293 1452 μὴ
1307 1417 1480 1452 πειθομένοις
1494 1425 1500 1431 ·
1512 1417 1541 1444 ὃν
1558 1417 1606 1444 καὶ
1620 1418 1768 1444 ἀπέστειλα
1781 1425 1789 1432 ο
1805 1418 1848 1445 ἵνα

1057 1461 1191 1497 αὐτήκοος
1203 1463 1351 1498 γενομένη,
1368 1463 1447 1498 γνοίη
1461 1464 1544 1498 μηδὲν
1557 1464 1632 1499 ἡμᾶς
1640 1465 1704 1496 τοὺς
1715 1465 1849 1500 ἁμαρτω-

219 1509 300 1536 nobis
314 1509 421 1535 locutus
432 1513 483 1542 est,
501 1516 556 1535 non
574 1507 795 1542 increpans;qui
808 1507 881 1534 enim
898 1510 1005 1542 poterat

1058 1507 1121 1539 λοὺς
1136 1508 1321 1540 ἀκανονίστως
1341 1510 1437 1536 ποιεῖν.
1455 1508 1552 1544 Ἡμεῖς
1568 1509 1597 1536 δὲ
1617 1509 1714 1536 τούτου
1736 1509 1783 1536 τοῦ
1800 1519 1850 1536 xa-

219 1559 345 1584 exstante
359 1562 463 1582 canone
476 1554 488 1580 ⁸ί
504 1554 551 1582 sed
572 1554 737 1589 approbans,
753 1557 782 1580 et
794 1552 908 1581 canonis
922 1552 1004 1580 etiam

219 1601 387 1629 mentionem
409 1608 425 1628 a
446 1608 490 1628 me
504 1600 601 1627 factam
621 1607 682 1627 esse
707 1599 801 1627 dicens
819 1608 825 1626 :
850 1606 1005 1634 quanquam

219 1647 305 1675 auditi
320 1654 374 1674 non
394 1654 498 1674 sumus.
514 1646 613 1674 Verum
626 1645 661 1673 de
675 1645 881 1680 dispensatione
895 1644 1005 1679 quidem

219 1694 293 1722 haud
314 1694 381 1721 satis
401 1697 496 1720 exacte
510 1692 580 1727 apud
599 1691 688 1727 ipsum
713 1691 923 1718 disserebamus.
950 1689 1006 1718 Nos

217 1748 283 1768 vero
304 1740 439 1767 hactenus
459 1739 486 1766 in
507 1739 580 1766 hunc
603 1738 713 1765 modum
731 1737 923 1772 transegimus,
950 1745 1005 1764 non

217 1787 326 1823 publice
339 1785 423 1814 verba
438 1784 571 1812 facientes
589 1784 672 1818 ;quia
687 1783 808 1818 episcopi
819 1791 874 1810 non
891 1790 984 1810 sumus
997 1790 1004 1810 :

217 1833 266 1861 sed
279 1833 306 1859 in
322 1831 429 1867 propria
445 1829 564 1858 Ecclesia
586 1829 763 1862 excubantes,
775 1829 839 1864 quia
854 1829 1006 1856 sacerdotio

217 1876 367 1912 fungimur,
385 1883 417 1903 ac
435 1874 512 1902 nefas
525 1879 566 1902 est
577 1881 676 1909 corpus
686 1877 715 1901 et
726 1874 886 1909 sanguinem
898 1874 1004 1902 Domini

217 1921 304 1950 nostri
317 1921 382 1949 Jesu
393 1920 495 1948 Christi
510 1920 625 1955 prodere
637 1920 671 1947 iis
685 1920 731 1955 qui
743 1919 886 1947 manifeste
903 1920 1005 1947 obstri-

216 1967 253 1996 cti
282 1970 347 1995 sunt
374 1970 547 2002 peccatozet
561 1966 684 2001 quisquis
710 1965 756 1993 ille
779 1966 823 1997 sit,
847 1973 901 1992 non
931 1966 1003 1999 novi,

216 2012 270 2040 nisi
291 2011 510 2040 emendationem
535 2010 686 2046 promittat.
709 2009 855 2038 Enimvero
870 2010 962 2037 multis
977 2015 1005 2038 et

217 2057 383 2086 indulsimus
399 2061 426 2084 et
450 2056 621 2092 indulgemus
640 2055 674 2083 ad
690 2063 771 2082 unam
794 2063 880 2090 usque
897 2060 925 2082 et
938 2056 1005 2083 alte-

217 2111 275 2130 ram
288 2101 529 2129 commonitionem
541 2101 584 2129 vel
596 2101 678 2128 ctiam
693 2101 813 2128 tertiam:
825 2100 898 2136 quod
912 2105 1003 2128 autem

1060 1554 1134 1585 νόνος
1156 1554 1207 1580 οὐκ
1226 1555 1384 1589 ἐπικρατεῖς
1398 1554 1445 1581 νῦν
1462 1555 1625 1590 γεγόναμεν,
1645 1554 1714 1582 ἀλλὰ
1740 1555 1824 1582 πάλαι
1840 1561 1848 1570 '

1060 1601 1106 1627 καὶ
1125 1601 1244 1634 γνωστὸν
1258 1601 1355 1635 γέγονε
1366 1602 1412 1628 καὶ
1426 1601 1464 1637 τῷ
1477 1602 1701 1637 προηγησαμένῳ
1716 1601 1850 1637 πατριάρ-

1060 1655 1111 1682 χῃ·
1127 1646 1190 1673 ἐπεὶ
1206 1647 1254 1673 καὶ
1279 1647 1405 1682 διελέχθη
1422 1647 1502 1682 ἡμῶν
1519 1648 1554 1675 τὰ
1569 1647 1663 1674 εἰκότα
1676 1655 1683 1662 '
1699 1647 1750 1674 οὐκ
1762 1648 1849 1681 ἐγκα-

1059 1693 1124 1726 λῶν,
1144 1693 1202 1720 ἀλλ’
1221 1692 1420 1728 ἀποδεχόμενος
1435 1701 1441 1708 ·
1461 1693 1521 1724 πῶς
1535 1694 1589 1728 γὰρ
1605 1694 1638 1720 ἂν
1657 1693 1706 1720 καὶ
1721 1693 1849 1727 ἠδύνατο,

1059 1738 1171 1770 κανόνος
1192 1738 1320 1774 κειμένου
1340 1746 1347 1771 ;
1363 1738 1451 1773 λέγων
1464 1747 1495 1764 τε
1518 1739 1560 1765 ὅτι
1573 1738 1668 1773 γέγονε
1683 1739 1768 1774 κάμοὶ
1783 1739 1850 1765 ὑπό-

1061 1794 1160 1820 μνησις
1173 1785 1238 1820 περὶ
1250 1785 1345 1812 τούτου
1355 1792 1362 1800 °
1374 1785 1427 1812 κᾶν
1442 1785 1494 1812 οὐκ
1506 1785 1676 1821 ὴκούσμεθα.
1692 1785 1763 1812 Ἀλλ’
1780 1785 1851 1812 ἐκεί-

1059 1840 1097 1866 νῳ
1117 1831 1167 1865 μὲν
1178 1830 1227 1865 τὴν
1241 1829 1398 1865 οἰκονομίαν
1414 1829 1464 1857 οὐκ
1475 1829 1655 1866 ἡκριὸολογού
1661 1829 1731 1865 μεθα
1744 1837 1750 1844 ·
1768 1830 1850 1865 ἡμεῖς

1059 1878 1088 1904 δὲ
1107 1877 1160 1909 ἕως
1181 1877 1229 1903 τοῦ
1249 1876 1296 1903 νῦν
1313 1876 1385 1904 οὕτω
1406 1876 1564 1912 διήλθομεν,
1580 1877 1610 1903 οὐ
1628 1876 1768 1912 δημοσίως
1788 1875 1850 1902 δια-

1059 1922 1240 1958 γορεύοντες·
1256 1922 1317 1948 ἐπεὶ
1348 1922 1415 1957 μηδὲ
1441 1921 1668 1956 ἐπισκοποῦμεν·
1703 1921 1733 1947 ἐν
1761 1921 1790 1947 δὲ
1815 1921 1849 1956 τῇ

1058 1968 1147 2003 οἰκείᾳ
1168 1968 1318 2004 Ἐκκλησία
1333 1967 1540 2003 φυλαττόμενοι,
1556 1967 1624 1994 διότι
1648 1966 1828 2002 ίερατεύομεν
1841 1973 1848 1980 '

1059 2015 1105 2042 καὶ
1115 2015 1246 2050 προέσθαι
1256 2014 1287 2041 τὺ
1299 2014 1379 2050 σῶμα
1392 2014 1438 2040 καὶ
1450 2011 1519 2049 αἷμα
1528 2013 1575 2040 τοῦ
1588 2013 1692 2048 Κυρίου
1701 2013 1718 2048 ἡ
1723 2012 1783 2048 μῶν
1797 2013 1851 2047 Ἰη-

1059 2061 1106 2088 σοῦ
1114 2060 1233 2096 Χριστοῦ
1243 2061 1271 2087 ἐν
1282 2061 1339 2091 τοῖς
1349 2059 1573 2095 ὁμολογουμένως
1586 2060 1787 2095 κρατουμένοις
1803 2058 1850 2092 ὑφ’

1059 2107 1167 2142 ἁμαρτή
1173 2107 1318 2142 ματος,οὐχ
1325 2104 1381 2133 οἶόν
1389 2107 1419 2133 τέ
1425 2108 1492 2133 ἐστι.
1503 2105 1707 2133 Κᾶνόστιστοῦν
1714 2106 1849 2141 τυγχάνῃ,

216 2150 344 2185 amplius,
368 2149 542 2185 negligentia,
561 2153 588 2176 et
603 2156 739 2176 canonum
759 2149 929 2184 contemptio
949 2153 1002 2182 est,

1058 2153 1106 2180 οὐκ
1120 2150 1188 2179 οῐδα’
1202 2152 1227 2178 εί
1240 2152 1277 2187 μὴ
1288 2151 1486 2186 ἐπαγγέλλεται
1500 2150 1550 2186 τὴν
1560 2150 1780 2186 ὁιόρθωσιν.”Καὶ
1794 2151 1851 2184 γὰρ

215 2184 271 2224 vel,
279 2196 326 2224 Dei
343 2196 434 2230 potius
447 2184 463 2222 a
478 2203 532 2230 quo
547 2195 648 2223 conditi
663 2199 737 2222 sunt.
749 2195 813 2223 Hac
826 2200 867 2224 est
881 2195 1004 2224 defensio
1017 2184 1044 2214 D

215 2247 320 2274 nostra,
338 2241 462 2273 Domine,
472 2241 544 2275 apud
563 2241 695 2268 illustrem
709 2241 898 2269 excellentiam
909 2246 981 2269 tuam
996 2249 1004 2275 ;

215 2295 297 2324 quam
328 2295 482 2322 precamur,
507 2290 537 2313 ut
549 2294 714 2322 quocunque
745 2287 816 2314 fama
841 2288 1003 2322 pervaserit,

216 2338 343 2370 tanquam
360 2334 388 2361 in
399 2333 485 2361 oculis
493 2333 552 2365 Dei,
570 2340 585 2360 a
596 2340 649 2368 quo
657 2333 802 2369 iudicanda
811 2337 838 2361 et
851 2334 1005 2361 mercedem

216 2387 360 2417 receptura
386 2385 440 2412 est.
461 2381 652 2409 convenientia
673 2385 811 2416 suggerat.
837 2380 916 2414 Quod
931 2381 1005 2408 enim

217 2436 299 2456 manu
314 2433 406 2455 nostra
418 2427 565 2462 quidquam
579 2427 624 2455 hic
634 2427 715 2455 alicui
731 2427 890 2461 fecerimus,
910 2427 1008 2455 ridicu-

217 2474 274 2501 lum
298 2477 340 2500 cst
354 2473 397 2501 vel
423 2473 497 2500 credi
514 2473 549 2500 ab
574 2473 628 2500 ullo
643 2472 688 2508 qui
704 2473 801 2508 sapiat.
819 2472 899 2500 Nullo
914 2473 1006 2500 modo.

217 2518 270 2547 Sed
284 2518 466 2554 quodcunque
481 2518 595 2555 egimus,
608 2518 636 2546 id
650 2525 713 2545 cum
730 2518 805 2545 omni
823 2518 1008 2546 obtestatione

216 2564 346 2599 omnique
373 2564 564 2598 recipientium
595 2563 792 2598 approbatione
818 2567 924 2598 gestum
953 2568 1005 2595 est,

217 2615 275 2637 tum
299 2613 328 2636 et
344 2608 461 2637 crinium
477 2608 627 2644 amputatio
643 2608 671 2634 in
691 2608 724 2634 iis
741 2607 788 2642 qui
804 2608 1004 2642 propemodum

217 2655 326 2691 cingulo
342 2659 422 2683 tenus
446 2655 546 2682 comati
562 2659 651 2685 erant.
667 2658 793 2689 tanquam
815 2654 947 2682 socordia:
957 2655 1005 2682 de-

217 2701 283 2734 diti;
297 2708 331 2728 ne
344 2701 485 2728 videamur
501 2700 543 2727 vel
560 2700 694 2727 tantillum
708 2707 724 2727 a
734 2707 839 2727 canone
852 2701 981 2728 recedere
998 2710 1005 2735 ;

219 2754 304 2782 utque
321 2746 384 2774 hinc
402 2747 518 2774 fortasse
533 2746 622 2781 aliqua
637 2745 682 2773 fiat
696 2745 727 2772 ad
744 2746 856 2773 meliora
874 2746 1006 2774 instaura-

1058 2198 1165 2230 πολλοῖς
1178 2198 1225 2224 καὶ
1239 2197 1470 2232 συνεχωρήσαμεν
1478 2197 1525 2223 καὶ
1535 2195 1756 2231 παραχωροῦμεν
1767 2195 1850 2231 μέχρι

1061 2245 1125 2278 μιᾶς
1138 2243 1187 2270 καὶ
1201 2242 1332 2277 δευτέρας
1347 2242 1539 2277 ὑπομνήσεως,
1556 2242 1573 2276 ἢ
1588 2242 1635 2269 καὶ
1646 2242 1744 2277 τρίτης
1760 2250 1768 2256 ·
1780 2241 1812 2268 τὸ
1822 2241 1851 2268 δέ

1058 2289 1150 2320 πλέον,
1165 2288 1311 2324 ἀδιαφορία
1321 2308 1328 2320 ,
1341 2289 1389 2314 καὶ
1402 2287 1457 2314 τῶν
1481 2288 1602 2314 κανόνων
1622 2287 1833 2323 καταφρόνησις
1842 2307 1850 2318 ,

1061 2333 1163 2369 μᾶλλον
1185 2333 1213 2360 δὲ
1231 2332 1299 2359 Θεοῦ
1310 2353 1317 2366 ,
1335 2333 1397 2368 παρ’
1414 2329 1445 2359 οὗ
1471 2332 1612 2368 ἐδόθησαν.
1628 2332 1704 2368 Αὕτη
1733 2333 1815 2368 ἡμῶν
1834 2334 1851 2366 ὴ

1058 2378 1203 2413 ἀπολογία,
1217 2377 1346 2411 δέσποτα,
1365 2378 1433 2414 πρὸς
1449 2378 1499 2413 τὴν
1530 2378 1658 2414 ὑπερφυῆ
1677 2387 1725 2405 σου
1749 2379 1854 2416 ὕπερο-

1057 2425 1118 2460 χήν.
1135 2424 1190 2451 Καὶ
1203 2424 1322 2459 δεόμεθα
1338 2424 1422 2460 αὐτῆς
1437 2424 1561 2459 ὅπουπερ
1572 2423 1604 2451 ἂν
1619 2425 1740 2460 ἐπιρῤυῇ
1753 2425 1834 2459 λόγος
1844 2445 1853 2457 .

1056 2470 1091 2497 τὰ
1105 2470 1200 2498 δέοντα
1215 2470 1253 2502 ὡς
1268 2470 1320 2497 ὑπὸ
1334 2470 1402 2497 Θεοῦ
1417 2470 1619 2506 ἀνακρινομένη
1642 2471 1690 2497 καὶ
1711 2470 1854 2505 μισθαπο-

1056 2517 1207 2553 δοτουμένη
1225 2517 1383 2544 ὑποϐαλεῖν.
1395 2517 1465 2552 Περὶ
1480 2517 1534 2553 γὰρ
1551 2518 1598 2544 τοῦ
1614 2519 1655 2545 ὅτι
1670 2518 1744 2553 χειρὶ
1757 2517 1856 2552 ἐποιή-

1057 2573 1144 2599 σαμεν
1160 2565 1241 2599 ἡμεῖς
1266 2564 1384 2591 ἐνταῦθά
1396 2573 1462 2596 τινι,
1477 2564 1581 2598 γελοῖόν
1596 2564 1655 2591 ἐστι
1671 2564 1700 2591 τὸ
1717 2564 1851 2591 πιστεύε-

1059 2610 1121 2637 σθαι
1137 2611 1205 2645 πρός
1216 2619 1289 2642 τινος
1303 2611 1358 2637 τῶν
1375 2610 1591 2647 εὖφρονούντων.
1613 2610 1760 2645 Οὐδαμῶς.
1769 2610 1856 2637 Ἀλλὰ

1056 2656 1086 2683 τὸ
1115 2656 1180 2691 παρ’
1197 2656 1276 2692 ἡμῶν
1291 2656 1360 2691 μετὰ
1387 2657 1478 2691 πάσης
1495 2655 1707 2692 παρακλήσεως,
1725 2656 1775 2682 καὶ
1797 2655 1854 2682 τῶν

1057 2702 1283 2737 καταδεχομένων
1300 2702 1368 2738 μετὰ
1381 2702 1473 2738 πάσης
1489 2702 1720 2736 συγκαταθέσεως
1735 2701 1835 2736 γέγονε
1846 2709 1854 2716 ·

1056 2748 1103 2775 καὶ
1117 2748 1178 2774 τότε
1190 2748 1422 2784 ἀκρωτηριασμὸς
1445 2748 1499 2776 τῶν
1515 2749 1567 2775 ὑπε
1573 2747 1745 2787 ρκομώντων.
1758 2747 1855 2786 σχεδὸν

255 2845 279 2862 τ’
294 2844 305 2872 ι
324 2845 385 2874 ’Ior.
400 2854 438 2879 rt,
459 2846 500 2874 Η,
539 2846 562 2862 τ·
578 2845 672 2873 Const.
693 2850 780 2880 apost.
799 2845 845 2874 lib.
862 2853 880 2880 ι,
896 2853 956 2881 cap.
971 2846 998 2874 5.

1076 2846 1104 2875 S.
1121 2846 1260 2883 Cbrysost.
1277 2848 1304 2878 in
1320 2847 1333 2875 1
1348 2847 1410 2877 Cor.
1449 2848 1471 2865 ⁷³
1485 2847 1550 2884 Syn.
1572 2846 1657 2875 Trull.
1672 2855 1736 2875 can.
1754 2848 1799 2875 96.
