1926 3078
96 154 148 188 997

697 161 968 192 EPISTOLARUM
985 163 1058 195 LIB.
1079 165 1105 196 Ι.

1666 170 1719 204 9θὸ

97 210 180 246 μέχρι
208 209 329 244 ζώσεως,
345 211 394 239 καὶ
413 211 698 249 καταϐλακευομένων
714 224 720 230 ·
743 215 787 242 ίνα
798 215 884 247 δόξω-

939 218 984 246 ιὶο.
1000 219 1053 247 Ora
1067 227 1141 255 ergo,
1159 220 1279 253 domine,
1293 226 1322 249 ut
1342 221 1417 257 juste
1433 227 1462 252 et
1473 228 1569 259 pacate
1583 231 1635 253 nos
1648 226 1725 254 viva-

97 263 149 290 μεν
163 257 261 291 μικρόν
275 265 301 282 τι
316 256 364 283 τοῦ
378 258 489 289 κανόνος
502 258 540 294 μὴ
549 259 717 287 ἀποπίπτειν
732 268 738 274 ·
757 260 804 287 καὶ
819 260 885 292 ἴσως

96 301 130 326 ὲκ
143 299 241 328 τούτου
256 302 368 337 γένηταί
385 313 427 336 τις
441 304 510 339 πρὸς
523 304 554 330 τὸ
568 303 672 339 βέλτιον
692 305 882 340 ὲπαναδρομή.

96 346 190 382 Εὗχου·
211 347 311 380 τοίνυν,
327 344 349 374 ὧ
377 349 512 382 δέσποτα,
529 350 649 385 ἐννόμως
668 351 716 377 καὶ
736 350 883 386 εἰρηνικῶς

95 392 171 427 ήμςῑς
198 392 249 429 ζῇν
260 403 268 410 ·
287 395 451 430 συμϐάλλων
468 396 515 422 καὶ
536 395 571 422 τὰ
587 398 653 431 παρ’
668 396 766 423 ἑαυτοῦ
779 397 808 423 ἐν
824 397 882 428 τοῖς

96 438 256 476 συμμεθέξῃ
272 441 288 475 ἡ
305 440 384 475 τιμία
399 449 445 467 σου
460 441 533 476 ψυχὴ
547 441 594 468 τοῦ
608 441 702 469 καλοῦ.

201 507 319 535 ΚΗἏ-
332 509 480 558 Βασινίείῳ
505 509 666 544 μονάζοντι
693 509 773 546 [μζη
818 492 819 495 Ἰ

939 273 1010 298 mus,
1022 265 1104 293 etiam
1114 273 1174 301 quae
1188 271 1232 293 tua
1247 271 1311 294 sunt
1331 267 1476 296 conferens
1489 269 1516 296 in
1529 270 1631 298 nostris
1642 271 1726 299 rebus

937 311 1027 346 quoad
1051 316 1129 346 potes
1144 321 1151 339 :
1167 316 1197 339 ut
1211 312 1233 339 si
1247 313 1312 347 quid
1333 313 1385 340 erit
1401 314 1479 346 recti,
1495 315 1684 351 particepssit
1697 321 1726 345 et

937 357 1026 383 anima
1047 361 1092 384 tua
1112 358 1271 385 reverenda.

936 403 998 430 καθ’
1027 403 1100 439 ἡμᾶς
1124 404 1195 431 κατὰ
1223 405 1254 431 τὸ
1277 404 1404 432 δυνατόν·
1421 405 1466 432 ἵνα
1490 406 1538 433 ἐάν
1561 415 1588 433 τι
1604 406 1720 442 ἀγαθὸν,

1113 505 1233 533 XXVIII.
1249 520 1282 526 —
1296 506 1396 534 Basilio
1411 508 1546 535 monacho.

590 567 684 599 Purgat
692 575 720 592 se
732 569 763 593 de
774 569 915 593 schismate.
933 567 1031 600 (Baron.
1043 572 1082 590 an.
1095 565 1150 595 808,
1161 572 1186 589 n.
1197 563 1247 595 26.)

137 620 306 655 Ἐδεξάμεθά
321 629 368 647 σου
381 621 416 649 τὰ
426 622 579 657 γράμματα
593 622 642 658 τῆς
654 623 801 658 ἁδελφικῆς
818 623 887 657 ἀγά-

95 675 162 701 πης,
180 667 227 693 καὶ
256 667 453 703 ἐθαυμάσαμεν
467 668 514 694 ἐπὶ
533 669 566 703 τῇ
580 668 668 704 ἀθρόᾳ
681 669 818 704 μεταϐολῇ
838 670 884 695 αὺ-

974 620 1136 655 Accepimus
1146 619 1250 646 litteras
1267 618 1394 646 frater-nm
1409 623 1462 645 tum
1476 618 1626 651 charitatis,
1639 618 1724 651 mira'

939 667 1013 701 tique
1023 673 1119 692 sumus
1131 664 1301 699 repentinam
1313 663 1371 697 ejus
1382 663 1571 690 mulationem.
1584 662 1724 691 Prioribus

96 713 158 748 τῆς.
175 712 216 739 Τὰ
229 712 278 748 μὲν
290 713 411 748 πρότερα
426 713 481 748 (ἵνα
495 713 529 740 τὰ
540 713 606 740 ἄλλα
622 714 696 741 ἐάσω
707 714 819 749 λέγειν),
836 714 885 740 οὐκ

939 712 1072 747 siquidem
1088 710 1189 742 verbis,
1211 714 1240 737 ut
1253 714 1350 737 caetera
1365 709 1457 736 sileam
1475 717 1535 743 quae
1548 709 1581 735 ad
1595 716 1651 736 rem
1671 709 1723 736 mi-

95 758 238 791 ἀναγκαῖα
257 757 321 784 ὄντα
349 758 419 785 κατά
441 758 471 785 τὺ
485 759 700 794 παριστάμενον·
724 760 823 795 Ἰωσὴφ
836 760 884 787 τοῦ

939 765 990 785 nus
1003 757 1167 789 necessaria,
1177 755 1326 790 losephum
1339 762 1509 782 (economum
1520 755 1678 787 accusabas,
1692 760 1724 782 ut

94 801 238 836 οἰκονόμου
254 802 421 837 κατηγορίαν
440 800 523 837 εἶχον,
537 803 574 834 ὼς
597 803 692 834 κακῶς
717 803 884 836 εἰσελθόντος

939 803 982 838 qui
992 810 1133 838 perperam
1144 802 1178 829 sit
1190 802 1329 836 ingressus
1343 800 1370 827 in
1382 800 1541 827 Ecclesium.
1557 800 1723 827 Posteriori-

94 847 179 875 αὑτοῦ
194 848 234 879 είς
248 848 296 883 τὴν
317 847 491 884 Ἐκκλησίαν.
511 848 550 874 Τὰ
560 848 588 874 δὲ
602 848 717 884 δεύτερα
727 849 884 877 τούναντίον

939 849 987 876 bus
1003 848 1082 883 plane
1101 848 1274 874 innocentem
1290 846 1463 874 ostendebas.
1482 846 1516 872 Et
1530 846 1576 880 qui
1596 847 1722 874 eumdem

96 893 224 920 ἀθώωσιν
249 893 418 928 ἐμφαίνοντα
442 894 612 920 παντάπασι.
629 894 684 921 Καὶ
706 895 720 920 ό
735 893 780 921 τὸν
805 895 884 921 αὐτὸν

939 894 963 921 in
978 894 1071 921 eadem
1082 900 1112 920 re
1127 900 1200 920 nunc
1211 892 1316 924 laudas,
1336 899 1409 918 nunc
1432 891 1570 925 vituperas
1587 899 1595 923 ;
1615 891 1689 925 quod
1706 900 1722 919 a

96 938 169 965 κο.τά
186 938 218 965 τὸ
238 939 303 965 αὐτὸ
321 940 449 974 πρᾶγμα,
464 939 529 966 ποτε
556 939 607 974 μὲν
623 939 754 972 ἐπαινῶν,
770 939 835 966 ποτὲ
855 939 884 966 δὲ

939 939 1053 974 quodam
1075 943 1231 966 sanctorum
1253 937 1356 965 dictum
1381 941 1433 968 est,
1451 937 1519 964 scire
1539 936 1620 963 debet
1635 936 1723 971 pietas

94 984 189 1018 ψέγων
203 991 211 998 ο
231 984 245 1010 ὃ
269 992 296 1010 τι
321 984 395 1018 λέγει
414 992 456 1015 τις
472 983 526 1009 τῶν
540 984 636 1018 ἁγίων,
648 983 792 1018 γινώσκειν
807 984 883 1018 ὀφεί-

94 1030 137 1056 λει
148 1029 166 1064 ἡ
183 1029 322 1057 θεοσέὃειά
336 1038 394 1056 σου.
413 1029 487 1057 Ἀλλ’
500 1029 570 1056 ἔστω
585 1029 664 1056 τοῦτο
673 1030 711 1060 εἰς
723 1029 808 1061 οὐδὲν,
824 1028 884 1056 καί-

93 1083 150 1110 περ
162 1075 364 1109 ὲναντιολογίας
377 1075 408 1101 ὃν
417 1074 538 1110 δφλημα.
555 1074 587 1100 Τί
607 1074 634 1100 δὲ
647 1075 688 1101 ὅτι
701 1074 787 1106 οὕτως
802 1075 884 1111 ἀκρί-

93 1129 150 1152 τως
169 1120 323 1156 προήχθης,
340 1121 406 1155 πρὶν
432 1120 610 1155 ἐξεταστικῆς
626 1120 673 1147 καὶ
689 1121 884 1156 μαθηματικῆς

93 1166 196 1201 πείρας
214 1166 408 1202 ἀποφήνασθαι
427 1165 498 1193 κατὰ
514 1166 565 1201 τῆς
588 1165 781 1198 ταπεινώσεως
803 1166 883 1201 ἡμῶν

92 1212 310 1246 ἁποσχοινισμὸν
337 1213 387 1247 τῆς
407 1211 469 1238 καθ’
484 1212 559 1246 ἡμᾶς
576 1211 753 1248 Ἐκκλησίας,
771 1213 818 1239 καὶ
840 1213 883 1240 διὰ

90 1257 173 1284 τοῦτο
202 1257 427 1292 ἁναθεματισμόν
443 1265 450 1289 ;
467 1258 603 1291 Πρόσεχε
622 1257 752 1290 σεαυτῷ,
770 1258 854 1292 φησιν
869 1258 883 1283 ό

90 1303 182 1338 λόγος·
195 1304 254 1335 καὶ,
271 1304 345 1337 Πρὶν
365 1302 529 1336 ἐξετάσεις,
542 1303 586 1337 μὴ
597 1303 714 1338 μέμψῃ·
728 1303 785 1336 καὶ,
800 1302 882 1337 Πρῶ-

91 1356 149 1376 τον
181 1350 306 1382 νόησον,
322 1348 372 1374 καὶ
404 1350 471 1375 τότε
491 1348 622 1383 ἐπιτὶμα.
641 1349 716 1383 Αὐτὴ
745 1348 771 1375 δὲ
802 1348 883 1383 μηδὲν

89 1395 198 1421 τούτων
223 1394 464 1429 παρατηρήσασα,
495 1394 563 1429 μηδὲ
595 1394 814 1429 ὺπολογισαμένη
841 1395 882 1421 ὅτι

90 1439 225 1473 πρόσεστι
242 1439 289 1466 καὶ
303 1440 369 1474 ἡμῖν
383 1439 491 1471 πάντως
503 1439 535 1466 τδ
549 1440 622 1466 κατά
637 1440 715 1474 λόγον
729 1439 819 1474 λέγειν
835 1440 883 1466 καὶ

91 1485 228 1519 πράττειν
239 1492 246 1499 '
256 1483 343 1516 οὕτως
353 1484 392 1516 ὠς
404 1484 577 1516 ἀπαιδεύτοις
589 1486 637 1512 καὶ
650 1485 757 1520 ἀλόγοις
769 1486 817 1512 καὶ
833 1486 883 1521 ἀρ-

939 1486 1037 1512 tirones
1061 1493 1092 1513 ac
1118 1485 1245 1516 novitios,
1270 1485 1417 1519 increpasti

88 1529 248 1564 τιγεύστοις
262 1530 312 1564 τῆς
324 1531 472 1565 μοναδικῆς
482 1529 630 1563 πολιτείας,
642 1531 689 1558 καὶ
696 1532 725 1557 ἐν
736 1532 887 1567 μαθητευο-

92 1575 188 1610 μένοις
196 1575 318 1602 τελοῦσιν
334 1576 518 1611 ἐπετίμησας·
530 1577 577 1604 καὶ
587 1577 616 1603 οὐ
627 1577 708 1611 μόνον
716 1577 805 1610 τοῦτο,
819 1578 887 1605 ἀλλὰ

89 1621 143 1648 καὶ
158 1621 330 1656 ἐπέπληξας.
341 1622 397 1648 Καὶ
422 1622 480 1649 εἴθε
494 1622 574 1650 τοῦτο
586 1631 592 1637 ”
604 1623 673 1649 ἀλλὰ
687 1624 735 1650 καὶ
746 1623 886 1658 ἀναθεμα-

89 1666 185 1702 τισμῷ
196 1666 389 1702 παρέπεμψας.
402 1667 458 1694 Καὶ
467 1667 517 1702 φεῦ
531 1668 566 1694 τὰ
580 1668 634 1694 τῶν
647 1667 809 1703 ἀνθρώπωνῐ
826 1667 887 1700 Πῶς

90 1711 147 1737 οὐκ
160 1712 207 1738 ἐπὶ
222 1712 290 1738 πολὺ
298 1711 443 1743 διασώζεις
461 1712 524 1743 τοὺς
538 1714 588 1746 τῆς
600 1712 690 1746 φιλίας
702 1713 888 1747 ὅρουςάμεται

92 1756 245 1792 κινήτους;
261 1758 285 1784 εί
310 1757 365 1793 γὰρ
385 1757 467 1784 τοῦτο
490 1758 599 1793 ὑπῆρχε
621 1759 654 1794 τῇ
680 1758 819 1793 τιμιότητί
840 1766 887 1784 σου

92 1802 260 1837 ἀκραιφνὲς,
277 1803 328 1829 οὐκ
343 1802 375 1830 ἂν
390 1803 478 1835 οὕτως
504 1804 670 1838 ἀπροόπτως
687 1803 736 1838 τὴν
747 1803 888 1831 εὐτέλειαν

90 1847 175 1882 ἡμῶν
191 1849 398 1884 κατεκερτόμει.
413 1848 487 1883 Πλὴν
502 1848 572 1881 ἄξιοι
598 1848 652 1875 τῶν
675 1849 808 1875 τοιούτων
819 1857 826 1864 ·
841 1849 889 1876 καὶ

91 1893 125 1918 οὐ
146 1892 304 1927 θαυμαστὸν
333 1893 357 1919 εί
380 1893 428 1919 καὶ
465 1893 517 1919 ὑπὸ
552 1894 603 1928 τῆς
635 1894 725 1928 φιλίας
754 1903 800 1920 σου
820 1903 888 1930 προ-

92 1937 319 1973 πηλακιζόμεθα.
342 1938 439 1973 Ἡμεῖς
462 1938 491 1965 δὲ
506 1940 520 1965 ὅ
536 1939 621 1974 ἐσμεν
634 1959 641 1972 ,
658 1939 716 1975 Θεῷ
732 1939 782 1974 μὲν
799 1949 888 1974 πεφα-

92 1983 260 2019 νερώμεθα·
277 1984 382 2012 δίκαιον
407 1985 437 2011 δὲ
468 1985 518 2012 καὶ
544 1986 579 2020 τῇ
605 1985 714 2012 συνέσει
745 1994 802 2017 σου,
820 1986 890 2013 ἐπὰν

91 2030 255 2066 προσκόπτῃ
262 2030 308 2057 καὶ
317 2030 540 2066 σκανδαλίζηται,
550 2031 728 2066 ὲπιδηλῶσαι.
739 2032 796 2058 Οὐκ
806 2032 889 2067 ἐσμὲν

92 2077 270 2111 ἀποσχισταὶ,
286 2074 308 2103 ὦ
329 2076 475 2111 θαυμάσιε,
487 2077 539 2112 τῆς
554 2077 601 2103 τοῦ
616 2077 683 2104 Θεοῦ
708 2077 869 2113 Ἐκχλησίας
880 2085 887 2093 ·

95 2124 203 2158 μήποτε
214 2123 292 2149 τοῦτο
307 2123 454 2158 πάθοιμεν·
471 2123 528 2151 ἀλλ’
544 2124 569 2150 εί
580 2124 626 2151 καὶ
639 2123 725 2155 ἄλλως
738 2125 766 2151 ὲν
784 2123 889 2156 πολλοῖς

98 2154 284 2204 ἀμαρτήμασι
298 2154 487 2203 τυγχάνομεν.
516 2169 614 2204 Ὅμως
636 2154 779 2204 ὀμόσωμοι
803 2154 887 2204 αὐτῆς
902 2154 929 2183 D

95 2212 145 2239 καὶ
155 2213 283 2247 τρόφιμοι
293 2214 361 2248 μετὰ
369 2213 422 2241 τῶν
430 2214 510 2241 θείων
517 2214 669 2249 δογμάτων
682 2216 800 2247 καὶτοὺς
808 2216 888 2242 κανό-

94 2266 148 2289 νας
160 2258 244 2293 αὐτῆς
256 2259 303 2285 καὶ
318 2258 499 2291 διατυπώσεις
510 2260 660 2295 γλιχόμεθα
674 2260 870 2294 φυλάττεσθαι.

131 2303 170 2330 Τὸ
185 2303 214 2330 δὲ
235 2304 378 2338 ταράττειν
395 2305 442 2331 καὶ
466 2305 626 2340 ἀποσχίζειν
648 2306 696 2333 ἀπ’
720 2306 819 2342 αὐτῆς,
837 2306 887 2343 τὴν

99 2348 237 2384 μηδεμίαν
251 2349 368 2385 ἐχούσης
381 2350 490 2386 ἀληθῶς
513 2351 610 2386 κηλῖδα
622 2351 637 2386 ἥ
662 2352 756 2387 ῥυτίδα
770 2353 843 2379 κατά
858 2361 888 2379 τε

96 2394 145 2420 τὸν
163 2393 213 2428 τῆς
230 2394 349 2426 πίστεως
371 2395 460 2429 λόγον,
477 2396 525 2422 καὶ
548 2396 594 2423 τὸν
608 2396 663 2423 τῶν
677 2397 799 2424 κανόνων
813 2398 887 2433 ὅρον,

95 2439 148 2466 ἀπ’
164 2439 252 2475 ἀρχῆς
277 2440 376 2472 αίῶνος
400 2442 448 2467 καὶ
475 2441 556 2476 μέχρι
571 2441 628 2475 ξτοῦ
656 2442 748 2478 δεῦρο,
776 2443 888 2470 ἐκείνων

97 2484 183 2517 ἐστὶν,
199 2481 237 2511 ὧν
252 2486 269 2520 ἠ
285 2485 378 2517 πίστις
393 2486 423 2512 τὸ
439 2487 633 2522 ἐνδιάστροῳον
647 2487 715 2523 ἔχει,
731 2489 777 2515 καὶ
795 2489 809 2515 ὁ
832 2489 889 2523 βίος

95 2530 128 2557 τὺ
142 2530 320 2558 ἀκανόνιστον
331 2531 379 2558 καὶ
395 2531 515 2566 ἄθεσμον
529 2540 536 2547 ·
554 2529 592 2559 ὧν
607 2530 649 2564 εἷς
666 2533 725 2559 ἐστι
739 2533 786 2560 καὶ
799 2534 813 2560 ὁ
831 2533 889 2560 Ἰω-

97 2576 180 2611 cippo
207 2577 253 2603 τὸν
280 2576 373 2612 μοιχὸν
402 2577 602 2612 στεφανώσας’
628 2578 655 2605 οἵ
680 2587 710 2605 τε
734 2579 822 2613 τούτῳ
850 2579 889 2611 ὡς

98 2621 239 2657 ἀμέμπτῳ
263 2621 423 2657 ἀνεχόμενοι
446 2622 678 2658 συλλειτουργεϊν,
696 2626 743 2650 καὶ
768 2624 822 2659 μὴν
841 2624 889 2650 καὶ.

97 2669 125 2694 οἱ
140 2668 323 2700 συνιστῶντες
336 2668 417 2695 αὐτὸν
437 2669 474 2701 ὡς
492 2668 588 2701 ἀθώως
604 2669 810 2706 ἱερουργοῦντα.
827 2670 889 2702 Πῶς

99 2715 154 2751 γὰρ
183 2715 335 2746 κανονικῶς
355 2715 422 2751 ἡμῖν
447 2715 593 2750 γράφουσα
606 2716 763 2752 ἡεὺλάὃειά
785 2725 844 2751 σου,
858 2716 887 2743 οὐ

102 2761 164 2792 τοὺς
179 2760 269 2793 θείους
281 2761 398 2793 κανόνας
412 2760 572 2794 ἐπίσταται,
586 2762 628 2789 ὅτι
642 2763 702 2788 κατ’
717 2762 815 2794 αὐτοὺς
840 2771 890 2789 κα-

102 2805 257 2842 θῃρημένος
281 2807 382 2834 ἐστὶνό
408 2807 500 2843 ἀνήρ;
519 2807 543 2834 εί
566 2808 621 2843 γὰρ
646 2809 686 2840 εἰς
710 2807 888 2843 διγαμοῦντος

138 2863 161 2880 ⁷⁹
176 2862 186 2890 I
206 2863 278 2891 Tim.
293 2870 329 2895 ιν,
346 2864 390 2890 16.
428 2864 450 2881 ⁸ο
466 2863 551 2892 Eccli.
567 2871 604 2897 ιι,
619 2863 647 2890 7.

935 989 992 1011 tua.
1018 983 1072 1012 Sed
1097 991 1147 1018 pro
1162 982 1247 1009 nihilo
1263 982 1289 1009 id
1310 981 1452 1013 habeatur,
1479 981 1602 1016 quamvis
1629 986 1722 1016 aperta

934 1030 970 1057 sit
990 1029 1180 1056 contradictio.
1209 1027 1294 1060 Quale
1316 1034 1382 1054 vero
1397 1026 1462 1054 illud
1481 1031 1533 1059 est,
1559 1026 1631 1060 quod
1654 1027 1723 1053 adeo

934 1074 1133 1102 inconsiderate
1146 1077 1291 1108 provectus
1305 1080 1345 1105 es,
1357 1077 1396 1105 ut,
1409 1072 1567 1107 priusquam
1583 1072 1722 1098 examina-

934 1127 978 1147 res
1001 1124 1028 1147 et
1056 1123 1150 1146 exacte
1173 1126 1362 1154 cognosceres,
1388 1118 1518 1145 adversus
1542 1118 1722 1145 humilitatem

933 1170 1055 1193 nostram
1082 1165 1301 1200 pronuntiaveris
1328 1164 1522 1191 discessionem
1543 1163 1577 1190 ab
1601 1163 1722 1191 Ecclesia

933 1214 1036 1243 nostra,
1053 1218 1084 1237 ac
1099 1210 1213 1245 proinde
1235 1208 1517 1237 auathematismum?
1542 1208 1651 1235 Attende
1677 1208 1724 1236 tibi

934 1257 986 1291 ipsi
1001 1257 1036 1289 ⁷³,
1054 1256 1091 1283 ait
1106 1255 1244 1290 Scriptura
1258 1263 1265 1288 ;
1280 1259 1309 1282 et
1322 1264 1328 1282 :
1348 1254 1509 1288 Priusquam
1524 1255 1678 1289 interroges,
1692 1262 1724 1281 ne

932 1303 1082 1337 vituperes:
1103 1305 1131 1329 et
1149 1301 1269 1328 Primum
1295 1309 1426 1336 cognosce,
1449 1305 1503 1327 tum
1526 1301 1669 1334 corripe”.
1682 1300 1723 1327 Tu

933 1356 999 1375 vero
1016 1347 1084 1375 nihil
1102 1348 1203 1374 horum
1222 1347 1381 1379 observans,
1404 1354 1455 1373 nec
1466 1346 1588 1381 cogitans
1603 1354 1683 1381 posse
1697 1350 1724 1374 ct

933 1401 984 1420 nos
1000 1401 1031 1420 ex
1047 1393 1152 1420 ratione
1166 1400 1245 1428 agere
1258 1400 1290 1420 ac
1301 1392 1375 1427 loqui
1392 1392 1452 1425 ;sic
1466 1397 1594 1427 tanquam
1610 1393 1725 1428 imperi-

936 1443 988 1472 tos,
1005 1446 1037 1466 ac
1059 1439 1175 1466 rationis
1192 1442 1328 1474 expertes,
1346 1443 1472 1473 tanquam
1488 1438 1552 1466 vita:
1568 1439 1724 1466 monasticae

1443 1493 1449 1511 :
1476 1493 1528 1513 nec
1554 1485 1606 1513 hoc
1624 1485 1724 1519 solum,

938 1530 986 1558 sed
1008 1530 1105 1558 durius
1129 1530 1288 1566 objurgasti.
1319 1531 1407 1565 Atque
1429 1531 1532 1557 utinam
1562 1530 1614 1558 hoc
1637 1531 1725 1559 solum

937 1576 1060 1611 egissesl
1084 1575 1238 1608 Quinetiam
1260 1575 1427 1603 anathemati
1461 1576 1605 1604 devovisti.
1633 1575 1655 1603 Ο
1681 1583 1726 1604 res

937 1622 1072 1649 humanas
1089 1623 1096 1648 ι
1116 1626 1143 1649 et
1158 1622 1294 1656 quomodo
1316 1622 1403 1656 major
1426 1621 1474 1649 tibi
1500 1630 1565 1650 cura
1590 1630 1645 1650 non
1675 1622 1726 1651 fuit

937 1668 1062 1694 amicitia:
1074 1667 1135 1702 jura
1149 1668 1349 1695 conservandi?
1364 1667 1427 1695 Haec
1445 1668 1517 1695 enim
1532 1668 1553 1695 si
1569 1673 1662 1695 sancte
1677 1675 1726 1696 co-

937 1713 1005 1740 leret
1018 1713 1170 1740 reverentia
1187 1717 1242 1746 tua,
1258 1721 1396 1747 nunquam
1412 1713 1451 1741 sic
1463 1721 1496 1741 ex
1507 1713 1621 1748 abrupto
1634 1713 1726 1741 tenui-

938 1763 1021 1786 tatem
1046 1762 1169 1786 nostram
1191 1759 1376 1793 proscidisset.
1396 1758 1496 1786 Verum
1517 1759 1559 1786 his
1588 1766 1637 1787 nos
1650 1759 1726 1794 digni

938 1812 1033 1833 sumus
1046 1814 1052 1832 :
1062 1812 1112 1833 nec
1122 1804 1275 1832 mirandum
1286 1805 1309 1831 si
1318 1805 1352 1832 ab
1366 1805 1484 1832 amicitia
1495 1804 1578 1832 etiam
1587 1808 1632 1832 tua
1642 1805 1728 1832 Iaces-

939 1851 1033 1878 simur.
1044 1851 1176 1878 Cmterum
1188 1850 1234 1885 qui
1244 1850 1339 1883 simus,
1350 1850 1405 1877 Deo
1416 1850 1526 1885 quidem
1538 1850 1725 1878 innotuimus:

939 1905 1047 1932 acquum
1058 1901 1149 1924 autem
1164 1902 1191 1924 et
1205 1896 1358 1931 prudentia:
1373 1901 1434 1930 tuae,
1453 1897 1671 1931 quandoquidem
1686 1896 1728 1924 of-

940 1941 1060 1968 fenditur
1075 1945 1103 1968 et
1116 1941 1324 1972 scandalizatur,
1340 1941 1456 1976 aperire.
1468 1941 1528 1968 Non
1548 1948 1642 1968 sumus
1658 1948 1726 1976 apo-

941 1986 1059 2018 schistaz,
1072 1986 1114 2013 vir
1129 1986 1239 2020 eximie,
1254 1986 1288 2014 ab
1301 1986 1421 2013 Ecclesia
1437 1985 1483 2013 Dei
1500 1995 1507 2019 ;
1524 1986 1595 2013 absit
1605 1991 1635 2013 ut
1647 1986 1728 2014 nobis

941 2031 993 2058 hoc
1015 2031 1139 2058 eveniat!
1156 2031 1210 2058 Sed
1236 2032 1360 2065 quamvis
1381 2031 1441 2059 aliis
1466 2032 1585 2066 peccatis
1604 2031 1728 2066 plurimis

940 2076 1063 2104 obstricti
1092 2077 1188 2110 simus,
1218 2081 1338 2104 attamen
1364 2077 1444 2104 unius
1460 2084 1521 2104 cum
1542 2077 1585 2104 illa
1606 2078 1728 2112 corporis

942 2131 1047 2156 sumus,
1066 2124 1179 2159 ejusque
1203 2124 1304 2151 alumni
1328 2129 1355 2152 et
1376 2124 1530 2152 divinorum
1549 2125 1729 2152 documento-

942 2177 1002 2196 rum
1017 2178 1025 2202 ;
1043 2174 1070 2197 et
1084 2176 1203 2197 canoues
1218 2170 1278 2205 ejus
1292 2173 1319 2198 et
1331 2170 1542 2198 constitutiones
1553 2177 1662 2198 scrvare
1678 2178 1729 2199 cu-

940 2222 1040 2250 pimus.

975 2305 1098 2333 Turbare
1117 2309 1208 2333 autem
1223 2310 1251 2333 et
1264 2305 1299 2333 ab
1313 2304 1358 2332 illa
1374 2304 1480 2341 sejungi
1493 2325 1501 2337 ,
1515 2312 1576 2341 quae
1595 2304 1729 2332 maculam

940 2357 1035 2378 revera
1057 2350 1159 2378 nullam
1170 2350 1262 2382 habet,
1275 2357 1365 2384 neque
1378 2358 1482 2386 rugam,
1493 2354 1550 2378 tum
1563 2350 1591 2377 in
1612 2350 1673 2377 ﬁdei
1685 2357 1729 2377 ra-

940 2395 1024 2429 tione,
1037 2400 1094 2422 tum
1109 2396 1136 2422 in
1147 2403 1281 2423 canonum
1295 2395 1445 2428 sanctione,
1461 2395 1495 2422 ab
1514 2395 1587 2424 omni
1606 2402 1663 2423 aevo
1680 2402 1729 2423 us-

939 2449 992 2477 que
1005 2442 1039 2469 ad
1051 2446 1171 2469 nostram
1184 2442 1354 2474 memoriam,
1364 2449 1459 2469 eorum
1472 2446 1514 2469 est
1523 2449 1639 2477 quorum
1661 2441 1730 2470 ﬁdes

940 2492 1124 2515 transversum
1148 2489 1247 2523 agitur,
1263 2493 1291 2515 et
1305 2488 1361 2515 vita
1386 2488 1463 2515 exlex
1479 2492 1507 2516 et
1533 2488 1592 2516 sine
1614 2489 1727 2525 regula:

940 2541 1056 2568 quorum
1073 2541 1106 2561 ex
1122 2540 1238 2560 numero
1251 2533 1351 2568 Joseph
1374 2533 1421 2561 ille
1439 2533 1485 2568 qui
1511 2533 1664 2561 adulterum
1683 2542 1730 2562 co-

940 2579 1046 2607 ronavit
1059 2588 1066 2606 :
1078 2583 1106 2606 et
1117 2579 1163 2613 qui
1177 2586 1239 2606 cum
1254 2586 1287 2606 eo
1297 2583 1425 2614 tanquam
1436 2578 1546 2606 innoxio
1560 2578 1659 2606 oll'erre
1673 2586 1729 2606 non

940 2624 1072 2657 dubitant,
1085 2625 1186 2659 quique
1201 2625 1269 2652 adeo
1279 2624 1354 2651 illum
1371 2623 1522 2652 defendunt
1535 2628 1565 2651 ut
1576 2624 1635 2651 sine
1648 2625 1729 2660 culpa

939 2670 1147 2699 sacrificantem.
1177 2670 1320 2703 Quomodo
1341 2671 1425 2701 enim,
1452 2669 1474 2698 si
1483 2670 1616 2698 canonice
1631 2670 1664 2698 ad
1677 2677 1729 2698 nos

940 2717 1034 2744 scribit
1044 2716 1130 2751 pietas
1147 2721 1202 2750 tua,
1215 2716 1322 2744 divinos
1338 2722 1458 2744 canones
1475 2712 1592 2750 ignorat,
1608 2720 1636 2744 et
1655 2717 1729 2751 quod

939 2763 1013 2798 juxta
1029 2763 1090 2791 illos
1102 2763 1242 2798 depositus
1268 2762 1309 2790 vir
1326 2762 1408 2789 fuerit
1421 2763 1432 2789 ?
1443 2760 1511 2789 Nam
1540 2762 1562 2790 si
1584 2762 1612 2790 in
1629 2762 1729 2797 digami

940 2809 1044 2844 nuptiis
1077 2808 1183 2844 epulari
1211 2808 1397 2844 presbyterum
1414 2813 1507 2836 vetant
1523 2817 1530 2835 :
1545 2808 1608 2844 quid
1623 2808 1652 2836 in
1667 2815 1729 2836 cuiu
