1926 3078
210 137 264 169 999

806 139 838 169 s.
857 138 1056 170 THEODORI
1078 131 1252 170 STUDITE

1789 144 1862 176 1000

210 192 257 228 qui
273 192 412 228 digamum
421 193 584 221 coronavit?
598 193 681 228 Quid,
696 195 722 221 in
736 193 898 222 adulterinis
909 195 1012 230 nuptiis

1079 196 1154 232 ’ἁμον
1180 197 1230 223 οὐκ
1253 196 1319 223 ἐῶσι
1350 196 1395 223 τδν
1420 197 1607 234 πρεσὸύτερον
1633 198 1813 236 ὲστιᾳοῆναι·
1832 202 1862 225 τί

211 238 321 275 triginta
335 243 408 266 totos
415 239 474 267 dies
489 240 648 276 convivari,?
657 241 732 275 quid,
747 241 818 276 quod
834 241 1016 276 perniciosius

212 290 275 319 est,
301 285 384 313 etiam
413 293 547 314 coronare
573 295 636 314 eum
655 288 700 322 qui
717 295 750 314 cx
772 287 879 315 Domini
905 292 1017 316 senten-

213 331 251 358 tia
266 331 303 358 sit
328 330 435 358 adulter
448 331 460 358 ?
477 339 569 359 sacras
590 332 618 359 in
633 332 761 368 conjugio
788 340 883 368 preces
898 333 1015 360 recitare

213 376 343 404 adulterii
357 377 554 412 copulatorem,
569 382 595 405 cl
606 377 725 405 divinam
738 379 851 413 gratiam
869 379 952 414 impie
965 386 1016 413 pro

215 422 305 457 impiis
340 421 497 450 invocare?
527 422 728 457 Exsecrandus,
763 424 886 459 profecto
905 445 912 456 ,
938 424 1016 459 juxta

215 475 347 503 magnum
381 467 537 505 Dionysium
555 489 562 502 ,
585 469 640 497 Deo
679 474 722 497 est
749 470 935 505 proianusque
969 467 1015 504 qui

216 514 278 542 haec
307 514 382 543 facit.
419 514 659 550 Supervacaneum
700 515 783 543 fuerit
809 516 876 543 alios
900 516 928 542 in
953 523 1016 543 eum

215 568 340 589 canones
372 562 506 597 proferre.
538 562 616 596 Quod
650 571 716 590 vero
747 571 780 591 ex
817 571 872 598 quo
906 563 1016 598 deposi-

217 611 262 634 tus
295 614 310 635 a
341 608 515 643 pratcedente
550 609 706 644 patriarcha
731 609 810 642 fuit,
842 617 940 637 novem
967 617 1018 636 an-

216 660 315 680 norum
343 653 462 688 spatium
485 655 662 690 exegeritzcl
691 663 791 687 canon,
812 655 863 682 nisi
880 655 949 682 intra
967 662 1017 681 an-

219 703 286 723 num
303 696 470 731 absolvatur,
500 698 604 725 absolvi
632 703 726 734 postea
743 707 907 734 quemquam
931 705 1016 733 vetet,

217 750 274 778 quo
293 741 353 770 loco
378 744 566 778 reponemus?
579 744 614 772 At
629 745 758 780 objicitur
775 754 887 781 prorsus
902 746 1015 774 absolu-

218 793 277 816 tum
296 788 392 816 fuisse.
407 788 519 822 Verum,
530 790 552 817 si
567 790 673 818 solutus
685 791 786 823 fuerat,
799 799 848 819 cur
861 799 915 819 non
928 791 1016 819 sacri-

218 833 338 862 ﬁcabat?
354 835 398 868 Et,
414 835 438 863 si
465 836 571 863 solutus
592 841 663 869 erat,
685 845 737 864 cur
759 837 863 865 absolvi
878 845 893 864 a
912 837 1017 873 synodo

219 879 446 915 petiittPlanum
469 881 544 909 enim
569 887 620 915 est,
645 883 814 910 solutionem
843 883 878 910 ab
902 870 935 910 eo
961 882 1015 917 peti
1034 870 1054 898 Β

219 925 266 960 qui
282 925 391 953 vinctus
411 926 458 958 sit,
484 934 539 954 non
557 926 605 962 qui
622 928 739 955 solutus.
766 927 868 961 Quare,
887 927 970 955 etiam
988 927 1016 954 in

222 972 344 1007 seipsum
372 972 503 1008 impegit,
529 978 625 1001 contra
653 975 796 1001 veritatem
820 973 888 1010 erigi
909 974 1015 1002 volens.

220 1017 370 1045 Sacrorum
388 1018 471 1054 igitur
484 1018 639 1054 profanatio
653 1025 706 1054 est,
723 1020 818 1053 frater,
833 1020 915 1047 istum
931 1021 1018 1047 sacris

221 1063 329 1099 cperari
344 1073 352 1092 :
370 1072 562 1100 canonumque
579 1073 676 1101 magna
703 1065 872 1101 perturbatio
884 1065 947 1092 talia
968 1072 1014 1092 ne-

221 1110 335 1146 gligere.
351 1109 421 1144 Quid
435 1110 509 1138 enim
521 1115 564 1138 est
577 1112 649 1146 quod
664 1112 702 1139 ait
722 1112 954 1147 Cbrysostomns?
971 1118 1020 1146 pc-

221 1157 309 1184 riculo
323 1164 378 1184 non
395 1164 502 1189 vacare,
519 1157 541 1184 si
553 1157 581 1184 in
590 1149 760 1185 sacerdotem
774 1165 829 1184 non
843 1157 997 1192 inquiratur
1013 1165 1018 1183 :

220 1209 277 1230 non
295 1202 330 1230 de
341 1202 394 1230 ﬁde
414 1202 467 1229 hoc
481 1202 585 1235 dicens,
597 1207 627 1230 ut
642 1203 711 1230 male
724 1210 832 1236 censes,
847 1203 896 1231 sed
909 1202 943 1230 de
959 1202 1021 1230 vita:

222 1248 390 1284 integritate.
408 1248 577 1284 Interrogare
592 1249 700 1284 quidem
720 1253 747 1276 et
765 1254 894 1277 excutere
922 1257 1022 1276 unum-

221 1302 358 1330 quemque
371 1313 378 1326 ,
407 1293 546 1330 quomodo
580 1302 610 1322 se
637 1295 757 1328 habeat,
777 1295 847 1322 nihil
863 1299 906 1322 est
928 1302 1021 1330 opus:

223 1340 308 1376 gratia
328 1341 401 1368 enim
419 1340 500 1368 etiam
517 1347 600 1376 super
613 1340 756 1376 indignum
775 1345 888 1376 propter
903 1348 960 1372 eos.
976 1340 1022 1376 qui

223 1386 370 1420 accedunt,
386 1387 538 1414 descendit.
553 1386 584 1414 in
603 1387 637 1415 iis
653 1392 744 1414 autem
757 1387 802 1422 qui
819 1386 968 1414 manifesto
984 1387 1022 1414 rei

223 1437 299 1466 sunt,
315 1433 404 1468 qualis
419 1437 462 1460 est
476 1431 592 1468 Joseph,
607 1437 636 1460 et
655 1433 765 1468 quidem
785 1433 875 1468 magni
899 1433 1022 1464 sceleris.

224 1479 299 1514 quod
317 1479 346 1506 in
362 1479 449 1507 oculis
460 1479 582 1507 omnium
600 1479 747 1512 commisit,
764 1479 863 1507 vetitas
875 1487 890 1507 a
909 1479 1025 1507 Domino

225 1525 336 1561 nuptias
347 1525 487 1560 copulans,
496 1525 610 1561 ipsoque
621 1525 745 1554 adultero
758 1525 928 1554 manifestior
939 1547 946 1560 ,
959 1526 1023 1553 dum

225 1578 289 1599 eum
327 1571 490 1606 conjunxit,
516 1571 736 1607 quandoquidem
762 1572 821 1599 haec
841 1580 896 1600 non
919 1572 1025 1599 discre-

226 1622 302 1653 pant,
318 1617 393 1653 juxta
406 1617 573 1654 Theologum
589 1626 596 1651 ;
617 1617 799 1650 dissimulare,
819 1619 964 1654 perspicua
984 1622 1027 1646 est

226 1664 345 1699 proditio
359 1664 493 1697 veritatis,
508 1668 536 1692 et
550 1671 686 1691 canonum
705 1664 874 1700 corruptela.

263 1775 306 1802 An
321 1774 411 1803 nescit
423 1773 618 1801 benevolentia
634 1779 694 1806 tua,
712 1773 799 1801 Deum
820 1773 910 1808 ipsum
939 1771 1027 1800 vindi-

228 1829 290 1850 cem
304 1821 391 1849 fuisse
407 1841 415 1854 ,
442 1820 553 1855 quando
568 1827 625 1847 non
642 1819 798 1847 insurrexit
813 1820 860 1854 qui
879 1819 1028 1847 Ecclesiam

229 1875 288 1898 tum
301 1867 493 1904 gubernabat;
514 1871 544 1894 ut
559 1866 679 1894 Samueli
699 1866 840 1901 quondam
859 1865 959 1894 accidit
978 1865 1027 1893 ad-

229 1919 328 1942 versus
356 1911 485 1939 insanum
515 1910 626 1938 Saulem
642 1919 649 1938 :
665 1911 693 1938 et
708 1910 790 1945 hujus
813 1910 888 1943 novi,
906 1909 979 1945 quod
995 1909 1029 1937 ad

230 1960 342 1988 modum
352 1957 477 1986 adulterii
488 1961 603 1993 spectat,
616 1956 731 1984 Herodis
745 1964 859 1992 regnum
879 1956 1030 1984 evertisse?

231 2007 307 2035 Idem
326 2006 400 2033 enim
424 2004 541 2033 Herodis
562 2004 636 2032 illius
652 2003 785 2039 ﬂagitium
806 2002 865 2036 fuit,
880 2003 927 2038 qui
949 2011 964 2030 a
979 2010 1029 2038 po-

231 2053 296 2088 pqu
310 2059 361 2080 suo
375 2051 471 2087 pulsus
483 2050 535 2079 fuit
558 2055 587 2079 ct
605 2050 714 2078 occisus
733 2059 741 2084 ;
757 2050 858 2086 quippe
873 2050 921 2085 qui
940 2048 1030 2077 Aretac

233 2098 306 2134 regis
319 2098 402 2126 tiliam
415 2118 424 2131 ,
450 2097 600 2133 legitimam
622 2097 768 2132 conjugem
796 2096 910 2128 dimisit,
928 2095 1031 2130 injuste

232 2144 285 2172 sibi
313 2143 447 2178 copulans
476 2142 594 2178 Philippi
629 2142 723 2169 fratris
744 2140 934 2169 Herodiadem.
952 2140 1030 2173 Quod

234 2189 257 2217 si
274 2189 334 2217 hanc
361 2188 502 2216 vindicare
520 2195 575 2215 non
597 2187 728 2215 convenit
744 2195 750 2214 :
771 2187 873 2214 erravit
888 2186 1030 2214 cliaritatis

234 2238 289 2262 tum
303 2233 408 2268 judicio
430 2240 584 2268 praecursor
607 2231 740 2266 Joannes,
756 2231 831 2267 quod
857 2231 1032 2259 temerarium

234 2285 277 2308 est
291 2278 438 2312 allii-mare,
453 2286 516 2306 cum
534 2278 671 2306 Herodem
689 2277 879 2313 reprehendit,
897 2281 1030 2304 mortem-

235 2333 289 2361 que
308 2325 424 2361 oppetiit
439 2325 476 2352 oh
496 2325 752 2360 reprehensionem.
773 2323 881 2351 Erravit
906 2322 1032 2350 similiter

236 2377 265 2400 ct
279 2372 492 2407 Chrysostomus
505 2371 540 2405 ει,
556 2379 618 2399 cum
640 2379 691 2406 pro
705 2371 794 2399 vidua:
821 2377 885 2405 agro
910 2369 1030 2396 validum

237 2419 376 2444 certamen
397 2416 525 2444 instituit.
548 2415 602 2443 Pro
629 2416 694 2443 bona
716 2416 806 2448 enim,
823 2414 922 2450 inquit,
951 2414 1032 2441 audet

238 2463 370 2498 quispiam
386 2463 452 2489 mari
464 2462 498 2490 ⁸³.
512 2462 548 2490 Ut
560 2470 614 2490 non
626 2469 838 2490 commemorem
851 2460 956 2488 similes
965 2459 1033 2487 alias

239 2514 394 2537 sanctorum
405 2516 454 2544 pro
464 2509 600 2536 similibus
612 2508 815 2536 contentiones.
827 2508 866 2535 An
880 2514 976 2534 rursus
996 2506 1034 2542 ig-

239 2559 319 2583 norat
338 2556 493 2583 reverentia
505 2559 563 2587 tua.
580 2562 643 2583 cum
657 2554 765 2581 duabus
781 2561 814 2581 ex
829 2553 912 2580 rebus
924 2557 1032 2580 constet

242 2600 482 2634 Christianismus,
493 2600 546 2628 ﬁde
566 2605 594 2628 et
615 2600 764 2635 operibus;
778 2599 802 2626 si
821 2599 937 2626 alterum
951 2598 1030 2630 desit,

241 2648 356 2675 alterum
368 2655 423 2674 non
443 2646 596 2682 prodesse?
611 2645 878 2680 Emuleturitaque,
893 2652 1031 2680 rogamus,

241 2693 344 2725 divina,
357 2693 475 2729 primum
493 2692 603 2727 quidem
618 2697 649 2720 ut
665 2691 822 2719 communis
839 2691 924 2726 patris
950 2691 1032 2723 ﬁlius,

242 2739 376 2768 excitetur
387 2740 489 2775 pariter
497 2739 531 2766 ad
542 2739 673 2767 honesta:
687 2739 799 2774 perinde
811 2743 841 2766 ut
850 2738 952 2766 abcato
963 2737 1033 2766 Saba

243 2785 376 2818 eruditus,
389 2790 544 2813 accuratam
555 2793 609 2812 non
622 2785 709 2812 solum
721 2784 794 2817 fidei,
804 2784 852 2812 sed
863 2785 945 2812 ctiam
957 2791 1040 2812 canoe

243 2838 309 2859 num
330 2833 462 2860 rationem
479 2831 658 2866 amplectatur
671 2840 678 2857 :
691 2831 809 2866 denique
821 2838 966 2867 germanus
976 2837 1038 2859 cum

280 2885 301 2903 ¹¹
317 2887 347 2916 In
361 2889 421 2924 ejus
442 2889 512 2923 Vita,
531 2898 559 2917 n.
573 2889 615 2918 53.
646 2890 669 2906 "
687 2889 766 2915 Rom.
785 2895 810 2919 v,
824 2889 850 2916 '7.

1067 244 1136 278 πρὸς
1159 243 1189 269 τὸ
1212 243 1257 270 τὸν
1271 242 1387 279 δίγαμον
1407 244 1580 279 στεφανῶσαι
1591 254 1598 278 ;
1611 245 1637 271 τί
1655 245 1683 272 δὲ
1698 246 1729 272 τὸ
1742 247 1784 278 εἰς
1801 255 1864 281 μοι·

1068 291 1144 325 χικδν
1156 289 1247 324 γάμον
1264 289 1423 324 έστιαϐῆναι
1439 290 1515 322 ὅλαις
1539 291 1689 326 τριάκοντα
1717 292 1841 327 ἡμέραις
1855 301 1863 323 ;

1067 336 1143 368 τίδὲ,
1166 336 1197 362 τὸ
1223 335 1428 372 ὀλεθριώτερον,
1451 337 1481 363 τὸ
1500 338 1547 364 καὶ
1570 338 1744 372 στεφανῶσαι
1767 339 1866 374 μοιχὸν

1067 383 1139 409 κατὰ
1160 383 1206 409 τὸν
1231 382 1311 417 λόγον
1334 381 1382 409 τοῦ
1402 383 1518 418 Κυρίου,
1539 383 1589 419 τὴν
1605 383 1653 410 Earl.
1676 385 1711 419 τῇ
1727 384 1867 420 συναφείᾳ

1069 429 1144 464 ίεράν
1173 428 1330 464 προσευχὴν
1356 428 1472 462 λέγοντα
1505 430 1551 456 τὸν
1581 429 1794 465 μοιχοζεύκτην,
1814 431 1866 456 καὶ

1068 473 1312 509 προσκαλούμενον
1342 474 1392 507 τὴν
1414 475 1490 502 θείαν
1514 475 1595 511 χάριν
1623 475 1713 508 ἀθέως
1738 477 1786 502 ἐπὶ
1800 477 1868 508 τοὺς

1069 520 1200 556 βεῦήὶους
1215 529 1223 553 ;
1242 520 1430 552 ’Δπόπτυστός
1453 521 1512 547 ἐστι
1525 521 1618 558 ’παρά
1635 521 1705 557 Θεῷ,
1721 522 1795 549 κατὰ
1817 522 1867 548 τὸν

1069 567 1141 594 θεῖον
1165 567 1316 599 Διονύσιον,
1332 568 1379 594 καὶ
1403 567 1512 603 ἅνίερος
1528 569 1542 594 ὁ
1566 568 1700 600 τοιοῦτος.
1720 568 1867 603 Παρέλκον

1068 614 1123 649 γάρ
1137 614 1197 640 ἐστι
1220 614 1285 646 τοὺς
1303 614 1348 641 ἐπ’
1365 613 1439 649 αὐτῷ
1456 614 1553 646 ἄλλους
1577 615 1722 649 κειμένους
1747 616 1868 647 κανόνας

1068 657 1119 688 ὦδε
1149 661 1278 695 γράφειν.
1291 661 1352 687 ὀτι
1367 661 1395 688 δὲ
1412 663 1459 688 καὶ
1477 661 1530 688 ὑπὸ
1548 661 1595 688 τοῦ
1630 662 1867 697 προηγησαμένου

1069 707 1240 743 πατριάρχου
1256 708 1450 743 ἀφωρισμένος
1464 708 1578 743 ἐνναετῆ
1591 709 1686 744 χρόνον
1697 708 1779 744 ἔτυχε
1790 717 1799 724 ·
1818 709 1868 735 καὶ

1068 753 1083 779 ὁ
1097 753 1189 780 κανὼν
1202 754 1226 780 εἰ
1241 753 1278 790 μὴ
1289 753 1366 786 ἐντὸς
1380 753 1505 781 ἐνιαυτοῦ
1519 754 1604 789 λυθῇ,
1619 755 1669 781 οὐκ
1682 755 1815 789 ἀνέχεται
1825 755 1867 781 ἔτι

1068 800 1117 834 τὴν
1143 799 1231 832 λύσιν,
1250 799 1301 826 ποῦ
1318 799 1438 835 Θήσομεν
1452 808 1460 833 ;
1477 800 1588 832 Πάντως
1602 800 1631 827 δὲ
1654 801 1671 836 ἡ
1697 801 1866 836 ἀπάντησις,

1069 846 1111 873 ὃτι
1138 846 1257 872 έλέλυτο.
1277 847 1331 873 Καὶ
1355 847 1380 873 εἰ
1407 846 1524 878 ἰλέλυτο,
1543 847 1602 880 πῶς
1627 848 1677 883 οὐχ
1701 847 1866 883 ἱερουργεῖ;

1069 893 1116 919 καὶ⁵
1133 893 1156 919 εί
1176 892 1296 925 ἐλέλυτο,
1313 892 1372 924 πῶς
1393 893 1456 928 ἄρτι
1479 894 1594 930 ὲξῄτησε
1622 893 1700 920 λύσιν
1722 894 1777 921 ὑπὸ
1804 903 1868 920 συν-

1068 939 1148 973 όδου;
1177 939 1305 975 Δηλονότι
1331 940 1345 966 ὁ
1372 939 1514 975 δεδεμένος
1539 941 1617 976 ζητεῖ
1639 939 1765 975 λυθῆναι,
1783 941 1832 975 οὐχ
1853 942 1868 967 ὁ

1069 985 1182 1016 ἆδετος⁴
1206 984 1277 1011 ὥστε
1301 984 1444 1012 κάνταῦθα
1465 985 1627 1021 περιπίπτει
1647 984 1763 1020 ἐαυτῷὀ
1779 984 1868 1012 θέλων

1069 1031 1142 1058 κατὰ
1165 1030 1216 1065 τῆς
1247 1030 1379 1066 ἀληθείας
1401 1031 1548 1058 κινεῖσθαι.
1564 1031 1724 1066 Βεϐήλωσις
1745 1029 1793 1058 οὖν
1811 1031 1866 1058 τῶν

1069 1077 1157 1111 ἁγίων
1171 1077 1256 1108 ἐστὶν,
1274 1073 1297 1104 ὧ
1308 1076 1418 1111 ἀδελφέ,
1431 1076 1526 1104 τοῦτον
1540 1077 1693 1113 ἱερουργεῖν
1710 1086 1717 1092 ·
1735 1078 1784 1104 καὶ
1796 1077 1867 1111 σύγ-

1070 1133 1149 1160 χυσις
1160 1124 1296 1159 παντελὴς
1309 1123 1365 1151 τῶν
1379 1124 1500 1150 κανόνων
1514 1123 1544 1150 τδ
1560 1123 1597 1159 μὴ
1618 1123 1653 1150 τὰ
1683 1123 1798 1151 τοιαῦτα
1814 1132 1868 1158 φυ-

1071 1169 1230 1197 λάττεσθαι.
1242 1169 1275 1196 Τί
1291 1169 1345 1205 γὰρ
1354 1167 1428 1203 λέγει
1440 1169 1510 1197 καὶὸ
1524 1169 1720 1205 Χρυσόστομος
1736 1178 1743 1203 ;
1757 1170 1801 1196 ὅτι
1818 1170 1869 1196 οὐκ

1072 1217 1215 1244 ἀκίνδυνόν
1233 1217 1292 1243 ἐστι
1320 1216 1351 1243 τὸ
1372 1215 1552 1249 ἀνεξέταστον
1573 1217 1622 1244 ἐπὶ
1637 1215 1684 1243 τοῦ
1707 1216 1817 1252 ἱερέως.
1831 1216 1870 1243 0'3

1073 1262 1139 1298 περὶ
1154 1263 1284 1294 πίστεως.
1303 1263 1340 1294 ὼς
1354 1262 1416 1294 οῐει,
1430 1262 1511 1289 τοῦτο
1527 1262 1625 1296 λέγων,
1640 1262 1710 1289 ἀλλά
1731 1262 1800 1298 περὶ
1820 1263 1871 1297 τῆς

1073 1309 1146 1336 κατά
1158 1308 1205 1335 τὸν
1218 1308 1276 1343 βίον
1305 1308 1459 1344 ἀκριὸείας.
1479 1308 1622 1343 Ἐκζητεῖν
1641 1308 1732 1335 τοίνυν
1753 1308 1802 1335 καὶ
1823 1309 1871 1335 ἀν-

1074 1355 1189 1390 ερευνᾷν
1202 1354 1320 1382 ἕκαστον
1347 1355 1422 1386 ὅπως
1443 1354 1501 1390 ἔχει
1517 1355 1548 1381 οὺ
1564 1355 1624 1381 δέον
1637 1361 1644 1368 ·
1665 1354 1682 1389 ἡ
1702 1355 1797 1390 χάριςν
1817 1355 1872 1389 γὰρ

1074 1401 1122 1428 καὶ
1135 1401 1181 1428 ἐπὶ
1198 1401 1262 1433 τοὺς
1274 1400 1400 1433 ἀναξίους
1416 1400 1460 1427 διὰ
1477 1401 1541 1432 τοὺς
1555 1400 1720 1435 προσιόντας
1733 1401 1872 1428 κάτεισιν.

1076 1446 1122 1478 Εἰς
1141 1446 1170 1474 δὲ
1190 1447 1255 1478 τοὺς
1277 1445 1420 1481 προδήλως
1436 1446 1682 1480 κατεγνωσμένους
1696 1466 1704 1478 ,
1726 1441 1765 1472 ὧν
1794 1446 1873 1472 ὲστιν

1076 1491 1117 1526 εἷς
1133 1493 1178 1520 καὶ
1192 1493 1206 1520 ὁ
1230 1490 1340 1528 Ἰωσὴφ,
1357 1491 1431 1528 μάλα
1455 1492 1571 1527 ἀνομίαν
1594 1491 1718 1527 μεγάλην
1735 1492 1872 1527 συνάψας,

1037 1544 1060 1574 C,
1076 1538 1230 1574 ἀναφανδὸν
1258 1538 1307 1573 τῆς
1331 1538 1505 1573 οἰκουμένης,
1521 1538 1554 1574 ἣν
1575 1539 1588 1564 ὁ
1606 1537 1709 1574 Κύριος
1732 1537 1874 1574 ἀπέφηνε,

1077 1585 1125 1612 καὶ
1151 1583 1351 1620 έναργέστερος
1378 1583 1426 1610 τοῦ
1455 1583 1651 1619 μοιχεύσαντος
1666 1584 1846 1619 χρηματὶσας
1862 1582 1875 1608 ὀ

1076 1629 1173 1658 τοῦτον
1199 1625 1334 1662 συξεύξας
1348 1637 1356 1645 ν
1370 1628 1410 1665 τῷ
1437 1629 1475 1665 μὴ
1504 1628 1710 1656 διαστέλλεσθαι
1727 1628 1804 1655 κατὰ
1828 1629 1874 1655 τὸν

1077 1675 1209 1710 Θεολόγον
1227 1696 1235 1709 ,
1253 1675 1386 1711 προδοσία
1404 1675 1456 1711 τῆς
1478 1675 1608 1711 ἀληθείας
1636 1675 1736 1710 σαφὴς,
1754 1675 1806 1702 καὶ
1821 1673 1877 1701 τῶν

1079 1723 1199 1750 κανόνων
1215 1722 1379 1757 παράλυσις.

1115 1769 1150 1795 Ἢ
1163 1768 1214 1795 οὐκ
1223 1766 1278 1795 οῐδέ
1296 1776 1343 1794 σου
1363 1768 1379 1803 ἡ
1396 1767 1483 1801 φιλία,
1499 1767 1541 1794 ὅτι
1555 1767 1621 1794 αὐτὸ
1638 1766 1668 1793 τὸ
1689 1766 1760 1792 θεῖον
1775 1765 1877 1792 αὐτεπ-

1079 1812 1189 1848 δίκητον
1215 1813 1339 1847 γέγονεν,
1355 1812 1437 1848 ἡνίκα
1462 1812 1493 1839 οὐ
1515 1812 1644 1846 διανέστη
1668 1812 1683 1838 ὁ
1701 1810 1802 1837 ἰθύνων
1829 1810 1877 1845 τὴν

1087 1858 1254 1894 Ἐκκλησίαν
1270 1858 1300 1884 τδ
1313 1857 1442 1893 τηνικάδε
1453 1866 1461 1873 ·
1479 1857 1517 1889 ὠς
1532 1856 1661 1892 Σαμουὴλ
1672 1856 1758 1883 πάλαι
1775 1856 1826 1882 ἐπὶ
1840 1855 1877 1889 τῷ

1080 1905 1178 1940 ἄφρονι
1211 1904 1313 1932 Σαούλ’
1339 1904 1488 1940 διαρρῆξαι
1512 1903 1562 1939 τὴν
1592 1903 1640 1930 τοῦ
1668 1903 1729 1929 νέου
1753 1902 1876 1936 Ἡρώδου

1081 1951 1151 1978 κατὰ
1163 1951 1209 1978 τὸν
1224 1950 1275 1986 τῆς
1295 1950 1419 1986 μοιχείας
1435 1951 1535 1987 τρόπον
1548 1949 1699 1984 βασιλείαν.
1712 1947 1810 1975 Ταῦτα
1823 1948 1876 1983 γὰρ

1081 1998 1202 2025 πέπονθε
1216 1998 1263 2025 καὶ
1286 1997 1409 2033 Ἡρώδης
1428 1997 1544 2029 ἐκεῖνος,
1561 1995 1614 2023 ὑπὸ
1628 1995 1674 2023 τοῦ
1689 1995 1794 2023 οἰκείου
1812 1993 1876 2022 λαοῦ

1081 2045 1276 2077 ἀνασοδευθεὶς
1291 2045 1339 2072 καὶ
1352 2043 1534 2075 ἀποκτανθείς
1549 2052 1555 2058 ·
1572 2042 1641 2070 ἐπὰν
1663 2041 1741 2069 εἴασε
1759 2041 1812 2077 τὴν
1831 2040 1876 2068 τοῦ

1088 2093 1188 2129 ’Λρέτα
1211 2091 1344 2128 βασιλέως
1367 2090 1507 2126 θυγατέρα
1540 2089 1656 2125 νόμιμον
1682 2088 1768 2115 αὑτοῦ
1792 2086 1878 2115 οὖσαν

1082 2141 1201 2174 γυναῖκα
1215 2147 1222 2154 '
1236 2138 1409 2173 ἀγαγόμενος
1426 2136 1593 2173 παρανόμως
1616 2135 1666 2171 τὴν
1690 2135 1738 2162 τοῦ
1759 2133 1876 2170 ἀδελφοῦ

1082 2186 1216 2213 Φιλίππου
1233 2184 1396 2221 Ἡρωδιάδα.
1412 2184 1443 2210 Εἰ
1468 2183 1497 2210 δὲ
1524 2183 1612 2210 ταῦτα
1625 2183 1656 2209 οὐ
1680 2182 1740 2209 δέον
1759 2182 1877 2208 tuomt-

1052 2223 1074 2251 ι)
1089 2231 1163 2265 σθαι,
1178 2230 1348 2267 ἡμαρτηκὼς
1363 2229 1479 2256 ὲνὼπιον
1495 2230 1545 2262 τῆς
1565 2229 1679 2263 ἀγάπης
1691 2236 1739 2254 σου
1752 2227 1875 2261 γέγονεν,

1082 2279 1107 2305 et
1124 2278 1170 2305 ml.
1183 2277 1318 2313 τολμηρὸν
1333 2277 1431 2308 εἰπεῖν,
1443 2277 1458 2303 ό
1468 2275 1626 2310 Πρόδρομος
1648 2273 1788 2309 Ἰωάννης,
1801 2273 1876 2306 ὲλέγ-

1083 2325 1132 2357 ξας
1154 2323 1200 2350 τὸν
1222 2322 1356 2358 Ἡρώδην.
1384 2322 1431 2348 καὶ
1456 2321 1544 2348 θανὼν
1569 2320 1638 2353 ὑπὲρ
1668 2319 1716 2346 τοῦ
1744 2317 1875 2353 ἐλεγμοῦ-

1088 2370 1229 2401 Ὠσαύτως
1247 2369 1295 2396 καὶ
1311 2370 1325 2396 ό
1342 2368 1547 2404 Χρυσόστομος,
1563 2367 1632 2402 ὑπὲρ
1647 2366 1696 2393 τοῦ
1717 2364 1806 2401 ἀγροῦ
1829 2364 1877 2399 τῆς

1085 2417 1174 2452 χήρας
1186 2416 1314 2443 ἔνστασιν
1329 2415 1482 2450 ἀῢλητικὴν
1497 2413 1714 2448 ἐπιδειξάμενος.
1724 2413 1816 2447 ’Υπὲρ
1825 2411 1876 2440 τοῦ

1084 2463 1198 2498 ἀγαθοῦ
1212 2462 1288 2497 τάχα
1300 2462 1365 2496 γὰρ,
1380 2462 1461 2497 φησι,
1481 2461 1530 2488 καὶ
1559 2460 1656 2496 τολμᾷ
1687 2469 1735 2494 τις
1764 2461 1876 2488 ἀποθα-

1085 2509 1160 2536 νεῖν.
1173 2509 1232 2536 Ἵνα
1248 2509 1285 2544 μὴ
1296 2509 1370 2543 λέγω
1381 2509 1430 2540 τὰς
1442 2508 1496 2535 τῶν
1507 2507 1596 2535 ἄλλων
1608 2509 1695 2542 ἁγίων
1705 2508 1876 2543 ὁμοτρόπους

1086 2555 1156 2591 ὑπὲρ
1178 2555 1233 2583 τῶν
1255 2555 1384 2582 τοιούτων
1406 2555 1559 2586 ἐνστάσεις,
1582 2553 1618 2581 Ἦ
1643 2554 1725 2581 πάλιν
1754 2550 1874 2588 ἁγνοεῐή

1085 2602 1209 2637 τιμιότης
1226 2610 1285 2635 σου,
1300 2602 1340 2628 ὅτι
1354 2602 1385 2628 ὲκ
1405 2601 1451 2627 δύο
1466 2599 1664 2635 συνισταμένου
1677 2598 1724 2626 τοῦ
1744 2600 1874 2635 Χριστια-

1086 2649 1195 2685 νισμοῦ,
1212 2648 1285 2682 λέγω
1311 2648 1343 2683 δὴ
1359 2649 1480 2678 πίστεως
1507 2647 1555 2673 καὶ
1581 2646 1692 2681 ἔργων,
1713 2645 1739 2672 el
1765 2645 1875 2679 θάτερον

1086 2696 1184 2729 λείπει,
1201 2695 1262 2722 οὐδὲ
1284 2695 1314 2722 τὸ
1337 2695 1430 2730 ἕτερον
1451 2694 1555 2729 ὀνίνησι
1570 2693 1615 2720 τὸν
1629 2693 1737 2728 ἔχοντας
1752 2691 1876 2727 Ζηλούτω

1087 2743 1190 2775 τοίνυν,
1206 2741 1433 2778 παρακαλοῦμεν,
1447 2741 1482 2767 τὰ
1504 2741 1574 2773 οεῖα,
1586 2740 1632 2766 καὶ
1652 2738 1764 2774 πρῶτον
1781 2738 1831 2773 μὲν
1841 2736 1874 2767 ὡς

1086 2790 1134 2816 τοῦ
1151 2789 1242 2817 κοινοῦ
1266 2788 1368 2824 πατρὸς
1393 2788 1487 2814 τέκνον
1505 2785 1733 2822 χρηματίζουσα,
1750 2791 1874 2811 συνεπαι-

1091 2836 1179 2872 ρέσοω
1198 2836 1266 2871 πρὸς
1286 2835 1320 2862 τὰ
1346 2835 1439 2861 δέοντα
1460 2842 1466 2850 ·
1487 2833 1614 2868 δεύτερον
1628 2832 1657 2860 δὲ
1671 2831 1710 2863 ὡς
1726 2830 1767 2866 τῷ
1786 2837 1870 2866 μακσι
