1926 3078
95 132 162 165 1031

708 132 977 165 EPISTULARUM
995 132 1069 163 LIB.
1085 133 1109 162 l.

1654 127 1722 162 1002

93 190 155 226 ριτῃ
172 188 248 224 Σάὸᾳ
265 187 511 224 μαθητευσαμένη·
530 188 674 225 ἀκρίϐειαν
689 190 720 216 οὐ
735 190 822 225 μόνον
831 196 883 216 κα-

944 189 979 218 ιῑι.
1001 189 1160 220 fmternam,
1185 187 1363 222 eamdemque
1393 186 1534 215 nobiscum
1558 187 1725 214 sententiam

90 235 126 262 τὰ
145 235 195 270 τὴν
212 233 315 264 πίστιν.
328 233 397 260 ἀλλὰ
417 234 464 260 καὶ
476 233 547 261 κατὰ
553 233 618 266 τοὺς
632 234 749 266 κανόνας
759 235 883 267 ἀσπαζέ-

92 280 149 308 σθω
160 289 168 296 ·
178 280 280 315 τρίτον,
290 279 325 306 τὰ
332 279 434 313 ἀδελφὰ
443 279 520 314 ἡμῶν
529 273 672 315 φρονείτω,
683 280 722 311 ὡς
730 280 882 315 όμάδελφος

91 325 170 353 οὖσα·
181 325 238 357 καὶ,
246 324 539 360 ὑπομιμνήσκομεν,τδ
547 325 645 352 οίκεῐον
655 325 779 361 κάθισμα
788 326 883 361 ἐπιτη-

93 372 188 407 ρείτωε
202 371 302 406 μήπως
317 370 441 398 ὲντιῦοεν
457 371 604 406 σκάζωμεν
618 370 724 406 περὶτὰ
740 371 881 399 κάλλιστα.

128 414 270 449 Σὺγγνωθι
297 414 452 449 ἁδελφικῶςδι
480 415 757 450 ὁπομιμνήσιοουσιν,
789 416 885 452 ὥσπερ

93 460 142 488 καὶ
164 460 238 495 αὺτῷ
253 461 336 495 ἡμεῖς
350 468 357 475 ·
379 461 426 487 καὶ
439 460 471 486 οὐ
497 461 586 496 χρεὼν
614 461 687 496 ἡμᾶς
715 461 885 495 ἀγανακτεῖν

93 505 330 541 ὑπομνησθέντα;,
351 505 427 541 Μηδὲ
443 506 463 541 ’1)
477 505 511 541 σὴ
526 506 654 541 τιμιότης
668 506 862 542 δριμυσσέσθω
876 515 882 523 ·

94 550 152 577 ἀλλ’
166 550 329 577 ἀναπτέσθαι
345 551 446 586 μᾶλλον
459 551 499 582 εις
519 551 641 586 ἀγάπην.
658 551 713 578 Καὶ
727 553 884 579 ἐπιστελλὲ-

94 604 144 629 τω,
155 596 249 628 ὁσάκις
261 595 295 622 ἃν
311 596 358 623 καὶ
373 595 513 632 βούληται,
528 596 563 623 τὰ
578 596 703 624 τοιαῦτα.
720 597 809 624 Οὺδδν
829 598 885 634 γὰρ

96 643 170 677 παρὰ
186 643 283 668 τούτου
301 642 507 677 βλαϐησόμεθα,
523 642 540 675 ἢ
564 643 595 669 τὸ
620 642 695 677 βιοῦν
719 643 886 677 ἀσφαλέστε-

98 696 154 723 ρον.
170 688 238 722 Περὶ
251 688 279 714 δὲ
296 687 342 714 τοῦ
356 687 447 720 πάπα,
462 687 504 719 τίς
519 689 585 723 ἡμῖν
604 687 682 722 λόγος
695 687 782 721 οὕτως
796 689 886 724 πράσ-

97 742 189 764 σοντος
205 733 221 768 ἢ
247 733 359 765 ἐκείνως
375 742 383 766 ς
399 733 429 764 ὃς
460 734 517 764 τοῖς
541 733 655 765 οἰκείοις
667 750 679 767 ,λ
692 734 884 769 συγχώρησον,

96 779 168 806 ἑάλω
183 781 303 814 πτεροῖς.
321 779 391 806 κατὰ
405 779 435 806 τὸ
450 779 551 813 λόγιον.
565 778 656 814 Μηδὲν
673 779 727 814 γὰρ
743 780 807 815 περὶ
831 780 887 807 τῶν

97 825 218 860 ἐκδήλων
233 822 438 860 ἅμαρτημάτων
450 825 498 851 τοῦ
515 824 612 860 ῑερέως
629 825 782 859 φροντίζειν
797 825 887 860 φάμε-

96 879 153 903 νος,
167 871 196 897 οὐ
212 871 257 897 τόν
275 879 335 897 τινα
353 871 429 906 ἱερέα
440 890 448 903 ,
464 870 534 897 ἀλλὰ
547 871 596 906 τὴν
611 871 737 906 κεφαλὴν
754 873 804 907 τῆς
823 873 887 898 Ἐκ-

97 917 211 952 κλησίας
231 917 450 952 κατεκωμῴδησε
469 917 588 944 τοσαῦτα
602 917 650 944 καὶ
668 917 866 952 ἁπεμυσάξατο
877 925 886 933 ο

96 962 136 994 ὥς
160 962 235 997 ἡμᾶς
264 961 421 997 αἰδεσθῆναι
447 962 496 989 καὶ
526 961 654 990 ἀκοῦσαι.
671 962 705 990 Εἰ
727 962 757 989 δὲ
779 963 887 999 ἀληθῶς

96 1005 185 1038 οὕτως
198 1007 268 1038 ἐστὶ,
285 1006 336 1041 φεῦ
352 1007 401 1042 τῆς
423 1007 582 1042 ίεραρχίαςι
601 1007 673 1043 Πλὴν
688 1007 822 1043 νουνεχῶς
841 1017 885 1035 κι-

97 1052 189 1087 νῶμεν
210 1052 259 1087 τὴν
281 1052 416 1086 γλῶτταν,
433 1052 657 1087 παρακαλοῦμεν,
672 1053 719 1080 ἂπὶ
735 1053 785 1084 τὰς
798 1060 888 1088 κεφα-

97 1099 148 1132 λάς
161 1109 169 1116 ·
184 1099 233 1126 καὶ
260 1099 298 1134 μὴ
316 1099 389 1126 οὕτω
415 1099 540 1134 σφοδρῶς
563 1099 796 1135 ἀποφαινώμεθα.
813 1100 846 1128 El
859 1101 890 1128 δὲ

97 1144 139 1173 ὃτι
156 1145 181 1172 ot
194 1145 334 1181 ἄνθρωποι
347 1144 490 1180 μέλλουσιν
504 1145 624 1179 ἀνοίγειν
639 1146 673 1172 τὰ
688 1146 813 1181 στόματα
825 1166 833 1178 ,
849 1147 888 1179 ὡς

97 1192 251 1226 γέγραφας,
263 1191 310 1218 ἐπὶ
324 1191 354 1217 τδ
367 1191 468 1226 λέγειν,
481 1191 522 1218 ὅτι
534 1191 699 1224 ἐκπεσόντες
708 1192 757 1227 τῆς
771 1192 890 1220 ἐνταῦθα

97 1236 294 1272 πατριαρχίας,
312 1237 352 1268 είς
367 1236 465 1271 ἑτέραν
478 1236 607 1264 ὑπόθεσιν
620 1237 813 1273 μετεπέσαμεν
825 1246 832 1254 ’
851 1238 893 1274 μὴ·

98 1279 268 1315 φροντιζέτω
296 1289 343 1307 σου
363 1281 380 1316 ἡ
397 1281 523 1317 τιμιότης
538 1290 545 1297 °
561 1277 632 1308 οἶδεν
644 1283 659 1309 ὀ
673 1282 740 1315 Θεὸς
765 1283 812 1310 καὶ
839 1283 892 1319 τὴν

98 1325 214 1361 πρώτην
233 1326 340 1362 κίνησιν
370 1327 416 1354 καὶ
447 1327 496 1363 τὴν
521 1327 667 1363 δευτέραν·
685 1328 754 1355 ἀλλὰ
771 1328 826 1363 μὴν
843 1329 891 1356 καὶ

98 1371 148 1407 τὴν
173 1372 269 1408 τρίτην
285 1373 368 1404 αὐτὸς
382 1373 524 1408 δοκιμάσει
540 1380 547 1387 ⁸
567 1373 648 1405 αὐτὸς
663 1374 798 1409 διελέγξει
815 1382 822 1389 ·
839 1375 891 1402 αὖ·

100 1417 146 1448 τὸς
171 1418 346 1452 παραστήσει
369 1418 417 1445 ἐπὶ
437 1419 485 1445 τοῦ
510 1419 627 1455 φοᾶεροῦ
645 1419 769 1455 βήματος
785 1428 791 1435 ·
808 1420 893 1452 αὐτὸς

100 1462 246 1494 ἀποδιδοὺς
274 1463 369 1495 καθὼς
399 1464 546 1499 διεθέμεθα
572 1465 618 1492 καὶ
642 1465 838 1501 πεπράχαμεν.
855 1466 892 1493 Τὸ

934 239 1026 263 teneat
1041 243 1048 262 :
1061 235 1255 269 hortamur-que
1277 233 1413 269 propriam
1439 232 1533 260 sedem
1561 236 1672 266 servet;
1689 240 1724 260 ne

933 287 988 315 quo
1003 284 1083 316 pacto
1102 280 1166 308 inde
1180 279 1365 307 claudicemus
1381 279 1454 306 circa
1468 279 1606 313 praecipua

970 326 1082 362 ignosce
1099 325 1219 353 fraterne
1235 325 1421 358 monentibus,
1448 325 1519 352 sicut
1534 329 1561 352 et
1574 332 1624 352 nos
1650 324 1697 352 tibi
1716 333 1723 352 :

934 379 1022 406 neque
1035 376 1140 407 oportet
1151 379 1201 399 nos
1215 370 1332 398 monitos
1349 369 1494 405 indignari.
1509 367 1548 396 Ne
1564 369 1646 404 igitur
1658 372 1723 396 suc-

934 421 1045 445 censeat
1073 416 1226 444 reverentia
1245 420 1301 448 tua,
1317 415 1363 443 sed
1382 415 1414 442 ad
1438 415 1600 443 charitatem
1630 414 1722 449 potius

935 462 1108 494 accendatur,
1124 467 1152 490 et
1174 462 1236 489 talia
1264 461 1366 489 scribat
1396 461 1614 496 quotiescunque
1641 460 1723 487 volet.

934 506 1043 533 Nullum
1072 507 1146 534 enim
1173 507 1304 534 damnum
1332 506 1405 533 aliud
1432 506 1582 541 capiemus,
1596 513 1677 540 quam
1695 506 1726 532 ut

935 550 1059 577 securius
1073 550 1209 577 vivamus.
1223 549 1262 577 De
1279 557 1347 585 papa
1360 554 1462 582 autem,
1477 549 1541 584 quid
1553 549 1585 576 ad
1598 557 1659 579 nos.
1673 549 1726 576 hoc

935 600 1007 631 agat,
1023 603 1060 622 an'
1087 595 1232 630 illudiqui
1262 594 1390 630 propriis.
1413 595 1523 630 ignosce
1536 614 1543 626 ,
1558 598 1655 628 captus
1680 598 1726 621 est

935 642 995 674 alis,
1011 647 1042 668 ut
1051 642 1161 669 dicitur.
1174 641 1243 668 Cum
1259 641 1332 668 enim
1346 641 1379 668 de
1399 640 1552 668 manufestis
1573 639 1727 667 sacerdotis

936 688 1041 716 delictis
1056 688 1124 715 nihil
1137 695 1233 715 curare
1245 687 1321 718 dixit,
1333 694 1387 713 non
1405 686 1622 721 qualemcunque
1635 692 1727 712 sacer-

935 735 1038 767 dotem,
1058 734 1106 761 sed
1119 738 1201 768 caput
1217 733 1343 760 Ecclesiae
1358 732 1395 759 ita
1408 732 1507 760 derisit
1521 736 1549 758 et
1562 735 1727 766 aspernatus

936 785 978 808 est
994 790 1001 809 :
1016 785 1047 808 ut
1066 781 1107 807 vel
1124 780 1218 807 audire
1232 786 1281 806 nos
1310 779 1419 814 pudeat.
1443 777 1521 810 Quod
1546 778 1568 804 si
1585 776 1612 804 id
1631 784 1727 804 verum

937 831 990 859 est,
1003 826 1058 853 heu
1071 825 1272 852 hierarchiami
1287 825 1422 851 Caeterum
1442 822 1601 858 prudenter,
1620 829 1727 857 qna-so.

938 878 1095 899 moveamus
1121 870 1240 906 linguam
1263 869 1395 896 adversus
1418 869 1531 903 capita.
1555 872 1582 894 et
1604 875 1640 895 ne
1660 867 1728 894 adeo

938 916 1037 944 acriter
1066 915 1285 951 pronuntiemus.
1302 913 1331 940 Si
1348 921 1415 941 vero
1425 913 1523 940 dicturi
1543 917 1608 940 sunt
1635 912 1728 939 homi-

938 970 998 994 nes,
1014 966 1045 989 ut
1058 961 1167 992 scribis.
1182 968 1233 988 nos
1243 968 1306 988 cum
1325 960 1358 987 ab
1376 960 1427 986 hoc
1447 958 1633 994 patriarchatu
1653 957 1734 985 emi--

938 1009 1083 1039 dissemus,
1099 1007 1133 1035 ad
1149 1006 1222 1034 aliud
1240 1009 1430 1041 argumentum
1449 1011 1544 1032 versos
1564 1003 1670 1035 fuisse;
1692 1010 1728 1030 no

939 1058 1017 1082 curet
1041 1052 1197 1081 reverentia
1227 1057 1293 1079 tua:
1309 1051 1386 1078 novit
1415 1050 1486 1077 Deus
1510 1049 1658 1077 motionem
1671 1047 1730 1083 pri-

938 1107 1010 1127 mam
1030 1103 1058 1126 et
1075 1097 1240 1129 secundam;
1264 1096 1311 1124 sed
1329 1099 1358 1123 et
1381 1095 1488 1123 tertiam
1504 1094 1563 1129 ipse
1591 1092 1728 1129 probabit,

939 1146 998 1181 ipse
1019 1145 1173 1179 redarguet,
1189 1143 1247 1178 ipse
1262 1140 1470 1177 repraesentabit
1483 1139 1656 1168 formidanda
1675 1139 1729 1166 tri-

939 1191 1031 1219 bunali
1049 1199 1056 1217 :
1072 1189 1188 1217 reddens
1202 1189 1271 1224 ipse,
1286 1192 1367 1223 prout
1380 1185 1590 1214 tractaverimus
1601 1189 1630 1213 et
1638 1184 1730 1220 egeri-

940 1244 1012 1264 mus.
1034 1235 1103 1263 lllud
1132 1235 1205 1263 enim
1223 1243 1230 1262 :
1249 1233 1279 1262 Si
1295 1233 1442 1261 hominibus
1454 1232 1602 1267 placerem,
1632 1228 1732 1258 Clm'ui

939 1291 1029 1310 servus
1041 1290 1093 1309 non
1105 1289 1186 1309 mem
1195 1279 1230 1314 ";
1244 1287 1300 1307 non
1310 1288 1325 1307 a
1337 1279 1417 1306 nobis
1427 1277 1618 1313 peccatoribus
1626 1276 1731 1304 dictum

940 1329 1057 1357 est.Nos
1071 1335 1135 1364 ergo
1147 1331 1176 1355 et
1190 1325 1356 1355 sanctissimi
1372 1324 1538 1361 patriarcha:
1563 1323 1731 1351 mentionem

942 1373 1068 1405 facimus,
1084 1377 1115 1400 ut
1135 1372 1274 1404 convenit,
1287 1372 1314 1399 in
1338 1370 1514 1406 mystagogia.
1528 1369 1600 1397 sicut
1631 1373 1659 1396 et
1672 1368 1734 1403 pio-

943 1427 1002 1447 rum
1019 1419 1214 1454 imperatorum
1229 1422 1384 1444 nostrorum
1401 1426 1408 1444 :
1426 1421 1530 1444 etcum
1547 1415 1622 1442 omni
1642 1422 1731 1442 sacer-

943 1466 1007 1494 dote
1020 1465 1159 1500 inculpato
1173 1463 1375 1491 communicare
1383 1470 1439 1489 non
1449 1462 1645 1489 detrectamus.
1658 1460 1734 1488 Seri-

100 1507 167 1543 γὰρ,
182 1508 216 1534 El
226 1508 392 1542 ἀνθρώποις
406 1508 553 1543 ἤρεσκον,
564 1511 693 1544 Χριστοῦ
713 1510 825 1544 δοῦλος
836 1512 892 1539 οὐκ

944 1512 1048 1548 psimus
1062 1515 1090 1539 et
1102 1511 1136 1538 ad
1154 1511 1241 1546 ipsum
1260 1509 1453 1545 patriarcham,
1482 1516 1542 1540 nos,
1557 1507 1630 1543 quod
1648 1511 1676 1534 et
1691 1506 1730 1542 pii

101 1552 142 1579 ἂν
160 1550 243 1587 ἤμην
255 1561 262 1568 ·
280 1554 310 1579 οὐ
326 1554 395 1589 πρὸς
411 1554 490 1590 ἡμῶν
507 1555 562 1581 τῶν
581 1554 757 1591 ἁμαρτωλῶν
774 1557 893 1592 φθέγγε-

103 1599 178 1627 σθαι.
203 1599 298 1635 Ἡμεῖς
310 1601 399 1627 τοίνυν
419 1602 466 1628 καὶ
483 1602 529 1628 τοῦ
546 1603 701 1637 ἀγιωτάτου
723 1604 893 1640 πατριάρχου

105 1645 330 1681 μνημονεύομεν,
348 1646 386 1678 ὡς
413 1648 540 1682 καθήκει,
572 1649 601 1674 ὲν
627 1649 659 1684 τῇ
693 1650 892 1685 μυσταγωγίαν

103 1691 200 1727 ὥσπερ
229 1692 276 1718 καὶ
298 1692 352 1718 τῶν
379 1693 500 1720 εὐσεϐῶν
523 1693 601 1729 ἡμῶν
620 1694 753 1729 βασιλέων
769 1703 776 1709 ·
795 1695 842 1722 καὶ
857 1696 890 1722 ὲκ

103 1737 207 1769 παντὸς
223 1737 386 1773 ἀδιαὸλήτου
398 1740 536 1765 κοινωνεῖν
552 1739 582 1765 οὺ
598 1739 816 1775 παραιτούμεθα.
840 1740 892 1767 Γε-

103 1783 255 1818 γράφαμέν
269 1791 299 1809 τε
323 1783 398 1819 αὐτῷ
417 1782 456 1819 τῷ
472 1785 613 1820 ἀρχιερεῖ·
630 1785 691 1811 ἐπεὶ
707 1785 754 1811 καὶ
772 1785 827 1816 τοῖς
849 1785 895 1812 εὖ.

105 1827 216 1854 πσέσιν
245 1828 324 1863 ἡμῶν
351 1828 490 1862 βασιλεῦσι
515 1829 636 1862 γνωστὸν
655 1829 778 1863 γέγονεν,
808 1829 848 1856 ὅτι
865 1831 894 1856 ὲν

944 1559 1123 1593 imperatores
1147 1557 1232 1584 nostri
1253 1556 1358 1587 sciunt,
1383 1555 1410 1582 in
1426 1555 1501 1582 nulla
1517 1562 1547 1582 re
1566 1554 1733 1589 discrepare,

945 1609 1125 1638 praeterquam
1139 1603 1172 1630 de
1188 1602 1308 1637 Joseplio
1325 1605 1370 1629 :et
1384 1601 1465 1628 simul
1476 1608 1508 1628 ac
1526 1600 1657 1635 depulsus
1675 1598 1737 1626 fue-

946 1649 980 1676 rit
999 1647 1162 1679 sacerdotio,
1190 1655 1252 1674 cum
1277 1649 1337 1682 ipso
1360 1644 1452 1674 statim
1471 1645 1734 1673 communicaturos.

946 1695 1053 1723 Etenim
1074 1694 1280 1722 desiderabilem
1301 1693 1380 1720 nobis
1392 1692 1480 1720 virum
1494 1699 1564 1724 esse,
1578 1699 1632 1719 non
1647 1691 1737 1719 solum

947 1740 1018 1775 quod
1036 1743 1119 1774 caput
1133 1739 1169 1766 sit
1183 1738 1311 1766 Ecclesia:
1330 1742 1448 1771 nostrae;
1461 1738 1509 1766 sed
1524 1738 1586 1772 quia
1600 1737 1657 1773 jam
1670 1736 1735 1764 olim

948 1784 1117 1812 reverendus
1133 1783 1213 1811 nobis
1225 1788 1284 1811 erat
1299 1792 1305 1810 :
1322 1788 1348 1811 et
1364 1783 1468 1820 singula
1482 1783 1568 1820 ipsius
1578 1782 1642 1811 vitae
1664 1781 1737 1810 bona

951 1830 1061 1857 laudare
1073 1837 1129 1857 non
1145 1837 1292 1858 cessamus.

104 1872 194 1901 οὐδενὶ
207 1872 404 1910 διαφερόμεθα.
419 1873 435 1908 ἦ
458 1874 537 1908 μόνον
552 1872 596 1901 διὰ
609 1874 655 1901 τὸν
673 1875 771 1909 Ἰωσήφ
786 1883 793 1890 ’
811 1876 856 1902 καὶ
869 1877 949 1912 ἡνίκα
959 1873 1035 1907 οὗτος
1055 1875 1192 1910 ὑποσταλῇ
1207 1876 1257 1912 τῆς
1274 1876 1439 1912 ἱερουργίας,
1458 1875 1539 1907 εὐθὺς
1553 1873 1738 1909 κοινωνοῦμεν

105 1919 191 1954 αὐτῷ.
209 1920 264 1946 και
278 1919 396 1955 ποθητῦς
408 1921 495 1956 ἡμῖνὸ
505 1921 584 1956 ἀνὴρ,
600 1920 630 1947 οὐ
648 1920 727 1956 μόνον
742 1922 782 1948 ὅτι
797 1923 903 1959 κορυφὴ
913 1924 962 1959 τῆς
973 1921 1032 1949 καθ’
1047 1921 1120 1958 ἡμᾶς
1143 1922 1307 1957 Ἐκκλησίας
1320 1922 1433 1957 γέγονεν
1445 1942 1453 1955 ,
1471 1920 1530 1949 ἀλλ’
1547 1922 1589 1949 ὅτι
1599 1922 1646 1948 καὶ
1656 1921 1738 1948 σεσα-

106 1968 169 1999 στδς
186 1969 254 2002 ἡμῖν
278 1968 405 1996 ἔκπαλαι.
432 1969 487 1995 Καὶ
509 1969 557 1996 ὅσα
577 1968 624 1995 τοῦ
657 1968 716 2004 βίου
750 1970 833 1996 αὑτοῦ
856 1969 935 2005 καλὰ,
953 1970 1152 2006 ἀποσεμνύνειν
1166 1970 1195 1996 οὺ
1216 1970 1369 2005 παυόμεθα.

143 2015 174 2041 Εἰ
187 2014 215 2040 δὲ
228 2014 326 2048 φθάσει
342 2015 382 2041 ὅτι
398 2015 446 2041 καὶ
475 2015 557 2047 αὐτὸς
577 2015 737 2050 ἀποδέχεται
753 2016 798 2042 τὸν
819 2016 898 2051 ζῆλον

107 2059 157 2096 (ἕῶ
181 2059 237 2095 γὰρ
258 2059 349 2094 λέγειν
378 2060 545 2092 ἐπισκόπους
564 2061 668 2094 ἁγίους,
684 2062 854 2097 ἡγουμένους
869 2072 898 2089 τε

108 2106 156 2132 καὶ
174 2106 351 2141 μονάζοντας,
377 2108 425 2133 καὶ
441 2106 542 2141 πλῆθος
558 2106 683 2142 λαῑκῶν),
703 2107 729 2133 τί
747 2107 845 2144 φαίηή
865 2107 898 2144 σῆ

108 2152 241 2186 φιλότηςς
257 2152 302 2178 Διδ
318 2152 371 2179 ἴσθι
389 2152 425 2188 μὴ
440 2151 510 2180 εἶναι
528 2153 630 2188 σχίσμα
646 2153 696 2188 τῆς
715 2154 879 2189 Ἐκκλησίας
890 2162 897 2169 ·

983 2015 1010 2044 Si
1037 2021 1102 2043 vero
1118 2016 1268 2051 contingat,
1279 2021 1307 2043 et
1317 2015 1374 2050 ipse
1398 2023 1507 2050 quoque
1518 2015 1605 2043 zelum
1624 2016 1740 2052 accipiat

949 2061 1039 2097 (mitto
1058 2061 1132 2088 enim
1147 2061 1180 2088 de
1213 2060 1315 2088 sanctis
1331 2059 1470 2095 episcopis
1498 2060 1603 2093 dicere.
1618 2061 1652 2088 de
1669 2069 1740 2096 prac-

948 2106 1043 2143 positis
1062 2112 1088 2134 et
1102 2106 1252 2139 monachis,
1271 2106 1358 2141 deque
1385 2106 1516 2133 laicorum
1534 2106 1709 2134 multitudine
1718 2107 1738 2141 ).

948 2153 1012 2188 quid
1026 2157 1083 2180 tum
1102 2152 1176 2180 dicet
1202 2152 1320 2179 eharitas
1337 2151 1403 2178 tua?
1419 2151 1509 2184 Quare
1525 2151 1595 2180 scito
1612 2152 1740 2180 Ecclesia:

108 2198 167 2224 ἀλλ’
181 2198 311 2233 ἀληθείας
322 2199 514 2234 ἐπικράτησιν,
530 2199 578 2225 καὶ
589 2198 644 2225 τῶν
659 2198 739 2226 θείὼν
751 2199 840 2234 νόμων
851 2201 892 2227 ὲκ-

950 2198 1067 2226 schisma
1079 2198 1183 2225 nullum
1197 2205 1266 2231 esse,
1283 2197 1330 2225 sed
1343 2197 1465 2225 veritatis
1481 2197 1680 2231 defensionem.
1697 2199 1740 2227 di-

106 2240 216 2276 δίκησιν
227 2247 236 2256 θ
250 2241 343 2276 ἕτερον
358 2242 398 2274 δὲ,
412 2241 451 2272 ὡς
467 2242 535 2278 ἔφθη
551 2242 690 2278 εἰποῦσαὴ
701 2243 826 2279 τιμιότης
840 2253 897 2277 σου,

108 2286 160 2321 τῆς
174 2285 305 2321 ἀληθείας
319 2286 407 2322 ῥῆξις,
427 2287 474 2314 καὶ
487 2288 543 2314 τῶν
554 2287 676 2315 κανόνων
694 2289 710 2324 ὴ
728 2289 880 2322 παράλυσις
892 2297 899 2306 ο

108 2332 157 2359 καὶ
177 2333 267 2359 ἐκεῖνο
279 2332 336 2368 ἔχει
355 2340 396 2360 σοι
413 2333 506 2365 καλῶς
519 2334 664 2368 λέγεσθαιο
685 2335 718 2361 Ol
732 2334 820 2370 ἱερεῖς
831 2335 901 2369 ἠθέ-

108 2386 184 2405 τσυν
196 2379 291 2413 νόμον
299 2388 370 2413 μου,
382 2379 431 2406 καὶ
448 2379 615 2414 ἐσεϐήλουν
625 2380 661 2408 τὰ
674 2380 743 2415 ἅγιά
754 2390 814 2415 μου
824 2389 831 2396 ·
846 2381 901 2414 βε-

109 2425 216 2458 ϐήλοις
231 2425 280 2452 καὶ
295 2426 392 2459 ὁσίοις
405 2427 441 2454 οὺ
458 2426 645 2460 διέστελλον,
660 2427 728 2454 ἀλλ’
745 2422 785 2462 ἦν
798 2427 901 2461 αὐτοῖς

109 2472 231 2499 ἅπαντα
253 2471 348 2500 κοινά.
366 2472 404 2499 Τὸ
425 2472 480 2509 γὰρ
501 2474 539 2508 μὴ
555 2473 628 2508 ἔχειν
643 2473 738 2500 σπῖλον
760 2473 776 2502 ἢ
795 2474 899 2509 ῥυτίδα,

109 2517 158 2544 ἵνα
169 2517 216 2543 καὶ
233 2517 316 2543 πάλιν
329 2518 461 2552 εἴπωμεν,
480 2516 553 2544 οὕτω
564 2518 674 2545 νοείτωυ
692 2518 723 2545 τὺ
740 2518 778 2554 μὴ
789 2525 902 2554 προσιε-

111 2563 197 2598 μένην
218 2560 254 2589 τὰ
273 2571 301 2589 τε
319 2563 406 2599 ἀσεϐῆ
419 2563 542 2599 δόγματα
559 2564 606 2590 καὶ
621 2562 832 2591 τὰ·ἆκανόνιστα
852 2565 900 2599 ἐγ-

109 2609 279 2644 χειρήματα.
296 2609 334 2635 οὐ
353 2609 406 2644 μὴν
418 2609 486 2636 ἀλλὰ
500 2611 547 2636 καὶ
560 2611 595 2637 τὰ
608 2610 637 2636 ἐν
649 2611 705 2641 τοῖς
720 2609 899 2646 αὖτουργοῦσι

110 2656 143 2681 τὰ
159 2656 377 2690 ἀπηγορευμένα
399 2657 630 2691 συμφρονήματα,
648 2656 686 2687 ὣς
707 2656 758 2682 πού
783 2664 868 2692 φησιν
888 2657 902 2683 ό

112 2701 183 2733 θεῖος
200 2701 339 2734 Βασίλειος
350 2711 357 2718 ·
373 2702 442 2737 πρὸς
457 2702 474 2729 ἃ
491 2702 596 2734 Παῦλος
610 2703 623 2729 ὁ
641 2702 740 2737 μέγας.
760 2702 821 2729 οὐδὲ
838 2711 901 2730 συν-

113 2748 255 2775 εστιᾶσθαι
272 2749 328 2780 τοῖς
344 2748 475 2780 τοιούτοις
492 2748 663 2785 παραχωρετ.
685 2744 762 2775 Ἐπεὶ
778 2748 832 2775 ἀπὸ
848 2748 902 2775 τῶν

157 2855 161 2862 ‘
191 2849 279 2876 Galat.
293 2856 313 2882 ι,
327 2849 369 2876 lo.
410 2848 433 2864 "'
449 2849 548 2877 Ezeeh.
560 2857 628 2880 χιιι,
639 2849 685 2876 26.
721 2849 744 2866 ⁸⁵
762 2849 846 2877 lCor.
860 2856 887 2881 v,
901 2856 930 2875 ιι.

279 2897 415 2927 ΡΛτιιοι..
438 2897 497 2928 Gn.
522 2897 632 2928 XCIX.

950 2244 1130 2279 vinorumque
1145 2251 1280 2272 canonum
1298 2237 1509 2272 vindicationem
1523 2253 1530 2271 :
1547 2244 1663 2272 alterum
1677 2253 1742 2272 vero

949 2291 1027 2323 illud,
1040 2290 1112 2326 quod
1125 2291 1244 2318 asseruit
1270 2289 1424 2318 reverentia
1441 2295 1497 2323 tua,
1509 2290 1631 2317 veritatis
1655 2290 1741 2318 infra-

949 2337 1067 2365 ctionem
1083 2341 1110 2364 et
1123 2344 1258 2364 canonum
1276 2336 1447 2364 eversionem
1463 2343 1525 2364 esse
1542 2344 1551 2369 ;
1566 2343 1597 2363 ac
1613 2336 1661 2363 tibi
1675 2336 1742 2364 illud

950 2380 1001 2408 dici
1014 2385 1086 2408 recte
1097 2388 1177 2416 posse
1191 2389 1198 2408 :
1210 2379 1364 2407 SacerdOtes
1378 2380 1459 2416 legem
1474 2388 1558 2407 meum
1573 2380 1742 2415 spernebant,

950 2431 974 2454 et
985 2427 1161 2462 profanabant
1172 2427 1326 2454 sanctuaria
1342 2433 1418 2453 mea:
1429 2427 1541 2462 profana
1552 2431 1576 2454 et
1588 2432 1681 2454 sancta
1693 2435 1745 2453 mm

950 2472 1156 2508 distinguebant,
1179 2473 1224 2500 sed
1251 2477 1326 2500 erant
1349 2473 1402 2500 illi:
1431 2473 1580 2499 communia
1605 2472 1694 2499 omnia
1709 2470 1743 2498 “.

954 2514 1060 2546 Nullam
1071 2518 1147 2546 enim
1157 2518 1290 2546 maculam
1302 2517 1403 2546 habere
1415 2523 1461 2545 aut
1472 2525 1577 2553 rugam,
1595 2521 1625 2544 ut
1642 2518 1743 2545 iterum

954 2563 1053 2596 dicam,
1078 2563 1118 2590 sic
1137 2559 1356 2598 intelligendum,
1371 2562 1443 2597 quod
1459 2570 1513 2589 non
1528 2561 1641 2598 recipiat
1661 2562 1743 2598 impia

953 2610 1087 2646 dogmata,
1097 2617 1149 2637 nec
1161 2617 1244 2637 ausus
1257 2609 1365 2636 illicitos
1375 2613 1402 2636 et
1414 2607 1565 2636 canonibus
1574 2607 1741 2644 contrarios:

955 2660 1043 2691 neque
1061 2655 1129 2683 adeo
1138 2655 1332 2683 consentiatiis
1341 2654 1386 2690 qui
1401 2654 1482 2682 vetita
1495 2654 1545 2689 ipsi
1559 2653 1744 2686 committunt.

956 2708 986 2730 ut
998 2703 1114 2738 quodam
1142 2703 1201 2730 loco
1227 2702 1266 2730 ait
1286 2700 1396 2729 divinus
1410 2696 1525 2728 Basilius
1537 2699 1588 2734 ;de
1599 2699 1698 2735 quibus
1716 2703 1746 2727 et

955 2757 1069 2785 magnus
1083 2748 1181 2776 Paulus
1194 2748 1226 2780 ⁸⁸,
1235 2755 1284 2775 nee
1294 2747 1375 2775 cdere
1388 2754 1449 2773 cum
1465 2745 1562 2773 talibus
1571 2745 1743 2782 permittens.

1541 2891 1580 2924 32
