1926 3078
184 138 255 170 1003

782 138 811 168 S.
826 137 1025 169 THEODORI
1045 138 1221 170 STUDITE

1748 137 1817 171 1005

183 193 290 222 Etenim
302 191 337 220 ab
356 189 493 226 Apostolis
504 194 532 218 et
549 189 680 225 deinceps
694 190 787 218 multa:
809 198 932 226 persaepe
945 191 974 218 in

1036 190 1185 218 ιποστόλων
1201 189 1249 217 καὶ
1268 189 1395 224 κατόπιν,
1414 189 1558 226 πολλαχῶς
1579 190 1677 218 πολλαὶ
1700 191 1821 228 αἱρέσεις

182 245 241 267 eam
258 238 377 264 haereses
406 235 545 264 irruerunt
562 244 568 262 :
585 239 613 262 et
627 234 728 270 ﬂagitia
744 235 847 268 illicita,
863 235 978 263 canoni-

183 284 234 311 bus
249 283 376 315 adversa,
393 281 516 313 fuerunt,
532 281 605 308 sicut
619 288 694 308 nunc
706 286 772 308 sunt
789 289 796 308 :
813 281 858 309 illa
873 285 977 315 tamen,

183 325 415 363 quemadmodum
431 325 533 352 dictum
561 328 612 357 est,
628 325 687 352 sine
710 324 858 353 schismate
872 329 900 352 et
921 332 979 352 ma-

184 373 243 402 cula
255 372 366 404 mansit,
379 376 407 399 et
430 375 571 406 permanet
590 370 618 397 in
629 374 775 402 aeternum,
788 369 937 398 subtractis
951 374 980 398 et

184 418 279 454 ejectis
292 418 327 445 ab
339 424 372 444 ea
389 416 459 444 male
472 415 655 443 sentientibus
671 415 795 451 maleque
817 416 978 451 agentibus:

185 468 316 499 tanquam
339 462 467 490 ﬂuctibus
480 461 515 490 ab
534 461 697 490 inconcusso
711 466 741 489 et
752 461 889 489 maritimo
913 469 980 490 saxo

186 509 315 546 repulsis.

221 607 261 635 Ad
277 614 328 634 nos
343 605 425 642 igitur
432 612 584 637 uocamus,
597 605 692 637 frater,
707 608 735 632 et
747 603 871 632 veritatis
892 603 982 632 lucem

186 661 382 688 sacrorumque
397 659 535 680 canoan
557 651 733 686 aspiciamus,
750 650 981 685 quemadmodum

187 701 312 736 dogmata
327 704 421 727 tenere
435 699 560 726 videmur
577 707 585 725 :
603 705 654 725 nos
669 697 844 732 potissimum
856 696 903 732 qui
920 704 982 724 mo-

187 745 267 773 nachi
283 752 388 777 sumus,
406 748 434 772 et
453 744 555 778 aliquid
566 750 627 771 esse
642 742 844 770 existimamur.
870 740 900 768 Si
912 742 982 768 enim

188 791 277 818 lumen
304 791 374 826 quod
406 791 435 817 in
458 791 532 817 nobis
564 793 602 817 est
632 789 744 816 lenebm
770 787 983 816 ιιηιεισηείιηε

187 842 294 873 quanta:
321 840 398 864 erunt
411 836 459 863 “‘l
475 841 498 863 et
513 836 536 863 si
548 836 590 862 sal
606 836 757 868 evanuerit,
774 835 802 862 in
816 843 867 870 quo
881 833 981 861 salien-

188 888 232 911 ϐαι-
246 883 270 899 ⁸⁷
286 883 366 910 laici?
381 883 554 911 Arbitramur
566 886 604 915 te,
619 882 700 916 idque
713 889 869 917 precamur,
882 888 978 908 eorum
995 880 1018 909 Β

187 938 248 965 qua:
264 930 301 957 ibi
315 934 389 962 sunt,
403 933 570 958 servatorem
581 927 648 960 fore,
660 932 688 955 et
696 928 788 955 lumen
799 932 826 955 et
841 927 981 955 lucernam

189 976 363 1011 perfectionis
376 983 408 1003 ac
422 975 532 1011 pietatis
545 984 552 1002 :
567 982 621 1001 non
639 974 731 1002 omnia
747 978 773 1001 te
789 973 917 1001 omnibus
933 981 983 1000 ex-

189 1022 318 1054 hibendo,
328 1022 374 1049 sed
387 1022 495 1049 virtutis
508 1020 680 1053 excellentia,
695 1024 722 1047 et
735 1020 789 1048 vita
801 1027 835 1046 ex
845 1027 982 1047 canonum

188 1069 248 1104 lege
260 1072 330 1100 acta,
344 1072 494 1103 sanctaque
507 1067 718 1095 conversatione
735 1075 742 1093 :
758 1071 787 1094 et
799 1075 878 1102 aequo
890 1067 983 1095 animo

189 1114 231 1141 fer
238 1113 331 1142 fratris
345 1114 382 1142 tui
396 1114 612 1141 admonitionem
629 1120 663 1140 ex
676 1113 810 1140 cliaritate
819 1112 982 1148 proiectam,

190 1160 336 1195 studioque
361 1160 493 1191 veritatis,
507 1164 535 1186 et
549 1159 644 1187 divino
659 1159 774 1194 judicio.
792 1158 873 1186 Plura
890 1159 983 1187 dicere

189 1206 298 1233 animus
313 1205 495 1239 desiderabat,
513 1205 561 1233 sed
584 1205 706 1240 epistola
732 1205 877 1240 prolixius
901 1205 984 1232 linem

191 1252 280 1280 facere
294 1252 394 1287 coegit.
407 1252 488 1279 Grata
500 1251 581 1279 nobis
595 1251 646 1278 fuit
660 1251 767 1287 eulogia
783 1256 828 1278 tua
839 1251 982 1286 praedives,

190 1303 218 1326 et
231 1306 295 1326 cura
309 1306 390 1333 quam
413 1298 485 1333 geris
505 1298 540 1325 de
556 1297 652 1324 humili
676 1297 843 1324 monasterio
857 1300 905 1324 tuo
920 1305 927 1323 :
940 1304 984 1323 ar-

190 1347 350 1377 gumentum
365 1342 438 1377 quod
460 1349 555 1376 parcas
570 1346 598 1368 et
614 1348 664 1376 pro
679 1349 712 1368 eo
738 1341 857 1369 labores.
872 1340 985 1376 Magnus

191 1388 268 1416 labor
285 1393 348 1416 tuus
361 1397 368 1415 :
381 1388 429 1416 sed
444 1388 575 1415 Dominus
585 1387 634 1415 tibi
647 1387 781 1415 retribuet
795 1395 856 1422 quae
874 1386 984 1414 deside-

192 1442 253 1462 ras:
266 1435 616 1468 virtutumincrementum,
627 1439 654 1462 et
664 1433 828 1469 perennium
840 1433 927 1469 ipsius
934 1433 983 1461 bo-

192 1489 292 1509 norum
305 1481 473 1509 fruitionem.

999 1555 1021 1584 (ἶ

335 1637 466 1665 XXIX.—
484 1636 566 1664 Leoni
592 1635 814 1670 orp/ranutroplzo.

1028 236 1264 273 προσερῤάγησαν
1287 236 1373 273 αὐτῇ·
1395 236 1444 264 καὶ
1467 237 1636 273 ρυπάσματα
1650 237 1761 274 ἄθεσμα
1775 239 1822 266 καὶ

1028 282 1196 309 ἀκανόνιστα
1222 276 1407 315 ἐπεπόλασαν,
1433 281 1530 318 ὥσπερ
1550 282 1599 309 καὶ
1620 282 1651 310 τὸ
1673 282 1739 309 νῦν·
1755 283 1824 310 ἀλλὰ

1030 327 1085 364 μὴν
1111 326 1182 363 αὐτὴ
1209 326 1251 362 τῷ
1275 327 1470 364 προειρημένῳ
1497 328 1592 364 τρόπῳ
1622 329 1752 364 ᾶσχιστος
1777 330 1824 357 καί

1029 373 1182 409 ἀμώμητος
1196 373 1395 409 διαμεμένηκε,
1412 373 1461 401 καὶ
1473 373 1600 409 διαμενεῖ
1621 374 1675 406 ιως
1691 374 1739 401 τοῦ
1756 375 1823 402 αἰῶ-

1029 427 1085 452 νος,
1098 418 1340 454 ὕπεξαιρουμένων
1359 419 1407 446 καὶ
1419 420 1665 456 ἀποπεμπομένων
1675 420 1724 448 ἀπ’
1739 421 1824 456 αὐτῆς

1029 465 1085 493 τῶν
1115 465 1210 497 κακῶς
1237 465 1436 501 φρονησάντων
1463 466 1481 501 ἢ
1512 466 1697 502 πραξάντωνο
1729 466 1825 503 ὥσπερ

1030 513 1061 546 ἐξ
1074 511 1202 540 ἀσιίστου
1223 512 1271 539 καὶ
1293 511 1430 548 παραλίου
1450 513 1557 549 πέτρας
1570 512 1606 540 τὰ
1617 514 1825 550 προσρήσσοντα

1030 558 1154 594 κύματα.

1066 605 1115 638 Et:
1130 606 1247 638 ἕαυτοῦς
1266 603 1314 633 οὖν
1333 605 1489 642 γενώμεθα,
1503 602 1527 634 ὦ
1539 607 1649 642 ἁδελφέν
1663 607 1711 635 καὶ
1721 608 1825 636 ἀπίδω-

1033 659 1084 687 μεν
1097 652 1168 688 πρὸς
1180 652 1212 680 τὸ
1224 652 1284 687 φῶς
1296 652 1348 687 τῆς
1360 652 1504 688 ἀληθείας,
1520 653 1567 680 καὶ
1580 653 1635 681 τῶν
1650 654 1733 690 ιερῶν
1744 655 1825 681 κανό-

1032 706 1098 729 νων.
1111 697 1207 733 ὥσπερ
1217 698 1265 725 καὶ
1275 698 1329 725 τῶν
1339 698 1484 733 δογμάτων
1493 700 1640 735 ἐγκρατεῖς
1650 701 1825 735 φαινοίμεθα*

1034 742 1153 778 μάλιστα
1165 744 1248 779 ἡμεῖς
1263 744 1289 770 οε
1307 744 1489 779 μονάζοντες·
1506 744 1626 780 μάλιστα
1642 745 1724 781 ἡμεῖς
1741 746 1768 772 oi
1781 745 1826 773 δοο

1032 788 1144 821 κοῦντες
1170 786 1240 816 εῐναί
1260 797 1300 817 τε.
1318 790 1354 817 ει
1367 790 1423 825 γὰρ
1438 789 1474 817 τὸ
1487 790 1604 826 ἐνήμῖν
1618 790 1683 826 φῶς
1693 792 1807 825 σκότος
1816 799 1824 806 ·

1032 833 1066 861 τὸ
1078 835 1189 868 σκότος
1202 835 1323 868 udam-,-
1334 835 1393 869 καὶ,
1405 837 1441 863 El
1448 837 1482 863 τὸ
1494 837 1573 871 ἃλας
1586 838 1827 872 μωρανθὴσεται,

1031 879 1066 906 ἑν
1084 881 1145 907 τίη
1169 880 1392 914 ἀλισθήσονται
1415 882 1440 908 οι
1463 881 1572 916 λαῖκοίς
1595 882 1691 918 Ἡμεῖς
1714 884 1828 919 οίόμεθά

1034 932 1075 957 σε,
1089 925 1138 952 καὶ
1149 925 1298 960 εὒχόμεθα,
1310 926 1367 953 τῶν
1383 926 1478 953 αὐτόθι
1493 927 1605 962 σωτῆρα
1620 925 1689 954 εἶναι
1704 929 1753 955 καὶ
1770 937 1828 964 φω-

1034 970 1133 1006 στῆρα,
1147 971 1195 998 καὶ
1210 971 1308 1007 λύχνον
1321 972 1470 1008 ἀκριϐείας
1489 973 1536 1000 θοαὶ
1552 973 1712 1006 εὐσεϐείας·
1730 975 1783 1002 οὐκ
1796 976 1828 1002 ἐκ

1033 1015 1081 1043 τοῦ
1103 1017 1172 1044 πᾶσι
1188 1017 1222 1044 τὰ
1239 1018 1329 1045 πάντα
1342 1018 1478 1053 γίνεσθαι,
1492 1019 1552 1046 ἀλλ’
1568 1020 1601 1046 ἐκ
1621 1020 1669 1047 τοῦ
1696 1021 1748 1056 τῆς
1762 1022 1828 1057 ἁρε-

1034 1062 1084 1098 τῆς
1102 1063 1198 1098 ὕψους,
1217 1065 1266 1091 καὶ
1281 1065 1314 1091 ἐκ
1331 1065 1379 1091 τοῦ
1393 1066 1623 1102 κεκανονισμένου
1639 1067 1698 1103 βίου
1708 1089 1717 1101 ,
1734 1069 1783 1095 καὶ
1797 1070 1830 1095 ἐκ

1034 1108 1081 1135 τοῦ
1112 1110 1296 1145 ίεροπρεποῦς
1320 1111 1530 1147 πολιτεύματος.
1553 1112 1609 1140 Καὶ
1626 1113 1693 1148 φέρε
1712 1114 1830 1149 ἀδελφοῦ

1035 1163 1083 1181 σου
1095 1155 1249 1192 ὑπόμνησιν
1262 1156 1440 1192 ἁγαπητικὴν
1450 1155 1544 1192 οὖσαν,
1560 1158 1608 1186 καὶ
1620 1159 1767 1196 φιλαλήθη,
1784 1161 1829 1187 καὶ

1035 1201 1186 1238 θεόκριτον.
1200 1203 1254 1230 Καὶ
1267 1203 1302 1230 τὰ
1318 1202 1404 1230 πλείω
1419 1202 1509 1238 λέγειν
1521 1204 1537 1239 ή
1551 1202 1682 1239 ἐπιθυμία
1697 1214 1732 1240 με
1745 1206 1831 1233 ἕλκει·

1034 1249 1050 1284 ἠ
1074 1248 1193 1283 ἀμετρία
1219 1248 1249 1275 δὲ
1269 1248 1316 1275 τοῦ
1333 1248 1498 1284 γράμματος
1523 1249 1690 1276 συνέλχουσα
1713 1251 1832 1278 ἐνταῦθα

1035 1293 1109 1328 ἡμᾶς
1125 1292 1291 1320 καταπαύει.
1307 1292 1513 1328 ’Δπεδεξάμεθά
1526 1301 1574 1320 σου
1586 1294 1678 1321 τοίνυν
1690 1295 1741 1331 τὴν
1757 1297 1832 1322 εὐλο-

1035 1337 1099 1372 γίαν
1116 1338 1166 1373 τὴν
1181 1337 1323 1364 πλουσίαν.
1341 1338 1397 1365 Καὶ
1410 1339 1450 1365 ὅτι
1468 1338 1632 1374 ἐφρόντισας
1643 1340 1710 1376 περὶ
1721 1341 1775 1376 τῆς
1787 1350 1833 1368 τα-

1036 1381 1193 1414 πεινώσεως
1217 1382 1265 1409 τοῦ
1282 1383 1468 1419 μοναστηρίου
1495 1392 1560 1410 σου-
1585 1384 1685 1420 δεῖγμα
1709 1385 1762 1420 μὲν
1786 1386 1834 1413 τοῦ

1035 1427 1176 1462 φείδεσθαι
1192 1428 1240 1454 καὶ
1254 1430 1346 1456 πονεῖν
1361 1428 1431 1464 ὑπὲρ
1441 1428 1537 1463 αὑτοῦ,
1553 1429 1637 1461 κόπος
1657 1430 1687 1457 δέ
1705 1439 1753 1457 σου
1771 1433 1833 1459 ἱκα-

1035 1474 1090 1505 νός.
1111 1474 1183 1501 Ἀλλ’
1193 1475 1208 1500 6
1223 1476 1325 1511 Κύριος
1338 1475 1537 1511 ἀνταμείψεταί
1552 1483 1582 1502 σε
1591 1472 1632 1508 οἷς
1647 1476 1774 1512 χρῄζεις,
1787 1477 1836 1513 τὴν

1036 1520 1092 1547 τῶν
1105 1520 1212 1556 ἀρετῶν
1223 1520 1405 1557 ἐπανάληψιν,
1416 1521 1464 1548 καὶ
1477 1520 1528 1556 τὴν
1540 1520 1597 1548 τῶν
1611 1522 1730 1550 αἰωνίων
1746 1523 1834 1551 αὑτοῦ

1039 1566 1153 1601 ἀγαθῶν
1169 1567 1332 1595 ἀπόλαυσιν.

1144 1636 1211 1663 KG’.
1226 1651 1262 1656 —
1274 1636 1383 1665 Λέοντι
1400 1638 1623 1675 ὀρφανοτρόφῳ.
1643 1639 1727 1677 [μη’.]

899 1713 927 1739 ln
940 1717 1045 1741 mortem
1058 1714 1113 1740 lilii.

227 1771 413 1808 Cupiebamus
434 1770 544 1806 ipsimet
557 1769 652 1797 venire
665 1776 894 1804 communemque
907 1769 987 1797 nobis

192 1818 281 1846 facere
296 1823 448 1844 aerumnam
465 1819 583 1843 vestram
603 1814 675 1841 circa
697 1814 808 1841 beatum
835 1814 920 1841 lilium
936 1822 986 1842 ve-

193 1869 294 1896 strum,
310 1863 421 1891 domine
441 1861 477 1888 mi
492 1859 736 1892 desideratissime,
750 1868 805 1887 non
823 1867 872 1895 per
882 1860 986 1888 litteras

193 1909 382 1939 tantummodo
401 1915 494 1936 casum
508 1907 611 1942 lugere,
623 1905 795 1941 tristitiaeque
810 1910 907 1934 vestra:
922 1913 986 1941 par-

192 1957 289 1992 ticipes
303 1955 444 1983 vobiscum
461 1953 531 1981 ﬁeri.
549 1952 601 1986 Qui
618 1952 691 1980 enim
705 1953 792 1987 possit
805 1959 859 1981 non
872 1952 987 1980 misera-

191 2002 259 2034 bile,
275 2002 321 2037 qui
339 2001 425 2036 possit
437 2006 492 2027 non
513 1999 679 2034 stupendum
696 1998 801 2032 videri,
820 1998 867 2026 ﬁlii
879 2003 941 2034 post
954 1998 986 2025 li-

191 2049 259 2076 lium
272 2048 454 2083 privationem
470 2045 536 2082 pati,
550 2049 578 2073 et
592 2045 685 2073 vivum
705 2044 908 2080 quodammodo
923 2044 985 2072 the-

192 2101 305 2123 saurum
317 2093 454 2125 amittere,
467 2092 576 2120 divitias
589 2091 717 2127 genitive
730 2091 923 2124 successionis,
937 2098 987 2118 ex-

191 2144 314 2176 optatum
341 2139 460 2166 fructum
476 2137 583 2174 papillas
602 2141 744 2170 maternae,
769 2136 879 2164 oculum
904 2135 985 2163 fami-

191 2188 234 2215 liae
244 2186 470 2223 pulcherrimum,
486 2184 554 2212 aviae
565 2183 698 2216 laetitiam,
714 2183 800 2210 totius
815 2181 985 2218 cognationis

191 2235 276 2262 decus
289 2238 318 2260 et
346 2230 557 2260 ornamentum?
570 2229 680 2257 Primus
699 2232 775 2256 ortus
798 2233 840 2256 est
856 2229 961 2256 fructus
977 2236 984 2256 :

191 2286 219 2309 et
233 2281 396 2308 immaturus
411 2276 565 2313 genitorum
580 2283 596 2303 e
609 2275 736 2302 manibus
752 2278 847 2309 raptus
861 2278 913 2301 est.
929 2274 986 2301 Na-

191 2332 235 2354 tus
244 2330 285 2354 est
294 2324 442 2355 secundus,
452 2327 480 2350 et
492 2322 565 2349 hunc
577 2328 687 2356 quoque
694 2328 768 2348 mors
783 2320 880 2348 acerba
889 2327 986 2348 corru-

189 2373 241 2408 pit.
257 2371 349 2399 'l‘ertia
378 2369 462 2404 stirps
488 2367 599 2403 prodiit,
626 2366 841 2402 praecedentium
857 2365 986 2394 consola-

191 2407 239 2453 tio,
257 2418 411 2449 ﬂorulenta,
422 2415 596 2451 perpulchra,
606 2414 690 2441 vitam
704 2413 737 2441 ad
755 2413 864 2441 tertium
879 2420 982 2440 annum
1001 2407 1025 2437 Ι)

190 2466 305 2497 ducens,
321 2464 348 2491 in
362 2470 415 2498 qua
425 2467 565 2496 snspensas
580 2464 723 2495 parentum
737 2459 835 2486 animae
849 2459 984 2486 teneban.

191 2517 236 2540 tur
253 2520 259 2539 :
278 2515 314 2543 et,
337 2517 353 2537 ο
370 2507 570 2536 calamitatem!
587 2514 649 2533 nam
674 2513 769 2533 vocem
790 2512 899 2540 quoque
924 2512 986 2540 pro-

189 2557 291 2587 scindit
308 2556 385 2584 dolor
400 2564 406 2583 :
424 2553 541 2582 excessit
564 2553 608 2580 hic
624 2552 706 2580 etiam
721 2557 756 2578 ex
772 2550 860 2578 oculis
875 2550 984 2583 vestris,

188 2606 316 2643 quodque
340 2603 523 2631 miserrimum
539 2603 591 2632 est.
606 2604 683 2635 patre
699 2607 755 2626 non
785 2603 931 2634 praesente.
953 2597 986 2625 Et

188 2653 254 2688 quid
267 2659 337 2688 opus
353 2655 395 2678 est
416 2647 597 2676 calamitatem
611 2651 774 2681 exaggerare
786 2645 798 2671 ?
812 2643 986 2672 Conscissum

188 2700 231 2723 est
247 2703 294 2722 cor
319 2699 453 2725 vestrum,
470 2690 565 2727 patris,
587 2689 693 2721 matris,
707 2688 825 2717 domina:
846 2689 985 2724 patriciae;

189 2743 217 2767 et
233 2746 281 2774 per
311 2743 456 2772 utramque
485 2734 589 2771 gladius
612 2733 788 2770 pertransivit
810 2742 817 2767 ;
844 2734 986 2770 dolorique

191 2785 355 2817 mrdcbitur,
371 2791 427 2811 non
452 2790 553 2818 sermo,
571 2790 627 2810 non
652 2779 804 2809 consolatio
818 2781 859 2809 vel
886 2781 920 2810 ab
936 2781 988 2809 ho-

231 2871 253 2888 "
269 2872 364 2902 Matth.
381 2881 419 2909 vt,
437 2872 483 2900 25.
522 2872 545 2888 ³⁷
555 2871 653 2900 Matth.
667 2880 693 2906 ι’,
710 2872 752 2900 15.

1080 1768 1267 1804 Ἐὸουλόμεθα
1290 1769 1373 1804 ἡμεῖς
1392 1769 1470 1796 αὐτοὶ
1484 1771 1623 1806 παρεῖναι,
1640 1771 1688 1798 καὶ
1703 1773 1838 1809 κοινωνῆ-

1040 1824 1085 1842 σαι
1106 1815 1157 1850 τῆς
1179 1815 1294 1851 ἐνούσης
1310 1816 1375 1851 ὑμῖν
1393 1817 1550 1852 συμφορᾶς,
1567 1817 1632 1853 περὶ
1645 1818 1677 1844 τὸ
1697 1820 1838 1855 μακάριον

1038 1861 1116 1896 ὑμῶν
1137 1861 1243 1893 τέκνον,
1266 1861 1345 1896 κύριέ
1371 1870 1424 1897 μου
1449 1861 1636 1895 τωθεινότατε,
1651 1864 1701 1898 οὐχ
1722 1864 1768 1891 ὅτι
1792 1865 1837 1892 διὰ

1038 1906 1203 1942 γράμματος
1218 1906 1391 1943 θρηνῳδῆσαι
1406 1907 1437 1934 τὸ
1456 1907 1545 1939 πάθος
1563 1909 1612 1935 καὶ
1628 1911 1838 1946 συμμετασχεῖν

1038 1952 1102 1988 ὑμῖν
1114 1952 1163 1979 τοῦ
1176 1952 1311 1989 λυπηροῦ.
1323 1953 1386 1985 Πῶς
1397 1953 1453 1990 γὰρ
1465 1954 1516 1981 οὐκ
1529 1954 1658 1988 ἐλεεινὸν,
1671 1955 1731 1988 πῶς
1745 1956 1777 1983 δὲ
1789 1957 1838 1983 οὐκ

1037 1999 1208 2033 ἐκστατικδν,
1233 1999 1329 2032 παιδὸς
1347 2000 1394 2027 ἐπὶ
1416 2000 1494 2027 παιδὶ
1511 2001 1641 2036 στέρησιν
1656 2001 1768 2034 παθεῖν,
1791 2003 1838 2029 καὶ

1037 2042 1094 2072 οἷον
1120 2044 1254 2072 ἀπολέσαι
1278 2046 1325 2073 τὸν
1343 2045 1466 2081 ἔμψυχον
1488 2046 1639 2082 θησαυρὸν,
1655 2048 1703 2075 τὸν
1718 2047 1838 2075 πλοῦτον

1037 2091 1086 2127 τῆς
1111 2091 1224 2126 γονικῆς
1244 2091 1381 2128 διαδοχῆς,
1402 2092 1449 2119 τὺν
1465 2092 1633 2120 πολύευκτον
1648 2094 1760 2130 καρπὸν
1786 2095 1837 2130 τῇς

1038 2137 1169 2173 μητρῴας
1185 2137 1281 2174 θηλῆς,
1292 2138 1339 2165 τὸν
1352 2138 1504 2175 περιταλλῆ
1517 2139 1658 2174 ὀφθαλμὸν
1670 2141 1720 2176 τῆς
1733 2140 1837 2172 οἰκίας,

1037 2183 1088 2219 τῆς
1104 2184 1280 2219 προμήτορος
1293 2183 1324 2210 τὸ
1337 2183 1506 2220 ἁγαλλίαμα,
1518 2185 1570 2220 τῆς
1590 2185 1655 2220 ὅλης
1670 2185 1838 2220 συγγενείας

1037 2229 1068 2256 τὸ
1086 2229 1292 2265 σεμνολόγημα;
1309 2225 1398 2257 Ἧκεν
1411 2231 1426 2257 ό
1441 2230 1551 2266 πρῶτος
1568 2231 1694 2266 καρπός·
1712 2231 1761 2258 καὶ
1780 2232 1837 2259 ἄω-

1038 2284 1084 2311 ρος
1096 2275 1129 2302 ὲκ
1146 2274 1200 2301 τῶν
1213 2275 1331 2309 γονικῶν
1346 2275 1446 2312 χειρῶν
1460 2276 1636 2312 ἀνηρπάσθη.
1657 2276 1728 2311 Ἐφυ
1745 2278 1762 2304 6
1772 2277 1836 2304 δεύ-

1037 2330 1117 2358 τερος
1128 2330 1136 2337 υ
1150 2322 1198 2349 καὶ
1213 2321 1309 2349 τοῦτον
1323 2322 1478 2358 ἐλυμήνατο
1490 2324 1504 2350 ὁ
1522 2323 1621 2358 πικρὸς
1641 2323 1771 2356 θάνατος.
1787 2323 1839 2351 Τέ-

1038 2368 1104 2404 θηλε
1119 2367 1149 2394 τὸ
1159 2368 1252 2404 τρίτον
1267 2368 1423 2404 βλάστημα,
1436 2368 1602 2404 παραμυθία
1613 2368 1670 2396 τῶν
1681 2370 1838 2405 προτέρων,

1038 2414 1162 2446 εὐανθὲς,
1182 2415 1358 2449 περικαλλὲς,
1383 2415 1451 2449 ἄγον
1472 2415 1503 2442 τὸ
1528 2414 1661 2450 βιώσιμον
1682 2415 1723 2447 εις
1742 2415 1839 2451 τριετῆ

1039 2460 1134 2495 χρόνον
1144 2468 1152 2475 ·
1172 2461 1202 2487 ἐν
1215 2457 1238 2494 ᾦ
1251 2461 1279 2487 al
1296 2460 1380 2496 ψυχαὶ
1398 2461 1595 2497 ἀπεκρέμαντο
1614 2460 1668 2488 τῶν
1681 2460 1820 2488 τεκόντων
1830 2468 1837 2475 ·

1039 2506 1087 2533 καὶ
1105 2506 1156 2541 φεῦ
1175 2506 1226 2542 τῆς
1242 2507 1402 2542 συμφορᾶςι
1422 2507 1555 2541 ἐγκόπτει
1566 2507 1621 2542 γὰρ
1640 2507 1672 2534 τὸ
1686 2507 1774 2539 πάθος
1792 2506 1838 2534 καὶ

1039 2552 1070 2579 τὸ
1085 2552 1269 2588 φθέγγεσθαι·
1288 2552 1373 2589 ᾢχετο
1387 2553 1436 2580 καὶ
1447 2553 1526 2581 τοῦτο
1542 2554 1571 2587 ἐξ
1586 2553 1735 2589 ὀφθαλμῶν
1747 2553 1837 2588 ὑμῶν*

1041 2598 1089 2626 καὶ
1105 2599 1169 2633 τόγε
1183 2599 1375 2635 ἐλεεινότερον,
1392 2600 1461 2635 μηδὲ
1473 2599 1518 2626 ἐπ’
1533 2599 1622 2634 ὅψεως
1635 2600 1684 2636 τῆς
1697 2598 1838 2635 πατρικῆς

1041 2646 1205 2682 παρουσίας.
1219 2646 1275 2673 Καὶ
1296 2645 1323 2673 τί
1342 2645 1383 2672 δεῖ
1396 2646 1582 2682 ἐκτραγῳδεῖν
1601 2646 1651 2681 τὴν
1671 2645 1837 2681 συμφοράν;

1040 2691 1181 2726 Τέτμηται
1197 2690 1276 2726 ὑμῶν
1293 2692 1310 2727 ή
1324 2691 1434 2727 καρδία,
1448 2690 1497 2718 τοῦ
1515 2691 1630 2727 πατρὸς.
1653 2690 1704 2726 τῆς
1720 2691 1837 2726 μητρὸς,

1039 2735 1091 2771 τῆς
1110 2735 1219 2771 κυρίας,
1235 2736 1286 2772 τῆς
1298 2735 1462 2773 πατρικίας·
1478 2736 1526 2764 καὶ
1542 2736 1667 2772 ῥομφαία
1689 2736 1735 2763 διὰ
1751 2737 1838 2772 μέσου

1041 2782 1207 2819 ἀμφοτέρων
1231 2782 1345 2818 ἐλήλυθε
1356 2791 1363 2798 ·
1384 2783 1432 2810 καὶ
1452 2783 1482 2811 τδ
1500 2783 1597 2812 ἄλογον
1611 2782 1790 2818 θεραπεύσει,
1806 2781 1836 2808 ού
