1926 3078
83 122 154 156 1005

709 115 978 150 EPISTOLARUM
991 115 1064 145 LIB.
1088 115 1109 146 ῐ.

1654 114 1722 146 1006

78 181 167 215 λόγος,
187 178 219 205 οὐ
234 175 419 214 παραμύθιον,
431 176 481 204 οὑκ
496 175 526 210 ὲε
541 175 702 211 ἀνθρώπου,
719 175 771 202 οὐκ
788 174 873 209 ἀγγέ-

925 171 998 199 mine
1013 170 1055 198 vel
1071 171 1105 198 ab
1124 169 1220 205 angelo
1236 188 1244 201 .
1258 168 1305 197 sed
1321 177 1337 196 a
1356 168 1414 197 solo
1429 167 1494 202 Deo,
1519 169 1565 205 qui
1589 169 1651 197 vitae
1670 178 1719 198 no-

78 225 136 258 λου,
154 223 213 252 ἀλλ’
228 224 262 251 tx
280 223 362 258 μόνον
377 222 425 249 τοῦ
441 221 522 254 Θεοῦ,
537 221 587 249 τοῦ
604 221 692 253 οὓτως
709 220 873 256 διαθεμένου

77 272 141 303 τοὺς
166 269 218 305 τῆς
241 269 315 305 ζωῆς
339 268 418 304 ἡμῶν
442 268 532 304 ὄρους.
555 267 643 300 Αὐτὸς
665 267 721 302 γάρ
741 267 813 300 ἐστι,
831 265 874 293 δέ-

78 317 168 345 σποτά
195 324 258 352 μου,
282 316 297 343 ὁ
318 315 350 342 τὺ
377 314 541 350 τριπόθητον
562 313 640 349 ὑμῶν
663 312 760 340 τέκνον
787 320 873 347 προσ-

77 364 251 399 λαϐόμενος”
267 362 364 397 ὥσπερ
388 361 435 388 καὶ
457 361 492 388 τὰ
513 359 687 400 προλαϐόντα
709 357 874 394 προσληψά-

79 418 173 446 μενος.

112 454 244 491 Δυπηρδν
260 453 320 490 μὲν,
332 453 381 480 καὶ
398 452 471 485 λίαν,
481 452 512 479 τδ
529 451 591 479 καθ’
605 450 679 487 ὑμᾶς
690 459 697 466 ·
713 451 745 479 οὐ
763 450 875 481 πάντως

77 499 107 528 δὲ
121 500 169 528 καὶ
178 500 235 532 τοῖς
247 498 461 536 προσληφθεῖσιν
471 505 478 513 ·
492 497 587 533 ιπειδὴ
598 496 729 533 ἄκραντοι
742 495 791 524 καὶ
805 496 876 532 ἀκη-

77 545 188 574 λίδωτοι
205 544 235 578 ἐξ
251 543 395 580 ἁμαρτιῶν
415 542 459 570 διὰ
477 542 528 578 τῆς
544 539 729 578 ἀρτιγενείας,
749 541 875 577 ἐγχωρή-

79 600 180 624 σαντες
205 590 261 618 τῶν
286 587 392 617 ινθινδε
416 588 485 624 πρὸς
497 588 545 615 τὸν
560 587 697 624 μακάριον
715 586 762 614 καὶ
779 586 874 622 ἀπαθῆ

79 637 150 674 βίον,
164 637 194 663 ἑν
210 636 321 667 κόλποις
337 632 463 671 ’Δσραὰμ
473 631 630 670 χορεῦουσι,
643 633 714 669 μετά
726 633 813 668 ἁγίων
825 641 875 669 νηο

79 683 153 710 πίων
169 680 386 714 συναυλίζονται,
403 679 473 715 μετὰ
485 679 591 706 παίδων
607 679 797 715 χριστοφόρων
808 678 875 706 ἀνα-

80 729 244 765 μέλπουσιν.
260 727 344 754 Ὥστε
360 726 411 754 οὐκ
431 725 554 752 ἀπόλωλε
578 725 613 752 τὰ
627 724 759 752 κάλλιστα
779 723 873 758 τέκνα,

77 775 150 802 ἀλλά
164 774 300 801 σέσωσται
314 772 379 807 ὑμῖν
397 771 445 799 καὶ
456 771 590 806 διαμένει.
605 766 662 797 Καὶ
674 769 809 804 ἔπὸψεσθε
823 769 875 797 αὖ-

77 819 114 847 τά
129 818 229 854 μικρὸν
244 817 369 853 ὕστερον,
382 816 464 852 ἡνίκα
475 815 509 843 ἃν
522 813 600 847 τέλος
611 814 721 850 δέξηται
731 815 749 850 ή
760 814 874 850 χρονικὴ

78 862 138 899 ζωὴ
154 863 236 898 αὕτη,
247 862 378 898 χαίροντα
388 861 437 888 καὶ
453 857 639 895 ἀγαλλόμενα,
649 859 701 887 οὐκ
714 860 744 887 ὲν
756 860 872 897 βραχείᾳ

76 906 186 944 ἡλικία,
200 906 258 934 ἀλλ’
274 907 306 934 ὲν
319 905 469 943 τελειότητι
484 903 532 932 τοῦ
547 902 731 940 πληρώματος
745 903 792 931 τοῦ
802 904 872 940 Χρι-

79 952 158 986 στοῦ,
187 951 280 985 καθὼς
301 951 468 987 γέγραπται.
504 950 550 977 Διδ
576 946 791 986 παρακαλοῦμεν
824 949 873 976 καὶ

78 996 286 1035 ἀντιϐολοῦμεν,
316 998 373 1029 τοῖς
403 996 546 1032 λογισμοῖς
574 994 683 1027 τούτοις
709 994 874 1030 κατεπᾴβειν

78 1044 188 1078 ιαυτοῖς
213 1044 285 1072 κατά
302 1040 334 1071 ἰδ
355 1042 465 1079 ἀληθὲς,
484 1043 531 1069 καὶ
553 1041 680 1069 ἐντεῦθεν
702 1041 822 1077 ιξαίρειν
842 1039 874 1068 τδ

78 1093 200 1128 ἄμετρον
219 1087 342 1126 λυπηρὸν
365 1089 417 1125 τῆς
441 1085 543 1124 ψυχῆς.
570 1088 667 1124 Μετρα
690 1087 745 1123 γὰρ
773 1085 874 1114 ἔδωκεν

78 1139 147 1174 ἡμῖν
160 1137 175 1164 ὁ
190 1135 294 1172 Κύριος
304 1143 313 1152 ·
335 1134 380 1162 ἶνα
393 1135 441 1162 καὶ
455 1134 490 1162 τὰ
504 1133 608 1169 φυσικὰ
627 1132 772 1168 σπλάγχνα
786 1133 873 1160 ivssi-

78 1181 216 1218 κνύμεθα.
230 1182 278 1209 καὶ
295 1181 360 1213 τοὺς
381 1180 432 1216 τῆς
451 1178 619 1216 αὐταρκείας
632 1180 713 1215 ὅρους
731 1178 770 1214 μὴ
787 1175 874 1214 ὑπερ-

78 1228 232 1264 ϐαίνωμεν.
249 1226 287 1254 Τδ
303 1225 354 1262 μὲν
364 1226 419 1261 γὰρ
429 1225 470 1258 είς
482 1225 556 1252 ἔλεον
571 1225 644 1252 κινεῖ
653 1224 683 1251 τὺ
694 1224 772 1251 Θεῖον
784 1230 794 1240 ⁸
808 1225 838 1251 τὸ
846 1223 875 1251 δι

77 1273 286 1310 ἀντιφέρεσθαι,
302 1272 377 1300 ποιεῖ
400 1272 456 1303 τοῖς
479 1270 531 1307 τῆς
552 1270 686 1307 Προνοίας
697 1269 874 1305 διατάγμασι.

78 1321 137 1349 Καὶ
147 1320 179 1347 τὸ
193 1319 243 1355 μιν
257 1318 402 1354 εὐφραίνει
414 1318 478 1349 τοὺς
491 1317 675 1349 ἀπελθόντας·
691 1316 722 1343 τδ
738 1316 768 1344 δὲ
780 1316 875 1343 λυπεῖν

78 1366 178 1394 εἴωθεν
192 1365 295 1396 αὐτοὺς
306 1363 371 1395 τοὺς
386 1362 573 1394 ἀναπαύσεως
587 1362 732 1397 τυχόντας.
747 1361 805 1393 Πᾶς
820 1360 876 1397 γάρ

77 1419 122 1444 τις
140 1409 266 1447 βούλεται
288 1410 394 1446 χαίρειν
410 1408 458 1435 ἐπὶ
472 1409 506 1444 τῇ
526 1407 617 1443 οἰκείᾳ
637 1408 721 1443 χαρᾷ,
745 1406 803 1434 ἀλλ’
815 1406 876 1442 οὐχὶ

78 1457 228 1485 λυπεῖσθαι
243 1457 308 1488 τοὺς
322 1456 411 1491 φιλεῖν
435 1452 648 1490 ὁμολογοῦντας.
672 1453 770 1489 Ἡμεῖς
782 1452 812 1480 δὲ
827 1460 875 1479 πι-

923 220 988 245 strae
1001 215 1180 245 terminosita
1194 215 1337 250 disposuit.
1353 214 1413 250 Ipse
1434 215 1508 242 enim
1530 219 1582 247 est,
1600 215 1717 242 Domine

924 261 972 294 mi,
994 261 1041 297 qui
1066 259 1274 289 dilectissimum
1298 259 1384 287 filium
1405 264 1528 288 vestrum
1558 260 1718 296 assumpsit,

924 307 997 336 sicut
1012 311 1041 336 ct
1058 306 1245 345 praeedentes
1258 309 1453 342 assumpserat.

960 447 1050 477 Triste
1064 446 1172 485 quidem
1183 447 1328 477 admodum
1338 448 1410 484 quod
1425 446 1458 476 ad
1470 455 1518 476 vos
1525 452 1649 484 spectat;
1666 447 1718 478 sed

924 503 979 524 non
994 495 1028 523 iis
1041 503 1154 531 prorsus
1166 495 1213 530 qui
1225 495 1357 530 assumpti
1377 498 1460 522 sunt:
1474 494 1576 529 quippe
1590 494 1636 529 qui
1650 494 1720 522 labis

924 546 1053 577 expertes
1067 540 1102 568 ob
1115 544 1254 568 recentem
1277 544 1379 572 ortum.
1404 544 1432 567 et
1448 538 1615 566 immaculati
1629 547 1644 565 a
1658 545 1720 574 pee-

925 587 1004 620 catis,
1017 587 1052 614 ad
1062 586 1170 614 beatam
1181 586 1265 614 vitam
1275 585 1340 613 hinc
1353 584 1479 620 profecti.
1491 584 1518 612 in
1532 584 1593 612 sinu
1602 584 1720 612 Abrahae

925 633 1028 661 choros
1049 632 1240 664 ducunt.cum
1266 631 1369 660 sanctis
1394 630 1545 658 infantibus
1571 631 1719 658 stelionem

925 679 1040 711 habent,
1056 682 1084 706 et
1098 685 1161 706 cum
1185 677 1280 713 pueris
1301 677 1441 704 Christum
1470 675 1648 711 sequentibus
1668 675 1719 711 hy-

925 732 1005 752 mnos
1025 728 1139 752 canunt.
1166 723 1259 759 Itaque
1286 730 1341 750 non
1367 722 1531 750 interierunt
1545 722 1645 758 egregii
1658 722 1718 754 filii.

925 771 974 800 sed
997 770 1150 798 incolumes
1171 769 1250 797 vobis
1276 773 1399 801 manent,
1419 775 1520 803 eosque
1545 768 1718 803 postmodum

925 816 1110 852 conspicietis,
1134 823 1196 844 cum
1224 814 1258 842 ad
1280 814 1383 842 exitum
1399 813 1558 850 temporalis
1583 814 1640 841 haec
1665 814 1718 841 vita

924 862 1092 898 pervenerit,
1104 861 1253 898 gaudentes
1261 865 1290 888 et
1298 860 1466 889 exsultantes
1476 867 1531 887 non
1541 859 1569 887 in
1580 860 1656 887 brevi
1668 860 1720 888 hac

922 913 1014 942 aetate,
1036 908 1084 936 sed
1117 908 1144 935 in
1164 907 1332 943 perfectione
1358 906 1534 942 plenitudinis
1558 905 1672 939 Christi,
1689 911 1721 934 ut

923 955 1055 991 scriptum
1070 958 1113 982 est
1124 953 1160 982 ⁸⁸.
1187 953 1371 986 Quamobrem
1399 951 1540 980 hortamur
1551 955 1580 979 et
1589 952 1718 980 obscen-

923 1010 995 1035 mus.
1005 1005 1035 1029 ut
1049 1000 1093 1029 his
1105 1007 1154 1029 vos
1166 999 1218 1035 ipsi
1229 999 1440 1035 cogitationibus
1449 1006 1544 1026 revera
1559 998 1716 1030 mulceatis,

923 1052 952 1076 et
968 1047 1144 1075 immodicum
1159 1046 1225 1073 hinc
1236 1045 1335 1073 animae
1345 1041 1467 1072 dolorem
1475 1043 1628 1079 depellutis.
1641 1043 1719 1070 Men-

923 1101 1002 1122 suras
1024 1092 1099 1120 enim
1113 1091 1209 1120 statuit
1225 1091 1304 1119 nobis
1329 1090 1461 1118 Dominus
1478 1099 1485 1118 :
1502 1094 1531 1117 ut
1543 1093 1570 1117 et
1584 1089 1718 1117 naturalia

923 1138 1030 1167 viscera
1046 1137 1232 1170 ostendamus,
1245 1140 1273 1164 et
1282 1135 1417 1171 legitimos
1438 1135 1540 1162 limites
1560 1142 1614 1162 non
1627 1139 1719 1162 trans-

925 1182 1091 1220 grediamur.
1116 1179 1239 1209 Alterum
1265 1179 1339 1207 enim
1352 1179 1387 1207 ad
1400 1175 1616 1207 misericordiam
1632 1177 1717 1204 Deum

925 1231 1037 1256 movet:
1053 1227 1168 1254 alterum
1183 1225 1362 1261 providentia:
1389 1224 1508 1252 decretis
1535 1227 1719 1260 repugnantes

924 1273 1000 1302 facit.
1024 1272 1060 1300 Et
1074 1272 1191 1300 alterum
1213 1278 1310 1299 rursus
1332 1277 1379 1298 eos
1394 1269 1529 1298 exhilarat
1550 1269 1597 1305 qui
1623 1275 1718 1296 exces-

926 1321 1034 1351 serunt,
1048 1317 1164 1345 alterum
1179 1316 1343 1344 contristare
1358 1315 1419 1344 illos
1439 1315 1518 1348 solet,
1532 1315 1578 1351 qui
1595 1314 1718 1350 requiem

925 1362 1016 1398 adepti
1025 1361 1173 1390 sunt.Vult
1182 1362 1254 1389 enim
1263 1361 1452 1396 unusquisque
1460 1361 1487 1388 in
1500 1360 1610 1396 propria
1625 1359 1719 1387 lautitia

926 1409 1023 1442 laetari,
1035 1417 1067 1437 ac
1077 1417 1132 1437 non
1148 1409 1251 1441 dolere,
1265 1416 1313 1436 eos
1325 1408 1371 1444 qui
1385 1416 1478 1436 amare
1497 1415 1527 1436 se
1542 1408 1648 1436 dicunt.
1661 1407 1719 1434 Nos

926 1464 991 1484 vero
1005 1461 1034 1483 et
1050 1455 1190 1483 Dominam
1204 1454 1415 1487 Chartulariam,
1431 1459 1539 1482 uterum
1565 1454 1656 1482 denuo
1670 1460 1719 1488 ge-

78 1503 226 1539 οτεύομεν,
237 1503 285 1530 καὶ
299 1501 380 1529 πάλιν
393 1502 422 1528 ὲν
438 1501 536 1536 γαστρὶ
555 1500 628 1534 ἒξειν
644 1499 694 1535 τὴν
710 1499 809 1534 κυρίαν
821 1497 872 1534 τὴν

925 1506 1054 1531 staturam
1069 1501 1216 1534 credimus,
1234 1505 1261 1528 et
1275 1500 1361 1528 filium
1369 1500 1585 1533 enixuramuton
1597 1504 1651 1528 tam
1664 1501 1719 1529 cito

77 1547 301 1585 Χαρτουλαρίαν,
314 1547 362 1574 καὶ
379 1543 506 1580 τέξεσθαι
518 1545 575 1572 υίδν
593 1544 685 1573 οὐκέτι
704 1543 872 1580 ταχύμορον,

76 1595 148 1622 ἀλλά
159 1590 480 1630 προμακροημερεύοντα
496 1592 536 1624 εἰς
550 1589 675 1626 διαδοχὴν
691 1590 787 1624 γένους
798 1597 806 1605 ο
821 1589 873 1625 μό-

77 1649 125 1668 νον
148 1640 198 1668 ὲὰν
221 1640 414 1676 μετριάσωμεν
435 1639 468 1665 τδ
489 1637 586 1671 πάθος,
603 1637 652 1664 καὶ
674 1636 725 1670 τὰς
742 1634 812 1672 ὑπὲρ
825 1634 874 1663 τοῦ

77 1686 177 1717 παιδὸς
190 1685 334 1720 ἀποδῶμεν
352 1685 426 1720 ἔργῳ
437 1682 485 1711 καὶ
501 1683 573 1720 λόγῳ
586 1682 747 1719 προσφορὰς
762 1680 874 1719 εὐχαρία

79 1738 163 1763 στους
173 1729 215 1766 τῷ
230 1728 357 1766 Δεσπότῃ
368 1728 493 1765 Χριστῷ.

221 1795 263 1825 Δ’.
281 1810 317 1818 --
331 1795 493 1831 Νικηφόρῳ
507 1793 688 1832 πατριάρχῃ.
709 1795 789 1833 [να’.]

925 1547 1102 1580 moriturum,
1117 1546 1165 1574 sed
1189 1546 1325 1574 diuturnae
1339 1546 1402 1573 vitae
1423 1545 1543 1573 futurum
1565 1545 1598 1573 ad
1612 1547 1720 1581 generis

924 1593 1146 1630 propagationem
1162 1600 1170 1620 :
1186 1591 1333 1620 dummodo
1348 1591 1467 1619 dolorem
1493 1590 1675 1623 moderemur,
1691 1596 1720 1620 et

924 1649 976 1677 pro
989 1640 1045 1668 filio
1059 1639 1207 1676 gratiarum
1216 1637 1369 1667 oblationes
1384 1637 1498 1666 Domino
1510 1637 1620 1666 Christo
1639 1638 1720 1666 factis

925 1686 1073 1721 verbisque
1091 1685 1248 1714 reddamus.

1087 1795 1215 1827 ΧΗ(ιά
1234 1795 1380 1833 Nicephoro
1392 1796 1560 1833 patriarchae.

459 1864 567 1896 Exponit
577 1870 622 1890 cur
637 1871 693 1891 cum
705 1872 760 1897 ipso
770 1872 818 1893 non
829 1864 1004 1894 communicet.
1021 1867 1122 1899 (Baron.
1135 1875 1176 1893 an.
1186 1868 1242 1900 806,
1253 1876 1280 1894 u.
1294 1868 1343 1900 15.)

114 1921 175 1949 υὺκ
185 1920 333 1956 ἀναγκαῖον
343 1920 388 1949 διὰ
400 1921 565 1957 γράμματος
577 1922 701 1957 σημᾶναι
715 1922 755 1958 τῷ
766 1923 875 1960 ἀγγέλῳ

77 1966 130 2003 τῆς
143 1966 347 2002 [temptem-:6;
363 1975 420 1999 σου,
433 1965 451 1993 ἃ
465 1965 510 1993 διὰ
525 1966 661 2001 στόματος
676 1969 856 2005 παρηγγέλθη
865 1977 873 1985 ε

78 2012 106 2039 sl
125 2012 175 2039 ttat
191 2011 231 2048 μὴ
246 2012 280 2039 δι’
291 2011 455 2047 ἀμφοτέρων
469 2011 549 2046 ἡμῶν
564 2011 619 2038 τῶν
634 2013 782 2040 ταπεινῶν.
802 2013 875 2041 Ἀλλ’

79 2058 125 2086 ἵνα
138 2058 187 2094 μὴ.
203 2058 221 2093 ἡ
232 2057 296 2093 χθὲς
309 2056 381 2084 κατά
390 2056 439 2093 τὴν
451 2056 575 2084 κέλευσίν
586 2065 633 2084 σου
648 2057 807 2090 συνέλευσις
820 2057 874 2085 τῶν

77 2102 348 2138 ικισκότιιυν,ἒτερ6ν
362 2111 390 2130 τι
405 2102 535 2135 διδάξασα
551 2103 629 2138 παρὰ
644 2103 678 2130 τὰ
697 2103 727 2130 ἐν
740 2103 809 2139 αὐτῇ
827 2103 873 2138 ὑφ’

958 1924 1075 1953 Necesse
1091 1933 1144 1953 non
1169 1930 1228 1953 erat
1241 1925 1340 1953 litteris
1353 1925 1473 1953 indicare
1492 1925 1590 1962 angelo
1603 1925 1720 1953 beatitu-

923 1971 997 1999 dinis
1028 1976 1092 2004 tua,
1119 1979 1181 2007 qua:
1208 1979 1257 1999 ore
1287 1971 1347 2007 ipso
1364 1972 1420 2007 jam
1449 1971 1599 2008 signiﬁcata
1629 1976 1717 2000 sunt:

922 2016 1048 2051 quamvis
1062 2024 1111 2051 per
1124 2016 1243 2044 humiles
1257 2024 1310 2045 nos
1337 2017 1434 2044 ambos
1458 2025 1513 2044 non
1524 2017 1651 2045 fuissent.
1669 2017 1719 2045 At-

923 2063 1015 2087 tamen
1027 2067 1071 2092 ne,
1090 2060 1137 2095 qui
1152 2060 1282 2088 hesterno
1291 2059 1335 2088 die
1347 2059 1425 2095 jussu
1435 2063 1484 2087 tuo
1498 2065 1653 2089 conventus
1667 2061 1719 2089 ha-

922 2105 997 2134 bitus
1011 2110 1052 2133 est
1064 2106 1266 2142 episcoporum,
1293 2107 1431 2134 diversum
1447 2105 1547 2142 aliquid
1566 2107 1670 2135 docens
1680 2108 1716 2135 ab

77 2149 161 2186 ἡμῶν
177 2148 305 2185 ρηθέντα,
320 2147 474 2184 ὲπιθολώσῃ
487 2147 538 2180 τὰς
552 2148 629 2184 ίεράς
640 2156 688 2176 σου
703 2149 789 2180 ἀκοάς
798 2157 805 2164 ·
817 2149 870 2185 ἀρ-

925 2151 956 2179 iis
967 2160 1028 2187 quae
1042 2151 1070 2179 in
1081 2151 1128 2180 illo
1142 2152 1214 2180 dicta
1229 2160 1244 2180 ε
1259 2152 1340 2180 nobis
1352 2156 1426 2185 sunt,
1439 2159 1532 2180 sacras
1549 2160 1629 2181 aures
1652 2158 1714 2180 tuas

80 2194 165 2230 μόζον
180 2193 346 2229 ἡγησάμεθα
360 2193 518 2227 ἀνενεγκεῖν
529 2193 558 2220 ὲν
580 2193 723 2229 κεφαλαίῳ
736 2193 786 2230 τὴν
806 2193 872 2229 ὃλην

78 2241 131 2276 τῆς
143 2239 293 2274 ἀπολογίας
307 2238 386 2275 ἡμῶν
403 2238 544 2266 σύστασιν.
561 2239 657 2274 Ἡμεῖς
669 2239 770 2274 τοίνυν,
784 2236 807 2267 ὧ
822 2248 874 2276 μα-

78 2285 248 2321 καριώτατε.
273 2284 409 2321 ὸρθόδοξοί
438 2285 523 2320 ἐσμεν
551 2284 623 2311 κατὰ
648 2285 753 2312 πάντα’
781 2286 873 2312 πᾶσαν

79 2331 188 2366 αῐρεσιν
204 2329 437 2365 ἀποϐαλλόμενοι,
452 2330 499 2357 καὶ
514 2330 604 2357 πᾶσαν
618 2330 726 2357 σύνοδον
744 2330 873 2366 οίκουμε-

79 2377 160 2412 νικήν
170 2384 201 2403 τε
213 2374 261 2402 καὶ
273 2375 390 2411 τοπικὴν
403 2375 605 2411 ἑγκεκριμένην
614 2376 826 2412 ἀποδεχόμενοι·
841 2377 873 2404 οὗ

81 2422 136 2458 μὴν
159 2421 230 2449 ἀλλά
250 2421 299 2448 καὶ
316 2421 366 2453 τὰς
381 2421 446 2457 παρ’
464 2421 556 2448 αὐτῶν
575 2421 782 2458 ὲκφωνηθείσας
797 2423 875 2459 ἱερὰς

80 2468 128 2495 καὶ
159 2466 306 2499 κακνικάς
336 2466 518 2498 διατυπώσας
549 2466 678 2502 ἀσφαλῶς
709 2467 873 2504 κατέχομεν.

80 2511 158 2547 Μηδὲ
184 2510 240 2546 γάρ
261 2509 421 2546 ὀρθοτομεῖν
446 2509 504 2537 εστι
528 2509 639 2543 τελείως
658 2511 704 2538 τὸν
727 2511 806 2547 λόγον
824 2512 875 2547 τῆς

80 2555 222 2592 ἀληθείας,
241 2554 288 2582 τὸν
303 2555 353 2591 τὴν
373 2554 466 2582 πίστιν
480 2555 565 2592 ὀρθὴν
577 2555 702 2589 οἰόμενον
716 2556 800 2592 ἔχειν,
818 2557 874 2589 τοῖς

80 2602 106 2630 δὲ
119 2602 206 2634 eum;
219 2601 315 2629 κανόσι
330 2600 368 2637 μὴ
382 2600 614 2637 ἀπευθυνόμινον.
630 2603 685 2630 Καὶ
701 2603 754 2639 μὴν
767 2603 874 2636 καὶτὰς

81 2649 230 2684 ἑνθὲσμους
252 2647 306 2675 ὑπὸ
327 2648 383 2675 τῶν
405 2648 492 2682 ἀγίων
512 2648 583 2676 κατὰ
602 2649 698 2685 καιρὸν
718 2650 874 2685 οἰκονομίας

81 2693 251 2730 προσιεμεθα
260 2701 267 2710 ο
279 2694 341 2721 επεὶ
355 2694 403 2722 καὶ
415 2694 494 2730 ἡμῶν
507 2695 563 2722 τῶν
572 2695 709 2723 ταπεινῶν
723 2695 771 2723 νῦν
783 2695 814 2723 τὸ
825 2695 874 2732 τὴν

80 2739 237 2776 ἁγιωσύνην
252 2749 299 2767 σου
314 2740 359 2767 διὰ.
372 2741 422 2777 τὴν
434 2740 550 2777 ικσολὴν
566 2742 613 2769 τοῦ
626 2741 769 2778 οἰκονόμου
784 2742 874 2770 ἀσπά-

82 2785 188 2820 ζεσθαι,
215 2787 246 2814 οὒ
271 2787 327 2815 τῶν
356 2787 579 2824 ἀκρισευομένων
598 2789 667 2824 turi,
685 2789 740 2818 τῶν
761 2789 791 2817 δὲ
813 2789 874 2817 λίαν

115 2835 140 2851 ⁸⁸⁸
161 2834 261 2878 Ephcs.
280 2834 378 2868 “.15.

923 2198 1069 2226 conturbet
1079 2207 1086 2232 ;
1096 2203 1309 2226 consentaneum
1318 2198 1445 2227 duximus
1454 2198 1611 2226 summatim
1628 2203 1712 2226 totam

924 2241 1027 2269 referre
1052 2242 1183 2278 apologire
1208 2247 1310 2270 nostra:
1337 2242 1480 2270 rationem.
1511 2241 1566 2269 Nos
1592 2242 1685 2278 igitur.
1699 2250 1724 2269 o-

923 2286 1090 2320 beatissime,
1104 2288 1248 2316 orthodoxi
1275 2295 1372 2316 sumus
1388 2288 1416 2315 in
1441 2288 1581 2320 omnibus,
1606 2295 1716 2315 omnem

923 2331 1048 2360 haeresim
1063 2332 1230 2367 rejicieutes,
1242 2340 1409 2368 omnemque
1419 2332 1618 2360 meumenicam
1634 2335 1663 2360 et
1674 2332 1716 2360 lo-

923 2378 1011 2406 calem
1027 2378 1161 2414 synodum
1191 2379 1368 2414 approbatum
1384 2378 1550 2413 recipientes
1565 2387 1576 2412 ;
1592 2386 1644 2407 nec
1660 2387 1726 2407 non-

924 2425 1011 2454 editas
1037 2426 1072 2453 ab
1091 2425 1131 2454 eis
1167 2433 1260 2454 sacras
1281 2431 1310 2454 et
1330 2426 1477 2454 canonicos
1507 2427 1717 2455 constitutiones

923 2476 1000 2501 arcte
1012 2472 1230 2508 complectimur.
1246 2472 1340 2508 Neque
1353 2473 1427 2501 enim
1442 2473 1586 2501 veritatem
1602 2481 1716 2509 prorsus

925 2522 1001 2546 tenet
1016 2517 1050 2551 is,
1067 2518 1113 2553 qui
1130 2522 1233 2546 rectam
1263 2517 1344 2546 fidem
1376 2518 1478 2546 habere
1499 2525 1529 2546 se
1554 2518 1726 2547 exlatimanm

924 2563 1023 2591 divinis
1039 2563 1191 2592 canonibus
1221 2571 1277 2592 non
1295 2568 1414 2600 regatur.
1434 2563 1475 2591 Ad
1491 2564 1550 2592 hac
1577 2558 1729 2600 legitimas‘

924 2616 940 2636 a
955 2608 1057 2637 sanctis
1074 2616 1125 2645 pro
1139 2614 1261 2645 tempore
1275 2614 1420 2645 usurpatas
1439 2609 1657 2644 diapensatioues
1667 2609 1715 2637 ad-

925 2654 1057 2682 mittimus
1073 2663 1080 2683 :
1093 2655 1203 2690 quando
1216 2660 1244 2684 ct
1258 2662 1310 2684 nos
1321 2655 1439 2683 humiles
1450 2655 1623 2684 sanctitatem
1639 2659 1713 2682 tuam

924 2707 998 2728 nunc
1016 2708 1066 2736 per
1091 2696 1226 2729 meonomi
1249 2702 1411 2737 eiectionem
1426 2701 1564 2737 amplecti,
1575 2709 1630 2729 non
1649 2709 1699 2729 en

924 2748 998 2772 ctum
1009 2744 1055 2780 jus
1074 2745 1236 2774 sectantium
1259 2750 1311 2778 est,
1325 2745 1372 2773 sed
1388 2745 1532 2773 admodum
1557 2745 1714 2781 dispensan-

924 2790 1004 2826 tium,
1022 2796 1050 2820 ct
1064 2791 1300 2828 conspirantium:
1318 2796 1346 2820 ct
1361 2791 1587 2821 oradeccssorem
1612 2793 1714 2821 sancti-
