1926 3078
209 217 273 244 tatis
302 220 355 244 tuae
382 214 586 243 sanctissimum
619 213 804 249 patriarcham
830 213 925 241 eadem
955 220 1001 240 ra-
1016 219 1039 248 Α

209 254 282 291 tione
297 261 481 296 suscepimus,
498 260 525 287 in
542 260 593 287 hoc
608 259 669 295 ipso
682 259 794 295 negotio
811 268 818 286 :
833 258 944 294 quando
961 266 1005 286 re-

208 303 279 336 v'e'rsi
295 308 329 335 ab
349 307 444 334 exsilio
471 313 575 339 sumus,
600 305 723 340 disrupto
741 305 893 332 adulterino
908 304 1004 339 conju-

209 354 263 389 gio,
274 358 302 381 ct
312 360 455 381 oeconomo
468 351 613 380 sacerdotii
626 358 740 379 munere
751 350 868 386 dejecto.
883 350 944 378 Non
956 350 1003 382 sit,

209 399 363 431 aiebamus,
379 398 456 425 nobis
472 405 535 433 pars
551 402 654 430 tecum,
679 404 769 432 neque
792 397 849 429 hic,
871 403 962 431 neque
977 395 1005 423 in

210 444 304 472 futuro
331 443 442 475 smculo,
467 447 614 478 propterea
631 442 704 478 quod
722 442 829 470 adu‘lter
851 442 1006 478 promiscue

210 490 381 517 asanctitate
400 493 445 516 tua
466 488 644 523 participarit.
660 489 761 516 Contra
776 492 870 516 autem
892 488 940 515 illo
965 487 1007 515 di-

211 539 290 564 cente
316 544 324 562 :
347 534 554 571 Dispensatione
579 542 646 562 usus
673 542 752 568 sum,
779 538 810 561 ut
846 533 928 561 etiam
952 533 1007 560 im-

212 581 339 617 pertirem
375 581 409 608 ad
447 586 579 616 tempus:
601 580 700 608 deinde
726 580 791 616 haec
814 579 977 615 subjiciente
997 587 1005 607 ε

213 627 324 655 Utinam
361 634 459 654 manus
495 626 559 654 mihi
578 625 708 655 abscissae
730 625 856 658 fuissent,
877 633 912 652 nc
928 625 1007 653 adul-

213 678 286 701 teros
317 673 494 700 coronaremi
512 672 640 708 Nunquid
662 679 712 708 ego
731 679 844 708 prorsus
857 671 1008 699 coronavi?

212 724 355 756 propterea
382 726 445 747 cum
457 727 492 747 eo
509 718 772 747 communicavimus
796 725 882 753 usque
896 717 931 745 ad
946 717 1007 745 obi-

214 772 269 793 tum
285 766 372 801 ipsius
385 774 392 792 :
405 765 614 792 etsauetitatcm
630 768 704 792 tuam
717 771 827 792 rursum
839 763 1009 798 suscepimus

212 812 245 840 ad
279 812 439 847 dignitatem
476 810 728 846 archiepiscopatus
749 819 757 838 :
778 810 1007 845 quemadmodum

212 858 380 886 mentionem
392 857 453 893 ejus
469 857 592 893 quotidie
607 856 723 885 facimus
738 856 765 883 in
781 856 917 885 sacrificio
933 864 940 890 ;
956 863 1009 884 nec

212 905 265 932 alia
287 912 316 932 re
332 904 531 940 discrepamus,
544 906 626 939 quam
641 909 753 939 propter
769 910 943 931 oeconomum
959 910 1008 938 per
1024 891 1045 919 Β

212 960 304 981 sacros
317 959 438 979 canones
453 950 608 986 depositum
624 950 717 977 multis
737 949 826 978 modis
842 957 851 982 ;
866 956 899 977 ac
913 949 1008 984 praci-

213 1007 268 1034 puc
281 998 354 1034 quod
378 1002 441 1033 post
458 1004 557 1024 novem
584 1003 720 1023 annorum
747 995 1010 1023 excommunicatio-

212 1052 275 1073 nem
289 1044 388 1072 iterum
415 1042 503 1071 sacris
528 1046 683 1078 operetur;
702 1049 790 1077 neque
808 1041 835 1069 id
858 1041 885 1069 in
898 1041 1008 1074 abdito;

214 1089 357 1117 ferendum
371 1087 444 1116 enim
467 1092 551 1120 esset,
568 1087 647 1114 nobis
660 1087 720 1122 ejus
742 1087 782 1114 rei
800 1087 913 1114 minimc
940 1094 1008 1114 cou-

214 1135 300 1168 seiis;
317 1135 365 1162 sed
386 1134 413 1161 in
427 1135 487 1169 ipso
517 1133 592 1161 fonte
609 1132 757 1161 sacerdotii
782 1133 880 1166 nostri,
901 1133 954 1160 hoc
968 1137 1010 1160 est

213 1189 276 1210 eum
291 1182 397 1210 sincera
413 1180 622 1208 conversatione
636 1180 819 1214 tua,'assidue
847 1187 964 1216 pergens
976 1179 1011 1208 ad

215 1227 440 1255 sacriﬁcandum.

250 1358 451 1394 lgiturjustum
467 1362 494 1386 et
510 1363 635 1386 sanctum
655 1366 688 1386 ac
702 1358 760 1385 sine
775 1358 902 1386 seandalo
912 1358 1012 1394 populo

216 1405 264 1433 Dei
279 1406 378 1438 fuerat,
393 1405 582 1440 imprimisque
609 1403 698 1432 ordini
711 1409 816 1438 nostro,
834 1403 897 1439 ejici
912 1407 940 1431 et
956 1403 1014 1438 pri-

216 1451 274 1479 vari
291 1451 453 1484 sacerdotio,
466 1451 511 1486 qui
529 1450 640 1486 indigne
658 1449 784 1486 prosiliit,
793 1449 873 1477 nobis
909 1449 1013 1476 sancti-

217 1497 282 1524 tatis
292 1501 344 1524 tlue
357 1497 516 1524 memoriam
530 1496 713 1528 servantibus,
725 1500 753 1523 ct
762 1495 796 1523 ab
802 1495 876 1523 omni
886 1495 1014 1530 episcopo

217 1547 246 1571 et
262 1543 413 1576 sacerdote,
436 1543 483 1578 qui
496 1542 643 1570 manifesto
665 1542 798 1577 reprobus
812 1549 868 1568 non
883 1542 927 1573 sit,
942 1548 1014 1568 com-

217 1588 433 1622 municantibus,
446 1589 524 1625 juxta
549 1588 730 1623 Thcologum.
765 1588 843 1621 Quod
861 1587 883 1614 si
903 1591 1013 1622 propter

217 1639 329 1670 peccata
345 1639 439 1663 nostra
464 1635 491 1662 id
517 1634 619 1662 factum
640 1642 696 1661 non
709 1638 751 1661 cst
765 1642 772 1660 :
786 1633 889 1660 utinam
915 1633 983 1660 nihil
997 1640 1013 1660 a

218 1682 364 1708 sanctitate
386 1686 431 1709 tua
447 1681 513 1712 (non
531 1688 566 1708 ex
594 1685 680 1712 metu,
700 1679 747 1706 sed
772 1687 805 1706 ex
833 1679 871 1706 rei
899 1679 1014 1713 publica:

218 1727 456 1755 commiseratione
471 1726 543 1754 istud
559 1734 610 1754 nos
637 1731 878 1761 quantumcunque
897 1725 1014 1752 humiles

218 1773 345 1808 dicimus)
362 1777 460 1808 preter
475 1772 516 1800 fas
526 1777 554 1800 et
563 1777 658 1799 contra
672 1772 804 1799 rationem
821 1771 883 1798 [lati
898 1771 1014 1798 Verum-

218 1818 359 1845 enimvero
384 1825 435 1845 nos
458 1817 631 1853 perferemus
644 1817 753 1852 quidem
779 1816 826 1844 Dei
841 1816 1014 1844 virtute:at—

218 1871 272 1898 que
288 1864 392 1891 utinam
406 1863 432 1891 id
439 1863 518 1891 nobis
532 1863 672 1898 contingat
683 1863 743 1897 ejus
754 1863 899 1890 concessu!
912 1861 1013 1889 Verum

218 1913 351 1937 testamur
360 1909 497 1937 sanctitati
508 1914 560 1937 tua:
570 1916 662 1937 coram
677 1908 799 1942 Christo,
815 1913 842 1936 et
853 1909 954 1936 sanctis
964 1916 1014 1936 an-

218 1955 288 1991 gelis
299 1955 485 1988 audientibus,
505 1962 633 1990 magnum
651 1962 667 1982 a
678 1959 704 1982 te
719 1954 839 1982 schisma
865 1954 976 1982 conﬂari
987 1954 1014 1982 in

220 2000 341 2028 Ecclesia
367 2006 471 2028 nostra.
498 1999 576 2033 Quod
598 2001 620 2028 si
642 2000 771 2036 potestati
797 2000 961 2034 subjicimur
985 2003 1016 2027 ut

221 2047 345 2075 homines
359 2055 366 2074 :
379 2047 455 2082 atqui
476 2047 530 2074 sub
543 2054 684 2074 cmmm
709 2051 738 2074 et
752 2046 908 2074 divinorum
931 2053 1015 2073 cano-

220 2099 286 2119 num
300 2095 446 2126 potesmte,
466 2091 592 2124 velimus,
613 2091 732 2119 nolimus
742 2095 770 2118 et
783 2091 913 2127 regimur,
926 2095 952 2118 et
964 2091 1014 2119 ob-

220 2145 377 2172 sequemur.
389 2137 523 2165 Czeterum
531 2145 642 2165 oramus
651 2138 822 2165 sanctitatem
838 2141 922 2170 tuam,
937 2135 1016 2164 flecte

221 2190 316 2211 aurem
346 2187 431 2216 tuam,
450 2188 482 2211 et.
500 2184 566 2212 audi
587 2191 683 2211 vocem
706 2187 827 2211 nostram
844 2191 850 2210 :
865 2187 895 2209 ut
911 2181 1015 2217 peritus

220 2230 354 2263 medicus,
369 2234 400 2257 ut
414 2234 507 2265 pastor
517 2229 606 2257 bonus
616 2237 696 2258 ovem
715 2237 798 2257 unam
812 2228 927 2264 prohibe
940 2235 955 2255 a
967 2235 1013 2255 sa-
1029 2236 1050 2264 υ

220 2275 334 2308 oriﬁcio,
348 2279 375 2302 ct
387 2282 484 2302 omnes
498 2282 513 2302 a
528 2275 655 2302 seandalo
668 2274 772 2302 redime
786 2282 794 2307 ;
809 2273 942 2301 neunius
957 2280 1015 2300 sea-

221 2318 265 2345 bio
278 2323 339 2346 tota:
350 2318 472 2346 Ecclesia
490 2324 583 2346 nostra
600 2319 746 2352 inficiatur,
760 2327 841 2354 quam
859 2318 1020 2353 acquisivit

220 2365 354 2393 Dominus
378 2369 405 2393 et
428 2365 501 2393 Deus
527 2370 621 2394 noster
649 2365 784 2402 sanguine
798 2373 859 2393 suo.
881 2365 920 2392 De
936 2363 1021 2400 nugis:

220 2411 294 2440 enim
306 2416 445 2448 augentur
458 2412 504 2447 qui
516 2412 666 2445 voluerint,
682 2417 710 2440 et
724 2411 927 2440 ealumnientur
940 2418 1017 2447 syco-

221 2459 342 2494 phanta.
359 2459 448 2487 Parati
465 2467 563 2487 sumus
570 2461 605 2488 ad
618 2468 730 2488 omnem
741 2459 940 2489 defensionem,
954 2465 1015 2486 om-

222 2514 340 2542 nemque
350 2506 547 2535 refutationem
555 2506 917 2541 accusatorize-objeetionis.
928 2506 1015 2533 Amici

221 2558 249 2581 et
269 2553 425 2581 laudatores
451 2554 490 2581 tui
514 2561 633 2581 sumus:
652 2553 679 2580 in
697 2553 849 2588 primisque
877 2551 1016 2587 piissim-

197 2636 203 2640 .
220 2608 282 2627 rum
309 2605 337 2628 ot
372 2601 604 2636 triumphatorum
638 2600 813 2628 dominorum
847 2602 1015 2626 nostrorum.

220 2646 344 2681 Cumque
361 2647 429 2674 tales
442 2647 541 2678 simus,
556 2645 734 2681 quamobrem
750 2645 869 2672 turbatio
884 2645 898 2671 7
911 2652 964 2680 qua
979 2644 1015 2672 de

220 2693 447 2721 eousaeuenient
461 2700 523 2728 qua
539 2696 670 2720 eventura
686 2697 760 2725 sunt,
777 2692 799 2719 si
818 2691 933 2726 quidem
943 2699 1013 2719 con-

221 2737 303 2764 traria
331 2738 378 2765 Dei
409 2738 577 2773 praeceptis?
592 2737 788 2765 'l’rihue-nobis
804 2744 896 2765 sacras
914 2745 1012 2772 preces

806 161 839 191 S.
855 157 1054 190 THEODORI
1074 157 1248 188 ΞΤΠΒΙΤιΕ

1052 212 1270 247 οίκονομούντων
1281 211 1327 238 καὶ
1339 210 1556 246 συνερχομένων.
1566 210 1623 238 Καὶ
1631 210 1678 238 τὸν
1689 211 1848 247 προηγησά-

1058 266 1138 294 μενον
1147 257 1196 293 τὴν
1206 257 1362 293 ἁγιωσύνην
1376 257 1455 293 [Reg.
1467 258 1517 292 τῆς
1528 256 1697 294 ἀγιωσύνηςξ
1707 266 1754 284 σου
1768 257 1848 285 ἁγιώ-

1055 311 1136 330 τατον
1146 303 1320 339 πατριάρχην
1337 303 1376 338 τῷ
1391 303 1464 338 λόγῳ
1477 302 1568 337 τούτῳ
1578 302 1730 338 ἐδεξάμεθα
1745 304 1786 336 et;
1801 304 1849 339 τὴν

1056 349 1244 385 προκειμένην
1267 349 1397 376 ὑπόθεσιν
1407 357 1415 365 '
1433 349 1516 384 ἡνίκα
1531 349 1720 385 ἐπανήλθομεν
1735 350 1786 386 τῆς
1799 350 1849 382 ’ἑξ-

1056 397 1152 433 ορίας·
1172 396 1371 433 διαρῤαγείσης
1396 396 1446 432 μὲν
1467 397 1517 432 τῆς
1544 396 1670 432 μοιχικῆς
1692 396 1849 432 συναφείας,

1057 441 1213 478 εἱρχθέντας
1227 441 1256 468 δὲ
1269 441 1317 468 τοῦ
1333 441 1477 477 οἰκονόμου
1490 441 1540 477 τῆς
1556 441 1725 477 ἱερουργίας,
1739 442 1801 468 ὀτι
1815 442 1850 478 μὴ

1057 487 1130 515 ἔστω
1151 488 1220 524 ἡμῖν
1243 487 1327 524 μέρος
1340 496 1347 502 ·
1364 487 1458 515 ἕνεκεν
1484 487 1532 514 τοῦ
1558 487 1713 523 ἀδιαφόρως
1731 488 1785 515 ὑπὸ
1803 488 1851 524 τῆς

1057 533 1204 569 ἀγιότητός
1215 542 1264 561 σου
1278 533 1499 569 μεταλαμϐάνειν
1510 533 1557 560 τὸν
1573 533 1771 569 μοιχεύσαντα·
1784 535 1850 569 μήτε

1057 580 1087 607 ἐν
1101 580 1141 616 τῷ
1157 579 1206 607 νῦν
1220 579 1311 613 αίῶνι,
1328 580 1398 616 μήτε
1418 581 1448 607 ὲν
1463 579 1503 615 τῷ
1523 579 1658 615 μέλλοντι.
1676 580 1748 616 Ἤδη
1762 580 1851 607 εἰπόν-

1058 633 1103 658 τος
1125 625 1220 658 αὐτοῦ,
1239 626 1280 653 δτι
1307 625 1449 661 οἰκονομίᾳ
1474 625 1617 660 ἐχρώμην,
1641 626 1690 652 καὶ
1717 625 1793 660 αὐτῷ
1814 625 1852 661 τῷ

1060 671 1230 707 μεταδιδόναι
1244 671 1296 703 ἕως
1310 671 1406 708 καιροῦ
1417 679 1423 687 ·
1439 669 1500 698 εἶτα
1517 671 1565 699 καὶ
1577 670 1650 698 οὕτω
1670 671 1851 706 δηλώσαντος,

1058 717 1100 744 ὅτι
1112 718 1141 744 αἱ
1155 718 1251 753 χεῖρές
1265 726 1316 753 μου
1329 718 1499 753 κεκομμέναι
1513 717 1546 744 ἃν
1560 717 1681 752 ὑπῆρχον
1695 718 1736 749 είς
1748 718 1780 744 τὸ
1797 725 1853 752 μοι-

1059 763 1136 799 χικὸν
1151 763 1317 799 στεφάνωμα
1327 771 1334 778 ·
1351 761 1369 798 ἦ
1385 763 1440 797 ἐγὼ
1451 760 1520 794 ὅλως
1532 762 1697 798 ἐστεφάνουν
1709 770 1717 796 ;
1734 762 1781 790 ἐπὶ
1795 762 1854 790 τού-

1058 817 1115 841 τοις
1135 809 1227 836 τοίνυν
1242 809 1485 844 κεκοινωνήκαμεν
1502 808 1578 844 αὐτῷ
1600 808 1681 844 μέχρι
1700 809 1854 844 κοιμήσεως

1059 854 1141 883 αὐτοῦ
1152 877 1160 890 ,
1175 856 1223 883 καὶ
1240 855 1290 892 τὴν
1308 854 1466 891 ἁγιωσύνην
1484 863 1533 881 σου
1560 854 1642 881 πάλιν
1664 854 1854 890 ἀπεδεξάμεθα

1059 903 1099 934 είς
1110 902 1142 929 τὸ
1155 902 1205 938 τῆς
1219 901 1426 938 ἀρχιερωσύνης
1440 901 1550 936 ἀξίωμα
1560 908 1567 915 ”
1583 899 1676 932 καθὼς
1690 901 1738 927 καὶ
1752 910 1854 937 μνημο-

1059 948 1177 984 νεύομεν
1197 948 1284 984 αὐτῆς
1299 948 1330 975 ὲν
1345 949 1378 983 τῇ
1394 946 1536 983 ἱερουργίᾳ
1551 946 1724 982 καθεκάστην
1738 955 1744 962 ·
1764 947 1815 974 καὶ
1827 947 1854 974 ὲν

1059 994 1150 1021 οὐδενὶ
1165 994 1196 1020 τὺ
1212 992 1384 1030 ἀμφιϐάλλον
1401 993 1419 1028 ἦ
1435 992 1477 1020 διὰ
1497 993 1544 1020 τὸν
1566 992 1707 1027 οἰκονόμον
1731 993 1853 1030 καθῃρψ

1061 1039 1143 1075 μένον
1157 1039 1222 1066 ὄντα
1238 1039 1290 1066 ὑπὸ
1300 1039 1356 1065 τῶν
1371 1038 1453 1074 ίερῶν
1466 1037 1587 1065 κανόνων
1599 1037 1777 1073 πολυτρόπως
1786 1046 1795 1054 ’
1811 1038 1857 1065 καὶ

1062 1085 1181 1120 μάλιστα
1208 1085 1278 1121 μετά
1298 1084 1344 1112 τὸν
1367 1083 1520 1120 ἀφορισμδν
1541 1084 1591 1119 τῆς
1612 1084 1752 1116 ἔνναετίας
1776 1085 1856 1112 πάλιν

1061 1131 1225 1167 ἱερουργεῖν,
1241 1132 1288 1158 καὶ
1307 1131 1359 1158 οὑκ
1384 1131 1414 1157 ὲν
1429 1130 1577 1165 ἀποδύστῳ
1601 1137 1671 1156 που·
1691 1128 1726 1166 ἦν
1749 1130 1805 1166 γὰρ
1826 1131 1858 1158 ἂν

1062 1177 1191 1213 φορητὸν,
1209 1177 1247 1212 μὴ
1261 1176 1464 1204 κοινωνούντων
1478 1175 1555 1212 ἡμῶν
1567 1175 1606 1211 τῷ
1621 1176 1767 1212 πράγματι
1779 1185 1786 1191 ·
1800 1176 1858 1204 ἀλλ’

1061 1223 1103 1249 ὅτι
1121 1223 1150 1249 ἐν
1173 1223 1242 1258 αὑτῇ
1263 1223 1297 1257 τῇ
1314 1222 1390 1258 πηγῇ
1408 1222 1458 1257 τῆς
1480 1221 1541 1248 καθ’
1553 1222 1627 1257 ἡμᾶς
1645 1221 1808 1258 ἱερωσύνης,
1829 1222 1860 1249 τδ

1063 1267 1095 1303 δὴ
1118 1266 1278 1302 λεγόμενον,
1301 1267 1371 1302 μετὰ
1394 1266 1444 1301 τῆς
1462 1266 1627 1302 είλικρινοῦς
1646 1275 1693 1294 σου
1707 1267 1859 1300 πολιτείας,

1063 1313 1229 1340 συνεισιέναι
1246 1313 1294 1340 καὶ
1313 1313 1532 1348 συλλειτουργεῖν
1544 1313 1586 1345 είς
1601 1313 1633 1340 τὺ
1647 1313 1702 1342 ἀεί.

1098 1359 1135 1386 Τὸ
1152 1359 1201 1394 μὲν
1217 1358 1264 1386 οὗν
1289 1359 1395 1386 δίκαιον
1413 1359 1459 1385 καὶ
1483 1359 1557 1386 ὅσιον
1580 1360 1628 1385 καὶ
1646 1360 1862 1388 ἀσκανδάλιστον

1063 1406 1117 1438 τοῖς
1134 1405 1209 1436 λαοῖς
1229 1404 1277 1431 τοῦ
1292 1404 1371 1439 Θεοῦ,
1387 1405 1435 1432 καὶ
1449 1404 1567 1440 μάλιστα
1584 1404 1624 1439 τῷ
1640 1405 1702 1432 καθ’
1717 1406 1793 1441 ἡμᾶς
1816 1407 1863 1434 τά·

1064 1459 1163 1486 γματι,
1181 1450 1351 1486 ἐκϐληθῆναι
1363 1450 1413 1485 τῆς
1428 1450 1587 1487 ἱερουργίας
1608 1450 1654 1477 τὸν
1667 1451 1785 1484 ἀναξίως
1805 1453 1863 1480 είσ-

1065 1497 1187 1529 ελθόντα,
1204 1497 1283 1532 ἡμῶν
1307 1497 1534 1532 μνημονευόντων
1554 1496 1606 1532 τῆς
1619 1497 1777 1533 ἁγιωσύνης
1794 1506 1844 1525 σου
1855 1519 1863 1532 ,

1065 1543 1113 1570 καὶ
1139 1544 1172 1570 ἐκ
1190 1542 1292 1574 παντὸς
1309 1542 1438 1578 ίεράρχου
1461 1543 1509 1569 καὶ
1529 1542 1626 1577 ἱερέων
1645 1544 1863 1578 κοινωνούντων,

1066 1589 1104 1625 μὴ
1121 1588 1262 1624 προδήλως
1274 1588 1358 1614 ὅντων
1373 1587 1608 1623 ἀπεγνωσμένων,
1620 1589 1692 1615 κατὰ
1703 1589 1750 1616 τὸν
1767 1590 1865 1617 Θεολό-

1064 1644 1122 1671 γον.
1140 1636 1171 1662 Et
1193 1635 1221 1662 δὲ
1241 1635 1321 1662 τοῦτο
1336 1634 1462 1670 οὐδαμῶς
1476 1635 1522 1662 διὰ
1539 1635 1589 1667 τὰς
1607 1635 1748 1671 ἁμαρτίας
1763 1637 1863 1672 ήμῶνυ

1067 1683 1103 1718 μὴ
1127 1683 1171 1710 ἵνα
1187 1691 1214 1709 τι
1230 1683 1361 1718 γένηται·
1383 1683 1434 1709 οὐκ
1461 1683 1493 1709 ὲκ
1516 1682 1599 1717 φόϐου
1620 1684 1635 1710 ὁ
1654 1683 1746 1718 λόγος,
1761 1684 1825 1712 ἀλλ’
1836 1685 1865 1719 ἐξ

1064 1730 1156 1756 οἴκτου
1170 1728 1218 1756 τοῦ
1235 1728 1307 1755 κατά
1319 1728 1366 1755 τοῦ
1379 1727 1473 1755 κοινοῦ
1485 1737 1492 1744 ·
1506 1729 1535 1755 ὲν
1552 1730 1585 1765 τῇ
1597 1729 1764 1756 ταπεινώσει
1783 1731 1865 1766 ήμῶν

1065 1776 1142 1812 παρὰ
1161 1778 1210 1811 τῆς
1234 1775 1374 1810 ὁσιότητός
1398 1784 1445 1802 σου
1465 1775 1641 1803 ἀκανόνιστον
1660 1777 1708 1803 καὶ
1723 1776 1864 1812 ἄθεσμονο

1064 1823 1126 1850 ἐπεὶ
1141 1823 1224 1857 ἡμεῖς
1243 1822 1293 1856 μὲν
1318 1821 1531 1857 ὑποστησόμεοα
1547 1822 1662 1857 δυνάμει
1682 1819 1751 1849 Θεοῦ
1763 1831 1771 1838 ·
1793 1824 1867 1860 ὅπερ

1065 1867 1100 1892 ἂν
1118 1865 1167 1893 καὶ
1182 1865 1305 1901 συμϐαίη
1320 1865 1519 1901 παραχωρήσει
1538 1866 1634 1894 αὐτοῦ.
1654 1867 1866 1903 Μαρτυρόμεθα

1065 1908 1093 1935 δὲ
1104 1910 1137 1944 τῇ
1152 1908 1292 1944 ἁγιωσύνῃ
1305 1917 1352 1935 σου
1365 1909 1535 1936 κατενώπιον
1549 1911 1668 1946 Χριστοῦ
1682 1912 1712 1938 ἐν
1729 1913 1866 1948 ἀκροάσει

1064 1953 1119 1980 τῶν
1133 1953 1221 1987 ἀγίων
1238 1954 1375 1988 ἀγγέλων,
1389 1954 1430 1981 ὅτι
1446 1954 1518 1990 μέγα
1540 1955 1646 1991 σχίσμα
1660 1956 1766 1994 ἑργάζῃ
1784 1959 1817 1985 ἐν
1831 1960 1865 1994 τῇ

1065 1999 1127 2027 καθ’
1155 1999 1230 2035 ἡμᾶς
1263 1999 1424 2036 Ἐκκλησία.
1455 2000 1511 2027 Καὶ
1541 2002 1565 2028 ει
1593 2001 1702 2038 ἐξουσίᾳ
1728 2003 1866 2039 χρώμεθα

1065 2045 1204 2081 ἄνθρωποι
1225 2046 1316 2078 ὄντες·
1331 2046 1390 2073 ἀλλ’
1406 2047 1459 2074 ὑπὸ
1483 2048 1533 2083 τῆς
1552 2048 1676 2081 ἐξουσίας
1698 2049 1755 2077 τῶν
1779 2051 1866 2088 ιερῶν

1065 2092 1113 2119 καὶ
1135 2091 1216 2119 θείων
1237 2092 1369 2126 κανόνων,
1391 2093 1495 2127 vom-II);
1512 2094 1560 2120 καὶ
1576 2094 1613 2130 μὴ
1629 2094 1803 2130 βουλόμενοι,
1820 2098 1866 2124 καὶ

1065 2137 1207 2174 ἀρχόμεθα
1231 2139 1277 2165 καὶ
1300 2139 1462 2175 πεισόμεθα.
1487 2139 1569 2167 Ἀλλά
1594 2140 1713 2176 δεόμεθά
1741 2150 1789 2169 σου
1814 2143 1866 2179 τῆς

1065 2183 1224 2218 ὁσιότητος·
1239 2183 1329 2211 κλῖνον
1341 2184 1372 2210 τὸ
1382 2181 1429 2216 οὖς
1442 2193 1502 2217 σου,
1518 2186 1564 2212 καὶ
1576 2185 1729 2214 ἐπάκουσον
1742 2188 1794 2224 τῆς
1808 2198 1866 2224 φω-

1065 2228 1115 2264 νῆς
1128 2229 1217 2265 ἡμῶν.
1236 2229 1280 2261 Ὧς
1296 2229 1387 2265 ἰατρὸς
1400 2230 1571 2266 ἐπιστήμων,
1581 2231 1620 2263 ὡς
1629 2232 1734 2269 ποιμὴν
1745 2234 1864 2268 ἀγαθὸς,

1064 2274 1095 2300 τὺ
1119 2273 1148 2300 ἓν
1165 2273 1303 2309 πρόϐατον
1325 2273 1414 2310 εἷρξαι
1435 2275 1486 2311 τῆς
1511 2276 1677 2312 ίερουργίας,
1694 2277 1740 2304 καὶ
1761 2278 1797 2306 τὰ
1815 2280 1865 2306 ὅλα

1065 2320 1268 2348 ἂσκανδάλιστα
1289 2321 1437 2358 κερδῆσαι*
1453 2323 1554 2359 καὶμὴ
1576 2325 1609 2360 τῇ
1632 2324 1680 2352 τοῦ
1702 2326 1763 2358 ἑνὸς
1780 2327 1866 2364 ψώρᾳ

1065 2369 1235 2406 λυμανθῆναι
1265 2370 1315 2406 τὴν
1341 2372 1404 2399 καθ⁹
1424 2372 1497 2407 ἡμᾶς
1521 2372 1702 2408 Ἐκκλησίαν,
1725 2373 1760 2409 ἢν
1783 2383 1865 2411 περι-

1066 2415 1216 2448 εποιήσατο
1224 2415 1238 2442 ὁ
1249 2415 1352 2451 Κύριος
1366 2417 1414 2444 καὶ
1427 2416 1492 2448 Θεδς
1505 2415 1583 2451 ἡμῶν
1596 2416 1636 2452 τῷ
1647 2417 1740 2454 οίκείῳ
1751 2419 1862 2454 αῑματι.

1066 2461 1135 2496 Περλ⁵
1164 2461 1218 2497 γὰρ
1249 2461 1389 2498 φλυαριῶν
1416 2462 1622 2498 φλυαρείτωσαν
1646 2463 1670 2490 οί
1689 2463 1862 2500 βουλόμενοι·

1065 2507 1114 2534 καὶ
1127 2508 1384 2542 συκοφαντείτωσαν
1402 2509 1427 2535 el
1443 2510 1621 2544 συκοφάνται.
1638 2510 1764 2546 Ἔτοιμοί
1778 2512 1866 2547 ἐσμεν

1066 2553 1135 2590 πρὸς
1154 2554 1245 2581 πᾶσαν
1260 2554 1420 2589 ἀπολογίαν,
1440 2555 1510 2590 πρὸς
1524 2556 1615 2583 πᾶσαν
1625 2555 1748 2584 διάλυσιν
1761 2557 1865 2593 προτά-

1067 2607 1136 2632 σεως
1152 2601 1384 2636 κατηγορητικῆς,
1396 2600 1471 2628 Φίλοι
1484 2601 1529 2628 καὶ
1543 2601 1665 2638 ὑμνηταί
1679 2611 1726 2629 σου
1741 2603 1865 2640 ὑπάρχον

1068 2654 1118 2680 μεν
1130 2653 1138 2660 ·
1154 2645 1202 2672 καὶ
1215 2646 1288 2682 μάλα
1303 2654 1335 2681 γε
1350 2646 1405 2673 τῶν
1417 2647 1623 2674 εὐσεϐεστάτων
1637 2647 1685 2674 καὶ
1695 2648 1864 2676 καλλινίκων

1065 2691 1145 2726 ἡμῶν
1160 2691 1309 2720 δεσποτῶν.
1327 2692 1383 2719 Καὶ
1396 2692 1481 2719 ὄντων
1497 2693 1576 2728 ἡμῶν
1592 2691 1689 2727 οὕτως,
1707 2693 1782 2726 τίνος
1802 2694 1864 2721 ἓνε-

1064 2745 1113 2763 κεν
1129 2737 1145 2773 ἡ
1160 2738 1267 2773 ταραχή
1282 2746 1290 2771 ;
1308 2732 1413 2771 οῦτινος
1431 2738 1515 2775 χάριν
1529 2739 1702 2775 συμϐήσεται
1720 2739 1739 2767 ἀ
1755 2739 1864 2776 συμϐή-

1066 2790 1157 2815 σεται,
1182 2783 1262 2820 εἴπερ
1276 2784 1387 2811 ὲναντία
1400 2784 1456 2812 τῶν
1471 2785 1518 2813 τοῦ
1536 2785 1603 2812 Θεοῦ
1619 2787 1861 2822 προσταγμάτων;

1062 2827 1184 2863 ,Χάρισαι
1201 2829 1268 2864 ἡμῖν
1280 2829 1331 2866 τὴν
1345 2829 1422 2866 ίεράν
1434 2839 1481 2857 σου
1496 2831 1663 2868 προσευχήν.
