1926 3078
81 103 150 136 1009

105 161 168 188 AA'.
177 174 212 180 —
229 159 293 193 Τοῖς
305 158 342 187 ἐν
356 158 397 192 τῷ
404 158 607 186 Σοκκουδίωνι
622 159 775 194 ἀδελφοῖς.
789 145 874 201 ἶ[νη¹ξ1

693 100 963 147 resistemus:
975 101 1049 133 Lm.
1068 102 1100 145 1._

1653 102 1720 135 1010

982 158 1082 186 XXXI.
1096 174 1128 178 -—
1145 158 1282 186 Fratribus
1292 159 1336 193 qui
1351 164 1410 186 sunt
1426 159 1453 186 in
1465 159 1640 187 Saccudionc.

281 216 402 241 Hortatur
414 216 446 241 ad
454 217 619 242 constantiam
633 218 753 243 adversus
762 223 886 242 sacrarum
897 215 982 249 iegum
995 217 1207 248 prs-varientores.
1221 217 1322 248 (Baron.
1333 223 1373 241 an.
1384 216 1439 247 808,
1451 223 1475 242 ιι.
1489 217 1526 248 2.)

114 270 188 302 Ἕως
210 270 262 304 μὶν
285 267 320 305 ἦν
335 269 433 305 καιρὸς
446 269 494 297 τοῦ
510 271 664 305 οἰκονομεῖν
680 270 728 297 καλ⁸
741 269 875 306 κρύπτειν

77 315 127 352 τὴν
138 315 268 342 ὑπόθεσιν
279 315 330 350 τῆς
341 316 540 351 άκοινωνησίας
553 316 654 352 Ἰωσὴφ
663 315 711 343 τοῦ
719 316 873 351 οἰκονόμου,

79 361 229 397 ἐποιοῦμεν
253 360 346 394 τοῦτο,
361 361 446 388 τέκνα
461 361 509 388 καὶ
524 361 644 396 ἀδελφοὶ,
659 361 709 388 οὐκ
735 361 768 388 ἐκ
791 361 874 395 φόϐου

76 406 272 443 κρατούμενοι,
293 406 345 434 κᾶν
368 406 530 442 ἁμαρτωλοὶ
551 408 742 443 τυγχάνωμεν,
772 407 829 435 ἀλλ’
845 407 875 441 ἐξ

76 451 255 487 οἰκονομικῆς
267 451 500 486 συγκαταϐάσεως
509 459 517 467 ·
529 452 729 488 ἐκμιμούμενοί
741 461 800 484 πως
811 452 874 484 τοὺς

76 497 173 532 ἁγίους
189 496 316 532 Πατέρας
331 496 427 532 ήμῶν·
444 497 516 524 καθά
538 498 663 524 κάκεῖνοι
683 498 713 524 ἐν
729 497 819 533 καιρῷ
835 498 874 534 τῷ

75 543 165 570 δέοντι
190 542 339 578 χρώμενοι,
361 542 448 578 ταύτῃ
477 543 652 579 ὑπεξήγαγον
677 544 791 576 ἑαυτοὺς
818 544 874 570 τῶν

76 587 261 624 πειρασμῶν·
282 587 315 614 τὸ
335 587 385 623 μὲν
413 587 570 623 φειδόμενοι
591 588 646 615 τῶν
670 588 874 624 ἀσθενεστέρων

76 635 126 661 καὶ
142 633 299 661 κακούντων
310 643 318 650 ·
332 634 363 660 τὸ
376 634 405 661 δὲ
421 635 520 670 μικρὸν
536 634 724 666 ὑπενδιδὸντες
737 634 873 671 κυϐερνη-

75 680 164 712 τικῶς
172 690 179 696 ·
195 681 239 707 ἵνα
250 680 281 707 τδ
293 680 461 716 ζητούμενον
473 681 572 717 μικρὸν
581 681 695 717 ὕστερον
707 681 873 709 άντιλάϐωσι

76 726 256 762 κατόρθωμα.
279 727 364 753 Ἐπὰν
388 727 418 753 δὶ
438 726 486 754 νῦν
512 727 662 762 εὐδόκησεν
676 727 778 762 ἀγαθὸς
792 727 873 763 ήμῶν

75 771 144 803 Θεὸς
163 772 204 803 εἰς
228 771 369 807 προῦπτον
391 772 507 806 ἐκϐῆναι
523 773 574 807 τὴν
589 772 718 799 ὑπόθεσιν
734 772 872 809 φανερῶς,

75 817 142 852 ᾶρτι
155 818 204 844 καὶ
220 817 375 853 γράφομεν.
391 817 454 849 Πῶς
470 817 514 850 δός
529 817 573 844 διὰ
595 818 646 853 τῆς
661 817 710 844 τοῦ
728 817 871 853 λογοθέτου

76 863 125 890 τοῦ
142 863 249 898 Δρόμου
264 863 321 898 (25)
337 864 546 899 ἐπερωτήσεως,
567 864 615 892 καὶ
637 864 689 900 τῆς
702 864 772 900 πρὸς
790 864 872 892 αὐτὸν

75 909 124 936 τοῦ
137 910 356 945 ἀρχιεπισκόπου
367 910 551 946 ἀποκρίσεως.

110 956 182 990 Φησὶ
196 957 262 991 γὰρ,
278 957 329 983 Διὰ
341 957 368 983 τί
383 956 436 988 ἕως
450 956 496 983 τοῦ
512 956 647 993 παρόντος
663 956 694 983 οὐ
707 957 870 985 συνεκοινὼ-

75 1010 164 1037 νησας
187 1003 273 1037 ἡμῖν,
302 1003 351 1029 καὶ
374 1002 413 1038 τῷ
431 1002 601 1038 πατριάρχῃ,
618 1002 754 1030 τοσούτων
768 1003 871 1039 ἑορτῶν

74 1047 261 1081 διελθουσῶνς
288 1049 337 1075 καὶ
357 1049 399 1075 ὃτι
419 1049 479 1076 ειπὲ
496 1049 640 1086 παρρησίᾳ
655 1049 685 1076 τὸ
700 1050 796 1077 αἴτιον.
815 1049 871 1077 Καὶ

75 1092 255 1127 ὡμολόγησεν
278 1094 294 1119 ὁ
317 1093 553 1128 ἁρχιεπίσκοπος,
579 1095 628 1121 καὶ
652 1094 703 1122 οὐκ
720 1095 869 1130 ἠρνήσατο,

75 1137 125 1164 καὶ
138 1137 317 1174 ὡμολόγησεν
327 1146 334 1153 ·
359 1139 400 1166 ὅτι
415 1139 478 1166 οὔτε
494 1140 563 1175 πρὸς
577 1141 643 1172 τοὺς
654 1141 778 1172 εὐσεϐεῖς
791 1140 871 1176 ἡμῶν

79 1182 203 1216 βασιλεῖς
218 1183 274 1218 ἔχω
287 1192 325 1216 τι,
341 1184 395 1211 οὐδ’
408 1183 442 1211 αὖ
459 1185 528 1219 πρὸς
541 1185 586 1212 τὸν
600 1186 785 1221 πατριάρχην·
801 1186 871 1214 ἀλλὰ

75 1227 146 1262 πρὸς
162 1227 208 1253 τὸν
221 1228 365 1263 οἰκονόμον
375 1247 383 1260 ,
410 1229 456 1256 τὸν
473 1231 688 1264 στεφανώσαντα
703 1231 750 1257 τὸν
764 1231 869 1266 μοιχὸν,

75 1272 127 1298 καὶ
153 1272 199 1299 διὰ
218 1273 301 1299 τοῦτο
322 1274 517 1310 καθῃρημένον
536 1275 613 1310 παρὰ
627 1275 681 1302 τῶν
695 1276 776 1312 ἱερῶν
789 1277 871 1303 κανό-

74 1326 140 1345 νων.
162 1319 234 1354 Πρὲις
260 1317 302 1351 οἷς
316 1320 465 1356 ἀπόκρισις
480 1320 527 1347 τοῦ
541 1320 687 1355 λογοθέτου
698 1330 706 1338 ·
725 1323 766 1350 ὄτι
782 1323 808 1349 οἱ
824 1323 871 1349 εὑ-

78 1364 170 1396 ςεϐετς
185 1365 265 1400 ήμῶν
279 1365 400 1400 βασιλεῖς
418 1366 514 1401 χρείαν
529 1375 577 1393 σου
592 1367 643 1394 οὐκ
657 1367 765 1403 ἔχουσιν
775 1377 783 1385 ·
807 1368 871 1396 οὔτε

73 1411 105 1437 ιν
119 1411 321 1447 Θεσσαλονικῇ,
338 1411 400 1438 οὔτε
414 1412 494 1448 ἄλλῃ.

111 1457 187 1489 Ἕως
199 1457 296 1485 τούτου
312 1458 383 1493 μήτε
395 1458 477 1489 εὐθὺς
498 1459 724 1495 ἁνταποκρίσεως
736 1460 870 1497 δοθείσης,

75 1503 150 1538 μήτε
163 1503 262 1538 ἑτέρας
273 1503 437 1540 ἐρωτήσεως
452 1504 637 1541 προταθείσης
650 1506 703 1538 ἕως
714 1506 761 1533 τοῦ
773 1507 873 1542 παρόν-

73 1557 123 1581 τος
148 1548 313 1576 διελθουσῶν
335 1549 448 1585 ἡμερῶν
470 1551 641 1586 δεκατριῶν·
668 1552 686 1588 ἥ
712 1552 806 1588 μόνον,
830 1553 872 1580 ὄτι

73 1593 265 1629 πεπόμφαμεν
290 1595 444 1630 γράμματα
477 1596 547 1632 πρὸς
571 1596 616 1624 τὸν
642 1597 722 1632 κῦριν
741 1598 871 1634 Συμεών·

74 1639 95 1666 ἃ
107 1638 184 1666 ενδον
194 1639 251 1666 τῶν
263 1641 438 1675 γραμμάτων
450 1641 625 1677 ἐστείλαμεν·
640 1642 709 1678 πρὸς
720 1642 751 1669 τὸ
760 1643 873 1677 διαγνῶ-

74 1693 125 1714 ναι
140 1685 215 1720 ὑμᾶς
228 1686 279 1721 τὴν
292 1685 358 1722 ὅλην
370 1686 486 1722 δύναμιν
502 1687 550 1714 τοῦ
565 1687 742 1723 πράγματος.
759 1689 874 1725 Ἑξηχή-

76 1730 113 1766 θη
130 1730 159 1758 δὲ
174 1732 191 1765 ή
207 1731 337 1763 ὑπόθεσις
353 1732 400 1758 ἐπί
415 1740 446 1758 τε
462 1731 509 1758 τοῦ
525 1733 709 1769 πατριάρχου,
721 1735 769 1761 καὶ
783 1735 873 1771 πάσης

74 1778 129 1812 τῆς
145 1778 251 1810 πόλεως
267 1778 361 1813 σχεδόν
372 1786 379 1794 ·
409 1779 458 1805 καὶ
472 1779 534 1806 *εἰσὶ
552 1780 601 1814 μὲν
623 1779 716 1807 πολλοὶ
732 1781 873 1808 συνθλιϐό-

78 1831 157 1858 pavet
182 1823 231 1850 καὶ
256 1823 497 1859 συμφθεγγόμενοι
521 1825 604 1860 ἡμῖν·
629 1825 698 1852 ἀλλὰ
720 1827 874 1863 νυκτερινοὶ

75 1867 227 1900 θεοσεϐεῖς,
243 1869 292 1895 κα)⁸
308 1870 346 1905 μὴ
359 1869 507 1904 δυνάμενοι
520 1870 549 1896 ἐν
570 1870 641 1905 φωτὶ
668 1872 874 1908 παρῤησιασθῆ-

75 1923 134 1941 ναι.
157 1914 254 1950 Ἡμεῖς
267 1914 307 1948 δὲ,
324 1915 411 1943 τέκνα
427 1915 476 1942 καὶ
490 1916 617 1951 ἀδελφοὶ,
634 1917 669 1953 τῇ
686 1919 725 1950 εις
738 1918 806 1945 Θεὸν
822 1927 872 1946 πε-

75 1961 224 1997 ποιθήσει,
253 1963 303 1988 καὶ
326 1964 360 1997 τῇ
376 1964 426 1998 τῆς
439 1962 570 1999 ἀληθείας
585 1963 742 1999 ἐδραιώσει,
759 1965 828 2002 αὐτῇ
842 1974 873 1993 τε

75 2009 110 2043 τῇ
135 2008 384 2043 προσγιγενημένῃ
412 2009 460 2036 καὶ
485 2009 677 2046 ὰποφανθείσῃ
697 2010 810 2038 ἐκϐάσει
826 2010 873 2038 τοῦ

73 2053 184 2080 δικαίου
209 2054 281 2080 κατὰ
304 2055 338 2080 τὰ
362 2054 558 2090 ὑποδειχθέντα
574 2055 603 2082 ἐν
617 2055 657 2090 τῷ
668 2055 774 2091 κόσμῳ,
791 2057 831 2087 εἵς
843 2065 874 2084 τε

74 2099 123 2125 τὸν
137 2099 335 2134 μοιχεύσαντα,
355 2100 402 2126 καὶ
416 2100 482 2132 τοὺς
498 2101 736 2137 συνεργήσαντας·
754 2101 875 2135 άκλινετς

74 2145 163 2180 ἐσμεν
184 2145 235 2180 τῆς
249 2145 361 2180 ἐντολῆς
377 2145 426 2172 καὶ
440 2145 495 2173 τῶν
508 2146 650 2182 πατρικῶν
664 2147 783 2175 κανόνων
793 2155 801 2164 ⁸
826 2149 875 2175 καὶ

75 2190 129 2217 οὐκ
152 2189 328 2226 ἐνδώσομεν,
361 2191 423 2218 οὐδὲ
447 2191 625 2228 προδώσομεν
647 2194 698 2228 τὴν
714 2193 872 2220 εὐσέϐειαν·

75 2236 138 2264 οὐδ’
160 2237 193 2263 οὐ
221 2236 276 2272 μὴν
300 2237 494 2273 καταλύσομεν
521 2237 540 2265 ἃ
562 2238 653 2270 καλῶς
676 2240 874 2275 προῳκοδομή-

76 2291 186 2317 σαμε-ν.
213 2282 259 2309 διὰ
282 2283 332 2318 τῆς
353 2283 425 2310 κατὰ
439 2284 490 2318 τήν
506 2283 615 2318 ἐξορίαν
631 2285 787 2317 ἐνστάσεως
798 2293 805 2301 ·
831 2286 874 2312 ἵνα

78 2328 116 2364 μὴ
134 2327 345 2363 ἁποδειχθῶμεν
366 2329 527 2363 παραϐάται
542 2330 626 2365 νόμου
638 2338 645 2346 ·
671 2331 747 2367 νόμῳ
762 2331 791 2358 δέ
809 2331 874 2367 θείῳ

75 2373 262 2409 κρατούμενοι
278 2382 447 2409 κρατουμεν,
463 2374 501 2406 ὡς
513 2376 792 2412 προκεκρατήκαμεν,
805 2377 874 2404 πάν-

74 2426 110 2445 τα
123 2417 300 2453 στέργοντες,
315 2421 407 2446 πάντα
419 2420 616 2456 ὑπομένοντες,
631 2421 712 2457 εἴπερ
724 2422 772 2449 καὶ
783 2430 873 2458 παρα-

76 2465 199 2500 χωρήσει
214 2464 298 2496 Θεός·
323 2465 340 2501 ἢ
357 2465 408 2501 τῆς
422 2466 530 2493 ἐκείνου
547 2467 594 2494 καὶ
607 2468 661 2495 τῶν
673 2468 749 2504 αὐτῷ
765 2469 870 2496 συλλει-

76 2510 268 2545 τουργούντων
280 2511 444 2547 μετέχοντες
456 2513 609 2547 κοινωνίας,
622 2514 676 2546 ἐως
687 2514 720 2542 ἃν
732 2515 871 2551 παύσηται

75 2556 91 2582 ὀ
112 2556 311 2592 καθῃρημένος
334 2558 385 2594 τῆς
409 2560 577 2596 ἱερουργίας.
606 2562 694 2589 Πολλὰ
710 2562 759 2590 οὖν
777 2563 872 2598 βαττο-

75 2601 241 2638 λογήσουσιν
267 2604 293 2630 ot
317 2604 476 2641 ἄνθρωποι·
502 2607 667 2643 ἐμπαίζουσί
688 2617 718 2635 τε
743 2609 790 2636 καὶ
812 2610 873 2636 ἐπι--

75 2648 261 2681 γελάσονται·
287 2650 336 2678 καί
356 2659 389 2686 γε
415 2652 448 2679 τὸ
469 2653 662 2690 ἐλεεινότερον,
683 2654 739 2683 τῶν
753 2656 874 2692 ὁμοσχή-

112 2706 136 2723 ⁸⁸
148 2707 244 2735 Matth.
260 2715 287 2740 Χ,
305 2706 349 2735 56.

889 271 911 299 Δ
961 269 1089 303 Quandiu
1115 273 1224 305 tempus
1247 269 1510 302 l'uitdissimulandi,
1524 274 1552 298 et
1563 271 1718 300 occultandi

926 315 1070 343 consilium
1098 322 1153 343 non
1179 315 1399 343 communicandi
1420 323 1483 343 cum
1508 315 1629 351 Josepho
1643 325 1719 346 ceco-

925 368 1018 392 nomo,
1048 360 1163 388 fecimus
1191 361 1227 394 id,
1247 361 1294 388 lilii
1309 368 1342 388 ac
1356 360 1464 393 fratres,
1482 369 1537 388 non
1556 366 1631 390 metu
1655 371 1719 390 cor-

926 405 995 438 repti
1008 405 1133 438 quamvis
1153 409 1311 439 peccatores
1331 404 1438 432 simus:
1455 405 1503 433 sed
1520 405 1720 441 dispensatorie

924 450 1189 481 condescendentes,
1215 450 1408 485 imitantesque
1429 450 1631 485 quodammodo
1653 459 1718 478 san-

925 500 985 523 ctos
998 496 1094 524 Patres
1104 501 1224 528 nostros.
1236 501 1372 531 quatenus
1386 501 1414 524 et
1426 496 1463 523 illi
1479 501 1635 532 opportuno
1649 502 1718 525 tem-

925 549 991 577 pore
1008 542 1079 570 idem
1107 543 1297 575 observantes,
1323 542 1517 570 subduxerunt
1531 544 1636 578 seipsos
1658 549 1719 571 ton-

915 587 1088 621 ,tat-ionibns;
1111 587 1211 623 partim
1227 588 1349 623 quidem,
1363 592 1393 615 ut
1404 587 1599 615 infirmioribus
1618 593 1646 615 ct
1670 596 1718 615 ve-

924 633 1052 660 xantibus
1065 638 1221 668 parcerent,
1235 633 1334 668 partim
1349 637 1379 661 ut
1392 633 1591 668 aliquantulum
1622 634 1718 661 remit-

924 683 1026 711 tentes,
1052 679 1266 714 gubernatorum
1291 687 1378 712 more,
1406 687 1519 714 scopum
1543 679 1716 714 postmodum

923 725 1099 760 attingerent.
1129 724 1207 753 Nunc
1233 733 1299 753 vero
1323 730 1466 761 postquam
1492 726 1596 761 optimo
1623 730 1718 753 nostro

923 771 980 798 Deo
991 772 1031 799 sic
1045 771 1134 799 visum
1147 776 1199 804 est,
1211 777 1241 799 ut
1258 772 1285 799 in
1306 776 1432 807 apertum
1444 780 1490 800 res
1511 772 1641 807 prodiret,
1654 772 1720 800 scri-

923 817 1014 845 bimus
1038 822 1066 845 et
1096 817 1158 852 ipsi.
1190 817 1334 850 Quomodo
1356 817 1475 844 autem?
1493 817 1545 844 Per
1572 817 1718 853 logotheta

923 863 1015 891 Dromi
1039 863 1281 900 interrogationem
1306 868 1335 891 et
1357 863 1560 899 archiepiscOpi
1598 871 1716 899 respon-

922 910 1039 938 sionem.

886 944 908 972 Β
958 954 1005 982 Sic
1015 954 1089 983 enim
1105 954 1152 982 ille
1167 963 1175 982 :
1205 954 1262 982 Cur
1279 954 1424 988 hactenus,
1455 955 1554 990 inquit,
1572 955 1719 982 nobiscum

921 1008 977 1028 non
996 1001 1196 1033 communicas,
1209 1008 1259 1028 nec
1279 1008 1341 1028 cum
1371 1001 1524 1036 patriarcha
1547 1011 1554 1028 :
1584 1008 1646 1029 cum
1676 1004 1716 1029 tot

920 1046 982 1075 dies
1001 1047 1063 1075 testi
1079 1047 1281 1083 praeterierint?
1301 1047 1350 1075 Dic
1364 1055 1477 1075 causam
1492 1048 1671 1081 confidenter,
1687 1053 1716 1075 et

922 1092 1065 1121 confessus
1089 1097 1132 1121 est
1153 1093 1388 1128 archiepiscopus,
1409 1097 1438 1121 et
1461 1101 1516 1121 non
1550 1094 1666 1129 negavit,
1689 1099 1716 1122 et

922 1138 1067 1167 confessus
1081 1144 1147 1167 est:
1165 1139 1259 1175 Neque
1283 1140 1416 1168 adversus
1442 1141 1502 1175 pios
1536 1141 1716 1176 imperatores

923 1190 1034 1214 nostros
1050 1186 1201 1222 quidquam
1226 1186 1332 1220 habeo,
1353 1194 1441 1221 neque
1468 1193 1565 1214 rursus
1582 1187 1717 1215 adversus

926 1231 1112 1266 patriarcham
1129 1241 1136 1259 :
1162 1231 1209 1260 sed
1224 1232 1355 1260 adversus
1365 1239 1551 1264 meonomum,
1568 1233 1614 1268 qui
1637 1233 1717 1261 adul-

923 1280 1011 1304 terum
1023 1275 1180 1309 coronavit,
1202 1276 1319 1311 ideoque
1343 1277 1484 1312 depositus
1509 1282 1552 1305 est
1564 1279 1651 1306 sacris
1670 1286 1717 1306 cae

920 1323 1053 1351 .nonibus.
1070 1324 1111 1351 Ad
1126 1331 1186 1359 qua:
1201 1324 1337 1359 logotheta
1354 1333 1361 1351 :
1378 1323 1418 1351 Pii
1435 1324 1614 1359 imperatores
1631 1326 1718 1353 nostri

925 1374 950 1397 te
962 1377 1032 1405 opus
1044 1378 1099 1397 non
1111 1370 1222 1403 habent,
1235 1378 1286 1398 nec
1299 1369 1511 1403 Thessalonicae,
1529 1378 1579 1398 nec
1595 1371 1674 1398 alibi.

959 1457 1025 1485 Post
1048 1457 1107 1485 haec
1129 1465 1218 1493 neque
1243 1465 1404 1493 responsum
1422 1459 1542 1494 amplius
1556 1459 1648 1486 datum
1665 1467 1718 1493 cst,

925 1513 977 1532 nec
1007 1505 1186 1540 interrogatio
1204 1505 1258 1532 alia
1281 1506 1442 1540 proposita:
1475 1513 1538 1533 cum
1572 1514 1659 1542 usque
1684 1508 1718 1534 ad

926 1551 1000 1579 hunc
1020 1551 1094 1579 diem
1109 1551 1194 1586 elapsi
1208 1552 1264 1579 sint
1291 1552 1350 1580 dies
1379 1552 1510 1580 tredecim
1529 1561 1536 1580 :
1558 1553 1610 1580 nisi
1645 1554 1718 1589 quod

926 1597 1032 1624 litteras
1069 1597 1195 1625 misimus
1219 1598 1251 1625 ad
1272 1598 1414 1625 dominum
1448 1598 1616 1631 Simeonem,
1650 1607 1719 1634 quas

926 1643 987 1670 istis
997 1642 1174 1676 inseruitnus,
1196 1649 1226 1670 ut
1239 1644 1322 1670 totius
1340 1643 1378 1670 rei
1393 1647 1520 1670 naturam
1534 1644 1717 1679 cognoscatis.

926 1688 1053 1716 Pervenit
1067 1693 1159 1716 autem
1181 1697 1224 1716 res
1238 1689 1272 1716 ad
1296 1690 1460 1725 patriarchae
1480 1697 1574 1722 aures,
1588 1696 1616 1718 et
1635 1691 1720 1718 totius

926 1735 1013 1764 ferme
1023 1735 1154 1764 civitatis.
1175 1735 1207 1764 Et
1229 1740 1294 1763 sunt
1318 1744 1385 1764 sane
1401 1736 1478 1764 multi
1497 1736 1543 1772 qui
1574 1736 1719 1764 nobiscum

927 1781 1082 1817 aﬂligantur
1105 1786 1133 1810 et
1148 1783 1332 1815 consentiant,
1347 1782 1394 1810 sed
1411 1783 1540 1810 nocturni
1557 1781 1605 1810 Dei
1629 1782 1719 1810 culto-

927 1835 982 1861 res,
999 1828 1045 1863 qui
1063 1828 1092 1856 in
1105 1828 1163 1856 sole
1174 1828 1328 1856 libertatem
1352 1828 1497 1856 ostendere
1525 1836 1579 1855 non
1600 1827 1716 1863 possint.

926 1875 984 1903 Nos
999 1882 1075 1909 vero,
1099 1875 1148 1902 lllii
1162 1879 1190 1903 et
1215 1874 1324 1909 fratres,
1343 1874 1440 1902 ﬁducia
1457 1875 1486 1902 in
1513 1874 1599 1902 Deum
1613 1875 1678 1908 nixi,
1692 1871 1718 1903 et

927 1921 1051 1949 veritatis
1064 1921 1251 1953 fundamento,
1272 1920 1388 1956 ipsoque
1408 1920 1558 1956 praeterito,
1582 1924 1609 1948 et
1626 1921 1717 1955 palam

926 1968 1021 2002 agnito
1050 1967 1162 2003 iustitiae
1192 1973 1304 2000 eventu,
1321 1968 1348 1995 in
1373 1967 1484 2002 iisquae
1507 1967 1626 1994 mundus
1653 1967 1719 1994 vidit

928 2014 1001 2042 circa
1024 2014 1177 2041 adulterum
1205 2014 1319 2048 ejusque
1336 2013 1476 2048 adjutores
1493 2021 1500 2040 :
1517 2013 1672 2040 immobiles
1691 2013 1718 2040 in

927 2059 1058 2086 mandato
1082 2059 1259 2094 paternisque
1272 2058 1424 2086 canonibus
1447 2058 1610 2086 insistemus
1634 2067 1641 2086 :
1670 2065 1720 2085 nec

927 2106 1061 2134 dedamus
1075 2113 1138 2138 nos,
1158 2113 1208 2133 nec
1221 2106 1369 2140 prodamus
1383 2105 1512 2140 pietatem
1526 2113 1532 2131 :
1549 2111 1637 2139 neque
1650 2103 1719 2131 adeo

927 2152 1102 2180 destruamus
1117 2159 1178 2187 quas
1195 2159 1244 2187 per
1253 2151 1342 2180 exsilii
1359 2151 1541 2178 constantiam
1562 2154 1635 2178 ret-te
1652 2149 1719 2178 aedi-

928 2196 1092 2230 ﬁcavimus;
1109 2204 1144 2224 ne
1166 2196 1234 2232 legis
1250 2195 1475 2232 praevaricatores
1494 2195 1637 2224 videamur
1651 2205 1659 2223 :
1675 2196 1719 2223 di-

928 2243 992 2270 vina
1004 2246 1095 2271 autem
1110 2243 1169 2279 lege
1185 2243 1273 2271 innixi
1291 2243 1444 2277 vincamus,
1463 2247 1494 2270 ut
1508 2248 1572 2270 ante
1591 2243 1718 2274 vicimus,

890 2296 914 2326 ο
928 2290 1019 2317 omnia
1043 2295 1193 2324 optantes,-
1206 2290 1299 2317 omnia
1324 2291 1502 2321 sustinentes,
1521 2290 1545 2317 si
1563 2289 1719 2324 permiserit

927 2335 1010 2368 Deus,
1029 2336 1204 2371 potiusquam
1220 2339 1250 2362 ut
1276 2335 1349 2362 illius
1376 2342 1527 2370 eorumque
1541 2334 1588 2370 qui
1607 2342 1668 2361 cum
1686 2341 1719 2362 eo

925 2381 1090 2414 sacriﬁcant,
1109 2381 1332 2409 communionem
1360 2381 1535 2416 attingamus,
1559 2380 1648 2416 quoad
1664 2380 1720 2414 pri-

924 2434 1004 2456 vetur
1019 2428 1160 2463 depasitus
1178 2427 1342 2455 ministerio.
1354 2426 1439 2454 Multa
1452 2427 1534 2462 igitur
1546 2426 1720 2455 blaterahunt

925 2474 1068 2506 homines,
1083 2474 1252 2509 illudentque
1274 2477 1302 2501 et
1316 2473 1491 2501 irridebunt:
1514 2472 1643 2508 quodque
1656 2479 1720 2505 gra~

924 2520 985 2548 vius
993 2525 1045 2554 est,
1056 2520 1133 2549 exiis
1146 2521 1192 2555 qui
1201 2520 1323 2554 ejusdem
1335 2524 1400 2547 sunt
1415 2519 1535 2552 habitus,
1544 2518 1627 2553 etqui
1638 2516 1719 2543 amici

926 2574 986 2594 esse
994 2566 1130 2599 videntur,
1143 2574 1196 2593 non
1208 2567 1298 2601 pauci.
1309 2566 1362 2593 Sed
1376 2572 1475 2592 novum
1490 2564 1556 2590 nihil
1568 2571 1575 2590 :
1587 2563 1718 2596 scriptum

887 1618 908 1648 C

926 2617 988 2640 est:
1010 2612 1044 2640 Et
1060 2613 1164 2640 inimici
1181 2613 1297 2640 hominis
1320 2611 1458 2639 domestici
1473 2611 1530 2645 ejus
1539 2610 1572 2637 ".
1589 2609 1624 2636 Et
1638 2608 1665 2636 hi
1678 2607 1719 2635 le-

926 2659 1047 2687 nocinati
1061 2663 1126 2687 sunt
1144 2658 1406 2694 subscrvicruntque
1425 2656 1584 2685 adulterinis
1603 2654 1718 2691 nuptiis,

846 2754 964 2785 ΝΟΤᾸΕ.

77 2831 137 2861 alii.

116 2797 173 2844 £35)
190 2798 358 2834 Λογοθέιόυ
382 2799 435 2828 τοῦ
458 2799 583 2836 Δρόμου.
605 2799 643 2829 De
656 2807 752 2830 cursus
785 2800 872 2836 public

925 2803 1044 2838 Jzotlteta
1078 2814 1126 2836 seu
1143 2808 1283 2843 praefecto,
1303 2806 1496 2844 Theophanes,
1521 2806 1675 2837 Cedrcnus.
1692 2811 1719 2834 ot
