1926 3078
228 135 293 169 ltili

825 135 856 165 S-
876 132 1076 166 ἸἮΕΟΒΟΒῘ
1102 131 1278 166 STUDITB

1788 132 1855 166 1012

224 202 278 222 una
290 193 416 225 ederunt,
432 199 487 220 una
499 191 637 225 biberunt,
654 195 682 219 et
711 190 848 219 calamum
870 191 1012 220 tinxerunt

1067 200 1139 228 μων,
1165 190 1214 219 καὶ
1234 188 1394 226 ὁμοταγῶν,
1418 190 1467 218 καὶ
1485 189 1638 218 δοκούντων
1661 188 1733 219 εἶναι
1753 192 1854 228 φίλων,

223 240 251 268 in
267 239 392 267 exsilium
409 242 544 266 nostrum.
566 236 620 265 Sed
641 237 772 265 Dominus
787 236 835 272 qui
849 241 906 264 tum
917 245 1014 265 exsur-

222 285 294 312 rexit
312 284 346 313 ad
364 283 497 311 ultionem
515 282 582 318 legis
596 290 664 315 suae,
694 281 811 310 adulleri
836 281 947 317 quidem
969 289 1013 309 re-

222 338 306 365 gnum
321 330 442 358 cat-citate
468 328 608 364 perfregit.
628 328 719 356 socios
741 331 833 355 autent
863 327 1012 363 ignominia

220 375 352 412 perfudit,
364 375 435 403 sicut
443 374 599 403 sacerdotes
609 373 674 401 Baal
687 383 694 407 ;
706 381 756 401 nos
767 373 886 408 denique
894 372 1013 400 humiles

220 426 319 458 prater
339 428 414 456 spem
442 419 476 448 ad
506 420 702 447 monasterium
726 423 850 447 nostrum
884 418 1011 446 reduxit:

221 468 280 503 ipse
297 467 367 494 idem
380 474 451 493 nunc
461 466 539 493 adest
553 474 561 493 :
580 465 646 501 ipse,
663 466 788 500 quamvis
803 464 837 491 ad
857 464 939 491 breve
951 471 1012 498 spa-

221 514 290 541 tium
311 512 466 548 permiserit
494 512 593 538 iterum
609 511 742 538 nefariam
769 510 1011 545 conjunctioncm;

220 563 341 586 attamen
356 565 453 585 rursus
478 557 632 592 improbare
665 556 794 592 dignatus
818 560 862 584 est
890 555 1012 583 laetitiam

221 603 408 638 eopulantium
432 602 582 634 adulteros,
596 602 763 635 eosdemque
790 600 942 628 amantium
959 600 1012 627 Na-

219 656 385 681 zareorum,
406 655 455 683 per
477 647 666 682 :equissimum
679 647 812 681 judicium
829 647 937 681 piorum
959 646 1013 673 im-

221 700 377 730 peratorum
391 698 548 721 nostrorum
562 693 627 727 :qui
641 692 817 719 reddiderunt
827 696 886 726 post
898 696 1012 719 mortem

220 739 376 767 adulterum
392 739 521 774 legitimae
545 738 655 773 conjugi
675 745 742 769 suae,
770 738 921 765 adulteram
941 737 1014 772 apel-

220 785 310 813 Iuntes
329 793 389 812 eam
405 793 466 820 qum
496 784 632 813 mmehata
659 783 759 816 fuerat,
773 787 800 811 et
821 783 922 819 prolem
951 783 1013 817 ejus

220 831 403 858 adullerinam
438 829 611 857 esbaeredem
645 829 839 863 relinquentes.
882 833 1011 863 tanquam

221 877 391 911 illegitimam
416 881 444 904 et
461 875 611 910 injustam;
627 879 657 902 ut
673 874 792 909 ipsimet,
807 882 851 902 me
872 874 1012 905 audiente.
1031 873 1051 900 Β

221 921 391 949 aﬂirmarunt
407 942 414 954 ,
431 921 509 956 juxta
533 920 609 956 leges
635 920 785 947 Romanas.
800 919 833 946 Et
857 924 948 947 tamen
965 919 1012 954 qui

220 968 311 995 scelus
327 972 471 1002 patrarunt
488 974 540 994 non
558 973 588 994 se
603 966 707 993 abdunt
723 977 729 993 :
745 973 796 993 nec
805 965 925 993 latebras
937 973 1011 1000 quaa-

221 1013 268 1045 rit.
286 1013 333 1048 qui
351 1013 377 1040 in
393 1012 481 1041 sacris
504 1012 641 1047 precibus,
661 1011 688 1039 in
723 1011 871 1046 coniugum
895 1019 1013 1039 corona-

221 1060 296 1087 tioue
309 1059 428 1091 usitatis.
444 1058 575 1086 adversus
591 1062 716 1086 sanetum
736 1057 869 1092 Spiritum
887 1057 1014 1092 blasphe-

221 1106 323 1134 mavit:
339 1106 385 1132 sed
412 1105 519 1138 insiliit,
541 1104 604 1132 telis
619 1104 716 1136 instar,
729 1104 758 1131 in
773 1103 923 1131 Ecclesium
939 1104 986 1131 Dei
1001 1113 1008 1132 :

222 1160 320 1180 rursus
338 1151 468 1183 exsultat,
490 1158 588 1180 rursus
605 1150 702 1185 incipit
723 1157 801 1178 saera
819 1150 941 1185 polluere
960 1157 1012 1178 suo

221 1198 370 1229 sacriﬁcio.
389 1201 417 1225 et
430 1197 604 1232 iniquitatem
613 1196 750 1231 justitiam
762 1203 822 1223 esse
837 1196 954 1231 probare
971 1195 1014 1222 ui—

221 1244 299 1276 titur,
317 1248 354 1274 et.
366 1243 438 1278 quod
458 1242 513 1270 dici
531 1242 611 1274 solet.
629 1250 659 1269 se
678 1242 768 1277 ipsum
782 1242 926 1270 ostendere
937 1242 1013 1269 Prae-

222 1297 335 1318 cursore
361 1296 394 1317 ac
410 1289 530 1323 Baptista
552 1289 730 1316 sanctiorem.
748 1287 817 1316 Cum
829 1287 902 1315 enim
921 1295 1014 1322 repre-

223 1335 349 1364 henderit
379 1334 425 1362 ille
442 1333 556 1362 lierodis
575 1333 750 1366 adulterium,
779 1337 806 1360 t'l.
821 1340 871 1368 pro
900 1332 1014 1360 veritate

223 1386 338 1409 mortem
356 1379 510 1414 oppetierit,
526 1378 571 1406 hic
599 1378 748 1406 secundum
772 1377 907 1405 Herodem
938 1376 1015 1404 :Idul-

222 1425 293 1453 torio
306 1425 471 1460 pati-iactum
500 1429 527 1452 et
554 1424 706 1455 coronavit,
727 1428 754 1450 et
782 1423 944 1457 complexus
970 1426 1014 1450 est

223 1479 313 1507 usque
332 1472 365 1499 ad
381 1476 509 1502 mortem.
527 1478 582 1498 non
609 1470 719 1505 quidem
739 1469 840 1502 verbis,
867 1469 914 1496 sed
934 1468 1015 1497 factis

222 1518 290 1552 ipsis
312 1517 463 1553 [medicans
488 1524 597 1544 errasse
624 1516 757 1543 Joannem
787 1515 1011 1542 Prtecursorcm:

1067 237 1118 265 οὐκ
1141 236 1238 272 ὀλίγοι,
1271 236 1350 264 Ἀλλ’
1371 236 1450 264 οὐδὲν
1474 235 1560 269 ξένον.
1580 236 1758 273 Γέγραπται·
1779 248 1789 264 ι
1803 239 1854 266 Καὶ

1069 283 1164 320 ἐχθροὶ
1183 283 1233 311 τοῦ
1254 283 1411 318 ἀνθρώπου,
1422 283 1448 310 οἱ
1463 283 1596 310 alutam!
1609 283 1703 311 αὑτοῦ.
1719 293 1728 311 ι
1748 285 1803 312 Καὶ
1815 285 1855 312 δτι

1070 329 1149 356 αὐτοὶ
1166 329 1393 364 ὶμαστρόπησαν,
1410 328 1459 355 καὶ
1473 328 1660 364 συνήργησαν,
1676 328 1724 356 καὶ
1740 329 1855 364 συνέφα-

1069 382 1133 409 γον,
1153 374 1200 402 καὶ
1217 374 1345 402 συνέπιον
1361 373 1401 409 τῷ
1416 374 1533 410 μοιχικῷ
1546 375 1646 410 γάμῳ.
1670 374 1718 401 καὶ
1739 374 1788 401 τὸν
1804 376 1856 402 κά-

1069 422 1156 456 λαμον
1172 420 1276 456 ἔϐαψαν
1288 421 1335 447 ἐπὶ
1345 421 1378 456 τῇ
1391 420 1484 457 ἐξορία
1495 420 1586 456 ἡμῶν,
1595 420 1665 447 Ἀλλ’
1677 421 1692 447 ό
1702 420 1856 457 ὲξεγερθεὶς

1070 466 1174 503 Κύριος
1181 466 1242 493 τότε
1259 466 1299 498 είς
1314 466 1456 501 ἐκδίκησιν
1469 465 1517 493 τοῦ
1530 466 1615 501 νόμου
1629 466 1729 494 αὑτοῦ·
1747 467 1795 493 καὶ
1808 468 1858 502 pi",-

1066 513 1115 546 ξας
1129 512 1179 548 μὲν
1192 512 1242 547 τὴν
1255 511 1303 538 τοῦ
1317 511 1512 547 μοιχεύσαντος
1526 511 1664 547 βασιλείαν
1676 513 1709 548 τῇ
1719 512 1857 547 ἐκτυφλώ-

1066 566 1130 590 σει,
1156 556 1342 592 καταισχύνας
1366 557 1395 584 δὲ
1418 557 1483 589 τοὺς
1507 557 1716 593 συλλήπτορας,
1740 558 1779 590 ὡς
1794 558 1857 591 τοὺς

1058 603 1114 632 Ιτοῦ
1145 603 1219 631 Βάαλ
1252 604 1336 640 ίερεϊς
1349 611 1357 620 ·
1389 603 1564 638 έπισυνάγων
1588 603 1617 630 δὲ
1642 603 1693 640 τὴν
1718 605 1858 639 ἡμετέραν

1066 649 1234 676 ταπείνωσιν
1259 650 1301 681 είς
1321 649 1353 676 τὸ
1371 648 1436 677 tam
1452 649 1635 685 μοναστήριον
1650 649 1716 686 παρ’
1729 650 1856 683 έλπξδας·

1067 696 1149 727 αὐτὸς
1165 695 1212 722 καὶ
1227 695 1277 722 νῦν
1291 695 1443 732 πάρεστιν,
1467 695 1559 728 αὐτὸς,
1575 696 1600 722 εί
1615 695 1664 722 καὶ
1677 695 1747 731 πρὸς
1760 696 1858 732 μικρὸν

1067 740 1251 777 παρεχώρησε
1269 741 1351 769 πάλιν
1371 741 1420 776 τὴν
1438 741 1568 776 ἀθέμιτον
1589 741 1773 777 συι,ι.·ιίλινικείνιν⁹
1800 741 1859 769 ἀλλ’

1067 785 1147 819 αὖθις
1168 787 1316 822 εὐδόκησεν
1335 787 1593 823 ἀποδοκιμασθῆναι
1606 787 1657 822 τὴν
1669 787 1859 823 έπιχαρμονὴν

1067 833 1123 860 τῶν
1141 832 1342 869 μοιχοζευκπῖιν
1359 832 1407 860 καὶ
1424 832 1590 868 μοιχοφΰων
1608 831 1782 868 Ναζιραίων,
1813 832 1858 860 διὰ
1904 840 1907 842 ·

1065 879 1116 914 τῆς
1129 879 1185 906 τῶν
1197 878 1319 906 εὐσεϐῶν
1330 878 1408 914 ἡμῶν
1421 877 1555 913 βασιλέων
1567 877 1778 913 δικαιοκρισίας·
1792 878 1859 905 ἁπο-

1063 925 1219 957 δωσάντων,
1238 923 1308 959 μετὰ
1323 923 1369 951 τὸν
1383 923 1508 955 θάνατον,
1523 923 1570 950 τὸν
1587 923 1683 958 μοιχὸν
1698 924 1733 958 τῇ
1748 923 1858 959 νομίμῳ

1064 970 1147 997 αὐτοῦ
1169 971 1296 1005 γαμετῇ·
1325 968 1558 996 ἁποκαλεσάντων
1579 969 1609 996 δὲ
1629 968 1680 1004 τὴν
1695 968 1857 1004 μαχλιῖωαν,

1066 1016 1227 1052 μοιχαλίδαο
1254 1016 1303 1043 καὶ
1323 1015 1356 1043 τὸ
1376 1015 1589 1051 μοιχογέννητον
1604 1014 1700 1042 τέκνον
1716 1015 1858 1042 έασάντων

1064 1063 1195 1100 ἄκληρον,
1209 1063 1247 1095 ὡς
1258 1063 1390 1098 ἀθέμιτον
1401 1063 1450 1090 καὶ⁵
1460 1061 1645 1098 ἀνομώτατον·
1656 1061 1694 1094 ὡς
1705 1062 1735 1089 έν
1744 1062 1858 1098 ἐπηκόῳ

1065 1119 1112 1146 μοι
1134 1111 1165 1138 τὸ
1186 1110 1278 1145 τίμιον
1302 1109 1391 1137 αὐτῶν
1416 1109 1504 1145 στόμα
1526 1109 1678 1145 λελάληκε,
1704 1108 1776 1136 κατὰ
1793 1109 1859 1141 τοὺς

1070 1156 1242 1192 Ῥωμαῖκοὺς
1269 1155 1379 1191 νόμους.
1410 1156 1488 1183 Ἀλλ’
1514 1156 1590 1191 ὅμως
1615 1155 1642 1182 oi
1665 1155 1859 1190 ἀνομήσαντες

1064 1203 1114 1230 οὐκ
1135 1202 1370 1237 ὲγκαλύπτονταιθ
1389 1202 1451 1229 οὐδὲ
1469 1202 1487 1237 ¹ὁ
1500 1201 1573 1229 κατά
1595 1201 1643 1228 τοῦ
1669 1201 1747 1235 ἁγίου
1768 1201 1858 1228 Πνεύ-

1067 1257 1151 1283 ματος
1165 1248 1349 1284 δυσφημὴσεις
1366 1248 1395 1274 ὲν
1411 1249 1444 1284 τῇ
1460 1250 1530 1275 κατὰ
1544 1247 1595 1283 τὴν
1609 1247 1779 1282 στεφανικὴν
1795 1255 1860 1273 συν-

1065 1294 1162 1328 άφειαν
1176 1294 1238 1330 ίερᾷ
1249 1295 1401 1330 προσευχῇ,
1416 1292 1581 1321 καταδύεται
1591 1301 1599 1308 ο
1612 1292 1672 1320 ἀλλ’
1683 1292 1859 1328 εἰσπηδήσας

1064 1338 1102 1371 ὡς
1125 1339 1234 1374 έλουρος
1258 1338 1424 1375 [αἴλουρος]
1449 1339 1478 1365 ὲν
1494 1340 1528 1374 τῇ
1547 1337 1696 1373 Ἐκκλησία
1711 1337 1760 1365 τοῦ
1774 1337 1859 1371 Θεοῦ,

1065 1384 1147 1411 πάλιν
1164 1384 1292 1416 ἅλλεται,
1314 1385 1363 1411 καὶ
1380 1384 1462 1410 πάλιν
1477 1384 1592 1419 ἄρχεται
1609 1383 1729 1419 μιαίνειν
1744 1383 1779 1411 τὰ
1793 1383 1860 1418 ἅγια

1064 1427 1109 1455 διὰ
1121 1428 1170 1463 τῆς
1182 1428 1354 1464 ίερουργίας·
1372 1429 1418 1455 καὶ
1433 1428 1580 1463 φιλονεικεῖ
1605 1428 1656 1464 τὴν
1674 1428 1794 1463 ἀνομίαν
1822 1429 1861 1455 δι·

1065 1472 1214 1508 καιοσὺνην
1228 1472 1374 1508 γνωρίσαι·
1387 1472 1434 1500 καὶ
1446 1473 1477 1499 τὸ
1492 1472 1524 1508 δὴ
1538 1473 1696 1508 λεγόμενον,
1714 1473 1861 1506 ἀποδεῖξαι

1066 1518 1162 1544 ἑαυτὸν
1184 1518 1232 1545 τοῦ
1258 1518 1418 1554 Προδρόμου
1445 1518 1493 1545 καὶ
1517 1517 1671 1545 Βαπτιστοῦ
1695 1517 1859 1554 ὁσιώτερον.

221 1549 270 1598 qui
286 1549 390 1596 iniuste
403 1566 431 1592 et
445 1561 535 1597 inepte
547 1560 678 1596 arguerit,
693 1565 871 1595 mortuusque
887 1560 932 1588 sit.
944 1559 1013 1593 Quid

1072 1563 1194 1591 Ἐκείνου
1209 1564 1265 1599 γὰρ
1280 1549 1439 1599 ἐλέγχοντος
1454 1563 1504 1599 τὴν
1517 1563 1566 1590 τοῦ
1583 1563 1705 1599 Ἡρώδου
1721 1549 1860 1599 μοιχείαν,

221 1614 312 1637 autem
332 1607 465 1636 Joannem
492 1607 554 1635 dico
576 1607 725 1635 maximum
749 1607 873 1637 omnium
901 1611 1013 1634 sancto-

222 1662 284 1683 rum
300 1654 313 1681 ?
331 1654 442 1682 Christo
466 1653 519 1688 ipsi
552 1653 637 1688 (quod
655 1654 831 1681 temerarium
860 1657 902 1681 est
927 1652 1014 1689 dictu)

221 1698 388 1729 contradixit
414 1698 632 1734 repugnavitque
646 1697 730 1734 impio
740 1705 789 1726 ore
799 1706 861 1726 suo.
878 1697 945 1725 Nam
952 1705 1014 1726 cum

221 1744 375 1774 adulterum
391 1749 469 1772 vocet
481 1744 611 1772 Christus
629 1751 693 1772 eum
709 1744 756 1780 qui
780 1743 930 1780 legitimam
946 1751 1015 1771 uxo-

222 1798 280 1818 rem
306 1790 440 1821 dimittit:
458 1790 680 1826 adulteriumque
702 1791 739 1818 sit
761 1798 844 1826 grave
860 1794 1014 1826 peccatum,

223 1836 368 1867 homicidae
383 1844 444 1872 par,
456 1837 699 1872 masculorumque
712 1841 740 1865 et
754 1837 898 1865 brutorum
911 1844 1015 1865 concu-

222 1883 316 1915 hitori.
334 1883 455 1913 veru-lico
467 1888 495 1910 et
509 1883 670 1917 idololatrze,
684 1888 714 1911 ut
727 1883 808 1911 docet
820 1891 908 1911 canon
924 1883 1014 1911 sancti

221 1928 317 1958 Basilii
331 1929 355 1948 ’°
373 1938 382 1962 ;
397 1929 441 1958 hic
453 1928 530 1959 illum
546 1928 578 1956 ad
590 1929 676 1958 altare
690 1929 803 1961 ducens.
821 1929 848 1956 in
863 1929 947 1956 totius
966 1936 1015 1964 po-

222 1974 280 2009 puli
296 1982 397 2002 corona
415 1974 513 2009 impias
531 1974 591 2002 illas
614 1979 709 2004 contra
736 1973 869 2010 Spiritum
886 1979 1013 2002 sancitum

221 2027 303 2047 voces
321 2020 402 2047 edere
421 2027 506 2047 ausus
530 2024 591 2053 est;
615 2019 785 2050 considerate
797 2027 881 2055 quam
898 2020 1014 2047 horreu-

221 2066 280 2097 das,
297 2073 378 2100 quam
399 2066 533 2095 absurdas
548 2075 554 2094 :
573 2076 582 2092 ε
601 2065 654 2099 Tu,
669 2066 794 2099 nomine,
810 2066 886 2094 mitte
902 2073 1013 2093 manum

222 2116 297 2140 tuam
313 2119 345 2140 ex
362 2118 456 2142 saneto
471 2112 625 2142 habitacula
641 2117 696 2144 tuo,
713 2116 737 2139 et
756 2112 893 2147 coniunge
911 2111 1014 2140 famulo

223 2162 271 2187 tuo
286 2157 419 2188 famulam
433 2163 519 2192 tuam,
539 2163 675 2187 conneth
686 2158 746 2186 illos
767 2159 795 2187 in
809 2163 933 2187 mutuam
947 2165 1013 2186 cou-

221 2203 346 2232 col-diam
362 2213 368 2231 :
384 2204 430 2233 uni
445 2211 493 2232 eos
512 2204 539 2231 in
562 2212 676 2232 carnem
693 2211 788 2237 unam,
808 2211 879 2239 quos
894 2203 942 2231 tibi
959 2203 1013 2239 pla-
1029 2219 1052 2247 Β

221 2251 279 2281 cuit
293 2251 363 2278 inter
374 2259 404 2278 se
416 2250 538 2285 copulari
556 2260 563 2278 :
584 2251 759 2279 honorabiles
785 2251 897 2286 nuptias
921 2251 1013 2284 redde,

222 2297 430 2327 immaculatum
441 2304 539 2324 eorum
562 2301 651 2324 torum
665 2297 789 2325 custodi:
813 2297 936 2332 ipsorum
948 2305 1015 2325 con-

222 2343 380 2372 tubernium
399 2342 592 2373 iulaminatum
613 2343 640 2371 in
653 2343 734 2374 corde
759 2351 829 2378 puro
853 2350 1014 2378 permanere

222 2387 353 2418 concede.
369 2397 380 2415 ι

1065 1610 1113 1636 καὶ
1135 1610 1204 1646 ὑπὲρ
1223 1610 1352 1646 ἀληθείας
1368 1609 1551 1645 θνήσκοντος⁸
1580 1607 1658 1640 οὗτος
1671 1609 1718 1636 τδν
1729 1609 1861 1645 δεύτερον

1071 1654 1197 1691 Ἡρώδην
1214 1656 1248 1690 τῇ
1267 1655 1376 1691 μοιχείᾳ
1391 1654 1582 1690 δεδειγμένον,
1608 1655 1656 1682 καὶ
1670 1655 1861 1689 ἐστεφάνωσε,

1065 1701 1114 1728 καὶ
1138 1701 1336 1737 κατησπάσατο
1362 1701 1443 1736 μέχρι
1466 1700 1601 1728 θανάτοιν
1630 1700 1722 1736 λόγοις
1739 1701 1793 1737 μὲν
1814 1701 1861 1735 οὓ,

1065 1746 1158 1782 ῑργοις
1171 1746 1200 1773 δὲ
1214 1746 1307 1777 αὐτοῖς
1320 1746 1518 1782 φθεγγόμενος,
1533 1746 1572 1779 ὡς
1585 1746 1760 1782 πεπλάνηται
1767 1746 1863 1774 Ἰωάν-

1065 1800 1116 1828 νης
1140 1793 1156 1819 δ
1176 1792 1352 1828 Πρόδρομος,
1380 1793 1491 1827 ἀνόμως
1508 1793 1556 1820 καὶ
1571 1793 1696 1828 ἀκαίρως
1715 1792 1863 1827 διελέγξας

1065 1839 1115 1866 καὶ
1131 1838 1287 1867 ἀποθανών.
1306 1839 1362 1866 Καὶ
1377 1838 1405 1866 τι
1419 1838 1452 1874 δὴ
1467 1838 1540 1873 λέγω
1561 1839 1690 1875 Ἰωάννην
1706 1838 1753 1866 τὸν
1769 1839 1863 1874 μείζω

1065 1884 1177 1911 πάντων
1191 1883 1296 1918 ἀγίων;
1322 1883 1398 1920 αὐτῷ
1411 1884 1452 1919 τῷ
1463 1884 1593 1920 Χριστῷ,
1616 1884 1641 1910 εί
1656 1883 1705 1911 καὶ
1721 1883 1863 1919 τολμηρὸν

1065 1930 1170 1962 είπετν,
1188 1929 1392 1964 ἀπεφθέγξατο
1408 1929 1456 1956 καὶ
1470 1928 1673 1965 ὰπεμαχήσατο
1688 1928 1734 1955 διὰ
1750 1929 1803 1956 τοῦ
1816 1929 1862 1956 ιν·

1065 1974 1151 2009 αγοῦς
1175 1974 1259 2002 αὑτοῦ
1286 1975 1432 2010 στόματος.
1459 1974 1515 2001 Τοῦ
1538 1974 1594 2010 γὰρ
1615 1972 1737 2010 Χριστοῦ
1762 1974 1863 2010 μοιχὸν

1065 2021 1289 2053 ἀποκαλέσαντος
1314 2022 1362 2048 τὸν
1384 2021 1502 2055 ἀφιέντα
1527 2021 1580 2056 τὴν
1599 2021 1717 2056 νόμιμον
1738 2022 1863 2055 γυναῖκα

1066 2066 1188 2103 (μοιχεία
1209 2066 1239 2093 δὲ
1254 2066 1285 2094 τδ
1303 2066 1421 2102 χαλεπὸν
1437 2066 1609 2102 ἁμάρτημα,
1632 2065 1681 2093 καὶ
1696 2065 1863 2101 ίσοδῦναμον

1066 2113 1189 2148 φονέως,
1215 2112 1264 2140 καὶ
1280 2113 1497 2149 ἀῤῥενοφθόρου,
1515 2112 1564 2139 καὶ
1578 2111 1795 2146 ἁλογευομένου,
1813 2112 1862 2139 καὶ

1066 2157 1226 2195 φαρμακοῦ,
1233 2159 1280 2186 καὶ
1288 2158 1496 2194 είδωλολάτρου,
1502 2158 1540 2191 ὡς
1547 2158 1562 2185 ὁ
1568 2157 1659 2185 κανὼν
1666 2156 1714 2184 τοῦ
1722 2157 1805 2191 ἁγίου
1813 2158 1863 2185 Bav

1068 2205 1193 2240 σιλείου),
1207 2205 1288 2237 αὐτὸς
1303 2204 1398 2231 τοῦτον
1411 2204 1450 2239 τῷ
1463 2204 1650 2239 θυσιαστηρίῳ
1664 2203 1861 2239 παραστήσας,

1070 2249 1153 2286 μέσον
1166 2249 1269 2282 παντὸς
1283 2249 1331 2276 τοῦ
1343 2249 1420 2281 λαοῦ,
1442 2249 1576 2284 έτόλμησε
1593 2248 1674 2284 ῥῆξαι
1686 2248 1736 2279 τὰς
1749 2249 1863 2282 ιναγιϊς

1068 2296 1179 2328 ὲκείνας
1192 2295 1285 2331 φωνὰς
1298 2295 1369 2322 κατά
1383 2294 1430 2321 τοῦ
1443 2295 1521 2329 ἁγίου
1532 2294 1702 2329 Πνεύματος,
1715 2293 1807 2326 λέγων
1817 2292 1863 2319 οῦς

1066 2348 1137 2373 τως·
1150 2341 1198 2367 καὶ
1215 2341 1343 2367 σκοπεῖτε
1364 2340 1395 2367 τδ
1412 2340 1528 2375 φοῦερδν
1546 2339 1596 2366 καὶ
1612 2339 1746 2366 ἔκτοπον*
1760 2338 1861 2368 Αὐτὸς.

1068 2387 1204 2419 Δέσποτα,
1224 2396 1233 2413 t
1248 2386 1440 2420 ὲξαπόστειλον
1454 2387 1503 2422 τὴν
1516 2385 1596 2421 χεῖρά
1609 2393 1657 2412 σου
1672 2384 1703 2417 ἑξ
1720 2384 1802 2417 ἁγίου
1812 2391 1863 2409 κα-

221 2435 398 2470 τοικητηρίου
415 2443 473 2468 σου,
486 2435 533 2464 καὶ
551 2435 671 2470 ἅρμοσον
687 2434 727 2470 τῷ
740 2434 825 2470 δούλῳ
838 2443 886 2461 σου
900 2435 950 2470 τὴν
962 2433 1059 2469 δούλην
1074 2441 1132 2460 σουθ
1150 2432 1280 2465 σύζευξον
1293 2432 1393 2464 αὐτοὺς
1407 2433 1436 2459 ὲν
1448 2431 1634 2467 ὁμοφροσύνη·
1647 2430 1749 2456 ἓνωσον
1758 2428 1861 2459 αὐτοὺς

221 2482 263 2513 είς
279 2482 370 2517 σάρκα
385 2481 460 2516 μίαν,
474 2479 515 2513 οἷς
530 2481 680 2516 εὐδόκησας
708 2480 880 2515 συναφθῆναι
908 2479 1044 2514 ἀλλήλοις.
1065 2478 1163 2514 Τίμιον
1187 2477 1233 2507 τὸν
1253 2477 1344 2513 γάμον
1363 2476 1519 2510 ἀνάδειξον·
1546 2475 1680 2511 ἀμίαντον
1695 2474 1746 2501 τὶν
1760 2472 1859 2509 κοίτην

223 2527 314 2558 αὐτῶν
327 2527 509 2562 διατήρησοψ
532 2526 701 2562 ἀκηλίδωτον
715 2526 807 2552 αὐτῶν
821 2525 872 2561 τὴν
888 2524 1041 2560 συμὸίωσιν
1055 2524 1192 2557 διαμεῖναι
1207 2523 1358 2559 εὑδόκησον
1368 2523 1397 2550 ἂν
1410 2522 1521 2558 καθαρᾷ
1534 2522 1567 2557 τῇ
1580 2520 1692 2556 καρδίᾳ.
1707 2528 1717 2546 ι

258 2569 517 2603 Νοιιοχιιοι-ιιιιίειίο
544 2571 601 2600 Ιιτοο
616 2569 921 2606 audientesiQuantam
949 2576 1014 2598 cen-

221 2619 289 2648 setis
305 2619 425 2655 Spiritus
445 2617 533 2646 sancti
549 2617 763 2652 indignationem
780 2615 864 2643 fuisse
885 2614 922 2642 ob
938 2614 1013 2650 ejus-

223 2666 298 2697 modi
315 2663 539 2701 blasphemiam?
565 2664 652 2697 Quam
681 2662 801 2698 graviter
822 2669 876 2689 una
900 2668 1015 2689 succen-

224 2714 314 2741 suisse
329 2711 440 2746 angelos
454 2713 563 2737 sanctos
576 2709 587 2735 ?
603 2709 657 2735 Ant
677 2707 815 2742 quomodo
841 2715 894 2734 non
909 2707 1011 2738 statim,

222 2759 296 2786 velut
310 2757 414 2784 Datban
437 2759 465 2784 et
478 2755 593 2788 Abiron,
612 2754 767 2792 absumpsit
779 2753 924 2782 dehiscens
941 2747 1029 2782 tcrra'

258 2857 279 2872 "’
298 2855 382 2892 Epist.
395 2856 429 2882 ml
448 2854 611 2891 {inm/tilum.
632 2863 693 2882 can.
711 2854 736 2882 Τ.

1102 2570 1160 2596 Οὐκ
1174 2566 1230 2605 ἄρα
1244 2568 1373 2604 ἑφρίεάτε
1390 2567 1548 2600 συνιέντες;
1567 2566 1654 2593 Πόσον
1666 2565 1771 2593 δοκεῖτε
1784 2572 1860 2600 παρ-

1065 2615 1210 2651 οξυνθῆναι
1220 2614 1250 2642 τὸ
1259 2614 1372 2649 Πνεῦμα
1379 2613 1409 2640 τὸ
1415 2613 1494 2647 ἅγιον
1501 2613 1532 2640 ιν
1539 2613 1573 2648 τῇ
1585 2611 1746 2647 βλασφημίᾳ
1755 2610 1860 2646 enim;

1066 2658 1114 2685 καὶ
1132 2657 1344 2693 συνοργισθῆναι
1357 2657 1422 2688 τοὺς
1435 2657 1531 2692 ἁγίους
1549 2656 1696 2692 ἀγγέλουςς
1720 2655 1738 2691 ἢ
1754 2655 1816 2686 sub;
1829 2654 1860 2680 οὐ

1067 2705 1226 2740 παραυτίκα
1238 2704 1276 2736 ὡς
1286 2704 1332 2732 τὸν
1343 2704 1432 2731 Δαθὰν
1443 2703 1491 2730 καὶ
1505 2702 1636 2738 ’Δϐειρὼν
1646 2702 1783 2729 ῦπέΑαὸςν
1796 2702 1814 2735 ἡ
1824 2701 1859 2734 γῆ

1066 2751 1187 2789 χανοῦσα
1204 2750 1249 2778 τὴν
1266 2750 1411 2787 ὖφηγητὴν
1428 2750 1476 2777 τοῦ
1491 2749 1607 2785 ψεύδους
1618 2769 1625 2782 ,
1651 2748 1699 2776 καὶ
1715 2747 1859 2776 δεικνύντα
