1926 3078
103 98 173 134 1013

716 99 989 133 EPISTOLARUM
1005 99 1083 133 LIB.
1098 102 1124 132 Ι.

1680 98 1750 132 1014

101 158 133 186 ἰδ
161 157 258 190 me
285 156 363 192 φῶς.
387 156 436 185 καὶ
454 156 502 185 τὸν
514 155 633 193 Χριστὸν
646 156 688 189 ιίς
700 157 904 192 ιναντιολογίαν

962 158 1095 186 mendacii
1120 157 1353 194 promulgatorem
1370 165 1378 191 ;
1394 156 1442 192 qui
1452 156 1582 185 tenebras
1601 155 1690 184 lucem
1708 157 1751 185 di-

103 204 196 241 ιαυτῷ
218 204 399 240 περιπίπτειν
422 203 619 239 πειρώμενον;
648 203 763 236 Πάντῶς
776 203 833 240 γὰρ
849 204 902 232 ὅσα

101 253 117 280 ὸ
138 251 231 288 ἱερεὺς
254 250 420 286 ὑποφαίνει,
447 249 535 277 ταῦτα
555 250 604 277 καὶ
624 251 638 276 ὸ
650 249 717 282 Θεὸς
733 249 836 285 κυροῦν
851 249 901 276 e1:-

102 297 267 332 αγγιλλεται
277 317 285 328 .
312 296 384 323 κατὰ
398 296 446 323 τὸν
462 296 550 331 μέγαν
565 294 716 323 Διονύσιον.
740 295 812 322 Ἀλλ’
825 295 901 331 ὅμως

102 343 225 372 τοιοῦτον
238 343 342 380 δράσας
354 342 486 377 πονηρὸν,
499 342 547 370 καὶ
558 342 622 375 δοὺς
632 342 788 377 ὑπόδειγμα
800 342 902 374 κακίας

102 391 162 423 τοὶς
175 389 345 425 ὑποχειρίοις
359 389 401 421 είς
414 388 599 425 ὁμοτροπίαν·
617 389 632 416 ὃ
646 389 695 417 καὶ
707 388 819 424 γέγονε·
838 389 903 424 μᾶλ-

103 437 151 464 λον
176 435 206 462 δὲ
231 435 280 462 καὶ
301 435 359 465 τοῖς
385 434 481 470 πόρρω
500 434 634 470 κρατοῦσι
655 434 704 461 καὶ
720 434 867 469 ἄρχουσιν·
888 434 903 461 ὃ

104 480 173 509 καθ’
195 480 326 517 ὁμοίωσιν
351 479 481 515 ἐτελέσθη
510 481 539 507 ἐν
563 482 598 516 τῇ
617 480 828 516 Λογγοσαρδίᾳ,
855 480 903 507 καὶ

105 526 206 562 Γοτθιᾳ
216 547 223 560 ,
249 526 297 553 καὶ
313 526 371 558 τοῖς
386 525 517 561 κλίμασιν
532 526 634 561 αὐτῆςν
653 525 715 552 οὐδὲ
731 525 786 561 γὰρ
801 526 831 552 ὲν
846 526 903 557 τοῖς

106 573 199 601 ἔθνεσι
222 571 347 599 τοιοῦτόν
370 580 397 598 τι
420 571 604 608 τετόλμηται·
636 572 684 599 καὶ
705 571 736 598 οὐ
752 571 904 607 καταισχύ-

106 626 185 645 νεται
200 618 214 644 ὁ
227 616 362 648 δείλαιος·
383 616 454 648 ἀλλ’,
471 617 510 648 ὼς
525 617 644 652 εἴρηται,
660 615 816 651 λειτουργετ
828 617 842 643 ὁ
857 617 904 643 ἀν-

109 665 183 700 ίερος
195 672 202 679 ·
231 663 279 690 καὶ
295 663 361 694 τοὺς
378 662 470 694 καλῶς
485 662 567 690 αὐτὸν
582 662 842 698 ἀποστρεφομένους
858 661 903 694 εξ-

105 711 212 746 ορίςειν
234 709 443 744 κατεπειγεται.
470 709 573 745 Κύριος
589 709 620 736 δὲ
639 708 737 745 βοηθὸς
760 709 815 736 τῶν
833 708 905 744 ὑπὲρ

106 756 160 791 τῆς
185 755 297 791 ἐντολῆς
319 755 404 782 αὑτοῦ
431 755 635 791 ἐνισταμένων,
662 755 692 787 ὃς
717 754 905 791 παρακαλέσει

105 801 160 832 τὰς
175 800 291 836 καρδίας
305 799 361 827 τῶν
376 799 499 827 εὐσεϐῶν
513 799 592 835 ἡμῶν
608 800 742 835 βασιλέων
753 819 761 831 ,
792 799 905 834 ποιῆσαι

106 848 160 883 τὴν
180 847 321 881 ἐκδίκησιν
343 846 395 882 τῆς
414 845 580 882 Ἑκκλησίας
596 845 690 879 αὐτοῦ,
711 846 838 881 καθάπερ
855 846 903 872 ἐπὶ
921 836 942 864 Β

106 892 157 920 τοῦ
180 892 295 928 μοιχοῦ,
327 893 372 919 ῐνα
393 892 441 919 καὶ
461 892 557 919 τοῦτον
581 892 715 928 εὐδοκήσῃ
735 892 902 928 ὲκὸληθῆναι

106 939 160 975 τῆς
183 939 360 975 ιερουργίας·
389 938 436 965 ἐπί
453 947 484 965 τε
507 938 662 974 λυσιτελείᾳ
683 938 731 965 τοῦ
746 939 902 973 ἀγιωτάτου

107 984 285 1020 πατριάρχου
295 1005 302 1016 ,
324 984 372 1012 καὶ
388 985 481 1020 πάσης
496 984 546 1020 τῆς
559 983 710 1020 καθολικῆς
726 984 901 1020 Ἐκκλησιας.

145 1031 193 1058 Διδ
207 1031 345 1067 θαρσεῖτε,
361 1031 447 1058 τέκνα
462 1031 509 1057 καὶ⁵
521 1030 647 1065 ἀδελφοί·
669 1030 718 1057 καὶ
732 1030 770 1066 μὴ
782 1030 901 1063 δείσητε,

109 1077 182 1114 μηδὲ
196 1077 387 1113 καταπισητε.
406 1077 511 1112 Καιρδς
525 1076 683 1112 ὁμολογίας,
699 1076 795 1113 καιρὸς
808 1077 904 1104 ἐνστά-

109 1132 193 1157 σεως,
213 1123 311 1159 καιρὸς
326 1123 469 1158 ἀθλήσεως
480 1143 487 1155 ,
507 1122 590 1158 τυχὸν
606 1123 654 1150 γαὶ
669 1123 759 1150 ἄλλων
771 1122 904 1157 παθημά-

107 1177 183 1196 των·
201 1168 272 1195 ἀλλὰ
284 1170 331 1195 καὶ
345 1168 486 1203 στεφάνων
501 1168 548 1195 καὶ
562 1167 641 1203 δόξης
656 1167 828 1202 ἐπουρανίου.
849 1167 904 1201 Φη-

110 1217 140 1242 σὶ
155 1217 225 1251 γάρ·
251 1215 327 1242 Ἀλλ’
341 1215 360 1249 ἢ
377 1214 446 1247 τοὺς
461 1212 646 1246 δοξάζον-τάς
655 1222 694 1248 με
709 1213 839 1245 δοξάσω,
855 1212 904 1240 καὶ

110 1265 128 1290 ὁ
150 1261 322 1295 ὲξουθενῶν
335 1269 375 1296 με
391 1260 641 1295 ἀτιμασθήσεται.
666 1260 737 1291 Καὶ.
758 1258 906 1293 Μακάριοι

111 1309 141 1336 οι
155 1308 198 1343 μὴ
212 1308 408 1340 ἐκκλίνοντες
425 1306 485 1334 ἀπὸ
503 1305 564 1333 τῶν
577 1305 711 1333 ἐντολῶν
724 1305 828 1332 αὐτοῦ.
848 1305 904 1338 Διὸ,

110 1354 236 1388 Χαίρετε
253 1353 302 1380 καὶ
317 1352 521 1388 ἀγαλλιᾶσθε,
544 1352 589 1380 ὅτι
606 1354 622 1380 ὀ
634 1351 744 1387 μισθὸς
758 1351 830 1386 ὑμῖν
849 1352 907 1383 τοῖς

112 1399 282 1435 ὑπομένουσι
304 1398 402 1431 πολὺς
420 1398 456 1425 ἐν
472 1398 535 1431 τοῖς
568 1398 724 1432 οὐρανοῖς·
745 1397 800 1424 τῶν
817 1396 906 1433 ἔργων

110 1445 193 1480 ὑμῶν
215 1443 323 1479 ἔχεσθε.
355 1444 416 1470 Τῶν
440 1443 574 1478 βασιλέων
597 1443 678 1479 ἡμῶν
706 1442 905 1478 ὑπερεύχεσθε.

110 1492 162 1519 τοῦ
170 1490 389 1528 ἀρχιερέως.τοῦ
401 1489 569 1526 ἐκϐληθῆναι
577 1490 622 1516 τὸν
636 1490 737 1525 Ἰωσὴφ
749 1489 781 1515 ὲκ
795 1489 843 1515 τοῦ
859 1488 907 1515 θυ-

112 1537 296 1572 σιαστηρίου,
320 1536 371 1571 τῆς
394 1536 509 1571 εἰρήνης
530 1536 580 1571 τῆς
595 1535 775 1570 Ἐκκλησίας·
795 1534 911 1570 πορευό-

114 1593 193 1618 μενοι
210 1585 239 1610 ὲν
251 1583 304 1618 ὀδῷ
316 1582 426 1618 ἀμώμῳ
436 1601 443 1614 ,
469 1582 499 1609 ιν
520 1583 582 1613 ταῖς
598 1581 719 1613 ἐντολαῖς
731 1581 812 1608 αὑτοῦ
832 1580 911 1616 θελή-

113 1638 215 1662 σαντες
239 1630 360 1665 σφόόρα·
392 1630 422 1656 ὲν
448 1628 525 1664 πάσῃ
549 1628 620 1664 καλῇ
645 1627 833 1661 καταστάσει,
863 1627 912 1654 καὶ

111 1678 249 1712 κανονικῇ
273 1675 433 1703 διοιϐιώσει⁸
462 1675 516 1707 ἓως
545 1675 579 1702 ἂν
602 1674 741 1710 ἀκούσητὲ
766 1683 793 1701 τι
817 1673 910 1708 πλέον,

112 1724 133 1758 ἢ
156 1723 204 1750 καὶ
227 1723 309 1758 ἡμεῖς
331 1721 520 1758 σημανοῦμεν.
544 1720 574 1748 ¹0
591 1721 708 1758 Χριστὸς
737 1719 799 1756 μεθ’
815 1719 910 1755 ὑμῶν’

112 1771 133 1806 ἡ
146 1770 281 1800 Θεοτόκος
297 1768 440 1795 σκέπουσα
453 1768 541 1804 ὑμᾶς’
558 1768 572 1794 ὀ
587 1767 745 1803 Πρόδρομος
759 1769 808 1793 καὶ
822 1767 836 1793 ὁ
848 1766 914 1793 Θεο-

112 1816 197 1850 λόγος
222 1815 405 1850 φρουροῦντες
420 1815 509 1850 ὑμᾶς·
528 1814 553 1841 οῑ
580 1813 654 1848 ἅγιοι
672 1813 775 1844 πάντες
794 1814 828 1849 τῇ
845 1813 912 1848 εὐχῇ

113 1862 164 1889 τοῦ
188 1862 296 1898 Πατρός
318 1869 370 1897 μου
395 1861 442 1888 καὶ
461 1860 569 1896 Πατρδς
585 1859 673 1896 ὑμῶν.
700 1859 811 1891 Πάντας
828 1867 914 1894 προσ-

114 1907 246 1944 αγορεύω
271 1907 332 1934 κατ’
353 1906 456 1942 ὄνομα·
487 1907 504 1942 ή
530 1905 611 1942 χάρις
633 1904 682 1932 τοῦ
705 1904 811 1940 Κυρίου
834 1903 914 1940 ἡμῶν

122 1953 214 1990 Ἰησοῦ
227 1952 347 1989 Χριστοῦ
362 1952 434 1980 ἔστω
447 1953 517 1980 μετὰ
528 1952 638 1980 πάντων
650 1951 665 1978 ὑ
670 1951 739 1987 μῶν,
750 1950 835 1978 τέκνα
845 1951 914 1987 ὴγα-

115 2006 156 2033 πη
161 1997 243 2032 μένα.
262 1997 291 2023 ’Δ
296 1998 361 2033 μήν.

279 2064 521 2097 [SBa—Numida:
533 2065 756 2100 Χαρτουλαρίφ.

951 205 1000 238 cit,
1016 204 1194 232 etChristum
1209 204 1236 231 in
1248 203 1403 232 contrarias
1418 203 1571 231 sententias
1588 202 1750 238 pertrahere

951 249 1090 278 certatur?
1104 249 1222 278 Prorsus
1235 249 1308 277 enim
1327 256 1499 284 quaecunque
1513 249 1638 277 enuntiat
1657 248 1752 277 sacer-

952 294 1015 330 dos,
1033 295 1130 323 eadem
1162 294 1235 323 Deus
1256 295 1421 322 conﬁrmare
1439 302 1472 322 ac
1496 299 1556 322 rata
1584 294 1688 322 habere
1719 301 1750 322 se

951 341 1194 376 proﬁtetur,julta
1214 348 1345 377 magnum
1363 340 1536 375 Dionysium.
1557 340 1685 368 Attamen
1703 340 1751 376 qui

953 386 1092 422 ﬂagitium
1111 386 1163 414 hoc
1181 387 1331 419 commisit,
1347 386 1450 422 quique
1463 385 1647 421 improbitatis
1658 394 1752 413 exem-

952 433 1028 468 plum
1047 433 1165 460 subditis
1180 432 1213 460 ad
1236 432 1418 460 imitationem
1434 432 1562 468 praebuit,
1585 436 1615 459 ut
1634 439 1678 460 res
1693 432 1751 467 ipsa

952 479 1056 512 docet;
1079 480 1147 515 quin
1173 479 1258 508 etiam
1278 479 1372 514 procul
1403 479 1502 514 positis
1526 478 1697 514 principibus
1725 484 1753 507 et

953 526 1092 554 ducibus:
1109 527 1181 554 sicut
1195 526 1252 561 jam
1276 525 1410 554 imitando
1422 525 1526 553 factum
1542 529 1584 553 est
1599 525 1625 552 in
1642 525 1752 561 Longo-

954 571 1051 599 bardia
1066 575 1094 600 et
1117 571 1227 599 Gotthia
1242 571 1358 607 ejusque
1374 570 1530 598 conﬁnibus
1544 571 1567 587 “
1583 579 1591 598 :
1606 578 1661 598 non
1678 571 1751 598 enim

954 617 1025 652 apud
1043 617 1157 652 gentiles
1182 617 1237 644 talc
1262 617 1326 652 quid
1351 621 1545 652 perpetratur:
1580 624 1667 651 neque
1688 624 1753 644 eru-

955 663 1042 691 bescit
1055 663 1150 696 miser,
1164 663 1212 691 sed
1226 663 1371 696 sacriﬁcat,
1386 663 1458 691 sicut
1483 663 1588 690 dictum
1608 668 1661 695 est.
1687 670 1751 698 pro-

956 708 1054 737 fanus:
1071 713 1098 736 et
1111 716 1159 737 eos
1189 709 1237 744 qui
1260 708 1349 744 ipsum
1373 709 1473 736 merito
1490 713 1662 740 aversantur,
1681 708 1751 735 rele-

956 763 1021 792 gare
1031 759 1157 783 conatur.
1174 754 1306 782 Dominus
1337 759 1428 782 autem
1453 754 1564 789 adjutor
1587 762 1681 782 eorum
1704 753 1751 789 qui

956 810 1007 838 pro
1036 802 1096 838 ejus
1113 801 1242 829 mandato
1266 801 1431 829 decertant:
1459 800 1506 836 qui
1526 800 1645 828 inﬂectat
1669 801 1752 828 corda

957 850 1065 885 piorum
1077 849 1286 884 imperatorum,
1302 848 1460 876 utvindices
1468 855 1498 876 se
1509 847 1752 885 prmbeautEccle-

956 896 1003 924 sire
1017 903 1083 928 suae,
1101 894 1332 931 quemadmodum
1348 895 1376 922 in
1390 895 1514 922 adultero
1530 903 1537 921 :
1553 886 1670 929 ejicﬁue
1682 894 1754 922 hunc

955 942 1063 978 placeat
1079 948 1161 969 sacro
1176 940 1343 974 ministerio,
1363 945 1444 976 prout
1459 940 1569 975 cupedit
1582 940 1755 968 sanctissimo

956 987 1117 1023 patriarchae
1131 990 1235 1022 totique
1248 987 1377 1015 Ecclesiae
1392 987 1545 1014 catholicae.

993 1034 1174 1068 Quamobrem
1187 1033 1325 1066 conﬁdite,
1339 1033 1385 1060 ﬁlii
1401 1040 1433 1061 ac
1441 1032 1539 1060 fratres
1550 1041 1558 1060 :
1568 1036 1595 1060 et
1609 1040 1642 1060 ne
1653 1036 1755 1060 terrea-

957 1080 1036 1113 mini,
1052 1087 1102 1108 nec
1130 1079 1316 1107 succumbite.
1333 1079 1453 1114 Tempus
1478 1078 1669 1111 cenfcssionis,
1686 1082 1754 1105 tem-

958 1133 1009 1161 pus
1031 1125 1203 1157 resistentiae,
1234 1128 1342 1159 tempus
1367 1124 1560 1156 certaminum,
1584 1123 1757 1158 aliorumque

959 1171 1077 1198 fortasse
1097 1169 1287 1203 aﬂlictionum,
1304 1170 1352 1198 sed
1378 1174 1405 1197 et
1422 1177 1598 1202 coronarum,
1620 1173 1648 1197 et
1664 1169 1756 1204 glorias

958 1218 1089 1245 caelestis.
1107 1217 1152 1244 Ait
1167 1217 1238 1244 enim
1251 1225 1257 1244 :
1271 1215 1323 1244 Sed
1339 1216 1522 1251 gloriﬁcantes
1533 1224 1574 1243 me
1587 1215 1754 1252 gloriﬁraba,

959 1270 983 1291 et
994 1264 1040 1299 qui
1051 1263 1192 1290 contemnit
1208 1271 1248 1290 me
1271 1263 1322 1290 erit
1352 1262 1475 1298 ignobilis
1486 1262 1522 1289 ".
1541 1261 1574 1288 Et
1589 1270 1595 1288 :
1613 1261 1691 1288 Beati
1710 1261 1756 1297 qui

960 1318 1010 1337 non
1028 1309 1162 1336 declinant
1188 1317 1205 1335 a
1229 1308 1365 1335 mandatis
1390 1307 1446 1342 ejus
1461 1307 1495 1335 ”.
1513 1307 1575 1335 ideo
1600 1306 1718 1334 Gaudete
1731 1311 1755 1333 et

960 1356 1100 1387 exsultate,
1118 1355 1245 1390 quoniam
1266 1362 1364 1381 merces
1377 1354 1461 1387 vobis,
1479 1361 1541 1381 cum
1552 1353 1754 1387 susﬁnueritis,

960 1400 1046 1427 multa
1060 1404 1098 1426 est
1116 1400 1142 1426 in
1157 1399 1230 1427 caelis
1242 1398 1278 1426 ".
1289 1398 1424 1434 Operibus
1438 1399 1537 1426 vestris
1549 1398 1645 1425 intenti
1658 1402 1755 1426 estote.

961 1447 1237 1482 Proimperaloribus
1259 1447 1361 1474 nostris
1386 1451 1462 1473 orate
1485 1454 1492 1473 :
1511 1453 1561 1480 pro
1577 1445 1732 1481 patriarcha
1746 1464 1754 1478 ,

962 1498 992 1520 ut
1005 1493 1130 1526 ejiciatur
1145 1492 1245 1528 Joseph
1263 1492 1298 1519 ab
1322 1492 1404 1519 altari
1419 1500 1426 1525 ;
1448 1499 1497 1526 pro
1523 1499 1589 1526 pace
1604 1491 1734 1520 Ecclesia!
1749 1502 1755 1520 :

961 1539 1134 1567 ambulantes
1154 1539 1182 1565 in
1197 1538 1240 1566 via
1264 1538 1442 1566 immaculata
1456 1538 1491 1571 ",
1505 1538 1531 1565 in
1548 1538 1687 1566 mandatis
1697 1537 1756 1574 ejus

960 1586 1082 1613 volentes
1105 1584 1189 1612 nimis
1199 1585 1222 1600 "
1241 1593 1248 1612 :
1265 1584 1292 1612 in
1315 1584 1390 1611 omni
1417 1584 1529 1611 honesta
1561 1584 1757 1611 constitutione

960 1636 988 1660 et
1006 1631 1137 1659 canonica
1153 1630 1364 1658 conversatione
1381 1639 1387 1657 :
1406 1630 1496 1665 quoad
1522 1630 1623 1664 aliquid
1639 1629 1756 1664 amplius

961 1676 1090 1708 audiatis,
1104 1680 1151 1703 aut
1166 1683 1180 1703 a
1195 1676 1273 1703 nobis
1300 1675 1481 1710 signiﬁcetur.
1496 1675 1625 1703 Christus
1648 1675 1685 1703 sit
1708 1682 1757 1702 vos

961 1721 1088 1755 hiscum;
1120 1721 1235 1757 Deipan
1259 1725 1408 1758 protegens
1440 1729 1511 1755 vos;
1548 1720 1707 1749 Prtecursor
1730 1726 1756 1748 et

958 1767 1114 1804 Theologus
1133 1768 1319 1796 custodientes
1338 1775 1386 1795 vos
1401 1776 1409 1800 ;
1423 1767 1510 1795 sancti
1532 1775 1646 1798 omnes.
1666 1767 1756 1802 preci-

957 1814 1010 1842 bus
1029 1814 1120 1842 Patris
1144 1814 1209 1848 mei,
1226 1822 1258 1841 ac
1272 1814 1362 1842 Patris
1377 1815 1473 1842 vestri.
1489 1815 1590 1842 Omnes
1604 1815 1693 1842 saluto
1707 1821 1755 1840 no-

958 1861 1093 1888 minatim.
1127 1860 1220 1888 Gratia
1245 1860 1353 1887 Domini
1379 1860 1466 1888 nostri
1500 1859 1567 1888 Iesu
1597 1859 1700 1889 Christi
1721 1859 1756 1888 sit

957 1914 1020 1935 cum
1032 1906 1161 1934 omnibus
1171 1905 1260 1938 vobis,
1282 1906 1330 1934 ﬁlii
1351 1906 1453 1934 dilecti.
1480 1906 1578 1935 Amen.

1118 2061 1225 2092 XXXII.
1240 2077 1276 2084 —
1291 2063 1404 2092 Nicolao
1418 2063 1601 2094 Chartulorio.

243 2121 404 2153 Quantopere
413 2128 498 2153 pacem
510 2125 582 2154 optet
592 2121 728 2148 Ecclesia:
742 2125 768 2148 et
783 2128 856 2154 quam
866 2121 933 2147 bene
943 2121 970 2146 in
981 2119 1146 2153 patriarcham
1156 2120 1191 2146 sit
1205 2121 1319 2147 aﬁ‘ectus.
1334 2122 1435 2154 (Barca.
1449 2129 1489 2148 an.
1502 2123 1558 2154 809,
1570 2130 1595 2148 ιι.
1608 2123 1645 2154 2.)

159 2175 351 2212 ’Υπελάὸομεν
379 2176 440 2209 πῶς
462 2177 592 2212 ἀπεχθῶς
615 2177 690 2213 ἔχειν
713 2177 763 2214 τὴν
788 2176 912 2213 μεγάλην
928 2180 951 2208 1)

117 2231 166 2249 σου
182 2221 336 2255 εὐσέϐειαν,
354 2222 515 2257 πανπόθητε
529 2222 609 2258 ἡμῶν
624 2222 754 2255 δέσποτα,
774 2222 844 2259 πρὸς
861 2223 912 2257 τὴν

114 2268 285 2296 ταπείνωσιν
308 2267 388 2303 ἡμῶν
399 2287 406 2299 ,
437 2268 482 2295 διά
497 2276 560 2296 τινα
577 2269 829 2306 παριμπίπτουσαν
845 2268 913 2295 ὑπό-

116 2315 204 2342 θεσιν.
226 2313 298 2341 Ἀλλ’
312 2313 397 2345 ὅντως
412 2314 515 2347 ἔδειξας
532 2315 562 2342 ὲν
575 2314 614 2350 τῷ
627 2315 743 2351 παρόντι
757 2313 847 2351 καιρῷ
861 2323 913 2341 κα-

117 2360 208 2396 θαράν
233 2368 281 2386 σου
308 2359 358 2396 τὴν
380 2361 476 2396 τιμίαν
498 2360 588 2396 ψυχὴν
615 2361 707 2396 πάσης
728 2360 911 2397 δυσμενείας·

116 2408 149 2434 οὐ
167 2406 223 2442 μὴν
238 2405 309 2433 ἀλλὰ
328 2406 378 2433 καὶ
395 2406 486 2442 πάσης
501 2406 657 2439 Θεοσεὸείας
671 2407 893 2443 πεπληρωμένην
903 2415 912 2424 ο

117 2453 148 2479 ἐν
171 2452 213 2487 τῷ
231 2451 334 2487 γοργὸν
350 2452 398 2479 καὶ
412 2452 514 2488 θερμόν
531 2461 561 2479 σε
574 2452 702 2487 γενέσθαι
720 2453 760 2486 εις
774 2453 815 2487 τδ,
832 2452 913 2489 χάριν

116 2498 234 2533 εἰρήνης
246 2497 297 2532 τῆς
311 2497 478 2534 Ἐκκλησίας
488 2498 535 2526 τοῦ
547 2498 627 2532 Θεοῦ,
641 2498 723 2531 εὐθὺς
734 2499 788 2526 ἀπὸ
800 2498 914 2535 πρώτης

115 2543 199 2577 ἡμῶν
222 2542 426 2578 παρακλήσεως
448 2544 596 2579 κινηθῆναι
618 2544 687 2580 πρὸς
703 2545 853 2576 συνάφειαν
866 2544 913 2572 τοῦ

117 2588 276 2623 ἁγιωτάτου
293 2589 373 2624 ήμῶν
385 2590 571 2626 πατριάρχου.
590 2590 677 2617 Τοῦτο
690 2590 836 2626 γνώρισμα
849 2590 915 2617 εῑλι-

117 2634 232 2669 κρινοῦς
252 2635 345 2669 φιλίας
355 2644 362 2650 ·
388 2636 470 2663 τοῦτο
487 2636 588 2672 ἰδίωμα
602 2636 749 2673 ἀνθρώπου
765 2636 896 2672 θεοφόσου
907 2645 915 2654 ·

115 2679 200 2707 τοῦτο
215 2680 356 2714 ἀπόδειξις
371 2681 505 2718 ἐναργοῦς
519 2682 603 2717 ζήλου
616 2682 758 2718 ἀληθείας.
776 2683 832 2709 Καὶ
847 2682 913 2717 γοῦν

117 2725 273 2753 ἀποδώσειέ
294 2735 337 2754 σοι
360 2727 482 2763 Κύριος·
511 2729 536 2755 ιι
560 2728 607 2756 καὶ
630 2728 715 2765 μηδέν
734 2737 760 2756 τι
782 2728 911 2765 γένηται,

117 2792 282 2844 “:Eppra
294 2793 325 2844 in
348 2794 575 2844 '{ltegdl‘olrijlitaa
589 2804 650 2834 pag.
674 2796 715 2831 l6,
731 2805 758 2825 u.
775 2796 818 2825 l9.

161 2826 275 2863 PsalIc,
294 2829 322 2858 6.
359 2830 382 2847 "
402 2830 476 2860 Psal.
492 2839 548 2866 cxt,
562 2826 591 2860 vl.‘

877 2796 921 2825 "l
940 2796 1008 2834 Reg.
1022 2805 1052 2832 ιι,
1081 2798 1126 2827 50.
1166 2798 1189 2816 ’³
1218 2797 1292 2827 Psal.
1320 2806 1415 2833 cxvm,
1439 2798 1484 2826 2t.

1004 2175 1172 2212 Suspicabar
1180 2176 1384 2212 quodammodo
1393 2184 1520 2212 magnam
1531 2177 1657 2212 pietatem
1669 2182 1754 2212 tuam,

964 2221 1077 2250 domine
1092 2222 1131 2249 mi
1143 2221 1385 2255 desideratissime,
1402 2222 1531 2250 alieniore
1543 2222 1635 2250 animo
1648 2230 1708 2251 esse
1722 2223 1756 2251 ab

965 2267 1119 2296 humilitate
1134 2273 1228 2297 nostra
1254 2268 1290 2296 ob
1304 2275 1394 2296 causa:
1420 2268 1536 2303 alicujus
1563 2268 1755 2297 interventum.

966 2314 1021 2343 Sed
1035 2322 1130 2343 revera
1154 2315 1208 2343 hoc
1224 2319 1347 2350 tempore
1376 2315 1532 2348 ostendisti,
1549 2322 1663 2342 vacuam
1681 2315 1756 2343 omni

965 2361 1030 2390 odio
1043 2368 1104 2390 esse
1118 2362 1303 2389 venerandam
1325 2361 1445 2389 animam
1476 2365 1563 2394 tuam,
1592 2361 1758 2397 plenamque

965 2408 1034 2435 adeo
1052 2407 1127 2435 omni
1137 2407 1236 2442 pietate
1252 2416 1259 2435 :
1277 2407 1388 2443 quando
1403 2412 1428 2435 te
1448 2412 1604 2444 promptum
1630 2415 1663 2436 ac
1678 2415 1758 2443 para-

961 2456 1020 2480 tum
1035 2452 1164 2486 docuisti,
1180 2457 1212 2480 ut
1232 2452 1309 2488 pacis
1330 2452 1460 2481 Ecclesia
1478 2453 1524 2480 Dei
1548 2453 1650 2486 studio,
1662 2454 1756 2481 statim

963 2505 995 2526 ac
1006 2498 1124 2533 primum
1139 2498 1240 2526 hortati
1256 2505 1364 2531 sumus,
1376 2499 1528 2534 applieares
1547 2502 1574 2526 te
1590 2500 1623 2526 ad
1640 2499 1759 2534 conjun-

963 2544 1084 2572 ctionem
1099 2544 1268 2572 sanctissimi
1291 2544 1454 2579 patriarchae
1480 2544 1580 2573 nostri.
1604 2545 1661 2573 Hoc
1687 2545 1759 2573 indi.

964 2590 1037 2618 cium
1070 2590 1186 2618 sincerae
1214 2590 1353 2624 amicitiae,
1383 2591 1436 2618 hoc
1465 2591 1609 2626 proprium
1636 2591 1757 2621 hominis

967 2634 1052 2663 Deum
1064 2636 1187 2664 timentis
1199 2644 1207 2663 :
1221 2636 1279 2664 haec
1292 2641 1386 2671 aperta
1403 2636 1602 2665 demonstratio
1618 2637 1670 2665 zeli
1685 2640 1758 2666 veri-

967 2681 1041 2710 tatis.
1057 2682 1150 2718 Itaque
1165 2682 1298 2710 retribuet
1311 2682 1360 2710 tibi
1392 2681 1536 2717 Dominus,
1552 2683 1661 2710 tametsi
1689 2683 1759 2711 nihil

967 2726 1024 2761 ﬁat,
1051 2727 1185 2764 integram
1211 2728 1327 2764 iustitiae
1354 2728 1520 2757 mercedem.
1546 2728 1606 2757 Non
1634 2728 1707 2757 enim
1723 2737 1757 2757 cx

1538 2798 1562 2816 ν’
1577 2797 1673 2833 Matth,
1688 2807 1716 2828 ν.
1730 2799 1753 2828 1.
