1926 3078
193 118 264 154 1015

773 123 805 156 S.
825 123 1024 155 THEODOBI
1041 124 1216 155 STUDlTE

1750 125 1818 158 1016

186 186 283 214 aenum
301 177 386 211 exitu,
396 178 446 211 sed
459 179 498 212 ab
515 186 613 211 earum
630 179 792 212 intentione.
811 188 859 208 seu
883 181 975 208 lauda-

1033 181 1181 216 ὀλόκληρον
1202 179 1378 216 δικαιοσύνης
1405 180 1513 216 μισθόν.
1541 180 1610 208 Οὐδὲ
1626 179 1683 216 γὰρ
1701 181 1757 207 ἀπὸ
1772 182 1819 208 τοῦ

188 223 249 258 bili,
264 231 313 259 seu
325 232 416 258 secus,
430 225 499 257 solet
508 225 581 254 Deus
594 226 705 261 praemia
715 225 861 254 decernere
873 226 977 255 faciem-

188 271 272 305 tibus.
287 270 419 299 Lucratus
432 279 498 311 ergo
509 279 540 299 es
554 273 683 307 temporis
694 277 794 307 puncto
808 280 863 301 non
877 281 976 300 aurum

189 321 218 344 et
231 320 385 351 argentum,
397 316 444 348 sed
468 316 548 351 juges
567 317 711 345 thesauros
722 317 841 346 cmlestis
856 318 977 351 retribu-

188 361 282 389 tionis.
302 360 420 394 Oramus
442 366 545 395 autem,
574 367 601 390 et
630 363 774 393 hortamur
801 364 931 399 amplius,
947 370 978 395 ut

187 414 287 442 pergas
303 407 330 434 in
352 408 488 443 incoepta;
502 412 533 439 ut
551 412 581 438 tu
601 408 710 442 quidem
726 409 885 437 thesaurum
905 417 976 444 pra:-

189 452 302 486 divitem
317 455 456 488 acquiras,
480 461 534 482 nos
549 461 614 481 vero
632 453 752 485 humiles
768 460 918 490 conspectu
931 463 979 490 pa-

188 499 315 527 triarcha:
328 499 464 532 fruamur,
481 503 529 528 aut
562 499 651 534 potius
677 503 706 527 ut
733 499 853 528 Ecclesia
869 500 916 532 Dei
932 505 977 529 tua

187 552 271 585 opera
287 552 379 580 pacem
397 545 502 580 adepta,
516 545 618 572 multas
642 545 693 572 tibi
720 545 831 575 laudium
860 553 977 576 coronas

187 594 293 618 nectat:
306 598 356 618 nec
368 591 491 625 pluribus
498 591 587 618 verbis
597 594 639 618 est
650 598 730 625 opus.
738 591 873 624 Quoniam
884 597 977 621 autem

185 635 291 671 iussisti
304 636 457 671 signiﬁcare
466 644 526 668 nos,
540 636 605 671 quid
612 636 861 666 seutiatltumilitas
872 642 975 666 nostra:

186 680 244 716 jam
255 681 314 708 sine
339 680 414 712 luco.
429 680 596 708 excellentiae
613 685 666 708 tua:
679 689 771 708 coram
788 681 915 714 Domino,
929 683 976 718 qui

188 725 297 753 occulta
310 726 398 758 novit,
424 725 622 760 signiﬁcamus.
649 725 729 753 Nulla
759 727 838 758 nobis
859 733 976 759 estcutn

187 770 344 809 patriarcha
362 771 395 798 de
419 771 614 798 communione
638 771 782 804 dubitatio,
797 777 976 807 przrterquam

188 817 326 845 meonomi
344 824 438 850 causa,
457 825 488 844 eo
510 818 583 853 quod
597 818 738 853 depositus
752 819 788 845 sit
807 826 854 854 per
870 819 978 848 divinos

1029 227 1123 260 τέλους
1148 226 1202 253 τῶν
1224 226 1415 261 πραγμάτων,
1443 225 1503 252 ἀλλ’
1519 225 1574 252 ἀπὸ
1594 225 1644 260 τῆς
1668 226 1734 261 περὶ
1752 227 1820 254 αὐτὰ

1030 271 1188 306 προθέσεως
1199 292 1207 304 ,
1235 271 1290 298 εἴτε
1307 271 1475 303 ἑπαινετῶς,
1495 271 1551 298 εῑτε
1563 271 1613 306 οὐχ
1625 271 1723 303 οὓτως,
1741 272 1820 300 attuli:

1029 319 1078 350 τὰς
1103 318 1223 353 ἀμοιϐὰς
1248 319 1279 345 τὸ
1300 319 1381 346 θεῖον
1406 319 1620 354 ἐπιψηφίζεσθαι
1644 320 1701 350 τοῖς
1724 319 1819 354 δρῶσι.

1027 364 1209 400 Κεκέρδηκας
1221 364 1368 399 τοιγαροῦν
1383 364 1412 390 ὲν
1425 364 1475 399 μιᾷ
1488 363 1586 399 καιροῦ
1600 364 1686 399 ῥοπῇ,
1706 364 1737 389 οὺ
1755 372 1821 398 χρυ-

1031 410 1088 437 σίον
1101 419 1132 437 τε
1145 411 1193 443 καὶ
1205 410 1349 446 ἀργύριον,
1370 410 1438 437 ἀλλὰ
1454 410 1608 445 Θησαυροὺς
1623 409 1820 441 ἀνεκλείπτους

1027 456 1159 491 ,οὐρανίας
1176 456 1393 488 ἁνταποδόσεως.
1415 456 1476 482 Ἔτι
1492 456 1522 485 δὲ
1538 455 1752 492 παρακαλοῦμεν
1770 456 1818 482 καὶ

1029 501 1208 537 δυσωποῢμέν
1223 510 1253 532 σε
1268 501 1431 537 ἐπειχθῆναι
1448 502 1478 528 ὲν
1493 502 1528 537 τῇ
1544 501 1657 537 τοιαύτῃ
1672 501 1801 529 ὑποθέσει
1811 509 1818 515 ·

1031 547 1075 574 ῐνα
1099 547 1182 579 αὐτὸς
1203 547 1254 582 μὶν
1278 547 1414 583 κερδήσῃς
1431 546 1561 574 πλούσιον
1577 547 1608 574 τὸ
1622 546 1802 583 θησαύρισμα

1030 593 1111 628 ἡμεῖς
1124 592 1153 620 δὲ
1167 593 1192 619 οἱ
1205 593 1325 624 εὐτελεῖς
1339 592 1467 628 τύχωμεν
1480 592 1528 620 τοῦ
1544 593 1614 628 πρὸς
1626 593 1672 620 τὸν
1687 593 1820 629 ἀρχιερέα

1032 638 1195 666 συνοπτικοῦ
1207 646 1214 653 ·
1246 638 1347 673 μᾶλλον
1368 638 1398 665 δὲ
1424 638 1468 665 ἵνα
1488 639 1504 673 ή
1525 638 1674 674 Ἐκκλησία
1690 639 1737 665 τοῦ
1751 637 1819 665 Θεοῦ

1028 685 1064 719 τῇ
1083 685 1115 719 σῆ
1135 683 1260 719 μεσιτείᾳ
1275 683 1472 719 βραϐευθεῖσα,
1491 683 1607 714 πολλοὺς
1622 692 1669 710 σου
1684 684 1748 714 τοὺς
1764 683 1820 710 τῶν

1030 728 1178 763 ἐγκωμίων
1197 729 1346 763 στεφάνους
1365 728 1555 762 καταπλέξειε.
1577 729 1633 755 Καὶ
1649 729 1680 755 οὐ
1695 728 1777 755 πλέον
1792 738 1819 756 τι

1031 773 1085 809 χρὴ
1107 773 1210 807 λέγειν.
1239 773 1348 808 Ἐπειδὴ
1363 773 1392 801 δὲ
1407 773 1556 805 ἐκέλευσας
1570 774 1741 808 ὲπισημᾶναι
1753 774 1819 800 ὁπό-

1032 829 1077 852 σος
1101 820 1177 847 ἐστὶν
1203 819 1218 846 ὁ
1240 819 1317 854 λόγος
1341 820 1391 854 τῆς
1425 819 1618 850 ταπεινώσεως
1650 819 1741 854 ήμῶν,
1767 819 1818 855 ήδη

187 870 319 893 canones.
337 862 370 890 Et
384 863 494 897 quando
517 863 704 899 prohibebitur
716 871 729 890 a
745 871 824 891 sacro
853 865 975 893 ministe-

1027 866 1154 900 ,ἀψευδῶς
1179 865 1350 901 γνωρίζομεν
1373 866 1407 900 τῇ
1432 864 1550 900 μεγίστῃ
1574 865 1712 900 ὑπεροχῇ,
1737 865 1776 896 ὡς
1790 866 1820 891 ἐν

187 908 242 940 rio,
255 909 326 936 sicut
340 913 419 936 antea
438 908 483 936 Dei
500 909 680 944 benepiacito,
693 913 720 936 et
743 910 912 941 sanctissimi
926 918 976 946 pa-

188 955 324 989 triarchae,
337 955 500 991 piorumque
526 955 703 984 dominorum
735 961 914 989 nostrorum;
936 957 976 984 ni-

187 1001 289 1029 mirum
304 1002 369 1036 quia
396 1009 557 1030 (nconomus
588 1006 639 1034 est,
668 1007 695 1030 et
721 1003 854 1030 honorem
880 1003 975 1038 gerit;

187 1052 246 1077 tum
261 1048 386 1083 protinus
401 1048 484 1077 simul
498 1048 718 1077 saerilicabimus
740 1054 767 1077 et
789 1049 977 1079 communica-

187 1094 289 1132 bimus,
316 1098 343 1122 et
362 1102 472 1123 manum
490 1095 674 1130 porrigemus,
702 1095 771 1122 nihil
802 1095 974 1129 inquirentes

186 1141 220 1168 de
235 1140 353 1169 triennio
383 1140 445 1174 hoc,
463 1148 519 1176 quo
545 1149 606 1168 cum
632 1148 665 1168 eo
680 1141 767 1168 sacris
781 1144 909 1175 operatus
922 1144 974 1173 cst,

185 1186 263 1222 pacis
274 1187 366 1213 studio
379 1195 385 1213 :
404 1193 493 1220 neque
507 1186 532 1213 id
550 1191 624 1218 metu
641 1186 743 1222 aliquo,
757 1186 803 1214 sed
818 1187 974 1214 communis

186 1231 312 1259 utilitatis
327 1237 354 1259 et
369 1231 467 1260 salutis
478 1231 576 1266 gratia.

186 1277 234 1305 καὶ
262 1277 543 1313 συλλειτουργοῠμεν,
573 1277 621 1303 καὶ
646 1277 899 1313 συγκοινωνοῦμεν,
925 1277 973 1304 καὶ
992 1277 1243 1312 χειροτονούμεοα,
1278 1277 1361 1312 μηδὲν
1407 1276 1624 1312 ἐπιζητοῦντες,
1654 1277 1721 1311 περὶ

1027 911 1167 946 προσώπῳ
1181 910 1284 946 Κυρίου
1300 909 1346 938 τοῦ
1359 909 1414 937 τῶν
1429 909 1536 945 ἀδήλων
1549 910 1672 945 γνώστου
1685 910 1820 937 οὐκέστιν

1026 957 1092 992 ἡμῖν
1110 956 1138 984 ἓν
1155 965 1207 986 τινι
1228 955 1259 985 τὸ
1276 954 1449 990 ἁμφιὸάλλον
1470 955 1521 991 τῆς
1539 956 1608 991 πρὸς
1624 956 1671 982 τὸν
1686 956 1819 991 ἀρχιερέα

1026 1002 1182 1034 κοινωνίας,
1201 1002 1217 1037 ἢ
1236 1001 1281 1030 διὰ
1295 1001 1341 1028 τὸν
1355 1001 1509 1036 οίκονόμον.
1527 1001 1598 1028 κατὰ
1612 1002 1643 1028 τὸ
1657 1001 1819 1037 καθῃρημέ-

1025 1056 1071 1080 νον
1088 1047 1170 1077 αὐτὸν
1187 1045 1258 1077 εἶναι
1275 1047 1328 1075 ὑπὸ
1342 1048 1397 1075 τῶν
1413 1046 1495 1075 θείων
1509 1048 1644 1075 κανόνων.
1665 1047 1722 1074 Καὶ
1737 1047 1819 1082 ἡνίκα

1029 1093 1169 1129 ὑποσταλῇ
1196 1093 1245 1128 τῆς
1268 1093 1441 1128 ἱερουργίας,
1470 1093 1542 1120 κατὰ
1565 1093 1595 1120 τὸ
1620 1093 1754 1129 πρότερον
1774 1093 1820 1119 εὐ-

1027 1139 1105 1175 δοκίᾳ
1122 1139 1205 1172 Θεοῦ,
1226 1139 1272 1165 τοῦ
1291 1147 1322 1165 τε
1347 1139 1502 1174 ἁγιωτάτου
1520 1139 1704 1174 πατριάρχου,
1719 1139 1776 1167 τῶν
1789 1147 1818 1166 τε

1028 1185 1148 1211 εὐσεϐῶν
1177 1185 1257 1220 ἡμῶν
1280 1185 1436 1212 δεσποτῶν·
1469 1185 1549 1220 δῆλον
1573 1185 1615 1212 ὅτι
1638 1185 1715 1216 ὄντος
1736 1185 1820 1212 αὐτοῦ

1028 1231 1183 1266 οίκονόμου,
1202 1232 1250 1258 καὶ
1266 1231 1316 1267 τὴν
1328 1231 1410 1267 τιμὴν
1425 1231 1546 1266 ἔχοντος⁸
1564 1230 1646 1263 εὐθὺς
1660 1232 1820 1266 παραυτίκα

1766 1285 1817 1311 της

185 1325 216 1351 ιν
238 1324 293 1355 τοῖς
307 1323 380 1360 τρισὶ
395 1323 501 1359 χρόνοις
515 1322 621 1355 τούτοις
639 1322 861 1359 συλλειτουργίας
891 1323 986 1355 αὐτοῦ,
1006 1323 1162 1358 οἰκονομίας
1192 1323 1287 1358 χάριν,
1304 1323 1334 1350 οὐ
1351 1322 1395 1350 διὰ
1423 1322 1521 1357 φόδον,
1540 1322 1609 1349 ἀλλὰ
1622 1322 1665 1349 διὰ
1679 1321 1710 1349 τὸ
1722 1331 1819 1350 κοινω-

186 1369 267 1404 φελὲς
283 1370 332 1397 καὶ
348 1370 493 1404 σωτήριον.

222 1415 389 1443 Silenteniin
402 1415 500 1450 linguae
515 1415 668 1446 mendaces,
680 1415 811 1442 adversus
825 1413 872 1441 Dei
883 1422 975 1449 pacem

185 1462 305 1491 incitata:
324 1465 353 1489 ut
370 1461 471 1493 dicant,
495 1469 557 1493 nos,
573 1467 718 1496 postquam
750 1460 871 1495 dejectus
886 1468 973 1488 sacer-

186 1507 262 1535 dotio
276 1507 357 1538 fuerit
369 1514 540 1540 tecouomus,
565 1507 770 1535 accusationem
794 1513 974 1541 aggressuros

186 1554 316 1582 antistitis
345 1553 443 1584 nostri.
468 1557 498 1580 ut
517 1553 564 1589 qui
587 1560 650 1581 cum
677 1552 802 1588 deposito
814 1552 871 1587 jam
891 1552 976 1579 sacri-

1061 1413 1222 1448 Σιγάτωσαν
1235 1413 1291 1448 γὰρ
1306 1414 1333 1439 αἱ
1348 1412 1581 1447 ψευδοκατήγοροι
1595 1411 1727 1446 γλῶτται,
1748 1413 1819 1439 κατὰ

1024 1459 1073 1494 τῆς
1088 1459 1201 1494 εἰρήνης
1217 1457 1264 1484 τοῦ
1281 1457 1349 1484 Θεοῦ
1365 1457 1543 1493 κινούμεναι·
1565 1458 1616 1491 δτι,
1635 1457 1704 1484 ἐπὰν
1719 1457 1817 1494 εῐρχοῇ

1023 1504 1073 1539 τῆς
1095 1503 1253 1539 ἱερουργίας
1277 1503 1291 1530 ὁ
1314 1503 1476 1538 οίκονόμος,
1501 1503 1706 1538 ὲπιδραξόμεθα
1728 1504 1818 1535 αἰτίας

1024 1551 1198 1584 κατενεγκεῖν
1223 1549 1270 1576 τὸν
1293 1549 1429 1585 ἀρχιερέα
1445 1549 1522 1584 ήμῶν
1533 1569 1540 1582 ,
1560 1549 1599 1580 ὼς
1614 1549 1664 1585 ᾔδη
1679 1549 1718 1586 τῷ
1749 1550 1818 1576 καο-

187 1599 278 1627 licavit
293 1608 302 1633 ;
320 1598 418 1627 deinde
442 1599 524 1626 etiam
546 1599 701 1627 decessoris
729 1597 899 1626 sanctissimi
923 1605 972 1632 pa-

1027 1594 1159 1631 ῃρημένῳ
1174 1593 1458 1628 συλλειτουργήσαντα
1467 1601 1475 1609 ⁸
1487 1592 1582 1620 ἔπειτα
1595 1593 1641 1620 τὸν
1654 1594 1817 1629 προηγησά-

186 1644 312 1672 triarclue
328 1653 334 1671 :
352 1643 422 1672 labia
449 1643 555 1676 dolosa,
574 1652 635 1678 qua:
652 1644 710 1672 haec
741 1644 908 1679 loquuntur:
926 1651 971 1670 ca-

185 1691 391 1724 lumniatorum,
418 1689 627 1724 invidorumque
652 1690 794 1718 hominum
819 1690 970 1722 inventum,

184 1741 211 1765 et
235 1737 282 1772 qui
300 1736 392 1765 sanari
423 1736 511 1764 nolint
538 1735 670 1764 iuﬂictum
696 1736 797 1776 vulnus
831 1735 970 1763 Ecclesiae.

184 1782 265 1810 Nullo
284 1783 365 1810 modo
380 1791 387 1810 :
405 1781 496 1810 absit!
515 1787 541 1809 et
567 1782 753 1817 patriarcham
769 1781 816 1816 qui
833 1780 973 1815 pr'ecessit

185 1827 369 1862 suscepimus,
399 1831 427 1855 et
444 1827 620 1862 suscipimus,
652 1825 768 1861 ideoque
795 1826 829 1852 ad
854 1831 971 1853 mortem

185 1881 273 1909 usque
285 1881 345 1900 Clllll
361 1880 393 1900 eo
404 1873 689 1906 communicabimus;
715 1877 742 1900 et
767 1871 972 1900 sanctissimum

185 1921 233 1955 qui
252 1927 326 1947 nunc
336 1922 389 1951 est,
405 1919 589 1954 patriarcham
604 1921 632 1946 et
650 1918 833 1953 suscepimus,
846 1922 873 1944 et
886 1917 975 1945 susci-

185 1966 276 2001 pimus
291 1973 298 1992 :
315 1959 364 2000 pro
378 1971 411 1992 eo
426 1963 507 1991 etiam
530 1963 670 1991 oﬂ‘crimus
692 1962 823 1998 quotidie.
842 1963 975 1990 Arccatur

184 2012 302 2040 asacris
316 2018 488 2043 mconomus,
515 2009 563 2045 qui
592 2009 746 2038 adulterum
772 2008 924 2041 coronavit,
948 2014 975 2036 et

186 2065 248 2090 nos,
267 2061 298 2084 ut
317 2060 396 2084 antea
420 2055 552 2088 diximus,
581 2063 643 2082 cum
671 2062 704 2082 eo
728 2053 926 2086 sacriﬁcamus,
951 2054 975 2081 si

182 2103 261 2139 jubet
275 2102 302 2130 in
318 2101 440 2129 Ecclesia
457 2101 603 2134 catholica,
627 2099 704 2135 juxta
723 2100 836 2135 gradum
851 2104 974 2127 nostrum

185 2148 388 2183 unusquisque.
415 2147 494 2181 Quod
517 2147 627 2183 quidem
648 2147 672 2174 si
700 2146 757 2179 ﬂat,
787 2146 918 2181 gaudium
947 2146 975 2175 in

185 2194 256 2224 εωιο
274 2194 366 2227 fuerit.
379 2201 430 2230 pax
446 2193 473 2224 in
493 2193 613 2223 Ecclesia
630 2192 689 2226 Dei.
702 2199 762 2228 quae
775 2192 845 2228 apud
861 2198 913 2219 nos
924 2195 975 2220 est.

185 2240 448 2274 Tolleturschisma,
459 2239 605 2268 cancordia
616 2238 705 2274 palam
715 2238 858 2271 enitescet,
871 2237 977 2265 archie-

1025 1647 1108 1675 μενον
1138 1639 1290 1673 ἁγιώτατον
1319 1639 1514 1675 πατριάρχην·
1546 1639 1626 1674 χείλη
1656 1638 1751 1672 δόλια,
1783 1639 1817 1666 τὰ

1023 1683 1157 1712 λαλοῦντα
1166 1684 1201 1710 τὸ.
1209 1684 1336 1711 τοιαῦτα·
1350 1684 1502 1719 ἀνθρώπων
1514 1684 1690 1719 συκοφαντῶν
1699 1685 1747 1712 καὶ
1758 1684 1819 1719 φθο-

1024 1731 1112 1766 νερῶν
1134 1729 1165 1756 τὸ
1189 1729 1297 1766 δρᾶμα·
1321 1729 1368 1756 καὶ
1386 1729 1423 1766 μὴ
1439 1729 1570 1757 θελόντων
1586 1731 1627 1762 είς
1640 1731 1714 1757 ἴασιν
1730 1730 1818 1757 ἐλθεῖν

1024 1776 1054 1803 τὸ
1080 1775 1236 1812 προσπεσὸν
1260 1775 1371 1811 ὄφλημα
1395 1777 1428 1811 τῇ
1457 1775 1617 1812 Ἐκκλησία.
1650 1775 1815 1811 Μηδαμῶς·

1027 1823 1064 1858 μὴ
1079 1823 1198 1858 γένοιτοί
1217 1821 1264 1849 καὶ
1278 1822 1324 1848 τὸν
1338 1822 1513 1858 πατριάρχην
1527 1822 1573 1848 τὸν
1586 1822 1818 1858 προηγησάμενον

1026 1870 1073 1896 καὶ
1093 1868 1244 1904 ἐδεξάμεθα
1268 1868 1317 1895 καὶ
1338 1868 1490 1904 δεχόμεθα,
1510 1868 1552 1895 διὸ
1569 1869 1615 1895 καὶ
1632 1869 1685 1901 ἓως
1701 1869 1817 1896 Θανάτου

1027 1914 1261 1949 συνκοινωνοῠμεν
1275 1913 1350 1948 αὐτῷ
1361 1921 1368 1928 “
1387 1914 1434 1940 καὶ
1448 1914 1494 1940 τὸν
1509 1913 1556 1941 νῦν
1570 1913 1724 1948 ἁγιώτατον
1749 1915 1819 1950 ἀρχ-

1028 1960 1104 1994 ιερέα
1120 1960 1168 1987 καὶ
1184 1959 1336 1995 ἐδεξάμεθα
1353 1959 1400 1986 καὶ
1414 1959 1549 1994 δεχόμεθα
1561 1968 1568 1976 ε
1587 1960 1634 1986 ἐπὶ
1656 1959 1745 1995 τούτῳ
1764 1961 1819 1996 γὰρ

1026 2007 1075 2034 καὶ
1090 2006 1264 2042 ἀναφέρομεν
1279 2005 1339 2033 καθ’
1353 2005 1486 2041 ἑκάστην.
1506 2005 1535 2032 '0
1550 2005 1693 2040 οίκονόμος
1706 2006 1819 2041 εἱρχθή-

1026 2061 1066 2079 τω
1090 2052 1138 2086 τῆς
1161 2052 1319 2087 ίερουργιας
1336 2052 1350 2079 ὁ
1367 2052 1412 2078 τὸν
1428 2051 1523 2086 μοιχὸν
1540 2051 1719 2085 στεφανώσας
1730 2060 1738 2067 ·
1759 2043 1818 2085 καὶ,

1026 2098 1064 2130 ὡς
1087 2097 1351 2133 προδεδηλώκαμεν,
1381 2097 1646 2132 συλλειτουργοῦμεν
1670 2097 1765 2132 αὐτῷ,
1795 2098 1819 2125 εί

1027 2144 1152 2176 κελεύει,
1180 2144 1227 2171 ἐπὶ
1250 2144 1301 2179 τῆς
1323 2143 1471 2178 καθολικῆς
1488 2143 1673 2178 Ἐκκλησιας,
1701 2143 1819 2175 ἕκαστος

1028 2190 1100 2218 κατὰ
1113 2189 1164 2226 τὴν
1176 2190 1280 2217 οἰκείαν
1294 2189 1373 2225 ἡμῶν
1387 2189 1476 2221 τάξιν.
1492 2189 1548 2216 Καὶ
1561 2189 1585 2215 εί
1598 2188 1678 2215 τοῦτο
1691 2189 1818 2224 γένηται,

1028 2237 1100 2272 χαρὰ
1113 2237 1142 2263 ἐν
1154 2236 1278 2272 οὐρανοῖς
1287 2244 1294 2251 ·
1312 2235 1409 2271 εἰρήνη
1423 2235 1454 2262 εν
1467 2236 1500 2270 τῇ
1516 2233 1821 2270 καθ’ήμΞςῈκκλησίᾳ.

185 2289 316 2328 piscopus
333 2292 426 2317 noster
448 2287 573 2316 laudibus
593 2286 738 2314 ornabitur
758 2295 766 2314 :
790 2285 859 2313 adeo
885 2289 914 2313 ut
940 2284 974 2312 ad

1027 2282 1073 2311 τοῦ
1085 2281 1170 2309 Θεοῦ·
1186 2281 1216 2308 τὸ
1229 2281 1332 2317 σχίσμα
1345 2281 1494 2316 ὑποχωρεῖ·
1509 2281 1525 2316 ή
1538 2280 1650 2315 ὁμόνοια
1662 2280 1820 2315 ἀναλάμψει

186 2340 312 2374 posteros
336 2339 461 2362 transeat
489 2334 549 2370 ejus
581 2333 750 2361 euoomium.
783 2331 974 2361 Potentissimi

186 2381 366 2416 imperatores
381 2379 467 2408 no'stri
481 2387 534 2407 una
555 2386 617 2407 cum
646 2379 775 2414 pretiOSis
800 2377 896 2405 infulis
916 2377 974 2405 suis

186 2417 308 2465 angelica
327 2425 410 2455 etiam
424 2425 503 2453 laude
519 2425 734 2455 coronabuntnr.
758 2423 915 2451 Sacerdotes
934 2423 975 2450 in-

185 2472 421 2510 duentjtutitiam,
436 2470 576 2506 multoque
584 2471 672 2507 magis
681 2470 767 2498 sancti
778 2469 973 2506 (monasticum

187 2518 310 2555 ordinem
327 2516 437 2554 loquor)
461 2525 521 2544 cum
548 2517 726 2545 exsultatione
751 2515 974 2543 exsultabant".

187 2565 322 2597 Dominus
336 2569 430 2598 noster
441 2563 514 2600 quod
535 2567 561 2591 et
577 2562 658 2598 quale
683 2561 810 2590 bravium
834 2561 950 2595 accipiet
967 2561 978 2587 ?

187 2611 254 2647 quid
264 2610 359 2644 dicere
375 2610 506 2646 oportet?
529 2614 557 2637 et
569 2609 634 2644 quid
651 2616 705 2637 non
726 2607 815 2643 majus
829 2607 896 2634 lict?
910 2607 977 2642 quid

188 2649 301 2692 iucundi
317 2663 372 2687 non
385 2656 518 2685 accedet?
537 2654 667 2685 Dicamus
683 2658 710 2681 et
725 2653 794 2683 hoc:
816 2660 979 2682 mconouius

187 2703 247 2738 ipse
261 2703 456 2737 celebrabitur,
468 2706 495 2730 et
509 2700 638 2733 laudibus
646 2699 784 2728 eﬁeretur:
796 2705 979 2734 magnamque

190 2749 241 2776 huc
262 2753 342 2784 pacto
358 2746 577 2776 misericordiam
591 2749 776 2781 consequetur
795 2749 852 2772 tum
872 2744 899 2772 in
916 2744 976 2776 hoc,

227 2840 250 2856 "
267 2838 339 2868 Psal.
357 2846 451 2868 nam.
473 2837 512 2865 l6.

1027 2327 1156 2363 τρανῶς,
1184 2328 1198 2354 ὁ
1220 2327 1370 2362 ἀρχιερεὺς
1393 2326 1472 2362 ήμῶν
1497 2326 1740 2361 στεφανωθήσεται
1763 2327 1821 2357 τοῖς

1027 2374 1161 2407 ἐπαίνοις,
1175 2373 1224 2401 καὶ
1237 2373 1365 2401 τοσοῦτον
1378 2373 1416 2405 ὡς
1428 2372 1584 2407 διαδοθῆναι
1595 2372 1679 2399 αὐτοῦ
1692 2372 1722 2398 τὸ
1734 2371 1821 2405 ἐγκώ-

1028 2429 1089 2456 μιον
1114 2421 1167 2452 ἕως
1191 2421 1299 2455 γενεᾶς.
1321 2421 1353 2447 Ol
1373 2419 1515 2456 κράτιστοι
1533 2417 1611 2454 ήμῷν
1629 2418 1752 2453 βασιλεῖς
1769 2418 1819 2446 σὺν

1027 2467 1082 2498 τοῖς
1097 2466 1294 2501 πολυτιμήτοις
1305 2465 1394 2492 αὐτῶν
1408 2465 1556 2500 διαδήμασι
1570 2463 1820 2499 καταστεφανωθή-

1028 2520 1120 2539 σονται
1135 2513 1168 2548 τῇ
1183 2512 1317 2547 ἀγγελικῇ
1333 2511 1473 2546 εὐφημίᾳ·
1493 2511 1521 2537 οι
1535 2509 1623 2544 ἱερεῖς
1636 2509 1819 2536 ἐνδύσονται

1024 2557 1224 2592 δικαιοσύνην
1242 2566 1248 2573 ·
1264 2557 1304 2584 ἔτι
1324 2557 1434 2592 μᾶλλον,
1451 2557 1478 2584 οι
1494 2556 1587 2588 ὅσιοι,
1611 2555 1644 2582 τὸ
1660 2555 1818 2590 μοναδικδν,

1026 2605 1110 2640 λέγω,
1118 2605 1226 2640 τάγμα,
1236 2602 1416 2639 ἀγαλλιάσει
1424 2601 1671 2637 ἀταλλιὰσυνται.
1682 2601 1711 2627 ὐ
1727 2600 1820 2627 δεσπό-

1025 2657 1075 2687 της
1088 2650 1169 2686 ἡμῶν
1185 2649 1241 2679 οἷον
1258 2651 1306 2678 καὶ
1320 2650 1415 2685 ἡλίκον
1429 2648 1503 2684 λήψῃ
1521 2648 1552 2675 τὸ
1572 2647 1700 2683 βραϐεῖον
1712 2667 1719 2680 ,
1739 2647 1765 2674 τί
1780 2646 1820 2672 δεῖ

1026 2696 1139 2732 λέγειν;
1169 2697 1216 2723 καὶ
1241 2696 1269 2723 τί
1294 2695 1395 2731 μᾶλλον
1420 2695 1451 2721 οὐ
1466 2693 1630 2728 γενήσεται;
1657 2692 1682 2719 τί
1699 2691 1818 2727 τερπνὸν

1027 2743 1078 2770 οὐκ
1091 2742 1302 2778 stultitiast“;
1322 2742 1452 2776 Εῖπωμεν
1466 2740 1514 2767 καὶ
1527 2738 1617 2771 τοῦτο,
1627 2739 1667 2766 ὃτι
1679 2739 1729 2765 καὶ
1738 2738 1819 2769 αὐτὸς
