1926 3078
118 104 186 136 1017

728 108 998 141 EPISTOLABUM
1013 110 1050 140 Li
1056 111 1088 140 B.
1108 111 1132 140 Ι.

1659 110 1744 143 ,10l8

114 163 129 188 δ
145 160 287 196 οἰκονόμος
308 160 538 197 εὐφημηοήσεται
555 162 602 188 καὶ
617 161 829 198 δοξασθήσεται,
855 165 898 191 καὶ

954 168 1011 192 tum
1024 166 1053 193 in
1074 165 1168 195 futuro
1186 165 1297 195 saeculo.
1318 165 1352 197 Et
1366 173 1416 195 nos
1431 170 1588 201 peccatores
1599 165 1741 198 substrati,

114 206 315 242 κληρονομήσει
341 206 384 232 διὰ
404 206 483 235 τοῦτο
500 207 572 242 μέγα
586 207 676 240 ἕλεος,
696 209 743 234 καὶ
760 208 790 234 ὲν
804 208 843 243 τῷ
856 209 903 235 νῦν

113 253 212 283 αίῶνι,
231 252 279 278 καὶ
295 253 324 278 ὲν
338 252 377 287 τῷ
391 253 525 287 μέλλοντι.
550 253 643 289 Ἡμεῖς
656 262 686 279 τε
702 254 727 279 ot
742 254 902 289 ἁμαρτωλοὶ

112 298 234 333 ἐσόμεθα
261 298 477 330 ὑποπίπτοντες,
510 299 558 325 καὶ
588 299 821 334 προσκυνοῦντες,
855 300 902 327 καὶ

112 344 427 393 ξηρευζαριστοῦντες,
450 344 529 393 ἔργῳ
546 345 593 371 καὶ
609 344 681 379 λόγῳ
706 345 739 371 τὰ
753 345 846 372 δέοντα
863 345 902 378 ὡς

109 387 237 422 ἀρχιερεῖ
263 387 334 422 ὑπὲρ
358 387 449 414 πάντα
467 387 611 423 ἄνθρωπον
624 408 631 420 ,
658 389 730 416 κατὰ
745 389 776 415 τὸ
794 390 901 423 ὀφειλό-

110 440 210 466 μενον,
237 432 471 468 συνεισφέροντες.
503 433 575 468 Πρὸς
592 433 621 460 δὲ
638 434 772 461 πίστωσιν
790 434 843 462 τῶν
857 435 898 462 εἰ·

110 477 239 512 ρημένων
249 497 258 511 ,
286 477 439 513 ποιούμεθα
461 478 508 505 τὸν
524 479 603 513 λόγον
619 479 757 515 ἔγγραφον
772 481 816 511 διὰ
830 480 898 508 πλά-

108 531 173 554 τους
186 531 193 538 ·
222 523 263 549 ὃτι
288 524 358 558 μετὰ
379 524 429 560 τὴν
447 524 550 551 παῦσιν
569 525 620 560 τῆς
634 526 810 561 ἱερουργίας,
827 527 898 554 κατὰ

107 568 139 594 τὸ
152 568 299 604 πρότερον,
318 569 366 596 ἐὰν
383 569 421 605 μὴ
436 570 518 600 εὐθὺς
530 570 698 606 εἰσέλθωμεν
710 572 758 599 καὶ
769 573 900 608 κοινωνή-

108 622 212 648 σωμεν,
228 615 266 646 ὠς
279 615 488 650 προγέγραπται
502 624 508 630 ·
523 616 593 643 ἔστω
606 617 622 652 ἡ
633 617 724 652 ψῆφος
741 618 802 645 καθ’
815 619 897 654 ὑμᾶς,

953 215 980 238 et
991 212 1147 244 adorantes,
1165 217 1191 240 ct
1220 213 1322 248 gratias
1342 216 1462 248 agentes,
1476 220 1538 248 quae
1551 212 1684 240 debentur
1697 221 1742 239 ar-

952 257 1128 292 chiepiscopo
1143 266 1171 284 re
1187 262 1213 285 et
1227 258 1311 285 verbo
1323 266 1379 292 pra:
1389 259 1516 286 omnibus
1530 258 1700 289 hominibus,
1715 263 1743 284 ιιι

952 302 1094 335 debemus,
1108 302 1273 330 defcremus.
1290 303 1332 330 Ad
1349 303 1447 330 horum
1472 307 1564 330 autem
1590 303 1740 330 faciendam

952 346 1045 380 Iidem,
1061 347 1275 375 declarationem
1291 347 1425 382 prolixam
1450 348 1553 382 scripto
1568 347 1711 375 offerimus
1730 355 1737 379 ;

951 396 980 419 ut
999 392 1061 426 nisi,
1074 397 1217 428 postquam
1233 401 1249 420 a
1265 393 1401 421 sacriﬁcio
1412 393 1537 425 cessarit,
1568 394 1739 426 sicutanlea,

950 438 1094 466 confestim
1117 438 1282 467 accedamus
1301 443 1328 466 et
1342 439 1588 472 comtnunicemus,
1610 438 1648 465 uti
1670 439 1740 466 seri-

950 488 1028 519 ptum
1045 489 1102 517 est;
1125 485 1161 511 sit
1175 485 1203 512 in
1215 490 1305 512 vestra
1317 493 1397 512 manu
1415 485 1561 517 sententia,
1575 485 1596 512 si
1607 485 1671 519 quid
1683 485 1741 511 vul-

950 530 1003 562 tis;
1022 533 1052 558 et
1068 529 1148 558 nobis
1166 530 1240 565 loqui
1270 531 1388 566 amplius
1412 538 1467 558 non
1484 530 1567 557 liceat
1579 531 1612 557 de
1624 532 1675 557 hoc
1691 538 1740 556 ne-

950 575 1035 610 gotio.
1049 575 1082 603 Et
1097 583 1160 604 cccc
1175 583 1229 603 non
1242 577 1365 611 angelus,
1377 583 1432 603 non
1446 578 1540 609 homo,
1550 576 1596 602 sed
1609 575 1741 602 Dominus

951 620 1021 655 ipse,
1034 620 1081 655 qui
1099 626 1126 648 Ie
1145 628 1193 656 per
1209 628 1260 650 nos
1284 621 1367 649 trahit
1383 626 1410 648 et
1422 620 1545 655 impellit,
1561 625 1588 647 ct
1605 620 1740 646 hortatur.

103 659 133 686 εἰ
150 668 176 686 τι
193 659 321 694 βούλεσθε
333 668 340 674 ·
369 661 417 691 καὶ
443 660 481 696 μὴ
500 661 563 693 ἐξὸν
581 661 622 688 ἔτι
653 662 744 690 λαλεῖν
777 664 852 698 ἡμᾶς
868 664 933 699 περὶ
950 664 1001 700 τῆς
1026 665 1192 697 ὑποθέσεως.
1223 665 1280 693 Καὶ
1303 666 1376 697 ἰδοὺ,
1402 666 1454 692 οὐκ
1474 665 1606 700 ἅγγελος,
1626 665 1676 692 οὐκ
1692 664 1738 691 ἄν-

106 705 227 741 θρωπος,
247 705 305 733 ἀλλ’
318 705 400 738 αὐτὸς
416 707 430 733 ὁ
442 707 545 743 Κύριος
561 708 575 734 ὁ
590 707 624 736 δι’
637 708 715 743 ἡμῶν
729 708 827 742 ἕλκων,
845 710 893 737 καὶ
913 710 1041 739 συνωθῶν
1057 713 1105 740 καὶ
1120 712 1288 747 παρακαλῶν
1303 720 1345 743 σε.

249 770 311 797 AI".
329 784 361 792 ——
377 771 483 799 Λέοντι
502 771 587 805 minet
610 772 734 808 Ῥώμης.
752 773 827 809 [οβ’.ι

1113 775 1235 804 XXXIII.
1248 792 1284 798 —
1299 777 1380 805 Leoni
1390 785 1465 812 papa
1479 777 1579 805 Romae.

532 828 625 854 Leonis
637 829 670 854 IlI
678 837 750 863 papae
762 837 835 862 opem
844 831 967 863 implorat.
982 833 1082 863 (Bai-on.
1094 840 1151 858 ann.
1162 833 1217 863 809,
1229 839 1254 857 ιι.
1271 833 1321 864 tt.)

104 888 151 922 Τῷ
171 888 323 923 ἁγιωτάτῳ
339 889 388 917 καὶ
416 891 641 925 κορυφαιοτάτῳ
660 893 750 926 Πατρὶ
763 893 898 927 Πατέρων

950 892 1126 922 δαπηειίδδίηιο
1140 900 1168 922 et
1179 904 1281 923 summa
1299 896 1378 924 Patri
1391 896 1505 923 Patrum
1526 895 1608 923 Leoni
1629 896 1736 924 domino

139 934 245 965 Λέοντι
263 933 303 969 τῷ
329 934 463 970 δεσπότῃ
488 944 548 970 μου
576 936 770 970 ἀποστολικῷ
794 937 893 973 πάπᾳ,

141 979 290 1014 Θεόδωρος
307 979 472 1015 ἐλάχιστος
482 981 685 1016 πρεσϐύτερος
697 982 746 1009 καὶ
763 982 894 1018 ἡγούμε-

137 1034 193 1058 νος
206 1025 266 1052 τῶν
279 1025 438 1057 Στουδίου.

144 1071 312 1107 Ἐπειδήπερ
336 1072 431 1107 Πέτρῳ
445 1071 484 1106 τῷ
502 1072 616 1107 μεγαλῳ
629 1072 728 1099 δέδωκε
745 1073 863 1107 Χριστὸς
877 1074 893 1099 ὁ

99 1118 168 1149 Θεὸς
184 1117 255 1153 μετὰ
270 1118 320 1149 τὰς
349 1118 424 1149 κλεῖς
440 1118 491 1152 τῆς
509 1117 649 1153 βασιλείας
669 1118 722 1145 τῶν
747 1119 889 1155 οὐρανῶν,

99 1165 149 1192 καὶ
164 1165 195 1192 τὸ
212 1164 263 1199 τῆς
280 1165 476 1200 ποιμνιαρχίας
489 1165 612 1200 ἀξίωμα·
631 1166 700 1200 προς
716 1166 820 1201 Πέτρον
831 1167 891 1202 ἦτοι

99 1210 147 1237 τὸν
166 1211 249 1239 αὑτοῦ
276 1210 410 1244 διάδοχον,
435 1210 524 1238 ὁτιοῦν
547 1211 797 1246 καινοτομούμεναν
810 1213 839 1239 ἐν
855 1214 889 1248 τῇ

99 1257 232 1293 καθολωεῇ
258 1257 409 1293 Ἐκκλησία
423 1259 499 1293 παρὰ
514 1258 567 1285 τῶν
578 1258 827 1293 ὰποσςραλλομένων
840 1258 890 1293 τῆς

97 1303 242 1339 ἀληθείας,
257 1304 405 1337 ἀναγκαῖον
419 1304 618 1340 ἀναφέρεσθαι.
637 1303 724 1330 Τοῦτο
742 1304 889 1339 τοιγαροῦν

97 1350 285 1384 δεδιδαγμένοι
301 1350 349 1377 καὶ
362 1351 441 1385 ἡμεῖς
454 1351 479 1376 ot
493 1351 617 1376 ταπεινοὶ
637 1350 683 1376 καὶ
697 1349 844 1384 ἐλάχιστοι,
857 1351 889 1376 ὲκ

98 1396 154 1423 τῶν
164 1395 297 1422 ἀνέκαθεν
306 1395 393 1430 ἁγίων
409 1395 539 1430 Πατέρων
568 1396 648 1431 ἡμῶν
659 1404 666 1412 ·
683 1397 745 1422 ἐπεὶ
760 1395 886 1431 ὑπήρχθη

97 1451 142 1473 τις
154 1443 202 1469 καὶ
218 1442 266 1469 νῦν
281 1442 442 1476 καινοτομία
457 1443 486 1469 ἐν
495 1443 529 1478 τῇ
547 1442 609 1468 καθ’
620 1442 696 1477 ἡμᾶς
717 1441 867 1477 Ἐκκλησία
880 1451 886 1458 ·

97 1488 149 1516 καὶ
167 1488 299 1523 πρότερον
312 1487 362 1522 μὲν
371 1487 417 1515 διὰ
430 1487 515 1522 μέσου
528 1487 575 1514 τοῦ
589 1487 791 1514 εὐλαὸεστάτου
806 1489 887 1522 ἀρχι-

99 1533 259 1569 μανᾶρίτου,
275 1534 358 1568 ἡγουν
373 1533 420 1560 τοῦ
435 1533 553 1568 ἀδελφοῦ
578 1533 626 1560 καὶ
643 1533 787 1560 συνδούλου
807 1533 886 1568 ἡμῶν

980 949 1037 967 meo
1054 949 1131 976 papa:
1140 942 1295 977 apostolico,
1307 942 1457 970 Theodorus
1468 943 1593 969 minimus
1604 943 1738 978 presbyter

982 990 1005 1012 et
1017 987 1174 1021 prcrpositus
1187 987 1346 1015 Studicnsis.

977 1074 1202 1109 Quandoquidem
1217 1075 1298 1104 Petro
1312 1083 1409 1111 magno
1437 1076 1564 1104 Christus
1586 1077 1658 1105 Deus
1674 1082 1735 1113 post

940 1118 1031 1147 claves
1047 1120 1123 1155 regni
1138 1121 1281 1154 caelorum,
1300 1121 1444 1156 pastoralis
1460 1123 1543 1150 etiam
1562 1123 1738 1158 principatus

940 1165 1057 1193 contulit
1088 1166 1260 1201 dignitatem,
1289 1167 1323 1194 ad
1348 1167 1458 1195 Petrum
1481 1169 1585 1203 utique,
1607 1168 1650 1196 vel
1674 1169 1734 1203 ejus

940 1219 1140 1245 successorem,
1167 1212 1299 1247 quidquid
1327 1213 1356 1240 in
1379 1213 1501 1242 Ecclesia
1532 1214 1665 1241 catholica
1684 1222 1733 1249 per

939 1265 987 1286 eos
1001 1258 1148 1286 innovatur
1166 1259 1212 1294 qui
1233 1259 1361 1286 aberrant
1374 1267 1390 1286 a
1411 1260 1537 1292 veritate,
1560 1267 1675 1287 necesse
1691 1266 1733 1287 est

938 1303 1047 1331 referri.
1075 1304 1154 1337 Quod
1177 1312 1227 1332 nos
1261 1312 1370 1340 quoque
1396 1305 1513 1332 humiles
1538 1310 1566 1333 et
1590 1306 1696 1333 minimi
1715 1313 1732 1334 a
1769 1320 1772 1323 λ

937 1349 1040 1377 sanctis
1055 1349 1121 1381 olim
1140 1349 1265 1377 Patribus
1287 1350 1388 1378 nostris
1410 1350 1511 1382 edocti.
1541 1355 1684 1385 postquam
1701 1351 1730 1378 in

938 1393 1060 1422 Ecclesia
1077 1400 1169 1422 nostra
1181 1395 1288 1423 novitas
1301 1396 1423 1430 quaedam
1447 1404 1535 1430 nuper
1558 1401 1651 1424 exorta
1674 1402 1728 1430 est,

938 1445 966 1468 et
978 1441 1054 1476 prius
1068 1442 1177 1476 quidem
1196 1450 1245 1477 per
1268 1442 1500 1477 religiosissimum
1520 1442 1724 1470 archimandri-

938 1491 1003 1520 tant,
1020 1487 1131 1515 fratrem
1148 1492 1176 1515 et
1191 1495 1353 1515 conservum
1381 1491 1505 1515 nostrum
1522 1487 1705 1522 Epiphanium
1721 1509 1729 1520 ,

938 1537 966 1560 et
980 1541 1054 1561 nunc
1070 1541 1118 1568 per
1135 1534 1273 1569 simplices
1291 1534 1393 1562 litteras
1406 1538 1512 1561 nostras
1538 1534 1572 1560 ad
1589 1541 1727 1568 supremae

104 1580 284 1614 ‘Erttzpaviou'
304 1579 352 1607 καὶ
370 1579 418 1607 νῦν
430 1579 474 1606 διὰ
489 1579 537 1606 τοῦ
551 1578 679 1611 εὐτελοῦς
695 1579 775 1614 ἡμῶν
794 1587 887 1614 γραμ-

942 1578 1116 1606 beatitudinis
1128 1585 1180 1606 tuae
1189 1579 1316 1614 angelum
1334 1579 1367 1606 de
1377 1586 1409 1606 ea
1425 1578 1527 1606 referre
1542 1586 1593 1606 nos
1611 1579 1724 1612 debere.

99 1625 199 1661 ματίου
214 1625 390 1661 ὀφειλόμενον
405 1625 570 1661 ἡγησάμεθα
584 1625 624 1660 τῷ
646 1624 756 1660 ἀγγέλῳ
769 1625 820 1659 τῆς
843 1633 891 1651 κο-

98 1672 218 1708 ρυφαίας
230 1680 278 1698 σου
288 1671 491 1707 μακαριότητος
500 1671 605 1706 ταύτην
613 1671 783 1704 ἀνενεγκεῖν.
791 1670 889 1704 Γέγονε

96 1717 201 1750 τοίνυν,
221 1714 244 1744 ὦ
257 1717 382 1753 θειοτάτη
394 1716 448 1744 τῶν
463 1717 532 1744 ὅλων
555 1716 683 1751 κεφαλῶν
698 1716 815 1751 κεφαλὴ,
837 1724 889 1743 κα-

97 1764 133 1789 τὰ
151 1762 198 1789 τον
209 1762 352 1797 προφήτην
368 1762 514 1797 Ἰερεμίαν,
526 1761 635 1792 σύνοδος
649 1761 687 1793 ὡς
703 1760 813 1795 ἀληθῶς
823 1760 888 1787 ἀθε-

96 1807 235 1840 ςούντων,
267 1807 314 1834 καὶ
335 1806 473 1842 συνέδριον
499 1806 690 1841 μοιχωμένων.
714 1806 804 1841 Ὅπερ
832 1806 888 1842 γὰρ

97 1854 190 1881 ἐκεῖσε
213 1853 258 1881 διὰ
281 1852 332 1888 τῆς
348 1853 493 1888 ειδωλικῆς
517 1853 727 1889 ὲκπορνεύσεως
742 1852 885 1885 λέλεκται,

97 1901 180 1928 τοῦτο
195 1900 313 1928 ἐνταῦθα
328 1899 429 1934 stans;
444 1898 675 1934 μοιχοζευκτικῆς
691 1899 887 1935 ἐπικυρώσεως

97 1947 244 1974 δέδεικται.
269 1945 434 1981 ’Λμφότεροι
458 1945 514 1980 γὰρ
537 1945 583 1972 τὸν
598 1946 681 1971 αὑτὸν
696 1945 800 1981 Κύριον
823 1946 887 1980 ἠθε-

97 1994 225 2028 τήκασιν,
239 1992 265 2018 oi
281 1992 330 2027 μὲν
343 1991 388 2018 διὰ
399 1992 447 2026 τῆς
459 1991 575 2027 νομικῆς
585 2011 592 2024 ,
608 1992 634 2018 ot
648 1991 677 2018 δὲ
691 1991 735 2018 διὰ
745 1991 794 2026 τῆς
804 1991 887 2025 εὐαγ-

96 2039 209 2074 γελικῆς
221 2037 414 2073 παραϐάσεως.
433 2038 487 2065 Καί
507 2046 539 2071 γε
556 2037 586 2063 οὐ
604 2037 685 2072 μέχρι
699 2037 794 2064 τούτου
807 2037 886 2072 ἔστη-

98 2093 161 2116 σαν,
170 2080 396 2119 παρασυναγωγὴ
408 2083 453 2110 διὰ
463 2083 599 2118 προτέρας
612 2083 808 2115 συνελεύσεως,
815 2084 844 2109 ἐν
851 2085 884 2119 τῇ

96 2130 145 2156 τοῦ
165 2129 360 2164 μοιχοζεύκτου
376 2129 516 2165 παραδοχῇ
532 2130 578 2155 καὶ
595 2129 798 2165 συνιερουργίᾳ,
815 2129 886 2156 κατὰ

97 2175 142 2202 τὸν
164 2175 237 2201 θετον
263 2174 415 2207 Βασίλειον,
443 2174 681 2210 χρηματίσαντες·
707 2174 766 2201 ἀλλ’
797 2174 835 2206 ὡς
851 2174 885 2201 ἂν

98 2221 207 2251 ἑαυτοῖς
225 2219 358 2253 αἱρέσεως
366 2219 473 2250 τελείας
486 2219 572 2254 δνομα
590 2219 834 2255 περιποιήσωνται,
849 2219 883 2245 δι’

97 2265 195 2300 ἑτέρας
213 2264 323 2291 συνόδου
351 2264 503 2299 δημοσίας,
532 2265 596 2296 τοὺς
622 2263 661 2300 μὴ
677 2265 710 2299 τῇ
731 2264 884 2299 παρανόμῳ

97 2310 189 2336 αὐτῶν
199 2309 346 2345 κακοδοξίᾳ
372 2309 636 2344 συγκαταθεμένους,
655 2310 756 2345 μᾶλλον
779 2309 806 2336 δὲ
818 2309 883 2344 ὃλην

97 2355 148 2389 τὴν
161 2354 310 2389 καθολικὴν
347 2354 522 2389 Ἐκκλησίαν,
548 2355 763 2390 ἀναθεματισμῷ
787 2356 886 2382 ὑποδε-

98 2401 216 2436 δλήκασι
225 2408 232 2415 ·
247 2401 310 2432 τοὺς
327 2401 378 2436 ήδη
397 2400 554 2434 φθάσαντας
566 2401 612 2428 ἐπὶ
624 2401 775 2436 προσώπου
783 2402 884 2434 αὐτῶν,

97 2446 146 2478 οὓς
161 2447 212 2481 μὲν
228 2446 471 2481 ἐξοστρακίσαντες
494 2447 589 2483 πόρῥω
607 2456 659 2474 που
670 2456 677 2463 ·
693 2447 740 2478 οὓς
752 2447 782 2474 δὲ
798 2448 885 2482 φυλα-

98 2494 160 2523 καῖς
177 2492 350 2527 κατέχοντες.
363 2493 491 2527 Διωγμὺν
510 2493 582 2519 κατὰ
596 2493 626 2520 τὸ
641 2493 759 2528 σύνηθες
771 2493 826 2520 τῶν
839 2495 885 2520 ὲν-

99 2537 187 2564 ταῦθα
204 2537 286 2563 πάλιν
301 2545 394 2563 καινου
400 2538 558 2572 ργήσαντες.
577 2538 632 2565 Καὶ
643 2539 673 2563 τὸ
682 2537 822 2573 δικαίωμα
836 2539 886 2565 αὐ-

98 2584 165 2615 τοῖς,
177 2582 258 2616 λόγου
272 2583 390 2617 πονηροῦ
407 2582 583 2618 κραταίωμα.
600 2583 762 2618 Οἰκονομίαν
779 2581 825 2610 οὖν
837 2583 887 2619 τὴν

99 2629 300 2664 ζευξιμοιχείαν
309 2629 519 2663 δογματίζουσιν
529 2637 536 2645 ·
555 2629 603 2656 ἐπὶ
614 2629 667 2656 τῶν
679 2628 814 2664 βασιλέων
823 2630 886 2661 τοὺς

99 2675 189 2706 θείους
208 2675 309 2709 νόμους
334 2674 373 2710 μὴ
397 2676 508 2710 κρατεῖν
530 2674 707 2710 διορίζονταν
728 2675 790 2706 τοὺς
815 2675 886 2712 ὑπὲρ

100 2720 230 2756 ἀληθείας
250 2721 298 2747 καὶ
324 2720 431 2748 δικαίου
458 2721 556 2757 μέχρις
584 2721 700 2756 αῐματος
726 2722 884 2755 ὲνστάντας,

139 2810 157 2823 ’⁵
172 2809 272 2837 Jcrcm.
287 2817 322 2842 Ix,
336 2808 364 2837 2.
401 2809 423 2824 ⁹⁹
441 2808 524 2843 Epist.
539 2809 574 2834 ad
585 2809 746 2844 Amp/iilncli.
765 2817 824 2836 can.
844 2810 867 2836 I.

938 1624 1062 1653 arbitrati
1082 1632 1187 1652 sumus.
1207 1624 1308 1652 Factus
1332 1629 1384 1657 est,
1409 1632 1425 1651 ο
1444 1624 1645 1652 divinissimum
1665 1633 1728 1652 om-

938 1668 1015 1696 nium
1027 1669 1146 1704 capitum
1165 1675 1248 1705 caput
1260 1669 1337 1704 juxta
1352 1669 1500 1697 Jeremiam
1519 1670 1680 1705 prophetam
1693 1671 1727 1704 ’³,

938 1719 1026 1743 εωιιιε
1042 1723 1136 1743 revera
1151 1715 1403 1750 praevaricatorum,
1419 1719 1447 1742 et
1461 1714 1607 1742 concilium
1620 1715 1728 1742 adulte-

938 1761 1068 1788 rantium.
1086 1761 1164 1794 Quod
1181 1761 1255 1788 enim
1286 1761 1324 1788 ihi
1347 1765 1459 1796 propter
1479 1761 1612 1788 idolorum
1642 1760 1730 1787 forni-

938 1807 1074 1834 cationem
1088 1807 1190 1834 dictum
1220 1811 1273 1839 est,
1307 1806 1352 1834 hic
1375 1814 1425 1841 per
1449 1806 1609 1833 adulterina:
1623 1806 1728 1840 copulae

938 1853 1173 1881 confirmationem
1187 1853 1353 1888 patefactum
1369 1856 1419 1880 est.
1440 1852 1553 1887 Utrique
1561 1851 1634 1879 enim
1648 1859 1727 1879 eum-

937 1897 1001 1926 dem
1029 1899 1176 1926 Dominum
1200 1902 1372 1933 spreverunt,
1395 1897 1432 1924 illi
1450 1905 1499 1933 per
1522 1897 1600 1932 legis,
1630 1897 1658 1924 hi
1679 1904 1728 1932 per

939 1944 1077 1979 Evangelii
1094 1943 1351 1979 tranSgressionem.
1366 1942 1422 1970 Nec
1433 1950 1496 1969 vero
1514 1943 1580 1970 satis
1599 1941 1653 1969 illis
1665 1941 1726 1974 fuit,

937 1990 1009 2024 quo'd
1023 1998 1072 2024 per
1090 1990 1209 2024 priorem
1223 1993 1399 2021 conventum,
1420 1989 1447 2016 in
1455 1989 1514 2023 ejus
1533 1988 1580 2024 qui
1600 1989 1726 2015 moechos

936 2036 1078 2071 copularat
1095 2036 1259 2070 receptione,
1274 2042 1469 2069 sacrorumque
1486 2042 1549 2062 cum
1558 2042 1590 2061 co
1600 2042 1726 2063 commu-

936 2083 1029 2115 nione,
1046 2082 1256 2118 Parasynagogi,
1269 2086 1298 2109 ut
1310 2081 1421 2108 divinus
1435 2081 1555 2116 loquitur
1567 2080 1681 2108 Basilius
1690 2081 1725 2113 ",

936 2129 1000 2157 facti
1016 2133 1081 2156 sunt
1096 2137 1103 2155 :
1123 2128 1172 2156 sed
1189 2132 1218 2155 ut
1243 2127 1356 2155 lueresis
1385 2127 1518 2154 absoluto:
1536 2134 1636 2153 nomen
1665 2127 1725 2153 adi.

936 2176 1116 2211 piscerentur,
1133 2174 1160 2202 in
1174 2174 1258 2202 altera
1273 2174 1382 2210 publica
1394 2173 1498 2209 synodo
1512 2180 1559 2200 eos
1578 2172 1624 2207 qui
1641 2180 1725 2207 pravo

937 2221 1059 2256 ipsorum
1088 2219 1175 2247 errori
1195 2227 1251 2247 non
1272 2219 1455 2252 adhaeserant,
1482 2223 1531 2245 aut
1567 2218 1725 2246 universam

937 2267 1028 2302 potius
1047 2266 1196 2294 Eeclesiam
1212 2265 1387 2297 catholicam,
1406 2265 1573 2292 anathemati
1598 2264 1726 2297 subjcce-

937 2317 1019 2340 runt:
1035 2317 1064 2340 et
1086 2316 1221 2346 quotquot
1238 2311 1370 2338 hactenus
1387 2310 1415 2337 in
1442 2314 1618 2345 conspectum
1642 2317 1726 2336 vene—

938 2362 1011 2391 runt,
1032 2358 1132 2393 partim
1156 2357 1292 2392 loginquis
1315 2356 1419 2383 exsiliis
1448 2355 1607 2387 multantes,
1623 2356 1725 2390 partim

937 2403 1094 2431 carceribus
1112 2403 1295 2435 includentes,
1307 2402 1450 2437 pristinam
1470 2401 1569 2429 usitato
1587 2401 1633 2429 hic
1649 2409 1725 2428 more

939 2449 1158 2485 persecutionem
1197 2452 1373 2475 renovarunt.
1394 2448 1434 2475 Ac
1460 2447 1557 2474 nefarii
1591 2447 1726 2475 sermonis

936 2495 1063 2530 praesidio
1086 2502 1115 2521 se
1130 2494 1205 2529 ipsos
1225 2494 1387 2521 defendunt.
1408 2493 1561 2523 Adulterini
1591 2493 1724 2528 siquidem

934 2540 1056 2576 coniugii
1073 2540 1304 2575 conjtuictionem,
1316 2539 1546 2575 dispensationem
1559 2547 1619 2566 cSSe
1628 2541 1725 2571 det-er.

934 2589 1022 2612 nunt:
1039 2585 1066 2612 in
1091 2585 1202 2620 regibus
1231 2584 1337 2611 divinas
1360 2583 1434 2618 leges
1463 2583 1530 2610 nihil
1550 2591 1631 2618 posse
1656 2584 1725 2611 doti-

934 2630 1033 2658 niunt:
1051 2637 1099 2661 eos
1111 2630 1158 2665 qui
1169 2638 1218 2665 pro
1232 2630 1347 2657 veritate
1359 2637 1391 2656 ac
1403 2629 1507 2664 justitia
1515 2636 1600 2664 usque
1610 2629 1644 2656 ad
1655 2637 1725 2656 san-

939 2675 1050 2710 guinem
1066 2675 1237 2707 restiterunt,
1256 2679 1283 2702 ut
1296 2675 1496 2703 Prtecursorcm
1514 2679 1542 2702 ct
1563 2674 1725 2709 Chrysusto-

941 2729 1026 2754 mum,
1051 2721 1149 2749 imitari
1171 2726 1284 2749 vetant:
1309 2720 1468 2756 episcopum
1504 2729 1725 2758 unumquemque
