1926 3078
217 139 287 173 1019

844 134 876 164 S.
903 131 1099 164 TIIEODORI
1119 130 1292 162 STUDlTlE

1769 126 1841 159 Π)Ξῦ

213 196 246 224 in
261 201 355 223 sacros
374 201 502 226 canones.
523 198 623 228 praeter
652 201 685 222 ea
701 201 762 228 qua;
778 192 806 220 in
833 191 886 220 illis
899 192 1000 218 statuta

1064 185 1146 222 ὒσπερ
1158 185 1204 212 τδν
1221 185 1380 221 Πρόδρομον
1403 185 1451 211 καὶ
1464 182 1671 220 Χρυσόστομον,
1695 183 1842 217 μιμεῖσθαι

213 243 281 276 sint,
296 244 459 277 potestatem
474 240 576 268 habere
592 240 780 277 pronuntiant.

252 374 343 408 Quare
365 373 389 401 si
413 380 494 408 quem
511 371 582 400 forte
605 371 691 399 sacris
705 369 843 398 initiatum
863 368 1004 404 conlingat

219 421 289 448 clam
306 418 428 455 palamve
442 425 590 451 canonum,
615 424 664 452 per
689 424 758 452 quos
775 415 911 450 depositio
935 415 1004 442 irro-

217 471 307 502 gatur,
328 472 405 492 reum
431 464 537 497 teneri;
558 464 632 491 hunc
661 463 718 491 sola
745 463 861 490 volentis
886 462 1006 490 auctori-

218 515 284 543 tate,
303 509 480 545 depositionis
498 512 634 537 exsortem
651 515 774 536 manere.
797 507 921 540 Quorum
945 514 1005 534 om-

219 557 295 584 nium
308 556 386 583 testis
401 554 487 588 estis,
514 554 560 590 qui
580 554 663 581 variis
683 553 836 581 canonibus
861 560 924 580 cum
944 552 1005 579 aliis

220 601 367 629 obstrictus
395 605 516 633 tenetur,
546 599 663 627 adulteri
692 598 843 633 copulator,
869 605 923 625 una
942 604 1004 625 cttm

221 648 288 682 ipsis
302 647 411 682 publice
425 647 593 674 ministrans.
610 646 706 674 Testes
718 645 736 672 ii
759 645 815 680 qui,
827 645 892 672 dum
907 644 1007 679 iniqui-

222 697 293 720 tates
309 698 437 728 tanquam
459 687 678 727 dispensationes
702 691 806 719 faciunt
823 699 831 725 ;
851 691 878 718 in
896 698 930 718 eo
947 691 1007 725 ipso

223 743 281 765 tum
296 738 372 771 alios,
390 743 446 765 tum
466 745 495 765 se
507 737 581 773 ipsos
601 742 710 765 sanctos
725 741 833 770 vocant,
851 739 879 764 et
893 744 942 763 eos
959 735 1007 771 qui

223 784 285 812 illas
305 791 361 811 non
379 783 537 815 admittunt,
564 784 638 811 velut
651 791 666 810 a
684 783 740 810 Deo
767 783 872 810 alienos
893 782 1009 810 anathe-

225 833 298 857 mate
318 829 430 857 feriunt.
451 829 542 857 Testis
554 829 635 856 etiam
650 836 710 864 qua:
735 828 780 856 hic
789 828 895 856 exsistit
913 835 1008 863 perse-

223 875 309 902 cutio.
323 874 393 908 Quid
408 874 490 909 igitur
506 874 539 902 ad
554 874 622 907 haec,
638 853 754 906 ojbeate,
778 853 927 902 dicendus;
945 873 1008 901 est?
1024 853 1044 882 Β

224 921 277 948 nisi
291 920 471 956 apostolicum
489 920 555 947 illud
568 929 575 947 :
595 920 672 947 Nunc
685 920 839 947 Antichristi
855 917 930 946 multi
943 919 1007 954 facti

223 971 283 993 sunt
299 967 325 1000 ¹;
340 967 362 993 si
377 966 476 994 divinis
490 966 596 1002 legibus
614 972 642 994 et
669 966 819 994 canonibus
845 974 941 993 omnes
957 966 1008 993 bo-

224 1012 312 1038 mines
324 1011 423 1039 subditi
439 1019 494 1039 non
517 1019 624 1039 sumus.
643 1011 690 1039 llis
709 1019 774 1048 ergo
796 1019 811 1039 a
836 1011 1009 1046 simplicitate

224 1062 316 1084 nostra
334 1058 393 1085 sine
407 1057 470 1085 fuco
485 1058 627 1092 expositis,
647 1065 741 1085 vocem
764 1065 837 1084 nunc
861 1057 934 1084 illam
956 1063 1008 1090 qua

224 1104 385 1138 coryphaaus
400 1111 461 1131 cum
489 1103 600 1139 reliquis
621 1102 750 1138 apostolis
775 1102 913 1130 Christum
936 1109 1009 1129 com-

225 1149 342 1182 pellavit,
367 1157 428 1176 cum
457 1149 539 1176 maris
572 1149 669 1176 ﬂuctus
701 1149 903 1179 excitarentur;
938 1147 1010 1182 apud

225 1194 326 1221 Christi
340 1194 512 1221 imitatricem
527 1194 722 1221 beatitudinem
735 1198 810 1220 tuam
829 1193 1008 1220 adhibemus:

227 1237 307 1265 Salva
318 1246 375 1270 nos,
393 1239 564 1273 archipastor
577 1238 704 1266 Ecclesiae
718 1246 778 1273 quae
794 1238 845 1265 sub
868 1238 936 1265 coelo
957 1242 1009 1270 est,

227 1284 342 1317 perimus
353 1284 373 1310 '.
392 1283 501 1310 Imitare
517 1284 674 1318 magistrum
695 1287 773 1310 tuum
788 1283 937 1313 Christum.
954 1290 1009 1309 ma-

167 1328 173 1333 ”
227 1335 348 1362 numque
364 1327 491 1355 Ecclesiae
507 1332 608 1355 nostra!
620 1328 737 1363 porrige.
763 1328 833 1355 sicut
851 1328 895 1355 ille
912 1328 1009 1355 Petro:

228 1373 281 1400 nisi
300 1373 372 1407 quod
398 1373 442 1400 ille
456 1373 596 1408 incipienti
621 1374 649 1400 in
663 1381 739 1401 mare
759 1373 857 1409 mergi,-
874 1377 902 1401 tu
919 1378 1011 1401 autem

227 1426 323 1446 rursus
340 1419 395 1453 jam
415 1427 511 1446 mersa:
528 1420 555 1446 in
568 1420 678 1447 lueresis
694 1419 837 1454 profundo.
860 1419 1010 1451 Aimulare.

229 1471 382 1498 precamur,
403 1465 590 1499 cognominem
612 1465 658 1492 tibi
678 1466 789 1500 Papam,
807 1470 888 1500 atque
908 1470 938 1493 ut
956 1466 1011 1499 ille,

229 1510 379 1544 pullulantc
395 1514 450 1536 tum
464 1510 562 1538 haeresi
575 1511 753 1546 Eutychiana.
770 1511 909 1538 leoninum
920 1512 946 1538 in
958 1519 1013 1538 mo-
1027 1521 1050 1550 ο

230 1564 287 1583 rem
307 1556 402 1590 spiritu
423 1561 597 1590 experrectus
612 1561 663 1589 est,
681 1561 712 1583 ut
726 1564 821 1584 omnes
837 1562 948 1589 norunt.
964 1558 1012 1585 do-

230 1602 354 1636 gmaticis
373 1603 430 1629 suis
456 1602 599 1637 epistolis:
616 1603 655 1630 sic
680 1607 707 1630 et
729 1608 768 1635 tu,
795 1603 886 1631 dicere
914 1604 1011 1638 audeo,

228 1648 304 1682 juxta
318 1655 417 1674 nomen
439 1648 510 1682 quod
526 1648 607 1683 geris.
637 1648 719 1684 irrugi
747 1649 888 1682 divinitus,
907 1650 950 1677 vel
966 1658 1014 1685 po-

231 1694 284 1720 tius
315 1693 408 1720 intona
434 1698 527 1721 contra
560 1698 723 1728 prmsentem
750 1694 820 1721 hanc
833 1694 970 1727 hmresim,
986 1699 1015 1722 ut

231 1739 320 1767 decet.
336 1739 363 1766 Si
385 1739 458 1766 enim
472 1738 528 1770 isti,
545 1743 667 1773 arrogata
688 1739 739 1766 sibi
750 1740 921 1772 auctoritate,
934 1742 1016 1768 haere-

232 1785 314 1811 ticam
339 1783 473 1819 synodum
490 1790 587 1818 cogere
604 1783 682 1810 veriti
698 1791 752 1810 non
768 1789 842 1817 sunt,
858 1785 905 1819 qui
919 1792 954 1812 ne
970 1792 1015 1812 or-

232 1829 379 1856 thodoxam
395 1827 503 1862 quidem
519 1828 622 1862 absque
633 1828 787 1864 cognitione
806 1834 907 1863 vestra,
927 1834 958 1857 ut
966 1838 1016 1858 an-

233 1875 325 1909 tiquus
339 1882 398 1901 mos
409 1873 523 1905 obtinet,
535 1881 632 1908 cogere
649 1877 797 1908 potuerunt
813 1883 820 1901 :
841 1879 944 1909 quanto
960 1883 1017 1903 tua-

233 1921 274 1957 gis
289 1928 396 1956 aequum
411 1924 492 1954 atque
510 1919 577 1947 adeo
594 1919 778 1947 necessarium
794 1920 876 1948 fuerit
899 1922 970 1956 (cum
986 1922 1019 1949 ti-

234 1976 310 1996 more
323 1965 502 2002 suggerimus)
519 1965 553 1993 ab
577 1965 671 1993 divino
686 1970 734 1992 tuo
748 1966 901 2001 principatu
927 1967 1019 2006 legiti-

233 2023 305 2044 mam
323 2014 454 2048 synodum
467 2012 610 2040 convocari
631 2016 662 2039 ut
691 2012 873 2040 orthodoxum
892 2012 1019 2042 Ecclesite

232 2059 329 2093 dogma
343 2059 500 2086 haereticum
509 2058 635 2086 extrudat
645 2068 652 2085 :
662 2062 783 2092 etneque
797 2065 923 2093 suprema
932 2059 1020 2095 digni—

235 2109 276 2131 tas
287 2108 331 2131 tua
340 2110 401 2130 cum
423 2102 582 2130 orthodoxis
591 2102 719 2129 omnibus
733 2103 904 2131 anathemate
912 2109 1021 2131 notetur

233 2158 248 2177 a
258 2149 335 2177 novis
344 2149 528 2184 nugatoribus;
538 2156 625 2182 neque
632 2148 782 2183 iniquitatis
791 2157 872 2184 porro
878 2149 1020 2178 classicum

1053 232 1274 268 ἀπαγορεύουσιν
1284 239 1291 247 ’
1308 231 1425 258 ἕκαστον
1438 231 1492 257 τῶν
1521 228 1657 265 ίεραρχῶν
1671 227 1843 262 ὲξουσιάξειν

1052 277 1082 304 ὲν
1090 278 1148 309 τοῖς
1165 277 1249 309 θείοις
1272 276 1378 309 κανόσι,
1393 276 1471 312 παρὰ
1487 275 1522 302 τὰ
1544 276 1573 302 ιν
1589 275 1682 306 αὐτοῖς
1697 282 1844 301 κεκανονι-

1053 323 1153 359 σμένα,
1161 322 1371 357 ἀποφαίνονται.

1088 371 1145 397 Καὶ
1158 369 1201 397 διὰ
1212 368 1291 395 τοῦτο
1305 367 1407 395 όπόταν
1429 367 1500 403 τύχῃ
1514 366 1563 393 καὶ
1576 365 1707 400 κρυπτῶς
1723 364 1770 391 καὶ
1789 365 1843 399 ἑμ-

1055 416 1147 452 φανῶς
1175 414 1278 442 ἁλῶναί
1303 422 1365 441 τινα
1387 413 1442 440 τῶν
1466 412 1623 448 ἱερωμένων
1639 411 1844 446 καθαιρετικοίς

1055 462 1161 492 κανόσι.
1180 462 1214 496 τῇ
1229 460 1277 487 τοῦ
1293 459 1459 496 βουλομένου
1474 457 1584 492 ἑξουσίᾳ.
1609 456 1702 492 μένειν
1724 456 1844 483 ἁκαθαί-

1056 516 1145 544 ρετον.
1162 507 1218 534 Καὶ
1234 506 1340 542 μάρτυς
1363 505 1411 531 τοῦ
1427 504 1523 539 λόγου,
1548 504 1563 530 ό
1580 503 1722 539 διαφόροις
1744 501 1844 529 κανόσι

1057 555 1107 581 σὺν
1119 553 1210 585 ἄλλοις
1222 551 1432 586 κεκρατημένος
1450 547 1659 584 μοιχοζεύκτης.
1676 548 1723 575 καὶ
1737 547 1844 574 συλλει-

1055 598 1179 633 τουργῶν
1190 598 1282 629 αὐτοῖς
1297 595 1426 631 δημοσίᾳ.
1453 594 1523 625 Τοὺς
1534 592 1707 627 παρανομίας
1721 592 1759 623 ὡς
1768 592 1843 618 οἰκο-

1056 643 1156 679 νομίας
1167 642 1322 673 ποιοῦντας.
1339 640 1438 671 ἄλλους
1460 647 1489 666 τε
1508 639 1556 665 καὶ
1574 638 1687 669 ἑαυτοὺς
1702 636 1798 670 ἁγίους
1812 635 1844 661 ἐν

1056 689 1146 725 τούτῳ
1158 687 1322 723 ὀνομάζουσι
1332 695 1340 702 ·
1363 686 1411 712 καὶ
1435 685 1499 716 τοὺς
1514 684 1552 720 μὴ
1562 683 1665 714 ταύτας
1692 680 1844 718 προσιεμέ-

1057 745 1140 768 νους,
1168 735 1207 764 ὡς
1229 731 1465 769 ὴλλοτριωμένους
1490 730 1559 757 Θεοῦ
1591 728 1842 764 ἀναθεματίζουσι·

1061 782 1165 817 μάρτυς
1180 780 1208 807 δὲ
1218 779 1358 807 κάνταῦθα
1372 777 1420 805 τοῦ
1432 777 1512 812 λόγου
1527 776 1565 804 ὢν
1576 776 1625 803 καὶ⁸
1638 776 1652 802 ό
1665 774 1796 809 διωγμός.
1810 772 1845 800 Τί

1059 825 1105 854 οὖν
1120 827 1194 853 ἔστιν
1203 827 1231 853 ὲν
1243 824 1359 856 τούτοις,
1372 820 1395 851 ὧ
1411 823 1513 858 μάκαρ,
1529 822 1632 855 είπεῖν;
1644 820 1662 857 ἢ
1677 820 1708 847 τδ
1725 820 1845 846 ἀποστο-

1058 873 1132 900 λικδν
1151 873 1249 904 ἐκεῖνο,
1259 871 1300 898 ὅτι
1311 870 1375 898 Νῦν
1386 869 1495 896 πολλοὶ
1514 868 1710 902 Ἀντίχριστοι
1719 866 1844 901 γεγόνα-

1057 926 1125 946 σιν·
1141 918 1221 952 εἴπερ
1242 917 1280 952 μὴ
1306 915 1358 942 ὑπδ
1372 915 1426 942 τῶν
1439 914 1520 941 θείων
1541 913 1633 948 νόμων
1657 911 1705 939 καὶ
1721 911 1844 938 κανόνων

1058 964 1159 995 πάντες
1173 963 1312 997 ἄνθρωποι
1328 958 1550 994 ὲξουσιαζόμεθα.
1567 957 1678 985 Τούτων
1691 957 1743 992 ἢδη
1759 956 1845 991 ἀψευ-

1058 1009 1112 1041 δῶς
1127 1009 1179 1035 ὑπὸ
1192 1008 1243 1042 τῆς
1258 1006 1396 1038 εὐτελείας
1413 1005 1492 1041 ἡμῶν
1507 1003 1716 1038 ἀνενεχθέντων,
1733 1001 1843 1036 ἐκείνην

1059 1054 1109 1089 τὴν
1122 1053 1224 1089 φωνὴν,
1239 1052 1273 1088 ἥν
1283 1053 1297 1078 ό
1313 1051 1460 1086 κορυφαῖος
1473 1050 1523 1077 σὺν
1537 1049 1595 1079 τοῖς
1607 1048 1710 1079 λοιποῖς
1728 1046 1847 1074 ἀποστό-

1059 1098 1116 1129 λοις
1125 1097 1284 1132 προσήγαγε
1294 1094 1417 1131 Χριστῷ,
1435 1094 1517 1129 ἡνίκα
1536 1093 1550 1120 ό
1561 1092 1612 1127 τῆς
1630 1091 1770 1125 θαλάσσης
1785 1090 1847 1118 κλύ-

1059 1144 1112 1170 δων
1131 1142 1301 1177 ὲπεγείρετο.
1318 1140 1512 1176 προσφέρομεν
1525 1139 1557 1173 τῇ
1570 1137 1789 1174 Χριστομιμήτῳ
1799 1144 1846 1162 σου

1062 1188 1264 1224 μακαριότητι·
1287 1186 1392 1214 Σῶσον·
1421 1184 1510 1220 ἡμᾶς,
1527 1184 1697 1219 ἀρχιποίμην
1722 1182 1774 1217 τῆς
1801 1181 1847 1209 ὑπ’

1060 1232 1175 1268 οὐρανὸν
1195 1231 1369 1266 Ἐκκλησίας,
1385 1227 1723 1264 ἀπολλύμεθα.Μίμησαί
1740 1235 1788 1254 σου
1802 1226 1850 1253 τὸν

1061 1278 1223 1306 διδάσκαλον
1237 1277 1366 1312 Χριστὸν,
1391 1275 1439 1302 καὶ
1450 1275 1543 1311 δρεξον
1554 1274 1634 1309 χεῖρα
1647 1274 1681 1308 τῇ
1699 1272 1760 1300 καθ’
1774 1273 1851 1306 ἡμᾶς

1068 1324 1228 1360 Ἐκκλησία,
1247 1323 1286 1355 ὡς
1298 1323 1399 1353 ἐκεῖνος
1413 1322 1511 1356 Πέτρῳ
1520 1329 1526 1336 ·
1542 1320 1605 1347 ὅσον
1616 1320 1630 1346 ὁ
1645 1319 1694 1354 μὲν
1704 1318 1853 1353 ἀρχομένῳ

1062 1370 1314 1401 καταποντίζεσθαι
1333 1369 1362 1395 ὲν
1381 1369 1414 1404 τῇ
1432 1367 1555 1403 θαλάσσῃ
1565 1374 1572 1382 ·
1589 1366 1670 1397 αὐτὸς
1681 1365 1704 1392 δ’
1717 1362 1750 1391 αὖ
1764 1372 1854 1391 κατα-

1064 1415 1239 1451 ποντισθείσῃ
1252 1415 1304 1450 ἤδη
1320 1415 1350 1440 ὲν
1366 1413 1404 1449 τῷ
1413 1413 1463 1448 τῆς
1479 1413 1611 1448 αἱρέσεως
1627 1410 1855 1446 βάθει.Ζήλωσόν

1065 1471 1123 1494 σου,
1135 1461 1264 1496 δεύμεθα,
1280 1461 1326 1487 τὸν
1340 1460 1486 1495 ὁμώνυμον
1502 1459 1607 1490 πάπαν,
1625 1458 1674 1485 καὶ
1683 1457 1720 1489 ὡς
1746 1457 1857 1487 ικεῖνος

1064 1507 1217 1542 τηνικαῦτα
1236 1507 1287 1542 τῆς
1303 1505 1506 1540 Εὐτυχιανικῆς
1523 1504 1657 1539 αἱρέσεως
1680 1503 1857 1538 ἀναφυείσης

1065 1553 1200 1580 λεόντειόν
1215 1560 1275 1583 πως
1286 1551 1416 1587 διηγέρθη
1434 1551 1473 1586 τῷ
1489 1550 1635 1585 πνεύματι,
1644 1549 1682 1581 ὡς
1699 1549 1775 1575 ισασι
1788 1548 1857 1574 πάν-

1065 1607 1122 1631 τες,
1136 1600 1197 1630 ταῖς
1219 1598 1399 1632 δογματικαῖς
1414 1596 1498 1623 αὐτοῦ
1525 1595 1699 1625 ἐπιστολαῖς·
1715 1593 1789 1620 οὕτω
1804 1593 1858 1620 καὶ

1067 1645 1160 1677 αὐτὸς,
1177 1644 1270 1679 τολμῶ
1295 1644 1396 1678 λέγειν,
1427 1642 1608 1677 φερωνύμως,
1632 1640 1731 1676 βρύξον
1754 1639 1856 1670 θείως·

1069 1691 1171 1727 μᾶλλον
1184 1690 1214 1717 δὲ
1230 1689 1378 1725 βρόντησον
1393 1688 1464 1715 κατὰ
1474 1688 1525 1722 τῆς
1538 1685 1678 1722 παρούσης
1692 1684 1859 1717 κακοδοξίας

1067 1738 1101 1764 τὰ
1121 1736 1224 1764 είκότα,
1244 1736 1276 1762 Et
1301 1734 1357 1770 γὰρ
1380 1731 1454 1761 οὗτοι
1472 1734 1581 1764 ἑαυτοῖς
1607 1731 1859 1767 ὲξαυθεντήσαντες

1068 1784 1210 1820 αἱρετικὴν
1230 1782 1338 1809 σύνοδον
1350 1779 1529 1816 ἐκπληρῶσαι
1552 1779 1602 1806 οὐκ
1612 1779 1729 1811 ἔδεισαν,
1753 1777 1859 1812 καίπερ

1069 1831 1094 1857 εί
1109 1830 1156 1857 καὶ
1167 1827 1307 1864 όρθόδοξον
1317 1827 1368 1854 οὐκ
1381 1826 1447 1854 ἄνευ
1464 1825 1515 1860 τῆς
1530 1824 1609 1860 ὑμῶν
1634 1824 1766 1858 είδήσεως
1780 1822 1858 1854 ἔξου-

1070 1875 1218 1908 σιάζοντες,
1233 1874 1271 1905 ὠς
1280 1873 1312 1900 τδ
1330 1872 1434 1900 ἀνωθεν
1449 1869 1621 1907 κεκρατηκὸς
1635 1869 1696 1900 ἔθος
1705 1876 1712 1884 ³
1731 1868 1807 1902 πόσῳ
1820 1875 1858 1902 γε

1072 1920 1172 1957 μᾶλλον
1183 1919 1295 1953 εὔλογον
1306 1918 1354 1945 καὶ
1365 1917 1514 1951 ἀναγκαῖον
1529 1915 1562 1942 ἂν
1573 1914 1628 1949 εῐη,
1644 1913 1859 1948 ὑπομιμνήσκει.

1072 1975 1122 2002 μεν
1135 1965 1219 2000 φόϐῳ,
1235 1964 1289 1991 ὑπὸ
1302 1963 1353 1998 τῆς
1380 1962 1456 1994 θείας
1471 1960 1650 1998 πρωταρχίας
1667 1967 1726 1991 σου,
1741 1957 1860 1992 ιννομον

1071 2011 1238 2048 κροτηθῖψαι
1261 2010 1381 2042 σύνοδον,
1399 2009 1437 2041 ὡς
1452 2008 1486 2035 ἂν
1510 2007 1542 2034 τδ
1566 2005 1708 2041 όρθόδοξον
1726 2004 1778 2039 τῆς
1795 2003 1861 2030 Ἐκ-

1072 2058 1187 2094 κλησίας
1213 2055 1312 2091 δόγμα,
1342 2055 1372 2081 τὸ
1397 2053 1535 2089 αἱρετικὸν
1561 2050 1785 2086 ἀποκρούσηται·
1808 2048 1861 2075 καὶ

1075 2104 1168 2139 μήτε-1]
1183 2101 1370 2137 κορυφαιότης
1387 2108 1434 2127 σου
1451 2100 1500 2126 σὺν
1525 2098 1614 2127 ἅπασι
1626 2097 1684 2128 τοῖς
1704 2093 1861 2131 ὸρθοδόξοις

1074 2147 1301 2184 ἀναθεματίζοιτο
1326 2145 1402 2181 παρὰ
1414 2144 1470 2171 τῶν
1491 2144 1560 2171 νέων
1584 2140 1765 2176 κενοφώνων·
1793 2140 1861 2175 μήτ’

234 2195 413 2224 adulterinam
429 2196 499 2223 hanc
509 2195 642 2231 synodum
659 2195 742 2226 nacti,
756 2195 856 2230 quibus
869 2195 896 2222 id
917 2195 1012 2230 placet.

1067 2194 1102 2221 αὖ
1114 2193 1282 2229 ὁρμητήριον
1290 2190 1405 2225 ἀνομίας
1418 2189 1468 2224 τὴν
1483 2187 1673 2223 μοιχοσὺνοδον
1683 2185 1860 2231 εὑρίσκοντες

234 2242 262 2269 in
288 2246 430 2277 peccatum
446 2241 525 2269 facile
548 2241 736 2276 prolabantur.
752 2241 825 2274 Haec,
842 2241 913 2269 sicut
926 2243 1019 2277 parvi-

234 2288 282 2316 tati
295 2295 396 2316 nostrae
413 2287 604 2318 conveniebat.
619 2291 649 2314 ut
668 2287 781 2314 minima
794 2288 924 2316 Ecclesiae
934 2295 1020 2315 mem-

234 2335 281 2362 bra
299 2337 536 2369 repraesentantes,
549 2337 577 2360 et
595 2333 689 2360 divino
704 2333 830 2368 pastorali
847 2338 939 2361 vestro
947 2333 1021 2368 prin-

235 2381 335 2417 cipatui
350 2385 493 2416 parentes;
520 2379 696 2407 obsecramus
719 2379 753 2407 de
777 2383 875 2406 caetero
896 2382 1017 2407 sanctam

235 2427 353 2453 animam
364 2430 494 2457 vestram,
509 2429 539 2452 ut
549 2433 599 2452 nos
612 2432 662 2452 ceu
678 2424 804 2459 proprias
820 2431 884 2451 oves
899 2427 1016 2459 reputet,

234 2474 263 2498 et
282 2470 366 2497 sacris
376 2469 504 2505 precibus
519 2469 577 2497 suis
589 2469 697 2496 eminus
710 2469 837 2501 illustret,
858 2472 939 2502 atque
953 2475 1018 2496 con-

235 2515 333 2543 firmet.
348 2515 426 2548 Quod
453 2515 475 2543 si
491 2514 572 2542 etiam
590 2514 778 2546 documentis;
809 2518 862 2540 tute
878 2514 905 2540 id
937 2513 1020 2541 fuerit

235 2560 334 2588 divinae
349 2560 542 2596 benignitatis:
565 2559 784 2595 quandoquidem
804 2563 832 2586 et
850 2558 976 2586 Christus
985 2559 1019 2586 ad

235 2606 373 2641 Ahgarum
398 2605 517 2640 scripsit.
533 2609 561 2632 et
578 2604 656 2632 multi
672 2603 754 2631 etiam
772 2611 787 2631 e
816 2603 934 2631 subditis
946 2603 1019 2639 digni

237 2652 323 2680 habiti
335 2656 409 2684 sunt,
430 2652 475 2687 qui
493 2651 528 2679 ab
542 2650 671 2687 apostolis
691 2650 847 2684 sanctisque
866 2649 1021 2684 acciperent

236 2699 350 2726 litteras.
370 2698 393 2725 Α
407 2705 451 2725 me
469 2701 560 2725 autem
584 2696 642 2724 solo
652 2701 805 2730 peccatore,
822 2698 851 2722 et
865 2695 893 2722 in
910 2702 1021 2722 carcere

237 2744 358 2778 detento,
367 2743 485 2771 mittitur
499 2743 559 2771 haec
583 2741 707 2777 epistola,
720 2744 864 2777 propterea
877 2741 950 2777 quod
966 2740 1016 2769 Pa-

242 2846 249 2861 ‘
272 2844 371 2874 Noun.
387 2853 416 2878 ιι,
435 2845 476 2873 l9.
515 2846 524 2861 '
541 2843 638 2878 Matth.
658 2850 717 2876 \‘tﬂ.
733 2843 779 2871 25.

1071 2240 1095 2266 οἱ
1111 2238 1267 2273 βουλόμενοι
1296 2234 1538 2263 κατολισθαίνωσιν
1563 2231 1687 2262 εὐπετῶς
1713 2229 1784 2266 πρὸς
1806 2229 1861 2265 τὴν

1072 2283 1219 2319 ἁμαρτίαν.
1236 2281 1339 2313 Ταῦτα,
1352 2279 1390 2311 ὡς
1401 2279 1432 2306 τὸ
1443 2279 1543 2314 ἀνῆκον
1553 2278 1586 2312 τῇ
1597 2275 1753 2310 οὺθενότητι
1765 2273 1859 2310 ἡμῶν,

1072 2327 1282 2362 ἀνηγγελκότες,
1297 2326 1335 2358 ὡς
1349 2325 1478 2360 ὶλάχιοτα
1493 2322 1563 2358 μιλη
1570 2322 1619 2357 τῆς
1627 2320 1800 2355 Ἐκκλησίας.
1809 2320 1861 2346 καὶ

1072 2375 1105 2409 τῇ
1122 2373 1168 2408 ὑφ’
1183 2372 1261 2407 ὑμῶν
1278 2371 1438 2402 ὑπείκοντες
1460 2369 1522 2404 θείᾳ
1538 2366 1738 2402 ποιμεναρχίᾳ·
1755 2365 1788 2392 τὸ
1802 2365 1860 2392 λοι-

1071 2419 1122 2446 πὸν
1132 2417 1293 2452 ὲξαιτοῦμεν
1309 2416 1360 2451 τὴν
1377 2415 1459 2449 ἁγίαν
1482 2413 1569 2448 αὐτῆς
1583 2412 1683 2448 ψυχὴν,
1699 2410 1860 2445 λογίζεσθαι

1071 2467 1144 2501 ἡμᾶς
1166 2464 1204 2496 ὡς
1226 2465 1314 2490 οἰκεῖα
1335 2461 1421 2498 αὐτῆς
1437 2461 1580 2497 πρόσατα,
1608 2459 1657 2486 καὶ
1683 2458 1746 2490 ταῖς
1770 2457 1859 2492 ῑιριίς

1072 2511 1238 2548 προσευχαῖς
1250 2509 1394 2546 πόρρωθεν
1407 2507 1535 2542 φωτίζειν
1548 2505 1596 2533 καὶ
1610 2504 1762 2540 στηρίζειν.
1779 2504 1811 2530 ιιι
1827 2503 1857 2530 δὲ

1073 2557 1120 2583 καὶ
1134 2556 1254 2590 διδαχαῖς
1263 2575 1271 2587 ,
1285 2554 1335 2588 τῆς
1361 2553 1411 2588 σῆς
1421 2553 1455 2580 ἂν
1466 2552 1511 2586 εἴη
1524 2551 1600 2582 θείας
1613 2548 1855 2584 συγκατασάσεως.

1070 2601 1148 2628 Ἐπεὶ
1157 2601 1204 2627 καὶ
1219 2600 1234 2626 ό
1249 2599 1365 2634 Χριστὸς
1381 2598 1502 2633 Δὺγὰρῳ
1513 2595 1674 2623 ὶπέστιιλε·
1698 2595 1746 2621 καὶ
1761 2593 1857 2620 πολλοὶ

1069 2648 1125 2674 τῶν
1139 2647 1294 2681 ὑφειμένων
1320 2643 1396 2680 παρὰ
1415 2642 1574 2670 ἀποστόλων
1588 2641 1637 2668 καὶ
1658 2640 1746 2674 ἁγίων
1761 2638 1855 2674 τράμ-

1071 2703 1144 2730 ματα
1158 2693 1287 2725 δέξασθαι
1311 2691 1531 2726 κατηξιώθησαν.
1556 2688 1624 2725 Παρ¹
1643 2687 1712 2723 ιμοῦ
1725 2687 1757 2714 δι
1773 2687 1854 2721 μόνον

1070 2739 1117 2767 τοῦ
1131 2737 1294 2775 ἁμαρτωλοῦ
1309 2737 1356 2765 καὶ
1366 2735 1534 2772 τηρουμένου
1545 2736 1575 2762 ὲν
1594 2733 1702 2770 φυλακῇ
1713 2733 1731 2769 ἡ
1744 2733 1854 2760 lanno-
