1926 3078
108 132 178 166 1021

719 135 990 168 EPISTOLARUM
1012 135 1085 166 LIB.
1102 135 1126 165 Ι.

1675 132 1746 165 1οῊ

104 193 140 230 λη
149 201 158 211 ο
173 193 220 221 διὰ
228 193 323 226 τδ,τὺν
338 194 448 231 Πατέρα
461 194 509 222 καὶ
522 194 664 223 σύνδουλόν
673 204 725 231 μου
733 195 779 222 τὸν
793 195 900 230 ἐγκλει-

962 213 995 233 ηθι·
1012 210 1217 239 conservusqus
1239 209 1317 231 meus
1335 202 1470 236 inclusus,
1488 206 1516 230 et
1541 190 1746 229 Thessalonicae

108 247 182 272 στον,
195 238 242 266 τόν
256 247 286 266 τε
312 239 530 274 ἀρχιεπίσκοπον
547 242 598 275 τῆς
609 240 823 276 Θεσσαλονίκης,
851 241 899 268 καὶ

105 285 221 320 ἀδελφὺν
232 286 248 321 ὴ
252 284 323 320 μῶν,
334 285 375 317 είς
387 285 484 322 ἑτέρας
494 286 594 322 νήσους
601 286 733 318 ὡσαύτως
743 286 899 322 τηρεῖσθαι.

106 331 182 367 Πλὴν
204 331 252 358 καὶ
265 331 345 358 αὐτοὶ
356 330 390 358 δι’
405 331 485 366 lito-3,
509 332 556 359 καὶ
570 333 619 359 σὺν
638 332 701 367 ἐμοὶ
714 332 749 360 τὰ
768 332 840 360 αὐτὰ
852 333 901 359 καὶ

107 376 273 411 φθέγγονται
289 376 337 403 καὶ
350 376 590 411 προσπτύσσονται
604 378 661 409 τοῖς
684 378 770 413 ίεροτς
781 378 831 413 τῆς
847 385 901 412 μα-

107 422 272 458 καριότητός
287 431 335 449 σου
351 423 467 459 ἴχνεσιν.

336 499 398 527 AA'.
413 515 450 521 —
460 499 503 533 Τῷ
518 499 608 533 αὐτῷ.
621 499 700 538 [get]

951 250 1178 286 archiepiscopus
1201 257 1350 286 germanus
1377 253 1483 281 noster,
1504 247 1533 276 in
1560 247 1622 275 aliis
1645 247 1746 275 insulis

949 295 1052 331 pariter
1073 295 1275 324 custodiuntur.
1294 294 1349 331 Ipsi
1376 294 1554 322 nihilominus
1580 300 1631 328 per
1649 300 1694 320 me
1718 296 1746 320 et
1773 304 1775 306 ν

949 349 1057 369 mecum
1076 341 1173 369 eadem
1189 341 1297 374 dicunt,
1325 345 1354 368 et
1380 339 1467 368 sacris
1488 338 1668 367 beatitudinis
1690 343 1746 366 tua

948 386 1072 423 vestigiis
1090 387 1286 416 advolvuntur.

1115 504 1235 534 XXXIV.
1247 519 1282 526 -—
1298 503 1393 533 Eidem
1411 503 1492 532 Leoni
1508 511 1594 540 papa.

187 568 237 595 Pro
246 568 355 601 acceptis
369 577 438 602 papae
452 570 544 596 litteris
553 570 644 603 gratias
655 572 715 603 agit,
728 574 780 597 tum
792 579 848 604 quas
858 572 888 598 ab
895 573 1044 599 adversariis
1054 577 1125 606 gesta
1135 576 1207 600 erant
1219 574 1331 607 exponit.
1346 574 1448 605 (Baron.
1458 580 1500 598 an.
1510 572 1566 602 809,
1576 579 1602 597 ιι.
1619 570 1669 603 is.)

112 624 156 658 Τῷ
172 623 322 659 toan-ala)
338 623 550 658 μακαριωτάτη)
566 623 826 657 καὶἉποστολικῷ
843 626 900 651 Πα-

145 671 193 706 τρι
209 670 315 698 Λέοντι
329 669 414 704 enixa
430 670 554 704 Ῥώμης,
570 669 698 697 Πλάτων
715 670 902 705 ἕγιιλσιστος,

147 717 196 744 καὶ
215 716 364 787 ῗιόδωρος
383 716 584 750 πρεσϐύτερος
599 716 650 744 καί
664 716 832 752 ἡγούμενος
843 715 903 744 τῶν

146 762 224 788 Στου
246 761 303 788 ίου.

954 625 1066 661 ίΕᾳιιοίί
1076 626 1178 662 angelis
1196 625 1347 653 beatissimo
1362 630 1386 652 et
1400 624 1545 660 apostolico
1562 623 1639 650 Patri
1662 622 1744 650 Leoni

990 680 1067 706 papae
1084 671 1185 705 Roma,
1197 671 1276 698 Plato
1286 671 1414 704 inclusus,
1424 674 1449 698 et
1460 669 1607 698 Theodorus
1616 668 1749 705 presbyter

991 724 1024 743 ac
1031 716 1187 751 praepositus
1200 715 1360 744 Studiensis.

147 807 228 841 Μέγα
247 807 315 842 ἡμῖν
342 807 399 838 τοῖς
415 807 557 839 ταπεινοῖς
572 806 611 839 ὡς
624 806 743 842 ἀληθῶς,
757 807 804 834 καὶ
818 807 903 844 εὐχῆς

989 814 1115 850 Magnum
1130 821 1227 842 revera
1244 813 1324 842 nobis
1345 813 1496 841 humilibus
1515 817 1544 840 et
1561 811 1663 841 summi
1687 810 1747 839 voti

111 853 195 888 ἔργον
210 853 260 889 τῆς
288 853 431 885 ἀνωτάτω,
457 852 599 886 ἁξιωθεῖσι
618 852 746 886 δέξασθαι
761 853 840 889 παρὰ
851 853 902 888 τῆς

110 899 296 935 ἁποστολικῆς
329 899 407 934 ὑμῶν
425 900 629 935 μακαριότητος
649 899 802 936 πρόσρησιν
818 907 903 935 προσ-

111 946 306 982 αγορευτικὴν,
323 946 370 973 καὶ
385 946 439 982 μὴν
453 947 661 982 ἀποσημείωσιν
677 947 732 974 τῶν
746 954 903 981 πνευματο-

111 992 233 1026 κινήτων
247 991 333 1027 αὐτῆς
345 992 427 1027 ιερῶν
436 991 546 1026 λογίων,
558 991 592 1018 δι’
605 991 766 1027 Ἐπιφανίου
781 991 829 1018 τοῦ
840 1000 904 1018 συν-

110 1037 219 1069 δούλου,
237 1037 284 1065 xal
301 1038 446 1073 ἀγαπητοῦ
461 1039 542 1074 ἡμῶν
555 1038 653 1065 τέκνου
663 1045 670 1053 ·
691 1038 740 1065 καὶ
754 1037 841 1065 ταῦτα
855 1046 904 1065 κε-

111 1084 288 1119 κλεισμένοις
314 1082 390 1112 οὖσιν
417 1085 471 1112 ὑπὸ
493 1085 549 1112 τῶν
573 1084 746 1117 κακοδόξων,
768 1085 816 1111 καὶ
841 1084 904 1120 ὕψει

112 1128 294 1164 Θεασαμένοις
322 1128 368 1156 τὸν
379 1129 632 1165 γραμματηφόρον.
647 1129 706 1164 Ἐφ’
717 1126 759 1162 οἷς
773 1129 905 1165 ὲσκιρτή-

112 1184 202 1210 σαμεν
211 1184 217 1190 ·
233 1175 461 1210 ἠγαλλιασάμεθα
473 1184 479 1190 ·
494 1175 785 1212 ἀνθωμολογησάμεθα
796 1176 835 1211 τῷ
848 1176 906 1203 Κυ-

114 1222 178 1257 ρίῳ,
189 1221 228 1257 τῷ
241 1223 298 1254 ταῖς
312 1221 399 1254 θείαις
410 1222 497 1257 αὐτῆς
512 1223 689 1258 προσευχαῖς,
700 1223 735 1249 τὰ
751 1222 818 1258 παρ’
829 1222 907 1249 ἑλπί-

113 1268 148 1294 ὄσ.
160 1267 323 1303 παραδόξως
340 1269 408 1304 ἡμῖν
420 1269 477 1300 τοῖς
493 1268 615 1301 ἀναξίοις
636 1268 815 1305 χαρισαμένῳ
826 1275 833 1283 ·
857 1276 906 1303 μο-

113 1313 223 1348 νονουχὶ
243 1313 291 1339 καὶ
307 1313 374 1349 όρᾷν
390 1313 476 1348 αὐτῆς
501 1314 548 1340 τὸν
577 1313 649 1349 ἱερὸν
669 1313 834 1349 χαρακτῆρα
861 1312 906 1340 διὰ

115 1359 201 1394 μέσου
224 1359 278 1386 τῶν
296 1359 395 1393 φωνῶν
419 1360 648 1395 φανταζομένοις.
668 1359 740 1387 Ἀλλ’
757 1359 827 1395 αὐτὴ
856 1359 907 1395 μὲν

114 1405 351 1442 Χριστομιμήτως
362 1406 410 1433 καὶ
422 1407 632 1443 προσηγόρευκε
640 1407 704 1439 τοὺς
716 1406 847 1439 εὐτελεῖς,
860 1406 908 1432 καὶ

114 1450 330 1488 ἀνεζωπύρησεν
337 1452 416 1488 ἡμῶν
427 1452 457 1479 τὸ
465 1452 731 1489 ﬁnitimis-tippulae
743 1461 773 1480 τε
783 1452 814 1479 τὺ
825 1452 907 1479 ἀσθε-

951 867 1022 895 opus
1032 859 1093 892 fuit,
1110 859 1184 894 quod
1199 859 1274 895 digni
1286 858 1372 886 habiti
1387 865 1494 890 sumus,
1511 857 1557 892 qui
1570 856 1607 884 ab
1634 860 1748 891 aposto-

952 906 1004 934 lica
1019 905 1189 933 beatitudine
1216 909 1309 933 vestra
1333 903 1508 932 salutationis
1540 902 1748 934 allocutionem.

952 956 980 981 et
992 959 1133 980 sacrorum
1145 951 1206 986 ejus
1225 951 1272 986 qui
1285 958 1301 978 a
1321 950 1419 986 spiritu
1431 953 1578 977 moventur
1588 955 1748 976 sermonum

953 998 1180 1034 signiﬁcationem
1194 997 1391 1032 acciperemus,
1405 1003 1455 1031 per
1478 1001 1642 1022 conservum
1656 1001 1689 1021 ac
1705 993 1748 1021 di-

953 1044 1054 1072 lectum
1063 1043 1151 1072 lilium
1170 1047 1294 1070 ucstrum
1307 1040 1491 1076 Epiphaniam
1506 1048 1514 1073 ;
1526 1044 1555 1067 et
1566 1039 1636 1071 haec,
1647 1038 1748 1066 inclusi

953 1090 1019 1118 licet
1030 1094 1173 1117 teneamur
1183 1089 1218 1117 ab
1243 1088 1397 1121 haereticis;
1413 1093 1496 1123 atque
1523 1088 1560 1115 ita
1579 1091 1610 1115 ut
1632 1086 1747 1114 tabella-

953 1135 1026 1162 rium
1047 1135 1137 1170 ipsum
1152 1134 1239 1162 oculis
1252 1133 1486 1169 conspexerimus.
1502 1131 1687 1166 Quamobrem
1697 1131 1746 1159 lte-

954 1181 1013 1209 titia
1024 1180 1230 1213 essultavimus,
1255 1180 1340 1215 gavisi
1366 1186 1472 1212 sumus,
1499 1178 1613 1206 Domino
1648 1177 1749 1213 gratias

954 1226 1071 1262 egimus,
1092 1225 1138 1259 qui
1161 1224 1262 1252 divinis
1294 1223 1366 1251 illius
1380 1223 1509 1259 precibus
1527 1230 1559 1250 ea
1581 1230 1643 1257 qua:
1671 1229 1750 1257 spem

955 1276 1078 1300 nostram
1092 1269 1258 1306 superabant
1270 1269 1350 1297 nobis
1368 1269 1487 1305 indignis
1502 1268 1572 1296 miro
1589 1267 1671 1295 modo
1694 1267 1750 1294 lar-

956 1317 1029 1353 gitus
1040 1320 1101 1344 est:
1122 1315 1158 1342 ita
1173 1319 1204 1342 ut
1228 1314 1314 1349 ipsam
1335 1313 1532 1349 propemodum
1556 1320 1662 1340 sacram
1687 1312 1749 1347 ejus

956 1363 1072 1390 formam
1090 1369 1139 1396 per
1158 1360 1316 1395 interiectas
1338 1367 1419 1387 voces
1437 1359 1532 1386 videre
1543 1358 1624 1386 nobis
1643 1357 1751 1385 videro-

956 1416 1028 1436 mur.
1047 1407 1147 1434 Verum
1168 1407 1212 1433 illa
1227 1405 1337 1440 quidem
1352 1404 1386 1433 ad
1405 1404 1507 1432 Christi
1527 1403 1684 1439 exemplum
1697 1410 1749 1430 nos

959 1454 1077 1482 humiles
1091 1452 1173 1480 allata
1187 1456 1239 1483 est,
1256 1455 1284 1479 et
1296 1454 1403 1478 mentes
1417 1453 1525 1477 nostras
1538 1448 1680 1479 recreavit,
1699 1447 1753 1475 im-

115 1497 172 1529 νὲς.
186 1497 235 1524 καὶ
248 1486 419 1533 tenemus
443 1499 475 1526 τὺ
486 1486 604 1535 ἀδρανὲς
614 1507 621 1514 '
638 1486 721 1527 olovsl
735 1498 908 1533 ἑπαλείψασα

962 1499 1136 1529 becillitatem
1150 1496 1350 1528 corroboravit,
1371 1495 1587 1531 languentesque
1602 1493 1750 1522 conﬁrma-

115 1545 174 1575 τοῖς
189 1544 260 1579 ὑπὲρ
277 1545 351 1580 ἡμᾶς
366 1545 586 1581 παρακλητικοῖς
603 1545 652 1572 xal.
666 1545 834 1576 νουθετικοῐς
848 1543 912 1579 φθέ-

118 1599 225 1625 γμασι·
245 1592 357 1627 στήκειν
373 1600 404 1618 τε
416 1593 445 1619 ὲν
467 1593 501 1628 τῇ
522 1591 657 1628 ὁρθοδόξῳ
680 1591 772 1618 πίστει
792 1590 911 1622 ὰκλινῶς

119 1636 204 1671 μέχρι
219 1636 314 1669 τέλους
327 1637 526 1673 παρεγγυῶσα.
541 1638 597 1666 Kal
616 1637 723 1672 γένοιτο
740 1638 807 1673 ἡμῖν
828 1637 912 1669 ίλέοις

118 1682 207 1717 αὐτῆς
223 1683 386 1718 ἱκετηρίαις.
404 1684 499 1719 Ἡμεῖς
513 1684 542 1712 δὲ
553 1685 578 1711 οί
593 1684 716 1716 οὐθενεῖς
726 1685 774 1712 καὶ
785 1684 868 1712 πάλιν
880 1682 911 1711 εὖ

119 1728 194 1764 ἔχειν
208 1729 402 1764 νενομίκαμεν,
412 1729 508 1766 ὥσπερ
520 1730 550 1757 τὸ
562 1732 696 1766 πρότερον
711 1730 744 1757 δι’
757 1730 841 1758 αὐτοῦ
854 1730 914 1758 τοῦ-

119 1775 148 1801 δε
161 1774 210 1801 τοῦ
223 1776 388 1802 πιστοτάτου
403 1775 482 1811 ἡμῶν
497 1776 737 1812 γραμματηφόρου
749 1796 757 1808 ,
776 1777 823 1804 καὶ
833 1775 913 1808 αὖθις

119 1820 156 1848 δι’
175 1820 328 1848 Εὐσταθίου
344 1821 391 1848 τοῦ
405 1822 500 1856 ἑτέρου
525 1821 573 1850 καὶ
595 1822 679 1849 αὐτοῦ
695 1821 775 1857 ήμῶν
794 1823 912 1855 τέκνον,

120 1865 195 1892 οὕτω
211 1867 259 1893 καὶ
273 1865 321 1893 νῦν
337 1867 496 1901 ἀνενεγκεῖν
523 1867 593 1903 αὐτῇ
619 1867 655 1894 τὰ
668 1867 771 1895 εἰκότα.
798 1867 913 1900 Σύνοδος

121 1911 236 1946 γέγονεν
248 1912 278 1938 ὲν
291 1913 348 1944 τοῖς
363 1912 424 1939 καθ’
444 1913 529 1947 ἡμᾶς,
542 1910 565 1940 ὦ
586 1913 793 1948 μακαριώτατι,
812 1912 914 1948 πάνδη-

124 1965 176 1992 μος
189 1957 429 1991 συγκαθεσθέντων
440 1958 487 1985 καὶ
502 1959 643 1994 ἀρχόντων
651 1958 707 1986 τῶν
718 1959 748 1986 ιν
764 1959 837 1986 τέλει
846 1967 854 1974 ·
867 1959 914 1986 καὶ

123 2003 141 2038 ἡ
157 2003 269 2035 σύνοδος
282 2004 327 2030 ἐπ’
338 2004 467 2039 domm
483 2005 532 2031 τοῦ
546 2005 714 2039 Εὖαγγιλίου
724 2004 773 2032 τοῦ
783 2005 913 2041 Χριστοῦ,

123 2046 155 2078 οὖ
171 2051 204 2076 σὺ
221 2049 270 2082 τὰς
284 2050 358 2082 κλεῖς
372 2050 454 2084 ἐδέξω
479 2050 549 2086 πρὸς
575 2050 676 2084 αὑτοῦ,
697 2051 741 2078 διὰ
758 2051 844 2086 μέσου
867 2050 914 2078 τοῦ

122 2095 181 2123 τῶν
204 2095 364 2122 ἀποστόλων
388 2095 595 2131 πρωτοστάτου,
612 2096 732 2124 καὶτῶν
755 2097 915 2130 ἀμοιϐαδὸν,

960 1547 1010 1579 vit,
1019 1545 1076 1573 suis
1087 1551 1137 1572 nos
1148 1543 1225 1579 quasi
1236 1549 1390 1578 perungens
1418 1545 1527 1576 captum
1538 1543 1662 1568 nostrum
1673 1546 1753 1567 esea—

960 1592 1089 1622 dentibus
1111 1588 1311 1621 consolatoriis,
1339 1587 1548 1622 monitoriisque
1569 1585 1752 1618 sermonibus,

962 1640 990 1667 in
1010 1638 1063 1666 ﬁde
1084 1636 1236 1665 orthodoxa
1256 1638 1416 1662 constanter
1428 1633 1462 1660 ad
1486 1632 1568 1659 ﬁnem
1585 1638 1671 1666 usque
1693 1638 1754 1658 ma-

961 1692 1029 1712 nere
1040 1681 1219 1718 persuadens,
1233 1679 1306 1715 quod
1322 1678 1426 1706 utinam
1439 1676 1565 1713 propitiis
1581 1676 1642 1711 ejus
1661 1675 1754 1711 preci-

962 1731 1016 1759 bus
1036 1730 1072 1757 ita
1091 1727 1173 1756 nobis
1203 1725 1354 1761 contingat.
1370 1724 1427 1752 Nos
1450 1730 1516 1751 vero
1530 1722 1610 1750 nihili
1637 1722 1755 1749 homun-

962 1775 1056 1804 ciones
1080 1772 1227 1802 convenire
1251 1769 1478 1801 existimavimus,
1506 1767 1586 1796 sicuti
1609 1770 1688 1794 antea
1706 1773 1756 1801 per

964 1821 1037 1850 hunc
1063 1818 1224 1846 ﬁdissimum
1246 1815 1419 1844 tabellarium
1449 1818 1588 1846 nostrum,
1610 1815 1638 1839 et
1661 1817 1755 1847 postca

964 1873 1014 1902 per
1035 1863 1207 1892 Eustathium
1221 1862 1338 1889 alterum
1354 1860 1440 1887 ﬁlium
1466 1864 1603 1891 nostrum,
1626 1857 1663 1885 ita
1681 1864 1757 1884 nunc

965 1901 1046 1937 etiam
1059 1907 1093 1935 ad
1103 1906 1226 1934 eamdem
1241 1905 1344 1933 referre
1355 1911 1387 1931 ea
1405 1911 1467 1939 qua:
1481 1910 1531 1938 par
1542 1906 1595 1930 est.
1613 1901 1755 1938 Synodus.

964 1963 982 1983 ο
998 1952 1164 1985 beatissime,
1183 1951 1256 1987 apud
1271 1958 1322 1978 nos
1341 1950 1450 1985 publica
1483 1949 1621 1977 celebrata
1646 1953 1699 1981 est,
1725 1947 1758 1975 iis

965 2001 1059 2032 etiam,
1076 1998 1123 2034 qui
1140 1997 1299 2033 magistatus
1317 2000 1425 2032 gerunt,
1451 2002 1506 2023 una
1536 1994 1757 2025 considentibus.

965 2051 994 2074 et
1012 2045 1131 2081 synodus
1141 2043 1176 2071 ad
1199 2042 1458 2070 condemnationem
1478 2041 1618 2077 Evangelii
1642 2040 1756 2073 Christi.

966 2093 1045 2127 cuius
1057 2095 1085 2119 tu
1101 2090 1192 2118 claves
1213 2089 1247 2116 ab
1264 2089 1381 2124 ipsemet
1406 2088 1535 2123 accepisti
1552 2095 1603 2122 per
1624 2086 1760 2115 interme-

126 2141 210 2176 μέχρι
226 2140 274 2168 τοῦ
292 2142 523 2177 προηγησαμένου
537 2142 587 2178 τὴν
602 2142 756 2179 ἱερωτάτην
769 2151 817 2170 σου
831 2151 911 2178 κιφα-

969 2136 1044 2165 dium
1059 2135 1212 2171 principem
1233 2132 1420 2168 apostolorum
1434 2136 1462 2160 et
1479 2139 1653 2159 successores
1672 2138 1759 2165 usque

124 2187 187 2222 λην.
202 2187 259 2214 Kal.
284 2188 358 2220 ὅπως
375 2188 522 2224 ἀνάσχοιτο
539 2189 728 2225 ιπακηχοιναι
743 2190 760 2225 ἠ
781 2189 918 2225 θεομίμη-

124 2241 171 2265 τος
186 2233 325 2260 ὶπιείκιιά
340 2242 388 2261 σου
401 2243 408 2268 ;
426 2234 588 2270 ’Δρξώμεοα
598 2235 627 2262 δὲ
642 2235 698 2263 ἀπὸ
706 2234 755 2262 τοῦ
771 2235 855 2270 νόμου
870 2235 919 2262 καὶ

123 2280 181 2308 τῶν
195 2280 355 2316 προφητῶν.
377 2280 434 2308 Καὶ
455 2281 532 2315 γοῦν,
548 2282 641 2317 φησιν,
673 2282 714 2309 Οὐ
724 2282 900 2316 μοιχεύσεις
910 2290 918 2297 ⁸

124 2327 163 2354 οὐ
174 2325 483 2361 ψευδομαρτυρήσεις.
498 2341 534 2346 -
546 2327 588 2354 οὺ
598 2325 685 2360 λήψῃ
703 2326 738 2353 τὸ
752 2326 846 2360 ὄνομα
862 2327 920 2353 Κυ-

121 2373 194 2406 ρίου
211 2371 266 2399 τοῦ
281 2371 356 2399 Θεοῦ
368 2379 427 2399 σου
438 2371 487 2398 ἐπὶ
495 2372 622 2406 ματαίῳ.
640 2371 696 2400 Καὶ
711 2371 846 2406 Ἱερεμίας
855 2371 918 2406 μέν·

128 2419 247 2452 Ἄφρων
260 2417 310 2444 καί
326 2417 441 2451 ἀσεϐὴς
455 2418 473 2444 ὁ
488 2416 625 2451 κατέχων
635 2416 807 2450 μοιχαλίδα.
823 2415 921 2443 Μαλα-

125 2465 189 2500 χίας
208 2463 248 2490 δέ·
276 2464 367 2497 Χείλη
395 2462 497 2496 ἱερέως
522 2461 690 2497 φυλάξει-αι
713 2461 844 2496 γνῶσιν·
871 2461 922 2488 καὶ

126 2511 224 2545 νόμον
239 2508 462 2544 ἐκζητήσουσιν
482 2507 517 2535 ἐκ
540 2508 692 2543 στόματος
708 2505 803 2534 αὐτοῦ
815 2513 822 2521 ·
846 2506 922 2533 διότι

127 2557 258 2592 ἄγγελος
280 2556 391 2590 Κυρίου
407 2554 650 2589 παντοκράτορός
670 2552 746 2581 ἐστι.
776 2552 923 2580 Μετέλθω-

131 2611 181 2638 μιν
198 2602 246 2628 ἐπὶ
259 2601 290 2628 τδ
315 2600 500 2636 Εὑαγγέλιον·
523 2600 555 2627 ὀ
581 2600 735 2632 ἀπολύων,
758 2598 836 2634 φησὶ,
865 2598 922 2632 τὴν

130 2648 259 2685 γυναῖκα
273 2648 378 2681 αὐτοῦ,
400 2647 451 2676 καὶ
465 2646 568 2682 γαμῶν
581 2645 697 2681 ἑτέραν,
711 2645 856 2681 μοιχεύει.
867 2644 923 2672 Kal.

130 2696 224 2729 πάλιν,
243 2694 303 2728 οὓς
317 2696 334 2722 ὀ
345 2694 417 2728 Θεὸς
433 2693 625 2726 συνέζευξεν,
637 2692 793 2726 ἄνθρωπος
802 2691 845 2726 μὴ
865 2700 923 2725 χω-

129 2742 239 2778 ριζέτω.
252 2742 335 2769 Ὅσον
349 2741 379 2768 δὲ
396 2741 427 2768 τὸ
449 2740 579 2775 διάφορον
590 2740 675 2774 νόμου
693 2739 739 2766 καὶ
755 2738 878 2774 χάριτος,
893 2736 923 2770 ἐξ

134 2789 223 2816 αὐτῶν
234 2788 289 2815 τῶν
305 2788 394 2822 λόγων
412 2787 459 2814 τοῦ
476 2786 578 2822 Κυρίου
605 2785 747 2821 είσόμεθα,
775 2784 900 2818 λέγοντος
914 2792 920 2798 ·

969 2181 1003 2209 ad
1023 2188 1086 2208 eum
1102 2179 1150 2214 qui
1177 2177 1378 2206 sanctissimum
1396 2181 1473 2204 tuum
1493 2181 1577 2212 caput
1599 2175 1757 2204 antecessit.

970 2226 1004 2254 Et
1019 2225 1157 2261 quomodo
1185 2224 1282 2252 audire
1308 2223 1367 2251 haec
1390 2223 1525 2250 sustineat
1550 2222 1599 2250 Dei
1629 2221 1762 2249 imitatrix

970 2271 1084 2307 :equitas
1100 2270 1168 2298 tua?
1185 2269 1349 2304 Incipiamus
1363 2268 1437 2296 enim
1457 2275 1472 2294 a
1486 2267 1545 2302 lege
1565 2271 1592 2295 et
1608 2266 1759 2302 prophetis.

971 2319 1005 2347 Et
1019 2317 1129 2352 quidem
1151 2315 1240 2350 inquit
1253 2324 1261 2343 :
1275 2313 1335 2342 Νοιι
1352 2313 1520 2341 "imitaberis
1535 2321 1542 2340 :
1558 2311 1620 2339 Non
1646 2311 1761 2346 loqueris

972 2364 1069 2400 falsum
1083 2362 1259 2391 testimonium
1270 2360 1280 2376 ³
1295 2368 1303 2387 :
1319 2359 1378 2387 Non
1399 2366 1517 2386 assumes
1536 2365 1628 2385 nomen
1654 2356 1762 2384 Domini

972 2411 1011 2438 tui
1024 2411 1052 2437 in
1059 2417 1157 2437 vanum
1171 2407 1193 2434 ⁸.
1215 2407 1249 2434 Ει
1258 2406 1394 2434 Jeremias
1407 2413 1414 2432 :
1429 2404 1544 2438 Stultus,
1559 2404 1608 2436 ait,
1626 2407 1650 2430 et
1663 2403 1761 2438 impius

972 2457 1017 2493 qui
1035 2460 1103 2483 tenet
1114 2454 1265 2482 adulteram
1275 2453 1297 2480 '.
1317 2451 1465 2479 Malachias
1476 2458 1541 2479 vero
1556 2459 1563 2478 :
1579 2450 1663 2478 Labia
1675 2457 1762 2476 sacer-

972 2503 1041 2531 dotis
1052 2501 1196 2529 custodienl
1211 2498 1362 2532 scientiam,
1380 2503 1404 2526 et
1416 2497 1498 2533 legem
1517 2496 1651 2532 requirent
1665 2503 1698 2522 ea
1716 2502 1762 2521 ore

972 2550 1050 2585 ejus:
1066 2548 1128 2584 quia
1140 2546 1250 2582 angelus
1263 2544 1368 2572 Domini
1387 2543 1550 2571 exercituum
1572 2545 1610 2568 est
1624 2540 1646 2568 ‘.
1661 2540 1763 2567 Trans-

973 2603 1068 2625 eamus
1095 2594 1129 2622 ad
1143 2592 1338 2628 Evangelium:
1354 2590 1516 2623 Quicunque,
1526 2587 1623 2622 inquit,
1635 2586 1763 2614 dimiserit

973 2650 1081 2671 umorem
1095 2648 1182 2672 suam,
1198 2644 1223 2666 et
1235 2639 1320 2666 aliam
1334 2636 1451 2668 duxerit,
1467 2634 1611 2662 "Imitatur
1621 2634 1642 2660 ⁷.
1659 2633 1692 2660 Ει
1704 2639 1765 2660 rur-

973 2695 1037 2716 sus:
1049 2686 1118 2720 Quos
1129 2685 1199 2713 Deus
1209 2683 1356 2718 conjunxit,
1365 2682 1442 2709 homo
1448 2688 1500 2708 non
1507 2683 1610 2714 separet
1622 2678 1644 2706 ⁸.
1657 2677 1763 2711 Quanta

974 2741 1040 2762 vero
1060 2733 1097 2761 sit
1110 2730 1266 2760 dill‘erentia
1279 2729 1347 2765 legis
1363 2732 1392 2755 et
1403 2726 1508 2764 gratia,
1523 2733 1556 2754 ex
1573 2724 1640 2760 ipsis
1654 2722 1762 2751 Domini

975 2779 1065 2807 verbis
1076 2777 1217 2810 discimus,
1230 2775 1275 2810 qui
1286 2774 1342 2802 ait:
1362 2773 1395 2800 Et
1405 2779 1463 2799 ecce
1475 2770 1532 2807 plus
1546 2778 1625 2806 quam
1640 2768 1764 2804 templum

169 2847 179 2863 ³
193 2845 279 2877 Exod.
297 2853 342 2878 xx,
363 2844 402 2872 l5.
443 2844 452 2859 ³
464 2843 529 2872 ibid.
547 2843 572 2870 7.
610 2842 620 2858 '
637 2841 702 2875 lmo,
717 2841 795 2869 Prov.
809 2847 882 2872 xviii.
898 2841 942 2870 22.
981 2838 990 2852 '
1005 2835 1118 2865 .llalaclt.
1133 2842 1162 2867 ll,
1174 2833 1200 2860 7.
1238 2833 1248 2849 "
1265 2831 1358 2859 Matth.
1371 2837 1427 2862 ius,
1439 2830 1466 2858 9.
1483 2828 1568 2857 'ibitl.
1585 2827 1612 2856 6.
