1926 3078
181 103 249 136 ΙΟΞΊ

177 161 219 187 hic
233 162 253 188 '.
272 160 374 189 Deinde
385 169 418 189 ex
431 162 521 190 verbis
552 162 672 197 Apostoli
695 163 813 192 dicentis
834 174 840 191 :
859 164 970 191 Irritam
985 166 1007 192 A

176 206 235 242 quis
248 206 347 241 faciens
362 207 443 241 legem
458 207 550 242 Moysi,
561 209 617 235 sine
630 209 685 235 ulla
702 209 883 241 miseratione,
900 210 967 236 duo-

176 252 223 279 bus
235 252 275 279 vel
290 253 373 280 tribus
386 254 493 281 testibus
504 255 635 283 moritur:
654 260 752 290 quanta
768 256 851 290 magis
868 256 968 289 putatis

177 298 308 326 deteriora
333 301 429 327 mereri
450 301 590 335 supplicio,
609 303 654 337 qui
673 302 772 330 Filium
792 302 839 330 Dei
863 302 968 329 concul-

177 345 254 376 carit,
270 349 295 372 et
316 345 472 380 sanguinem
493 348 644 374 testamenti
661 348 790 383 pollutum
807 349 924 382 duxerit,
942 354 967 376 et

177 390 286 423 spiritus
299 391 395 426 gratio:
414 392 598 419 contumeliam
613 394 704 429 fecerit
717 394 738 410 ¹⁰
747 394 760 421 ?

213 522 278 550 llaec
292 521 374 558 igitur
385 530 448 550 cum
473 522 510 550 ita
531 530 560 550 sc
575 523 694 551 habeant
709 533 716 558 ;
734 525 776 552 isti
794 525 898 553 nefaria
917 527 970 555 lin-

178 566 230 603 gua
249 567 364 594 Domino
379 568 554 601 reluctantes,
566 569 633 605 legis
645 574 726 604 atque
746 570 886 606 Evangelii
895 572 971 599 solu-

177 613 292 646 tionem,
313 613 341 641 id
351 618 404 647 est,
415 614 497 649 hujus
511 623 601 650 nuper
615 616 784 650 imperatoris
795 617 970 650 adulterium,

177 660 236 695 qui,
250 660 370 696 legitima
385 662 485 696 ejecta,
501 662 638 689 mtecham
655 663 780 691 induxit:
799 668 826 691 et
846 664 897 692 hac
913 665 971 700 ipsa

178 706 310 740 majorem
341 712 369 734 et
397 708 548 743 graviorem
572 708 756 743 iniquitatem,
785 711 971 739 adulterorum

178 751 284 778 scilicet
308 752 554 787 coniunctionem:
583 759 694 789 propter
717 755 816 782 falsum
847 756 972 784 testimo-

178 795 255 823 nium
270 797 342 831 quod
356 798 490 826 adversus
505 798 589 826 Deum
608 800 690 828 locuti
703 805 777 834 sunt,
793 802 853 835 ejus
871 810 972 830 nomen

179 842 207 869 in
221 842 314 871 illicita
329 843 437 872 actione
451 844 523 872 inter
548 853 624 873 sacra
639 847 769 882 mysteria
794 853 970 883 usurpantes,
989 842 1009 869 Β

177 887 361 922 victricesque
376 889 410 916 de
426 889 536 918 Christo
550 898 666 919 coronas
677 892 809 920 adulteris
826 893 972 928 imponen-

179 937 221 960 tes
244 933 272 960 in
295 933 353 968 ipsa
382 935 538 963 divinorum
572 944 718 965 munerum
749 939 970 974 participatione,

179 977 278 1012 quibus
297 980 407 1014 quidem
429 981 514 1009 veluti
532 984 724 1011 communibus
738 989 764 1012 et
779 985 890 1020 pollutis
907 994 973 1014 con-

179 1024 319 1053 tumeliam
337 1026 403 1054 fecit
423 1027 541 1055 adulteri
561 1029 714 1063 copulator,
731 1031 855 1066 angelum
871 1039 901 1058 se
916 1039 972 1059 non

181 1069 227 1097 Dei
253 1072 460 1107 omnipotentis,
486 1075 534 1102 sed
562 1076 693 1110 principis
729 1078 824 1104 mundi
852 1078 972 1112 Satanae,

179 1116 268 1151 reipsa
294 1117 454 1151 declarans;
479 1127 631 1156 manesque
654 1130 718 1154 una,
733 1124 778 1158 qui
796 1124 859 1152 huic
882 1130 973 1153 trans-

180 1162 504 1198 gressionicooperando,
521 1173 637 1201 eamque
660 1169 846 1202 approbando,
867 1175 972 1205 partem

181 1213 257 1233 suam
273 1215 335 1234 cum
352 1209 486 1242 adultero,
502 1215 530 1237 et
542 1211 658 1239 adulteri
679 1215 848 1249 copulatore,
871 1224 972 1251 posue-

179 1257 245 1279 runt
259 1261 267 1284 ;
287 1254 433 1282 salutarent
447 1256 493 1283 Dei
510 1255 637 1285 Ecclesiae
651 1259 884 1294 dispensationem
895 1265 972 1298 apel-

180 1297 292 1332 larunt;
309 1300 378 1327 adeo
391 1301 496 1329 ﬁrmam
510 1303 583 1330 illam
601 1309 628 1332 et
639 1306 712 1340 apud
731 1307 814 1334 Deum
829 1297 928 1343 ratam,
942 1315 972 1339 ut

180 1347 284 1381 eosqui
301 1347 367 1381 ipsis
381 1356 435 1375 non
461 1356 615 1384 cesserunt,
644 1360 733 1388 neque
760 1361 970 1390 consenserunt,

181 1391 312 1425 synodice
325 1394 593 1428 anathematizarint,
603 1398 705 1426 mittitis
724 1400 881 1428 carceribus
895 1402 973 1430 aliis-

181 1443 236 1470 que
263 1438 419 1472 suppliciis,
440 1445 587 1475 propterca
607 1443 679 1477 quod
698 1443 777 1471 fateri
792 1445 881 1473 nolint
907 1454 973 1474 san-

178 1486 256 1536 ctum
265 1491 335 1519 opus
347 1485 441 1518 fuisse,
453 1487 607 1516 istiusmodi
621 1489 853 1524 dispensationem
868 1503 875 1520 :
892 1493 971 1527 Audi,
987 1507 1009 1536 α

183 1529 287 1563 mlum,
297 1531 334 1558 ait
346 1531 441 1566 Isaias,
457 1538 482 1560 et
496 1535 606 1563 auribus
615 1538 728 1571 percipe,
747 1542 829 1572 terra,
844 1542 970 1575 quoniam

182 1574 311 1604 Dominus
325 1578 426 1606 locutus
440 1585 477 1607 est
494 1580 526 1608 “.
541 1581 596 1609 Nos
611 1590 676 1610 vero
705 1583 823 1612 humiles
848 1574 922 1614 nunc
937 1588 971 1614 ad

183 1626 229 1650 te:
245 1623 326 1657 Audi,
352 1633 480 1660 magnum
506 1627 552 1655 Dei
578 1633 671 1663 caput,
687 1634 713 1657 et
735 1631 847 1659 auribus
860 1633 972 1669 percipe

180 1675 241 1702 qua
255 1669 370 1698 Satanas
383 1671 492 1699 molitus
507 1676 560 1700 est.
576 1672 604 1701 Si
619 1674 692 1702 enim
712 1682 744 1702 ex
763 1675 811 1703 Dei
831 1677 973 1706 voluntate

183 1717 211 1742 et
225 1719 292 1742 nutu
306 1721 395 1755 custos
421 1717 476 1749 ille,
497 1722 525 1745 et
548 1720 734 1748 anathematis
759 1723 971 1756 pronuntiatio:

184 1760 230 1788 Dei
247 1762 370 1796 proiecto
384 1763 427 1790 lex
451 1771 506 1790 non
521 1769 573 1796 est,
592 1773 644 1792 nec
664 1767 816 1801 prophetae,
833 1775 895 1795 cum
910 1770 974 1804 qui-

183 1805 236 1832 bus
248 1811 276 1833 ct
287 1805 454 1838 Prmcursor,
468 1809 514 1842 qui
527 1809 682 1837 adulterum
702 1812 882 1846 reprehendit
897 1822 905 1847 ;
920 1822 972 1842 nec

183 1852 372 1887 Evangelium.
389 1858 482 1881 contra
497 1855 569 1889 quod
585 1855 628 1882 isti
647 1863 725 1883 suam
740 1858 813 1885 illam
829 1863 973 1895 tantopere

176 1897 338 1925 adamatam
349 1898 578 1933 dispensationem
591 1901 726 1929 iecerunt.
736 1902 804 1930 Nam
818 1904 840 1932 si
850 1905 972 1940 ejusdem

183 1950 245 1971 esse
263 1944 360 1977 aiunt;
374 1945 489 1973 alterum
506 1947 622 1974 duorum
637 1955 749 1976 necesse
763 1955 823 1977 cst:
841 1956 975 1979 autmen-

184 1988 278 2015 dacem
292 1988 432 2016 Christum
447 1994 580 2024 statuent.
595 1992 641 2027 qui
660 1993 724 2020 olim
739 1995 849 2029 quidem
867 1996 893 2023 in
905 2004 975 2032 pro--

184 2034 274 2068 phetis
289 2034 396 2062 locutus
409 2040 461 2069 est,
473 2042 501 2064 et
517 2037 604 2073 legem
621 2039 707 2072 dedit,
728 2048 802 2068 nunc
815 2046 908 2069 autem
925 2051 975 2078 per

175 2079 304 2114 seipsqu
324 2080 353 2107 in
372 2081 539 2118 Evangelio:
563 2088 611 2111 aut
638 2093 774 2120 veracem,
789 2088 828 2114 uti
845 2093 920 2116 certe
932 2094 975 2116 est

183 2124 242 2159 ipsa
264 2125 387 2153 veritas:
403 2127 477 2161 ipsos
490 2135 557 2156 vero
582 2130 705 2163 mentiri,
728 2135 756 2158 et
782 2131 829 2160 Dei
848 2133 976 2161 crimina-

775 109 805 139 S.
826 109 1026 140 THEODORI
1040 110 1216 140 STUDlT/E

1743 107 1815 140 1024

1022 164 1075 190 Καὶ
1088 164 1154 191 ὶὸοὺ
1170 163 1267 192 πλέον
1286 163 1339 192 τοῦ
1362 163 1442 199 ἱεροῦ
1455 160 1514 191 ὧδε
1526 171 1534 179 ο
1551 162 1622 197 εἶτα,
1647 164 1697 191 καὶ
1708 163 1741 191 ἔκ
1755 164 1815 191 τῶν

1019 209 1066 236 τοῦ
1079 209 1245 237 Ἀποστόλου
1271 210 1379 244 φωνῶν,
1397 209 1567 245 φάσκοντος·
1589 209 1749 243 Ἆθετήσας
1766 218 1816 242 τις

1020 254 1114 289 νόμον
1128 255 1266 288 Μωσέως.
1278 255 1367 290 χωρὶς
1375 255 1544 289 οικτιρμῶν,
1554 254 1602 281 ἐπὶ
1614 255 1685 282 δυσί
1696 254 1716 289 ἢ
1732 255 1812 289 τρισὶ

1017 300 1169 335 μάρτυσιν
1196 300 1398 334 ἀποθνήσκειν
1422 302 1509 333 πόσῳ
1534 300 1648 328 δοκεῖτε
1675 301 1816 335 χείρονος

1020 345 1216 378 ἀξιωθήσεται
1230 347 1404 381 τιμωρίας,ό
1414 346 1467 374 τὸν
1481 347 1548 373 Υίὸν
1564 347 1618 373 τοῦ
1633 346 1708 373 Θεοῦ
1720 355 1813 373 κατα-

1020 391 1182 425 πατήσας,
1211 392 1261 420 καὶ
1288 392 1322 419 τὸ
1357 390 1429 426 αἷμα
1459 392 1515 427 τῆς
1540 392 1686 427 διαθήκης
1711 392 1817 419 κοινὸν⁹

1021 436 1222 472 ἡγησάμενος,
1243 439 1293 466 καὶ
1306 438 1364 473 τὴν
1383 437 1472 474 χάριν
1496 438 1550 466 τοῦ
1571 439 1745 474 Πνεύματος
1765 439 1817 465 ὲν-

1021 483 1148 517 υσρίσιις
1157 493 1168 516 ;

1057 529 1166 557 Τούτων
1179 530 1270 557 τοίνυν
1287 529 1375 562 οὕτως
1391 529 1508 565 ἑχόντων
1520 538 1528 545 ·
1547 531 1572 557 οι
1600 531 1671 566 μετὰ
1686 531 1816 566 γλώσσης

1022 574 1142 610 ἀθέσμου
1156 575 1192 602 τὰ
1209 576 1276 611 πρὸς
1286 575 1388 612 Κύριον
1405 575 1592 610 ἀπειθοῦντες,
1609 577 1658 612 τὴν
1674 577 1751 603 λύσιν
1767 577 1816 604 τοῦ

1021 629 1052 647 τε
1068 621 1151 656 νόμου
1161 621 1208 648 καὶ
1219 621 1265 649 τοῦ
1278 621 1458 655 Εὑαγγελίου,
1472 621 1555 656 ἦγουν
1567 621 1616 655 τὴν
1631 622 1755 656 μοιχείαν
1767 621 1816 648 τοῦ

1022 666 1088 700 πρὶν
1116 667 1314 702 κρατήσαντος,
1327 666 1374 693 ἐπὶ
1392 667 1425 702 τῇ
1440 665 1541 701 ὲκσολῇ
1557 666 1608 700 τῆς
1624 666 1754 702 νομίμου,
1768 666 1815 692 καὶ

1022 712 1165 738 είσοικίσει
1182 713 1232 747 τῆς
1248 711 1418 747 μοιχαλίδος·
1435 711 1483 738 καὶ
1500 711 1550 746 τὴν
1572 710 1676 745 ταύτης
1703 711 1816 746 μείζονα

1022 757 1071 784 καὶ
1085 756 1280 793 χαλεπωτέραν
1306 755 1491 792 παρανομίαν,
1509 756 1569 791 ἦτοι
1596 756 1646 791 τὴν
1674 755 1816 791 μοιχοζευ-

1025 802 1083 835 ξίαν
1094 812 1101 819 ·
1119 803 1165 830 διὰ
1178 803 1210 830 τὸ
1234 802 1499 838 ψευδομαρτυρῆσαι
1527 801 1597 828 κατὰ
1614 800 1694 833 Θεοῦ,
1711 801 1770 829 λαὶ
1786 802 1818 828 τὺ

1023 849 1119 875 τούτου
1146 848 1232 882 δνομα
1257 848 1350 875 λαϐεῖν
1365 848 1411 874 ἐπὶ
1426 848 1459 882 τῇ
1484 847 1609 882 ἀθεμίτῳ
1632 847 1731 882 πράξει
1746 847 1819 873 κατὰ

1023 895 1073 930 τὴν
1093 895 1299 930 μυσταγωγίαν.
1312 895 1368 922 Καὶ
1387 895 1441 930 μὴν
1456 895 1503 921 καὶ
1514 893 1608 921 δοῦναι
1622 894 1678 925 τοῖς
1692 901 1818 929 μοιχευο-

1024 941 1115 977 μένοις
1126 942 1285 977 νικητικοὺς
1297 941 1369 968 κατὰ
1384 939 1505 976 Χριστοῦ
1517 941 1580 972 τοὺς
1598 940 1760 975 στεφάνους,
1770 940 1819 966 ἐπι

1025 986 1195 1022 μεθέξειτῶν
1207 986 1287 1013 θείων
1300 985 1469 1021 δώρων,τῶν
1484 986 1522 1018 ὡς
1538 986 1636 1013 κοινῶν
1647 984 1816 1022 ὲνυσρισθέν-

1022 1041 1076 1060 των
1091 1033 1167 1069 παρὰ
1187 1035 1236 1060 τοῦ
1251 1032 1460 1069 μοιχοζεύκτου,
1476 1033 1525 1060 καὶ
1553 1033 1683 1068 ἀγγέλου,
1713 1033 1743 1059 οὗ
1769 1031 1818 1059 τοῦ

1022 1080 1245 1115 παντοκράτορος
1266 1079 1346 1111 Θεοῦ,
1365 1078 1435 1106 ἀλλὰ
1448 1078 1496 1105 τοῦ
1513 1079 1739 1114 κοσμοκράτορος
1762 1079 1817 1105 Σα-

1023 1126 1101 1159 τανᾶ,
1119 1125 1305 1160 ἀποφανέντος
1314 1124 1387 1152 κατὰ
1401 1125 1432 1151 τὺ
1440 1124 1553 1160 ἀληθές·
1571 1124 1612 1151 ἔτι
1626 1125 1680 1160 μὴν
1694 1125 1740 1151 καὶ
1753 1124 1820 1151 παν-

1023 1179 1076 1197 των
1092 1170 1148 1197 τῶν
1162 1171 1208 1198 διὰ
1236 1171 1392 1207 συνδρομῆς
1408 1170 1456 1197 καὶ
1480 1170 1616 1202 εὐδοκίας,
1645 1171 1675 1197 ὲν
1690 1170 1755 1205 τῇδε
1782 1172 1818 1205 τῇ

1024 1217 1182 1252 παραϐάσει
1201 1216 1252 1252 τὴν
1277 1217 1376 1253 μερίδα
1405 1216 1528 1252 θεμένων
1551 1215 1623 1251 μετὰ
1651 1215 1748 1250 μοιχοῦ
1770 1216 1820 1242 καὶ

1025 1262 1240 1298 μοιχοζεύκτου’
1257 1263 1416 1298 οἰκονομίαν
1444 1263 1580 1297 σωτήριον
1605 1263 1637 1296 τῇ
1666 1261 1820 1296 Ἐκκλησίᾳ

1022 1307 1070 1334 τοῦ
1086 1307 1154 1334 Θεοῦ
1169 1307 1411 1343 προσηγορεύκασι
1421 1316 1428 1323 ·
1441 1306 1568 1334 τοσοῦτον
1581 1306 1684 1342 ὀχυρὰν
1701 1306 1748 1332 καὶ
1764 1305 1822 1332 0:5-

1023 1352 1148 1388 κὺρωτον
1161 1353 1350 1388 ὑπάρχουσαν,
1370 1353 1408 1384 ὼς
1421 1353 1485 1384 τοὺς
1502 1353 1540 1387 μὴ
1550 1351 1678 1383 εἴξαντας
1690 1351 1738 1378 καὶ
1754 1359 1820 1377 συν-

1024 1398 1156 1433 θεμένους
1177 1399 1279 1430 αὺτοϊς,
1305 1397 1457 1432 ἀναθέματι
1485 1396 1633 1427 συνοδικῶς
1659 1395 1820 1426 ὑποϐαλεῖν,

1026 1443 1095 1478 μετὰ
1107 1443 1246 1477 φυλακῶν,
1261 1443 1308 1470 καὶ
1323 1443 1428 1478 ἐτέρων
1441 1442 1624 1477 παθημάτων,
1639 1441 1678 1473 ὡς
1691 1442 1729 1476 μὴ
1745 1441 1823 1475 δεξα-

1027 1489 1125 1525 μένους
1138 1490 1241 1523 ταύτην
1266 1489 1316 1522 τὴν
1338 1489 1496 1524 οἰκονομίαν
1522 1488 1711 1524 ἀγιὸπραχτον
1737 1487 1821 1516 εἶναι.

1027 1536 1142 1568 Ἄκουε,
1155 1535 1274 1569 οὺρανὲ,
1284 1535 1367 1570 φησὶν
1383 1535 1506 1567 Ἡσαΐας,
1519 1534 1567 1560 ναὶ
1577 1533 1727 1566 ἐνωτίζσυ,
1736 1534 1755 1568 ἡ
1770 1533 1821 1569 γῆ,

1025 1579 1071 1607 ὅτι
1087 1580 1193 1614 Κύριος
1207 1579 1373 1614 ἐλάλησεν.
1388 1579 1485 1614 Ἡμεῖς
1496 1579 1525 1605 δὲ
1538 1579 1563 1605 οἱ
1577 1579 1697 1610 εὐτελεῖς
1708 1579 1778 1613 πρὸς
1789 1579 1823 1604 σὲ

1025 1626 1118 1653 τανῦν·
1130 1627 1240 1659 Ἄκουε,
1255 1627 1271 1662 ὴ
1289 1625 1395 1661 μεγάλη
1414 1624 1461 1652 τοῦ
1477 1624 1546 1651 Θεοῦ
1560 1624 1677 1660 κεφαλὴ,
1693 1624 1742 1651 καὶ
1758 1624 1825 1650 ἑνω-

1025 1672 1101 1704 τίζου
1122 1671 1141 1699 ἃ
1156 1673 1171 1698 ὸ
1187 1672 1311 1703 Σατανᾶς
1339 1671 1540 1706 ἀπειργάσατο.
1571 1670 1604 1697 Et
1633 1670 1726 1696 τοίνυν
1748 1670 1824 1696 κατὰ

1026 1717 1094 1744 Θεοῦ
1109 1717 1236 1754 βούλησιν
1250 1718 1298 1744 καὶ
1311 1717 1448 1752 ἀποδοχὴν
1463 1718 1480 1752 ἡ
1498 1716 1675 1751 συνάοροισις
1702 1716 1784 1749 αῦτη,
1801 1716 1823 1750 ἡ

1026 1773 1056 1791 τε
1072 1763 1309 1799 ἀναθεματιστικὴ
1326 1764 1482 1798 ἀπόφασις·
1509 1763 1541 1789 οὑ
1555 1762 1624 1789 Θεοῦ
1649 1763 1664 1789 ὀ
1678 1762 1761 1797 νόμος
1776 1762 1826 1797 δη-

1027 1810 1131 1837 λονότι·
1155 1810 1181 1837 οἵ
1201 1818 1233 1837 τε
1253 1811 1404 1846 προφῆται,
1429 1809 1489 1844 μεθ’
1512 1805 1550 1835 ὢν
1567 1809 1582 1835 ὁ
1599 1808 1759 1844 Πρὸδρομος
1783 1808 1824 1840 ὡς

1029 1854 1241 1890 μοιχοελέγκτης
1251 1862 1258 1870 ·
1276 1851 1335 1880 εἷτα
1347 1854 1396 1880 καὶ
1411 1853 1444 1880 τὸ
1455 1853 1636 1886 Εὐαγγὲλιον,
1649 1852 1716 1888 παρ’
1727 1852 1742 1879 ὃ
1753 1853 1826 1879 ἐκεῖ·

1027 1901 1158 1937 νοιφίλην
1174 1901 1224 1936 τὴν
1247 1900 1405 1936 οἰκονομίαν
1423 1900 1513 1927 αὐτῶν
1528 1900 1703 1934 πεποίηνται.
1719 1899 1751 1926 Et
1767 1899 1825 1934 γὰρ

1029 1948 1108 1981 φαῖεν
1123 1946 1172 1973 τοῦ
1190 1946 1273 1972 αὑτοῦ
1283 1955 1291 1962 ·
1307 1946 1380 1973 δυοῖν
1395 1945 1511 1981 θάτερον
1521 1953 1529 1961 ³
1552 1945 1569 1980 ἢ
1587 1945 1761 1980 ψευδηγόρον
1775 1944 1825 1971 τὸν

1028 1991 1156 2027 Χριστὸν,
1173 1991 1258 2019 πάλαι
1274 1991 1325 2027 μὲν
1344 1991 1375 2018 ὲν
1389 1992 1447 2023 τοῖς
1472 1991 1628 2026 προφήταις
1652 1990 1824 2026 λαλήσαντα,

1028 2038 1077 2064 καὶ
1091 2036 1323 2072 νομοθετήσαντα,
1350 2035 1400 2064 νῦν
1409 2036 1439 2063 δὲ
1464 2035 1498 2063 δι’
1513 2036 1612 2063 ἑαυτοῦ
1625 2037 1655 2062 ὲν
1672 2035 1712 2070 τῷ
1734 2035 1826 2069 Εὐαγ-

1028 2082 1123 2118 γελίῳ,
1153 2082 1374 2117 ἀποφανοῦνται*
1394 2082 1411 2118 ἢ
1428 2081 1606 2117 ἀληθεύοντα,
1625 2081 1722 2117 ὥσπερ
1748 2081 1827 2108 ἔστιν

1029 2128 1112 2160 αὐτὸς
1133 2129 1150 2163 ἡ
1168 2128 1297 2163 ἀλήθεια·
1321 2128 1421 2159 αὐτοὺς
1439 2127 1605 2162 ψεύδεσθαι,
1633 2127 1681 2154 καὶ
1710 2126 1827 2154 θεοκατ-

185 2174 258 2198 I0res
264 2177 475 2206 consequenter,
485 2175 592 2202 ostendi
604 2183 610 2202 :
621 2180 702 2211 atque
712 2177 773 2204 ideo
783 2179 972 2212 anathematis,

1028 2175 1150 2210 ηγόρους
1161 2174 1388 2209 ἑναποδειχθῆναι
1401 2173 1555 2209 ἀραρότως·
1570 2172 1620 2200 καὶ
1632 2173 1677 2200 διὰ
1688 2171 1769 2199 τοῦτο
1776 2172 1827 2198 τοῦ

183 2216 256 2251 quod
271 2221 365 2244 contra
379 2217 517 2246 Christum
541 2225 704 2256 sanctosque
718 2222 778 2257 ejus
791 2224 975 2258 protulerunt,

184 2269 246 2290 reos
254 2270 326 2296 esse,
339 2268 369 2291 ut
382 2264 429 2299 qui
445 2264 622 2298 adulterium,
634 2267 876 2304 adulterorumque
892 2277 976 2305 copu-

185 2307 325 2341 lationem,
351 2313 378 2337 et
391 2310 579 2339 adulterorum
594 2313 815 2341 communionem
834 2321 896 2343 esse
911 2323 977 2344 con-

184 2356 303 2384 ﬁrment.

218 2403 275 2430 Nec
288 2403 368 2431 aliter
384 2411 414 2432 se
437 2412 482 2432 res
502 2405 585 2433 habet
603 2415 610 2434 :
629 2406 687 2433 Non
714 2407 784 2434 enim
805 2413 843 2435 est
861 2410 978 2445 acceptio

184 2457 358 2484 personarum
372 2451 444 2485 apud
456 2451 541 2478 Deum
551 2453 585 2485 ",
602 2452 673 2480 sicut
683 2453 806 2482 indicant
820 2454 976 2490 Maachiani,

184 2496 230 2530 qui
247 2496 308 2530 cjus
324 2497 397 2532 leges
408 2497 536 2526 omnibus
549 2506 582 2526 ex
597 2507 676 2535 aequo
690 2501 792 2536 positas
806 2508 916 2537 negant,
929 2503 977 2530 sed

185 2542 212 2568 in
230 2542 339 2578 regibus
355 2550 464 2572 cessare
478 2551 525 2572 eas
543 2546 799 2574 comminiscuntur.
817 2547 848 2574 Et
867 2548 977 2576 ubinam

184 2594 226 2616 est
243 2597 335 2625 regum
354 2590 552 2625 Evangelium?
567 2591 620 2619 Sed
633 2593 715 2627 impie
732 2593 769 2620 illi
788 2601 900 2628 prorsus
913 2602 978 2630 cge-

185 2639 261 2667 rtlnt,
274 2642 329 2662 non
341 2634 526 2671 intelligentes
539 2636 612 2671 quod
629 2635 698 2663 Deus
711 2637 823 2662 hominis
838 2645 978 2670 personam

187 2687 238 2707 non
252 2681 348 2716 accipit
358 2681 392 2714 υ,
407 2681 638 2716 quemadmodum
655 2685 769 2709 testatur
781 2686 893 2709 sanctus
905 2682 979 2718 Apo—

187 2726 290 2760 slolus;
313 2734 404 2763 neque
424 2727 496 2763 quod
521 2727 593 2755 idem
617 2735 667 2763 per
691 2735 777 2756 unum
799 2735 815 2756 ο
833 2728 978 2764 proobctis

226 2828 237 2845 ’
253 2829 349 2859 Matth.
363 2838 410 2864 χιι,
426 2831 452 2857 6.
492 2831 513 2847 ιο
531 2829 611 2859 llcbr.
627 2839 653 2863 κ,
672 2830 716 2858 28.
758 2831 777 2848 ”
792 2831 843 2860 Isa.
862 2832 920 2865 1,2.

1030 2221 1213 2256 ἁναθέματος,
1226 2218 1256 2249 οὗ
1267 2220 1340 2248 κατὰ
1352 2220 1472 2256 Χριστοῦ
1484 2219 1532 2246 καὶ
1547 2218 1603 2245 τῶν
1628 2217 1726 2253 ἁγίων·
1739 2217 1826 2244 αὑτοῦ

1031 2268 1207 2303 ἀπεφήνατο,
1235 2267 1305 2296 εἶναι
1324 2267 1506 2300 ὑπευθύνους,
1520 2265 1761 2301 βεϐαιωσαμένους
1774 2264 1828 2299 τὴν

1032 2313 1166 2348 μοιχείαν,
1191 2314 1240 2341 καὶ
1260 2313 1473 2350 μοιχοζευξίαν,
1493 2312 1542 2340 καὶ
1566 2310 1825 2348 μοιχοσυνδρομίαν,

1029 2359 1189 2394 οἰκονομίαν
1198 2359 1266 2386 Θεοῦ
1281 2360 1330 2387 καὶ
1345 2359 1442 2394 ἁγίων.

1067 2407 1122 2433 Καὶ
1131 2406 1247 2437 ἀλλοίως
1257 2406 1309 2433 οὐκ
1321 2405 1406 2432 ἐστιν.
1438 2405 1480 2432 οὐ
1503 2403 1559 2439 τὰρ
1581 2402 1826 2437 προσωποληψιία

1031 2455 1111 2489 παρὰ
1125 2453 1166 2486 τῷ
1180 2452 1241 2485 Θεῷ
1252 2460 1260 2468 '
1276 2452 1314 2483 ὡς
1325 2451 1548 2479 ὑποδεικνύουσιν
1563 2450 1588 2477 oi
1603 2449 1773 2483 Μοιχειανοὶ,
1787 2447 1825 2482 μὲ

1031 2499 1129 2535 ἐπίσης
1144 2498 1207 2530 τοὺς
1221 2498 1322 2534 νόμους
1346 2496 1430 2524 αὐτοῦ
1447 2496 1553 2523 κεῖσθαι
1578 2495 1625 2522 ἐπὶ
1639 2495 1735 2525 πᾶσιν,
1765 2494 1816 2521 ἀλλ

1031 2546 1078 2573 ἐπὶ
1090 2545 1146 2573 τῶν
1163 2544 1306 2581 βααλέων,
1335 2544 1374 2575 ὥς
1388 2550 1482 2578 φησιν,
1500 2542 1654 2577 ὑποχωρεῖν
1669 2541 1717 2567 καὶ
1735 2548 1825 2567 καινο-

1030 2591 1186 2626 τομεῖσθαι.
1206 2591 1262 2618 Καὶ
1286 2589 1339 2617 ποῦ
1351 2589 1385 2616 τὸ
1405 2589 1461 2616 τῶν
1477 2587 1610 2623 βασιλέων
1636 2586 1824 2620 Εὐαγγέλιον;

1030 2636 1102 2663 Ἀλλ’
1114 2636 1198 2668 ὅντως
1214 2635 1369 2671 ἠσεϐήκασι
1383 2634 1455 2668 λίαν,
1474 2634 1512 2670 μὴ
1530 2633 1678 2664 συνιέντες,
1693 2632 1736 2658 ὅτι
1750 2631 1825 2664 Θεὸς

1030 2683 1194 2718 πρόσωπον
1222 2681 1381 2716 ἀνθρώπου
1406 2682 1444 2709 οὐ
1468 2679 1622 2716 λαμϐάνει,
1652 2678 1726 2706 καθὰ
1739 2678 1794 2713 ἔφη
1810 2679 1826 2705 6

1030 2729 1104 2765 ίερὸς
1123 2728 1307 2760 Ἀπόστο).ος·
1338 2727 1400 2763 μηδ’
1427 2728 1471 2755 ὅτι
1494 2728 1510 2754 ὁ
1532 2725 1614 2758 αὐτὸς
1634 2725 1668 2752 δι’
1683 2724 1744 2757 ἑνὸς
1769 2723 1826 2751 τῶν

977 2831 996 2847 ¹¹
1018 2830 1097 2858 Rom.
1115 2838 1145 2863 ll,
1170 2831 1211 2858 ll.
1251 2830 1273 2847 ¹³
1293 2830 1384 2859 Gaiat.
1399 2837 1430 2861 tt,
1451 2828 1476 2855 6.
