1926 3078
107 127 178 162 1325

715 137 985 169 EPISTOLARUM
1000 140 1074 171 LIB.
1096 141 1121 170 Ῑ.

1594 104 1631 113 ...ν

1658 113 1738 173 loco

100 185 263 234 προφητῶν,
289 187 440 221 ταλανίζων
459 191 571 225 αὐτοὺς,
594 193 687 228 λέγει·
723 195 817 230 Ὑμεῖς
834 199 890 224 οὐκ

944 198 1017 233 ipsos
1036 199 1182 234 increpans
1196 200 1234 227 ait
1263 209 1270 227 :
1291 199 1338 227 Vos
1353 207 1404 226 non
1427 199 1549 227 servastis
1562 198 1620 227 uias
1643 208 1736 234 ηιοιιι,

101 232 273 267 ἐφυλάξατε
286 235 340 268 τὰς
345 235 432 269 ὁδούς
439 245 510 271 μου,
522 238 591 266 ἀλλ’
601 239 782 275 ἐλαμϐάνετε
795 243 892 277 πρόσ-

101 285 168 305 ωπα
184 279 220 305 ἐν
234 280 326 314 νόμῳ.
348 282 422 317 οὐχὶ
435 283 507 316 Θεὸς
517 281 561 317 εἵς
573 284 695 313 ἔκτισεν
706 286 801 321 unde;
816 288 890 323 Οὐχί

101 326 205 371 Πατὴρ
215 324 259 360 εἷς
269 328 393 356 πάντων
405 329 507 371 ρμὧνς
532 332 636 367 Γράφει
648 334 676 360 δὲ
698 335 746 361 καὶ
762 335 890 371 Σολομὼν

100 369 165 396 τάδε
175 377 183 385 ‘
206 370 370 399 Ἀκούσατε
383 370 450 406 οὖν,
464 374 618 409 βασιλεῖς,
627 377 677 404 καὶ
698 378 817 406 σύνετε.
831 369 890 407 Καὶ

103 414 164 448 μεθ’
176 414 259 450 ἔτερα
267 423 275 431 ·
288 416 352 443 ὀτι
361 418 506 452 ὑπηρέται
517 419 602 454 ὄντες
612 421 668 455 τῆς
678 422 734 450 τοῦ
749 423 891 458 Ὑψίστου

97 459 271 494 βασιλείας,
287 463 343 490 οὐκ
355 463 492 498 ἐκρίνατε
506 465 599 500 ὀρθῶς
609 487 617 500 ,
636 467 708 495 οὐδὲ
721 468 892 503 ἐφυλάξατε

100 505 208 539 νόμον,
227 507 300 534 οὐδὲ
309 509 384 536 κατὰ
392 509 450 544 τὴν
465 511 590 546 ,βουλὴν
607 513 661 540 τοῦ
673 514 749 541 Θεοῦ
769 514 892 549 ἐπορεύ-

102 551 185 585 θητε.
197 552 327 586 Quach
340 555 389 581 καὶ
404 556 518 590 ταχέως
531 556 727 591 ἐπιστήσεται
741 559 823 593 ὑμῖν,
846 560 893 587 ὅτι

102 598 204 631 κρίσις
214 599 365 634 ἀπότομος
379 601 414 628 ὲν
432 601 494 635 τοῖς
514 604 697 638 ὑπερέχουσι
712 605 834 640 γίνεται.
850 607 892 633 οὐ

102 643 160 676 τὰρ
168 645 379 672 ὑποστελιιῖται
390 647 554 681 πρόσωπον
564 650 580 676 ό
592 649 714 676 πάντων
724 651 891 685 Δεσπότης.

104 688 190 715 Πάλιν
213 689 246 716 δι
256 690 297 717 ὅτι
313 692 361 718 καὶ
376 692 437 719 ὅλον
451 693 483 719 τὸ
498 694 665 728 Εὐαγγέλιον
683 695 728 723 διὰ
746 696 801 723 τῶν
821 697 892 731 φθα-

104 734 211 761 σάντων
224 737 405 772 παρανομιῶν
422 739 591 775 ἠθετήκασιν
603 761 611 773 ,
627 738 650 767 ὦ
671 741 732 777 ιερὰ
757 742 805 769 καὶ
833 742 893 769 θεία

102 780 228 815 κορυφή·
257 780 319 807 ἐπεὶ
338 782 388 808 καὶ
401 782 431 809 ἓν
458 783 588 819 ἀνόμημα
606 785 688 821 ἀρκεῖ
713 786 759 813 τδν
776 786 892 813 καθόλου

102 824 188 859 νόμον
204 826 366 861 ἀνατρέψαι.
382 828 472 855 Πᾶσαι
496 830 552 864 γὰρ
563 830 687 865 ἀλλήλων
703 831 824 866 ἔχονται,
844 841 894 868 φη-

103 869 148 895 σὶν
159 870 174 896 ὁ
199 870 286 905 μέγας
301 870 451 906 Βασίλειος,
467 861 638 902 αί-ὲντολαί·
657 876 695 908 ὡς
756 878 790 912 τῇ
816 861 893 904 issit
908 861 930 889 Β

102 914 154 948 τῆς
176 916 251 949 μιᾶς,
275 916 322 943 καὶ
337 916 384 948 τὰς
399 917 497 950 λοιπὰς
513 919 543 952 ἐξ
555 920 680 956 ἀνάγκης
709 921 894 956 συγκαταλὺε-

103 958 182 985 σθαι·
197 959 248 986 οὐκ
260 960 289 994 ἐξ
305 961 404 988 ἑαυτοῦ
415 962 505 996 τοῦτο,
523 964 582 991 ἀλλ’
596 965 629 992 ὲκ
640 965 687 992 τοῦ
704 966 893 1002 φθεγγομένου

102 1005 133 1030 ιν
152 1005 227 1041 αὐτῷ
250 1006 370 1041 Χριστοῦ
397 1007 504 1041 λέγων’
537 1009 567 1041 ὃς
581 1019 667 1046 φησι,
699 1011 763 1045 Πᾶς
778 1014 794 1039 ό
811 1013 895 1040 λύων

98 1049 177 1084 μίαν
191 1048 249 1076 τῶν
258 1050 392 1078 ἐντολῶν
401 1053 516 1080 τούτων
531 1053 591 1081 τῶν
610 1055 791 1090 ἐλαχίστων,
805 1055 894 1091 οὗτος

102 1093 265 1129 ελάχιστος
279 1097 464 1131 κληθήσεται
475 1099 510 1126 ὲν
529 1099 566 1134 τῇ
576 1101 722 1135 ,βασιλείᾳ
729 1101 790 1130 τῶν
805 1104 894 1136 οὐρα-

103 1137 166 1164 νῶν
178 1146 185 1154 ·
194 1138 316 1174 δηλονότι
329 1140 526 1178 ἀπολλύμενος.
546 1144 601 1171 Καὶ
611 1145 625 1171 ὁ
640 1144 785 1178 θεσπέσιος
803 1146 896 1173 Ἰάκω-

103 1184 161 1215 σος·
177 1184 292 1219 ’οστις,
308 1186 386 1221 φησὶ,
397 1188 515 1215 τελέσει
526 1189 602 1217 ὅλον
614 1190 670 1217 τὸν
686 1191 791 1226 νόμον,
808 1192 895 1219 πται-

101 1237 152 1256 σει
165 1229 200 1257 δὲ
217 1230 253 1257 ὲν
265 1231 322 1266 ἑνὶ,
336 1232 441 1268 γέγονε
453 1234 575 1262 πάντων
602 1236 720 1271 ἔνοχος.

130 1276 282 1305 Λελύκασιν
288 1276 336 1306 οὖν
343 1280 466 1308 Παλαιὰν
473 1282 521 1309 καὶ
528 1281 600 1309 Νέαν
605 1284 753 1319 Διαθήκην,
760 1281 783 1311 ὦ
790 1285 894 1322 μάκαρ,

100 1322 148 1350 διὰ
176 1324 227 1359 τῆς
244 1324 360 1358 λύσεως,
387 1327 418 1354 οὐ
433 1327 489 1354 τῶν
503 1328 652 1364 ἐλαχίστων
662 1349 670 1362 ,
686 1330 756 1358 ἀλλὰ
782 1331 896 1360 καὶτῶν

98 1369 243 1404 μεγίστων
253 1372 368 1398 ἐντολῶν
383 1371 499 1408 Κυρίου·
513 1375 595 1410 νόμον
604 1375 677 1402 κατὰ
683 1376 768 1412 νόμου
780 1378 896 1413 εὐαγγε-

101 1415 180 1442 λικοῦ
189 1416 374 1450 ἑκτεθεικότες
387 1420 411 1446 ot
424 1420 550 1453 τάλανες,
567 1421 598 1448 τὸ
613 1422 739 1458 βούλημα
750 1425 805 1451 τῶν
819 1425 896 1459 βασι.-

101 1461 171 1488 λέων
182 1463 341 1497 προκρίνειν
352 1464 421 1491 Θεοῦ
432 1466 533 1493 ὁπόταν
544 1466 692 1502 βούλοιντο.
708 1469 852 1497 Βούλονται
867 1471 896 1498 δὲ

941 245 988 271 sed
1012 245 1150 279 accepistis
1175 246 1269 281 faciem
1293 245 1320 272 in
1344 245 1409 280 lege.
1435 244 1561 279 Nunquid
1584 253 1637 272 non
1669 245 1738 273 Dens

942 297 1010 316 unus
1026 291 1125 317 creauit
1140 290 1208 318 vos?
1231 290 1349 326 nunquid
1365 298 1417 316 non
1433 294 1510 324 pater
1532 298 1600 316 unus
1620 291 1738 317 omnium

942 337 1064 361 vestrum
1075 335 1116 362 "‘L'
1133 335 1261 363 Salomon
1276 341 1367 363 autem
1386 335 1429 362 his
1443 335 1553 363 verbis:
1569 336 1677 369 Audite,
1695 345 1739 364 re-

942 388 997 415 ges,
1017 384 1042 407 et
1065 380 1250 417 intelligite".
1274 380 1307 407 Et
1329 385 1391 416 post
1412 380 1465 408 alia
1489 389 1496 407 :
1522 381 1654 413 Quoniam
1679 390 1738 408 cum

942 426 1030 453 essetis
1046 426 1161 453 ministri
1192 427 1265 462 regni
1283 426 1417 459 altissimi,
1439 434 1491 453 non
1503 431 1571 454 recte
1585 427 1738 461 judicauis,

942 479 989 497 nec
1010 472 1161 499 custodistis
1186 471 1279 508 legem,
1306 480 1389 508 neque
1408 473 1553 499 secundum
1575 472 1739 499 voluntatem

941 516 991 543 Dei
1013 517 1181 544 ambulantis.
1199 517 1336 545 Horrende
1359 522 1384 545 et
1415 518 1466 544 cito
1487 518 1624 552 apparebit
1645 518 1737 544 vobis:

942 564 1068 599 quoniam
1087 564 1219 599 judicium
1242 564 1415 591 durissimum
1435 564 1462 590 in
1486 564 1526 590 his
1551 564 1596 598 qui
1619 567 1738 598 prmum

941 609 996 644 ﬁet.
1013 609 1073 637 Non
1090 610 1159 637 enim
1180 610 1315 637 subtrahet
1338 617 1478 643 personam
1497 609 1653 644 cujusquam
1683 609 1739 637 Do-

943 655 1030 682 minus
1047 655 1164 682 omnium
1177 655 1209 681 “.
1225 653 1285 682 Jam
1301 662 1368 682 vero
1384 654 1456 689 quod
1469 658 1497 681 et
1513 658 1598 682 totum
1614 653 1738 690 Evange-

942 701 1009 728 lium
1030 700 1142 729 nefariis
1167 700 1242 728 ausis
1277 700 1425 732 violarunt,
1459 707 1475 727 o
1491 707 1599 727 sacrum
1620 704 1649 727 et
1668 699 1738 727 divi-

942 755 1009 774 num
1032 751 1124 782 caput,
1149 746 1325 773 manifestum
1350 750 1402 778 est,
1433 745 1567 780 siquidem
1592 750 1737 780 peccatum

943 792 1043 820 sutlicit
1063 792 1097 819 ad
1112 791 1289 818 evertendam
1311 795 1396 818 totam
1420 790 1519 826 legem.
1540 790 1639 818 Omnia
1663 789 1738 817 enitn

943 837 1072 864 mandata
1095 840 1191 863 mutuo
1215 842 1339 863 connexa
1364 838 1439 867 sunt,
1464 839 1491 862 et
1513 833 1564 861 sibi
1588 834 1737 865 cohaerent,

945 882 983 910 ait
1005 889 1120 918 magnus
1146 879 1275 913 Basilius,
1302 880 1339 907 ita
1367 884 1407 912 ut,
1434 887 1489 906 uno
1505 879 1604 912 soluto,
1632 879 1738 914 reliqua

944 928 1028 956 etiam
1052 927 1119 954 solvi
1144 933 1258 953 necesse
1282 925 1337 953 sit:
1363 933 1418 952 non
1437 933 1471 952 ex
1498 932 1527 952 se
1552 925 1624 959 ipso,
1651 924 1698 951 scd
1722 933 1737 952 a

944 973 1053 1001 Christo
1066 972 1131 1000 dicit
1146 973 1172 998 in
1185 972 1244 1007 ipso
1274 971 1402 1006 loquente
1426 979 1434 998 :
1454 970 1608 1005 Quicunque
1630 970 1737 997 solverit

944 1027 1025 1046 unum
1039 1019 1071 1045 de
1091 1017 1225 1045 mandatis
1240 1017 1296 1043 istis
1314 1016 1442 1049 minimis,
1465 1016 1506 1042 hic
1522 1015 1646 1042 minimus
1662 1024 1739 1042 voca-

945 1065 1016 1092 bitur
1035 1065 1062 1091 in
1077 1071 1156 1098 regno
1189 1062 1313 1089 calorum
1326 1061 1366 1093 "’;
1387 1062 1532 1089 damnatus
1554 1061 1670 1089 scilicet.
1704 1061 1740 1089 Et

945 1111 1041 1138 beatus
1065 1109 1182 1137 Jacobus
1206 1118 1213 1136 :
1240 1108 1402 1143 Quicunque,
1415 1108 1463 1140 ait,
1484 1112 1567 1135 totam
1579 1107 1661 1143 legem
1676 1115 1733 1134 ser-

945 1150 1057 1188 uauerit,
1076 1156 1190 1191 offendat
1211 1161 1303 1183 autem
1325 1156 1353 1182 in
1373 1162 1436 1187 uno,
1458 1154 1544 1189 factus
1566 1157 1603 1180 est
1620 1154 1738 1181 omnium

945 1211 1005 1230 reus
1016 1202 1048 1229 “.

980 1289 1128 1317 Solverunt
1142 1289 1234 1324 itaque
1251 1287 1337 1316 Vetus
1352 1291 1380 1316 et
1392 1287 1503 1316 Novum
1518 1287 1736 1320 Testamentum,

946 1343 963 1362 ο
977 1336 1066 1368 heate,
1081 1335 1178 1363 solutis
1192 1343 1246 1362 non
1268 1334 1400 1367 minimis,
1423 1335 1470 1362 scd
1488 1338 1516 1362 et
1534 1334 1660 1362 maximis
1683 1334 1737 1362 Do-

948 1382 1015 1409 mini
1033 1382 1182 1414 mandatis,
1197 1382 1285 1417 legem
1303 1381 1434 1408 adversus
1450 1381 1634 1419 evangelicarn
1650 1381 1736 1416 legem

947 1428 1152 1463 promulgantes
1169 1428 1274 1460 miseri,
1292 1435 1387 1462 regum
1407 1427 1576 1454 voluntatem
1592 1427 1646 1454 Deo
1660 1432 1738 1454 ante-

948 1473 1019 1500 ferre
1043 1481 1105 1500 cum
1129 1473 1276 1500 voluerint.
1298 1473 1399 1500 Volunt
1422 1477 1514 1500 autem
1537 1472 1582 1500 alii
1601 1472 1684 1504 aliud.
1710 1475 1738 1501 ct

100 1507 179 1555 ἄλλοι
190 1509 265 1542 ἄλλο,
274 1511 322 1538 καὶ
333 1511 427 1538 ἄλλοτε
435 1512 533 1545 ἄλλως.
545 1514 600 1541 Καὶ
609 1515 653 1541 διὰ
664 1515 744 1543 τοῦτο
753 1517 892 1554 ἀνατροπὴ

947 1519 1014 1547 alias
1035 1519 1134 1548 aliter:
1153 1526 1186 1546 ac
1205 1518 1320 1554 proinde
1338 1519 1446 1546 eversio
1462 1518 1492 1545 tit
1508 1519 1628 1545 omnium
1650 1526 1736 1553 usque

101 1553 150 1580 τοῦ
160 1555 273 1588 παντὸς,
295 1557 377 1593 μέχρι
404 1558 452 1585 τοῦ
469 1559 672 1596 Ἄντιχριπου·
697 1563 745 1590 καὶ
768 1563 892 1591 ἐντεῦθεν

102 1600 228 1635 είκότως,
258 1603 275 1638 ὴ
292 1603 428 1640 λεγομένη
447 1605 512 1641 παρ’
529 1606 620 1639 αὐτοῖς
639 1608 692 1635 ὑπὸ
719 1608 767 1635 τοῦ
785 1610 893 1637 Σατανᾶ

101 1647 260 1683 οἰκονομία,
281 1651 568 1686 προσαγορευθήσεται
595 1653 799 1691 Ἀντιχριστικὴ
827 1665 893 1692 προ-

100 1693 212 1728 ὃρομία.
229 1695 296 1730 Περὶ
307 1696 363 1732 γὰρ
376 1697 560 1732 παραϐάσεως
576 1700 698 1728 κανόνων
711 1721 719 1734 ,
742 1702 768 1729 τι
784 1702 825 1729 δεῖ
846 1704 893 1730 καὶ

100 1737 212 1784 λέγεινς
237 1739 333 1767 Ὁπότε
352 1742 406 1777 γὰρ
431 1741 478 1769 τοῦ
505 1743 673 1779 Εὐαγγε).ίου
700 1746 894 1784 ἁποτροπάδην

99 1781 197 1818 ἦλθον,
215 1786 296 1823 σχολὴ
312 1788 377 1823 περι
389 1788 479 1816 αὐτῶν
489 1790 653 1825 φροντίζειν.
672 1793 727 1819 Καὶ
741 1794 754 1820 ὁ
766 1781 816 1828 μιν
827 1781 893 1826 eat;

103 1829 152 1857 διὰ
179 1832 227 1858 τοῦ
241 1833 384 1868 προφήτου
402 1834 467 1862 τάδε
494 1837 562 1871 φησι
573 1845 581 1852 ο
598 1837 688 1864 Δώσω
713 1839 771 1873 τὴν
787 1839 894 1867 κλεῖδα

103 1877 192 1905 οικου
207 1878 298 1905 Δαυτδ
310 1879 360 1906 ἐπὶ
375 1879 429 1907 τοῦ
459 1880 541 1916 ὤμου
557 1882 652 1910 αὐτοῦ
662 1891 669 1898 ·
694 1884 743 1911 καὶ
768 1885 892 1918 ἀνοίξει,

104 1922 157 1950 καὶ
166 1924 223 1950 οὐκ
241 1924 328 1951 ἔσται
343 1926 360 1952 ό
371 1925 557 1954 ἀποκλείων·
568 1929 618 1956 καί
633 1930 759 1962 κλείσει,
776 1931 825 1958 καὶ
837 1932 894 1959 οὐκ

101 1968 192 1996 ἔσται
211 1971 228 1996 ό
241 1970 379 2006 ἀνοίγων.
397 1972 428 1998 Ol
439 1972 468 1999 δὲ
486 1973 628 2006 ἁντιθέως,
649 1975 693 2010 ἐφ’
707 1973 748 2007 οἷς
761 1975 810 2010 μὲν
824 1977 894 2012 ἤνοι-

102 2015 160 2049 ξεν,
174 2015 358 2051 ἀπέκλεισαν,
381 2017 555 2054 καθήραντες
573 2020 637 2052 τοὺς
661 2015 836 2054 ἀνευθύνους,
855 2021 894 2054 ὡς

101 2061 180 2097 δοκεῖ
194 2062 297 2094 αὐτοῖς,
307 2062 365 2091 ἀλλ’
376 2063 407 2090 οὺ
420 2063 480 2100 Θεῷ
489 2072 496 2079 ·
513 2064 556 2099 ἐφ’
572 2062 614 2097 οἷς
628 2065 656 2092 δὲ
672 2064 805 2099 ἔκλεισεν,
816 2066 893 2101 ἠνοι-

102 2106 153 2139 ξαν
162 2107 403 2143 προχειρισάμενοι
430 2108 494 2141 τοὺς
513 2109 717 2141 ὑποπίπτοντας
734 2109 893 2146 καθαιρέσει

102 2151 262 2188 Θεοκρίτως,
280 2152 355 2186 ἅπαξ
371 2153 440 2188 πρὸς
453 2154 484 2180 τὸ
498 2155 591 2186 αὐτοῖς
605 2155 702 2182 δοκοῦν
716 2155 764 2182 καὶ
776 2155 893 2191 ἀρέσκον

102 2197 297 2234 ἀποχρώμενοι
308 2199 356 2233 ἀεὶ,
366 2199 536 2232 δεσποτικῶς
553 2202 608 2233 τοῖς
629 2201 712 2237 ἱεροῖς
733 2202 844 2228 κανόσιν
855 2201 893 2233 ὡς

103 2243 257 2279 ὑπηρέταις
271 2243 319 2270 καὶ
337 2243 513 2277 ὑποδουλίοις.
529 2245 622 2272 Ταῦτα
632 2246 683 2282 τῆς
699 2246 893 2282 Μοιχειανικῆς

103 2289 237 2325 αἱρέσεως
256 2288 290 2316 τὰ
305 2289 397 2324 ἄνομα
421 2290 471 2316 καὶ
482 2290 569 2326 ἀσεϐῆ
585 2291 778 2327 ὲγχειρήματά
798 2300 828 2319 τε
845 2292 893 2319 καὶ

102 2333 325 2369 ἀποτελέσματα.
354 2335 409 2361 Καὶ
422 2334 509 2362 ταῦτα
525 2335 563 2368 ὡς
586 2335 717 2371 ἐλάχιστα
737 2336 819 2363 τέκνα
841 2337 893 2372 τῆς

103 2379 255 2414 ηθολικῆς
274 2379 451 2415 Ἐκκλησίας,
469 2381 512 2407 col
526 2382 559 2416 τῇ
576 2381 715 2417 πρωτίστῃ
729 2382 809 2418 ἡμῶν
824 2383 892 2409 ἀπο-

103 2424 214 2460 στολικῇ
245 2424 350 2461 κεφαλῇ
380 2425 560 2460 ἀναγγεῖλαι,
587 2427 657 2453 κατὰ
681 2427 712 2454 τὺ
743 2428 892 2462 ἀναγκαῖον

102 2469 347 2506 προεθυμήθημεν.
357 2471 458 2498 Λοιπὸν
475 2472 560 2508 αὐτῆς
573 2473 638 2499 ὲσ-τιΑ
649 2472 684 2500 τὰ
701 2473 805 2509 ἀρεστὰ
821 2474 892 2510 Θεῷ,

103 2516 148 2542 καὶ
159 2515 338 2551 διανοηθῆναι
356 2517 403 2543 καὶ
423 2517 536 2552 πρᾶξαι,
557 2517 610 2544 ὑπὸ
623 2517 783 2554 Πνεύματος
801 2519 892 2554 ἁγίου,

103 2560 141 2592 ὥς
155 2560 200 2587 ἐπ’
211 2559 315 2595 ἄλλοις,
331 2562 382 2589 καὶ
391 2563 420 2589 ὲν
436 2556 503 2598 τῷδε
519 2563 683 2599 κινουμένης
693 2572 700 2579 ·
714 2565 744 2591 οὐ
762 2564 816 2600 μὴν
824 2565 892 2593 ἀλλὰ

103 2606 149 2632 καὶ
161 2606 375 2643 δυσωπουμένης
389 2608 505 2642 ἀξιῶσαι
515 2609 589 2644 ἡμᾶς
605 2609 756 2637 αὐτόλεκτα
768 2610 815 2637 καὶ
830 2610 890 2638 θεο-

103 2651 229 2687 χάρακτα
238 2652 325 2687 αὐτῆς
345 2653 503 2689 γράμματα
525 2653 672 2688 δέξασθαι,
687 2655 758 2683 κατὰ
774 2656 891 2691 μίμησιν

104 2696 157 2724 τῶν
172 2697 316 2733 ὁμοζήλων
333 2698 418 2735 αὐτῆς
432 2699 530 2733 ἁγίων,
558 2699 653 2736 ὥσπερ
670 2699 717 2729 νῦν
733 2701 782 2734 τὰς
806 2702 890 2730 πλου-

107 2743 176 2776 σίας,
188 2743 237 2771 καὶ
250 2744 321 2781 ὑπὲρ
337 2745 420 2781 ἡμᾶς,
436 2745 539 2782 δωρεὰς
553 2747 638 2783 αὐτῆς
653 2747 700 2774 καὶ
714 2748 848 2783 εὐλογίας.

141 2830 163 2846 ¹⁴
180 2830 296 2860 Malach.
319 2840 348 2867 ιι,
369 2832 396 2861 9.
436 2834 459 2850 “
479 2833 544 2870 Sap.
563 2842 601 2868 Vl,
615 2834 643 2864 2.
683 2835 705 2853 ¹¹
726 2834 792 2864 ibid.
808 2835 866 2864 5'8.
906 2837 926 2854 "
947 2836 1043 2866 Matth.
1061 2846 1088 2872 ν,
1109 2838 1152 2866 l9.

944 1567 978 1594 ad
1001 1566 1212 1593 Antichristum.
1235 1564 1314 1592 Unde
1334 1565 1433 1592 merito
1454 1572 1515 1599 quae
1537 1565 1607 1599 apud
1633 1565 1693 1592 illos
1720 1572 1736 1592 a

944 1611 1045 1639 Satana
1067 1610 1236 1646 dispensatio
1257 1610 1369 1643 dicitur,
1400 1610 1563 1637 Antichristi
1588 1610 1736 1645 praecursio

943 1657 1095 1686 vocabitur.
1121 1657 1158 1683 De
1174 1663 1309 1683 canonum
1332 1655 1405 1683 enim
1427 1655 1650 1690 praevaricatione
1671 1656 1735 1690 quid

943 1703 1042 1730 attinet
1058 1702 1152 1737 loqui?
1165 1701 1233 1729 Cum
1252 1702 1326 1728 enim
1348 1701 1382 1729 ab
1404 1701 1551 1735 Evangelia
1575 1700 1627 1736 ipsi
1648 1700 1736 1728 aversi

944 1747 1140 1780 discesserint;
1159 1747 1279 1775 otiosum
1301 1751 1342 1774 cst
1360 1746 1394 1774 de
1416 1746 1469 1773 illis
1486 1754 1593 1773 curare.
1610 1746 1648 1774 Α(-
1664 1747 1736 1774 Deus

944 1792 1054 1827 quidem
1073 1799 1122 1827 per
1140 1791 1300 1826 prophetam
1313 1790 1353 1817 sic
1366 1790 1403 1817 ait
1417 1798 1424 1816 :
1444 1789 1517 1816 Dabo
1533 1789 1629 1816 rlavem
1644 1789 1736 1815 domus

944 1838 1031 1865 David
1053 1845 1131 1871 super
1150 1837 1286 1864 humerum
1304 1836 1382 1871 ejus:
1398 1839 1422 1862 et
1439 1836 1550 1870 aperiet,
1569 1839 1593 1862 et
1614 1843 1665 1861 non
1686 1835 1736 1861 erit

944 1885 989 1919 qui
1003 1883 1111 1910 claudat
1128 1891 1134 1910 :
1154 1887 1178 1910 et
1198 1882 1312 1915 claudet,
1332 1885 1356 1909 et
1379 1889 1431 1908 non
1451 1882 1501 1908 erit
1522 1881 1567 1917 qui
1589 1882 1693 1916 aperiat
1703 1881 1734 1908 ".

943 1929 1050 1957 lnitnici
1075 1933 1167 1956 autem
1190 1928 1237 1956 Dei
1262 1935 1323 1963 qua:
1350 1928 1396 1955 ille
1422 1927 1531 1962 aperuit
1560 1927 1734 1959 clauserunt,

944 1975 1009 2003 dum
1020 1974 1145 2002 innoxios
1156 1974 1352 2008 deposuerunt,
1365 1977 1395 2000 ut
1415 1973 1481 2008 ipsis
1494 1972 1603 2007 quidem
1622 1973 1734 2008 placuit,

944 2020 993 2048 sed
1016 2027 1072 2048 non
1096 2020 1167 2053 Deo;
1190 2027 1251 2054 quae
1267 2027 1332 2046 vero
1353 2019 1461 2050 clausit,
1485 2021 1665 2053 aperuerunt.
1688 2026 1736 2046 eos

943 2065 990 2100 qui
1003 2064 1186 2100 depositionis
1201 2071 1310 2099 [uenam
1327 2063 1421 2091 divino
1438 2063 1544 2100 judicio
1564 2068 1734 2095 meruerant,

945 2111 1098 2139 honoribus
1121 2110 1298 2138 restituentes
1317 2118 1324 2136 :
1349 2114 1445 2145 atque,
1471 2113 1502 2137 ut
1525 2110 1609 2137 semel
1631 2110 1734 2142 dicam,

945 2156 1029 2185 sacris
1045 2156 1196 2184 canonihus
1209 2155 1244 2182 ad
1258 2155 1350 2182 omnia
1363 2162 1424 2190 qua;
1437 2155 1559 2182 arrident
1570 2159 1599 2182 ct
1616 2155 1734 2189 placent,

909 2195 933 2223 ι)
946 2207 1075 2238 tanquam
1099 2202 1231 2230 ministris
1245 2206 1274 2229 et
1295 2201 1405 2229 famulis
1429 2209 1477 2237 pro
1492 2201 1605 2229 arbitrio
1627 2208 1737 2236 semper

942 2248 1021 2276 abusi
1042 2252 1116 2276 sunt.
1134 2247 1167 2276 lli
1189 2251 1254 2276 sunt
1277 2247 1437 2275 Mtechianae
1448 2248 1583 2275 haereseos
1605 2246 1683 2282 impii
1707 2251 1736 2273 et

941 2294 1037 2329 iniusti
1055 2299 1180 2327 conatus,
1203 2294 1262 2321 hinc
1283 2301 1390 2329 opera:
1407 2301 1468 2328 quae
1488 2300 1551 2325 nos,
1575 2295 1605 2319 ut
1628 2291 1734 2320 minimi

942 2341 989 2368 lilii
1006 2339 1133 2367 Ecclesiae
1145 2338 1298 2371 catholicae,
1319 2338 1367 2366 tibi
1383 2338 1471 2374 primo
1485 2336 1609 2364 omnium
1623 2341 1734 2371 aposto-

941 2386 995 2414 lico
1008 2385 1092 2421 capiti
1110 2392 1216 2418 nostro,
1232 2384 1370 2417 nuntiare,
1389 2383 1545 2411 necessario
1566 2382 1733 2418 optavimus.

943 2432 1010 2467 Ejus
1020 2435 1061 2459 est
1074 2432 1108 2459 de
1120 2436 1230 2464 caetero,
1245 2438 1307 2466 quas
1319 2430 1374 2457 Deo
1386 2433 1453 2457 sunt
1467 2429 1564 2464 placita
1579 2428 1735 2464 excogitare

943 2481 971 2504 et
990 2476 1081 2504 facere
1096 2476 1216 2511 Spiritus
1233 2475 1321 2504 sancti
1341 2475 1438 2508 ductu,
1453 2482 1468 2502 a
1481 2482 1547 2510 quo,
1564 2478 1600 2502 ut
1614 2475 1647 2501 in
1663 2474 1734 2506 aliis,

942 2521 983 2550 sic
994 2526 1022 2549 et
1033 2522 1060 2548 in
1076 2522 1128 2549 hoc
1142 2529 1262 2557 quoque,
1281 2521 1383 2558 regitur
1398 2525 1427 2548 et
1442 2521 1610 2556 gubernatur
1626 2529 1633 2547 :
1653 2519 1735 2555 quin-

942 2569 1025 2596 etiam
1040 2571 1208 2600 sanctorum,
1224 2568 1325 2603 quibus
1339 2568 1410 2595 idem
1427 2567 1510 2594 zelus.
1520 2566 1581 2598 luit,
1596 2565 1733 2600 exemplo,

945 2614 1054 2647 adduci,
1072 2618 1102 2641 ut
1118 2621 1133 2642 a
1150 2622 1180 2642 se
1196 2614 1312 2641 dictatas
1324 2617 1353 2641 et
1364 2612 1497 2640 divinitus
1516 2614 1643 2639 exaratis
1659 2610 1735 2638 litte-

945 2667 991 2687 ras
1008 2660 1041 2688 ad
1062 2667 1114 2688 nos
1126 2660 1236 2688 mittere
1247 2659 1385 2695 dignetur,-
1402 2659 1473 2686 sicut
1495 2664 1571 2685 nunc
1592 2656 1733 2691 opulenta,

945 2710 974 2733 et
986 2706 1091 2734 meritis
1108 2706 1210 2734 nostris
1226 2705 1331 2742 majora
1344 2704 1404 2741 eius
1415 2711 1543 2738 munera,
1557 2702 1734 2738 eulogiasqne

944 2758 1111 2787 accepimus.

1207 2838 1228 2856 "
1247 2837 1306 2866 Jse.
1329 2845 1359 2872 ιι,
1377 2837 1419 2865 ιο.
1473 2837 1495 2854 "
1517 2835 1573 2864 lsa.
1595 2841 1663 2869 uti,
1682 2833 1728 2863 22.
