  <div class='ocr_page' id='page_1' title='image "/cluster/home/n/w/nwhite01/storage/ocr_20150623/99/njp.32101010943858/543.png"; bbox 0 0 1926 3078; ppageno 0'>
   <div class='ocr_carea' id='block_1_1' title="bbox 193 136 262 168">
    <p class='ocr_par' dir='ltr' id='par_1_1' title="bbox 193 136 262 168">
     <span class='ocr_line' id='line_1_1' title="bbox 193 136 262 168; baseline 0 0"><span class='ocrx_word' id='word_1_1' title='bbox 193 136 262 168; x_wconf 71' lang='grc'><strong>1027</strong></span> 
     </span>
    </p>
   </div>
   <div class='ocr_carea' id='block_1_2' title="bbox 192 238 988 277">
    <p class='ocr_par' dir='ltr' id='par_1_2' title="bbox 192 238 988 277">
     <span class='ocr_line' id='line_1_2' title="bbox 192 238 988 277; baseline 0.005 -11"><span class='ocrx_word' id='word_1_2' title='bbox 192 246 210 266; x_wconf 91' lang='lat' dir='ltr'><strong>o</strong></span> <span class='ocrx_word' id='word_1_3' title='bbox 223 238 392 266; x_wconf 89' lang='lat' dir='ltr'><strong>divinissime</strong></span> <span class='ocrx_word' id='word_1_4' title='bbox 409 244 514 272; x_wconf 83' lang='lat' dir='ltr'><strong>vertex,</strong></span> <span class='ocrx_word' id='word_1_5' title='bbox 530 247 559 268; x_wconf 88' lang='lat' dir='ltr'><strong>se</strong></span> <span class='ocrx_word' id='word_1_6' title='bbox 573 240 819 275; x_wconf 76' lang='lat' dir='ltr'><strong>expostulationem</strong></span> <span class='ocrx_word' id='word_1_7' title='bbox 833 243 892 277; x_wconf 86' lang='lat' dir='ltr'><strong>ejus</strong></span> <span class='ocrx_word' id='word_1_8' title='bbox 905 249 988 270; x_wconf 81' lang='lat' dir='ltr'><strong>exce-</strong></span> 
     </span>
    </p>
   </div>
   <div class='ocr_carea' id='block_1_3' title="bbox 192 284 987 323">
    <p class='ocr_par' dir='ltr' id='par_1_3' title="bbox 192 284 987 323">
     <span class='ocr_line' id='line_1_3' title="bbox 192 284 987 323; baseline 0.006 -12"><span class='ocrx_word' id='word_1_9' title='bbox 192 284 266 319; x_wconf 84' lang='lat' dir='ltr'><strong>pisse</strong></span> <span class='ocrx_word' id='word_1_10' title='bbox 285 289 398 319; x_wconf 80' lang='lat' dir='ltr'><strong>propter</strong></span> <span class='ocrx_word' id='word_1_11' title='bbox 421 284 651 321; x_wconf 85' lang='lat' dir='ltr'><strong>Barsanuphium,</strong></span> <span class='ocrx_word' id='word_1_12' title='bbox 674 286 836 323; x_wconf 88' lang='lat' dir='ltr'><strong>lsaiamque,</strong></span> <span class='ocrx_word' id='word_1_13' title='bbox 859 293 887 315; x_wconf 92' lang='lat' dir='ltr'><strong>et</strong></span> <span class='ocrx_word' id='word_1_14' title='bbox 900 288 987 316; x_wconf 86' lang='lat' dir='ltr'><strong>Doro-</strong></span> 
     </span>
    </p>
   </div>
   <div class='ocr_carea' id='block_1_4' title="bbox 194 330 987 369">
    <p class='ocr_par' dir='ltr' id='par_1_4' title="bbox 194 330 987 369">
     <span class='ocr_line' id='line_1_4' title="bbox 194 330 987 369; baseline 0.006 -13"><span class='ocrx_word' id='word_1_15' title='bbox 194 330 290 357; x_wconf 88' lang='lat' dir='ltr'><strong>theum</strong></span> <span class='ocrx_word' id='word_1_16' title='bbox 304 331 449 359; x_wconf 73' lang='lat' dir='ltr'><strong>lucretiros</strong></span> <span class='ocrx_word' id='word_1_17' title='bbox 466 340 474 359; x_wconf 89' lang='lat'>:</span> <span class='ocrx_word' id='word_1_18' title='bbox 493 333 566 367; x_wconf 86' lang='lat' dir='ltr'><strong>quod</strong></span> <span class='ocrx_word' id='word_1_19' title='bbox 588 340 636 360; x_wconf 87' lang='lat' dir='ltr'><strong>cos</strong></span> <span class='ocrx_word' id='word_1_20' title='bbox 657 333 761 361; x_wconf 80' lang='lat' dir='ltr'><strong>scilicet</strong></span> <span class='ocrx_word' id='word_1_21' title='bbox 779 341 828 369; x_wconf 92' lang='lat' dir='ltr'><strong>pro</strong></span> <span class='ocrx_word' id='word_1_22' title='bbox 844 334 987 362; x_wconf 78' lang='lat' dir='ltr'><strong>catholicis</strong></span> 
     </span>
    </p>
   </div>
   <div class='ocr_carea' id='block_1_5' title="bbox 193 376 986 412">
    <p class='ocr_par' dir='ltr' id='par_1_5' title="bbox 193 376 986 412">
     <span class='ocr_line' id='line_1_5' title="bbox 193 376 986 412; baseline 0.006 -10"><span class='ocrx_word' id='word_1_23' title='bbox 193 376 370 411; x_wconf 78' lang='lat' dir='ltr'><strong>recipiamus.</strong></span> <span class='ocrx_word' id='word_1_24' title='bbox 387 376 420 404; x_wconf 87' lang='lat' dir='ltr'><strong>Et</strong></span> <span class='ocrx_word' id='word_1_25' title='bbox 435 378 513 406; x_wconf 81' lang='lat' dir='ltr'><strong>valde</strong></span> <span class='ocrx_word' id='word_1_26' title='bbox 525 378 615 406; x_wconf 89' lang='lat' dir='ltr'><strong>mirati</strong></span> <span class='ocrx_word' id='word_1_27' title='bbox 629 386 735 411; x_wconf 91' lang='lat' dir='ltr'><strong>sumus,</strong></span> <span class='ocrx_word' id='word_1_28' title='bbox 755 379 778 407; x_wconf 89' lang='lat' dir='ltr'><strong>si</strong></span> <span class='ocrx_word' id='word_1_29' title='bbox 793 387 844 407; x_wconf 89' lang='lat' dir='ltr'><strong>nos</strong></span> <span class='ocrx_word' id='word_1_30' title='bbox 856 380 986 412; x_wconf 82' lang='lat' dir='ltr'><strong>humiles,</strong></span> 
     </span>
    </p>
   </div>
   <div class='ocr_carea' id='block_1_6' title="bbox 194 422 985 458">
    <p class='ocr_par' dir='ltr' id='par_1_6' title="bbox 194 422 985 458">
     <span class='ocr_line' id='line_1_6' title="bbox 194 422 985 458; baseline 0.005 -10"><span class='ocrx_word' id='word_1_31' title='bbox 194 422 241 456; x_wconf 89' lang='lat' dir='ltr'><strong>qui</strong></span> <span class='ocrx_word' id='word_1_32' title='bbox 258 430 308 457; x_wconf 92' lang='lat' dir='ltr'><strong>pro</strong></span> <span class='ocrx_word' id='word_1_33' title='bbox 323 427 397 450; x_wconf 76' lang='lat' dir='ltr'><strong>recta</strong></span> <span class='ocrx_word' id='word_1_34' title='bbox 415 423 467 451; x_wconf 82' lang='lat' dir='ltr'><strong>fide</strong></span> <span class='ocrx_word' id='word_1_35' title='bbox 484 424 612 458; x_wconf 91' lang='lat' dir='ltr'><strong>patimur,</strong></span> <span class='ocrx_word' id='word_1_36' title='bbox 631 424 769 452; x_wconf 71' lang='lat' dir='ltr'><strong>haereticis</strong></span> <span class='ocrx_word' id='word_1_37' title='bbox 786 425 985 452; x_wconf 81' lang='lat' dir='ltr'><strong>adluereamus.</strong></span> 
     </span>
    </p>
   </div>
   <div class='ocr_carea' id='block_1_7' title="bbox 195 466 988 504">
    <p class='ocr_par' dir='ltr' id='par_1_7' title="bbox 195 466 988 504">
     <span class='ocr_line' id='line_1_7' title="bbox 195 466 988 504; baseline 0.004 -11"><span class='ocrx_word' id='word_1_38' title='bbox 195 466 347 494; x_wconf 85' lang='lat' dir='ltr'><strong>Obturetur</strong></span> <span class='ocrx_word' id='word_1_39' title='bbox 364 475 395 495; x_wconf 92' lang='lat' dir='ltr'><strong>os</strong></span> <span class='ocrx_word' id='word_1_40' title='bbox 413 475 495 504; x_wconf 83' lang='lat' dir='ltr'><strong>omne</strong></span> <span class='ocrx_word' id='word_1_41' title='bbox 511 473 607 496; x_wconf 82' lang='lat' dir='ltr'><strong>contra</strong></span> <span class='ocrx_word' id='word_1_42' title='bbox 623 476 675 496; x_wconf 90' lang='lat' dir='ltr'><strong>nos</strong></span> <span class='ocrx_word' id='word_1_43' title='bbox 698 469 822 504; x_wconf 85' lang='lat' dir='ltr'><strong>loquens,</strong></span> <span class='ocrx_word' id='word_1_44' title='bbox 840 472 867 496; x_wconf 93' lang='lat' dir='ltr'><strong>et</strong></span> <span class='ocrx_word' id='word_1_45' title='bbox 884 469 988 496; x_wconf 90' lang='lat' dir='ltr'><strong>calum-</strong></span> 
     </span>
    </p>
   </div>
   <div class='ocr_carea' id='block_1_8' title="bbox 195 512 985 549">
    <p class='ocr_par' dir='ltr' id='par_1_8' title="bbox 195 512 985 549">
     <span class='ocr_line' id='line_1_8' title="bbox 195 512 985 549; baseline 0.003 -10"><span class='ocrx_word' id='word_1_46' title='bbox 195 512 256 540; x_wconf 85' lang='lat' dir='ltr'><strong>nias</strong></span> <span class='ocrx_word' id='word_1_47' title='bbox 271 512 445 540; x_wconf 76' lang='lat' dir='ltr'><strong>submittens.</strong></span> <span class='ocrx_word' id='word_1_48' title='bbox 456 513 608 541; x_wconf 73' lang='lat' dir='ltr'><strong>Orthodoxl</strong></span> <span class='ocrx_word' id='word_1_49' title='bbox 624 521 730 545; x_wconf 89' lang='lat' dir='ltr'><strong>sumus,</strong></span> <span class='ocrx_word' id='word_1_50' title='bbox 746 514 872 549; x_wconf 88' lang='lat' dir='ltr'><strong>quamvis</strong></span> <span class='ocrx_word' id='word_1_51' title='bbox 885 513 985 549; x_wconf 90' lang='lat' dir='ltr'><strong>alioqui</strong></span> 
     </span>
    </p>
   </div>
   <div class='ocr_carea' id='block_1_9' title="bbox 195 559 989 595">
    <p class='ocr_par' dir='ltr' id='par_1_9' title="bbox 195 559 989 595">
     <span class='ocr_line' id='line_1_9' title="bbox 195 559 989 595; baseline 0.001 -10"><span class='ocrx_word' id='word_1_52' title='bbox 195 562 365 593; x_wconf 85' lang='lat' dir='ltr'><strong>peccatores.</strong></span> <span class='ocrx_word' id='word_1_53' title='bbox 386 567 403 586; x_wconf 87' lang='grc' dir='ltr'><strong>ο</strong></span> <span class='ocrx_word' id='word_1_54' title='bbox 417 559 576 587; x_wconf 87' lang='lat' dir='ltr'><strong>beallssime</strong></span> <span class='ocrx_word' id='word_1_55' title='bbox 590 569 597 586; x_wconf 88' lang='lat'><strong>:</strong></span> <span class='ocrx_word' id='word_1_56' title='bbox 615 567 705 595; x_wconf 87' lang='lat' dir='ltr'><strong>neque</strong></span> <span class='ocrx_word' id='word_1_57' title='bbox 721 560 748 586; x_wconf 93' lang='lat' dir='ltr'><strong>in</strong></span> <span class='ocrx_word' id='word_1_58' title='bbox 761 560 813 587; x_wconf 91' lang='lat' dir='ltr'><strong>hoc</strong></span> <span class='ocrx_word' id='word_1_59' title='bbox 831 559 866 586; x_wconf 89' lang='lat' dir='ltr'><strong>ab</strong></span> <span class='ocrx_word' id='word_1_60' title='bbox 878 563 989 594; x_wconf 84' lang='lat' dir='ltr'><strong>aposto-</strong></span> 
     </span>
    </p>
   </div>
   <div class='ocr_carea' id='block_1_10' title="bbox 195 604 987 640">
    <p class='ocr_par' dir='ltr' id='par_1_10' title="bbox 195 604 987 640">
     <span class='ocr_line' id='line_1_10' title="bbox 195 604 987 640; baseline 0 -9"><span class='ocrx_word' id='word_1_61' title='bbox 195 604 247 631; x_wconf 88' lang='lat' dir='ltr'><strong>lica</strong></span> <span class='ocrx_word' id='word_1_62' title='bbox 265 604 319 632; x_wconf 81' lang='lat' dir='ltr'><strong>fide</strong></span> <span class='ocrx_word' id='word_1_63' title='bbox 340 604 476 633; x_wconf 73' lang='lat' dir='ltr'><strong>ullatenus</strong></span> <span class='ocrx_word' id='word_1_64' title='bbox 497 605 695 640; x_wconf 87' lang='lat' dir='ltr'><strong>discrepamus.</strong></span> <span class='ocrx_word' id='word_1_65' title='bbox 717 605 832 632; x_wconf 84' lang='lat' dir='ltr'><strong>Omnem</strong></span> <span class='ocrx_word' id='word_1_66' title='bbox 853 605 987 640; x_wconf 83' lang='lat' dir='ltr'><strong>synodum</strong></span> 
     </span>
    </p>
   </div>
   <div class='ocr_carea' id='block_1_11' title="bbox 195 650 988 686">
    <p class='ocr_par' dir='ltr' id='par_1_11' title="bbox 195 650 988 686">
     <span class='ocr_line' id='line_1_11' title="bbox 195 650 988 686; baseline 0 -9"><span class='ocrx_word' id='word_1_67' title='bbox 195 650 396 678; x_wconf 72' lang='lat' dir='ltr'><strong>meumenicam</strong></span> <span class='ocrx_word' id='word_1_68' title='bbox 420 655 447 678; x_wconf 93' lang='lat' dir='ltr'><strong>et</strong></span> <span class='ocrx_word' id='word_1_69' title='bbox 471 650 596 684; x_wconf 89' lang='lat' dir='ltr'><strong>localem,</strong></span> <span class='ocrx_word' id='word_1_70' title='bbox 614 651 803 686; x_wconf 85' lang='lat' dir='ltr'><strong>approbatam,</strong></span> <span class='ocrx_word' id='word_1_71' title='bbox 825 650 988 686; x_wconf 86' lang='lat' dir='ltr'><strong>veritatique</strong></span> 
     </span>
    </p>
   </div>
   <div class='ocr_carea' id='block_1_12' title="bbox 196 696 989 730">
    <p class='ocr_par' dir='ltr' id='par_1_12' title="bbox 196 696 989 730">
     <span class='ocr_line' id='line_1_12' title="bbox 196 696 989 730; baseline 0.001 -8"><span class='ocrx_word' id='word_1_72' title='bbox 196 700 393 730; x_wconf 74' lang='lat' dir='ltr'><strong>congruentem</strong></span> <span class='ocrx_word' id='word_1_73' title='bbox 406 715 414 728; x_wconf 85' lang='lat'><strong>,</strong></span> <span class='ocrx_word' id='word_1_74' title='bbox 437 703 500 723; x_wconf 93' lang='lat' dir='ltr'><strong>cum</strong></span> <span class='ocrx_word' id='word_1_75' title='bbox 521 696 623 723; x_wconf 87' lang='lat' dir='ltr'><strong>sanctis</strong></span> <span class='ocrx_word' id='word_1_76' title='bbox 644 704 738 724; x_wconf 89' lang='lat' dir='ltr'><strong>earum</strong></span> <span class='ocrx_word' id='word_1_77' title='bbox 756 697 907 724; x_wconf 85' lang='lat' dir='ltr'><strong>eanonibus</strong></span> <span class='ocrx_word' id='word_1_78' title='bbox 929 704 989 723; x_wconf 91' lang='lat' dir='ltr'><strong>am-</strong></span> 
     </span>
    </p>
   </div>
   <div class='ocr_carea' id='block_1_13' title="bbox 197 740 988 776">
    <p class='ocr_par' dir='ltr' id='par_1_13' title="bbox 197 740 988 776">
     <span class='ocr_line' id='line_1_13' title="bbox 197 740 988 776; baseline 0.001 -8"><span class='ocrx_word' id='word_1_79' title='bbox 197 740 353 776; x_wconf 85' lang='lat' dir='ltr'><strong>plectimur.</strong></span> <span class='ocrx_word' id='word_1_80' title='bbox 367 749 477 769; x_wconf 89' lang='lat' dir='ltr'><strong>omnem</strong></span> <span class='ocrx_word' id='word_1_81' title='bbox 491 741 617 770; x_wconf 70' lang='lat' dir='ltr'><strong>haeresim</strong></span> <span class='ocrx_word' id='word_1_82' title='bbox 634 748 661 770; x_wconf 89' lang='lat' dir='ltr'><strong>et</strong></span> <span class='ocrx_word' id='word_1_83' title='bbox 676 742 834 770; x_wconf 66' lang='lat' dir='ltr'><strong>haereticum</strong></span> <span class='ocrx_word' id='word_1_84' title='bbox 847 742 988 770; x_wconf 87' lang='lat' dir='ltr'><strong>detestan-</strong></span> 
     </span>
    </p>
   </div>
   <div class='ocr_carea' id='block_1_14' title="bbox 197 787 990 822">
    <p class='ocr_par' dir='ltr' id='par_1_14' title="bbox 197 787 990 822">
     <span class='ocr_line' id='line_1_14' title="bbox 197 787 990 822; baseline 0.003 -8"><span class='ocrx_word' id='word_1_85' title='bbox 197 791 249 820; x_wconf 87' lang='lat' dir='ltr'><strong>tes,</strong></span> <span class='ocrx_word' id='word_1_86' title='bbox 271 792 353 822; x_wconf 89' lang='lat' dir='ltr'><strong>atque</strong></span> <span class='ocrx_word' id='word_1_87' title='bbox 378 788 653 816; x_wconf 82' lang='lat' dir='ltr'><strong>anathematizantes.</strong></span> <span class='ocrx_word' id='word_1_88' title='bbox 676 787 828 817; x_wconf 83' lang='lat' dir='ltr'><strong>Anathema</strong></span> <span class='ocrx_word' id='word_1_89' title='bbox 852 788 990 816; x_wconf 84' lang='lat' dir='ltr'><strong>Barsanu-</strong></span> 
     </span>
    </p>
   </div>
   <div class='ocr_carea' id='block_1_15' title="bbox 197 833 989 870">
    <p class='ocr_par' dir='ltr' id='par_1_15' title="bbox 197 833 989 870">
     <span class='ocr_line' id='line_1_15' title="bbox 197 833 989 870; baseline 0.001 -10"><span class='ocrx_word' id='word_1_90' title='bbox 197 833 272 869; x_wconf 89' lang='lat' dir='ltr'><strong>phio,</strong></span> <span class='ocrx_word' id='word_1_91' title='bbox 287 833 375 866; x_wconf 73' lang='lat' dir='ltr'><strong>lsaize,</strong></span> <span class='ocrx_word' id='word_1_92' title='bbox 403 833 552 867; x_wconf 91' lang='lat' dir='ltr'><strong>Dorotheo,</strong></span> <span class='ocrx_word' id='word_1_93' title='bbox 570 839 598 862; x_wconf 91' lang='lat' dir='ltr'><strong>et</strong></span> <span class='ocrx_word' id='word_1_94' title='bbox 624 835 764 868; x_wconf 80' lang='lat' dir='ltr'><strong>Dositheo,</strong></span> <span class='ocrx_word' id='word_1_95' title='bbox 793 843 862 870; x_wconf 89' lang='lat' dir='ltr'><strong>quos</strong></span> <span class='ocrx_word' id='word_1_96' title='bbox 877 839 989 862; x_wconf 86' lang='lat' dir='ltr'><strong>sanctus</strong></span> 
     </span>
    </p>
   </div>
   <div class='ocr_carea' id='block_1_16' title="bbox 197 877 990 915">
    <p class='ocr_par' dir='ltr' id='par_1_16' title="bbox 197 877 990 915">
     <span class='ocr_line' id='line_1_16' title="bbox 197 877 990 915; baseline 0 -9"><span class='ocrx_word' id='word_1_97' title='bbox 197 878 369 913; x_wconf 86' lang='lat' dir='ltr'><strong>Sophronius</strong></span> <span class='ocrx_word' id='word_1_98' title='bbox 384 879 625 907; x_wconf 89' lang='lat' dir='ltr'><strong>anathematizavit</strong></span> <span class='ocrx_word' id='word_1_99' title='bbox 637 879 671 907; x_wconf 83' lang='lat'><strong>&quot;.</strong></span> <span class='ocrx_word' id='word_1_100' title='bbox 690 879 742 907; x_wconf 89' lang='lat' dir='ltr'><strong>Sed</strong></span> <span class='ocrx_word' id='word_1_101' title='bbox 764 884 791 907; x_wconf 91' lang='lat' dir='ltr'><strong>et</strong></span> <span class='ocrx_word' id='word_1_102' title='bbox 808 877 830 907; x_wconf 92' lang='lat' dir='ltr'><strong>si</strong></span> <span class='ocrx_word' id='word_1_103' title='bbox 844 878 906 915; x_wconf 88' lang='lat' dir='ltr'><strong>quis</strong></span> <span class='ocrx_word' id='word_1_104' title='bbox 921 879 990 906; x_wconf 90' lang='lat' dir='ltr'><strong>alius</strong></span> 
     </span>
    </p>
   </div>
   <div class='ocr_carea' id='block_1_17' title="bbox 197 922 990 960">
    <p class='ocr_par' dir='ltr' id='par_1_17' title="bbox 197 922 990 960">
     <span class='ocr_line' id='line_1_17' title="bbox 197 922 990 960; baseline 0 -9"><span class='ocrx_word' id='word_1_105' title='bbox 197 923 297 952; x_wconf 88' lang='lat' dir='ltr'><strong>horum</strong></span> <span class='ocrx_word' id='word_1_106' title='bbox 313 925 484 960; x_wconf 72' lang='lat' dir='ltr'><strong>cognominis</strong></span> <span class='ocrx_word' id='word_1_107' title='bbox 501 924 604 960; x_wconf 89' lang='lat' dir='ltr'><strong>pariter</strong></span> <span class='ocrx_word' id='word_1_108' title='bbox 623 924 779 956; x_wconf 80' lang='lat' dir='ltr'><strong>haereticus.</strong></span> <span class='ocrx_word' id='word_1_109' title='bbox 793 932 889 952; x_wconf 90' lang='lat' dir='ltr'><strong>eorum</strong></span> <span class='ocrx_word' id='word_1_110' title='bbox 901 922 990 952; x_wconf 66' lang='lat' dir='ltr'><strong>haere-</strong></span> 
     </span>
    </p>
   </div>
   <div class='ocr_carea' id='block_1_18' title="bbox 197 969 989 1006">
    <p class='ocr_par' dir='ltr' id='par_1_18' title="bbox 197 969 989 1006">
     <span class='ocr_line' id='line_1_18' title="bbox 197 969 989 1006; baseline 0 -8"><span class='ocrx_word' id='word_1_111' title='bbox 197 969 261 1002; x_wconf 79' lang='lat' dir='ltr'><strong>sim,</strong></span> <span class='ocrx_word' id='word_1_112' title='bbox 278 969 321 998; x_wconf 85' lang='lat' dir='ltr'><strong>vel</strong></span> <span class='ocrx_word' id='word_1_113' title='bbox 338 969 421 998; x_wconf 85' lang='lat' dir='ltr'><strong>aliam</strong></span> <span class='ocrx_word' id='word_1_114' title='bbox 442 969 593 1006; x_wconf 84' lang='lat' dir='ltr'><strong>quamlibet</strong></span> <span class='ocrx_word' id='word_1_115' title='bbox 613 978 741 1006; x_wconf 80' lang='lat' dir='ltr'><strong>sequens,</strong></span> <span class='ocrx_word' id='word_1_116' title='bbox 757 969 815 999; x_wconf 83' lang='lat' dir='ltr'><strong>sive</strong></span> <span class='ocrx_word' id='word_1_117' title='bbox 834 970 989 1006; x_wconf 87' lang='lat' dir='ltr'><strong>episcopus,</strong></span> 
     </span>
    </p>
   </div>
   <div class='ocr_carea' id='block_1_19' title="bbox 197 1013 990 1051">
    <p class='ocr_par' dir='ltr' id='par_1_19' title="bbox 197 1013 990 1051">
     <span class='ocr_line' id='line_1_19' title="bbox 197 1013 990 1051; baseline 0.001 -9"><span class='ocrx_word' id='word_1_118' title='bbox 197 1013 254 1042; x_wconf 84' lang='lat' dir='ltr'><strong>sive</strong></span> <span class='ocrx_word' id='word_1_119' title='bbox 266 1015 427 1049; x_wconf 84' lang='lat' dir='ltr'><strong>monachus,</strong></span> <span class='ocrx_word' id='word_1_120' title='bbox 442 1016 486 1043; x_wconf 90' lang='lat' dir='ltr'><strong>vel</strong></span> <span class='ocrx_word' id='word_1_121' title='bbox 497 1015 653 1051; x_wconf 87' lang='lat' dir='ltr'><strong>quicunque</strong></span> <span class='ocrx_word' id='word_1_122' title='bbox 663 1016 772 1044; x_wconf 89' lang='lat' dir='ltr'><strong>demum</strong></span> <span class='ocrx_word' id='word_1_123' title='bbox 782 1016 818 1044; x_wconf 91' lang='lat' dir='ltr'><strong>sit</strong></span> <span class='ocrx_word' id='word_1_124' title='bbox 828 1024 835 1046; x_wconf 88' lang='lat'><strong>:</strong></span> <span class='ocrx_word' id='word_1_125' title='bbox 845 1016 990 1044; x_wconf 79' lang='lat' dir='ltr'><strong>anathema</strong></span> 
     </span>
    </p>
   </div>
   <div class='ocr_carea' id='block_1_20' title="bbox 198 1061 990 1097">
    <p class='ocr_par' dir='ltr' id='par_1_20' title="bbox 198 1061 990 1097">
     <span class='ocr_line' id='line_1_20' title="bbox 198 1061 990 1097; baseline 0.001 -9"><span class='ocrx_word' id='word_1_126' title='bbox 198 1065 268 1089; x_wconf 86' lang='lat' dir='ltr'><strong>esto.</strong></span> <span class='ocrx_word' id='word_1_127' title='bbox 286 1061 316 1088; x_wconf 88' lang='lat' dir='ltr'><strong>Si</strong></span> <span class='ocrx_word' id='word_1_128' title='bbox 333 1061 394 1097; x_wconf 90' lang='lat' dir='ltr'><strong>quis</strong></span> <span class='ocrx_word' id='word_1_129' title='bbox 412 1061 476 1089; x_wconf 86' lang='lat' dir='ltr'><strong>item</strong></span> <span class='ocrx_word' id='word_1_130' title='bbox 491 1065 655 1097; x_wconf 82' lang='lat' dir='ltr'><strong>opportune,</strong></span> <span class='ocrx_word' id='word_1_131' title='bbox 673 1066 704 1090; x_wconf 86' lang='lat' dir='ltr'><strong>ut</strong></span> <span class='ocrx_word' id='word_1_132' title='bbox 720 1062 859 1094; x_wconf 90' lang='lat' dir='ltr'><strong>convenit,</strong></span> <span class='ocrx_word' id='word_1_133' title='bbox 881 1069 990 1090; x_wconf 91' lang='lat' dir='ltr'><strong>omnem</strong></span> 
     </span>
    </p>
   </div>
   <div class='ocr_carea' id='block_1_21' title="bbox 199 1106 989 1142">
    <p class='ocr_par' dir='ltr' id='par_1_21' title="bbox 199 1106 989 1142">
     <span class='ocr_line' id='line_1_21' title="bbox 199 1106 989 1142; baseline -0.003 -7"><span class='ocrx_word' id='word_1_134' title='bbox 199 1107 360 1136; x_wconf 80' lang='lat' dir='ltr'><strong>haereticum</strong></span> <span class='ocrx_word' id='word_1_135' title='bbox 372 1115 428 1135; x_wconf 91' lang='lat' dir='ltr'><strong>non</strong></span> <span class='ocrx_word' id='word_1_136' title='bbox 443 1107 668 1141; x_wconf 86' lang='lat' dir='ltr'><strong>anathematizat,</strong></span> <span class='ocrx_word' id='word_1_137' title='bbox 681 1107 806 1142; x_wconf 87' lang='lat' dir='ltr'><strong>ejusdem</strong></span> <span class='ocrx_word' id='word_1_138' title='bbox 821 1106 903 1134; x_wconf 87' lang='lat' dir='ltr'><strong>sortis</strong></span> <span class='ocrx_word' id='word_1_139' title='bbox 919 1110 989 1134; x_wconf 88' lang='lat' dir='ltr'><strong>esto.</strong></span> 
     </span>
    </p>
   </div>
   <div class='ocr_carea' id='block_1_22' title="bbox 198 1152 991 1189">
    <p class='ocr_par' dir='ltr' id='par_1_22' title="bbox 198 1152 991 1189">
     <span class='ocr_line' id='line_1_22' title="bbox 198 1152 991 1189; baseline -0.001 -8"><span class='ocrx_word' id='word_1_140' title='bbox 198 1152 254 1181; x_wconf 82' lang='lat' dir='ltr'><strong>Nos</strong></span> <span class='ocrx_word' id='word_1_141' title='bbox 274 1153 348 1181; x_wconf 90' lang='lat' dir='ltr'><strong>enim</strong></span> <span class='ocrx_word' id='word_1_142' title='bbox 367 1153 428 1189; x_wconf 82' lang='lat' dir='ltr'><strong>puri</strong></span> <span class='ocrx_word' id='word_1_143' title='bbox 450 1160 546 1182; x_wconf 88' lang='lat' dir='ltr'><strong>sumus</strong></span> <span class='ocrx_word' id='word_1_144' title='bbox 562 1153 596 1181; x_wconf 89' lang='lat' dir='ltr'><strong>ab</strong></span> <span class='ocrx_word' id='word_1_145' title='bbox 617 1153 692 1180; x_wconf 91' lang='lat' dir='ltr'><strong>omni</strong></span> <span class='ocrx_word' id='word_1_146' title='bbox 714 1152 843 1181; x_wconf 68' lang='lat' dir='ltr'><strong>haeretica</strong></span> <span class='ocrx_word' id='word_1_147' title='bbox 861 1153 991 1187; x_wconf 90' lang='lat' dir='ltr'><strong>opinione</strong></span> 
     </span>
    </p>
   </div>
   <div class='ocr_carea' id='block_1_23' title="bbox 199 1197 992 1235">
    <p class='ocr_par' dir='ltr' id='par_1_23' title="bbox 199 1197 992 1235">
     <span class='ocr_line' id='line_1_23' title="bbox 199 1197 992 1235; baseline -0.003 -7"><span class='ocrx_word' id='word_1_148' title='bbox 199 1199 382 1228; x_wconf 78' lang='lat' dir='ltr'><strong>sanctissimis</strong></span> <span class='ocrx_word' id='word_1_149' title='bbox 402 1199 531 1235; x_wconf 88' lang='lat' dir='ltr'><strong>precibus</strong></span> <span class='ocrx_word' id='word_1_150' title='bbox 550 1200 615 1232; x_wconf 88' lang='lat' dir='ltr'><strong>tuis,</strong></span> <span class='ocrx_word' id='word_1_151' title='bbox 632 1197 847 1235; x_wconf 73' lang='lat' dir='ltr'><strong>religiosissime.</strong></span> <span class='ocrx_word' id='word_1_152' title='bbox 868 1197 992 1234; x_wconf 82' lang='lat' dir='ltr'><strong>Denique</strong></span> 
     </span>
    </p>
   </div>
   <div class='ocr_carea' id='block_1_24' title="bbox 201 1245 991 1281">
    <p class='ocr_par' dir='ltr' id='par_1_24' title="bbox 201 1245 991 1281">
     <span class='ocr_line' id='line_1_24' title="bbox 201 1245 991 1281; baseline -0.001 -8"><span class='ocrx_word' id='word_1_153' title='bbox 201 1245 256 1273; x_wconf 89' lang='lat' dir='ltr'><strong>hoc</strong></span> <span class='ocrx_word' id='word_1_154' title='bbox 266 1246 349 1273; x_wconf 90' lang='lat' dir='ltr'><strong>etiam</strong></span> <span class='ocrx_word' id='word_1_155' title='bbox 371 1245 568 1281; x_wconf 77' lang='lat' dir='ltr'><strong>significamus,</strong></span> <span class='ocrx_word' id='word_1_156' title='bbox 585 1246 692 1274; x_wconf 84' lang='lat' dir='ltr'><strong>tametsi</strong></span> <span class='ocrx_word' id='word_1_157' title='bbox 714 1246 740 1273; x_wconf 93' lang='lat' dir='ltr'><strong>in</strong></span> <span class='ocrx_word' id='word_1_158' title='bbox 764 1246 888 1281; x_wconf 86' lang='lat' dir='ltr'><strong>epistola,</strong></span> <span class='ocrx_word' id='word_1_159' title='bbox 910 1253 991 1281; x_wconf 90' lang='lat' dir='ltr'><strong>quam</strong></span> 
     </span>
    </p>
   </div>
   <div class='ocr_carea' id='block_1_25' title="bbox 199 1291 992 1328">
    <p class='ocr_par' dir='ltr' id='par_1_25' title="bbox 199 1291 992 1328">
     <span class='ocr_line' id='line_1_25' title="bbox 199 1291 992 1328; baseline 0 -9"><span class='ocrx_word' id='word_1_160' title='bbox 199 1299 249 1328; x_wconf 88' lang='lat' dir='ltr'><strong>per</strong></span> <span class='ocrx_word' id='word_1_161' title='bbox 267 1291 444 1320; x_wconf 79' lang='lat' dir='ltr'><strong>Eustathium</strong></span> <span class='ocrx_word' id='word_1_162' title='bbox 463 1291 576 1319; x_wconf 83' lang='lat' dir='ltr'><strong>fratrem</strong></span> <span class='ocrx_word' id='word_1_163' title='bbox 590 1291 725 1326; x_wconf 86' lang='lat' dir='ltr'><strong>misimus,</strong></span> <span class='ocrx_word' id='word_1_164' title='bbox 742 1292 922 1328; x_wconf 76' lang='lat' dir='ltr'><strong>significatum</strong></span> <span class='ocrx_word' id='word_1_165' title='bbox 935 1299 992 1319; x_wconf 89' lang='lat' dir='ltr'><strong>non</strong></span> 
     </span>
    </p>
   </div>
   <div class='ocr_carea' id='block_1_26' title="bbox 200 1337 990 1373">
    <p class='ocr_par' dir='ltr' id='par_1_26' title="bbox 200 1337 990 1373">
     <span class='ocr_line' id='line_1_26' title="bbox 200 1337 990 1373; baseline 0 -9"><span class='ocrx_word' id='word_1_166' title='bbox 200 1337 247 1370; x_wconf 90' lang='lat' dir='ltr'><strong>sit,</strong></span> <span class='ocrx_word' id='word_1_167' title='bbox 259 1345 311 1364; x_wconf 92' lang='lat' dir='ltr'><strong>nos</strong></span> <span class='ocrx_word' id='word_1_168' title='bbox 322 1345 371 1372; x_wconf 91' lang='lat' dir='ltr'><strong>per</strong></span> <span class='ocrx_word' id='word_1_169' title='bbox 384 1337 564 1372; x_wconf 86' lang='lat' dir='ltr'><strong>Epiphanium</strong></span> <span class='ocrx_word' id='word_1_170' title='bbox 576 1345 654 1365; x_wconf 90' lang='lat' dir='ltr'><strong>sacro</strong></span> <span class='ocrx_word' id='word_1_171' title='bbox 664 1337 760 1365; x_wconf 81' lang='lat' dir='ltr'><strong>vertici</strong></span> <span class='ocrx_word' id='word_1_172' title='bbox 773 1342 819 1364; x_wconf 91' lang='lat' dir='ltr'><strong>tuo</strong></span> <span class='ocrx_word' id='word_1_173' title='bbox 831 1337 990 1373; x_wconf 77' lang='lat' dir='ltr'><strong>scripsisse:</strong></span> 
     </span>
    </p>
   </div>
   <div class='ocr_carea' id='block_1_27' title="bbox 201 1383 990 1420">
    <p class='ocr_par' dir='ltr' id='par_1_27' title="bbox 201 1383 990 1420">
     <span class='ocr_line' id='line_1_27' title="bbox 201 1383 990 1420; baseline -0.003 -8"><span class='ocrx_word' id='word_1_174' title='bbox 201 1392 374 1420; x_wconf 81' lang='lat' dir='ltr'><strong>nequaquam</strong></span> <span class='ocrx_word' id='word_1_175' title='bbox 390 1383 536 1411; x_wconf 88' lang='lat' dir='ltr'><strong>mentitum</strong></span> <span class='ocrx_word' id='word_1_176' title='bbox 549 1384 634 1411; x_wconf 87' lang='lat' dir='ltr'><strong>fuisse</strong></span> <span class='ocrx_word' id='word_1_177' title='bbox 645 1383 827 1419; x_wconf 86' lang='lat' dir='ltr'><strong>Epiphanium</strong></span> <span class='ocrx_word' id='word_1_178' title='bbox 841 1393 847 1411; x_wconf 94' lang='lat'>:</span> <span class='ocrx_word' id='word_1_179' title='bbox 861 1391 905 1411; x_wconf 89' lang='lat' dir='ltr'><strong>res</strong></span> <span class='ocrx_word' id='word_1_180' title='bbox 916 1383 990 1411; x_wconf 90' lang='lat' dir='ltr'><strong>enim</strong></span> 
     </span>
    </p>
   </div>
   <div class='ocr_carea' id='block_1_28' title="bbox 201 1427 991 1466">
    <p class='ocr_par' dir='ltr' id='par_1_28' title="bbox 201 1427 991 1466">
     <span class='ocr_line' id='line_1_28' title="bbox 201 1427 991 1466; baseline -0.004 -8"><span class='ocrx_word' id='word_1_181' title='bbox 201 1430 228 1458; x_wconf 95' lang='lat' dir='ltr'><strong>in</strong></span> <span class='ocrx_word' id='word_1_182' title='bbox 247 1430 322 1458; x_wconf 89' lang='lat' dir='ltr'><strong>hunc</strong></span> <span class='ocrx_word' id='word_1_183' title='bbox 341 1429 453 1458; x_wconf 89' lang='lat' dir='ltr'><strong>modum</strong></span> <span class='ocrx_word' id='word_1_184' title='bbox 475 1434 551 1466; x_wconf 79' lang='lat' dir='ltr'><strong>gesta</strong></span> <span class='ocrx_word' id='word_1_185' title='bbox 573 1434 624 1457; x_wconf 88' lang='lat' dir='ltr'><strong>est.</strong></span> <span class='ocrx_word' id='word_1_186' title='bbox 646 1427 812 1457; x_wconf 82' lang='lat' dir='ltr'><strong>Dederamus</strong></span> <span class='ocrx_word' id='word_1_187' title='bbox 833 1427 871 1456; x_wconf 92' lang='lat' dir='ltr'><strong>illi</strong></span> <span class='ocrx_word' id='word_1_188' title='bbox 894 1435 991 1456; x_wconf 79' lang='lat' dir='ltr'><strong>revera</strong></span> 
     </span>
    </p>
   </div>
   <div class='ocr_carea' id='block_1_29' title="bbox 200 1475 990 1512">
    <p class='ocr_par' dir='ltr' id='par_1_29' title="bbox 200 1475 990 1512">
     <span class='ocr_line' id='line_1_29' title="bbox 200 1475 990 1512; baseline -0.003 -9"><span class='ocrx_word' id='word_1_189' title='bbox 200 1475 345 1512; x_wconf 86' lang='lat' dir='ltr'><strong>epistolam</strong></span> <span class='ocrx_word' id='word_1_190' title='bbox 369 1484 376 1503; x_wconf 73' lang='grc' dir='ltr'>ε</span> <span class='ocrx_word' id='word_1_191' title='bbox 401 1480 495 1511; x_wconf 89' lang='lat' dir='ltr'><strong>postea</strong></span> <span class='ocrx_word' id='word_1_192' title='bbox 523 1480 588 1503; x_wconf 88' lang='lat' dir='ltr'><strong>vero</strong></span> <span class='ocrx_word' id='word_1_193' title='bbox 612 1475 805 1510; x_wconf 88' lang='lat' dir='ltr'><strong>imperantium</strong></span> <span class='ocrx_word' id='word_1_194' title='bbox 833 1478 908 1502; x_wconf 90' lang='lat' dir='ltr'><strong>metu</strong></span> <span class='ocrx_word' id='word_1_195' title='bbox 930 1481 990 1502; x_wconf 88' lang='lat' dir='ltr'><strong>eam</strong></span> 
     </span>
    </p>
   </div>
   <div class='ocr_carea' id='block_1_30' title="bbox 200 1520 992 1557">
    <p class='ocr_par' dir='ltr' id='par_1_30' title="bbox 200 1520 992 1557">
     <span class='ocr_line' id='line_1_30' title="bbox 200 1520 992 1557; baseline -0.003 -8"><span class='ocrx_word' id='word_1_196' title='bbox 200 1521 384 1557; x_wconf 79' lang='lat' dir='ltr'><strong>expunximus</strong></span> <span class='ocrx_word' id='word_1_197' title='bbox 409 1531 416 1550; x_wconf 89' lang='lat'><strong>:</strong></span> <span class='ocrx_word' id='word_1_198' title='bbox 439 1521 498 1556; x_wconf 91' lang='lat' dir='ltr'><strong>ipse</strong></span> <span class='ocrx_word' id='word_1_199' title='bbox 519 1521 716 1554; x_wconf 87' lang='lat' dir='ltr'><strong>nihilominus,</strong></span> <span class='ocrx_word' id='word_1_200' title='bbox 743 1528 805 1548; x_wconf 88' lang='lat' dir='ltr'><strong>cum</strong></span> <span class='ocrx_word' id='word_1_201' title='bbox 826 1520 886 1555; x_wconf 84' lang='lat' dir='ltr'><strong>ejus</strong></span> <span class='ocrx_word' id='word_1_202' title='bbox 912 1524 992 1547; x_wconf 87' lang='lat' dir='ltr'><strong>notas</strong></span> 
     </span>
    </p>
   </div>
   <div class='ocr_carea' id='block_1_31' title="bbox 202 1548 1025 1603">
    <p class='ocr_par' dir='ltr' id='par_1_31' title="bbox 202 1548 1025 1603">
     <span class='ocr_line' id='line_1_31' title="bbox 202 1548 1025 1603; baseline -0.002 -8"><span class='ocrx_word' id='word_1_203' title='bbox 202 1548 318 1600; x_wconf 73' lang='lat' dir='ltr'><strong>teneret,</strong></span> <span class='ocrx_word' id='word_1_204' title='bbox 333 1567 424 1595; x_wconf 85' lang='lat' dir='ltr'><strong>attulit</strong></span> <span class='ocrx_word' id='word_1_205' title='bbox 441 1548 475 1594; x_wconf 68' lang='lat' dir='ltr'><strong>ad</strong></span> <span class='ocrx_word' id='word_1_206' title='bbox 491 1574 568 1594; x_wconf 88' lang='lat' dir='ltr'><strong>sacra</strong></span> <span class='ocrx_word' id='word_1_207' title='bbox 588 1567 662 1594; x_wconf 91' lang='lat' dir='ltr'><strong>illius</strong></span> <span class='ocrx_word' id='word_1_208' title='bbox 675 1548 801 1603; x_wconf 75' lang='lat' dir='ltr'><strong>vestigia,</strong></span> <span class='ocrx_word' id='word_1_209' title='bbox 817 1548 949 1601; x_wconf 71' lang='lat' dir='ltr'><strong>benevole</strong></span> <span class='ocrx_word' id='word_1_210' title='bbox 962 1565 989 1593; x_wconf 93' lang='lat' dir='ltr'><strong>id</strong></span> <span class='ocrx_word' id='word_1_211' title='bbox 1004 1548 1025 1578; x_wconf 64' lang='grc' dir='ltr'><strong>θ</strong></span> 
     </span>
    </p>
   </div>
   <div class='ocr_carea' id='block_1_32' title="bbox 200 1609 991 1649">
    <p class='ocr_par' dir='ltr' id='par_1_32' title="bbox 200 1609 991 1649">
     <span class='ocr_line' id='line_1_32' title="bbox 200 1609 991 1649; baseline -0.003 -9"><span class='ocrx_word' id='word_1_212' title='bbox 200 1621 301 1649; x_wconf 76' lang='lat' dir='ltr'><strong>agens,</strong></span> <span class='ocrx_word' id='word_1_213' title='bbox 323 1617 466 1649; x_wconf 84' lang='lat' dir='ltr'><strong>postquam</strong></span> <span class='ocrx_word' id='word_1_214' title='bbox 488 1612 517 1639; x_wconf 89' lang='lat' dir='ltr'><strong>in</strong></span> <span class='ocrx_word' id='word_1_215' title='bbox 541 1611 668 1639; x_wconf 81' lang='lat' dir='ltr'><strong>exsilium</strong></span> <span class='ocrx_word' id='word_1_216' title='bbox 691 1611 745 1640; x_wconf 87' lang='lat' dir='ltr'><strong>acti</strong></span> <span class='ocrx_word' id='word_1_217' title='bbox 768 1612 917 1640; x_wconf 78' lang='lat' dir='ltr'><strong>fueramus.</strong></span> <span class='ocrx_word' id='word_1_218' title='bbox 942 1609 991 1638; x_wconf 83' lang='lat' dir='ltr'><strong>Est</strong></span> 
     </span>
    </p>
   </div>
   <div class='ocr_carea' id='block_1_33' title="bbox 200 1657 991 1693">
    <p class='ocr_par' dir='ltr' id='par_1_33' title="bbox 200 1657 991 1693">
     <span class='ocr_line' id='line_1_33' title="bbox 200 1657 991 1693; baseline -0.003 -7"><span class='ocrx_word' id='word_1_219' title='bbox 200 1658 274 1686; x_wconf 89' lang='lat' dir='ltr'><strong>enim</strong></span> <span class='ocrx_word' id='word_1_220' title='bbox 287 1666 319 1686; x_wconf 88' lang='lat' dir='ltr'><strong>os</strong></span> <span class='ocrx_word' id='word_1_221' title='bbox 333 1659 494 1686; x_wconf 89' lang='lat' dir='ltr'><strong>humilitatis</strong></span> <span class='ocrx_word' id='word_1_222' title='bbox 504 1662 614 1690; x_wconf 82' lang='lat' dir='ltr'><strong>nostrae,</strong></span> <span class='ocrx_word' id='word_1_223' title='bbox 628 1663 656 1686; x_wconf 91' lang='lat' dir='ltr'><strong>et</strong></span> <span class='ocrx_word' id='word_1_224' title='bbox 668 1665 758 1686; x_wconf 89' lang='lat' dir='ltr'><strong>sermo</strong></span> <span class='ocrx_word' id='word_1_225' title='bbox 768 1657 944 1693; x_wconf 80' lang='lat' dir='ltr'><strong>proﬁciscens</strong></span> <span class='ocrx_word' id='word_1_226' title='bbox 957 1665 991 1684; x_wconf 81' lang='lat' dir='ltr'><strong>ex</strong></span> 
     </span>
    </p>
   </div>
   <div class='ocr_carea' id='block_1_34' title="bbox 200 1702 992 1737">
    <p class='ocr_par' dir='ltr' id='par_1_34' title="bbox 200 1702 992 1737">
     <span class='ocr_line' id='line_1_34' title="bbox 200 1702 992 1737; baseline -0.003 -6"><span class='ocrx_word' id='word_1_227' title='bbox 200 1704 282 1732; x_wconf 84' lang='lat' dir='ltr'><strong>corde</strong></span> <span class='ocrx_word' id='word_1_228' title='bbox 295 1708 400 1732; x_wconf 87' lang='lat' dir='ltr'><strong>nostro.</strong></span> <span class='ocrx_word' id='word_1_229' title='bbox 414 1704 504 1737; x_wconf 88' lang='lat' dir='ltr'><strong>Quare</strong></span> <span class='ocrx_word' id='word_1_230' title='bbox 515 1708 609 1733; x_wconf 89' lang='lat' dir='ltr'><strong>sancta</strong></span> <span class='ocrx_word' id='word_1_231' title='bbox 622 1704 713 1731; x_wconf 84' lang='lat' dir='ltr'><strong>anima</strong></span> <span class='ocrx_word' id='word_1_232' title='bbox 728 1708 773 1731; x_wconf 86' lang='lat' dir='ltr'><strong>tua</strong></span> <span class='ocrx_word' id='word_1_233' title='bbox 788 1711 820 1730; x_wconf 89' lang='lat' dir='ltr'><strong>ne</strong></span> <span class='ocrx_word' id='word_1_234' title='bbox 833 1702 992 1730; x_wconf 83' lang='lat' dir='ltr'><strong>scandalum</strong></span> 
     </span>
    </p>
   </div>
   <div class='ocr_carea' id='block_1_35' title="bbox 200 1748 991 1786">
    <p class='ocr_par' dir='ltr' id='par_1_35' title="bbox 200 1748 991 1786">
     <span class='ocr_line' id='line_1_35' title="bbox 200 1748 991 1786; baseline -0.005 -8"><span class='ocrx_word' id='word_1_235' title='bbox 200 1750 359 1786; x_wconf 88' lang='lat' dir='ltr'><strong>suspicetur</strong></span> <span class='ocrx_word' id='word_1_236' title='bbox 383 1750 411 1778; x_wconf 81' lang='lat' dir='ltr'><strong>in</strong></span> <span class='ocrx_word' id='word_1_237' title='bbox 433 1758 568 1778; x_wconf 88' lang='lat' dir='ltr'><strong>conservo</strong></span> <span class='ocrx_word' id='word_1_238' title='bbox 588 1755 682 1778; x_wconf 91' lang='lat' dir='ltr'><strong>nostro</strong></span> <span class='ocrx_word' id='word_1_239' title='bbox 706 1757 756 1786; x_wconf 87' lang='lat' dir='ltr'><strong>per</strong></span> <span class='ocrx_word' id='word_1_240' title='bbox 775 1750 868 1777; x_wconf 88' lang='lat' dir='ltr'><strong>omnia</strong></span> <span class='ocrx_word' id='word_1_241' title='bbox 886 1748 991 1776; x_wconf 81' lang='lat' dir='ltr'><strong>fidelis-</strong></span> 
     </span>
    </p>
   </div>
   <div class='ocr_carea' id='block_1_36' title="bbox 201 1793 993 1832">
    <p class='ocr_par' dir='ltr' id='par_1_36' title="bbox 201 1793 993 1832">
     <span class='ocr_line' id='line_1_36' title="bbox 201 1793 993 1832; baseline -0.004 -8"><span class='ocrx_word' id='word_1_242' title='bbox 201 1797 282 1824; x_wconf 88' lang='lat' dir='ltr'><strong>simo.</strong></span> <span class='ocrx_word' id='word_1_243' title='bbox 305 1796 401 1824; x_wconf 78' lang='lat' dir='ltr'><strong>Frater</strong></span> <span class='ocrx_word' id='word_1_244' title='bbox 428 1800 522 1824; x_wconf 88' lang='lat' dir='ltr'><strong>noster</strong></span> <span class='ocrx_word' id='word_1_245' title='bbox 544 1795 768 1832; x_wconf 87' lang='lat' dir='ltr'><strong>archiepiscopus</strong></span> <span class='ocrx_word' id='word_1_246' title='bbox 789 1793 993 1823; x_wconf 63' lang='lat' dir='ltr'><strong>Thessalonica:</strong></span> 
     </span>
    </p>
   </div>
   <div class='ocr_carea' id='block_1_37' title="bbox 201 1841 994 1877">
    <p class='ocr_par' dir='ltr' id='par_1_37' title="bbox 201 1841 994 1877">
     <span class='ocr_line' id='line_1_37' title="bbox 201 1841 994 1877; baseline -0.001 -9"><span class='ocrx_word' id='word_1_247' title='bbox 201 1841 373 1877; x_wconf 86' lang='lat' dir='ltr'><strong>supplicibus</strong></span> <span class='ocrx_word' id='word_1_248' title='bbox 391 1842 483 1870; x_wconf 85' lang='lat' dir='ltr'><strong>cordis</strong></span> <span class='ocrx_word' id='word_1_249' title='bbox 510 1842 637 1870; x_wconf 89' lang='lat' dir='ltr'><strong>manibus</strong></span> <span class='ocrx_word' id='word_1_250' title='bbox 655 1841 832 1870; x_wconf 86' lang='lat' dir='ltr'><strong>beatitudinis</strong></span> <span class='ocrx_word' id='word_1_251' title='bbox 849 1845 903 1869; x_wconf 57' lang='lat' dir='ltr'><strong>tua;</strong></span> <span class='ocrx_word' id='word_1_252' title='bbox 919 1841 994 1868; x_wconf 80' lang='lat' dir='ltr'><strong>salu-</strong></span> 
     </span>
    </p>
   </div>
   <div class='ocr_carea' id='block_1_38' title="bbox 203 1887 995 1923">
    <p class='ocr_par' dir='ltr' id='par_1_38' title="bbox 203 1887 995 1923">
     <span class='ocr_line' id='line_1_38' title="bbox 203 1887 995 1923; baseline -0.001 -9"><span class='ocrx_word' id='word_1_253' title='bbox 203 1887 334 1914; x_wconf 83' lang='lat' dir='ltr'><strong>tationem</strong></span> <span class='ocrx_word' id='word_1_254' title='bbox 349 1892 376 1915; x_wconf 89' lang='lat' dir='ltr'><strong>et</strong></span> <span class='ocrx_word' id='word_1_255' title='bbox 390 1888 522 1923; x_wconf 88' lang='lat' dir='ltr'><strong>suscepit,</strong></span> <span class='ocrx_word' id='word_1_256' title='bbox 538 1892 565 1915; x_wconf 92' lang='lat' dir='ltr'><strong>et</strong></span> <span class='ocrx_word' id='word_1_257' title='bbox 578 1895 628 1923; x_wconf 88' lang='lat' dir='ltr'><strong>per</strong></span> <span class='ocrx_word' id='word_1_258' title='bbox 643 1895 694 1915; x_wconf 90' lang='lat' dir='ltr'><strong>nos</strong></span> <span class='ocrx_word' id='word_1_259' title='bbox 714 1887 918 1916; x_wconf 81' lang='lat' dir='ltr'><strong>sanctissimum</strong></span> <span class='ocrx_word' id='word_1_260' title='bbox 932 1893 995 1914; x_wconf 87' lang='lat' dir='ltr'><strong>ver-</strong></span> 
     </span>
    </p>
   </div>
   <div class='ocr_carea' id='block_1_39' title="bbox 203 1934 714 1962">
    <p class='ocr_par' dir='ltr' id='par_1_39' title="bbox 203 1934 714 1962">
     <span class='ocr_line' id='line_1_39' title="bbox 203 1934 714 1962; baseline 0 -1"><span class='ocrx_word' id='word_1_261' title='bbox 203 1934 285 1961; x_wconf 87' lang='lat' dir='ltr'><strong>ticem</strong></span> <span class='ocrx_word' id='word_1_262' title='bbox 299 1938 377 1962; x_wconf 90' lang='lat' dir='ltr'><strong>tuum</strong></span> <span class='ocrx_word' id='word_1_263' title='bbox 397 1934 589 1962; x_wconf 82' lang='lat' dir='ltr'><strong>adorabundus</strong></span> <span class='ocrx_word' id='word_1_264' title='bbox 603 1934 714 1961; x_wconf 89' lang='lat' dir='ltr'><strong>salutat.</strong></span> 
     </span>
    </p>
   </div>
   <div class='ocr_carea' id='block_1_40' title="bbox 369 1979 810 2014">
    <p class='ocr_par' dir='ltr' id='par_1_40' title="bbox 369 1979 810 2014">
     <span class='ocr_line' id='line_1_40' title="bbox 369 1979 810 2014; baseline -0.002 -6"><span class='ocrx_word' id='word_1_265' title='bbox 369 1979 481 2008; x_wconf 75' lang='lat' dir='ltr'><strong>XXXV.</strong></span> <span class='ocrx_word' id='word_1_266' title='bbox 495 1979 642 2007; x_wconf 76' lang='lat' dir='ltr'><strong>—Basilio</strong></span> <span class='ocrx_word' id='word_1_267' title='bbox 658 1980 810 2014; x_wconf 75' lang='lat' dir='ltr'><strong>pmposito.</strong></span> 
     </span>
    </p>
   </div>
   <div class='ocr_carea' id='block_1_41' title="bbox 801 139 1231 173">
    <p class='ocr_par' dir='ltr' id='par_1_41' title="bbox 801 139 1231 173">
     <span class='ocr_line' id='line_1_41' title="bbox 801 139 1231 173; baseline 0.002 -2"><span class='ocrx_word' id='word_1_268' title='bbox 801 141 822 171; x_wconf 90' lang='lat' dir='ltr'><strong>S</strong></span> <span class='ocrx_word' id='word_1_269' title='bbox 842 139 1041 172; x_wconf 58' lang='lat' dir='ltr'><strong>THEODOR;</strong></span> <span class='ocrx_word' id='word_1_270' title='bbox 1058 141 1231 173; x_wconf 65' lang='lat' dir='ltr'><strong>S’l‘llDIT/E</strong></span> 
     </span>
    </p>
   </div>
   <div class='ocr_carea' id='block_1_42' title="bbox 228 191 1023 233">
    <p class='ocr_par' dir='ltr' id='par_1_42' title="bbox 228 191 1023 233">
     <span class='ocr_line' id='line_1_42' title="bbox 228 191 1023 233; baseline 0.009 -15"><span class='ocrx_word' id='word_1_271' title='bbox 228 191 329 219; x_wconf 81' lang='lat' dir='ltr'><strong>Retulit</strong></span> <span class='ocrx_word' id='word_1_272' title='bbox 339 200 419 228; x_wconf 90' lang='lat' dir='ltr'><strong>porro</strong></span> <span class='ocrx_word' id='word_1_273' title='bbox 427 193 507 222; x_wconf 88' lang='lat' dir='ltr'><strong>nobis</strong></span> <span class='ocrx_word' id='word_1_274' title='bbox 520 194 593 223; x_wconf 88' lang='lat' dir='ltr'><strong>idem</strong></span> <span class='ocrx_word' id='word_1_275' title='bbox 605 193 689 223; x_wconf 81' lang='lat' dir='ltr'><strong>frater</strong></span> <span class='ocrx_word' id='word_1_276' title='bbox 699 201 793 224; x_wconf 80' lang='lat' dir='ltr'><strong>noster</strong></span> <span class='ocrx_word' id='word_1_277' title='bbox 805 196 984 233; x_wconf 86' lang='lat' dir='ltr'><strong>Epiphanius.</strong></span> <span class='ocrx_word' id='word_1_278' title='bbox 1001 201 1023 229; x_wconf 79' lang='grc' dir='ltr'>Α</span> 
     </span>
    </p>
   </div>
   <div class='ocr_carea' id='block_1_43' title="bbox 1079 194 1836 234">
    <p class='ocr_par' dir='ltr' id='par_1_43' title="bbox 1079 194 1836 234">
     <span class='ocr_line' id='line_1_43' title="bbox 1079 194 1836 234; baseline -0.005 -8"><span class='ocrx_word' id='word_1_279' title='bbox 1079 198 1243 234; x_wconf 80' lang='grc' dir='ltr'><strong>’Λπήγγειλι</strong></span> <span class='ocrx_word' id='word_1_280' title='bbox 1258 197 1288 225; x_wconf 69' lang='grc' dir='ltr'><strong>δὲ</strong></span> <span class='ocrx_word' id='word_1_281' title='bbox 1304 197 1370 234; x_wconf 80' lang='grc' dir='ltr'><strong>ἡμῖν</strong></span> <span class='ocrx_word' id='word_1_282' title='bbox 1383 197 1398 223; x_wconf 79' lang='grc'>6</span> <span class='ocrx_word' id='word_1_283' title='bbox 1416 196 1497 229; x_wconf 72' lang='grc' dir='ltr'><strong>αὐτὸς</strong></span> <span class='ocrx_word' id='word_1_284' title='bbox 1514 195 1628 230; x_wconf 73' lang='grc' dir='ltr'><strong>ἁδελφὸς</strong></span> <span class='ocrx_word' id='word_1_285' title='bbox 1646 194 1727 231; x_wconf 81' lang='grc' dir='ltr'><strong>ἡμῶν</strong></span> <span class='ocrx_word' id='word_1_286' title='bbox 1752 195 1836 222; x_wconf 75' lang='grc' dir='ltr'><strong>Ἐπι-</strong></span> 
     </span>
    </p>
   </div>
   <div class='ocr_carea' id='block_1_44' title="bbox 1037 241 1836 280">
    <p class='ocr_par' dir='ltr' id='par_1_44' title="bbox 1037 241 1836 280">
     <span class='ocr_line' id='line_1_44' title="bbox 1037 241 1836 280; baseline -0.006 -8"><span class='ocrx_word' id='word_1_287' title='bbox 1037 244 1143 280; x_wconf 82' lang='grc' dir='ltr'><strong>φάνιος,</strong></span> <span class='ocrx_word' id='word_1_288' title='bbox 1159 243 1285 280; x_wconf 74' lang='grc' dir='ltr'><strong>θειοτάτη</strong></span> <span class='ocrx_word' id='word_1_289' title='bbox 1299 243 1419 279; x_wconf 77' lang='grc' dir='ltr'><strong>κορυφὴ,</strong></span> <span class='ocrx_word' id='word_1_290' title='bbox 1437 242 1476 275; x_wconf 86' lang='grc' dir='ltr'><strong>ὡς</strong></span> <span class='ocrx_word' id='word_1_291' title='bbox 1489 242 1621 278; x_wconf 73' lang='grc' dir='ltr'><strong>ἐγκλησιν</strong></span> <span class='ocrx_word' id='word_1_292' title='bbox 1637 241 1747 274; x_wconf 53' lang='lat' dir='ltr'><strong>{etiam</strong></span> <span class='ocrx_word' id='word_1_293' title='bbox 1759 241 1836 276; x_wconf 75' lang='grc' dir='ltr'><strong>παρ’</strong></span> 
     </span>
    </p>
   </div>
   <div class='ocr_carea' id='block_1_45' title="bbox 1036 287 1834 326">
    <p class='ocr_par' dir='ltr' id='par_1_45' title="bbox 1036 287 1834 326">
     <span class='ocr_line' id='line_1_45' title="bbox 1036 287 1834 326; baseline -0.006 -8"><span class='ocrx_word' id='word_1_294' title='bbox 1036 290 1133 326; x_wconf 81' lang='grc' dir='ltr'><strong>αὐτῆς,</strong></span> <span class='ocrx_word' id='word_1_295' title='bbox 1147 290 1230 318; x_wconf 73' lang='grc' dir='ltr'><strong>ἕνεκα</strong></span> <span class='ocrx_word' id='word_1_296' title='bbox 1257 287 1474 325; x_wconf 69' lang='grc' dir='ltr'><strong>Βαρσανοοφίου,</strong></span> <span class='ocrx_word' id='word_1_297' title='bbox 1499 287 1613 315; x_wconf 78' lang='grc' dir='ltr'><strong>Ἡσαΐου</strong></span> <span class='ocrx_word' id='word_1_298' title='bbox 1629 295 1659 314; x_wconf 81' lang='grc' dir='ltr'><strong>τε</strong></span> <span class='ocrx_word' id='word_1_299' title='bbox 1673 287 1722 315; x_wconf 60' lang='grc' dir='ltr'><strong>καὶ</strong></span> <span class='ocrx_word' id='word_1_300' title='bbox 1736 289 1834 322; x_wconf 82' lang='grc' dir='ltr'><strong>Δωρο-</strong></span> 
     </span>
    </p>
   </div>
   <div class='ocr_carea' id='block_1_46' title="bbox 1037 332 1836 371">
    <p class='ocr_par' dir='ltr' id='par_1_46' title="bbox 1037 332 1836 371">
     <span class='ocr_line' id='line_1_46' title="bbox 1037 332 1836 371; baseline -0.008 -7"><span class='ocrx_word' id='word_1_301' title='bbox 1037 336 1109 368; x_wconf 87' lang='grc' dir='ltr'><strong>θέου,</strong></span> <span class='ocrx_word' id='word_1_302' title='bbox 1138 336 1194 363; x_wconf 82' lang='grc' dir='ltr'><strong>τῶν</strong></span> <span class='ocrx_word' id='word_1_303' title='bbox 1221 335 1378 371; x_wconf 83' lang='grc' dir='ltr'><strong>αῑρετικῶν,</strong></span> <span class='ocrx_word' id='word_1_304' title='bbox 1405 334 1444 366; x_wconf 85' lang='grc' dir='ltr'><strong>ὡς</strong></span> <span class='ocrx_word' id='word_1_305' title='bbox 1458 334 1613 369; x_wconf 74' lang='grc' dir='ltr'><strong>δεχομένων</strong></span> <span class='ocrx_word' id='word_1_306' title='bbox 1637 332 1716 368; x_wconf 75' lang='grc' dir='ltr'><strong>ἡμῶν</strong></span> <span class='ocrx_word' id='word_1_307' title='bbox 1729 332 1836 364; x_wconf 72' lang='grc' dir='ltr'><strong>αὐτοὺς</strong></span> 
     </span>
    </p>
   </div>
   <div class='ocr_carea' id='block_1_47' title="bbox 1037 379 1835 419">
    <p class='ocr_par' dir='ltr' id='par_1_47' title="bbox 1037 379 1835 419">
     <span class='ocr_line' id='line_1_47' title="bbox 1037 379 1835 419; baseline -0.008 -9"><span class='ocrx_word' id='word_1_308' title='bbox 1037 382 1211 419; x_wconf 74' lang='grc' dir='ltr'><strong>ὀρθοδόξουςσ</strong></span> <span class='ocrx_word' id='word_1_309' title='bbox 1225 381 1272 408; x_wconf 69' lang='grc' dir='ltr'><strong>καὶ</strong></span> <span class='ocrx_word' id='word_1_310' title='bbox 1283 381 1353 408; x_wconf 82' lang='grc' dir='ltr'><strong>πάνυ</strong></span> <span class='ocrx_word' id='word_1_311' title='bbox 1369 380 1542 415; x_wconf 75' lang='grc' dir='ltr'><strong>ἠγάσθημεν,</strong></span> <span class='ocrx_word' id='word_1_312' title='bbox 1559 380 1583 406; x_wconf 73' lang='lat' dir='ltr'><strong>si.</strong></span> <span class='ocrx_word' id='word_1_313' title='bbox 1594 380 1675 414; x_wconf 73' lang='grc' dir='ltr'><strong>ἠμῖς</strong></span> <span class='ocrx_word' id='word_1_314' title='bbox 1689 379 1715 405; x_wconf 77' lang='grc' dir='ltr'><strong>οἱ</strong></span> <span class='ocrx_word' id='word_1_315' title='bbox 1730 386 1835 405; x_wconf 75' lang='grc' dir='ltr'><strong>ταπει-</strong></span> 
     </span>
    </p>
   </div>
   <div class='ocr_carea' id='block_1_48' title="bbox 1037 425 1830 464">
    <p class='ocr_par' dir='ltr' id='par_1_48' title="bbox 1037 425 1830 464">
     <span class='ocr_line' id='line_1_48' title="bbox 1037 425 1830 464; baseline -0.006 -8"><span class='ocrx_word' id='word_1_316' title='bbox 1037 429 1079 456; x_wconf 72' lang='grc' dir='ltr'><strong>νοὶ</strong></span> <span class='ocrx_word' id='word_1_317' title='bbox 1095 428 1167 463; x_wconf 74' lang='grc' dir='ltr'><strong>ὑπὲρ</strong></span> <span class='ocrx_word' id='word_1_318' title='bbox 1180 427 1335 464; x_wconf 81' lang='grc' dir='ltr'><strong>ὀρθοδοξίας</strong></span> <span class='ocrx_word' id='word_1_319' title='bbox 1349 426 1510 462; x_wconf 72' lang='grc' dir='ltr'><strong>πάσχοντες,</strong></span> <span class='ocrx_word' id='word_1_320' title='bbox 1527 426 1677 461; x_wconf 73' lang='grc' dir='ltr'><strong>αἱρετικοϊς</strong></span> <span class='ocrx_word' id='word_1_321' title='bbox 1698 425 1830 460; x_wconf 68' lang='grc' dir='ltr'><strong>προπάρ-</strong></span> 
     </span>
    </p>
   </div>
   <div class='ocr_carea' id='block_1_49' title="bbox 1038 469 1834 511">
    <p class='ocr_par' dir='ltr' id='par_1_49' title="bbox 1038 469 1834 511">
     <span class='ocr_line' id='line_1_49' title="bbox 1038 469 1834 511; baseline -0.006 -9"><span class='ocrx_word' id='word_1_322' title='bbox 1038 483 1148 511; x_wconf 85' lang='grc' dir='ltr'><strong>σχομεν.</strong></span> <span class='ocrx_word' id='word_1_323' title='bbox 1169 472 1383 509; x_wconf 71' lang='grc' dir='ltr'><strong>*Εμφραττέσθω</strong></span> <span class='ocrx_word' id='word_1_324' title='bbox 1396 473 1450 500; x_wconf 77' lang='grc' dir='ltr'><strong>πᾶν</strong></span> <span class='ocrx_word' id='word_1_325' title='bbox 1460 471 1491 498; x_wconf 82' lang='grc' dir='ltr'><strong>τδ</strong></span> <span class='ocrx_word' id='word_1_326' title='bbox 1507 471 1568 498; x_wconf 78' lang='grc' dir='ltr'><strong>καθ’</strong></span> <span class='ocrx_word' id='word_1_327' title='bbox 1586 470 1665 506; x_wconf 78' lang='grc' dir='ltr'><strong>ἡμῶν</strong></span> <span class='ocrx_word' id='word_1_328' title='bbox 1677 469 1834 498; x_wconf 56' lang='lat' dir='ltr'><strong>vitam“</strong></span> 
     </span>
    </p>
   </div>
   <div class='ocr_carea' id='block_1_50' title="bbox 1038 515 1831 555">
    <p class='ocr_par' dir='ltr' id='par_1_50' title="bbox 1038 515 1831 555">
     <span class='ocr_line' id='line_1_50' title="bbox 1038 515 1831 555; baseline -0.008 -7"><span class='ocrx_word' id='word_1_329' title='bbox 1038 521 1085 548; x_wconf 76' lang='grc' dir='ltr'><strong>καὶ</strong></span> <span class='ocrx_word' id='word_1_330' title='bbox 1098 518 1284 555; x_wconf 81' lang='grc' dir='ltr'><strong>συκοφαντοῢν</strong></span> <span class='ocrx_word' id='word_1_331' title='bbox 1301 519 1399 554; x_wconf 82' lang='grc' dir='ltr'><strong>στόμα.</strong></span> <span class='ocrx_word' id='word_1_332' title='bbox 1428 517 1580 553; x_wconf 76' lang='grc' dir='ltr'><strong>Ὀρθόδοξοί</strong></span> <span class='ocrx_word' id='word_1_333' title='bbox 1598 517 1694 552; x_wconf 67' lang='grc' dir='ltr'><strong>ἐσμεν,</strong></span> <span class='ocrx_word' id='word_1_334' title='bbox 1711 516 1765 543; x_wconf 72' lang='grc' dir='ltr'><strong>κᾶν</strong></span> <span class='ocrx_word' id='word_1_335' title='bbox 1777 515 1831 542; x_wconf 71' lang='grc' dir='ltr'><strong>ιλ-</strong></span> 
     </span>
    </p>
   </div>
   <div class='ocr_carea' id='block_1_51' title="bbox 1037 560 1834 601">
    <p class='ocr_par' dir='ltr' id='par_1_51' title="bbox 1037 560 1834 601">
     <span class='ocr_line' id='line_1_51' title="bbox 1037 560 1834 601; baseline -0.006 -8"><span class='ocrx_word' id='word_1_336' title='bbox 1037 567 1091 598; x_wconf 86' lang='grc' dir='ltr'><strong>λως</strong></span> <span class='ocrx_word' id='word_1_337' title='bbox 1105 564 1274 601; x_wconf 78' lang='grc' dir='ltr'><strong>ἁμαρτωλοὶ,</strong></span> <span class='ocrx_word' id='word_1_338' title='bbox 1288 560 1312 591; x_wconf 80' lang='grc' dir='ltr'>ὦ</span> <span class='ocrx_word' id='word_1_339' title='bbox 1327 563 1535 600; x_wconf 69' lang='grc' dir='ltr'><strong>μακαριώτατα·</strong></span> <span class='ocrx_word' id='word_1_340' title='bbox 1553 562 1617 598; x_wconf 76' lang='grc' dir='ltr'><strong>μηδ’</strong></span> <span class='ocrx_word' id='word_1_341' title='bbox 1626 561 1716 589; x_wconf 79' lang='grc' dir='ltr'><strong>ὁτιοῦν</strong></span> <span class='ocrx_word' id='word_1_342' title='bbox 1731 561 1834 596; x_wconf 74' lang='grc' dir='ltr'><strong>ὕφεσιν</strong></span> 
     </span>
    </p>
   </div>
   <div class='ocr_carea' id='block_1_52' title="bbox 1037 607 1834 648">
    <p class='ocr_par' dir='ltr' id='par_1_52' title="bbox 1037 607 1834 648">
     <span class='ocr_line' id='line_1_52' title="bbox 1037 607 1834 648; baseline -0.008 -9"><span class='ocrx_word' id='word_1_343' title='bbox 1037 612 1145 648; x_wconf 76' lang='grc' dir='ltr'><strong>ἔχοντες</strong></span> <span class='ocrx_word' id='word_1_344' title='bbox 1157 611 1187 638; x_wconf 81' lang='grc' dir='ltr'><strong>ὲν</strong></span> <span class='ocrx_word' id='word_1_345' title='bbox 1200 610 1287 646; x_wconf 83' lang='grc' dir='ltr'><strong>τούτῳ</strong></span> <span class='ocrx_word' id='word_1_346' title='bbox 1309 611 1359 645; x_wconf 84' lang='grc' dir='ltr'><strong>τῆς</strong></span> <span class='ocrx_word' id='word_1_347' title='bbox 1374 608 1557 643; x_wconf 79' lang='grc' dir='ltr'><strong>ἁποστολικῆς</strong></span> <span class='ocrx_word' id='word_1_348' title='bbox 1583 608 1718 639; x_wconf 75' lang='grc' dir='ltr'><strong>πίστεωςο</strong></span> <span class='ocrx_word' id='word_1_349' title='bbox 1737 607 1834 634; x_wconf 77' lang='grc' dir='ltr'><strong>πᾶσαν</strong></span> 
     </span>
    </p>
   </div>
   <div class='ocr_carea' id='block_1_53' title="bbox 1039 652 1834 692">
    <p class='ocr_par' dir='ltr' id='par_1_53' title="bbox 1039 652 1834 692">
     <span class='ocr_line' id='line_1_53' title="bbox 1039 652 1834 692; baseline -0.009 -6"><span class='ocrx_word' id='word_1_350' title='bbox 1039 658 1148 686; x_wconf 76' lang='grc' dir='ltr'><strong>σύνοδον</strong></span> <span class='ocrx_word' id='word_1_351' title='bbox 1161 656 1357 692; x_wconf 79' lang='grc' dir='ltr'><strong>οίκουμενικήν</strong></span> <span class='ocrx_word' id='word_1_352' title='bbox 1371 664 1402 682; x_wconf 86' lang='grc' dir='ltr'><strong>τε</strong></span> <span class='ocrx_word' id='word_1_353' title='bbox 1418 654 1467 682; x_wconf 77' lang='grc' dir='ltr'><strong>καὶ</strong></span> <span class='ocrx_word' id='word_1_354' title='bbox 1480 654 1606 688; x_wconf 77' lang='grc' dir='ltr'><strong>τοπικὴν,</strong></span> <span class='ocrx_word' id='word_1_355' title='bbox 1628 652 1834 689; x_wconf 77' lang='grc' dir='ltr'><strong>ὲγκεκριμένην</strong></span> 
     </span>
    </p>
   </div>
   <div class='ocr_carea' id='block_1_54' title="bbox 1037 699 1835 740">
    <p class='ocr_par' dir='ltr' id='par_1_54' title="bbox 1037 699 1835 740">
     <span class='ocr_line' id='line_1_54' title="bbox 1037 699 1835 740; baseline -0.009 -9"><span class='ocrx_word' id='word_1_356' title='bbox 1037 705 1071 740; x_wconf 79' lang='grc' dir='ltr'><strong>τῇ</strong></span> <span class='ocrx_word' id='word_1_357' title='bbox 1085 703 1211 739; x_wconf 74' lang='grc' dir='ltr'><strong>ἀληθείᾳ,</strong></span> <span class='ocrx_word' id='word_1_358' title='bbox 1227 701 1298 737; x_wconf 82' lang='grc' dir='ltr'><strong>μετὰ</strong></span> <span class='ocrx_word' id='word_1_359' title='bbox 1316 701 1371 728; x_wconf 80' lang='grc' dir='ltr'><strong>τῶν</strong></span> <span class='ocrx_word' id='word_1_360' title='bbox 1385 699 1549 728; x_wconf 70' lang='grc' dir='ltr'><strong>ἐκτεθέντων</strong></span> <span class='ocrx_word' id='word_1_361' title='bbox 1564 699 1662 730; x_wconf 80' lang='grc' dir='ltr'><strong>αὐταῑς</strong></span> <span class='ocrx_word' id='word_1_362' title='bbox 1675 699 1762 733; x_wconf 77' lang='grc' dir='ltr'><strong>ἁγίων</strong></span> <span class='ocrx_word' id='word_1_363' title='bbox 1782 706 1835 725; x_wconf 77' lang='grc' dir='ltr'><strong>κα-</strong></span> 
     </span>
    </p>
   </div>
   <div class='ocr_carea' id='block_1_55' title="bbox 1038 744 1835 783">
    <p class='ocr_par' dir='ltr' id='par_1_55' title="bbox 1038 744 1835 783">
     <span class='ocr_line' id='line_1_55' title="bbox 1038 744 1835 783; baseline -0.009 -6"><span class='ocrx_word' id='word_1_364' title='bbox 1038 750 1122 777; x_wconf 84' lang='grc' dir='ltr'><strong>νόνων</strong></span> <span class='ocrx_word' id='word_1_365' title='bbox 1139 748 1335 783; x_wconf 73' lang='grc' dir='ltr'><strong>ἀσπαζόμενοι,</strong></span> <span class='ocrx_word' id='word_1_366' title='bbox 1356 746 1403 774; x_wconf 70' lang='grc' dir='ltr'><strong>καὶ</strong></span> <span class='ocrx_word' id='word_1_367' title='bbox 1422 746 1514 772; x_wconf 79' lang='grc' dir='ltr'><strong>πᾶσαν</strong></span> <span class='ocrx_word' id='word_1_368' title='bbox 1529 745 1646 780; x_wconf 72' lang='grc' dir='ltr'><strong>αἰρεσιν,</strong></span> <span class='ocrx_word' id='word_1_369' title='bbox 1666 744 1714 771; x_wconf 79' lang='grc' dir='ltr'><strong>καὶ</strong></span> <span class='ocrx_word' id='word_1_370' title='bbox 1728 744 1835 779; x_wconf 74' lang='grc' dir='ltr'><strong>αἱρετι-</strong></span> 
     </span>
    </p>
   </div>
   <div class='ocr_carea' id='block_1_56' title="bbox 1039 790 1834 830">
    <p class='ocr_par' dir='ltr' id='par_1_56' title="bbox 1039 790 1834 830">
     <span class='ocr_line' id='line_1_56' title="bbox 1039 790 1834 830; baseline -0.008 -8"><span class='ocrx_word' id='word_1_371' title='bbox 1039 795 1087 823; x_wconf 79' lang='grc' dir='ltr'><strong>κὸν</strong></span> <span class='ocrx_word' id='word_1_372' title='bbox 1097 794 1307 830; x_wconf 82' lang='grc' dir='ltr'><strong>μυσαττόμενοι,</strong></span> <span class='ocrx_word' id='word_1_373' title='bbox 1316 792 1364 820; x_wconf 80' lang='grc' dir='ltr'><strong>καὶ</strong></span> <span class='ocrx_word' id='word_1_374' title='bbox 1374 791 1630 826; x_wconf 76' lang='grc' dir='ltr'><strong>ἀναθεματίζοντες.</strong></span> <span class='ocrx_word' id='word_1_375' title='bbox 1640 790 1695 818; x_wconf 75' lang='grc' dir='ltr'><strong>Καὶ</strong></span> <span class='ocrx_word' id='word_1_376' title='bbox 1704 790 1834 825; x_wconf 77' lang='grc' dir='ltr'><strong>ἀνάθεμα</strong></span> 
     </span>
    </p>
   </div>
   <div class='ocr_carea' id='block_1_57' title="bbox 1040 834 1833 874">
    <p class='ocr_par' dir='ltr' id='par_1_57' title="bbox 1040 834 1833 874">
     <span class='ocr_line' id='line_1_57' title="bbox 1040 834 1833 874; baseline -0.006 -8"><span class='ocrx_word' id='word_1_377' title='bbox 1040 838 1246 874; x_wconf 79' lang='grc' dir='ltr'><strong>Βαρσανουφίῳ,</strong></span> <span class='ocrx_word' id='word_1_378' title='bbox 1275 837 1384 872; x_wconf 73' lang='grc' dir='ltr'><strong>Ἡσαΐᾳ,</strong></span> <span class='ocrx_word' id='word_1_379' title='bbox 1416 835 1548 871; x_wconf 76' lang='grc' dir='ltr'><strong>Δωροθέῳ</strong></span> <span class='ocrx_word' id='word_1_380' title='bbox 1572 844 1604 862; x_wconf 79' lang='grc' dir='ltr'><strong>τε</strong></span> <span class='ocrx_word' id='word_1_381' title='bbox 1632 834 1681 862; x_wconf 80' lang='grc' dir='ltr'><strong>καὶ</strong></span> <span class='ocrx_word' id='word_1_382' title='bbox 1699 835 1833 870; x_wconf 70' lang='grc' dir='ltr'><strong>Δοσιθέῳ,</strong></span> 
     </span>
    </p>
   </div>
   <div class='ocr_carea' id='block_1_58' title="bbox 1041 880 1832 918">
    <p class='ocr_par' dir='ltr' id='par_1_58' title="bbox 1041 880 1832 918">
     <span class='ocr_line' id='line_1_58' title="bbox 1041 880 1832 918; baseline -0.009 -5"><span class='ocrx_word' id='word_1_383' title='bbox 1041 886 1094 913; x_wconf 77' lang='grc' dir='ltr'><strong>ὑπὸ</strong></span> <span class='ocrx_word' id='word_1_384' title='bbox 1107 885 1163 917; x_wconf 72' lang='grc' dir='ltr'><strong>τοὶς</strong></span> <span class='ocrx_word' id='word_1_385' title='bbox 1193 883 1241 911; x_wconf 81' lang='grc' dir='ltr'><strong>τοῦ</strong></span> <span class='ocrx_word' id='word_1_386' title='bbox 1266 883 1346 918; x_wconf 83' lang='grc' dir='ltr'><strong>ἁγίου</strong></span> <span class='ocrx_word' id='word_1_387' title='bbox 1372 882 1528 918; x_wconf 82' lang='grc' dir='ltr'><strong>Σωφρονίου</strong></span> <span class='ocrx_word' id='word_1_388' title='bbox 1558 880 1832 916; x_wconf 78' lang='grc' dir='ltr'><strong>ἁναθεματισθετσιν.</strong></span> 
     </span>
    </p>
   </div>
   <div class='ocr_carea' id='block_1_59' title="bbox 1047 925 1835 963">
    <p class='ocr_par' dir='ltr' id='par_1_59' title="bbox 1047 925 1835 963">
     <span class='ocr_line' id='line_1_59' title="bbox 1047 925 1835 963; baseline -0.009 -4"><span class='ocrx_word' id='word_1_389' title='bbox 1047 931 1128 959; x_wconf 83' lang='grc' dir='ltr'><strong>Ἀλλὰ</strong></span> <span class='ocrx_word' id='word_1_390' title='bbox 1141 930 1188 958; x_wconf 72' lang='grc' dir='ltr'><strong>καὶ</strong></span> <span class='ocrx_word' id='word_1_391' title='bbox 1212 929 1292 960; x_wconf 74' lang='grc' dir='ltr'><strong>ἄλλος</strong></span> <span class='ocrx_word' id='word_1_392' title='bbox 1312 929 1340 956; x_wconf 76' lang='grc' dir='ltr'><strong>ετ</strong></span> <span class='ocrx_word' id='word_1_393' title='bbox 1348 937 1390 960; x_wconf 87' lang='grc' dir='ltr'><strong>τις</strong></span> <span class='ocrx_word' id='word_1_394' title='bbox 1409 927 1453 963; x_wconf 76' lang='grc' dir='ltr'><strong>εἴη</strong></span> <span class='ocrx_word' id='word_1_395' title='bbox 1476 926 1582 958; x_wconf 81' lang='grc' dir='ltr'><strong>τούτοις</strong></span> <span class='ocrx_word' id='word_1_396' title='bbox 1600 925 1747 962; x_wconf 83' lang='grc' dir='ltr'><strong>ὁμώνυμος</strong></span> <span class='ocrx_word' id='word_1_397' title='bbox 1757 926 1835 960; x_wconf 81' lang='grc' dir='ltr'><strong>ὅμως</strong></span> 
     </span>
    </p>
   </div>
   <div class='ocr_carea' id='block_1_60' title="bbox 1040 971 1835 1014">
    <p class='ocr_par' dir='ltr' id='par_1_60' title="bbox 1040 971 1835 1014">
     <span class='ocr_line' id='line_1_60' title="bbox 1040 971 1835 1014; baseline -0.009 -9"><span class='ocrx_word' id='word_1_398' title='bbox 1040 976 1190 1014; x_wconf 74' lang='grc' dir='ltr'><strong>αἱρετικὸς,</strong></span> <span class='ocrx_word' id='word_1_399' title='bbox 1207 976 1278 1003; x_wconf 78' lang='grc' dir='ltr'><strong>κατὰ</strong></span> <span class='ocrx_word' id='word_1_400' title='bbox 1291 975 1342 1011; x_wconf 84' lang='grc' dir='ltr'><strong>τὴν</strong></span> <span class='ocrx_word' id='word_1_401' title='bbox 1352 974 1465 1002; x_wconf 62' lang='grc' dir='ltr'><strong>ἑκείνων</strong></span> <span class='ocrx_word' id='word_1_402' title='bbox 1477 973 1594 1009; x_wconf 76' lang='grc' dir='ltr'><strong>αἵρεσιν,</strong></span> <span class='ocrx_word' id='word_1_403' title='bbox 1612 973 1629 1009; x_wconf 79' lang='grc' dir='ltr'><strong>ἢ</strong></span> <span class='ocrx_word' id='word_1_404' title='bbox 1644 972 1753 1008; x_wconf 75' lang='grc' dir='ltr'><strong>ἑτέραν,</strong></span> <span class='ocrx_word' id='word_1_405' title='bbox 1779 971 1835 999; x_wconf 70' lang='grc' dir='ltr'><strong>κᾶν</strong></span> 
     </span>
    </p>
   </div>
   <div class='ocr_carea' id='block_1_61' title="bbox 1040 1018 1833 1056">
    <p class='ocr_par' dir='ltr' id='par_1_61' title="bbox 1040 1018 1833 1056">
     <span class='ocr_line' id='line_1_61' title="bbox 1040 1018 1833 1056; baseline -0.009 -5"><span class='ocrx_word' id='word_1_406' title='bbox 1040 1024 1200 1055; x_wconf 66' lang='grc' dir='ltr'><strong>ἐπίσκοπος,</strong></span> <span class='ocrx_word' id='word_1_407' title='bbox 1227 1023 1278 1049; x_wconf 73' lang='grc' dir='ltr'><strong>κᾶν</strong></span> <span class='ocrx_word' id='word_1_408' title='bbox 1306 1021 1451 1056; x_wconf 78' lang='grc' dir='ltr'><strong>ἀσκητὴς,</strong></span> <span class='ocrx_word' id='word_1_409' title='bbox 1473 1019 1524 1047; x_wconf 73' lang='grc' dir='ltr'><strong>κᾶν</strong></span> <span class='ocrx_word' id='word_1_410' title='bbox 1546 1018 1683 1052; x_wconf 80' lang='grc' dir='ltr'><strong>ὁστισοῦν,</strong></span> <span class='ocrx_word' id='word_1_411' title='bbox 1702 1018 1833 1052; x_wconf 76' lang='grc' dir='ltr'><strong>ἀνάθεμα</strong></span> 
     </span>
    </p>
   </div>
   <div class='ocr_carea' id='block_1_62' title="bbox 1041 1063 1836 1102">
    <p class='ocr_par' dir='ltr' id='par_1_62' title="bbox 1041 1063 1836 1102">
     <span class='ocr_line' id='line_1_62' title="bbox 1041 1063 1836 1102; baseline -0.01 -4"><span class='ocrx_word' id='word_1_412' title='bbox 1041 1070 1121 1098; x_wconf 67' lang='grc' dir='ltr'><strong>ἔστω.</strong></span> <span class='ocrx_word' id='word_1_413' title='bbox 1140 1068 1221 1096; x_wconf 81' lang='grc' dir='ltr'><strong>Ἀλλὰ</strong></span> <span class='ocrx_word' id='word_1_414' title='bbox 1240 1067 1287 1095; x_wconf 80' lang='grc' dir='ltr'><strong>καὶ</strong></span> <span class='ocrx_word' id='word_1_415' title='bbox 1303 1067 1331 1094; x_wconf 76' lang='lat' dir='ltr'><strong>et</strong></span> <span class='ocrx_word' id='word_1_416' title='bbox 1350 1075 1394 1098; x_wconf 90' lang='grc' dir='ltr'><strong>τις</strong></span> <span class='ocrx_word' id='word_1_417' title='bbox 1410 1066 1448 1102; x_wconf 81' lang='grc' dir='ltr'><strong>μὴ</strong></span> <span class='ocrx_word' id='word_1_418' title='bbox 1472 1063 1668 1101; x_wconf 70' lang='grc' dir='ltr'><strong>ἀναθεματίζοι</strong></span> <span class='ocrx_word' id='word_1_419' title='bbox 1694 1063 1836 1098; x_wconf 77' lang='grc' dir='ltr'><strong>εὐκαίρως</strong></span> 
     </span>
    </p>
   </div>
   <div class='ocr_carea' id='block_1_63' title="bbox 1041 1109 1837 1148">
    <p class='ocr_par' dir='ltr' id='par_1_63' title="bbox 1041 1109 1837 1148">
     <span class='ocr_line' id='line_1_63' title="bbox 1041 1109 1837 1148; baseline -0.01 -4"><span class='ocrx_word' id='word_1_420' title='bbox 1041 1116 1111 1144; x_wconf 78' lang='grc' dir='ltr'>κατὰ</span> <span class='ocrx_word' id='word_1_421' title='bbox 1122 1115 1154 1142; x_wconf 84' lang='grc' dir='ltr'><strong>τὸ</strong></span> <span class='ocrx_word' id='word_1_422' title='bbox 1173 1114 1321 1148; x_wconf 78' lang='grc' dir='ltr'><strong>ἀναγκαῖον</strong></span> <span class='ocrx_word' id='word_1_423' title='bbox 1337 1113 1426 1140; x_wconf 83' lang='grc' dir='ltr'><strong>πάντα</strong></span> <span class='ocrx_word' id='word_1_424' title='bbox 1441 1111 1591 1147; x_wconf 74' lang='grc' dir='ltr'><strong>αἱρετικὸν,</strong></span> <span class='ocrx_word' id='word_1_425' title='bbox 1606 1111 1650 1146; x_wconf 71' lang='grc' dir='ltr'><strong>εἴη</strong></span> <span class='ocrx_word' id='word_1_426' title='bbox 1672 1111 1723 1145; x_wconf 83' lang='grc' dir='ltr'><strong>τῆς</strong></span> <span class='ocrx_word' id='word_1_427' title='bbox 1742 1109 1837 1137; x_wconf 74' lang='grc' dir='ltr'><strong>αὐτῶν</strong></span> 
     </span>
    </p>
   </div>
   <div class='ocr_carea' id='block_1_64' title="bbox 1043 1155 1834 1199">
    <p class='ocr_par' dir='ltr' id='par_1_64' title="bbox 1043 1155 1834 1199">
     <span class='ocr_line' id='line_1_64' title="bbox 1043 1155 1834 1199; baseline -0.01 -10"><span class='ocrx_word' id='word_1_428' title='bbox 1043 1162 1161 1199; x_wconf 77' lang='grc' dir='ltr'><strong>μερίδος.</strong></span> <span class='ocrx_word' id='word_1_429' title='bbox 1183 1160 1279 1196; x_wconf 79' lang='grc' dir='ltr'><strong>Ἦμιῖς</strong></span> <span class='ocrx_word' id='word_1_430' title='bbox 1293 1158 1348 1194; x_wconf 79' lang='grc' dir='ltr'><strong>γὰρ</strong></span> <span class='ocrx_word' id='word_1_431' title='bbox 1363 1156 1480 1193; x_wconf 78' lang='grc' dir='ltr'><strong>καθαροί</strong></span> <span class='ocrx_word' id='word_1_432' title='bbox 1504 1158 1588 1192; x_wconf 76' lang='grc' dir='ltr'><strong>ἐσμεν</strong></span> <span class='ocrx_word' id='word_1_433' title='bbox 1609 1156 1711 1188; x_wconf 79' lang='grc' dir='ltr'><strong>παντὸς</strong></span> <span class='ocrx_word' id='word_1_434' title='bbox 1725 1155 1834 1191; x_wconf 82' lang='grc' dir='ltr'><strong>αῑριτι-</strong></span> 
     </span>
    </p>
   </div>
   <div class='ocr_carea' id='block_1_65' title="bbox 1041 1199 1840 1242">
    <p class='ocr_par' dir='ltr' id='par_1_65' title="bbox 1041 1199 1840 1242">
     <span class='ocr_line' id='line_1_65' title="bbox 1041 1199 1840 1242; baseline -0.01 -7"><span class='ocrx_word' id='word_1_435' title='bbox 1041 1207 1092 1235; x_wconf 81' lang='grc' dir='ltr'><strong>κοῦ</strong></span> <span class='ocrx_word' id='word_1_436' title='bbox 1116 1207 1302 1242; x_wconf 79' lang='grc' dir='ltr'><strong>φρονήματος,</strong></span> <span class='ocrx_word' id='word_1_437' title='bbox 1326 1204 1422 1239; x_wconf 77' lang='grc' dir='ltr'><strong>εὐχαῖς</strong></span> <span class='ocrx_word' id='word_1_438' title='bbox 1441 1211 1489 1230; x_wconf 88' lang='grc' dir='ltr'><strong>σου</strong></span> <span class='ocrx_word' id='word_1_439' title='bbox 1515 1201 1690 1238; x_wconf 74' lang='grc' dir='ltr'><strong>ἱερωτάταις,</strong></span> <span class='ocrx_word' id='word_1_440' title='bbox 1713 1199 1840 1233; x_wconf 72' lang='grc' dir='ltr'><strong>παναγέ-</strong></span> 
     </span>
    </p>
   </div>
   <div class='ocr_carea' id='block_1_66' title="bbox 1042 1245 1840 1285">
    <p class='ocr_par' dir='ltr' id='par_1_66' title="bbox 1042 1245 1840 1285">
     <span class='ocr_line' id='line_1_66' title="bbox 1042 1245 1840 1285; baseline -0.011 -6"><span class='ocrx_word' id='word_1_441' title='bbox 1042 1260 1135 1279; x_wconf 83' lang='grc' dir='ltr'><strong>στατε.</strong></span> <span class='ocrx_word' id='word_1_442' title='bbox 1148 1250 1209 1277; x_wconf 88' lang='grc' dir='ltr'><strong>Ἔτι</strong></span> <span class='ocrx_word' id='word_1_443' title='bbox 1229 1249 1283 1285; x_wconf 83' lang='grc' dir='ltr'><strong>μὴν</strong></span> <span class='ocrx_word' id='word_1_444' title='bbox 1302 1248 1350 1276; x_wconf 77' lang='grc' dir='ltr'><strong>καὶ</strong></span> <span class='ocrx_word' id='word_1_445' title='bbox 1363 1248 1444 1275; x_wconf 86' lang='grc' dir='ltr'><strong>τοῦτο</strong></span> <span class='ocrx_word' id='word_1_446' title='bbox 1458 1247 1641 1282; x_wconf 78' lang='grc' dir='ltr'><strong>ἀναφέρομεν,</strong></span> <span class='ocrx_word' id='word_1_447' title='bbox 1655 1245 1697 1272; x_wconf 83' lang='grc' dir='ltr'><strong>ὅτι</strong></span> <span class='ocrx_word' id='word_1_448' title='bbox 1710 1245 1735 1272; x_wconf 81' lang='grc' dir='ltr'><strong>ει</strong></span> <span class='ocrx_word' id='word_1_449' title='bbox 1748 1245 1795 1271; x_wconf 75' lang='grc' dir='ltr'><strong>καὶ</strong></span> <span class='ocrx_word' id='word_1_450' title='bbox 1806 1245 1840 1271; x_wconf 68' lang='grc' dir='ltr'><strong>ιν</strong></span> 
     </span>
    </p>
   </div>
   <div class='ocr_carea' id='block_1_67' title="bbox 1040 1289 1838 1333">
    <p class='ocr_par' dir='ltr' id='par_1_67' title="bbox 1040 1289 1838 1333">
     <span class='ocr_line' id='line_1_67' title="bbox 1040 1289 1838 1333; baseline -0.013 -8"><span class='ocrx_word' id='word_1_451' title='bbox 1040 1299 1075 1333; x_wconf 84' lang='grc' dir='ltr'><strong>τῇ</strong></span> <span class='ocrx_word' id='word_1_452' title='bbox 1089 1295 1217 1331; x_wconf 73' lang='grc' dir='ltr'><strong>ἐπιστολῇ</strong></span> <span class='ocrx_word' id='word_1_453' title='bbox 1228 1294 1308 1331; x_wconf 83' lang='grc' dir='ltr'><strong>ἡμῶν</strong></span> <span class='ocrx_word' id='word_1_454' title='bbox 1323 1294 1357 1330; x_wconf 83' lang='grc' dir='ltr'><strong>τῇ</strong></span> <span class='ocrx_word' id='word_1_455' title='bbox 1370 1293 1415 1320; x_wconf 79' lang='grc' dir='ltr'><strong>διὰ</strong></span> <span class='ocrx_word' id='word_1_456' title='bbox 1430 1291 1478 1319; x_wconf 83' lang='grc' dir='ltr'><strong>τοῦ</strong></span> <span class='ocrx_word' id='word_1_457' title='bbox 1504 1290 1619 1326; x_wconf 78' lang='grc' dir='ltr'><strong>ἀδελφοῦ</strong></span> <span class='ocrx_word' id='word_1_458' title='bbox 1635 1289 1786 1317; x_wconf 80' lang='grc' dir='ltr'><strong>Εὑσταθίου</strong></span> <span class='ocrx_word' id='word_1_459' title='bbox 1802 1289 1838 1315; x_wconf 75' lang='grc' dir='ltr'><strong>οὗ</strong></span> 
     </span>
    </p>
   </div>
   <div class='ocr_carea' id='block_1_68' title="bbox 1041 1333 1840 1376">
    <p class='ocr_par' dir='ltr' id='par_1_68' title="bbox 1041 1333 1840 1376">
     <span class='ocr_line' id='line_1_68' title="bbox 1041 1333 1840 1376; baseline -0.011 -7"><span class='ocrx_word' id='word_1_460' title='bbox 1041 1340 1206 1376; x_wconf 76' lang='grc' dir='ltr'><strong>δεδήλωται·</strong></span> <span class='ocrx_word' id='word_1_461' title='bbox 1222 1338 1373 1365; x_wconf 74' lang='grc' dir='ltr'><strong>ἐπιστεῖλαι</strong></span> <span class='ocrx_word' id='word_1_462' title='bbox 1385 1337 1460 1373; x_wconf 77' lang='grc' dir='ltr'><strong>ἡμᾶς</strong></span> <span class='ocrx_word' id='word_1_463' title='bbox 1474 1337 1508 1372; x_wconf 85' lang='grc' dir='ltr'><strong>τῇ</strong></span> <span class='ocrx_word' id='word_1_464' title='bbox 1523 1335 1590 1372; x_wconf 69' lang='grc' dir='ltr'><strong>ἁγία</strong></span> <span class='ocrx_word' id='word_1_465' title='bbox 1613 1343 1660 1362; x_wconf 86' lang='grc' dir='ltr'><strong>σου</strong></span> <span class='ocrx_word' id='word_1_466' title='bbox 1676 1335 1785 1370; x_wconf 74' lang='grc' dir='ltr'><strong>κορυφῇ</strong></span> <span class='ocrx_word' id='word_1_467' title='bbox 1799 1333 1840 1360; x_wconf 79' lang='grc' dir='ltr'><strong>δι’</strong></span> 
     </span>
    </p>
   </div>
   <div class='ocr_carea' id='block_1_69' title="bbox 1048 1380 1840 1421">
    <p class='ocr_par' dir='ltr' id='par_1_69' title="bbox 1048 1380 1840 1421">
     <span class='ocr_line' id='line_1_69' title="bbox 1048 1380 1840 1421; baseline -0.01 -7"><span class='ocrx_word' id='word_1_468' title='bbox 1048 1385 1218 1421; x_wconf 84' lang='grc' dir='ltr'><strong>Ἐπιφανίου.</strong></span> <span class='ocrx_word' id='word_1_469' title='bbox 1231 1385 1268 1412; x_wconf 81' lang='grc' dir='ltr'><strong>Οὐ</strong></span> <span class='ocrx_word' id='word_1_470' title='bbox 1285 1383 1442 1419; x_wconf 75' lang='grc' dir='ltr'><strong>διέψευσται</strong></span> <span class='ocrx_word' id='word_1_471' title='bbox 1462 1382 1636 1416; x_wconf 78' lang='grc' dir='ltr'><strong>Ἐπιφάνιος·</strong></span> <span class='ocrx_word' id='word_1_472' title='bbox 1649 1381 1697 1408; x_wconf 79' lang='grc' dir='ltr'><strong>καὶ</strong></span> <span class='ocrx_word' id='word_1_473' title='bbox 1708 1381 1723 1408; x_wconf 84' lang='grc' dir='ltr'><strong>ό</strong></span> <span class='ocrx_word' id='word_1_474' title='bbox 1732 1380 1840 1416; x_wconf 74' lang='grc' dir='ltr'><strong>τρόπος</strong></span> 
     </span>
    </p>
   </div>
   <div class='ocr_carea' id='block_1_70' title="bbox 1041 1425 1841 1467">
    <p class='ocr_par' dir='ltr' id='par_1_70' title="bbox 1041 1425 1841 1467">
     <span class='ocr_line' id='line_1_70' title="bbox 1041 1425 1841 1467; baseline -0.011 -7"><span class='ocrx_word' id='word_1_475' title='bbox 1041 1433 1071 1460; x_wconf 84' lang='grc' dir='ltr'><strong>ὲν</strong></span> <span class='ocrx_word' id='word_1_476' title='bbox 1083 1431 1181 1467; x_wconf 84' lang='grc' dir='ltr'><strong>τούτῳ.</strong></span> <span class='ocrx_word' id='word_1_477' title='bbox 1198 1428 1290 1466; x_wconf 85' lang='grc' dir='ltr'><strong>Ἦμεν</strong></span> <span class='ocrx_word' id='word_1_478' title='bbox 1306 1429 1345 1461; x_wconf 81' lang='grc' dir='ltr'><strong>ὡς</strong></span> <span class='ocrx_word' id='word_1_479' title='bbox 1359 1428 1469 1464; x_wconf 83' lang='grc' dir='ltr'><strong>ἀληθῶς</strong></span> <span class='ocrx_word' id='word_1_480' title='bbox 1496 1427 1665 1459; x_wconf 79' lang='grc' dir='ltr'><strong>ὲκδώσαντες</strong></span> <span class='ocrx_word' id='word_1_481' title='bbox 1684 1425 1760 1461; x_wconf 81' lang='grc' dir='ltr'><strong>αὐτῷ</strong></span> <span class='ocrx_word' id='word_1_482' title='bbox 1783 1425 1841 1460; x_wconf 81' lang='grc' dir='ltr'><strong>τὴν</strong></span> 
     </span>
    </p>
   </div>
   <div class='ocr_carea' id='block_1_71' title="bbox 1041 1471 1843 1512">
    <p class='ocr_par' dir='ltr' id='par_1_71' title="bbox 1041 1471 1843 1512">
     <span class='ocr_line' id='line_1_71' title="bbox 1041 1471 1843 1512; baseline -0.011 -6"><span class='ocrx_word' id='word_1_483' title='bbox 1041 1478 1187 1512; x_wconf 65' lang='grc' dir='ltr'><strong>ἐπιστολὴν</strong></span> <span class='ocrx_word' id='word_1_484' title='bbox 1200 1497 1208 1510; x_wconf 81' lang='grc'><strong><em>,</em></strong></span> <span class='ocrx_word' id='word_1_485' title='bbox 1238 1476 1284 1503; x_wconf 75' lang='grc' dir='ltr'><strong>καὶ</strong></span> <span class='ocrx_word' id='word_1_486' title='bbox 1308 1475 1390 1502; x_wconf 81' lang='grc' dir='ltr'><strong>πάλιν</strong></span> <span class='ocrx_word' id='word_1_487' title='bbox 1422 1473 1498 1509; x_wconf 75' lang='grc' dir='ltr'><strong>φόϐῳ</strong></span> <span class='ocrx_word' id='word_1_488' title='bbox 1517 1473 1574 1500; x_wconf 87' lang='grc' dir='ltr'><strong>τῶν</strong></span> <span class='ocrx_word' id='word_1_489' title='bbox 1592 1471 1766 1508; x_wconf 77' lang='grc' dir='ltr'><strong>κρατούντων</strong></span> <span class='ocrx_word' id='word_1_490' title='bbox 1782 1471 1843 1498; x_wconf 76' lang='grc' dir='ltr'><strong>ὰπ-</strong></span> 
     </span>
    </p>
   </div>
   <div class='ocr_carea' id='block_1_72' title="bbox 1042 1517 1843 1559">
    <p class='ocr_par' dir='ltr' id='par_1_72' title="bbox 1042 1517 1843 1559">
     <span class='ocr_line' id='line_1_72' title="bbox 1042 1517 1843 1559; baseline -0.012 -7"><span class='ocrx_word' id='word_1_491' title='bbox 1042 1524 1201 1559; x_wconf 80' lang='grc' dir='ltr'><strong>αλείψαυτες</strong></span> <span class='ocrx_word' id='word_1_492' title='bbox 1209 1531 1215 1537; x_wconf 93' lang='grc'><strong>·</strong></span> <span class='ocrx_word' id='word_1_493' title='bbox 1225 1523 1239 1549; x_wconf 86' lang='grc' dir='ltr'><strong><em>ὸ</em></strong></span> <span class='ocrx_word' id='word_1_494' title='bbox 1250 1522 1278 1549; x_wconf 77' lang='grc' dir='ltr'><strong>δὲ</strong></span> <span class='ocrx_word' id='word_1_495' title='bbox 1287 1521 1356 1557; x_wconf 74' lang='grc' dir='ltr'><strong>ἔχων</strong></span> <span class='ocrx_word' id='word_1_496' title='bbox 1367 1520 1421 1548; x_wconf 87' lang='grc' dir='ltr'><strong>τῶν</strong></span> <span class='ocrx_word' id='word_1_497' title='bbox 1437 1519 1559 1555; x_wconf 86' lang='grc' dir='ltr'><strong>σημείων</strong></span> <span class='ocrx_word' id='word_1_498' title='bbox 1568 1520 1616 1553; x_wconf 80' lang='grc' dir='ltr'><strong>τὴν</strong></span> <span class='ocrx_word' id='word_1_499' title='bbox 1626 1517 1738 1552; x_wconf 86' lang='grc' dir='ltr'><strong>γνῶσιν,</strong></span> <span class='ocrx_word' id='word_1_500' title='bbox 1747 1517 1843 1552; x_wconf 76' lang='grc' dir='ltr'><strong>ῆγαγι</strong></span> 
     </span>
    </p>
   </div>
   <div class='ocr_carea' id='block_1_73' title="bbox 1042 1562 1844 1607">
    <p class='ocr_par' dir='ltr' id='par_1_73' title="bbox 1042 1562 1844 1607">
     <span class='ocr_line' id='line_1_73' title="bbox 1042 1562 1844 1607; baseline -0.014 -8"><span class='ocrx_word' id='word_1_501' title='bbox 1042 1571 1111 1607; x_wconf 76' lang='grc' dir='ltr'><strong>πρὸς</strong></span> <span class='ocrx_word' id='word_1_502' title='bbox 1124 1569 1158 1597; x_wconf 77' lang='grc' dir='ltr'><strong>τὰ</strong></span> <span class='ocrx_word' id='word_1_503' title='bbox 1170 1569 1236 1603; x_wconf 72' lang='grc' dir='ltr'><strong>ἅγια</strong></span> <span class='ocrx_word' id='word_1_504' title='bbox 1253 1566 1337 1594; x_wconf 80' lang='grc' dir='ltr'><strong>αὑτοῦ</strong></span> <span class='ocrx_word' id='word_1_505' title='bbox 1364 1566 1424 1602; x_wconf 84' lang='grc' dir='ltr'><strong>ῐχνη</strong></span> <span class='ocrx_word' id='word_1_506' title='bbox 1452 1564 1594 1600; x_wconf 83' lang='grc' dir='ltr'><strong>εὑφρονῶν</strong></span> <span class='ocrx_word' id='word_1_507' title='bbox 1616 1563 1686 1599; x_wconf 80' lang='grc' dir='ltr'><strong>μετὰ</strong></span> <span class='ocrx_word' id='word_1_508' title='bbox 1701 1562 1733 1590; x_wconf 76' lang='grc' dir='ltr'><strong>τὸ</strong></span> <span class='ocrx_word' id='word_1_509' title='bbox 1747 1562 1844 1607; x_wconf 56' lang='grc' dir='ltr'><strong>ξξορι-</strong></span> 
     </span>
    </p>
   </div>
   <div class='ocr_carea' id='block_1_74' title="bbox 1043 1606 1844 1651">
    <p class='ocr_par' dir='ltr' id='par_1_74' title="bbox 1043 1606 1844 1651">
     <span class='ocr_line' id='line_1_74' title="bbox 1043 1606 1844 1651; baseline -0.015 -7"><span class='ocrx_word' id='word_1_510' title='bbox 1043 1606 1142 1651; x_wconf 81' lang='grc' dir='ltr'><strong>σθῆναι</strong></span> <span class='ocrx_word' id='word_1_511' title='bbox 1155 1615 1239 1649; x_wconf 81' lang='grc' dir='ltr'><strong>ἡμᾶς.</strong></span> <span class='ocrx_word' id='word_1_512' title='bbox 1252 1613 1307 1639; x_wconf 80' lang='grc' dir='ltr'><strong>Καὶ</strong></span> <span class='ocrx_word' id='word_1_513' title='bbox 1320 1611 1375 1646; x_wconf 85' lang='grc' dir='ltr'><strong>γάρ</strong></span> <span class='ocrx_word' id='word_1_514' title='bbox 1389 1612 1447 1638; x_wconf 73' lang='grc' dir='ltr'><strong>ἐστι</strong></span> <span class='ocrx_word' id='word_1_515' title='bbox 1464 1609 1553 1645; x_wconf 88' lang='grc' dir='ltr'><strong>στόμα</strong></span> <span class='ocrx_word' id='word_1_516' title='bbox 1579 1608 1630 1643; x_wconf 82' lang='grc' dir='ltr'><strong>τῆς</strong></span> <span class='ocrx_word' id='word_1_517' title='bbox 1646 1606 1844 1638; x_wconf 69' lang='grc' dir='ltr'><strong>ταπεινώσεως</strong></span> 
     </span>
    </p>
   </div>
   <div class='ocr_carea' id='block_1_75' title="bbox 1043 1651 1841 1698">
    <p class='ocr_par' dir='ltr' id='par_1_75' title="bbox 1043 1651 1841 1698">
     <span class='ocr_line' id='line_1_75' title="bbox 1043 1651 1841 1698; baseline -0.011 -9"><span class='ocrx_word' id='word_1_518' title='bbox 1043 1661 1133 1698; x_wconf 82' lang='grc' dir='ltr'><strong>ἡμῶν,</strong></span> <span class='ocrx_word' id='word_1_519' title='bbox 1154 1659 1201 1687; x_wconf 81' lang='grc' dir='ltr'><strong>καὶ</strong></span> <span class='ocrx_word' id='word_1_520' title='bbox 1218 1658 1298 1693; x_wconf 75' lang='grc' dir='ltr'><strong>λόγος</strong></span> <span class='ocrx_word' id='word_1_521' title='bbox 1310 1656 1524 1693; x_wconf 74' lang='grc' dir='ltr'><strong>ἐξερευγόμενος</strong></span> <span class='ocrx_word' id='word_1_522' title='bbox 1536 1654 1588 1690; x_wconf 82' lang='grc' dir='ltr'><strong>τῆς</strong></span> <span class='ocrx_word' id='word_1_523' title='bbox 1610 1653 1726 1690; x_wconf 78' lang='grc' dir='ltr'>καρδίας</span> <span class='ocrx_word' id='word_1_524' title='bbox 1742 1651 1841 1688; x_wconf 76' lang='grc' dir='ltr'><strong>ἡμῶν.</strong></span> 
     </span>
    </p>
   </div>
   <div class='ocr_carea' id='block_1_76' title="bbox 1044 1698 1844 1741">
    <p class='ocr_par' dir='ltr' id='par_1_76' title="bbox 1044 1698 1844 1741">
     <span class='ocr_line' id='line_1_76' title="bbox 1044 1698 1844 1741; baseline -0.013 -7"><span class='ocrx_word' id='word_1_525' title='bbox 1044 1707 1101 1734; x_wconf 73' lang='grc' dir='ltr'><strong>Καὶ</strong></span> <span class='ocrx_word' id='word_1_526' title='bbox 1116 1706 1196 1741; x_wconf 87' lang='grc' dir='ltr'><strong>μήτοι</strong></span> <span class='ocrx_word' id='word_1_527' title='bbox 1209 1712 1242 1739; x_wconf 88' lang='grc' dir='ltr'><strong>γε</strong></span> <span class='ocrx_word' id='word_1_528' title='bbox 1256 1702 1387 1730; x_wconf 79' lang='grc' dir='ltr'><strong>ὑπολάϐοι</strong></span> <span class='ocrx_word' id='word_1_529' title='bbox 1396 1703 1413 1737; x_wconf 84' lang='grc' dir='ltr'><strong>ἡ</strong></span> <span class='ocrx_word' id='word_1_530' title='bbox 1428 1701 1496 1736; x_wconf 83' lang='grc' dir='ltr'><strong>ἁγία</strong></span> <span class='ocrx_word' id='word_1_531' title='bbox 1508 1709 1555 1728; x_wconf 84' lang='grc' dir='ltr'><strong>σου</strong></span> <span class='ocrx_word' id='word_1_532' title='bbox 1565 1699 1638 1735; x_wconf 82' lang='grc' dir='ltr'><strong>ψυχὴ</strong></span> <span class='ocrx_word' id='word_1_533' title='bbox 1649 1698 1797 1727; x_wconf 74' lang='grc' dir='ltr'><strong>σκάνδαλον</strong></span> <span class='ocrx_word' id='word_1_534' title='bbox 1810 1699 1844 1725; x_wconf 76' lang='grc' dir='ltr'><strong>ὲν</strong></span> 
     </span>
    </p>
   </div>
   <div class='ocr_carea' id='block_1_77' title="bbox 1044 1744 1843 1788">
    <p class='ocr_par' dir='ltr' id='par_1_77' title="bbox 1044 1744 1843 1788">
     <span class='ocr_line' id='line_1_77' title="bbox 1044 1744 1843 1788; baseline -0.011 -9"><span class='ocrx_word' id='word_1_535' title='bbox 1044 1752 1084 1788; x_wconf 82' lang='grc' dir='ltr'><strong>τῷ</strong></span> <span class='ocrx_word' id='word_1_536' title='bbox 1100 1750 1236 1786; x_wconf 86' lang='grc' dir='ltr'><strong>συνδούλῳ</strong></span> <span class='ocrx_word' id='word_1_537' title='bbox 1250 1749 1329 1786; x_wconf 84' lang='grc' dir='ltr'><strong>ήμῶν</strong></span> <span class='ocrx_word' id='word_1_538' title='bbox 1346 1748 1404 1775; x_wconf 83' lang='grc' dir='ltr'><strong>ὃντι</strong></span> <span class='ocrx_word' id='word_1_539' title='bbox 1421 1746 1578 1782; x_wconf 76' lang='grc' dir='ltr'><strong>πιστοτάτῳ</strong></span> <span class='ocrx_word' id='word_1_540' title='bbox 1596 1745 1668 1773; x_wconf 77' lang='grc' dir='ltr'><strong>κατὰ</strong></span> <span class='ocrx_word' id='word_1_541' title='bbox 1681 1745 1786 1772; x_wconf 79' lang='grc' dir='ltr'><strong>πάντα.</strong></span> <span class='ocrx_word' id='word_1_542' title='bbox 1809 1744 1843 1770; x_wconf 89' lang='lat'><strong>&#39;0</strong></span> 
     </span>
    </p>
   </div>
   <div class='ocr_carea' id='block_1_78' title="bbox 1046 1789 1842 1832">
    <p class='ocr_par' dir='ltr' id='par_1_78' title="bbox 1046 1789 1842 1832">
     <span class='ocr_line' id='line_1_78' title="bbox 1046 1789 1842 1832; baseline -0.011 -8"><span class='ocrx_word' id='word_1_543' title='bbox 1046 1797 1161 1832; x_wconf 74' lang='grc' dir='ltr'><strong>ἀδελφὸς</strong></span> <span class='ocrx_word' id='word_1_544' title='bbox 1189 1794 1268 1831; x_wconf 85' lang='grc' dir='ltr'><strong>ὴμῶν</strong></span> <span class='ocrx_word' id='word_1_545' title='bbox 1296 1794 1346 1822; x_wconf 77' lang='grc' dir='ltr'><strong>καὶ</strong></span> <span class='ocrx_word' id='word_1_546' title='bbox 1374 1792 1590 1829; x_wconf 79' lang='grc' dir='ltr'><strong>ἀρχιεπίσκοπος</strong></span> <span class='ocrx_word' id='word_1_547' title='bbox 1623 1789 1842 1824; x_wconf 78' lang='grc' dir='ltr'><strong>Θεσσαλονίκης.</strong></span> 
     </span>
    </p>
   </div>
   <div class='ocr_carea' id='block_1_79' title="bbox 1047 1833 1845 1875">
    <p class='ocr_par' dir='ltr' id='par_1_79' title="bbox 1047 1833 1845 1875">
     <span class='ocr_line' id='line_1_79' title="bbox 1047 1833 1845 1875; baseline -0.01 -8"><span class='ocrx_word' id='word_1_548' title='bbox 1047 1840 1157 1872; x_wconf 75' lang='grc' dir='ltr'><strong>ὑπτίαις</strong></span> <span class='ocrx_word' id='word_1_549' title='bbox 1167 1838 1280 1875; x_wconf 84' lang='grc' dir='ltr'>καρδίας</span> <span class='ocrx_word' id='word_1_550' title='bbox 1295 1837 1375 1874; x_wconf 74' lang='grc' dir='ltr'><strong>χερσὶ</strong></span> <span class='ocrx_word' id='word_1_551' title='bbox 1391 1838 1439 1865; x_wconf 78' lang='grc' dir='ltr'><strong>καὶ</strong></span> <span class='ocrx_word' id='word_1_552' title='bbox 1452 1836 1562 1869; x_wconf 68' lang='grc' dir='ltr'><strong>ιδέξατο</strong></span> <span class='ocrx_word' id='word_1_553' title='bbox 1576 1835 1626 1870; x_wconf 87' lang='grc' dir='ltr'><strong>τὴν</strong></span> <span class='ocrx_word' id='word_1_554' title='bbox 1640 1834 1692 1870; x_wconf 79' lang='grc' dir='ltr'><strong>τῆς</strong></span> <span class='ocrx_word' id='word_1_555' title='bbox 1704 1833 1845 1869; x_wconf 69' lang='grc' dir='ltr'><strong>μακαριό-</strong></span> 
     </span>
    </p>
   </div>
   <div class='ocr_carea' id='block_1_80' title="bbox 1046 1881 1844 1923">
    <p class='ocr_par' dir='ltr' id='par_1_80' title="bbox 1046 1881 1844 1923">
     <span class='ocr_line' id='line_1_80' title="bbox 1046 1881 1844 1923; baseline -0.009 -9"><span class='ocrx_word' id='word_1_556' title='bbox 1046 1887 1128 1923; x_wconf 84' lang='grc' dir='ltr'><strong>τητός</strong></span> <span class='ocrx_word' id='word_1_557' title='bbox 1145 1895 1193 1913; x_wconf 87' lang='grc' dir='ltr'><strong>σου</strong></span> <span class='ocrx_word' id='word_1_558' title='bbox 1210 1885 1409 1922; x_wconf 79' lang='grc' dir='ltr'><strong>προσηγορίαν,</strong></span> <span class='ocrx_word' id='word_1_559' title='bbox 1424 1883 1473 1911; x_wconf 70' lang='grc' dir='ltr'><strong>καὶ</strong></span> <span class='ocrx_word' id='word_1_560' title='bbox 1488 1883 1522 1910; x_wconf 84' lang='grc' dir='ltr'><strong>δι’</strong></span> <span class='ocrx_word' id='word_1_561' title='bbox 1538 1883 1618 1919; x_wconf 82' lang='grc' dir='ltr'><strong>ἡμῶν</strong></span> <span class='ocrx_word' id='word_1_562' title='bbox 1639 1881 1844 1917; x_wconf 66' lang='grc' dir='ltr'><strong>προσκυνητῶς</strong></span> 
     </span>
    </p>
   </div>
   <div class='ocr_carea' id='block_1_81' title="bbox 1049 1927 1825 1967">
    <p class='ocr_par' dir='ltr' id='par_1_81' title="bbox 1049 1927 1825 1967">
     <span class='ocr_line' id='line_1_81' title="bbox 1049 1927 1825 1967; baseline -0.009 -7"><span class='ocrx_word' id='word_1_563' title='bbox 1049 1931 1295 1967; x_wconf 77' lang='grc' dir='ltr'><strong>κατασπαζόμενός</strong></span> <span class='ocrx_word' id='word_1_564' title='bbox 1310 1932 1369 1958; x_wconf 75' lang='grc' dir='ltr'><strong>ἐστι</strong></span> <span class='ocrx_word' id='word_1_565' title='bbox 1380 1930 1431 1966; x_wconf 84' lang='grc' dir='ltr'><strong>τὴν</strong></span> <span class='ocrx_word' id='word_1_566' title='bbox 1444 1929 1598 1965; x_wconf 77' lang='grc' dir='ltr'><strong>ἱερωτάτην</strong></span> <span class='ocrx_word' id='word_1_567' title='bbox 1617 1936 1664 1955; x_wconf 83' lang='grc' dir='ltr'><strong>σου</strong></span> <span class='ocrx_word' id='word_1_568' title='bbox 1683 1927 1825 1963; x_wconf 59' lang='grc' dir='ltr'><strong>κορυφήν.</strong></span> 
     </span>
    </p>
   </div>
   <div class='ocr_carea' id='block_1_82' title="bbox 1160 1972 1706 2010">
    <p class='ocr_par' dir='ltr' id='par_1_82' title="bbox 1160 1972 1706 2010">
     <span class='ocr_line' id='line_1_82' title="bbox 1160 1972 1706 2010; baseline -0.009 -5"><span class='ocrx_word' id='word_1_569' title='bbox 1160 1977 1223 2005; x_wconf 88' lang='lat' dir='ltr'><strong>AE&#39;.</strong></span> <span class='ocrx_word' id='word_1_570' title='bbox 1235 1992 1268 1998; x_wconf 84' lang='lat'><strong>——</strong></span> <span class='ocrx_word' id='word_1_571' title='bbox 1281 1976 1430 2008; x_wconf 70' lang='grc' dir='ltr'><strong>Βασιλείφ</strong></span> <span class='ocrx_word' id='word_1_572' title='bbox 1443 1975 1609 2010; x_wconf 75' lang='grc' dir='ltr'><strong>ἡγουμένῳ.</strong></span> <span class='ocrx_word' id='word_1_573' title='bbox 1626 1972 1706 2009; x_wconf 81' lang='grc' dir='ltr'><strong>[ος¹.]</strong></span> 
     </span>
    </p>
   </div>
   <div class='ocr_carea' id='block_1_83' title="bbox 203 2018 992 2087">
    <p class='ocr_par' dir='ltr' id='par_1_83' title="bbox 203 2025 992 2087">
     <span class='ocr_line' id='line_1_83' title="bbox 203 2025 992 2087; baseline -0.003 -34"><span class='ocrx_word' id='word_1_574' title='bbox 203 2026 418 2065; x_wconf 39' lang='lat' dir='ltr'><strong>Theodoruslsuo</strong></span> <span class='ocrx_word' id='word_1_575' title='bbox 437 2029 465 2051; x_wconf 85' lang='lat' dir='ltr'><strong>et</strong></span> <span class='ocrx_word' id='word_1_576' title='bbox 483 2025 594 2051; x_wconf 81' lang='lat' dir='ltr'><strong>Platonis</strong></span> <span class='ocrx_word' id='word_1_577' title='bbox 615 2025 715 2051; x_wconf 82' lang='lat' dir='ltr'><strong>nomine</strong></span> <span class='ocrx_word' id='word_1_578' title='bbox 735 2026 932 2087; x_wconf 52' lang='grc' dir='ltr'><strong>Μήλιοι-(ἕξἒὲ</strong></span> 
     </span>
     <span class='ocr_line' id='line_1_84' title="bbox 928 2065 981 2082; baseline 0 0"><span class='ocrx_word' id='word_1_579' title='bbox 928 2065 953 2082; x_wconf 92' lang='lat' dir='ltr'><strong>n.</strong></span> <span class='ocrx_word' id='word_1_580' title='bbox 969 2065 981 2082; x_wconf 87' lang='lat' dir='ltr'><strong>a</strong></span> 
     </span>
    </p>
   </div>
   <div class='ocr_carea' id='block_1_84' title="bbox 1046 2018 1844 2087">
    <p class='ocr_par' dir='ltr' id='par_1_84' title="bbox 1046 2018 1844 2087">
     <span class='ocr_line' id='line_1_85' title="bbox 1046 2018 1844 2086; baseline -0.009 -36"><span class='ocrx_word' id='word_1_581' title='bbox 1046 2032 1083 2081; x_wconf 57' lang='grc' dir='ltr'><strong>διὸ,</strong></span> <span class='ocrx_word' id='word_1_582' title='bbox 1098 2026 1127 2050; x_wconf 83' lang='lat' dir='ltr'><strong>ut</strong></span> <span class='ocrx_word' id='word_1_583' title='bbox 1139 2024 1274 2086; x_wconf 49' lang='lat' dir='ltr'><strong>gqjuncto</strong></span> <span class='ocrx_word' id='word_1_584' title='bbox 1284 2029 1340 2048; x_wconf 84' lang='lat' dir='ltr'><strong>cum</strong></span> <span class='ocrx_word' id='word_1_585' title='bbox 1357 2021 1421 2054; x_wconf 87' lang='lat' dir='ltr'><strong>ipsis</strong></span> <span class='ocrx_word' id='word_1_586' title='bbox 1438 2021 1522 2046; x_wconf 86' lang='lat' dir='ltr'><strong>studio</strong></span> <span class='ocrx_word' id='word_1_587' title='bbox 1547 2018 1674 2045; x_wconf 65' lang='lat' dir='ltr'><strong>haereticis</strong></span> <span class='ocrx_word' id='word_1_588' title='bbox 1683 2020 1844 2050; x_wconf 68' lang='lat' dir='ltr'><strong>seopponu.</strong></span> 
     </span>
     <span class='ocr_line' id='line_1_86' title="bbox 1080 2063 1178 2087; baseline -0.01 -7"><span class='ocrx_word' id='word_1_589' title='bbox 1080 2075 1086 2087; x_wconf 90' lang='lat'><strong>,</strong></span> <span class='ocrx_word' id='word_1_590' title='bbox 1100 2063 1127 2080; x_wconf 87' lang='grc' dir='ltr'><strong>ιι.</strong></span> <span class='ocrx_word' id='word_1_591' title='bbox 1172 2073 1178 2079; x_wconf 89' lang='grc'><strong>.</strong></span> 
     </span>
    </p>
   </div>
   <div class='ocr_carea' id='block_1_85' title="bbox 928 2065 1178 2087">
    <p class='ocr_par' dir='ltr' id='par_1_85' title="bbox 928 2065 1178 2087">
     <span class='ocr_line' id='line_1_87' title="bbox 928 2065 1178 2087; baseline -0.012 -5"><span class='ocrx_word' id='word_1_592' title='bbox 928 2065 953 2082; x_wconf 92' lang='lat' dir='ltr'><strong>n.</strong></span> <span class='ocrx_word' id='word_1_593' title='bbox 969 2065 1009 2082; x_wconf 86' lang='lat' dir='ltr'><strong>an.</strong></span> <span class='ocrx_word' id='word_1_594' title='bbox 1032 2065 1086 2087; x_wconf 73' lang='grc' dir='ltr'><strong>ουν,</strong></span> <span class='ocrx_word' id='word_1_595' title='bbox 1100 2065 1127 2080; x_wconf 88' lang='grc' dir='ltr'><strong>ιι.</strong></span> <span class='ocrx_word' id='word_1_596' title='bbox 1139 2065 1178 2080; x_wconf 70' lang='lat'><strong>7.0.</strong></span> 
     </span>
    </p>
   </div>
   <div class='ocr_carea' id='block_1_86' title="bbox 204 2099 993 2136">
    <p class='ocr_par' dir='ltr' id='par_1_86' title="bbox 204 2099 993 2136">
     <span class='ocr_line' id='line_1_88' title="bbox 204 2099 993 2136; baseline -0.004 -7"><span class='ocrx_word' id='word_1_597' title='bbox 204 2102 306 2130; x_wconf 71' lang='lat' dir='ltr'><strong>Basilio</strong></span> <span class='ocrx_word' id='word_1_598' title='bbox 332 2100 529 2136; x_wconf 72' lang='lat' dir='ltr'><strong>religiosissima</strong></span> <span class='ocrx_word' id='word_1_599' title='bbox 556 2099 695 2135; x_wconf 60' lang='lat' dir='ltr'><strong>praeposito</strong></span> <span class='ocrx_word' id='word_1_600' title='bbox 727 2103 751 2126; x_wconf 85' lang='lat' dir='ltr'><strong>et</strong></span> <span class='ocrx_word' id='word_1_601' title='bbox 774 2099 993 2127; x_wconf 61' lang='lat' dir='ltr'><strong>archimandritas</strong></span> 
     </span>
    </p>
   </div>
   <div class='ocr_carea' id='block_1_87' title="bbox 241 2145 995 2179">
    <p class='ocr_par' dir='ltr' id='par_1_87' title="bbox 241 2145 995 2179">
     <span class='ocr_line' id='line_1_89' title="bbox 241 2145 995 2179; baseline -0.004 -4"><span class='ocrx_word' id='word_1_602' title='bbox 241 2148 339 2179; x_wconf 63' lang='lat' dir='ltr'><strong>Romae,</strong></span> <span class='ocrx_word' id='word_1_603' title='bbox 355 2147 432 2174; x_wconf 78' lang='lat' dir='ltr'><strong>Plato</strong></span> <span class='ocrx_word' id='word_1_604' title='bbox 452 2145 566 2173; x_wconf 74' lang='lat' dir='ltr'><strong>humilis‘</strong></span> <span class='ocrx_word' id='word_1_605' title='bbox 580 2145 713 2178; x_wconf 76' lang='lat' dir='ltr'><strong>inclusus,</strong></span> <span class='ocrx_word' id='word_1_606' title='bbox 730 2150 755 2173; x_wconf 83' lang='lat' dir='ltr'><strong>et</strong></span> <span class='ocrx_word' id='word_1_607' title='bbox 775 2145 922 2173; x_wconf 75' lang='lat' dir='ltr'><strong>Theodorus</strong></span> <span class='ocrx_word' id='word_1_608' title='bbox 942 2145 995 2173; x_wconf 76' lang='lat' dir='ltr'><strong>mi-</strong></span> 
     </span>
    </p>
   </div>
   <div class='ocr_carea' id='block_1_88' title="bbox 241 2191 895 2228">
    <p class='ocr_par' dir='ltr' id='par_1_88' title="bbox 241 2191 895 2228">
     <span class='ocr_line' id='line_1_90' title="bbox 241 2191 895 2228; baseline -0.003 -7"><span class='ocrx_word' id='word_1_609' title='bbox 241 2194 328 2221; x_wconf 71' lang='lat' dir='ltr'><strong>nimus</strong></span> <span class='ocrx_word' id='word_1_610' title='bbox 345 2194 480 2228; x_wconf 70' lang='lat' dir='ltr'><strong>presbyter</strong></span> <span class='ocrx_word' id='word_1_611' title='bbox 506 2196 529 2219; x_wconf 81' lang='lat' dir='ltr'><strong>et</strong></span> <span class='ocrx_word' id='word_1_612' title='bbox 551 2192 707 2227; x_wconf 71' lang='lat' dir='ltr'><strong>prmposilus</strong></span> <span class='ocrx_word' id='word_1_613' title='bbox 736 2191 895 2219; x_wconf 72' lang='lat' dir='ltr'><strong>Studiemls.</strong></span> 
     </span>
    </p>
   </div>
   <div class='ocr_carea' id='block_1_89' title="bbox 1003 2259 1029 2289">
    <p class='ocr_par' dir='ltr' id='par_1_89' title="bbox 1003 2259 1029 2289">
     <span class='ocr_line' id='line_1_91' title="bbox 1003 2259 1029 2289; baseline 0 0"><span class='ocrx_word' id='word_1_614' title='bbox 1003 2259 1029 2289; x_wconf 79' lang='grc' dir='ltr'><strong>υ</strong></span> 
     </span>
    </p>
   </div>
   <div class='ocr_carea' id='block_1_90' title="bbox 259 2278 989 2316">
    <p class='ocr_par' dir='ltr' id='par_1_90' title="bbox 259 2278 989 2316">
     <span class='ocr_line' id='line_1_92' title="bbox 259 2278 989 2316; baseline -0.005 -6"><span class='ocrx_word' id='word_1_615' title='bbox 259 2282 376 2310; x_wconf 84' lang='lat' dir='ltr'><strong>Litteras</strong></span> <span class='ocrx_word' id='word_1_616' title='bbox 386 2285 508 2316; x_wconf 70' lang='lat' dir='ltr'><strong>paterna:</strong></span> <span class='ocrx_word' id='word_1_617' title='bbox 522 2279 676 2307; x_wconf 78' lang='lat' dir='ltr'><strong>sanctitatis</strong></span> <span class='ocrx_word' id='word_1_618' title='bbox 690 2283 744 2306; x_wconf 70' lang='lat' dir='ltr'><strong>tua:</strong></span> <span class='ocrx_word' id='word_1_619' title='bbox 771 2287 826 2307; x_wconf 93' lang='lat' dir='ltr'><strong>non</strong></span> <span class='ocrx_word' id='word_1_620' title='bbox 840 2279 921 2306; x_wconf 93' lang='lat' dir='ltr'><strong>aliter</strong></span> <span class='ocrx_word' id='word_1_621' title='bbox 935 2278 989 2306; x_wconf 88' lang='lat' dir='ltr'><strong>hu-</strong></span> 
     </span>
    </p>
   </div>
   <div class='ocr_carea' id='block_1_91' title="bbox 206 2324 1000 2362">
    <p class='ocr_par' dir='ltr' id='par_1_91' title="bbox 206 2324 1000 2362">
     <span class='ocr_line' id='line_1_93' title="bbox 206 2324 1000 2362; baseline -0.005 -6"><span class='ocrx_word' id='word_1_622' title='bbox 206 2328 285 2356; x_wconf 85' lang='lat' dir='ltr'><strong>miles</strong></span> <span class='ocrx_word' id='word_1_623' title='bbox 298 2326 534 2362; x_wconf 85' lang='lat' dir='ltr'><strong>exspectabamus,</strong></span> <span class='ocrx_word' id='word_1_624' title='bbox 564 2332 645 2360; x_wconf 84' lang='lat' dir='ltr'><strong>quam</strong></span> <span class='ocrx_word' id='word_1_625' title='bbox 663 2329 733 2352; x_wconf 84' lang='lat' dir='ltr'><strong>terra</strong></span> <span class='ocrx_word' id='word_1_626' title='bbox 748 2324 844 2352; x_wconf 84' lang='lat' dir='ltr'><strong>sitiens</strong></span> <span class='ocrx_word' id='word_1_627' title='bbox 885 2325 1000 2352; x_wconf 86' lang='lat' dir='ltr'><strong>imbrem</strong></span> 
     </span>
    </p>
   </div>
   <div class='ocr_carea' id='block_1_92' title="bbox 207 2369 998 2408">
    <p class='ocr_par' dir='ltr' id='par_1_92' title="bbox 207 2369 998 2408">
     <span class='ocr_line' id='line_1_94' title="bbox 207 2369 998 2408; baseline -0.005 -7"><span class='ocrx_word' id='word_1_628' title='bbox 207 2382 297 2402; x_wconf 89' lang='lat' dir='ltr'><strong>suum.</strong></span> <span class='ocrx_word' id='word_1_629' title='bbox 313 2373 348 2400; x_wconf 88' lang='lat' dir='ltr'><strong>Et</strong></span> <span class='ocrx_word' id='word_1_630' title='bbox 377 2377 521 2408; x_wconf 86' lang='lat' dir='ltr'><strong>postquam</strong></span> <span class='ocrx_word' id='word_1_631' title='bbox 548 2378 596 2406; x_wconf 77' lang='lat' dir='ltr'><strong>spe</strong></span> <span class='ocrx_word' id='word_1_632' title='bbox 620 2374 713 2398; x_wconf 89' lang='lat' dir='ltr'><strong>nostra</strong></span> <span class='ocrx_word' id='word_1_633' title='bbox 737 2369 859 2397; x_wconf 84' lang='lat' dir='ltr'><strong>frustrati</strong></span> <span class='ocrx_word' id='word_1_634' title='bbox 892 2378 998 2403; x_wconf 90' lang='lat' dir='ltr'><strong>sumus,</strong></span> 
     </span>
    </p>
   </div>
   <div class='ocr_carea' id='block_1_93' title="bbox 208 2415 998 2453">
    <p class='ocr_par' dir='ltr' id='par_1_93' title="bbox 208 2415 998 2453">
     <span class='ocr_line' id='line_1_95' title="bbox 208 2415 998 2453; baseline -0.005 -6"><span class='ocrx_word' id='word_1_635' title='bbox 208 2420 355 2451; x_wconf 89' lang='lat' dir='ltr'><strong>doluimus,</strong></span> <span class='ocrx_word' id='word_1_636' title='bbox 377 2422 407 2445; x_wconf 91' lang='lat' dir='ltr'><strong>ut</strong></span> <span class='ocrx_word' id='word_1_637' title='bbox 426 2426 475 2453; x_wconf 89' lang='lat' dir='ltr'><strong>par</strong></span> <span class='ocrx_word' id='word_1_638' title='bbox 501 2421 569 2449; x_wconf 89' lang='lat' dir='ltr'><strong>erat,</strong></span> <span class='ocrx_word' id='word_1_639' title='bbox 582 2416 770 2444; x_wconf 88' lang='lat' dir='ltr'><strong>vehementer.</strong></span> <span class='ocrx_word' id='word_1_640' title='bbox 793 2415 922 2443; x_wconf 77' lang='lat' dir='ltr'><strong>Attamen</strong></span> <span class='ocrx_word' id='word_1_641' title='bbox 934 2423 998 2444; x_wconf 92' lang='lat' dir='ltr'><strong>cum</strong></span> 
     </span>
    </p>
   </div>
   <div class='ocr_carea' id='block_1_94' title="bbox 208 2460 1000 2499">
    <p class='ocr_par' dir='ltr' id='par_1_94' title="bbox 208 2460 1000 2499">
     <span class='ocr_line' id='line_1_96' title="bbox 208 2460 1000 2499; baseline -0.004 -7"><span class='ocrx_word' id='word_1_642' title='bbox 208 2473 243 2493; x_wconf 82' lang='lat' dir='ltr'><strong>ex</strong></span> <span class='ocrx_word' id='word_1_643' title='bbox 254 2463 408 2499; x_wconf 83' lang='lat' dir='ltr'><strong>Epiphanio</strong></span> <span class='ocrx_word' id='word_1_644' title='bbox 423 2461 601 2490; x_wconf 85' lang='lat' dir='ltr'><strong>dilectissimo</strong></span> <span class='ocrx_word' id='word_1_645' title='bbox 629 2466 657 2489; x_wconf 87' lang='lat' dir='ltr'><strong>et</strong></span> <span class='ocrx_word' id='word_1_646' title='bbox 677 2461 808 2489; x_wconf 82' lang='lat' dir='ltr'><strong>fidissimo</strong></span> <span class='ocrx_word' id='word_1_647' title='bbox 823 2460 878 2488; x_wconf 87' lang='lat' dir='ltr'><strong>lilio</strong></span> <span class='ocrx_word' id='word_1_648' title='bbox 902 2466 1000 2489; x_wconf 87' lang='lat' dir='ltr'><strong>nostro</strong></span> 
     </span>
    </p>
   </div>
   <div class='ocr_carea' id='block_1_95' title="bbox 208 2507 998 2546">
    <p class='ocr_par' dir='ltr' id='par_1_95' title="bbox 208 2507 998 2546">
     <span class='ocr_line' id='line_1_97' title="bbox 208 2507 998 2546; baseline -0.006 -6"><span class='ocrx_word' id='word_1_649' title='bbox 208 2518 319 2540; x_wconf 85' lang='lat' dir='ltr'><strong>causam</strong></span> <span class='ocrx_word' id='word_1_650' title='bbox 333 2509 564 2546; x_wconf 74' lang='lat' dir='ltr'><strong>cognovissemus,</strong></span> <span class='ocrx_word' id='word_1_651' title='bbox 581 2508 654 2544; x_wconf 91' lang='lat' dir='ltr'><strong>quod</strong></span> <span class='ocrx_word' id='word_1_652' title='bbox 680 2508 810 2536; x_wconf 90' lang='lat' dir='ltr'><strong>nimirum</strong></span> <span class='ocrx_word' id='word_1_653' title='bbox 837 2512 948 2536; x_wconf 84' lang='lat' dir='ltr'><strong>coactus</strong></span> <span class='ocrx_word' id='word_1_654' title='bbox 972 2507 998 2535; x_wconf 85' lang='lat' dir='ltr'><strong>id</strong></span> 
     </span>
    </p>
   </div>
   <div class='ocr_carea' id='block_1_96' title="bbox 208 2553 997 2590">
    <p class='ocr_par' dir='ltr' id='par_1_96' title="bbox 208 2553 997 2590">
     <span class='ocr_line' id='line_1_98' title="bbox 208 2553 997 2590; baseline -0.009 -4"><span class='ocrx_word' id='word_1_655' title='bbox 208 2557 333 2590; x_wconf 88' lang='lat' dir='ltr'><strong>fecisses,</strong></span> <span class='ocrx_word' id='word_1_656' title='bbox 347 2563 402 2584; x_wconf 91' lang='lat' dir='ltr'><strong>non</strong></span> <span class='ocrx_word' id='word_1_657' title='bbox 418 2558 576 2590; x_wconf 87' lang='lat' dir='ltr'><strong>contemptu</strong></span> <span class='ocrx_word' id='word_1_658' title='bbox 595 2554 687 2589; x_wconf 91' lang='lat' dir='ltr'><strong>aliquo</strong></span> <span class='ocrx_word' id='word_1_659' title='bbox 700 2558 824 2581; x_wconf 89' lang='lat' dir='ltr'><strong>nostrum</strong></span> <span class='ocrx_word' id='word_1_660' title='bbox 843 2553 889 2588; x_wconf 88' lang='lat' dir='ltr'><strong>qui</strong></span> <span class='ocrx_word' id='word_1_661' title='bbox 909 2560 997 2587; x_wconf 86' lang='lat' dir='ltr'><strong>quan-</strong></span> 
     </span>
    </p>
   </div>
   <div class='ocr_carea' id='block_1_97' title="bbox 209 2598 997 2635">
    <p class='ocr_par' dir='ltr' id='par_1_97' title="bbox 209 2598 997 2635">
     <span class='ocr_line' id='line_1_99' title="bbox 209 2598 997 2635; baseline -0.006 -5"><span class='ocrx_word' id='word_1_662' title='bbox 209 2602 311 2630; x_wconf 86' lang='lat' dir='ltr'><strong>tumvis</strong></span> <span class='ocrx_word' id='word_1_663' title='bbox 332 2601 468 2634; x_wconf 86' lang='lat' dir='ltr'><strong>tenuium,</strong></span> <span class='ocrx_word' id='word_1_664' title='bbox 501 2599 631 2635; x_wconf 88' lang='lat' dir='ltr'><strong>pietatem</strong></span> <span class='ocrx_word' id='word_1_665' title='bbox 655 2605 729 2627; x_wconf 91' lang='lat' dir='ltr'><strong>tuam</strong></span> <span class='ocrx_word' id='word_1_666' title='bbox 756 2599 934 2626; x_wconf 87' lang='lat' dir='ltr'><strong>nihilominus</strong></span> <span class='ocrx_word' id='word_1_667' title='bbox 945 2598 997 2626; x_wconf 91' lang='lat' dir='ltr'><strong>ob-</strong></span> 
     </span>
    </p>
   </div>
   <div class='ocr_carea' id='block_1_98' title="bbox 208 2645 997 2679">
    <p class='ocr_par' dir='ltr' id='par_1_98' title="bbox 208 2645 997 2679">
     <span class='ocr_line' id='line_1_100' title="bbox 208 2645 997 2679; baseline -0.005 -4"><span class='ocrx_word' id='word_1_668' title='bbox 208 2654 369 2676; x_wconf 77' lang='lat' dir='ltr'><strong>servamus:</strong></span> <span class='ocrx_word' id='word_1_669' title='bbox 384 2646 468 2674; x_wconf 84' lang='lat' dir='ltr'><strong>animi</strong></span> <span class='ocrx_word' id='word_1_670' title='bbox 480 2645 600 2673; x_wconf 90' lang='lat' dir='ltr'><strong>dolorem</strong></span> <span class='ocrx_word' id='word_1_671' title='bbox 609 2645 796 2677; x_wconf 86' lang='lat' dir='ltr'><strong>abstersimus,</strong></span> <span class='ocrx_word' id='word_1_672' title='bbox 809 2651 997 2679; x_wconf 80' lang='lat' dir='ltr'><strong>summamque</strong></span> 
     </span>
    </p>
   </div>
   <div class='ocr_carea' id='block_1_99' title="bbox 208 2689 998 2729">
    <p class='ocr_par' dir='ltr' id='par_1_99' title="bbox 208 2689 998 2729">
     <span class='ocr_line' id='line_1_101' title="bbox 208 2689 998 2729; baseline -0.008 -7"><span class='ocrx_word' id='word_1_673' title='bbox 208 2694 329 2722; x_wconf 73' lang='lat' dir='ltr'><strong>laetitiam</strong></span> <span class='ocrx_word' id='word_1_674' title='bbox 343 2693 525 2729; x_wconf 85' lang='lat' dir='ltr'><strong>percepimus.</strong></span> <span class='ocrx_word' id='word_1_675' title='bbox 557 2690 734 2719; x_wconf 61' lang='lat' dir='ltr'><strong>“enuntiavit</strong></span> <span class='ocrx_word' id='word_1_676' title='bbox 762 2689 835 2717; x_wconf 88' lang='lat' dir='ltr'><strong>enim</strong></span> <span class='ocrx_word' id='word_1_677' title='bbox 855 2689 943 2723; x_wconf 88' lang='lat' dir='ltr'><strong>nobis,</strong></span> <span class='ocrx_word' id='word_1_678' title='bbox 971 2694 998 2717; x_wconf 93' lang='lat' dir='ltr'><strong>te</strong></span> 
     </span>
    </p>
   </div>
   <div class='ocr_carea' id='block_1_100' title="bbox 207 2735 996 2773">
    <p class='ocr_par' dir='ltr' id='par_1_100' title="bbox 207 2735 996 2773">
     <span class='ocr_line' id='line_1_102' title="bbox 207 2735 996 2773; baseline -0.008 -5"><span class='ocrx_word' id='word_1_679' title='bbox 207 2740 335 2768; x_wconf 83' lang='lat' dir='ltr'><strong>eumdem</strong></span> <span class='ocrx_word' id='word_1_680' title='bbox 347 2746 418 2771; x_wconf 85' lang='lat' dir='ltr'><strong>esse,</strong></span> <span class='ocrx_word' id='word_1_681' title='bbox 436 2737 482 2773; x_wconf 87' lang='lat' dir='ltr'><strong>qui</strong></span> <span class='ocrx_word' id='word_1_682' title='bbox 495 2745 559 2773; x_wconf 75' lang='lat' dir='ltr'><strong>erga</strong></span> <span class='ocrx_word' id='word_1_683' title='bbox 574 2744 625 2765; x_wconf 92' lang='lat' dir='ltr'><strong>nos</strong></span> <span class='ocrx_word' id='word_1_684' title='bbox 635 2743 745 2772; x_wconf 90' lang='lat' dir='ltr'><strong>semper</strong></span> <span class='ocrx_word' id='word_1_685' title='bbox 765 2735 875 2768; x_wconf 85' lang='lat' dir='ltr'><strong>fuisses,</strong></span> <span class='ocrx_word' id='word_1_686' title='bbox 895 2735 996 2763; x_wconf 79' lang='lat' dir='ltr'><strong>allectu</strong></span> 
     </span>
    </p>
   </div>
   <div class='ocr_carea' id='block_1_101' title="bbox 208 2780 997 2820">
    <p class='ocr_par' dir='ltr' id='par_1_101' title="bbox 208 2780 997 2820">
     <span class='ocr_line' id='line_1_103' title="bbox 208 2780 997 2820; baseline -0.006 -6"><span class='ocrx_word' id='word_1_687' title='bbox 208 2790 236 2814; x_wconf 84' lang='lat' dir='ltr'><strong>ct</strong></span> <span class='ocrx_word' id='word_1_688' title='bbox 255 2785 389 2813; x_wconf 83' lang='lat' dir='ltr'><strong>charitate</strong></span> <span class='ocrx_word' id='word_1_689' title='bbox 405 2783 488 2820; x_wconf 83' lang='lat' dir='ltr'><strong>;quin</strong></span> <span class='ocrx_word' id='word_1_690' title='bbox 504 2783 595 2819; x_wconf 89' lang='lat' dir='ltr'><strong>potius</strong></span> <span class='ocrx_word' id='word_1_691' title='bbox 614 2790 669 2810; x_wconf 94' lang='lat' dir='ltr'><strong>non</strong></span> <span class='ocrx_word' id='word_1_692' title='bbox 694 2789 790 2817; x_wconf 90' lang='lat' dir='ltr'><strong>parum</strong></span> <span class='ocrx_word' id='word_1_693' title='bbox 805 2780 936 2810; x_wconf 79' lang='lat' dir='ltr'><strong>bonitatis</strong></span> <span class='ocrx_word' id='word_1_694' title='bbox 947 2782 997 2809; x_wconf 83' lang='lat' dir='ltr'><strong>ad-</strong></span> 
     </span>
    </p>
   </div>
   <div class='ocr_carea' id='block_1_102' title="bbox 198 2837 906 2876">
    <p class='ocr_par' dir='ltr' id='par_1_102' title="bbox 198 2837 906 2876">
     <span class='ocr_line' id='line_1_104' title="bbox 198 2837 906 2876; baseline -0.001 -10"><span class='ocrx_word' id='word_1_695' title='bbox 198 2874 201 2876; x_wconf 20' lang='grc' dir='ltr'><strong>ί</strong></span> <span class='ocrx_word' id='word_1_696' title='bbox 244 2841 268 2856; x_wconf 75' lang='grc' dir='ltr'><strong>ιο</strong></span> <span class='ocrx_word' id='word_1_697' title='bbox 290 2839 350 2868; x_wconf 85' lang='lat' dir='ltr'><strong>Vid.</strong></span> <span class='ocrx_word' id='word_1_698' title='bbox 369 2839 439 2868; x_wconf 78' lang='lat' dir='ltr'><strong>infra</strong></span> <span class='ocrx_word' id='word_1_699' title='bbox 458 2839 485 2868; x_wconf 91' lang='lat' dir='ltr'><strong>in</strong></span> <span class='ocrx_word' id='word_1_700' title='bbox 500 2838 636 2868; x_wconf 84' lang='lat' dir='ltr'><strong>Theodori</strong></span> <span class='ocrx_word' id='word_1_701' title='bbox 654 2838 768 2867; x_wconf 74' lang='lat' dir='ltr'><strong>Tutum.</strong></span> <span class='ocrx_word' id='word_1_702' title='bbox 786 2845 862 2866; x_wconf 89' lang='lat' dir='ltr'><strong>num.</strong></span> <span class='ocrx_word' id='word_1_703' title='bbox 879 2837 906 2865; x_wconf 80' lang='grc'><strong>4.</strong></span> 
     </span>
    </p>
   </div>
   <div class='ocr_carea' id='block_1_103' title="bbox 1044 2090 1844 2129">
    <p class='ocr_par' dir='ltr' id='par_1_103' title="bbox 1044 2090 1844 2129">
     <span class='ocr_line' id='line_1_105' title="bbox 1044 2090 1844 2129; baseline -0.01 -4"><span class='ocrx_word' id='word_1_704' title='bbox 1044 2097 1193 2129; x_wconf 74' lang='grc' dir='ltr'><strong>Βασιλειῳ</strong></span> <span class='ocrx_word' id='word_1_705' title='bbox 1213 2094 1253 2128; x_wconf 80' lang='grc' dir='ltr'><strong>τῷ</strong></span> <span class='ocrx_word' id='word_1_706' title='bbox 1272 2092 1483 2127; x_wconf 64' lang='grc' dir='ltr'><strong>ὠλασεστὰτφ</strong></span> <span class='ocrx_word' id='word_1_707' title='bbox 1505 2091 1664 2128; x_wconf 74' lang='grc' dir='ltr'><strong>ἡγουμένῳ</strong></span> <span class='ocrx_word' id='word_1_708' title='bbox 1685 2090 1736 2119; x_wconf 70' lang='grc' dir='ltr'><strong>καὶ</strong></span> <span class='ocrx_word' id='word_1_709' title='bbox 1755 2090 1844 2125; x_wconf 73' lang='grc' dir='ltr'><strong>ἀρχι-</strong></span> 
     </span>
    </p>
   </div>
   <div class='ocr_carea' id='block_1_104' title="bbox 1078 2136 1847 2179">
    <p class='ocr_par' dir='ltr' id='par_1_104' title="bbox 1078 2136 1847 2179">
     <span class='ocr_line' id='line_1_106' title="bbox 1078 2136 1847 2179; baseline -0.009 -9"><span class='ocrx_word' id='word_1_710' title='bbox 1078 2142 1226 2179; x_wconf 77' lang='grc' dir='ltr'><strong>μανδρίτῃ</strong></span> <span class='ocrx_word' id='word_1_711' title='bbox 1252 2140 1387 2176; x_wconf 84' lang='grc' dir='ltr'><strong>Ῥώμης,</strong></span> <span class='ocrx_word' id='word_1_712' title='bbox 1417 2139 1542 2167; x_wconf 72' lang='grc' dir='ltr'><strong>Πλάτων</strong></span> <span class='ocrx_word' id='word_1_713' title='bbox 1564 2138 1705 2171; x_wconf 75' lang='grc' dir='ltr'><strong>ταπεινὸς</strong></span> <span class='ocrx_word' id='word_1_714' title='bbox 1726 2136 1847 2171; x_wconf 63' lang='grc' dir='ltr'><strong>ἐγκλει-</strong></span> 
     </span>
    </p>
   </div>
   <div class='ocr_carea' id='block_1_105' title="bbox 1082 2183 1845 2223">
    <p class='ocr_par' dir='ltr' id='par_1_105' title="bbox 1082 2183 1845 2223">
     <span class='ocr_line' id='line_1_107' title="bbox 1082 2183 1845 2223; baseline -0.01 -6"><span class='ocrx_word' id='word_1_715' title='bbox 1082 2198 1167 2223; x_wconf 82' lang='grc' dir='ltr'><strong>στος,</strong></span> <span class='ocrx_word' id='word_1_716' title='bbox 1173 2188 1223 2216; x_wconf 74' lang='grc' dir='ltr'><strong>καὶ</strong></span> <span class='ocrx_word' id='word_1_717' title='bbox 1236 2187 1387 2223; x_wconf 81' lang='grc' dir='ltr'><strong>Θεόδωρος</strong></span> <span class='ocrx_word' id='word_1_718' title='bbox 1400 2186 1562 2221; x_wconf 70' lang='grc' dir='ltr'><strong>ἐλάχιστος</strong></span> <span class='ocrx_word' id='word_1_719' title='bbox 1573 2184 1780 2220; x_wconf 72' lang='grc' dir='ltr'><strong>πρεσϐύτερος</strong></span> <span class='ocrx_word' id='word_1_720' title='bbox 1791 2183 1845 2210; x_wconf 74' lang='grc' dir='ltr'><strong>και</strong></span> 
     </span>
    </p>
   </div>
   <div class='ocr_carea' id='block_1_106' title="bbox 1084 2231 1500 2270">
    <p class='ocr_par' dir='ltr' id='par_1_106' title="bbox 1084 2231 1500 2270">
     <span class='ocr_line' id='line_1_108' title="bbox 1084 2231 1500 2270; baseline -0.007 -9"><span class='ocrx_word' id='word_1_721' title='bbox 1084 2234 1252 2270; x_wconf 77' lang='grc' dir='ltr'><strong>ἡγούμενος</strong></span> <span class='ocrx_word' id='word_1_722' title='bbox 1266 2231 1326 2260; x_wconf 78' lang='grc' dir='ltr'><strong>τῶν</strong></span> <span class='ocrx_word' id='word_1_723' title='bbox 1344 2231 1500 2260; x_wconf 81' lang='grc' dir='ltr'><strong>Στουδίου.</strong></span> 
     </span>
    </p>
   </div>
   <div class='ocr_carea' id='block_1_107' title="bbox 1076 2273 1846 2315">
    <p class='ocr_par' dir='ltr' id='par_1_107' title="bbox 1076 2273 1846 2315">
     <span class='ocr_line' id='line_1_109' title="bbox 1076 2273 1846 2315; baseline -0.01 -8"><span class='ocrx_word' id='word_1_724' title='bbox 1076 2279 1170 2313; x_wconf 79' lang='grc' dir='ltr'><strong>Οὕτως</strong></span> <span class='ocrx_word' id='word_1_725' title='bbox 1176 2277 1384 2315; x_wconf 80' lang='grc' dir='ltr'><strong>ἅπεχαραδοκοῢ</strong></span> <span class='ocrx_word' id='word_1_726' title='bbox 1388 2286 1438 2314; x_wconf 87' lang='grc' dir='ltr'><strong>μεν</strong></span> <span class='ocrx_word' id='word_1_727' title='bbox 1449 2278 1475 2304; x_wconf 86' lang='lat' dir='ltr'><strong>ot</strong></span> <span class='ocrx_word' id='word_1_728' title='bbox 1484 2274 1607 2304; x_wconf 75' lang='grc' dir='ltr'><strong>ταπεινοὶ</strong></span> <span class='ocrx_word' id='word_1_729' title='bbox 1615 2273 1744 2308; x_wconf 78' lang='grc' dir='ltr'><strong>δέξασθαι</strong></span> <span class='ocrx_word' id='word_1_730' title='bbox 1754 2280 1846 2310; x_wconf 83' lang='grc' dir='ltr'><strong>γραμ·</strong></span> 
     </span>
    </p>
   </div>
   <div class='ocr_carea' id='block_1_108' title="bbox 1054 2320 1846 2362">
    <p class='ocr_par' dir='ltr' id='par_1_108' title="bbox 1054 2320 1846 2362">
     <span class='ocr_line' id='line_1_110' title="bbox 1054 2320 1846 2362; baseline -0.009 -9"><span class='ocrx_word' id='word_1_731' title='bbox 1054 2334 1127 2362; x_wconf 85' lang='grc' dir='ltr'><strong>ματα</strong></span> <span class='ocrx_word' id='word_1_732' title='bbox 1140 2326 1190 2362; x_wconf 86' lang='grc' dir='ltr'><strong>τῆς</strong></span> <span class='ocrx_word' id='word_1_733' title='bbox 1203 2325 1341 2361; x_wconf 74' lang='grc' dir='ltr'><strong>πατρικῆς</strong></span> <span class='ocrx_word' id='word_1_734' title='bbox 1355 2333 1402 2351; x_wconf 85' lang='grc' dir='ltr'><strong>σου</strong></span> <span class='ocrx_word' id='word_1_735' title='bbox 1417 2323 1567 2359; x_wconf 80' lang='grc' dir='ltr'><strong>ὁσιότητος,</strong></span> <span class='ocrx_word' id='word_1_736' title='bbox 1580 2321 1619 2353; x_wconf 84' lang='grc' dir='ltr'><strong>ὡς</strong></span> <span class='ocrx_word' id='word_1_737' title='bbox 1632 2320 1669 2356; x_wconf 79' lang='grc' dir='ltr'><strong>γῆ</strong></span> <span class='ocrx_word' id='word_1_738' title='bbox 1677 2320 1786 2355; x_wconf 82' lang='grc' dir='ltr'>διψῶσα</span> <span class='ocrx_word' id='word_1_739' title='bbox 1795 2320 1846 2347; x_wconf 77' lang='grc' dir='ltr'><strong>τὸν</strong></span> 
     </span>
    </p>
   </div>
   <div class='ocr_carea' id='block_1_109' title="bbox 1051 2365 1844 2407">
    <p class='ocr_par' dir='ltr' id='par_1_109' title="bbox 1051 2365 1844 2407">
     <span class='ocr_line' id='line_1_111' title="bbox 1051 2365 1844 2407; baseline -0.01 -8"><span class='ocrx_word' id='word_1_740' title='bbox 1051 2371 1153 2407; x_wconf 74' lang='grc' dir='ltr'><strong>ἑαυτῆς</strong></span> <span class='ocrx_word' id='word_1_741' title='bbox 1169 2370 1259 2398; x_wconf 76' lang='grc' dir='ltr'><strong>ὑετόν.</strong></span> <span class='ocrx_word' id='word_1_742' title='bbox 1275 2371 1331 2398; x_wconf 81' lang='grc' dir='ltr'><strong>Καὶ</strong></span> <span class='ocrx_word' id='word_1_743' title='bbox 1343 2369 1439 2405; x_wconf 71' lang='grc' dir='ltr'><strong>ἐπειδὴ</strong></span> <span class='ocrx_word' id='word_1_744' title='bbox 1456 2367 1629 2403; x_wconf 73' lang='grc' dir='ltr'><strong>ἀπιτύχομιν</strong></span> <span class='ocrx_word' id='word_1_745' title='bbox 1651 2366 1702 2401; x_wconf 83' lang='grc' dir='ltr'><strong>τῆς</strong></span> <span class='ocrx_word' id='word_1_746' title='bbox 1715 2365 1844 2397; x_wconf 45' lang='lat' dir='ltr'><strong>nam”,</strong></span> 
     </span>
    </p>
   </div>
   <div class='ocr_carea' id='block_1_110' title="bbox 1048 2411 1845 2452">
    <p class='ocr_par' dir='ltr' id='par_1_110' title="bbox 1048 2411 1845 2452">
     <span class='ocr_line' id='line_1_112' title="bbox 1048 2411 1845 2452; baseline -0.009 -8"><span class='ocrx_word' id='word_1_747' title='bbox 1048 2416 1210 2452; x_wconf 78' lang='grc' dir='ltr'><strong>ἡλγὴσαμεν</strong></span> <span class='ocrx_word' id='word_1_748' title='bbox 1221 2435 1229 2447; x_wconf 82' lang='lat'><em>.</em></span> <span class='ocrx_word' id='word_1_749' title='bbox 1243 2415 1281 2448; x_wconf 81' lang='grc' dir='ltr'><strong>ὡς</strong></span> <span class='ocrx_word' id='word_1_750' title='bbox 1296 2415 1328 2442; x_wconf 80' lang='grc' dir='ltr'><strong>τδ</strong></span> <span class='ocrx_word' id='word_1_751' title='bbox 1344 2415 1431 2447; x_wconf 65' lang='lat' dir='ltr'><strong>dde</strong></span> <span class='ocrx_word' id='word_1_752' title='bbox 1453 2414 1528 2450; x_wconf 82' lang='grc' dir='ltr'><strong>ὅμως</strong></span> <span class='ocrx_word' id='word_1_753' title='bbox 1542 2412 1674 2449; x_wconf 73' lang='grc' dir='ltr'><strong>μαθόντες</strong></span> <span class='ocrx_word' id='word_1_754' title='bbox 1684 2411 1735 2446; x_wconf 81' lang='grc' dir='ltr'><strong>τὴν</strong></span> <span class='ocrx_word' id='word_1_755' title='bbox 1749 2411 1845 2438; x_wconf 77' lang='grc' dir='ltr'><strong>αἰτίαν</strong></span> 
     </span>
    </p>
   </div>
   <div class='ocr_carea' id='block_1_111' title="bbox 1047 2456 1844 2499">
    <p class='ocr_par' dir='ltr' id='par_1_111' title="bbox 1047 2456 1844 2499">
     <span class='ocr_line' id='line_1_113' title="bbox 1047 2456 1844 2499; baseline -0.011 -8"><span class='ocrx_word' id='word_1_756' title='bbox 1047 2463 1125 2499; x_wconf 84' lang='grc' dir='ltr'><strong>παρὰ</strong></span> <span class='ocrx_word' id='word_1_757' title='bbox 1138 2461 1305 2497; x_wconf 82' lang='grc' dir='ltr'><strong>Ἐπιφανίου</strong></span> <span class='ocrx_word' id='word_1_758' title='bbox 1329 2461 1378 2488; x_wconf 84' lang='grc' dir='ltr'><strong>τοῦ</strong></span> <span class='ocrx_word' id='word_1_759' title='bbox 1397 2458 1589 2487; x_wconf 80' lang='grc' dir='ltr'><strong>ποθεινοτᾶτου</strong></span> <span class='ocrx_word' id='word_1_760' title='bbox 1613 2457 1661 2484; x_wconf 79' lang='grc' dir='ltr'><strong>καὶ</strong></span> <span class='ocrx_word' id='word_1_761' title='bbox 1675 2456 1844 2483; x_wconf 71' lang='grc' dir='ltr'><strong>πιστοτάτου</strong></span> 
     </span>
    </p>
   </div>
   <div class='ocr_carea' id='block_1_112' title="bbox 1047 2502 1842 2544">
    <p class='ocr_par' dir='ltr' id='par_1_112' title="bbox 1047 2502 1842 2544">
     <span class='ocr_line' id='line_1_114' title="bbox 1047 2502 1842 2544; baseline -0.01 -9"><span class='ocrx_word' id='word_1_762' title='bbox 1047 2508 1130 2544; x_wconf 75' lang='grc' dir='ltr'><strong>ἡμῶν</strong></span> <span class='ocrx_word' id='word_1_763' title='bbox 1142 2506 1213 2540; x_wconf 67' lang='lat' dir='ltr'><strong>utet&quot;),</strong></span> <span class='ocrx_word' id='word_1_764' title='bbox 1226 2507 1268 2534; x_wconf 81' lang='grc' dir='ltr'><strong>ὅτι</strong></span> <span class='ocrx_word' id='word_1_765' title='bbox 1280 2506 1311 2539; x_wconf 78' lang='grc' dir='ltr'><strong>ἐξ</strong></span> <span class='ocrx_word' id='word_1_766' title='bbox 1329 2505 1490 2541; x_wconf 73' lang='grc' dir='ltr'><strong>ἀναγκαίου,</strong></span> <span class='ocrx_word' id='word_1_767' title='bbox 1513 2503 1561 2532; x_wconf 73' lang='grc' dir='ltr'><strong>καὶ</strong></span> <span class='ocrx_word' id='word_1_768' title='bbox 1588 2503 1639 2530; x_wconf 80' lang='grc' dir='ltr'><strong>οὐκ</strong></span> <span class='ocrx_word' id='word_1_769' title='bbox 1652 2502 1685 2530; x_wconf 70' lang='grc' dir='ltr'><strong>ιιι</strong></span> <span class='ocrx_word' id='word_1_770' title='bbox 1698 2510 1842 2537; x_wconf 56' lang='grc' dir='ltr'><strong>καταφρο-</strong></span> 
     </span>
    </p>
   </div>
   <div class='ocr_carea' id='block_1_113' title="bbox 1050 2548 1843 2589">
    <p class='ocr_par' dir='ltr' id='par_1_113' title="bbox 1050 2548 1843 2589">
     <span class='ocr_line' id='line_1_115' title="bbox 1050 2548 1843 2589; baseline -0.01 -7"><span class='ocrx_word' id='word_1_771' title='bbox 1050 2555 1155 2589; x_wconf 79' lang='grc' dir='ltr'><strong>νήσεως</strong></span> <span class='ocrx_word' id='word_1_772' title='bbox 1182 2553 1262 2589; x_wconf 83' lang='grc' dir='ltr'><strong>ἡμῶν</strong></span> <span class='ocrx_word' id='word_1_773' title='bbox 1278 2552 1332 2580; x_wconf 81' lang='grc' dir='ltr'><strong>τῶν</strong></span> <span class='ocrx_word' id='word_1_774' title='bbox 1355 2551 1472 2579; x_wconf 78' lang='grc' dir='ltr'><strong>ιὺτελῶν</strong></span> <span class='ocrx_word' id='word_1_775' title='bbox 1489 2551 1538 2578; x_wconf 80' lang='grc' dir='ltr'><strong>καὶ</strong></span> <span class='ocrx_word' id='word_1_776' title='bbox 1562 2549 1623 2578; x_wconf 87' lang='grc' dir='ltr'><strong>λίαν</strong></span> <span class='ocrx_word' id='word_1_777' title='bbox 1642 2549 1769 2585; x_wconf 66' lang='grc' dir='ltr'><strong>ἐραστῶν</strong></span> <span class='ocrx_word' id='word_1_778' title='bbox 1793 2548 1843 2583; x_wconf 78' lang='grc' dir='ltr'><strong>τῆς</strong></span> 
     </span>
    </p>
   </div>
   <div class='ocr_carea' id='block_1_114' title="bbox 1051 2594 1842 2636">
    <p class='ocr_par' dir='ltr' id='par_1_114' title="bbox 1051 2594 1842 2636">
     <span class='ocr_line' id='line_1_116' title="bbox 1051 2594 1842 2636; baseline -0.009 -9"><span class='ocrx_word' id='word_1_779' title='bbox 1051 2599 1204 2636; x_wconf 81' lang='grc' dir='ltr'><strong>θεοφιλείας</strong></span> <span class='ocrx_word' id='word_1_780' title='bbox 1219 2606 1283 2625; x_wconf 71' lang='grc' dir='ltr'><strong>σουο</strong></span> <span class='ocrx_word' id='word_1_781' title='bbox 1298 2597 1483 2634; x_wconf 71' lang='grc' dir='ltr'><strong>μετεϐάλομεν</strong></span> <span class='ocrx_word' id='word_1_782' title='bbox 1494 2596 1525 2623; x_wconf 80' lang='grc' dir='ltr'><strong>τὸ</strong></span> <span class='ocrx_word' id='word_1_783' title='bbox 1540 2595 1623 2630; x_wconf 60' lang='grc' dir='ltr'><strong>ἄλγος</strong></span> <span class='ocrx_word' id='word_1_784' title='bbox 1639 2595 1689 2631; x_wconf 81' lang='grc' dir='ltr'><strong>τῆς</strong></span> <span class='ocrx_word' id='word_1_785' title='bbox 1713 2594 1842 2630; x_wconf 75' lang='grc' dir='ltr'><strong>καρδίας,</strong></span> 
     </span>
    </p>
   </div>
   <div class='ocr_carea' id='block_1_115' title="bbox 1051 2639 1842 2681">
    <p class='ocr_par' dir='ltr' id='par_1_115' title="bbox 1051 2639 1842 2681">
     <span class='ocr_line' id='line_1_117' title="bbox 1051 2639 1842 2681; baseline -0.01 -8"><span class='ocrx_word' id='word_1_786' title='bbox 1051 2645 1139 2681; x_wconf 86' lang='grc' dir='ltr'><strong>χαρὰν</strong></span> <span class='ocrx_word' id='word_1_787' title='bbox 1154 2644 1395 2680; x_wconf 81' lang='grc' dir='ltr'><strong>προσκτησάμενοι</strong></span> <span class='ocrx_word' id='word_1_788' title='bbox 1405 2642 1600 2678; x_wconf 73' lang='grc' dir='ltr'><strong>ἱκανουμένην.</strong></span> <span class='ocrx_word' id='word_1_789' title='bbox 1612 2639 1776 2676; x_wconf 71' lang='grc' dir='ltr'><strong>’Λνήγγιιλε</strong></span> <span class='ocrx_word' id='word_1_790' title='bbox 1786 2639 1842 2674; x_wconf 79' lang='grc' dir='ltr'><strong>γὰρ</strong></span> 
     </span>
    </p>
   </div>
   <div class='ocr_carea' id='block_1_116' title="bbox 1051 2684 1842 2727">
    <p class='ocr_par' dir='ltr' id='par_1_116' title="bbox 1051 2684 1842 2727">
     <span class='ocr_line' id='line_1_118' title="bbox 1051 2684 1842 2727; baseline -0.01 -9"><span class='ocrx_word' id='word_1_791' title='bbox 1051 2691 1117 2727; x_wconf 78' lang='grc' dir='ltr'><strong>ἡμῖν</strong></span> <span class='ocrx_word' id='word_1_792' title='bbox 1131 2690 1176 2718; x_wconf 80' lang='grc' dir='ltr'><strong>τὸν</strong></span> <span class='ocrx_word' id='word_1_793' title='bbox 1193 2689 1275 2717; x_wconf 73' lang='grc' dir='ltr'><strong>αὐτὸν</strong></span> <span class='ocrx_word' id='word_1_794' title='bbox 1289 2689 1429 2725; x_wconf 69' lang='grc' dir='ltr'><strong>διαμένειν</strong></span> <span class='ocrx_word' id='word_1_795' title='bbox 1438 2689 1467 2716; x_wconf 74' lang='grc' dir='ltr'><strong>ὲν</strong></span> <span class='ocrx_word' id='word_1_796' title='bbox 1485 2689 1519 2724; x_wconf 80' lang='grc' dir='ltr'><strong>τῇ</strong></span> <span class='ocrx_word' id='word_1_797' title='bbox 1536 2687 1605 2724; x_wconf 75' lang='grc' dir='ltr'><strong>πρὸς</strong></span> <span class='ocrx_word' id='word_1_798' title='bbox 1623 2687 1698 2722; x_wconf 78' lang='grc' dir='ltr'><strong>ἡμᾶς</strong></span> <span class='ocrx_word' id='word_1_799' title='bbox 1720 2684 1842 2712; x_wconf 67' lang='grc' dir='ltr'><strong>διαθέσει</strong></span> 
     </span>
    </p>
   </div>
   <div class='ocr_carea' id='block_1_117' title="bbox 1050 2730 1841 2773">
    <p class='ocr_par' dir='ltr' id='par_1_117' title="bbox 1050 2730 1841 2773">
     <span class='ocr_line' id='line_1_119' title="bbox 1050 2730 1841 2773; baseline -0.009 -9"><span class='ocrx_word' id='word_1_800' title='bbox 1050 2744 1081 2764; x_wconf 80' lang='grc' dir='ltr'><strong>τι</strong></span> <span class='ocrx_word' id='word_1_801' title='bbox 1095 2736 1143 2764; x_wconf 79' lang='grc' dir='ltr'><strong>καὶ</strong></span> <span class='ocrx_word' id='word_1_802' title='bbox 1157 2735 1252 2773; x_wconf 79' lang='grc' dir='ltr'><strong>ἀγάπῃ</strong></span> <span class='ocrx_word' id='word_1_803' title='bbox 1263 2744 1269 2751; x_wconf 95' lang='grc'><strong>·</strong></span> <span class='ocrx_word' id='word_1_804' title='bbox 1280 2736 1310 2763; x_wconf 82' lang='grc' dir='ltr'><strong>οὐ</strong></span> <span class='ocrx_word' id='word_1_805' title='bbox 1327 2736 1381 2772; x_wconf 81' lang='grc' dir='ltr'><strong>μὴν</strong></span> <span class='ocrx_word' id='word_1_806' title='bbox 1393 2735 1462 2763; x_wconf 78' lang='grc' dir='ltr'><strong>ἀλλὰ</strong></span> <span class='ocrx_word' id='word_1_807' title='bbox 1478 2735 1526 2762; x_wconf 76' lang='grc' dir='ltr'><strong>καὶ</strong></span> <span class='ocrx_word' id='word_1_808' title='bbox 1541 2731 1758 2769; x_wconf 69' lang='grc' dir='ltr'><strong>προστιθέμενον</strong></span> <span class='ocrx_word' id='word_1_809' title='bbox 1771 2730 1841 2766; x_wconf 75' lang='grc' dir='ltr'><strong>μᾶλ-</strong></span> 
     </span>
    </p>
   </div>
   <div class='ocr_carea' id='block_1_118' title="bbox 1050 2775 1840 2818">
    <p class='ocr_par' dir='ltr' id='par_1_118' title="bbox 1050 2775 1840 2818">
     <span class='ocr_line' id='line_1_120' title="bbox 1050 2775 1840 2818; baseline -0.008 -10"><span class='ocrx_word' id='word_1_810' title='bbox 1050 2780 1097 2809; x_wconf 84' lang='grc' dir='ltr'><strong>λον</strong></span> <span class='ocrx_word' id='word_1_811' title='bbox 1111 2781 1281 2818; x_wconf 80' lang='grc' dir='ltr'><strong>ἀγαθότητος</strong></span> <span class='ocrx_word' id='word_1_812' title='bbox 1295 2780 1430 2813; x_wconf 82' lang='grc' dir='ltr'><strong>ποικίλοις</strong></span> <span class='ocrx_word' id='word_1_813' title='bbox 1443 2779 1565 2816; x_wconf 81' lang='grc' dir='ltr'><strong>τρόποις.</strong></span> <span class='ocrx_word' id='word_1_814' title='bbox 1578 2778 1635 2814; x_wconf 81' lang='grc' dir='ltr'><strong>Τὴν</strong></span> <span class='ocrx_word' id='word_1_815' title='bbox 1651 2777 1680 2805; x_wconf 74' lang='grc' dir='ltr'><strong>δὲ</strong></span> <span class='ocrx_word' id='word_1_816' title='bbox 1697 2775 1747 2804; x_wconf 77' lang='grc' dir='ltr'><strong>τοῦ</strong></span> <span class='ocrx_word' id='word_1_817' title='bbox 1757 2775 1840 2812; x_wconf 71' lang='grc' dir='ltr'><strong>ζήλου</strong></span> 
     </span>
    </p>
   </div>
  </div>
