1926 3078
88 144 157 179 1029

698 147 970 178 EPISTOLARUM
989 148 1064 180 LIB.
1081 148 1108 180 Ῑ.

1642 146 1712 178 1030

84 203 135 238 τῆς
149 202 290 236 εὐσεϐείας
309 203 504 237 διανάστασιν,
534 202 584 240 ὅση
599 203 658 231 toti.
675 205 710 240 τῇ
735 203 803 239 ἁγίᾳ
827 212 871 230 σου

928 197 1029 237 iecisse
1049 203 1132 232 variis
1163 203 1261 231 modis.
1285 203 1342 231 Zeli
1360 210 1425 231 vero
1435 210 1517 238 quem
1547 210 1597 238 pro
1611 204 1712 238 pietate

84 248 168 284 ψυχῇ,
178 248 393 284 ἐξηγησάμενος,
405 249 508 284 ἤχησεν
519 249 598 284 ἡμῶν
609 250 753 286 ἀμφότερα
760 251 795 277 τὰ
803 247 872 277 ὦτα.

84 293 142 321 Καὶ
152 293 298 329 εὐλογητὸς
318 293 422 330 Κύριος
437 294 492 322 τῶν
509 294 662 330 δυνάμεων,
676 295 691 322 ό
710 296 825 331 θέμενός
843 305 873 323 σε

84 339 115 366 ιν
137 341 171 375 τῇ
186 339 326 375 πρωτίστη
351 339 407 366 τῶν
423 340 538 374 πόλεων,
568 340 702 376 φωστῆρα
718 341 872 377 θεολαμπῆ,

83 384 165 419 λόγον
178 384 253 420 ζωῆς
278 385 411 420 ἐπέχοντα
425 386 599 422 ἀμφιλαφείᾳ
611 386 664 413 τῶν
676 387 789 421 ἀγαθῶν
801 388 872 423 πρά-

85 429 155 462 ξεων
182 430 197 456 ό
209 429 271 462 δούς
283 439 324 457 σοι
336 431 463 464 γλῶσσαν
473 431 756 467 δλευθεροστομοῦσαν
767 433 801 460 τὰ
814 433 874 461 θεία

85 474 138 509 τῆς
151 475 306 510 όρθοδοείας
313 476 464 510 διδάγματα
480 477 550 512 μετά
568 477 669 513 ὑψηλοῦ
684 478 872 514 κηρύγματος.

87 519 137 547 Ἐν
148 517 171 554 ᾧ
186 520 233 548 καὶ
253 521 467 557 παρακαλῶμεν
482 522 590 558 βοηθεῖν
603 524 636 559 τῇ
651 523 713 550 καθ’
729 525 874 560 ήμᾶςἘκο

87 564 198 599 χλησίᾳ,
209 566 243 600 τῇ
259 573 289 591 τε
305 565 393 601 οίκιίᾳ
406 566 597 602 κραταιότητι,
613 568 661 595 καὶ
677 569 711 604 τῇ
734 570 804 604 πρὸς
827 570 873 597 τὸν

85 609 240 644 ἁγιώτατον
251 611 429 638 ἀποστολικδν
448 613 584 647 μεσιτείᾳ.
611 613 646 640 Ἦ
665 614 720 650 γὰρ
733 615 812 650 ὑμῶν
824 616 873 643 ἀν-

85 654 167 690 δρικὴ
179 655 250 691 ὑπὲρ
267 655 315 683 τοῦ
330 656 411 690 λόγου
424 657 475 692 τῆς
499 657 631 693 ἀληθείας
657 659 799 696 ἐκδίκησις
822 661 874 697 τῆς

88 699 136 727 ὑπ’
153 701 266 736 οὐρανὸν
277 701 327 736 τῆς
338 702 503 737 Ἐκκλησίας
517 704 636 741 ὑπάρχει
652 706 799 741 στιρέωσις
809 714 817 722 ·
826 708 874 734 καὶ

86 746 103 772 ὁ
115 745 164 780 ἀφ’
181 746 255 782 δμῶν
272 746 370 782 ζῆλος,
396 747 527 776 ἀνάπτειν
555 750 680 785 πέφυκεν
700 752 743 779 ἀεὶ
765 752 874 781 ἃπασαν

85 791 138 827 τὴν
151 792 314 828 οἰκουμένην
325 794 365 825 είς
383 794 432 829 τὴν
441 794 573 831 διάτωρον
597 797 628 824 ὲν
643 797 783 833 Πνεύματι
803 799 874 835 ἁγίῳ

85 836 139 872 τῆς
154 836 272 869 πίστεως
284 838 363 873 ἡμῶν
378 839 534 874 ὁμολογίαν.
545 841 627 869 Ὥστε
646 842 781 875 unum
795 852 842 871 σου
856 844 873 880 ἡ

86 881 238 916 θεοσισιια,
251 882 314 914 ὅσος
327 883 342 910 ὀ
354 883 432 918 λόγος
446 885 511 921 ὑμῖν
523 886 570 913 τοῦ
590 887 640 922 τῆς
653 888 796 921 εὐσεϐείας
805 890 875 925 κρά-

89 934 166 958 τους·
189 928 238 954 καὶ
261 928 360 959 ὁπόσος
385 930 399 955 ό
423 930 534 963 ἔπαινος
555 932 610 959 ἀπὸ
633 932 702 960 Θιοῦ
723 934 793 969 μετά
818 934 874 962 τῶν

85 971 171 1005 ἀξίων
185 973 307 1007 ἀμοιεῶν
323 975 352 1001 ὲν
361 976 394 1010 τῇ
408 975 512 1012 ταῦτης
528 978 636 1014 φυλακῇ
650 979 697 1006 καὶ
710 979 872 1017 ἀναρρήσει-

86 1017 122 1052 ἢν
138 1016 186 1044 καὶ
196 1017 355 1052 φυλάττοιτε
367 1019 413 1045 καὶ
426 1019 575 1056 κηρύσσειν
587 1022 619 1049 οὐ
628 1022 749 1059 λῆγοιτε,
761 1025 787 1052 οι
801 1025 872 1052 θειό-

85 1069 165 1088 τατοι
180 1062 228 1089 καὶ
235 1063 395 1098 ἁξιάγαστοι
410 1065 489 1100 ἡμῶν
500 1066 632 1103 Πατέρες.

123 1104 162 1135 υῦ
173 1108 201 1135 δὲ
217 1109 298 1145 χάριν
312 1111 516 1148 ἀπεστείλαμεν
534 1114 616 1142 πάλιν
631 1115 677 1142 τὸν
699 1115 813 1151 ἀδελφὸν
827 1117 874 1144 καὶ

84 1155 279 1191 προσκυνητὴν
305 1156 360 1183 τῶν
386 1157 466 1193 ἰχνῶν
500 1167 548 1186 σου
567 1160 735 1196 Ἐπιφάνιον,
764 1162 798 1189 ἶν’
814 1163 875 1190 ἀντ-

84 1200 235 1236 αναγγείλῃ
251 1202 265 1229 ὀ
276 1203 358 1236 αὐτὸς
385 1204 421 1232 τὰ
445 1205 507 1232 καθ’
524 1206 613 1241 ἡμᾶς·
635 1208 673 1239 ὡς
691 1208 784 1242 εὐχαῖς
798 1208 875 1243 ὑμῶν

85 1244 180 1278 ἁγίαις
199 1243 228 1273 εὖ
256 1246 331 1282 ἔχει·
349 1250 520 1286 χαιρομένων
540 1251 620 1286 ήμῶν
634 1252 688 1278 τῶν
706 1253 875 1288 ἁμαρτωλῶν

84 1290 135 1317 καὶ
150 1290 342 1327 θυμηδιώντων
356 1295 386 1321 ἐν
397 1295 436 1330 τῷ
453 1295 575 1332 διωγμῷ,
589 1297 636 1324 καὶ
648 1299 708 1330 ταῖς
722 1297 856 1332 φυλακαῖς
865 1306 872 1315 ·

83 1335 240 1373 ὦςτολμᾷν
267 1338 371 1373 λέγειν·
402 1340 484 1376 Ἡμῖν
511 1342 645 1378 ἐχαρίσθη
671 1343 701 1370 οὐ
731 1344 813 1379 μόνον
834 1345 874 1376 είς

85 1380 204 1415 Χριστὸν
219 1384 366 1417 πιστεύειν,
382 1386 449 1414 ἀλλὰ
464 1388 511 1414 καὶ
523 1388 553 1415 τὸ
566 1388 635 1424 ὑπὲρ
648 1389 732 1416 αὐτοῦ
747 1391 873 1425 πάσχειν·

89 1426 135 1453 ἴνα
149 1428 189 1459 είς
202 1429 398 1466 ὲκτενεστέραν
421 1432 494 1468 ὑμᾶς
509 1435 665 1470 προσευχὴν
679 1437 855 1472 παρακινήσῃ
865 1444 872 1452 ³

84 1472 159 1508 ὑπὲρ
172 1481 202 1500 τε
214 1475 230 1510 ἡ
235 1475 294 1510 μῶν
302 1476 357 1503 τῶν
368 1477 491 1506 ἀσθενῶν
503 1479 656 1516 εὐανδρίας,
672 1481 720 1508 καὶ
734 1482 782 1508 τοῦ
795 1483 872 1518 κοινῇ

889 868 910 896 Β

924 250 1006 285 geris,
1026 254 1126 285 quanta
1146 249 1187 276 vis
1206 253 1233 277 et
1245 249 1395 276 constantia
1410 253 1510 276 sanctae
1536 247 1634 275 animae
1657 252 1712 274 tua:

924 295 970 329 sit,
985 302 1211 326 commemorans,
1223 294 1317 321 ambas
1334 293 1412 321 nobis
1435 301 1516 320 aures
1533 293 1662 328 implevit.
1678 293 1712 320 Et

924 340 1083 368 benedictus
1103 339 1138 367 sit
1149 339 1279 367 Dominus
1306 338 1446 371 virtutum,
1461 339 1506 373 qui
1532 342 1558 366 te
1572 339 1600 365 in
1623 338 1711 373 prima

924 385 1045 413 omnium
1060 385 1169 413 civitate
1181 384 1324 413 collocavit
1347 384 1439 412 lumen
1468 382 1599 411 divinitus
1613 391 1712 411 accen-

924 439 997 464 sum,
1017 431 1130 459 verbum
1153 431 1214 459 vitzc
1231 430 1414 466 proferentem
1441 429 1576 457 bonorum
1597 436 1710 464 operum

924 477 1111 511 abundantia;
1136 477 1182 512 qui
1216 477 1333 512 linguam
1359 475 1408 503 tibi
1436 475 1511 503 dedit
1533 475 1624 502 divina
1647 474 1710 502 ﬁdei

924 523 1081 551 orthodoxa:
1103 523 1266 550 documenta
1290 521 1374 549 libere
1390 521 1519 556 celsoque
1543 520 1635 548 animo
1655 521 1712 547 elov

924 573 1063 602 quentem.
1076 567 1107 595 In
1118 575 1173 603 quo
1187 572 1214 595 et
1229 571 1255 594 te
1272 567 1450 598 obtestamur.
1460 573 1541 602 opem
1565 565 1636 594 terre
1657 565 1710 591 Ec-

924 614 1016 642 clesiae
1046 619 1158 645 nostra,
1188 617 1246 640 tum
1276 616 1369 647 tuopte
1408 612 1517 644 robore,
1551 616 1608 638 tum
1635 610 1708 645 apud

924 659 1124 687 sanctissimum
1160 657 1337 693 apostolicum
1372 656 1575 684 intercedendo.
1599 654 1708 682 Etenim

924 703 1009 732 virilis
1017 708 1106 730 vestra
1123 710 1171 738 pro
1184 702 1298 729 veritate
1314 701 1492 733 concertatio,
1504 700 1637 728 universae
1647 707 1710 735 qua

924 750 975 778 sub
1003 750 1072 777 cmlo
1101 753 1144 776 est
1168 747 1294 776 Ecclesia:
1318 747 1518 775 ﬁrmamentum
1537 751 1598 774 est:
1615 751 1642 774 et
1663 746 1710 782 qui

924 802 939 822 a
953 795 1029 823 vobis
1043 795 1130 822 oritur
1144 794 1229 826 zelus,
1244 801 1352 828 semper
1364 797 1449 820 totum
1475 793 1569 820 orbem
1583 793 1651 819 solet
1676 792 1712 820 ad

924 841 1073 868 ferventem
1089 841 1116 868 in
1134 839 1243 875 Spiritu
1257 843 1353 866 sancto
1368 838 1429 866 ﬁdei
1449 843 1550 867 nostra:
1561 837 1712 866 confessio-

924 894 986 913 nem
999 886 1158 913 accendere.
1173 885 1262 918 Quare
1277 884 1402 919 conjiciat
1414 884 1508 919 religio
1530 889 1585 916 tua,
1610 887 1711 919 quanta

924 931 1001 960 vobis
1021 939 1100 959 causa
1115 931 1179 959 ﬁdei
1193 931 1312 964 tuendae,
1327 935 1355 958 et
1367 934 1468 965 quanta
1479 930 1538 957 laus
1552 937 1566 957 α
1582 931 1636 957 Deo
1648 937 1710 957 cum

924 977 1022 1005 debitis
1043 977 1162 1012 praemiis
1182 984 1231 1004 vos
1242 978 1350 1004 maneat
1376 976 1447 1003 illam
1475 975 1661 1003 conservando
1681 978 1710 1002 ct

923 1023 1086 1059 profitendo,
1102 1030 1182 1058 quam
1194 1029 1303 1057 semper
1315 1021 1492 1054 eonservetis,
1505 1025 1532 1048 et
1547 1020 1710 1048 annuntiare

923 1077 978 1097 non
990 1069 1113 1101 cessetis,
1126 1068 1287 1096 divinissimi
1301 1071 1329 1095 et
1342 1067 1493 1095 admirandi
1505 1066 1598 1094 Patres
1611 1066 1709 1094 nostri.

976 1113 1125 1150 Propterea
1149 1119 1240 1142 autem
1275 1113 1402 1142 misimus
1428 1113 1526 1140 iterum
1548 1112 1656 1140 fratrem
1681 1116 1710 1139 et

925 1160 1097 1196 vestigiorum
1120 1165 1228 1187 tuorum
1252 1164 1437 1187 veneratorem
1464 1158 1656 1194 Epiphanium,
1679 1162 1710 1185 It

924 1206 1063 1234 renuntiet
1085 1206 1142 1240 ipse
1167 1205 1202 1233 de
1227 1205 1310 1232 rebus
1342 1204 1455 1235 nostris.
1482 1202 1709 1238 quemadmodum

924 1252 1027 1280 sanctis
1053 1251 1182 1286 precibus
1214 1251 1312 1278 vestris
1345 1255 1419 1278 recte
1449 1249 1566 1277 habeant
1593 1248 1708 1276 omnia‘:

924 1298 1104 1334 gaudentibus
1117 1297 1197 1324 nobis
1206 1296 1405 1332 peccatoribus,
1426 1299 1454 1323 et.
1468 1294 1668 1323 exsultantibus
1679 1294 1707 1321 in

923 1343 1112 1378 persecutione
1126 1347 1152 1370 et
1169 1343 1197 1370 in
1212 1341 1380 1374 carceribus,
1397 1341 1433 1368 ita
1446 1345 1477 1368 ut
1493 1341 1584 1369 dicere
1607 1340 1708 1368 audea-

924 1396 1006 1415 mus:
1031 1387 1115 1415 Nobis
1134 1388 1227 1415 datum
1255 1391 1298 1415 est
1336 1394 1391 1414 non
1407 1386 1494 1414 solmn
1531 1386 1645 1414 credere
1679 1385 1708 1412 in

924 1434 1073 1468 Christum,
1084 1442 1179 1462 verum
1202 1434 1284 1462 etiam
1305 1441 1356 1468 pro
1370 1433 1430 1468 ipso
1444 1433 1498 1468 pati
1511 1432 1548 1459 ":
1565 1436 1595 1458 ut
1610 1431 1709 1458 excitet

924 1489 973 1509 vos
986 1482 1019 1509 ad
1032 1482 1139 1509 enixius
1151 1481 1296 1513 orandum,
1309 1486 1337 1508 ct
1361 1488 1412 1516 pro
1435 1479 1628 1508 imbecillitatis
1655 1487 1708 1507 no-

84 1519 283 1554 συμφέροντος,
303 1522 375 1559 ὑπὲρ
392 1521 423 1551 οὗ
436 1525 451 1552 ὁ
464 1525 544 1561 λόγος
558 1527 634 1562 ἡμῖν,
652 1527 700 1554 καὶ
715 1529 784 1564 πρὸς
797 1529 870 1564 ὑμᾶς

924 1530 987 1554 stne
1020 1526 1191 1558 fortitudine,
1211 1530 1239 1553 et
1274 1532 1324 1560 pro
1349 1524 1487 1552 communi
1507 1524 1633 1556 utilitate,
1658 1531 1709 1559 pro

82 1564 150 1596 τοὺς
164 1565 333 1599 ἀγιωτάτους
344 1568 437 1603 δέησις
453 1571 513 1606 τρὶς
525 1571 588 1607 ἄρτι
607 1572 751 1608 γινομένη·
768 1573 817 1609 οὐχ
827 1574 871 1601 ἵνα

83 1610 235 1645 ἀφεθῶμεν
251 1612 301 1647 τῆς
314 1613 437 1650 φυλακῆς
447 1624 454 1631 ·
468 1616 510 1643 ὅτι
530 1616 598 1652 μηδὲ
611 1617 774 1653 λογιζόμεθα
787 1619 871 1655 αὐτὴν

83 1655 209 1689 ἀδοξίαν
224 1656 293 1685 ἀλλὰ
305 1659 434 1694 μέγιστον
448 1661 496 1688 καὶ
510 1661 581 1697 ὑπὲρ
593 1663 645 1698 τὴν
657 1664 794 1700 ἡμετέραν
809 1665 870 1692 ἀνα-

83 1701 198 1737 ξιότητα
213 1703 305 1736 κλέος·
319 1705 377 1732 ἀλλ’
393 1705 468 1739 ὅπως
492 1705 548 1740 ἔξει
563 1708 594 1735 τὸ
606 1709 747 1744 ὲπωφελὲς
779 1711 809 1738 ἐν
831 1712 872 1747 τῷ

83 1747 179 1782 κοινῷ,
194 1749 246 1776 κάν
256 1750 312 1776 τῶν
321 1751 443 1786 ἐσχάτων
463 1753 558 1788 ἐσμέν.
579 1755 720 1790 Πανταχοῦ
737 1756 800 1792 γὰρ,
822 1766 871 1792 φη.

85 1791 130 1818 civ
142 1792 157 1818 ό
169 1792 308 1828 Θεολόγος.
319 1794 350 1821 τδ
363 1795 424 1821 καθ’
439 1796 554 1828 ἑαυτοὺς
576 1798 746 1833 ⁴ιιιαρορατέον
760 1791 871 1835 tepent

83 1837 142 1863 τῶν
159 1837 266 1865 πολλῶν
292 1840 442 1875 συμφέρον.
468 1841 613 1877 Συμφέρον
636 1842 659 1868 δ’
674 1843 707 1870 ἂν
728 1844 782 1880 εἴη,
803 1845 842 1877 ὡς
856 1846 871 1872 ό

82 1882 220 1918 ἡμέτερος
235 1885 334 1916 σκοπὸς
343 1885 391 1912 καὶ
402 1885 496 1918 πόθος,
513 1887 710 1924 ὲπιτιμηθῆναι
723 1891 870 1923 συνοδικῶς

82 1929 130 1956 διὰ
144 1929 191 1956 τοῦ
205 1931 417 1965 κορυφαιοτάτου
432 1933 624 1968 ἁποατολικοῢ,
641 1935 738 1971 ὥσπερ
755 1937 802 1963 ἐπὶ
815 1937 871 1964 τῶν

83 1975 191 2002 ἄνωθεν
205 1977 252 2003 καὶ
262 1977 292 2009 ἐξ
307 1978 404 2014 ἀρχῆς,
417 1980 480 2011 τοὺς
490 1981 721 2016 συνεδρεύσαντας
738 1983 808 2010 κατά
822 1983 869 2010 τοῦ

83 2019 257 2054 Εὐαγγελίου
271 2021 319 2048 τοῦ
331 2023 461 2057 Χριστοῦ,
479 2024 526 2051 καὶ
542 2024 794 2061 ἀναθεματίσαντας
806 2027 871 2060 τοὺς

83 2065 283 2101 ἀντεχομένους
293 2067 393 2095 αὑτοῦ·
412 2069 458 2096 καὶ
475 2069 514 2105 μὴ
528 2070 578 2106 τὴν
594 2071 730 2106 μοιχείαν,
749 2072 796 2099 καὶ
813 2080 871 2108 μοι·

83 2109 239 2145 χοζιυξίαν,
256 2112 304 2154 κα)
321 2114 573 2150 μοιχοσυνδρομίαν,
583 2115 747 2151 δεξαμένους
773 2117 811 2148 ὼς
835 2118 870 2144 ol-

82 2156 217 2192 κονομίαν
236 2157 292 2185 τῶν
317 2159 415 2194 ἁγίων,
431 2160 503 2188 καθά
516 2162 540 2188 οἱ
556 2162 714 2197 Μοιχειανοὶ
730 2162 869 2199 ἐδογμάτι-

923 1580 976 1607 qua
999 1572 1079 1599 nobis
1099 1579 1189 1599 sermo
1204 1575 1246 1598 est
1262 1575 1308 1604 ;et
1328 1571 1362 1598 ad
1382 1577 1431 1598 vos
1443 1569 1628 1598 sanctissimos
1652 1574 1708 1597 ter-

924 1618 960 1645 tia
987 1617 1043 1653 jam
1067 1617 1182 1652 repetita
1209 1615 1389 1651 deprecatio:
1409 1623 1464 1642 non
1486 1618 1515 1642 ut
1545 1622 1560 1642 e
1586 1615 1709 1642 custodia

922 1663 1088 1696 liberemur;
1102 1662 1164 1698 quia
1181 1662 1250 1689 hanc
1263 1669 1317 1688 non
1337 1661 1462 1689 ducimus
1485 1659 1634 1692 infamiam,
1661 1659 1709 1687 sed

922 1708 1067 1736 maximam
1087 1711 1117 1735 ut
1132 1715 1214 1742 supra
1238 1706 1334 1734 merita
1353 1710 1446 1734 nostra
1463 1705 1575 1741 gloriam
1589 1713 1597 1739 ;
1612 1712 1708 1732 verum

922 1758 953 1782 ut
962 1753 1094 1782 redundet
1104 1753 1205 1780 utilitas
1214 1752 1242 1780 in
1253 1759 1408 1784 commune,
1434 1751 1542 1779 tametsi
1565 1758 1597 1779 ex
1609 1750 1709 1778 infimis

921 1801 1016 1828 simus.
1050 1800 1164 1835 Semper
1191 1799 1275 1832 enim,
1303 1799 1341 1826 ait
1372 1797 1542 1833 Theologus,
1574 1797 1708 1832 privatum

921 1846 1094 1874 commodum
1118 1845 1302 1880 spernendum
1318 1851 1374 1879 prta
1403 1843 1521 1870 utilitate
1548 1842 1707 1870 multorum.

920 1892 992 1921 Utile
1007 1896 1098 1920 autem
1114 1892 1216 1925 fuerit,
1232 1891 1305 1926 quod
1322 1898 1407 1918 unum
1426 1894 1469 1918 est
1494 1889 1637 1918 consilium
1659 1897 1710 1916 no-

920 1943 1007 1966 strum
1030 1943 1059 1966 et
1093 1937 1267 1970 desiderium,
1301 1937 1429 1972 synodice
1463 1944 1513 1971 per
1550 1943 1708 1970 supremum

920 1984 1097 2019 apostolicum
1111 2004 1118 2017 ,
1146 1984 1217 2010 sicut
1243 1983 1277 2010 ab
1300 1982 1378 2010 initio
1409 1989 1518 2017 semper
1535 1981 1635 2009 factum
1655 1985 1707 2012 est,

920 2029 1043 2057 damnari
1053 2036 1100 2057 eos
1114 2029 1160 2063 qui
1173 2033 1268 2056 contra
1289 2026 1464 2062 Evangelium
1479 2026 1581 2054 Christi
1607 2031 1708 2054 coetum

920 2072 1051 2106 inierunt,
1067 2077 1095 2100 et
1106 2073 1282 2100 anathemate
1307 2071 1470 2099 defensores
1486 2070 1561 2098 illius
1585 2070 1709 2105 appetie-

920 2123 1003 2153 runt;
1035 2119 1108 2154 quod
1142 2118 1323 2150 adulterium,
1360 2120 1388 2145 et
1401 2116 1517 2144 adulteri
1538 2115 1705 2151 coniugium,

920 2169 948 2193 et
964 2164 1088 2193 adulterii
1104 2163 1283 2199 patrocinium
1315 2170 1371 2191 non
1397 2162 1550 2198 receperint
1577 2166 1706 2197 tanquam

84 2209 147 2234 σαν,
162 2202 381 2236 ἀποκαλέσαντες
402 2205 431 2232 ὲν
446 2205 533 2241 τούτῳ
548 2208 612 2239 τοὺς
638 2207 733 2242 ἁγίους
751 2209 869 2244 παρανό-

923 2210 1150 2246 dispensationem
1169 2213 1325 2238 sanctorum
1339 2216 1347 2236 :
1366 2208 1437 2236 sicut
1449 2207 1592 2236 Mcechiaui
1604 2212 1706 2235 statue-

85 2257 155 2284 μους
163 2257 170 2263 ·

82 2293 178 2321 ιθετο’
193 2295 242 2330 οὐχ
250 2295 291 2322 ὅτι
301 2296 349 2323 καὶ
364 2297 548 2332 μοιχωμένους
561 2298 745 2334 ἐστεφάνωσε,
758 2300 805 2326 καὶ
821 2300 871 2327 δὼ-

87 2349 142 2375 ρων
158 2340 213 2367 τῶν
229 2341 309 2368 θείων
321 2343 510 2377 μεταδέδωκεν
520 2352 527 2359 ”
538 2345 618 2371 ὁπότε
636 2345 696 2372 οὐδὲ
710 2345 812 2381 στέγης
823 2348 871 2374 καὶ

83 2386 172 2422 πυρὸς
189 2387 358 2421 μεταδιδόναι
377 2388 480 2421 αὐτοῖς,
497 2389 548 2416 κᾶν
563 2389 681 2425 βασιλεῖς
691 2388 755 2423 uisu,
774 2391 869 2428 διηγο-

84 2432 212 2467 ρεύιιασι.
226 2432 279 2459 Kal
290 2433 331 2460 ὃτι
350 2434 398 2461 καὶ
411 2434 477 2461 αὐτὸ
495 2434 526 2462 τὸ
541 2435 619 2463 Θεῖον
633 2436 781 2472 ιξύϐρισαν
806 2439 868 2470 ταῖς

83 2478 262 2511 στεφανικαϊς
279 2478 494 2513 μυσταγωγίαις,
519 2480 711 2515 ἀνενεγκόντες
727 2481 759 2509 τὸ
772 2483 869 2510 ἀνάθε-

83 2529 121 2554 μα
133 2521 179 2547 ἐπ’
194 2521 272 2553 αὐτὸ,
288 2521 333 2549 διὰ
349 2523 399 2557 τῆς
413 2523 468 2550 τῶν
495 2524 682 2560 ἀπεχομένων
707 2526 754 2554 τοῦ
779 2527 864 2563 νόμου

81 2565 167 2592 αὑτοῦ
183 2566 415 2602 ἀναθεματίσεως.
432 2569 463 2596 El
477 2569 505 2596 δὲ
520 2570 598 2597 τοῦτο
610 2569 641 2598 οὓ
651 2591 659 2604 ,
676 2572 758 2607 ἡμετς
774 2572 804 2600 τὸ
812 2572 868 2600 λοι-

83 2611 134 2637 πον
147 2611 285 2646 εὐχόμεθα
299 2612 376 2647 ὑμῶν
396 2613 450 2640 τῶν
464 2615 623 2651 προσευχῶν
638 2616 670 2642 τὸ
680 2616 785 2650 σθένος,
812 2618 868 2645 τῶν

83 2654 133 2690 τῆς
148 2655 260 2691 ἀγάπης
277 2655 385 2692 θεσμῶν
405 2657 435 2684 τὸ
451 2657 546 2694 κῦρος,
567 2659 623 2687 τῶν
636 2661 813 2697 ἀντιγράφων
839 2663 869 2690 τὺ

55 2718 59 2723 .
82 2701 201 2735 κράτος·
232 2701 247 2728 ὃ
263 2702 373 2734 πάντως
390 2704 611 2742 παρακληθείητε
632 2707 756 2742 ποιῆσαι,
776 2716 867 2744 παρα-

86 2745 253 2781 μυθούμενοι
276 2748 340 2780 τοὺς
362 2748 539 2784 ὀλιγοψύχους
577 2752 624 2778 καὶ
652 2753 868 2789 ἑπιρῤωννύντις

122 2847 142 2862 ²¹
157 2846 255 2881 Philip.
267 2855 285 2880 ι,
299 2847 343 2874 29.

198 2249 240 2276 ὅτι
264 2250 359 2285 μηδεὶς
385 2251 462 2286 ἅγιος
485 2252 535 2287 τὴν
560 2253 659 2288 μερίδα
677 2253 747 2288 μετὰ
771 2254 868 2290 μοιχοῦ

923 2262 1005 2291 runt;
1028 2261 1185 2285 sanctorum
1211 2257 1240 2283 in
1256 2256 1302 2283 illo
1330 2263 1430 2284 nomen
1453 2256 1550 2283 dantes
1572 2255 1707 2290 iniustis;

922 2302 1050 2338 quoniam
1062 2307 1218 2330 sanctorum
1228 2302 1321 2330 nullus
1332 2306 1435 2337 partem
1449 2301 1541 2336 posuit
1555 2308 1616 2328 cum
1629 2301 1708 2328 adul-

923 2351 1001 2375 tero:
1018 2347 1118 2375 nedum
1138 2351 1165 2374 et
1181 2347 1321 2374 adulteros
1335 2345 1487 2377 coronavit,
1502 2350 1530 2373 et
1558 2345 1649 2372 divina
1667 2345 1708 2373 eis

922 2394 994 2422 dona
1018 2392 1150 2426 tradidit;
1165 2392 1275 2428 quando
1302 2399 1354 2419 nec
1368 2395 1441 2420 tecto
1471 2396 1519 2419 aut
1530 2391 1595 2427 igni,
1610 2399 1706 2426 quam-

921 2439 963 2467 vis
975 2446 1051 2474 reges
1075 2443 1176 2470 essent,
1205 2437 1401 2473 impertiendos
1431 2438 1594 2468 docuerunt,
1636 2437 1706 2470 Quid

919 2489 1008 2512 autem
1024 2483 1095 2519 quod
1133 2483 1216 2510 Deum
1244 2483 1332 2518 ipsum
1359 2482 1523 2511 contumelia
1554 2482 1708 2510 aﬂ'ccerunt

918 2530 1069 2558 coronariis
1085 2529 1139 2557 illis
1153 2529 1299 2565 mysteriis,
1317 2533 1346 2557 et
1355 2529 1499 2556 anathema
1512 2528 1538 2556 in
1555 2536 1617 2556 eum
1629 2528 1706 2555 dixe-

918 2579 993 2608 runt,
1018 2582 1066 2602 eos
1088 2574 1135 2610 qui
1162 2574 1250 2610 legem
1265 2574 1325 2609 ejus
1351 2573 1576 2609 propugnabant,
1592 2572 1707 2600 anathe-

918 2620 1080 2647 matizantes
1094 2620 1106 2646 ?
1122 2619 1200 2653 Quod
1221 2620 1245 2647 si
1266 2620 1322 2648 hazc
1346 2627 1400 2647 non
1419 2619 1494 2651 ﬁant,
1526 2619 1645 2654 petimus
1672 2619 1706 2646 de

919 2669 1020 2694 caetero
1028 2672 1138 2701 precum
1154 2672 1307 2694 vestrarum
1327 2665 1430 2698 robur,
1445 2664 1585 2693 charitatis
1604 2664 1705 2691 vinculi

921 2710 1165 2746 conﬁrmationem,
1182 2712 1374 2748 rescriptorum
1407 2711 1595 2739 auctoritatem
1609 2719 1617 2738 :
1631 2709 1705 2745 quod

922 2756 1034 2783 omnino
1056 2760 1185 2791 praestare
1200 2756 1359 2793 dignemini,
1375 2754 1542 2785 consolando
1563 2753 1706 2791 pusillani-
