  <div class='ocr_page' id='page_1' title='image "/cluster/home/n/w/nwhite01/storage/ocr_20150623/99/njp.32101010943858/546.png"; bbox 0 0 1926 3078; ppageno 0'>
   <div class='ocr_carea' id='block_1_1' title="bbox 86 184 155 216">
    <p class='ocr_par' dir='ltr' id='par_1_1' title="bbox 86 184 155 216">
     <span class='ocr_line' id='line_1_1' title="bbox 86 184 155 216; baseline 0.014 -1"><span class='ocrx_word' id='word_1_1' title='bbox 86 184 155 216; x_wconf 82' lang='lat'><strong>1033</strong></span> 
     </span>
    </p>
   </div>
   <div class='ocr_carea' id='block_1_2' title="bbox 696 185 1099 216">
    <p class='ocr_par' dir='ltr' id='par_1_2' title="bbox 696 185 1099 216">
     <span class='ocr_line' id='line_1_2' title="bbox 696 185 1099 216; baseline -0.005 0"><span class='ocrx_word' id='word_1_2' title='bbox 696 185 967 216; x_wconf 76' lang='lat' dir='ltr'><strong>EPISTOLARUM</strong></span> <span class='ocrx_word' id='word_1_3' title='bbox 981 185 1054 215; x_wconf 90' lang='lat' dir='ltr'><strong>LIB.</strong></span> <span class='ocrx_word' id='word_1_4' title='bbox 1074 185 1099 215; x_wconf 94' lang='grc' dir='ltr'><strong>Ι.</strong></span> 
     </span>
    </p>
   </div>
   <div class='ocr_carea' id='block_1_3' title="bbox 1641 182 1710 216">
    <p class='ocr_par' dir='ltr' id='par_1_3' title="bbox 1641 182 1710 216">
     <span class='ocr_line' id='line_1_3' title="bbox 1641 182 1710 216; baseline -0.014 -1"><span class='ocrx_word' id='word_1_5' title='bbox 1641 182 1710 216; x_wconf 63' lang='grc'><strong>1034</strong></span> 
     </span>
    </p>
   </div>
   <div class='ocr_carea' id='block_1_4' title="bbox 82 239 866 276">
    <p class='ocr_par' dir='ltr' id='par_1_4' title="bbox 82 239 866 276">
     <span class='ocr_line' id='line_1_4' title="bbox 82 239 866 276; baseline 0.004 -11"><span class='ocrx_word' id='word_1_6' title='bbox 82 240 165 274; x_wconf 80' lang='grc' dir='ltr'>φάναι</span> <span class='ocrx_word' id='word_1_7' title='bbox 177 240 201 265; x_wconf 78' lang='lat' dir='ltr'><strong>oi</strong></span> <span class='ocrx_word' id='word_1_8' title='bbox 214 239 390 275; x_wconf 77' lang='grc' dir='ltr'>Μοιχειανοί’</span> <span class='ocrx_word' id='word_1_9' title='bbox 408 241 454 275; x_wconf 90' lang='grc' dir='ltr'><strong>Μὴ</strong></span> <span class='ocrx_word' id='word_1_10' title='bbox 475 240 535 276; x_wconf 73' lang='grc' dir='ltr'>οὐχὶ.</span> <span class='ocrx_word' id='word_1_11' title='bbox 554 241 568 266; x_wconf 82' lang='grc' dir='ltr'><strong>ὃ</strong></span> <span class='ocrx_word' id='word_1_12' title='bbox 584 242 681 276; x_wconf 76' lang='grc' dir='ltr'>ἀνομεῐ</span> <span class='ocrx_word' id='word_1_13' title='bbox 699 243 713 268; x_wconf 81' lang='grc' dir='ltr'>ὁ</span> <span class='ocrx_word' id='word_1_14' title='bbox 732 241 866 276; x_wconf 76' lang='grc' dir='ltr'>βασιλεὺς,</span> 
     </span>
    </p>
   </div>
   <div class='ocr_carea' id='block_1_5' title="bbox 918 239 1710 276">
    <p class='ocr_par' dir='ltr' id='par_1_5' title="bbox 923 239 1710 275">
     <span class='ocr_line' id='line_1_5' title="bbox 923 239 1710 275; baseline -0.001 -9"><span class='ocrx_word' id='word_1_15' title='bbox 923 240 978 268; x_wconf 81' lang='lat' dir='ltr'><strong>ient</strong></span> <span class='ocrx_word' id='word_1_16' title='bbox 993 249 1087 268; x_wconf 87' lang='lat' dir='ltr'><strong>eorum</strong></span> <span class='ocrx_word' id='word_1_17' title='bbox 1103 248 1163 275; x_wconf 60' lang='lat' dir='ltr'><strong>qua;</strong></span> <span class='ocrx_word' id='word_1_18' title='bbox 1175 247 1190 266; x_wconf 85' lang='lat' dir='ltr'><strong>a</strong></span> <span class='ocrx_word' id='word_1_19' title='bbox 1205 239 1314 267; x_wconf 84' lang='lat' dir='ltr'><strong>Christo</strong></span> <span class='ocrx_word' id='word_1_20' title='bbox 1332 243 1359 266; x_wconf 87' lang='lat' dir='ltr'><strong>et</strong></span> <span class='ocrx_word' id='word_1_21' title='bbox 1374 239 1504 273; x_wconf 78' lang='lat' dir='ltr'><strong>apostolis</strong></span> <span class='ocrx_word' id='word_1_22' title='bbox 1522 239 1621 267; x_wconf 87' lang='lat' dir='ltr'><strong>tradita</strong></span> <span class='ocrx_word' id='word_1_23' title='bbox 1637 245 1710 268; x_wconf 84' lang='lat' dir='ltr'><strong>sunt.</strong></span> 
     </span>
    </p>
   </div>
   <div class='ocr_carea' id='block_1_6' title="bbox 82 284 871 319">
    <p class='ocr_par' dir='ltr' id='par_1_6' title="bbox 82 284 871 319">
     <span class='ocr_line' id='line_1_6' title="bbox 82 284 871 319; baseline 0.005 -8"><span class='ocrx_word' id='word_1_24' title='bbox 82 286 155 312; x_wconf 87' lang='grc' dir='ltr'><strong>ποιεί</strong></span> <span class='ocrx_word' id='word_1_25' title='bbox 168 293 197 312; x_wconf 91' lang='grc' dir='ltr'><strong>τε</strong></span> <span class='ocrx_word' id='word_1_26' title='bbox 212 284 259 312; x_wconf 65' lang='grc' dir='ltr'>καὶ</span> <span class='ocrx_word' id='word_1_27' title='bbox 276 285 381 312; x_wconf 81' lang='grc' dir='ltr'><strong>κελεύει</strong></span> <span class='ocrx_word' id='word_1_28' title='bbox 394 286 518 313; x_wconf 79' lang='grc' dir='ltr'><strong>ὑπείκειν</strong></span> <span class='ocrx_word' id='word_1_29' title='bbox 530 286 576 313; x_wconf 82' lang='grc' dir='ltr'>τὸν</span> <span class='ocrx_word' id='word_1_30' title='bbox 591 287 654 314; x_wconf 89' lang='grc' dir='ltr'>λαόν</span> <span class='ocrx_word' id='word_1_31' title='bbox 667 296 673 319; x_wconf 85' lang='grc'>;</span> <span class='ocrx_word' id='word_1_32' title='bbox 693 288 746 314; x_wconf 77' lang='grc' dir='ltr'><strong>Καὶ</strong></span> <span class='ocrx_word' id='word_1_33' title='bbox 764 287 801 314; x_wconf 82' lang='grc' dir='ltr'><strong>ἴδε</strong></span> <span class='ocrx_word' id='word_1_34' title='bbox 814 289 871 315; x_wconf 72' lang='grc' dir='ltr'>εἰσ-</span> 
     </span>
    </p>
   </div>
   <div class='ocr_carea' id='block_1_7' title="bbox 80 330 873 368">
    <p class='ocr_par' dir='ltr' id='par_1_7' title="bbox 80 330 873 368">
     <span class='ocr_line' id='line_1_7' title="bbox 80 330 873 368; baseline 0.005 -11"><span class='ocrx_word' id='word_1_35' title='bbox 80 330 164 366; x_wconf 81' lang='grc' dir='ltr'>ῆλθεν</span> <span class='ocrx_word' id='word_1_36' title='bbox 179 332 208 357; x_wconf 83' lang='grc' dir='ltr'>ὲν</span> <span class='ocrx_word' id='word_1_37' title='bbox 221 331 258 366; x_wconf 82' lang='grc' dir='ltr'>τῷ</span> <span class='ocrx_word' id='word_1_38' title='bbox 271 331 344 366; x_wconf 79' lang='grc' dir='ltr'>λόγῳ</span> <span class='ocrx_word' id='word_1_39' title='bbox 361 331 451 358; x_wconf 85' lang='grc' dir='ltr'>αὐτῶν</span> <span class='ocrx_word' id='word_1_40' title='bbox 464 332 574 365; x_wconf 83' lang='grc' dir='ltr'>πάντως</span> <span class='ocrx_word' id='word_1_41' title='bbox 584 333 599 359; x_wconf 80' lang='grc' dir='ltr'><strong><em>ὁ</em></strong></span> <span class='ocrx_word' id='word_1_42' title='bbox 615 333 807 368; x_wconf 78' lang='grc' dir='ltr'>Ἀντίχριστος.</span> <span class='ocrx_word' id='word_1_43' title='bbox 823 334 873 361; x_wconf 80' lang='lat' dir='ltr'><strong>Ba-</strong></span> 
     </span>
    </p>
   </div>
   <div class='ocr_carea' id='block_1_8' title="bbox 81 376 872 415">
    <p class='ocr_par' dir='ltr' id='par_1_8' title="bbox 81 376 872 415">
     <span class='ocr_line' id='line_1_8' title="bbox 81 376 872 415; baseline 0.006 -13"><span class='ocrx_word' id='word_1_44' title='bbox 81 376 172 408; x_wconf 77' lang='grc' dir='ltr'>σιλεὺς</span> <span class='ocrx_word' id='word_1_45' title='bbox 192 376 245 412; x_wconf 86' lang='grc' dir='ltr'><strong>γάρ</strong></span> <span class='ocrx_word' id='word_1_46' title='bbox 260 376 298 403; x_wconf 83' lang='grc' dir='ltr'>ὢν</span> <span class='ocrx_word' id='word_1_47' title='bbox 318 378 452 408; x_wconf 82' lang='grc' dir='ltr'>κάκεῖνος,</span> <span class='ocrx_word' id='word_1_48' title='bbox 470 377 551 404; x_wconf 84' lang='grc' dir='ltr'>τοῦτο</span> <span class='ocrx_word' id='word_1_49' title='bbox 571 379 650 413; x_wconf 91' lang='grc' dir='ltr'>μόνον</span> <span class='ocrx_word' id='word_1_50' title='bbox 668 380 841 415; x_wconf 82' lang='grc' dir='ltr'>ὲπιζητήσοι,</span> <span class='ocrx_word' id='word_1_51' title='bbox 858 380 872 406; x_wconf 82' lang='grc' dir='ltr'><strong>ὃ</strong></span> 
     </span>
    </p>
   </div>
   <div class='ocr_carea' id='block_1_9' title="bbox 81 421 872 460">
    <p class='ocr_par' dir='ltr' id='par_1_9' title="bbox 81 421 872 460">
     <span class='ocr_line' id='line_1_9' title="bbox 81 421 872 460; baseline 0.006 -13"><span class='ocrx_word' id='word_1_52' title='bbox 81 421 153 448; x_wconf 80' lang='grc' dir='ltr'>θέλει</span> <span class='ocrx_word' id='word_1_53' title='bbox 179 422 228 448; x_wconf 77' lang='grc' dir='ltr'>καὶ</span> <span class='ocrx_word' id='word_1_54' title='bbox 252 421 326 456; x_wconf 79' lang='grc' dir='ltr'>λέγει</span> <span class='ocrx_word' id='word_1_55' title='bbox 352 422 493 456; x_wconf 85' lang='grc' dir='ltr'>γίνεσθαι·</span> <span class='ocrx_word' id='word_1_56' title='bbox 512 423 560 450; x_wconf 81' lang='grc' dir='ltr'>καὶ</span> <span class='ocrx_word' id='word_1_57' title='bbox 583 424 659 451; x_wconf 83' lang='grc' dir='ltr'>οὐδὲν</span> <span class='ocrx_word' id='word_1_58' title='bbox 687 425 718 451; x_wconf 84' lang='grc' dir='ltr'>τὸ</span> <span class='ocrx_word' id='word_1_59' title='bbox 743 425 872 460; x_wconf 77' lang='grc' dir='ltr'>διάφορον</span> 
     </span>
    </p>
   </div>
   <div class='ocr_carea' id='block_1_10' title="bbox 79 467 872 504">
    <p class='ocr_par' dir='ltr' id='par_1_10' title="bbox 79 467 872 504">
     <span class='ocr_line' id='line_1_10' title="bbox 79 467 872 504; baseline 0.006 -12"><span class='ocrx_word' id='word_1_60' title='bbox 79 467 151 501; x_wconf 72' lang='grc' dir='ltr'>πρὸς</span> <span class='ocrx_word' id='word_1_61' title='bbox 165 467 229 498; x_wconf 86' lang='grc' dir='ltr'>τοὺς</span> <span class='ocrx_word' id='word_1_62' title='bbox 245 467 298 502; x_wconf 84' lang='grc' dir='ltr'><strong>πρὸ</strong></span> <span class='ocrx_word' id='word_1_63' title='bbox 311 467 406 499; x_wconf 77' lang='grc' dir='ltr'>αὐτοῦ,</span> <span class='ocrx_word' id='word_1_64' title='bbox 423 468 440 503; x_wconf 81' lang='grc' dir='ltr'><strong>ἢ</strong></span> <span class='ocrx_word' id='word_1_65' title='bbox 458 468 499 500; x_wconf 81' lang='grc' dir='ltr'><strong>τὸ,</strong></span> <span class='ocrx_word' id='word_1_66' title='bbox 516 469 554 504; x_wconf 87' lang='grc' dir='ltr'>μὴ</span> <span class='ocrx_word' id='word_1_67' title='bbox 567 468 695 496; x_wconf 80' lang='grc' dir='ltr'>τοσοῦτον</span> <span class='ocrx_word' id='word_1_68' title='bbox 716 469 804 496; x_wconf 79' lang='grc' dir='ltr'><strong>θέλειν</strong></span> <span class='ocrx_word' id='word_1_69' title='bbox 824 469 872 496; x_wconf 77' lang='grc' dir='ltr'>καὶ</span> 
     </span>
    </p>
   </div>
   <div class='ocr_carea' id='block_1_11' title="bbox 80 512 872 550">
    <p class='ocr_par' dir='ltr' id='par_1_11' title="bbox 80 512 872 550">
     <span class='ocr_line' id='line_1_11' title="bbox 80 512 872 550; baseline 0.006 -12"><span class='ocrx_word' id='word_1_70' title='bbox 80 512 235 546; x_wconf 80' lang='grc' dir='ltr'>βούλεσθαι,</span> <span class='ocrx_word' id='word_1_71' title='bbox 248 513 314 539; x_wconf 76' lang='grc' dir='ltr'>ὡσεὶ</span> <span class='ocrx_word' id='word_1_72' title='bbox 329 514 377 540; x_wconf 76' lang='grc' dir='ltr'>καὶ</span> <span class='ocrx_word' id='word_1_73' title='bbox 388 513 528 549; x_wconf 86' lang='grc' dir='ltr'>θελήσοιεν</span> <span class='ocrx_word' id='word_1_74' title='bbox 542 514 589 541; x_wconf 77' lang='grc' dir='ltr'>καὶ</span> <span class='ocrx_word' id='word_1_75' title='bbox 603 515 677 550; x_wconf 76' lang='grc' dir='ltr'>ἄρτι.</span> <span class='ocrx_word' id='word_1_76' title='bbox 701 515 733 542; x_wconf 85' lang='grc' dir='ltr'><strong><em>Ἦ</em></strong></span> <span class='ocrx_word' id='word_1_77' title='bbox 747 516 815 550; x_wconf 84' lang='grc' dir='ltr'>αὐτὴ</span> <span class='ocrx_word' id='word_1_78' title='bbox 829 515 872 548; x_wconf 76' lang='grc' dir='ltr'><strong>ἐξ·</strong></span> 
     </span>
    </p>
   </div>
   <div class='ocr_carea' id='block_1_12' title="bbox 78 557 869 596">
    <p class='ocr_par' dir='ltr' id='par_1_12' title="bbox 78 557 869 596">
     <span class='ocr_line' id='line_1_12' title="bbox 78 557 869 596; baseline 0.005 -13"><span class='ocrx_word' id='word_1_79' title='bbox 78 557 158 583; x_wconf 80' lang='grc' dir='ltr'>ουσία</span> <span class='ocrx_word' id='word_1_80' title='bbox 180 558 255 593; x_wconf 81' lang='grc' dir='ltr'>παρὰ</span> <span class='ocrx_word' id='word_1_81' title='bbox 274 557 327 584; x_wconf 85' lang='grc' dir='ltr'>τῶν</span> <span class='ocrx_word' id='word_1_82' title='bbox 343 559 479 594; x_wconf 81' lang='grc' dir='ltr'>ίεραρχῶν</span> <span class='ocrx_word' id='word_1_83' title='bbox 499 559 645 591; x_wconf 83' lang='grc' dir='ltr'>συνοδικῶς</span> <span class='ocrx_word' id='word_1_84' title='bbox 667 560 869 596; x_wconf 79' lang='grc' dir='ltr'>ὲκπεφώνηται.</span> 
     </span>
    </p>
   </div>
   <div class='ocr_carea' id='block_1_13' title="bbox 78 601 869 641">
    <p class='ocr_par' dir='ltr' id='par_1_13' title="bbox 78 601 869 641">
     <span class='ocr_line' id='line_1_13' title="bbox 78 601 869 641; baseline 0.005 -13"><span class='ocrx_word' id='word_1_85' title='bbox 78 602 135 628; x_wconf 80' lang='grc' dir='ltr'><strong>Καὶ</strong></span> <span class='ocrx_word' id='word_1_86' title='bbox 146 601 205 633; x_wconf 84' lang='grc' dir='ltr'>πῶς</span> <span class='ocrx_word' id='word_1_87' title='bbox 224 602 324 629; x_wconf 86' lang='grc' dir='ltr'>συνιών</span> <span class='ocrx_word' id='word_1_88' title='bbox 341 611 392 635; x_wconf 86' lang='grc' dir='ltr'>τις,</span> <span class='ocrx_word' id='word_1_89' title='bbox 405 606 452 629; x_wconf 79' lang='grc' dir='ltr'>καὶ</span> <span class='ocrx_word' id='word_1_90' title='bbox 465 603 515 630; x_wconf 86' lang='grc' dir='ltr'>οὑκ</span> <span class='ocrx_word' id='word_1_91' title='bbox 531 603 568 630; x_wconf 81' lang='grc' dir='ltr'>ὣν</span> <span class='ocrx_word' id='word_1_92' title='bbox 582 604 701 641; x_wconf 82' lang='grc' dir='ltr'>δύσερις,</span> <span class='ocrx_word' id='word_1_93' title='bbox 713 605 762 640; x_wconf 75' lang='grc' dir='ltr'>οὐχ</span> <span class='ocrx_word' id='word_1_94' title='bbox 774 606 869 641; x_wconf 80' lang='grc' dir='ltr'>ὁμολο-</span> 
     </span>
    </p>
   </div>
   <div class='ocr_carea' id='block_1_14' title="bbox 78 646 872 686">
    <p class='ocr_par' dir='ltr' id='par_1_14' title="bbox 78 646 872 686">
     <span class='ocr_line' id='line_1_14' title="bbox 78 646 872 686; baseline 0.006 -14"><span class='ocrx_word' id='word_1_95' title='bbox 78 646 191 680; x_wconf 82' lang='grc' dir='ltr'>γήσειεν</span> <span class='ocrx_word' id='word_1_96' title='bbox 202 646 289 678; x_wconf 76' lang='grc' dir='ltr'>οὕτως</span> <span class='ocrx_word' id='word_1_97' title='bbox 304 647 394 682; x_wconf 76' lang='grc' dir='ltr'>ἔχειν;</span> <span class='ocrx_word' id='word_1_98' title='bbox 408 648 442 674; x_wconf 86' lang='grc' dir='ltr'>Τί</span> <span class='ocrx_word' id='word_1_99' title='bbox 457 648 486 674; x_wconf 78' lang='grc' dir='ltr'><strong>δὲ</strong></span> <span class='ocrx_word' id='word_1_100' title='bbox 498 649 600 684; x_wconf 85' lang='grc' dir='ltr'><strong>ταύτης</strong></span> <span class='ocrx_word' id='word_1_101' title='bbox 612 650 661 685; x_wconf 83' lang='grc' dir='ltr'>τῆς</span> <span class='ocrx_word' id='word_1_102' title='bbox 673 650 806 686; x_wconf 79' lang='grc' dir='ltr'>αἱρέσεως</span> <span class='ocrx_word' id='word_1_103' title='bbox 818 652 872 685; x_wconf 83' lang='grc' dir='ltr'>χεῖ-</span> 
     </span>
    </p>
   </div>
   <div class='ocr_carea' id='block_1_15' title="bbox 79 692 869 732">
    <p class='ocr_par' dir='ltr' id='par_1_15' title="bbox 79 692 869 732">
     <span class='ocr_line' id='line_1_15' title="bbox 79 692 869 732; baseline 0.006 -15"><span class='ocrx_word' id='word_1_104' title='bbox 79 700 127 717; x_wconf 87' lang='grc' dir='ltr'><strong>οον</strong></span> <span class='ocrx_word' id='word_1_105' title='bbox 140 692 228 724; x_wconf 77' lang='grc' dir='ltr'>ἔσται,</span> <span class='ocrx_word' id='word_1_106' title='bbox 248 693 302 724; x_wconf 78' lang='grc' dir='ltr'>ἕως</span> <span class='ocrx_word' id='word_1_107' title='bbox 321 693 482 726; x_wconf 78' lang='grc' dir='ltr'><strong>ἀναδείξεως</strong></span> <span class='ocrx_word' id='word_1_108' title='bbox 498 695 584 729; x_wconf 83' lang='grc' dir='ltr'>αὐτῆς</span> <span class='ocrx_word' id='word_1_109' title='bbox 596 695 643 721; x_wconf 84' lang='grc' dir='ltr'><strong>τοῦ</strong></span> <span class='ocrx_word' id='word_1_110' title='bbox 663 695 848 732; x_wconf 79' lang='grc' dir='ltr'>’Λντιχρίστου</span> <span class='ocrx_word' id='word_1_111' title='bbox 862 705 869 729; x_wconf 90' lang='lat'><strong>;</strong></span> 
     </span>
    </p>
   </div>
   <div class='ocr_carea' id='block_1_16' title="bbox 84 737 871 776">
    <p class='ocr_par' dir='ltr' id='par_1_16' title="bbox 84 737 871 776">
     <span class='ocr_line' id='line_1_16' title="bbox 84 737 871 776; baseline 0.006 -13"><span class='ocrx_word' id='word_1_112' title='bbox 84 737 157 770; x_wconf 86' lang='grc' dir='ltr'><strong>Ἐγὼ</strong></span> <span class='ocrx_word' id='word_1_113' title='bbox 171 737 248 764; x_wconf 77' lang='grc' dir='ltr'>οὔπω</span> <span class='ocrx_word' id='word_1_114' title='bbox 256 738 327 765; x_wconf 81' lang='grc' dir='ltr'><strong>δοκῶ</strong></span> <span class='ocrx_word' id='word_1_115' title='bbox 339 737 408 765; x_wconf 74' lang='grc' dir='ltr'>εἶναι</span> <span class='ocrx_word' id='word_1_116' title='bbox 421 747 426 753; x_wconf 93' lang='grc'><strong>·</strong></span> <span class='ocrx_word' id='word_1_117' title='bbox 441 739 498 766; x_wconf 78' lang='grc' dir='ltr'>ἀλλ’</span> <span class='ocrx_word' id='word_1_118' title='bbox 512 740 598 776; x_wconf 78' lang='grc' dir='ltr'>αὐτὴν</span> <span class='ocrx_word' id='word_1_119' title='bbox 612 740 717 776; x_wconf 84' lang='grc' dir='ltr'>ταύτην</span> <span class='ocrx_word' id='word_1_120' title='bbox 732 743 772 772; x_wconf 81' lang='grc' dir='ltr'><strong>είς</strong></span> <span class='ocrx_word' id='word_1_121' title='bbox 784 742 871 776; x_wconf 79' lang='grc' dir='ltr'>πέρας</span> 
     </span>
    </p>
   </div>
   <div class='ocr_carea' id='block_1_17' title="bbox 77 783 868 822">
    <p class='ocr_par' dir='ltr' id='par_1_17' title="bbox 77 783 868 822">
     <span class='ocr_line' id='line_1_17' title="bbox 77 783 868 822; baseline 0.006 -13"><span class='ocrx_word' id='word_1_122' title='bbox 77 783 238 819; x_wconf 80' lang='grc' dir='ltr'><strong>ἀρξαμένην</strong></span> <span class='ocrx_word' id='word_1_123' title='bbox 255 785 286 810; x_wconf 78' lang='grc' dir='ltr'>ἐκ</span> <span class='ocrx_word' id='word_1_124' title='bbox 309 784 356 811; x_wconf 80' lang='grc' dir='ltr'><strong>τοῦ</strong></span> <span class='ocrx_word' id='word_1_125' title='bbox 373 784 454 820; x_wconf 81' lang='grc' dir='ltr'>δεῦρο</span> <span class='ocrx_word' id='word_1_126' title='bbox 472 785 511 821; x_wconf 84' lang='grc' dir='ltr'>τῷ</span> <span class='ocrx_word' id='word_1_127' title='bbox 530 786 591 812; x_wconf 82' lang='grc' dir='ltr'>τότε</span> <span class='ocrx_word' id='word_1_128' title='bbox 608 787 697 822; x_wconf 80' lang='grc' dir='ltr'>καιρῷ</span> <span class='ocrx_word' id='word_1_129' title='bbox 716 788 850 822; x_wconf 79' lang='grc' dir='ltr'>ἀπολῆξαι</span> <span class='ocrx_word' id='word_1_130' title='bbox 861 795 868 803; x_wconf 83' lang='grc'><em>’</em></span> 
     </span>
    </p>
   </div>
   <div class='ocr_carea' id='block_1_18' title="bbox 76 829 869 868">
    <p class='ocr_par' dir='ltr' id='par_1_18' title="bbox 76 829 869 868">
     <span class='ocr_line' id='line_1_18' title="bbox 76 829 869 868; baseline 0.008 -14"><span class='ocrx_word' id='word_1_131' title='bbox 76 829 126 855; x_wconf 79' lang='grc' dir='ltr'>καὶ</span> <span class='ocrx_word' id='word_1_132' title='bbox 136 829 192 855; x_wconf 79' lang='grc' dir='ltr'>ὅσοι</span> <span class='ocrx_word' id='word_1_133' title='bbox 206 830 235 855; x_wconf 78' lang='grc' dir='ltr'>ὲν</span> <span class='ocrx_word' id='word_1_134' title='bbox 249 829 334 866; x_wconf 83' lang='grc' dir='ltr'>ταύτῃ</span> <span class='ocrx_word' id='word_1_135' title='bbox 348 830 515 863; x_wconf 82' lang='grc' dir='ltr'>ὑποπέσωσι,</span> <span class='ocrx_word' id='word_1_136' title='bbox 530 831 582 858; x_wconf 78' lang='grc' dir='ltr'>κᾶν</span> <span class='ocrx_word' id='word_1_137' title='bbox 596 832 657 858; x_wconf 85' lang='grc' dir='ltr'>τότε</span> <span class='ocrx_word' id='word_1_138' title='bbox 670 832 802 868; x_wconf 80' lang='grc' dir='ltr'><strong>ὑπῆρχον,</strong></span> <span class='ocrx_word' id='word_1_139' title='bbox 817 834 869 860; x_wconf 84' lang='grc' dir='ltr'><strong>ὺπ-</strong></span> 
     </span>
    </p>
   </div>
   <div class='ocr_carea' id='block_1_19' title="bbox 75 875 867 914">
    <p class='ocr_par' dir='ltr' id='par_1_19' title="bbox 75 875 867 914">
     <span class='ocr_line' id='line_1_19' title="bbox 75 875 867 914; baseline 0.006 -13"><span class='ocrx_word' id='word_1_140' title='bbox 75 876 176 902; x_wconf 81' lang='grc' dir='ltr'>ἐπεσον</span> <span class='ocrx_word' id='word_1_141' title='bbox 190 875 223 902; x_wconf 76' lang='grc' dir='ltr'>ἄν</span> <span class='ocrx_word' id='word_1_142' title='bbox 234 884 241 891; x_wconf 89' lang='grc'><strong>·</strong></span> <span class='ocrx_word' id='word_1_143' title='bbox 257 876 304 902; x_wconf 82' lang='grc' dir='ltr'>καὶ</span> <span class='ocrx_word' id='word_1_144' title='bbox 323 877 415 903; x_wconf 82' lang='grc' dir='ltr'>ὁπόσοι</span> <span class='ocrx_word' id='word_1_145' title='bbox 428 877 543 912; x_wconf 85' lang='grc' dir='ltr'>δυνάμει</span> <span class='ocrx_word' id='word_1_146' title='bbox 557 877 624 904; x_wconf 85' lang='grc' dir='ltr'>Θεοῦ</span> <span class='ocrx_word' id='word_1_147' title='bbox 647 879 867 914; x_wconf 77' lang='grc' dir='ltr'>ἀνταγωνιζόμε-</span> 
     </span>
    </p>
   </div>
   <div class='ocr_carea' id='block_1_20' title="bbox 74 910 906 958">
    <p class='ocr_par' dir='ltr' id='par_1_20' title="bbox 74 910 906 958">
     <span class='ocr_line' id='line_1_20' title="bbox 74 910 906 958; baseline 0.007 -11"><span class='ocrx_word' id='word_1_148' title='bbox 74 929 116 947; x_wconf 82' lang='grc' dir='ltr'><strong>νοι</strong></span> <span class='ocrx_word' id='word_1_149' title='bbox 130 921 241 954; x_wconf 79' lang='grc' dir='ltr'><strong>στῶσιν,</strong></span> <span class='ocrx_word' id='word_1_150' title='bbox 257 920 313 949; x_wconf 82' lang='grc' dir='ltr'>εἶεν</span> <span class='ocrx_word' id='word_1_151' title='bbox 327 921 361 949; x_wconf 79' lang='grc' dir='ltr'><strong>ἃν</strong></span> <span class='ocrx_word' id='word_1_152' title='bbox 375 922 422 949; x_wconf 77' lang='grc' dir='ltr'>καὶ</span> <span class='ocrx_word' id='word_1_153' title='bbox 432 923 491 954; x_wconf 82' lang='grc' dir='ltr'>ταῖς</span> <span class='ocrx_word' id='word_1_154' title='bbox 506 923 624 958; x_wconf 82' lang='grc' dir='ltr'><strong>ἡμέραις</strong></span> <span class='ocrx_word' id='word_1_155' title='bbox 637 924 756 955; x_wconf 81' lang='grc' dir='ltr'>ἐκείναις</span> <span class='ocrx_word' id='word_1_156' title='bbox 769 926 866 952; x_wconf 85' lang='grc' dir='ltr'>νικῶν·</span> <span class='ocrx_word' id='word_1_157' title='bbox 885 910 906 940; x_wconf 60' lang='grc' dir='ltr'><strong>Β</strong></span> 
     </span>
    </p>
   </div>
   <div class='ocr_carea' id='block_1_21' title="bbox 73 966 866 1005">
    <p class='ocr_par' dir='ltr' id='par_1_21' title="bbox 73 966 866 1005">
     <span class='ocr_line' id='line_1_21' title="bbox 73 966 866 1005; baseline 0.006 -12"><span class='ocrx_word' id='word_1_158' title='bbox 73 974 121 998; x_wconf 78' lang='grc' dir='ltr'><strong>τες</strong></span> <span class='ocrx_word' id='word_1_159' title='bbox 138 966 184 993; x_wconf 79' lang='grc' dir='ltr'>τὸν</span> <span class='ocrx_word' id='word_1_160' title='bbox 196 967 382 1003; x_wconf 76' lang='grc' dir='ltr'>Ἀντίχριστον</span> <span class='ocrx_word' id='word_1_161' title='bbox 392 968 421 995; x_wconf 76' lang='grc' dir='ltr'>ἐν</span> <span class='ocrx_word' id='word_1_162' title='bbox 432 968 540 1004; x_wconf 81' lang='grc' dir='ltr'>θανάτῳ</span> <span class='ocrx_word' id='word_1_163' title='bbox 554 970 622 1004; x_wconf 86' lang='grc' dir='ltr'><strong>μετά</strong></span> <span class='ocrx_word' id='word_1_164' title='bbox 638 970 768 1005; x_wconf 78' lang='grc' dir='ltr'><strong>Χριστοῦ.</strong></span> <span class='ocrx_word' id='word_1_165' title='bbox 785 972 866 1004; x_wconf 81' lang='grc' dir='ltr'>Ἀλλ’,</span> 
     </span>
    </p>
   </div>
   <div class='ocr_carea' id='block_1_22' title="bbox 71 1009 867 1048">
    <p class='ocr_par' dir='ltr' id='par_1_22' title="bbox 71 1009 867 1048">
     <span class='ocr_line' id='line_1_22' title="bbox 71 1009 867 1048; baseline 0.008 -11"><span class='ocrx_word' id='word_1_166' title='bbox 71 1009 97 1036; x_wconf 87' lang='grc' dir='ltr'><strong>ὣ</strong></span> <span class='ocrx_word' id='word_1_167' title='bbox 118 1011 170 1045; x_wconf 83' lang='grc' dir='ltr'>τῆς</span> <span class='ocrx_word' id='word_1_168' title='bbox 192 1011 367 1048; x_wconf 83' lang='grc' dir='ltr'><strong>ἀνθρωπίνης</strong></span> <span class='ocrx_word' id='word_1_169' title='bbox 387 1013 590 1048; x_wconf 81' lang='grc' dir='ltr'>ταλαιπωρίαςῐ</span> <span class='ocrx_word' id='word_1_170' title='bbox 616 1014 674 1046; x_wconf 82' lang='grc' dir='ltr'>πῶς</span> <span class='ocrx_word' id='word_1_171' title='bbox 700 1016 867 1043; x_wconf 85' lang='grc' dir='ltr'>ἀπεντεῦθεν</span> 
     </span>
    </p>
   </div>
   <div class='ocr_carea' id='block_1_23' title="bbox 71 1056 868 1095">
    <p class='ocr_par' dir='ltr' id='par_1_23' title="bbox 71 1056 868 1095">
     <span class='ocr_line' id='line_1_23' title="bbox 71 1056 868 1095; baseline 0.009 -14"><span class='ocrx_word' id='word_1_172' title='bbox 71 1056 150 1082; x_wconf 84' lang='grc' dir='ltr'>νῶτα</span> <span class='ocrx_word' id='word_1_173' title='bbox 164 1056 300 1092; x_wconf 85' lang='grc' dir='ltr'>ἔστρεψαν</span> <span class='ocrx_word' id='word_1_174' title='bbox 311 1067 318 1091; x_wconf 90' lang='grc'>;</span> <span class='ocrx_word' id='word_1_175' title='bbox 335 1058 393 1090; x_wconf 85' lang='grc' dir='ltr'><strong>πῶς</strong></span> <span class='ocrx_word' id='word_1_176' title='bbox 404 1059 619 1094; x_wconf 83' lang='grc' dir='ltr'>ὑποδεικνύομεν</span> <span class='ocrx_word' id='word_1_177' title='bbox 629 1059 655 1086; x_wconf 85' lang='grc' dir='ltr'><strong>τί</strong></span> <span class='ocrx_word' id='word_1_178' title='bbox 668 1060 804 1095; x_wconf 74' lang='grc' dir='ltr'>ὲσόμεθας</span> <span class='ocrx_word' id='word_1_179' title='bbox 817 1062 868 1089; x_wconf 79' lang='grc' dir='ltr'>Διά</span> 
     </span>
    </p>
   </div>
   <div class='ocr_carea' id='block_1_24' title="bbox 70 1102 867 1148">
    <p class='ocr_par' dir='ltr' id='par_1_24' title="bbox 70 1102 867 1148">
     <span class='ocr_line' id='line_1_24' title="bbox 70 1102 867 1148; baseline 0.009 -20"><span class='ocrx_word' id='word_1_180' title='bbox 70 1102 155 1129; x_wconf 85' lang='grc' dir='ltr'>τοῦτο</span> <span class='ocrx_word' id='word_1_181' title='bbox 169 1103 256 1138; x_wconf 78' lang='grc' dir='ltr'>ὀλίγοι</span> <span class='ocrx_word' id='word_1_182' title='bbox 277 1104 301 1130; x_wconf 80' lang='grc' dir='ltr'>οἱ</span> <span class='ocrx_word' id='word_1_183' title='bbox 317 1104 459 1139; x_wconf 79' lang='grc' dir='ltr'>μέλλοντες</span> <span class='ocrx_word' id='word_1_184' title='bbox 480 1105 586 1148; x_wconf 80' lang='grc' dir='ltr'>στῇναι.</span> <span class='ocrx_word' id='word_1_185' title='bbox 608 1107 657 1134; x_wconf 85' lang='grc' dir='ltr'>Διά</span> <span class='ocrx_word' id='word_1_186' title='bbox 672 1107 752 1134; x_wconf 87' lang='grc' dir='ltr'>τοῦτο</span> <span class='ocrx_word' id='word_1_187' title='bbox 773 1108 867 1141; x_wconf 82' lang='grc' dir='ltr'>Ἠλίας</span> 
     </span>
    </p>
   </div>
   <div class='ocr_carea' id='block_1_25' title="bbox 71 1148 867 1186">
    <p class='ocr_par' dir='ltr' id='par_1_25' title="bbox 71 1148 867 1186">
     <span class='ocr_line' id='line_1_25' title="bbox 71 1148 867 1186; baseline 0.009 -13"><span class='ocrx_word' id='word_1_188' title='bbox 71 1148 124 1174; x_wconf 78' lang='grc' dir='ltr'>καὶ</span> <span class='ocrx_word' id='word_1_189' title='bbox 145 1148 230 1184; x_wconf 83' lang='grc' dir='ltr'>Ἑνώχ</span> <span class='ocrx_word' id='word_1_190' title='bbox 243 1156 250 1163; x_wconf 91' lang='grc'><strong>·</strong></span> <span class='ocrx_word' id='word_1_191' title='bbox 276 1150 326 1176; x_wconf 86' lang='grc' dir='ltr'>οὐκ</span> <span class='ocrx_word' id='word_1_192' title='bbox 338 1150 450 1185; x_wconf 74' lang='grc' dir='ltr'>οἴδαμεν</span> <span class='ocrx_word' id='word_1_193' title='bbox 475 1152 498 1178; x_wconf 78' lang='grc' dir='ltr'>εἰ</span> <span class='ocrx_word' id='word_1_194' title='bbox 520 1151 566 1177; x_wconf 70' lang='grc' dir='ltr'>καὶ</span> <span class='ocrx_word' id='word_1_195' title='bbox 583 1153 597 1178; x_wconf 84' lang='grc' dir='ltr'>ὁ</span> <span class='ocrx_word' id='word_1_196' title='bbox 614 1151 743 1186; x_wconf 81' lang='grc' dir='ltr'>Θεολόγος</span> <span class='ocrx_word' id='word_1_197' title='bbox 759 1154 805 1179; x_wconf 84' lang='grc' dir='ltr'>καὶ</span> <span class='ocrx_word' id='word_1_198' title='bbox 822 1155 867 1180; x_wconf 81' lang='grc' dir='ltr'><strong>εὑ-</strong></span> 
     </span>
    </p>
   </div>
   <div class='ocr_carea' id='block_1_26' title="bbox 70 1193 867 1233">
    <p class='ocr_par' dir='ltr' id='par_1_26' title="bbox 70 1193 867 1233">
     <span class='ocr_line' id='line_1_26' title="bbox 70 1193 867 1233; baseline 0.009 -14"><span class='ocrx_word' id='word_1_199' title='bbox 70 1193 250 1230; x_wconf 82' lang='grc' dir='ltr'>αγγελιστὴς,</span> <span class='ocrx_word' id='word_1_200' title='bbox 263 1196 366 1231; x_wconf 74' lang='grc' dir='ltr'>ἀρωγοὶ</span> <span class='ocrx_word' id='word_1_201' title='bbox 385 1196 435 1230; x_wconf 87' lang='grc' dir='ltr'>τῆς</span> <span class='ocrx_word' id='word_1_202' title='bbox 452 1197 628 1233; x_wconf 78' lang='grc' dir='ltr'>ἀνθρωπίνης</span> <span class='ocrx_word' id='word_1_203' title='bbox 645 1198 797 1232; x_wconf 81' lang='grc' dir='ltr'>ἀσθενείας,</span> <span class='ocrx_word' id='word_1_204' title='bbox 819 1201 867 1227; x_wconf 82' lang='grc' dir='ltr'>καὶ</span> 
     </span>
    </p>
   </div>
   <div class='ocr_carea' id='block_1_27' title="bbox 70 1240 866 1278">
    <p class='ocr_par' dir='ltr' id='par_1_27' title="bbox 70 1240 866 1278">
     <span class='ocr_line' id='line_1_27' title="bbox 70 1240 866 1278; baseline 0.008 -13"><span class='ocrx_word' id='word_1_205' title='bbox 70 1240 276 1274; x_wconf 82' lang='grc' dir='ltr'>πρωτοστάται,</span> <span class='ocrx_word' id='word_1_206' title='bbox 306 1241 352 1267; x_wconf 78' lang='lat' dir='ltr'><strong>xal.</strong></span> <span class='ocrx_word' id='word_1_207' title='bbox 376 1241 521 1276; x_wconf 82' lang='grc' dir='ltr'>ἀθλοφόροι</span> <span class='ocrx_word' id='word_1_208' title='bbox 548 1242 597 1277; x_wconf 81' lang='grc' dir='ltr'>τῆς</span> <span class='ocrx_word' id='word_1_209' title='bbox 623 1243 693 1278; x_wconf 85' lang='grc' dir='ltr'>ὑπὲρ</span> <span class='ocrx_word' id='word_1_210' title='bbox 720 1244 866 1278; x_wconf 82' lang='grc' dir='ltr'>ὁμολογίας</span> 
     </span>
    </p>
   </div>
   <div class='ocr_carea' id='block_1_28' title="bbox 68 1284 865 1325">
    <p class='ocr_par' dir='ltr' id='par_1_28' title="bbox 68 1284 865 1325">
     <span class='ocr_line' id='line_1_28' title="bbox 68 1284 865 1325; baseline 0.009 -15"><span class='ocrx_word' id='word_1_211' title='bbox 68 1284 195 1318; x_wconf 82' lang='grc' dir='ltr'>Χριστοῦ</span> <span class='ocrx_word' id='word_1_212' title='bbox 214 1285 303 1321; x_wconf 84' lang='grc' dir='ltr'>νίκης.</span> <span class='ocrx_word' id='word_1_213' title='bbox 324 1287 375 1314; x_wconf 88' lang='grc' dir='ltr'>Διά</span> <span class='ocrx_word' id='word_1_214' title='bbox 396 1285 476 1314; x_wconf 82' lang='grc' dir='ltr'>τοῦτο</span> <span class='ocrx_word' id='word_1_215' title='bbox 499 1287 734 1324; x_wconf 75' lang='grc' dir='ltr'>κολοϐωθήσονται</span> <span class='ocrx_word' id='word_1_216' title='bbox 750 1290 779 1316; x_wconf 86' lang='grc' dir='ltr'><strong>αί</strong></span> <span class='ocrx_word' id='word_1_217' title='bbox 795 1290 865 1325; x_wconf 85' lang='grc' dir='ltr'><strong>ἡμέ-</strong></span> 
     </span>
    </p>
   </div>
   <div class='ocr_carea' id='block_1_29' title="bbox 69 1330 864 1372">
    <p class='ocr_par' dir='ltr' id='par_1_29' title="bbox 69 1330 864 1372">
     <span class='ocr_line' id='line_1_29' title="bbox 69 1330 864 1372; baseline 0.01 -16"><span class='ocrx_word' id='word_1_218' title='bbox 69 1338 120 1364; x_wconf 87' lang='grc' dir='ltr'><strong>ραι</strong></span> <span class='ocrx_word' id='word_1_219' title='bbox 138 1330 189 1366; x_wconf 84' lang='grc' dir='ltr'>τῆς</span> <span class='ocrx_word' id='word_1_220' title='bbox 203 1331 327 1367; x_wconf 79' lang='grc' dir='ltr'><strong>ἀνάγκης</strong></span> <span class='ocrx_word' id='word_1_221' title='bbox 343 1333 452 1368; x_wconf 77' lang='grc' dir='ltr'>ἐκείνης</span> <span class='ocrx_word' id='word_1_222' title='bbox 466 1334 499 1368; x_wconf 81' lang='grc' dir='ltr'>τῇ</span> <span class='ocrx_word' id='word_1_223' title='bbox 517 1334 664 1371; x_wconf 79' lang='grc' dir='ltr'>ἐπιφανείᾳ</span> <span class='ocrx_word' id='word_1_224' title='bbox 680 1336 800 1372; x_wconf 82' lang='grc' dir='ltr'>Χριστοῦ</span> <span class='ocrx_word' id='word_1_225' title='bbox 816 1338 864 1364; x_wconf 87' lang='grc' dir='ltr'>ἀν-</span> 
     </span>
    </p>
   </div>
   <div class='ocr_carea' id='block_1_30' title="bbox 67 1375 253 1412">
    <p class='ocr_par' dir='ltr' id='par_1_30' title="bbox 67 1375 253 1412">
     <span class='ocr_line' id='line_1_30' title="bbox 67 1375 253 1412; baseline 0.011 -11"><span class='ocrx_word' id='word_1_226' title='bbox 67 1375 253 1412; x_wconf 79' lang='grc' dir='ltr'>αιρουμένης.</span> 
     </span>
    </p>
   </div>
   <div class='ocr_carea' id='block_1_31' title="bbox 107 1516 864 1559">
    <p class='ocr_par' dir='ltr' id='par_1_31' title="bbox 107 1516 864 1559">
     <span class='ocr_line' id='line_1_31' title="bbox 107 1516 864 1559; baseline 0.013 -17"><span class='ocrx_word' id='word_1_227' title='bbox 107 1516 142 1542; x_wconf 76' lang='lat' dir='ltr'><strong>Ol</strong></span> <span class='ocrx_word' id='word_1_228' title='bbox 156 1516 294 1549; x_wconf 81' lang='grc' dir='ltr'>συνιόντες</span> <span class='ocrx_word' id='word_1_229' title='bbox 311 1519 403 1554; x_wconf 84' lang='grc' dir='ltr'>στῆτε,</span> <span class='ocrx_word' id='word_1_230' title='bbox 424 1521 462 1556; x_wconf 80' lang='grc' dir='ltr'>μὴ</span> <span class='ocrx_word' id='word_1_231' title='bbox 487 1521 644 1558; x_wconf 56' lang='grc' dir='ltr'>ἀρνήπσθε</span> <span class='ocrx_word' id='word_1_232' title='bbox 669 1523 787 1559; x_wconf 85' lang='grc' dir='ltr'>Χριστὸν</span> <span class='ocrx_word' id='word_1_233' title='bbox 809 1525 864 1552; x_wconf 83' lang='grc' dir='ltr'><strong>ἀπὺ</strong></span> 
     </span>
    </p>
   </div>
   <div class='ocr_carea' id='block_1_32' title="bbox 66 1561 898 1616">
    <p class='ocr_par' dir='ltr' id='par_1_32' title="bbox 66 1561 898 1616">
     <span class='ocr_line' id='line_1_32' title="bbox 66 1561 898 1616; baseline 0.014 -29"><span class='ocrx_word' id='word_1_234' title='bbox 66 1561 119 1616; x_wconf 56' lang='grc' dir='ltr'><strong>ἰοῦ</strong></span> <span class='ocrx_word' id='word_1_235' title='bbox 142 1562 242 1616; x_wconf 58' lang='lat' dir='ltr'><strong>aet-apo:</strong></span> <span class='ocrx_word' id='word_1_236' title='bbox 257 1565 378 1616; x_wconf 56' lang='grc' dir='ltr'>ἀρκτικά</span> <span class='ocrx_word' id='word_1_237' title='bbox 401 1568 456 1602; x_wconf 87' lang='grc' dir='ltr'><strong>γάρ</strong></span> <span class='ocrx_word' id='word_1_238' title='bbox 481 1567 515 1594; x_wconf 77' lang='grc' dir='ltr'><strong>τὰ</strong></span> <span class='ocrx_word' id='word_1_239' title='bbox 534 1569 656 1604; x_wconf 83' lang='grc' dir='ltr'>παρόντα</span> <span class='ocrx_word' id='word_1_240' title='bbox 674 1570 729 1597; x_wconf 83' lang='grc' dir='ltr'>τῶν</span> <span class='ocrx_word' id='word_1_241' title='bbox 741 1571 812 1597; x_wconf 84' lang='grc' dir='ltr'>τότε.</span> <span class='ocrx_word' id='word_1_242' title='bbox 827 1572 864 1598; x_wconf 85' lang='grc' dir='ltr'><strong>Τὸ</strong></span> <span class='ocrx_word' id='word_1_243' title='bbox 877 1587 898 1616; x_wconf 75' lang='lat' dir='ltr'><strong>c</strong></span> 
     </span>
    </p>
   </div>
   <div class='ocr_carea' id='block_1_33' title="bbox 66 1607 862 1651">
    <p class='ocr_par' dir='ltr' id='par_1_33' title="bbox 66 1607 862 1651">
     <span class='ocr_line' id='line_1_33' title="bbox 66 1607 862 1651; baseline 0.014 -19"><span class='ocrx_word' id='word_1_244' title='bbox 66 1607 200 1642; x_wconf 85' lang='grc' dir='ltr'>δεύτερον</span> <span class='ocrx_word' id='word_1_245' title='bbox 213 1609 243 1634; x_wconf 86' lang='grc' dir='ltr'><strong>ού</strong></span> <span class='ocrx_word' id='word_1_246' title='bbox 259 1609 359 1645; x_wconf 74' lang='grc' dir='ltr'>πολλῆς</span> <span class='ocrx_word' id='word_1_247' title='bbox 372 1610 459 1638; x_wconf 80' lang='grc' dir='ltr'>δεῖται</span> <span class='ocrx_word' id='word_1_248' title='bbox 474 1613 634 1647; x_wconf 73' lang='grc' dir='ltr'>σαφηνείας,</span> <span class='ocrx_word' id='word_1_249' title='bbox 651 1614 682 1641; x_wconf 82' lang='grc' dir='ltr'>ὲκ</span> <span class='ocrx_word' id='word_1_250' title='bbox 702 1615 750 1641; x_wconf 85' lang='grc' dir='ltr'><strong>τοῦ</strong></span> <span class='ocrx_word' id='word_1_251' title='bbox 764 1616 862 1651; x_wconf 80' lang='grc' dir='ltr'>προτέ-</span> 
     </span>
    </p>
   </div>
   <div class='ocr_carea' id='block_1_34' title="bbox 67 1653 863 1697">
    <p class='ocr_par' dir='ltr' id='par_1_34' title="bbox 67 1653 863 1697">
     <span class='ocr_line' id='line_1_34' title="bbox 67 1653 863 1697; baseline 0.013 -18"><span class='ocrx_word' id='word_1_252' title='bbox 67 1661 120 1688; x_wconf 87' lang='grc' dir='ltr'><strong>ρου</strong></span> <span class='ocrx_word' id='word_1_253' title='bbox 143 1653 367 1690; x_wconf 68' lang='grc' dir='ltr'>ἐπιδηλούμενον.</span> <span class='ocrx_word' id='word_1_254' title='bbox 396 1657 659 1692; x_wconf 82' lang='grc' dir='ltr'>Ἀναθεματίσαντες</span> <span class='ocrx_word' id='word_1_255' title='bbox 677 1659 723 1688; x_wconf 83' lang='grc' dir='ltr'>οὖν</span> <span class='ocrx_word' id='word_1_256' title='bbox 740 1662 803 1694; x_wconf 84' lang='grc' dir='ltr'>τοὺς</span> <span class='ocrx_word' id='word_1_257' title='bbox 826 1662 863 1697; x_wconf 80' lang='grc' dir='ltr'>μὴ</span> 
     </span>
    </p>
   </div>
   <div class='ocr_carea' id='block_1_35' title="bbox 65 1699 863 1741">
    <p class='ocr_par' dir='ltr' id='par_1_35' title="bbox 65 1699 863 1741">
     <span class='ocr_line' id='line_1_35' title="bbox 65 1699 863 1741; baseline 0.011 -16"><span class='ocrx_word' id='word_1_258' title='bbox 65 1699 236 1734; x_wconf 80' lang='grc' dir='ltr'>δεχομένους</span> <span class='ocrx_word' id='word_1_259' title='bbox 249 1701 299 1737; x_wconf 83' lang='grc' dir='ltr'>τὴν</span> <span class='ocrx_word' id='word_1_260' title='bbox 313 1702 503 1738; x_wconf 78' lang='grc' dir='ltr'>μοιχοζευξίαν</span> <span class='ocrx_word' id='word_1_261' title='bbox 525 1705 573 1731; x_wconf 82' lang='grc' dir='ltr'>καὶ</span> <span class='ocrx_word' id='word_1_262' title='bbox 596 1705 646 1741; x_wconf 83' lang='grc' dir='ltr'>τὴν</span> <span class='ocrx_word' id='word_1_263' title='bbox 670 1706 792 1741; x_wconf 79' lang='grc' dir='ltr'>μοιχείαν</span> <span class='ocrx_word' id='word_1_264' title='bbox 816 1707 863 1734; x_wconf 87' lang='grc' dir='ltr'><strong>τοῦ</strong></span> 
     </span>
    </p>
   </div>
   <div class='ocr_carea' id='block_1_36' title="bbox 66 1745 864 1786">
    <p class='ocr_par' dir='ltr' id='par_1_36' title="bbox 66 1745 864 1786">
     <span class='ocr_line' id='line_1_36' title="bbox 66 1745 864 1786; baseline 0.013 -16"><span class='ocrx_word' id='word_1_265' title='bbox 66 1745 217 1779; x_wconf 78' lang='grc' dir='ltr'>βασιλέως,</span> <span class='ocrx_word' id='word_1_266' title='bbox 233 1747 280 1773; x_wconf 80' lang='grc' dir='ltr'>καὶ</span> <span class='ocrx_word' id='word_1_267' title='bbox 291 1747 341 1783; x_wconf 81' lang='grc' dir='ltr'>τὴν</span> <span class='ocrx_word' id='word_1_268' title='bbox 357 1748 405 1775; x_wconf 85' lang='grc' dir='ltr'><strong>τοῦ</strong></span> <span class='ocrx_word' id='word_1_269' title='bbox 418 1749 519 1781; x_wconf 82' lang='grc' dir='ltr'>παντὸς</span> <span class='ocrx_word' id='word_1_270' title='bbox 531 1751 690 1786; x_wconf 80' lang='grc' dir='ltr'>εὑρεθέντος</span> <span class='ocrx_word' id='word_1_271' title='bbox 708 1753 754 1780; x_wconf 79' lang='grc' dir='ltr'>καὶ</span> <span class='ocrx_word' id='word_1_272' title='bbox 772 1754 800 1779; x_wconf 84' lang='grc' dir='ltr'>ἐν</span> <span class='ocrx_word' id='word_1_273' title='bbox 813 1753 864 1780; x_wconf 85' lang='grc' dir='ltr'>αύ-</span> 
     </span>
    </p>
   </div>
   <div class='ocr_carea' id='block_1_37' title="bbox 65 1791 865 1832">
    <p class='ocr_par' dir='ltr' id='par_1_37' title="bbox 65 1791 865 1832">
     <span class='ocr_line' id='line_1_37' title="bbox 65 1791 865 1832; baseline 0.011 -15"><span class='ocrx_word' id='word_1_274' title='bbox 65 1792 105 1826; x_wconf 78' lang='grc' dir='ltr'>τῇ</span> <span class='ocrx_word' id='word_1_275' title='bbox 119 1791 171 1826; x_wconf 85' lang='grc' dir='ltr'>τὴν</span> <span class='ocrx_word' id='word_1_276' title='bbox 187 1793 283 1827; x_wconf 77' lang='grc' dir='ltr'>μερίδα</span> <span class='ocrx_word' id='word_1_277' title='bbox 299 1793 414 1828; x_wconf 74' lang='grc' dir='ltr'>θεμένου</span> <span class='ocrx_word' id='word_1_278' title='bbox 433 1796 618 1831; x_wconf 81' lang='grc' dir='ltr'>παρανομίαν,</span> <span class='ocrx_word' id='word_1_279' title='bbox 637 1799 676 1829; x_wconf 85' lang='grc' dir='ltr'>ὼς</span> <span class='ocrx_word' id='word_1_280' title='bbox 689 1798 770 1832; x_wconf 83' lang='grc' dir='ltr'>ἁγίαν</span> <span class='ocrx_word' id='word_1_281' title='bbox 791 1800 865 1826; x_wconf 87' lang='grc' dir='ltr'>οίκο-</span> 
     </span>
    </p>
   </div>
   <div class='ocr_carea' id='block_1_38' title="bbox 65 1837 864 1879">
    <p class='ocr_par' dir='ltr' id='par_1_38' title="bbox 65 1837 864 1879">
     <span class='ocr_line' id='line_1_38' title="bbox 65 1837 864 1879; baseline 0.013 -17"><span class='ocrx_word' id='word_1_282' title='bbox 65 1837 172 1871; x_wconf 83' lang='grc' dir='ltr'>νομίαν</span> <span class='ocrx_word' id='word_1_283' title='bbox 184 1845 191 1852; x_wconf 91' lang='grc'><strong>·</strong></span> <span class='ocrx_word' id='word_1_284' title='bbox 213 1838 240 1864; x_wconf 86' lang='grc' dir='ltr'><strong>τί</strong></span> <span class='ocrx_word' id='word_1_285' title='bbox 256 1839 320 1865; x_wconf 75' lang='grc' dir='ltr'>ἄλλο</span> <span class='ocrx_word' id='word_1_286' title='bbox 335 1839 352 1875; x_wconf 79' lang='grc' dir='ltr'>ἢ</span> <span class='ocrx_word' id='word_1_287' title='bbox 374 1841 437 1872; x_wconf 78' lang='grc' dir='ltr'>τοὺς</span> <span class='ocrx_word' id='word_1_288' title='bbox 458 1841 563 1875; x_wconf 77' lang='grc' dir='ltr'>ἁγίους,</span> <span class='ocrx_word' id='word_1_289' title='bbox 579 1843 626 1869; x_wconf 82' lang='grc' dir='ltr'>καὶ</span> <span class='ocrx_word' id='word_1_290' title='bbox 641 1844 749 1879; x_wconf 88' lang='grc' dir='ltr'>πρῶτόν</span> <span class='ocrx_word' id='word_1_291' title='bbox 769 1853 801 1879; x_wconf 89' lang='grc' dir='ltr'><strong>γε</strong></span> <span class='ocrx_word' id='word_1_292' title='bbox 819 1845 864 1872; x_wconf 81' lang='grc' dir='ltr'><strong>τὸν</strong></span> 
     </span>
    </p>
   </div>
   <div class='ocr_carea' id='block_1_39' title="bbox 65 1882 865 1922">
    <p class='ocr_par' dir='ltr' id='par_1_39' title="bbox 65 1882 865 1922">
     <span class='ocr_line' id='line_1_39' title="bbox 65 1882 865 1922; baseline 0.011 -14"><span class='ocrx_word' id='word_1_293' title='bbox 65 1882 231 1918; x_wconf 69' lang='grc' dir='ltr'>Πρωρομον</span> <span class='ocrx_word' id='word_1_294' title='bbox 245 1884 497 1920; x_wconf 82' lang='grc' dir='ltr'>ἀναθεματίκασιν;</span> <span class='ocrx_word' id='word_1_295' title='bbox 523 1887 623 1922; x_wconf 82' lang='grc' dir='ltr'>ἀληθὲς</span> <span class='ocrx_word' id='word_1_296' title='bbox 645 1890 742 1920; x_wconf 83' lang='grc' dir='ltr'>εἰπεῖν,</span> <span class='ocrx_word' id='word_1_297' title='bbox 767 1891 792 1916; x_wconf 82' lang='grc' dir='ltr'><strong>εί</strong></span> <span class='ocrx_word' id='word_1_298' title='bbox 816 1891 865 1917; x_wconf 79' lang='grc' dir='ltr'>καὶ</span> 
     </span>
    </p>
   </div>
   <div class='ocr_carea' id='block_1_40' title="bbox 66 1927 865 1969">
    <p class='ocr_par' dir='ltr' id='par_1_40' title="bbox 66 1927 865 1969">
     <span class='ocr_line' id='line_1_40' title="bbox 66 1927 865 1969; baseline 0.011 -17"><span class='ocrx_word' id='word_1_299' title='bbox 66 1927 200 1962; x_wconf 75' lang='grc' dir='ltr'>φοϐερὸν,</span> <span class='ocrx_word' id='word_1_300' title='bbox 224 1929 272 1955; x_wconf 80' lang='grc' dir='ltr'><strong>καὶ</strong></span> <span class='ocrx_word' id='word_1_301' title='bbox 290 1930 373 1957; x_wconf 82' lang='grc' dir='ltr'>αὑτὸν</span> <span class='ocrx_word' id='word_1_302' title='bbox 397 1931 443 1958; x_wconf 76' lang='grc' dir='ltr'>τὸν</span> <span class='ocrx_word' id='word_1_303' title='bbox 465 1931 520 1958; x_wconf 84' lang='grc' dir='ltr'>τῶν</span> <span class='ocrx_word' id='word_1_304' title='bbox 538 1932 622 1967; x_wconf 83' lang='grc' dir='ltr'>ἁγίων</span> <span class='ocrx_word' id='word_1_305' title='bbox 642 1934 797 1969; x_wconf 78' lang='grc' dir='ltr'>Δεσπότηνς</span> <span class='ocrx_word' id='word_1_306' title='bbox 817 1937 865 1968; x_wconf 86' lang='grc' dir='ltr'><strong>⁸·ος</strong></span> 
     </span>
    </p>
   </div>
   <div class='ocr_carea' id='block_1_41' title="bbox 64 1973 866 2012">
    <p class='ocr_par' dir='ltr' id='par_1_41' title="bbox 64 1973 866 2012">
     <span class='ocr_line' id='line_1_41' title="bbox 64 1973 866 2012; baseline 0.011 -14"><span class='ocrx_word' id='word_1_307' title='bbox 64 1973 127 2007; x_wconf 83' lang='grc' dir='ltr'><strong>γάρ</strong></span> <span class='ocrx_word' id='word_1_308' title='bbox 151 1973 238 2000; x_wconf 80' lang='grc' dir='ltr'>ταῦτα</span> <span class='ocrx_word' id='word_1_309' title='bbox 261 1974 462 2010; x_wconf 83' lang='grc' dir='ltr'>ἀπηγόρευσεν,</span> <span class='ocrx_word' id='word_1_310' title='bbox 484 1977 514 2004; x_wconf 84' lang='grc' dir='ltr'><strong>ού</strong></span> <span class='ocrx_word' id='word_1_311' title='bbox 536 1978 654 2012; x_wconf 85' lang='grc' dir='ltr'>δέχεται.</span> <span class='ocrx_word' id='word_1_312' title='bbox 679 1979 740 2005; x_wconf 79' lang='grc' dir='ltr'><strong>οὐδὲ</strong></span> <span class='ocrx_word' id='word_1_313' title='bbox 760 1981 866 2008; x_wconf 82' lang='grc' dir='ltr'>εὐδοκεῖ</span> 
     </span>
    </p>
   </div>
   <div class='ocr_carea' id='block_1_42' title="bbox 63 2018 864 2061">
    <p class='ocr_par' dir='ltr' id='par_1_42' title="bbox 63 2018 864 2061">
     <span class='ocr_line' id='line_1_42' title="bbox 63 2018 864 2061; baseline 0.01 -17"><span class='ocrx_word' id='word_1_314' title='bbox 63 2018 204 2053; x_wconf 77' lang='grc' dir='ltr'>δηλονότι,</span> <span class='ocrx_word' id='word_1_315' title='bbox 214 2018 282 2046; x_wconf 83' lang='grc' dir='ltr'>ἀλλὰ</span> <span class='ocrx_word' id='word_1_316' title='bbox 291 2020 353 2048; x_wconf 83' lang='grc' dir='ltr'>λίαν</span> <span class='ocrx_word' id='word_1_317' title='bbox 366 2021 513 2057; x_wconf 74' lang='grc' dir='ltr'>ἠπείλησεν</span> <span class='ocrx_word' id='word_1_318' title='bbox 525 2022 713 2058; x_wconf 77' lang='grc' dir='ltr'>ἀπαραίτητον</span> <span class='ocrx_word' id='word_1_319' title='bbox 726 2024 755 2050; x_wconf 83' lang='grc' dir='ltr'>τὸ</span> <span class='ocrx_word' id='word_1_320' title='bbox 767 2027 864 2061; x_wconf 79' lang='grc' dir='ltr'>κρῖμα.</span> 
     </span>
    </p>
   </div>
   <div class='ocr_carea' id='block_1_43' title="bbox 65 2063 864 2103">
    <p class='ocr_par' dir='ltr' id='par_1_43' title="bbox 65 2063 864 2103">
     <span class='ocr_line' id='line_1_43' title="bbox 65 2063 864 2103; baseline 0.01 -14"><span class='ocrx_word' id='word_1_321' title='bbox 65 2063 120 2090; x_wconf 77' lang='grc' dir='ltr'>καὶ</span> <span class='ocrx_word' id='word_1_322' title='bbox 134 2063 164 2089; x_wconf 83' lang='grc' dir='ltr'><strong>τὺ</strong></span> <span class='ocrx_word' id='word_1_323' title='bbox 181 2064 260 2098; x_wconf 88' lang='grc' dir='ltr'>μόνον</span> <span class='ocrx_word' id='word_1_324' title='bbox 275 2065 344 2099; x_wconf 83' lang='grc' dir='ltr'><strong>μετά</strong></span> <span class='ocrx_word' id='word_1_325' title='bbox 359 2066 454 2101; x_wconf 85' lang='grc' dir='ltr'>μοιχοῦ</span> <span class='ocrx_word' id='word_1_326' title='bbox 468 2067 517 2102; x_wconf 80' lang='grc' dir='ltr'>τὴν</span> <span class='ocrx_word' id='word_1_327' title='bbox 534 2068 631 2103; x_wconf 83' lang='grc' dir='ltr'>μερίδα</span> <span class='ocrx_word' id='word_1_328' title='bbox 643 2068 740 2101; x_wconf 83' lang='grc' dir='ltr'>θεῖναι,</span> <span class='ocrx_word' id='word_1_329' title='bbox 756 2070 787 2096; x_wconf 87' lang='grc' dir='ltr'>οὐ</span> <span class='ocrx_word' id='word_1_330' title='bbox 803 2070 864 2098; x_wconf 84' lang='grc' dir='ltr'>τοῦ-</span> 
     </span>
    </p>
   </div>
   <div class='ocr_carea' id='block_1_44' title="bbox 64 2109 865 2150">
    <p class='ocr_par' dir='ltr' id='par_1_44' title="bbox 64 2109 865 2150">
     <span class='ocr_line' id='line_1_44' title="bbox 64 2109 865 2150; baseline 0.01 -15"><span class='ocrx_word' id='word_1_331' title='bbox 64 2109 110 2140; x_wconf 73' lang='grc' dir='ltr'>δε,</span> <span class='ocrx_word' id='word_1_332' title='bbox 125 2109 143 2144; x_wconf 89' lang='grc' dir='ltr'><strong>ῆ</strong></span> <span class='ocrx_word' id='word_1_333' title='bbox 157 2110 246 2142; x_wconf 75' lang='grc' dir='ltr'>τοῦδε,</span> <span class='ocrx_word' id='word_1_334' title='bbox 267 2111 335 2138; x_wconf 79' lang='grc' dir='ltr'>ἀλλὰ</span> <span class='ocrx_word' id='word_1_335' title='bbox 355 2113 455 2144; x_wconf 85' lang='grc' dir='ltr'>παντὸς</span> <span class='ocrx_word' id='word_1_336' title='bbox 475 2113 639 2148; x_wconf 80' lang='grc' dir='ltr'>οὑτινοσοῦν,</span> <span class='ocrx_word' id='word_1_337' title='bbox 655 2115 798 2150; x_wconf 82' lang='grc' dir='ltr'>βασιλέως,</span> <span class='ocrx_word' id='word_1_338' title='bbox 819 2117 865 2144; x_wconf 88' lang='grc' dir='ltr'><strong>δυ-</strong></span> 
     </span>
    </p>
   </div>
   <div class='ocr_carea' id='block_1_45' title="bbox 65 2155 863 2196">
    <p class='ocr_par' dir='ltr' id='par_1_45' title="bbox 65 2155 863 2196">
     <span class='ocr_line' id='line_1_45' title="bbox 65 2155 863 2196; baseline 0.013 -16"><span class='ocrx_word' id='word_1_339' title='bbox 65 2155 184 2188; x_wconf 79' lang='grc' dir='ltr'>νάστου,</span> <span class='ocrx_word' id='word_1_340' title='bbox 203 2156 301 2191; x_wconf 81' lang='grc' dir='ltr'>μικροῦ</span> <span class='ocrx_word' id='word_1_341' title='bbox 325 2158 372 2184; x_wconf 83' lang='grc' dir='ltr'>καὶ</span> <span class='ocrx_word' id='word_1_342' title='bbox 395 2159 523 2193; x_wconf 86' lang='grc' dir='ltr'>μεγάλου.</span> <span class='ocrx_word' id='word_1_343' title='bbox 542 2158 588 2192; x_wconf 76' lang='grc' dir='ltr'>Εἷς</span> <span class='ocrx_word' id='word_1_344' title='bbox 603 2161 657 2196; x_wconf 82' lang='grc' dir='ltr'><strong>γὰρ</strong></span> <span class='ocrx_word' id='word_1_345' title='bbox 673 2161 755 2196; x_wconf 84' lang='grc' dir='ltr'>νόμος</span> <span class='ocrx_word' id='word_1_346' title='bbox 776 2162 863 2196; x_wconf 72' lang='grc' dir='ltr'>ἔσται,</span> 
     </span>
    </p>
   </div>
   <div class='ocr_carea' id='block_1_46' title="bbox 65 2201 864 2244">
    <p class='ocr_par' dir='ltr' id='par_1_46' title="bbox 65 2201 864 2244">
     <span class='ocr_line' id='line_1_46' title="bbox 65 2201 864 2244; baseline 0.011 -18"><span class='ocrx_word' id='word_1_347' title='bbox 65 2201 151 2235; x_wconf 80' lang='grc' dir='ltr'>φησὶ,</span> <span class='ocrx_word' id='word_1_348' title='bbox 169 2202 216 2228; x_wconf 80' lang='grc' dir='ltr'>καὶ</span> <span class='ocrx_word' id='word_1_349' title='bbox 238 2202 267 2228; x_wconf 80' lang='grc' dir='ltr'>ἓν</span> <span class='ocrx_word' id='word_1_350' title='bbox 290 2203 454 2244; x_wconf 73' lang='grc' dir='ltr'>Εὐαγγέλιον</span> <span class='ocrx_word' id='word_1_351' title='bbox 477 2206 686 2241; x_wconf 78' lang='grc' dir='ltr'>παρελάϐομεν·</span> <span class='ocrx_word' id='word_1_352' title='bbox 715 2207 763 2234; x_wconf 66' lang='grc' dir='ltr'><strong>καί¹</strong></span> <span class='ocrx_word' id='word_1_353' title='bbox 785 2207 813 2239; x_wconf 82' lang='grc' dir='ltr'>ὃς</span> <span class='ocrx_word' id='word_1_354' title='bbox 832 2209 864 2235; x_wconf 79' lang='grc' dir='ltr'>ἐκ</span> 
     </span>
    </p>
   </div>
   <div class='ocr_carea' id='block_1_47' title="bbox 65 2247 901 2292">
    <p class='ocr_par' dir='ltr' id='par_1_47' title="bbox 65 2247 901 2292">
     <span class='ocr_line' id='line_1_47' title="bbox 65 2247 901 2292; baseline 0.011 -19"><span class='ocrx_word' id='word_1_355' title='bbox 65 2247 149 2274; x_wconf 84' lang='grc' dir='ltr'>τοῦδε</span> <span class='ocrx_word' id='word_1_356' title='bbox 171 2248 219 2275; x_wconf 85' lang='grc' dir='ltr'><strong>τοῦ</strong></span> <span class='ocrx_word' id='word_1_357' title='bbox 237 2249 404 2284; x_wconf 83' lang='grc' dir='ltr'>Εὑαγγελίου</span> <span class='ocrx_word' id='word_1_358' title='bbox 423 2251 474 2278; x_wconf 78' lang='grc' dir='ltr'>κᾶν</span> <span class='ocrx_word' id='word_1_359' title='bbox 499 2252 530 2278; x_wconf 73' lang='grc' dir='ltr'><strong>τὸ</strong></span> <span class='ocrx_word' id='word_1_360' title='bbox 544 2253 624 2287; x_wconf 77' lang='grc' dir='ltr'>τυχὸν</span> <span class='ocrx_word' id='word_1_361' title='bbox 647 2255 862 2289; x_wconf 84' lang='grc' dir='ltr'>παρασαλεύσοι,</span> <span class='ocrx_word' id='word_1_362' title='bbox 879 2265 901 2292; x_wconf 80' lang='grc' dir='ltr'><strong>ι)</strong></span> 
     </span>
    </p>
   </div>
   <div class='ocr_carea' id='block_1_48' title="bbox 65 2293 862 2335">
    <p class='ocr_par' dir='ltr' id='par_1_48' title="bbox 65 2293 862 2335">
     <span class='ocr_line' id='line_1_48' title="bbox 65 2293 862 2335; baseline 0.01 -16"><span class='ocrx_word' id='word_1_363' title='bbox 65 2293 123 2320; x_wconf 78' lang='grc' dir='ltr'>κᾶν</span> <span class='ocrx_word' id='word_1_364' title='bbox 143 2293 262 2328; x_wconf 77' lang='grc' dir='ltr'>ἄγγελος</span> <span class='ocrx_word' id='word_1_365' title='bbox 280 2296 309 2329; x_wconf 81' lang='grc' dir='ltr'><strong>ἐξ</strong></span> <span class='ocrx_word' id='word_1_366' title='bbox 326 2296 454 2332; x_wconf 81' lang='grc' dir='ltr'>οὐρανοῦ,</span> <span class='ocrx_word' id='word_1_367' title='bbox 469 2299 550 2332; x_wconf 83' lang='grc' dir='ltr'><strong>ἀρκεῖ</strong></span> <span class='ocrx_word' id='word_1_368' title='bbox 565 2306 607 2324; x_wconf 91' lang='grc' dir='ltr'><strong>σοι</strong></span> <span class='ocrx_word' id='word_1_369' title='bbox 625 2299 642 2333; x_wconf 82' lang='grc' dir='ltr'>ἡ</span> <span class='ocrx_word' id='word_1_370' title='bbox 657 2299 801 2333; x_wconf 79' lang='grc' dir='ltr'>ἀσφάλεια.</span> <span class='ocrx_word' id='word_1_371' title='bbox 817 2300 862 2335; x_wconf 85' lang='grc' dir='ltr'><strong>Μὴ</strong></span> 
     </span>
    </p>
   </div>
   <div class='ocr_carea' id='block_1_49' title="bbox 66 2340 862 2381">
    <p class='ocr_par' dir='ltr' id='par_1_49' title="bbox 66 2340 862 2381">
     <span class='ocr_line' id='line_1_49' title="bbox 66 2340 862 2381; baseline 0.009 -16"><span class='ocrx_word' id='word_1_372' title='bbox 66 2340 200 2374; x_wconf 76' lang='grc' dir='ltr'>βασιλεὺς</span> <span class='ocrx_word' id='word_1_373' title='bbox 217 2341 318 2375; x_wconf 79' lang='grc' dir='ltr'>μείζων</span> <span class='ocrx_word' id='word_1_374' title='bbox 334 2343 452 2376; x_wconf 81' lang='grc' dir='ltr'>ἀγγέλου</span> <span class='ocrx_word' id='word_1_375' title='bbox 466 2352 473 2376; x_wconf 93' lang='grc'><strong>;</strong></span> <span class='ocrx_word' id='word_1_376' title='bbox 488 2343 534 2378; x_wconf 81' lang='grc' dir='ltr'><strong>Μὴ</strong></span> <span class='ocrx_word' id='word_1_377' title='bbox 547 2344 608 2378; x_wconf 78' lang='grc' dir='ltr'>οὐχὶ</span> <span class='ocrx_word' id='word_1_378' title='bbox 628 2344 642 2370; x_wconf 83' lang='grc' dir='ltr'><strong>ὀ</strong></span> <span class='ocrx_word' id='word_1_379' title='bbox 662 2346 862 2381; x_wconf 81' lang='grc' dir='ltr'>κοσμοκράτωρ</span> 
     </span>
    </p>
   </div>
   <div class='ocr_carea' id='block_1_50' title="bbox 64 2386 862 2426">
    <p class='ocr_par' dir='ltr' id='par_1_50' title="bbox 64 2386 862 2426">
     <span class='ocr_line' id='line_1_50' title="bbox 64 2386 862 2426; baseline 0.008 -15"><span class='ocrx_word' id='word_1_380' title='bbox 64 2386 97 2412; x_wconf 81' lang='grc' dir='ltr'>ἐν</span> <span class='ocrx_word' id='word_1_381' title='bbox 112 2386 152 2420; x_wconf 84' lang='grc' dir='ltr'>τῷ</span> <span class='ocrx_word' id='word_1_382' title='bbox 169 2386 266 2421; x_wconf 73' lang='grc' dir='ltr'>κόσμῳ</span> <span class='ocrx_word' id='word_1_383' title='bbox 289 2387 389 2421; x_wconf 79' lang='grc' dir='ltr'>μείζων</span> <span class='ocrx_word' id='word_1_384' title='bbox 408 2389 516 2415; x_wconf 80' lang='grc' dir='ltr'>πάντων</span> <span class='ocrx_word' id='word_1_385' title='bbox 530 2389 585 2414; x_wconf 85' lang='grc' dir='ltr'>τῶν</span> <span class='ocrx_word' id='word_1_386' title='bbox 599 2391 862 2426; x_wconf 73' lang='grc' dir='ltr'>κοσμοκρατορικῶς</span> 
     </span>
    </p>
   </div>
   <div class='ocr_carea' id='block_1_51' title="bbox 64 2432 863 2471">
    <p class='ocr_par' dir='ltr' id='par_1_51' title="bbox 64 2432 863 2471">
     <span class='ocr_line' id='line_1_51' title="bbox 64 2432 863 2471; baseline 0.006 -13"><span class='ocrx_word' id='word_1_387' title='bbox 64 2432 244 2466; x_wconf 64' lang='grc' dir='ltr'>κρατούντων</span> <span class='ocrx_word' id='word_1_388' title='bbox 255 2432 397 2467; x_wconf 66' lang='grc' dir='ltr'>δαιμόνων</span> <span class='ocrx_word' id='word_1_389' title='bbox 417 2434 466 2460; x_wconf 73' lang='grc' dir='ltr'><strong>καὶ</strong></span> <span class='ocrx_word' id='word_1_390' title='bbox 482 2433 644 2469; x_wconf 81' lang='grc' dir='ltr'>ἀνθρώπων.</span> <span class='ocrx_word' id='word_1_391' title='bbox 657 2435 716 2462; x_wconf 80' lang='grc' dir='ltr'>ἀλλ’</span> <span class='ocrx_word' id='word_1_392' title='bbox 729 2436 790 2471; x_wconf 81' lang='grc' dir='ltr'>οὐχὶ</span> <span class='ocrx_word' id='word_1_393' title='bbox 808 2436 863 2462; x_wconf 87' lang='grc' dir='ltr'>θεῖ-</span> 
     </span>
    </p>
   </div>
   <div class='ocr_carea' id='block_1_52' title="bbox 65 2477 862 2516">
    <p class='ocr_par' dir='ltr' id='par_1_52' title="bbox 65 2477 862 2516">
     <span class='ocr_line' id='line_1_52' title="bbox 65 2477 862 2516; baseline 0.008 -14"><span class='ocrx_word' id='word_1_394' title='bbox 65 2477 142 2510; x_wconf 81' lang='grc' dir='ltr'><strong>κῶς;</strong></span> <span class='ocrx_word' id='word_1_395' title='bbox 161 2478 216 2503; x_wconf 83' lang='grc' dir='ltr'><strong>Καὶ</strong></span> <span class='ocrx_word' id='word_1_396' title='bbox 228 2478 254 2504; x_wconf 87' lang='grc' dir='ltr'><strong>τί</strong></span> <span class='ocrx_word' id='word_1_397' title='bbox 269 2479 282 2504; x_wconf 72' lang='grc' dir='ltr'><strong><em>ὦ</em></strong></span> <span class='ocrx_word' id='word_1_398' title='bbox 300 2479 477 2513; x_wconf 75' lang='grc' dir='ltr'>’Λπόστολος;</span> <span class='ocrx_word' id='word_1_399' title='bbox 495 2479 631 2515; x_wconf 78' lang='grc' dir='ltr'>Ἀνάθεμα</span> <span class='ocrx_word' id='word_1_400' title='bbox 642 2480 721 2507; x_wconf 74' lang='grc' dir='ltr'>ἔστω.</span> <span class='ocrx_word' id='word_1_401' title='bbox 732 2481 862 2516; x_wconf 78' lang='grc' dir='ltr'>Ἀγγελοι</span> 
     </span>
    </p>
   </div>
   <div class='ocr_carea' id='block_1_53' title="bbox 65 2522 861 2562">
    <p class='ocr_par' dir='ltr' id='par_1_53' title="bbox 65 2522 861 2562">
     <span class='ocr_line' id='line_1_53' title="bbox 65 2522 861 2562; baseline 0.008 -14"><span class='ocrx_word' id='word_1_402' title='bbox 65 2523 99 2548; x_wconf 72' lang='grc' dir='ltr'>οὐ</span> <span class='ocrx_word' id='word_1_403' title='bbox 115 2522 237 2557; x_wconf 85' lang='grc' dir='ltr'>τολμῶσι</span> <span class='ocrx_word' id='word_1_404' title='bbox 255 2524 472 2558; x_wconf 77' lang='grc' dir='ltr'>παρασαλεῦσαι,</span> <span class='ocrx_word' id='word_1_405' title='bbox 490 2525 550 2552; x_wconf 80' lang='grc' dir='ltr'><strong>οὐδὲ</strong></span> <span class='ocrx_word' id='word_1_406' title='bbox 573 2526 732 2558; x_wconf 83' lang='grc' dir='ltr'>σαλεύοντες</span> <span class='ocrx_word' id='word_1_407' title='bbox 750 2527 861 2562; x_wconf 71' lang='grc' dir='ltr'>μένουσι</span> 
     </span>
    </p>
   </div>
   <div class='ocr_carea' id='block_1_54' title="bbox 68 2567 862 2606">
    <p class='ocr_par' dir='ltr' id='par_1_54' title="bbox 68 2567 862 2606">
     <span class='ocr_line' id='line_1_54' title="bbox 68 2567 862 2606; baseline 0.008 -13"><span class='ocrx_word' id='word_1_408' title='bbox 68 2567 108 2603; x_wconf 78' lang='grc' dir='ltr'>μὴ</span> <span class='ocrx_word' id='word_1_409' title='bbox 125 2567 399 2602; x_wconf 78' lang='grc' dir='ltr'>ἁναθεματιζόμενοι,</span> <span class='ocrx_word' id='word_1_410' title='bbox 415 2569 452 2601; x_wconf 84' lang='grc' dir='ltr'>ὡς</span> <span class='ocrx_word' id='word_1_411' title='bbox 474 2571 488 2596; x_wconf 86' lang='grc' dir='ltr'>ό</span> <span class='ocrx_word' id='word_1_412' title='bbox 505 2570 626 2602; x_wconf 81' lang='grc' dir='ltr'>διάὸολος</span> <span class='ocrx_word' id='word_1_413' title='bbox 644 2571 691 2598; x_wconf 76' lang='grc' dir='ltr'>καὶ</span> <span class='ocrx_word' id='word_1_414' title='bbox 707 2572 723 2606; x_wconf 85' lang='grc' dir='ltr'>ἡ</span> <span class='ocrx_word' id='word_1_415' title='bbox 741 2572 862 2600; x_wconf 77' lang='grc' dir='ltr'>ἀποστα-</span> 
     </span>
    </p>
   </div>
   <div class='ocr_carea' id='block_1_55' title="bbox 65 2612 864 2654">
    <p class='ocr_par' dir='ltr' id='par_1_55' title="bbox 65 2612 864 2654">
     <span class='ocr_line' id='line_1_55' title="bbox 65 2612 864 2654; baseline 0.01 -17"><span class='ocrx_word' id='word_1_416' title='bbox 65 2612 133 2647; x_wconf 79' lang='grc' dir='ltr'>τικὴ</span> <span class='ocrx_word' id='word_1_417' title='bbox 145 2612 230 2639; x_wconf 85' lang='grc' dir='ltr'>αὑτοῦ</span> <span class='ocrx_word' id='word_1_418' title='bbox 246 2612 361 2648; x_wconf 85' lang='grc' dir='ltr'>πληθύς.</span> <span class='ocrx_word' id='word_1_419' title='bbox 376 2614 432 2640; x_wconf 76' lang='grc' dir='ltr'><strong>Καὶ</strong></span> <span class='ocrx_word' id='word_1_420' title='bbox 444 2615 502 2646; x_wconf 86' lang='grc' dir='ltr'><strong>πῶς</strong></span> <span class='ocrx_word' id='word_1_421' title='bbox 515 2615 660 2650; x_wconf 77' lang='grc' dir='ltr'>ἅνθρωπος</span> <span class='ocrx_word' id='word_1_422' title='bbox 672 2618 725 2649; x_wconf 76' lang='grc' dir='ltr'><strong>πᾶς</strong></span> <span class='ocrx_word' id='word_1_423' title='bbox 737 2618 767 2644; x_wconf 81' lang='grc' dir='ltr'>ὲν</span> <span class='ocrx_word' id='word_1_424' title='bbox 782 2619 864 2654; x_wconf 77' lang='grc' dir='ltr'>σαρκὶ</span> 
     </span>
    </p>
   </div>
   <div class='ocr_carea' id='block_1_56' title="bbox 64 2657 864 2696">
    <p class='ocr_par' dir='ltr' id='par_1_56' title="bbox 64 2657 864 2696">
     <span class='ocr_line' id='line_1_56' title="bbox 64 2657 864 2696; baseline 0.009 -13"><span class='ocrx_word' id='word_1_425' title='bbox 64 2657 116 2690; x_wconf 77' lang='grc' dir='ltr'><strong>ὢν,</strong></span> <span class='ocrx_word' id='word_1_426' title='bbox 135 2657 259 2685; x_wconf 88' lang='grc' dir='ltr'>σαλεύων</span> <span class='ocrx_word' id='word_1_427' title='bbox 277 2659 324 2686; x_wconf 70' lang='grc' dir='ltr'>καὶ</span> <span class='ocrx_word' id='word_1_428' title='bbox 339 2660 520 2696; x_wconf 85' lang='grc' dir='ltr'>καινοτομῶν,</span> <span class='ocrx_word' id='word_1_429' title='bbox 536 2661 584 2688; x_wconf 74' lang='grc' dir='ltr'>καὶ</span> <span class='ocrx_word' id='word_1_430' title='bbox 601 2662 719 2696; x_wconf 79' lang='grc' dir='ltr'>μάλιστα</span> <span class='ocrx_word' id='word_1_431' title='bbox 735 2664 864 2695; x_wconf 81' lang='grc' dir='ltr'>τοιαύτας</span> 
     </span>
    </p>
   </div>
   <div class='ocr_carea' id='block_1_57' title="bbox 66 2704 864 2742">
    <p class='ocr_par' dir='ltr' id='par_1_57' title="bbox 66 2704 864 2742">
     <span class='ocr_line' id='line_1_57' title="bbox 66 2704 864 2742; baseline 0.006 -13"><span class='ocrx_word' id='word_1_432' title='bbox 66 2704 262 2738; x_wconf 71' lang='grc' dir='ltr'>καινοτομίας,</span> <span class='ocrx_word' id='word_1_433' title='bbox 275 2705 326 2731; x_wconf 76' lang='grc' dir='ltr'>οὐκ</span> <span class='ocrx_word' id='word_1_434' title='bbox 341 2705 480 2741; x_wconf 83' lang='grc' dir='ltr'>ἀλλότριος</span> <span class='ocrx_word' id='word_1_435' title='bbox 496 2706 563 2732; x_wconf 88' lang='grc' dir='ltr'>Θεοῦ</span> <span class='ocrx_word' id='word_1_436' title='bbox 574 2715 581 2739; x_wconf 90' lang='grc'><strong>;</strong></span> <span class='ocrx_word' id='word_1_437' title='bbox 600 2707 648 2738; x_wconf 82' lang='grc' dir='ltr'>’ος</span> <span class='ocrx_word' id='word_1_438' title='bbox 659 2706 688 2733; x_wconf 75' lang='grc' dir='ltr'><strong>δὲ</strong></span> <span class='ocrx_word' id='word_1_439' title='bbox 701 2707 732 2734; x_wconf 86' lang='grc' dir='ltr'>οὐ</span> <span class='ocrx_word' id='word_1_440' title='bbox 745 2707 864 2742; x_wconf 78' lang='grc' dir='ltr'>δέχεται,</span> 
     </span>
    </p>
   </div>
   <div class='ocr_carea' id='block_1_58' title="bbox 64 2748 866 2788">
    <p class='ocr_par' dir='ltr' id='par_1_58' title="bbox 64 2748 866 2788">
     <span class='ocr_line' id='line_1_58' title="bbox 64 2748 866 2788; baseline 0.006 -13"><span class='ocrx_word' id='word_1_441' title='bbox 64 2749 87 2776; x_wconf 77' lang='grc' dir='ltr'>ἁ</span> <span class='ocrx_word' id='word_1_442' title='bbox 104 2750 299 2785; x_wconf 75' lang='grc' dir='ltr'>ἀπηγόρευσεν</span> <span class='ocrx_word' id='word_1_443' title='bbox 311 2750 492 2786; x_wconf 79' lang='grc' dir='ltr'>(ἀναληπτέος</span> <span class='ocrx_word' id='word_1_444' title='bbox 505 2752 558 2787; x_wconf 83' lang='grc' dir='ltr'><strong>γὰρ</strong></span> <span class='ocrx_word' id='word_1_445' title='bbox 574 2752 603 2784; x_wconf 75' lang='grc' dir='ltr'><strong>ἐξ</strong></span> <span class='ocrx_word' id='word_1_446' title='bbox 619 2748 650 2778; x_wconf 76' lang='grc' dir='ltr'>οὗ</span> <span class='ocrx_word' id='word_1_447' title='bbox 666 2753 707 2784; x_wconf 84' lang='grc' dir='ltr'><strong>είς</strong></span> <span class='ocrx_word' id='word_1_448' title='bbox 720 2753 866 2788; x_wconf 78' lang='grc' dir='ltr'>μεταευλο-</span> 
     </span>
    </p>
   </div>
   <div class='ocr_carea' id='block_1_59' title="bbox 66 2794 861 2834">
    <p class='ocr_par' dir='ltr' id='par_1_59' title="bbox 66 2794 861 2834">
     <span class='ocr_line' id='line_1_59' title="bbox 66 2794 861 2834; baseline 0.005 -12"><span class='ocrx_word' id='word_1_449' title='bbox 66 2795 136 2828; x_wconf 81' lang='grc' dir='ltr'>γιαν</span> <span class='ocrx_word' id='word_1_450' title='bbox 150 2795 287 2830; x_wconf 82' lang='grc' dir='ltr'>μετῆλθεν</span> <span class='ocrx_word' id='word_1_451' title='bbox 299 2797 313 2823; x_wconf 81' lang='grc' dir='ltr'><strong>ό</strong></span> <span class='ocrx_word' id='word_1_452' title='bbox 325 2796 414 2833; x_wconf 85' lang='grc' dir='ltr'>λόγος)</span> <span class='ocrx_word' id='word_1_453' title='bbox 426 2794 503 2829; x_wconf 78' lang='grc' dir='ltr'>οὗτος</span> <span class='ocrx_word' id='word_1_454' title='bbox 514 2798 583 2824; x_wconf 75' lang='grc' dir='ltr'>κατᾶ</span> <span class='ocrx_word' id='word_1_455' title='bbox 595 2798 659 2830; x_wconf 82' lang='grc' dir='ltr'>τοὺς</span> <span class='ocrx_word' id='word_1_456' title='bbox 672 2799 861 2834; x_wconf 82' lang='grc' dir='ltr'>Μοιχειανοὺς,</span> 
     </span>
    </p>
   </div>
   <div class='ocr_carea' id='block_1_60' title="bbox 71 2840 863 2879">
    <p class='ocr_par' dir='ltr' id='par_1_60' title="bbox 71 2840 863 2879">
     <span class='ocr_line' id='line_1_60' title="bbox 71 2840 863 2879; baseline 0.008 -13"><span class='ocrx_word' id='word_1_457' title='bbox 71 2840 174 2877; x_wconf 65' lang='grc' dir='ltr'>μᾶλλον</span> <span class='ocrx_word' id='word_1_458' title='bbox 187 2841 216 2867; x_wconf 77' lang='grc' dir='ltr'><strong>δὲ</strong></span> <span class='ocrx_word' id='word_1_459' title='bbox 241 2841 454 2877; x_wconf 80' lang='grc' dir='ltr'>’Δντιχρίστους,</span> <span class='ocrx_word' id='word_1_460' title='bbox 471 2843 523 2878; x_wconf 75' lang='grc' dir='ltr'><strong>ἢδη</strong></span> <span class='ocrx_word' id='word_1_461' title='bbox 538 2843 762 2879; x_wconf 78' lang='grc' dir='ltr'>ἀναθεμάτισται.</span> <span class='ocrx_word' id='word_1_462' title='bbox 781 2846 811 2872; x_wconf 85' lang='grc' dir='ltr'>Εἰ</span> <span class='ocrx_word' id='word_1_463' title='bbox 835 2845 863 2871; x_wconf 75' lang='grc' dir='ltr'><strong>δὲ</strong></span> 
     </span>
    </p>
   </div>
   <div class='ocr_carea' id='block_1_61' title="bbox 117 2897 678 2933">
    <p class='ocr_par' dir='ltr' id='par_1_61' title="bbox 117 2897 678 2933">
     <span class='ocr_line' id='line_1_61' title="bbox 117 2897 678 2933; baseline 0.002 -8"><span class='ocrx_word' id='word_1_464' title='bbox 117 2897 138 2914; x_wconf 79' lang='grc'><strong><em>³⁸</em></strong></span> <span class='ocrx_word' id='word_1_465' title='bbox 151 2898 248 2926; x_wconf 73' lang='lat' dir='ltr'><strong>Matth.</strong></span> <span class='ocrx_word' id='word_1_466' title='bbox 262 2907 337 2931; x_wconf 74' lang='lat' dir='ltr'><strong>xxiv.</strong></span> <span class='ocrx_word' id='word_1_467' title='bbox 349 2899 394 2926; x_wconf 71' lang='grc'><strong>22.</strong></span> <span class='ocrx_word' id='word_1_468' title='bbox 434 2900 454 2915; x_wconf 89' lang='grc'><strong>³¹</strong></span> <span class='ocrx_word' id='word_1_469' title='bbox 470 2900 555 2928; x_wconf 83' lang='lat' dir='ltr'><strong>Exod.</strong></span> <span class='ocrx_word' id='word_1_470' title='bbox 570 2909 617 2933; x_wconf 84' lang='lat' dir='ltr'><strong>xu,</strong></span> <span class='ocrx_word' id='word_1_471' title='bbox 633 2901 678 2928; x_wconf 64' lang='lat'><strong>49.</strong></span> 
     </span>
    </p>
   </div>
   <div class='ocr_carea' id='block_1_62' title="bbox 217 2948 550 2980">
    <p class='ocr_par' dir='ltr' id='par_1_62' title="bbox 217 2948 550 2980">
     <span class='ocr_line' id='line_1_62' title="bbox 217 2948 550 2980; baseline -0.003 -1"><span class='ocrx_word' id='word_1_472' title='bbox 217 2948 352 2979; x_wconf 76' lang='grc' dir='ltr'>ΡΑτ-ιιοι.</span> <span class='ocrx_word' id='word_1_473' title='bbox 368 2948 428 2979; x_wconf 80' lang='lat' dir='ltr'><strong>Gn.</strong></span> <span class='ocrx_word' id='word_1_474' title='bbox 443 2949 550 2980; x_wconf 82' lang='lat' dir='ltr'><strong>XCIX.</strong></span> 
     </span>
    </p>
   </div>
   <div class='ocr_carea' id='block_1_63' title="bbox 925 285 1712 320">
    <p class='ocr_par' dir='ltr' id='par_1_63' title="bbox 925 285 1712 320">
     <span class='ocr_line' id='line_1_63' title="bbox 925 285 1712 320; baseline 0.003 -8"><span class='ocrx_word' id='word_1_475' title='bbox 925 285 957 312; x_wconf 89' lang='lat' dir='ltr'><strong>Et</strong></span> <span class='ocrx_word' id='word_1_476' title='bbox 973 286 1109 320; x_wconf 88' lang='lat' dir='ltr'><strong>quomodo</strong></span> <span class='ocrx_word' id='word_1_477' title='bbox 1121 293 1154 313; x_wconf 81' lang='lat' dir='ltr'><strong>ex</strong></span> <span class='ocrx_word' id='word_1_478' title='bbox 1168 285 1210 313; x_wconf 89' lang='lat' dir='ltr'><strong>his</strong></span> <span class='ocrx_word' id='word_1_479' title='bbox 1229 285 1415 313; x_wconf 79' lang='lat' dir='ltr'><strong>Antichristus</strong></span> <span class='ocrx_word' id='word_1_480' title='bbox 1430 293 1485 312; x_wconf 91' lang='lat' dir='ltr'><strong>non</strong></span> <span class='ocrx_word' id='word_1_481' title='bbox 1499 285 1637 313; x_wconf 72' lang='lat' dir='ltr'><strong>videbitur</strong></span> <span class='ocrx_word' id='word_1_482' title='bbox 1649 294 1712 314; x_wconf 87' lang='lat' dir='ltr'><strong>esse</strong></span> 
     </span>
    </p>
   </div>
   <div class='ocr_carea' id='block_1_64' title="bbox 922 330 1709 365">
    <p class='ocr_par' dir='ltr' id='par_1_64' title="bbox 922 330 1709 365">
     <span class='ocr_line' id='line_1_64' title="bbox 922 330 1709 365; baseline 0.001 -8"><span class='ocrx_word' id='word_1_483' title='bbox 922 330 949 357; x_wconf 91' lang='lat' dir='ltr'><strong>in</strong></span> <span class='ocrx_word' id='word_1_484' title='bbox 961 330 1072 365; x_wconf 86' lang='lat' dir='ltr'><strong>januis?</strong></span> <span class='ocrx_word' id='word_1_485' title='bbox 1093 331 1153 358; x_wconf 83' lang='lat' dir='ltr'><strong>Non</strong></span> <span class='ocrx_word' id='word_1_486' title='bbox 1173 330 1246 358; x_wconf 89' lang='lat' dir='ltr'><strong>enim</strong></span> <span class='ocrx_word' id='word_1_487' title='bbox 1269 330 1360 359; x_wconf 80' lang='lat' dir='ltr'><strong>dicere</strong></span> <span class='ocrx_word' id='word_1_488' title='bbox 1380 331 1520 358; x_wconf 85' lang='lat' dir='ltr'><strong>audebunt</strong></span> <span class='ocrx_word' id='word_1_489' title='bbox 1545 331 1709 359; x_wconf 82' lang='lat' dir='ltr'><strong>Mcechiani:</strong></span> 
     </span>
    </p>
   </div>
   <div class='ocr_carea' id='block_1_65' title="bbox 922 376 1710 413">
    <p class='ocr_par' dir='ltr' id='par_1_65' title="bbox 922 376 1710 413">
     <span class='ocr_line' id='line_1_65' title="bbox 922 376 1710 413; baseline 0.003 -10"><span class='ocrx_word' id='word_1_490' title='bbox 922 376 1017 403; x_wconf 85' lang='lat' dir='ltr'><strong>Nonne</strong></span> <span class='ocrx_word' id='word_1_491' title='bbox 1032 385 1078 404; x_wconf 81' lang='lat' dir='ltr'><strong>rex</strong></span> <span class='ocrx_word' id='word_1_492' title='bbox 1089 398 1097 410; x_wconf 89' lang='lat'><strong>,</strong></span> <span class='ocrx_word' id='word_1_493' title='bbox 1112 377 1219 404; x_wconf 88' lang='lat' dir='ltr'><strong>etiamsi</strong></span> <span class='ocrx_word' id='word_1_494' title='bbox 1234 382 1345 412; x_wconf 85' lang='lat' dir='ltr'><strong>peccet,</strong></span> <span class='ocrx_word' id='word_1_495' title='bbox 1363 377 1427 404; x_wconf 89' lang='lat' dir='ltr'><strong>facit</strong></span> <span class='ocrx_word' id='word_1_496' title='bbox 1441 385 1473 405; x_wconf 85' lang='lat' dir='ltr'><strong>ac</strong></span> <span class='ocrx_word' id='word_1_497' title='bbox 1485 377 1563 413; x_wconf 87' lang='lat' dir='ltr'><strong>jubet</strong></span> <span class='ocrx_word' id='word_1_498' title='bbox 1578 383 1608 405; x_wconf 88' lang='lat' dir='ltr'><strong>ut</strong></span> <span class='ocrx_word' id='word_1_499' title='bbox 1622 385 1710 413; x_wconf 79' lang='lat' dir='ltr'><strong>popn-</strong></span> 
     </span>
    </p>
   </div>
   <div class='ocr_carea' id='block_1_66' title="bbox 922 421 1714 460">
    <p class='ocr_par' dir='ltr' id='par_1_66' title="bbox 922 421 1714 460">
     <span class='ocr_line' id='line_1_66' title="bbox 922 421 1714 460; baseline 0.004 -12"><span class='ocrx_word' id='word_1_500' title='bbox 922 421 964 448; x_wconf 86' lang='lat' dir='ltr'><strong>lus</strong></span> <span class='ocrx_word' id='word_1_501' title='bbox 979 421 1031 457; x_wconf 79' lang='lat' dir='ltr'><strong>legi</strong></span> <span class='ocrx_word' id='word_1_502' title='bbox 1047 423 1162 457; x_wconf 87' lang='lat' dir='ltr'><strong>pareat?</strong></span> <span class='ocrx_word' id='word_1_503' title='bbox 1176 422 1208 449; x_wconf 86' lang='lat' dir='ltr'><strong>Et</strong></span> <span class='ocrx_word' id='word_1_504' title='bbox 1232 431 1297 450; x_wconf 71' lang='lat' dir='ltr'><strong>cere</strong></span> <span class='ocrx_word' id='word_1_505' title='bbox 1318 423 1346 450; x_wconf 90' lang='lat' dir='ltr'><strong>in</strong></span> <span class='ocrx_word' id='word_1_506' title='bbox 1363 422 1472 450; x_wconf 88' lang='lat' dir='ltr'><strong>illorum</strong></span> <span class='ocrx_word' id='word_1_507' title='bbox 1490 431 1616 451; x_wconf 83' lang='lat' dir='ltr'><strong>sermone</strong></span> <span class='ocrx_word' id='word_1_508' title='bbox 1633 432 1714 460; x_wconf 90' lang='lat' dir='ltr'><strong>pror-</strong></span> 
     </span>
    </p>
   </div>
   <div class='ocr_carea' id='block_1_67' title="bbox 922 468 1713 505">
    <p class='ocr_par' dir='ltr' id='par_1_67' title="bbox 922 468 1713 505">
     <span class='ocr_line' id='line_1_67' title="bbox 922 468 1713 505; baseline 0.004 -10"><span class='ocrx_word' id='word_1_509' title='bbox 922 475 970 496; x_wconf 86' lang='lat' dir='ltr'><strong>sus</strong></span> <span class='ocrx_word' id='word_1_510' title='bbox 984 468 1095 495; x_wconf 90' lang='lat' dir='ltr'><strong>advenit</strong></span> <span class='ocrx_word' id='word_1_511' title='bbox 1107 468 1298 496; x_wconf 81' lang='lat' dir='ltr'><strong>Antichristus.</strong></span> <span class='ocrx_word' id='word_1_512' title='bbox 1317 468 1384 496; x_wconf 88' lang='lat' dir='ltr'><strong>Nam</strong></span> <span class='ocrx_word' id='word_1_513' title='bbox 1398 476 1461 496; x_wconf 89' lang='lat' dir='ltr'><strong>cum</strong></span> <span class='ocrx_word' id='word_1_514' title='bbox 1478 473 1506 496; x_wconf 90' lang='lat' dir='ltr'><strong>et</strong></span> <span class='ocrx_word' id='word_1_515' title='bbox 1521 470 1579 504; x_wconf 88' lang='lat' dir='ltr'><strong>ipse</strong></span> <span class='ocrx_word' id='word_1_516' title='bbox 1600 478 1648 497; x_wconf 95' lang='lat' dir='ltr'><strong>rex</strong></span> <span class='ocrx_word' id='word_1_517' title='bbox 1662 470 1713 505; x_wconf 88' lang='lat' dir='ltr'><strong>sit,</strong></span> 
     </span>
    </p>
   </div>
   <div class='ocr_carea' id='block_1_68' title="bbox 922 513 1712 551">
    <p class='ocr_par' dir='ltr' id='par_1_68' title="bbox 922 513 1712 551">
     <span class='ocr_line' id='line_1_68' title="bbox 922 513 1712 551; baseline 0.003 -11"><span class='ocrx_word' id='word_1_518' title='bbox 922 517 980 540; x_wconf 83' lang='lat' dir='ltr'><strong>tum</strong></span> <span class='ocrx_word' id='word_1_519' title='bbox 1003 513 1030 541; x_wconf 90' lang='lat' dir='ltr'><strong>id</strong></span> <span class='ocrx_word' id='word_1_520' title='bbox 1048 513 1180 540; x_wconf 75' lang='lat' dir='ltr'><strong>duntaxat</strong></span> <span class='ocrx_word' id='word_1_521' title='bbox 1200 514 1271 549; x_wconf 92' lang='lat' dir='ltr'><strong>quod</strong></span> <span class='ocrx_word' id='word_1_522' title='bbox 1287 514 1344 541; x_wconf 84' lang='lat' dir='ltr'><strong>vult</strong></span> <span class='ocrx_word' id='word_1_523' title='bbox 1367 519 1394 542; x_wconf 91' lang='lat' dir='ltr'><strong>ct</strong></span> <span class='ocrx_word' id='word_1_524' title='bbox 1416 515 1500 548; x_wconf 81' lang='lat' dir='ltr'><strong>dicit,</strong></span> <span class='ocrx_word' id='word_1_525' title='bbox 1527 515 1584 542; x_wconf 80' lang='lat' dir='ltr'><strong>ﬁeri</strong></span> <span class='ocrx_word' id='word_1_526' title='bbox 1606 516 1712 551; x_wconf 84' lang='lat' dir='ltr'><strong>exiget:</strong></span> 
     </span>
    </p>
   </div>
   <div class='ocr_carea' id='block_1_69' title="bbox 922 558 1714 593">
    <p class='ocr_par' dir='ltr' id='par_1_69' title="bbox 922 558 1714 593">
     <span class='ocr_line' id='line_1_69' title="bbox 922 558 1714 593; baseline 0.001 -8"><span class='ocrx_word' id='word_1_527' title='bbox 922 565 1013 593; x_wconf 90' lang='lat' dir='ltr'><strong>neque</strong></span> <span class='ocrx_word' id='word_1_528' title='bbox 1024 558 1059 585; x_wconf 89' lang='lat' dir='ltr'><strong>ab</strong></span> <span class='ocrx_word' id='word_1_529' title='bbox 1070 558 1113 591; x_wconf 86' lang='lat' dir='ltr'><strong>iis,</strong></span> <span class='ocrx_word' id='word_1_530' title='bbox 1130 558 1176 592; x_wconf 90' lang='lat' dir='ltr'><strong>qui</strong></span> <span class='ocrx_word' id='word_1_531' title='bbox 1191 558 1279 593; x_wconf 88' lang='lat' dir='ltr'><strong>ipsum</strong></span> <span class='ocrx_word' id='word_1_532' title='bbox 1294 559 1503 592; x_wconf 79' lang='lat' dir='ltr'><strong>antecesserint,</strong></span> <span class='ocrx_word' id='word_1_533' title='bbox 1521 559 1599 586; x_wconf 85' lang='lat' dir='ltr'><strong>aliter</strong></span> <span class='ocrx_word' id='word_1_534' title='bbox 1611 559 1714 587; x_wconf 86' lang='lat' dir='ltr'><strong>discre-</strong></span> 
     </span>
    </p>
   </div>
   <div class='ocr_carea' id='block_1_70' title="bbox 921 603 1714 639">
    <p class='ocr_par' dir='ltr' id='par_1_70' title="bbox 921 603 1714 639">
     <span class='ocr_line' id='line_1_70' title="bbox 921 603 1714 639; baseline 0.004 -10"><span class='ocrx_word' id='word_1_535' title='bbox 921 603 1007 638; x_wconf 88' lang='lat' dir='ltr'><strong>pabit,</strong></span> <span class='ocrx_word' id='word_1_536' title='bbox 1019 611 1101 637; x_wconf 91' lang='lat' dir='ltr'><strong>quam</strong></span> <span class='ocrx_word' id='word_1_537' title='bbox 1113 603 1175 638; x_wconf 89' lang='lat' dir='ltr'><strong>quia</strong></span> <span class='ocrx_word' id='word_1_538' title='bbox 1187 611 1238 631; x_wconf 91' lang='lat' dir='ltr'><strong>nec</strong></span> <span class='ocrx_word' id='word_1_539' title='bbox 1248 611 1280 631; x_wconf 93' lang='lat' dir='ltr'><strong>ea</strong></span> <span class='ocrx_word' id='word_1_540' title='bbox 1293 604 1404 638; x_wconf 87' lang='lat' dir='ltr'><strong>quidem</strong></span> <span class='ocrx_word' id='word_1_541' title='bbox 1417 604 1489 631; x_wconf 88' lang='lat' dir='ltr'><strong>volet</strong></span> <span class='ocrx_word' id='word_1_542' title='bbox 1500 612 1561 639; x_wconf 55' lang='lat' dir='ltr'><strong>qua:</strong></span> <span class='ocrx_word' id='word_1_543' title='bbox 1573 605 1628 639; x_wconf 92' lang='lat' dir='ltr'><strong>jam</strong></span> <span class='ocrx_word' id='word_1_544' title='bbox 1643 613 1714 632; x_wconf 90' lang='lat' dir='ltr'><strong>nunc</strong></span> 
     </span>
    </p>
   </div>
   <div class='ocr_carea' id='block_1_71' title="bbox 921 647 1714 685">
    <p class='ocr_par' dir='ltr' id='par_1_71' title="bbox 921 647 1714 685">
     <span class='ocr_line' id='line_1_71' title="bbox 921 647 1714 685; baseline 0.004 -11"><span class='ocrx_word' id='word_1_545' title='bbox 921 647 960 675; x_wconf 93' lang='lat' dir='ltr'><strong>illi</strong></span> <span class='ocrx_word' id='word_1_546' title='bbox 978 648 1125 676; x_wconf 88' lang='lat' dir='ltr'><strong>voluerint.</strong></span> <span class='ocrx_word' id='word_1_547' title='bbox 1148 648 1247 676; x_wconf 90' lang='lat' dir='ltr'><strong>Eadem</strong></span> <span class='ocrx_word' id='word_1_548' title='bbox 1271 649 1381 677; x_wconf 85' lang='lat' dir='ltr'><strong>licentia</strong></span> <span class='ocrx_word' id='word_1_549' title='bbox 1402 657 1451 684; x_wconf 92' lang='lat' dir='ltr'><strong>per</strong></span> <span class='ocrx_word' id='word_1_550' title='bbox 1468 649 1611 685; x_wconf 91' lang='lat' dir='ltr'><strong>episcopos</strong></span> <span class='ocrx_word' id='word_1_551' title='bbox 1631 658 1714 685; x_wconf 84' lang='lat' dir='ltr'><strong>syno-</strong></span> 
     </span>
    </p>
   </div>
   <div class='ocr_carea' id='block_1_72' title="bbox 922 691 1713 728">
    <p class='ocr_par' dir='ltr' id='par_1_72' title="bbox 922 691 1713 728">
     <span class='ocr_line' id='line_1_72' title="bbox 922 691 1713 728; baseline 0.004 -10"><span class='ocrx_word' id='word_1_552' title='bbox 922 691 981 719; x_wconf 90' lang='lat' dir='ltr'><strong>dice</strong></span> <span class='ocrx_word' id='word_1_553' title='bbox 997 693 1165 728; x_wconf 80' lang='lat' dir='ltr'><strong>promulgata</strong></span> <span class='ocrx_word' id='word_1_554' title='bbox 1180 697 1232 720; x_wconf 91' lang='lat' dir='ltr'><strong>est.</strong></span> <span class='ocrx_word' id='word_1_555' title='bbox 1250 694 1284 721; x_wconf 87' lang='lat' dir='ltr'><strong>Et</strong></span> <span class='ocrx_word' id='word_1_556' title='bbox 1300 694 1426 728; x_wconf 82' lang='lat' dir='ltr'><strong>quisnam</strong></span> <span class='ocrx_word' id='word_1_557' title='bbox 1438 701 1551 728; x_wconf 89' lang='lat' dir='ltr'><strong>compos</strong></span> <span class='ocrx_word' id='word_1_558' title='bbox 1568 695 1678 726; x_wconf 84' lang='lat' dir='ltr'><strong>mentis,</strong></span> <span class='ocrx_word' id='word_1_559' title='bbox 1691 695 1713 722; x_wconf 90' lang='lat' dir='ltr'><strong>si</strong></span> 
     </span>
    </p>
   </div>
   <div class='ocr_carea' id='block_1_73' title="bbox 921 738 1711 771">
    <p class='ocr_par' dir='ltr' id='par_1_73' title="bbox 921 738 1711 771">
     <span class='ocr_line' id='line_1_73' title="bbox 921 738 1711 771; baseline 0.004 -7"><span class='ocrx_word' id='word_1_560' title='bbox 921 738 1109 765; x_wconf 86' lang='lat' dir='ltr'><strong>contentiosus</strong></span> <span class='ocrx_word' id='word_1_561' title='bbox 1125 747 1181 765; x_wconf 83' lang='lat' dir='ltr'><strong>non</strong></span> <span class='ocrx_word' id='word_1_562' title='bbox 1196 743 1246 771; x_wconf 85' lang='lat' dir='ltr'><strong>est,</strong></span> <span class='ocrx_word' id='word_1_563' title='bbox 1264 747 1321 766; x_wconf 89' lang='lat' dir='ltr'><strong>rem</strong></span> <span class='ocrx_word' id='word_1_564' title='bbox 1339 739 1375 766; x_wconf 88' lang='lat' dir='ltr'><strong>ita</strong></span> <span class='ocrx_word' id='word_1_565' title='bbox 1391 747 1420 766; x_wconf 89' lang='lat' dir='ltr'><strong>se</strong></span> <span class='ocrx_word' id='word_1_566' title='bbox 1437 740 1537 767; x_wconf 91' lang='lat' dir='ltr'><strong>habere</strong></span> <span class='ocrx_word' id='word_1_567' title='bbox 1553 748 1606 767; x_wconf 92' lang='lat' dir='ltr'><strong>non</strong></span> <span class='ocrx_word' id='word_1_568' title='bbox 1625 740 1711 767; x_wconf 80' lang='lat' dir='ltr'><strong>fatea-</strong></span> 
     </span>
    </p>
   </div>
   <div class='ocr_carea' id='block_1_74' title="bbox 921 782 1712 815">
    <p class='ocr_par' dir='ltr' id='par_1_74' title="bbox 921 782 1712 815">
     <span class='ocr_line' id='line_1_74' title="bbox 921 782 1712 815; baseline 0.004 -7"><span class='ocrx_word' id='word_1_569' title='bbox 921 782 986 808; x_wconf 83' lang='lat' dir='ltr'><strong>tur?</strong></span> <span class='ocrx_word' id='word_1_570' title='bbox 998 782 1068 814; x_wconf 86' lang='lat' dir='ltr'><strong>Quid</strong></span> <span class='ocrx_word' id='word_1_571' title='bbox 1082 787 1174 810; x_wconf 89' lang='lat' dir='ltr'><strong>autem</strong></span> <span class='ocrx_word' id='word_1_572' title='bbox 1190 783 1241 810; x_wconf 86' lang='lat' dir='ltr'><strong>hac</strong></span> <span class='ocrx_word' id='word_1_573' title='bbox 1263 783 1359 811; x_wconf 57' lang='lat' dir='ltr'><strong>barresi</strong></span> <span class='ocrx_word' id='word_1_574' title='bbox 1377 784 1499 812; x_wconf 89' lang='lat' dir='ltr'><strong>deterius</strong></span> <span class='ocrx_word' id='word_1_575' title='bbox 1514 784 1637 811; x_wconf 86' lang='lat' dir='ltr'><strong>futurum</strong></span> <span class='ocrx_word' id='word_1_576' title='bbox 1653 789 1712 815; x_wconf 78' lang='lat' dir='ltr'><strong>est.</strong></span> 
     </span>
    </p>
   </div>
   <div class='ocr_carea' id='block_1_75' title="bbox 920 827 1713 866">
    <p class='ocr_par' dir='ltr' id='par_1_75' title="bbox 920 827 1713 866">
     <span class='ocr_line' id='line_1_75' title="bbox 920 827 1713 866; baseline 0.004 -12"><span class='ocrx_word' id='word_1_577' title='bbox 920 827 954 854; x_wconf 79' lang='lat' dir='ltr'><strong>ad</strong></span> <span class='ocrx_word' id='word_1_578' title='bbox 975 827 1061 862; x_wconf 81' lang='lat' dir='ltr'><strong>ipsam</strong></span> <span class='ocrx_word' id='word_1_579' title='bbox 1085 836 1171 863; x_wconf 86' lang='lat' dir='ltr'><strong>usque</strong></span> <span class='ocrx_word' id='word_1_580' title='bbox 1186 828 1346 856; x_wconf 85' lang='lat' dir='ltr'><strong>Antichristi</strong></span> <span class='ocrx_word' id='word_1_581' title='bbox 1368 829 1641 857; x_wconf 85' lang='lat' dir='ltr'><strong>manifestationcm?</strong></span> <span class='ocrx_word' id='word_1_582' title='bbox 1657 830 1713 866; x_wconf 80' lang='lat' dir='ltr'><strong>Ego</strong></span> 
     </span>
    </p>
   </div>
   <div class='ocr_carea' id='block_1_76' title="bbox 920 873 1712 908">
    <p class='ocr_par' dir='ltr' id='par_1_76' title="bbox 920 873 1712 908">
     <span class='ocr_line' id='line_1_76' title="bbox 920 873 1712 908; baseline 0.005 -9"><span class='ocrx_word' id='word_1_583' title='bbox 920 873 1041 900; x_wconf 89' lang='lat' dir='ltr'><strong>nondum</strong></span> <span class='ocrx_word' id='word_1_584' title='bbox 1052 874 1162 908; x_wconf 93' lang='lat' dir='ltr'><strong>quidem</strong></span> <span class='ocrx_word' id='word_1_585' title='bbox 1179 874 1275 901; x_wconf 85' lang='lat' dir='ltr'><strong>factam</strong></span> <span class='ocrx_word' id='word_1_586' title='bbox 1289 874 1360 901; x_wconf 90' lang='lat' dir='ltr'><strong>hanc</strong></span> <span class='ocrx_word' id='word_1_587' title='bbox 1375 882 1436 902; x_wconf 88' lang='lat' dir='ltr'><strong>esse</strong></span> <span class='ocrx_word' id='word_1_588' title='bbox 1448 875 1583 903; x_wconf 83' lang='lat' dir='ltr'><strong>arbitror:</strong></span> <span class='ocrx_word' id='word_1_589' title='bbox 1600 876 1647 903; x_wconf 90' lang='lat' dir='ltr'><strong>scd</strong></span> <span class='ocrx_word' id='word_1_590' title='bbox 1657 877 1712 908; x_wconf 86' lang='lat' dir='ltr'><strong>jam</strong></span> 
     </span>
    </p>
   </div>
   <div class='ocr_carea' id='block_1_77' title="bbox 920 918 1711 955">
    <p class='ocr_par' dir='ltr' id='par_1_77' title="bbox 920 918 1711 955">
     <span class='ocr_line' id='line_1_77' title="bbox 920 918 1711 955; baseline 0.005 -11"><span class='ocrx_word' id='word_1_591' title='bbox 920 925 994 945; x_wconf 90' lang='lat' dir='ltr'><strong>nunc</strong></span> <span class='ocrx_word' id='word_1_592' title='bbox 1011 918 1183 951; x_wconf 82' lang='lat' dir='ltr'><strong>inchoatam,</strong></span> <span class='ocrx_word' id='word_1_593' title='bbox 1202 919 1248 946; x_wconf 92' lang='lat' dir='ltr'><strong>illo</strong></span> <span class='ocrx_word' id='word_1_594' title='bbox 1267 924 1391 954; x_wconf 87' lang='lat' dir='ltr'><strong>tempore</strong></span> <span class='ocrx_word' id='word_1_595' title='bbox 1411 919 1515 947; x_wconf 80' lang='lat' dir='ltr'><strong>exitum</strong></span> <span class='ocrx_word' id='word_1_596' title='bbox 1539 921 1711 955; x_wconf 82' lang='lat' dir='ltr'><strong>habituram:</strong></span> 
     </span>
    </p>
   </div>
   <div class='ocr_carea' id='block_1_78' title="bbox 920 964 1714 998">
    <p class='ocr_par' dir='ltr' id='par_1_78' title="bbox 920 964 1714 998">
     <span class='ocr_line' id='line_1_78' title="bbox 920 964 1714 998; baseline 0.005 -8"><span class='ocrx_word' id='word_1_597' title='bbox 920 967 948 990; x_wconf 90' lang='lat' dir='ltr'><strong>et</strong></span> <span class='ocrx_word' id='word_1_598' title='bbox 962 967 1094 998; x_wconf 86' lang='lat' dir='ltr'><strong>quotquot</strong></span> <span class='ocrx_word' id='word_1_599' title='bbox 1107 964 1134 990; x_wconf 92' lang='lat' dir='ltr'><strong>in</strong></span> <span class='ocrx_word' id='word_1_600' title='bbox 1153 964 1203 991; x_wconf 87' lang='lat' dir='ltr'><strong>hac</strong></span> <span class='ocrx_word' id='word_1_601' title='bbox 1216 964 1412 992; x_wconf 86' lang='lat' dir='ltr'><strong>succubuerint</strong></span> <span class='ocrx_word' id='word_1_602' title='bbox 1424 986 1431 997; x_wconf 90' lang='lat'><strong>,</strong></span> <span class='ocrx_word' id='word_1_603' title='bbox 1447 973 1505 998; x_wconf 89' lang='lat' dir='ltr'><strong>eos,</strong></span> <span class='ocrx_word' id='word_1_604' title='bbox 1525 965 1546 993; x_wconf 91' lang='lat' dir='ltr'><strong>si</strong></span> <span class='ocrx_word' id='word_1_605' title='bbox 1562 971 1625 994; x_wconf 90' lang='lat' dir='ltr'><strong>tunc</strong></span> <span class='ocrx_word' id='word_1_606' title='bbox 1641 966 1714 994; x_wconf 80' lang='lat' dir='ltr'><strong>exsi-</strong></span> 
     </span>
    </p>
   </div>
   <div class='ocr_carea' id='block_1_79' title="bbox 919 1010 1712 1047">
    <p class='ocr_par' dir='ltr' id='par_1_79' title="bbox 919 1010 1712 1047">
     <span class='ocr_line' id='line_1_79' title="bbox 919 1010 1712 1047; baseline 0.009 -12"><span class='ocrx_word' id='word_1_607' title='bbox 919 1013 1024 1036; x_wconf 89' lang='lat' dir='ltr'><strong>sterent</strong></span> <span class='ocrx_word' id='word_1_608' title='bbox 1035 1030 1042 1042; x_wconf 94' lang='lat'><strong>,</strong></span> <span class='ocrx_word' id='word_1_609' title='bbox 1059 1010 1168 1044; x_wconf 84' lang='lat' dir='ltr'><strong>penitus</strong></span> <span class='ocrx_word' id='word_1_610' title='bbox 1187 1018 1335 1038; x_wconf 88' lang='lat' dir='ltr'><strong>cessuros:</strong></span> <span class='ocrx_word' id='word_1_611' title='bbox 1360 1016 1387 1039; x_wconf 88' lang='lat' dir='ltr'><strong>et</strong></span> <span class='ocrx_word' id='word_1_612' title='bbox 1402 1017 1535 1047; x_wconf 89' lang='lat' dir='ltr'><strong>quotquot</strong></span> <span class='ocrx_word' id='word_1_613' title='bbox 1552 1013 1598 1041; x_wconf 90' lang='lat' dir='ltr'><strong>Dei</strong></span> <span class='ocrx_word' id='word_1_614' title='bbox 1611 1014 1712 1042; x_wconf 86' lang='lat' dir='ltr'><strong>virtute</strong></span> 
     </span>
    </p>
   </div>
   <div class='ocr_carea' id='block_1_80' title="bbox 920 1054 1712 1092">
    <p class='ocr_par' dir='ltr' id='par_1_80' title="bbox 920 1054 1712 1092">
     <span class='ocr_line' id='line_1_80' title="bbox 920 1054 1712 1092; baseline 0.008 -11"><span class='ocrx_word' id='word_1_615' title='bbox 920 1054 1088 1082; x_wconf 89' lang='lat' dir='ltr'><strong>reluctantes</strong></span> <span class='ocrx_word' id='word_1_616' title='bbox 1109 1060 1265 1089; x_wconf 88' lang='lat' dir='ltr'><strong>steterunt,</strong></span> <span class='ocrx_word' id='word_1_617' title='bbox 1289 1057 1398 1084; x_wconf 85' lang='lat' dir='ltr'><strong>eosdem</strong></span> <span class='ocrx_word' id='word_1_618' title='bbox 1422 1056 1474 1085; x_wconf 78' lang='lat' dir='ltr'><strong>iliis</strong></span> <span class='ocrx_word' id='word_1_619' title='bbox 1495 1058 1592 1086; x_wconf 88' lang='lat' dir='ltr'><strong>diebus</strong></span> <span class='ocrx_word' id='word_1_620' title='bbox 1605 1080 1612 1092; x_wconf 84' lang='lat'><strong>,</strong></span> <span class='ocrx_word' id='word_1_621' title='bbox 1632 1060 1712 1087; x_wconf 86' lang='lat' dir='ltr'><strong>Anti-</strong></span> 
     </span>
    </p>
   </div>
   <div class='ocr_carea' id='block_1_81' title="bbox 920 1101 1709 1136">
    <p class='ocr_par' dir='ltr' id='par_1_81' title="bbox 920 1101 1709 1136">
     <span class='ocr_line' id='line_1_81' title="bbox 920 1101 1709 1136; baseline 0.008 -9"><span class='ocrx_word' id='word_1_622' title='bbox 920 1101 1017 1128; x_wconf 86' lang='lat' dir='ltr'><strong>cbristi</strong></span> <span class='ocrx_word' id='word_1_623' title='bbox 1036 1102 1153 1129; x_wconf 87' lang='lat' dir='ltr'><strong>victores</strong></span> <span class='ocrx_word' id='word_1_624' title='bbox 1174 1110 1223 1136; x_wconf 88' lang='lat' dir='ltr'><strong>per</strong></span> <span class='ocrx_word' id='word_1_625' title='bbox 1245 1107 1360 1130; x_wconf 88' lang='lat' dir='ltr'><strong>mortem</strong></span> <span class='ocrx_word' id='word_1_626' title='bbox 1385 1111 1446 1130; x_wconf 93' lang='lat' dir='ltr'><strong>cum</strong></span> <span class='ocrx_word' id='word_1_627' title='bbox 1467 1103 1576 1132; x_wconf 89' lang='lat' dir='ltr'><strong>Christo</strong></span> <span class='ocrx_word' id='word_1_628' title='bbox 1593 1105 1709 1133; x_wconf 86' lang='lat' dir='ltr'><strong>futuros.</strong></span> 
     </span>
    </p>
   </div>
   <div class='ocr_carea' id='block_1_82' title="bbox 921 1146 1712 1185">
    <p class='ocr_par' dir='ltr' id='par_1_82' title="bbox 921 1146 1712 1185">
     <span class='ocr_line' id='line_1_82' title="bbox 921 1146 1712 1185; baseline 0.006 -12"><span class='ocrx_word' id='word_1_629' title='bbox 921 1146 984 1178; x_wconf 86' lang='lat' dir='ltr'><strong>Sed,</strong></span> <span class='ocrx_word' id='word_1_630' title='bbox 1002 1154 1018 1173; x_wconf 93' lang='grc' dir='ltr'><strong>ο</strong></span> <span class='ocrx_word' id='word_1_631' title='bbox 1034 1147 1215 1174; x_wconf 75' lang='lat' dir='ltr'><strong>calamitatem</strong></span> <span class='ocrx_word' id='word_1_632' title='bbox 1232 1148 1378 1175; x_wconf 83' lang='lat' dir='ltr'><strong>humanam</strong></span> <span class='ocrx_word' id='word_1_633' title='bbox 1393 1150 1399 1176; x_wconf 83' lang='grc' dir='ltr'><strong>ι</strong></span> <span class='ocrx_word' id='word_1_634' title='bbox 1413 1154 1442 1176; x_wconf 83' lang='grc' dir='ltr'><strong>ιιι</strong></span> <span class='ocrx_word' id='word_1_635' title='bbox 1459 1154 1533 1185; x_wconf 81' lang='lat' dir='ltr'><strong>terga</strong></span> <span class='ocrx_word' id='word_1_636' title='bbox 1544 1150 1600 1184; x_wconf 87' lang='lat' dir='ltr'><strong>jam</strong></span> <span class='ocrx_word' id='word_1_637' title='bbox 1614 1151 1712 1179; x_wconf 82' lang='lat' dir='ltr'><strong>exinde</strong></span> 
     </span>
    </p>
   </div>
   <div class='ocr_carea' id='block_1_83' title="bbox 919 1193 1712 1228">
    <p class='ocr_par' dir='ltr' id='par_1_83' title="bbox 919 1193 1712 1228">
     <span class='ocr_line' id='line_1_83' title="bbox 919 1193 1712 1228; baseline 0.005 -9"><span class='ocrx_word' id='word_1_638' title='bbox 919 1194 1075 1220; x_wconf 86' lang='lat' dir='ltr'><strong>verterunt!</strong></span> <span class='ocrx_word' id='word_1_639' title='bbox 1099 1197 1144 1225; x_wconf 87' lang='lat' dir='ltr'><strong>ut,</strong></span> <span class='ocrx_word' id='word_1_640' title='bbox 1160 1194 1206 1228; x_wconf 87' lang='lat' dir='ltr'><strong>qui</strong></span> <span class='ocrx_word' id='word_1_641' title='bbox 1224 1193 1307 1221; x_wconf 87' lang='lat' dir='ltr'><strong>futuri</strong></span> <span class='ocrx_word' id='word_1_642' title='bbox 1321 1194 1417 1228; x_wconf 88' lang='lat' dir='ltr'><strong>simus,</strong></span> <span class='ocrx_word' id='word_1_643' title='bbox 1438 1195 1624 1223; x_wconf 83' lang='lat' dir='ltr'><strong>ostendimus!</strong></span> <span class='ocrx_word' id='word_1_644' title='bbox 1645 1196 1712 1223; x_wconf 79' lang='lat' dir='ltr'><strong>Pro-</strong></span> 
     </span>
    </p>
   </div>
   <div class='ocr_carea' id='block_1_84' title="bbox 919 1238 1711 1276">
    <p class='ocr_par' dir='ltr' id='par_1_84' title="bbox 919 1238 1711 1276">
     <span class='ocr_line' id='line_1_84' title="bbox 919 1238 1711 1276; baseline 0.008 -12"><span class='ocrx_word' id='word_1_645' title='bbox 919 1241 1011 1273; x_wconf 86' lang='lat' dir='ltr'><strong>pterea</strong></span> <span class='ocrx_word' id='word_1_646' title='bbox 1029 1238 1107 1273; x_wconf 82' lang='lat' dir='ltr'><strong>pauci</strong></span> <span class='ocrx_word' id='word_1_647' title='bbox 1123 1239 1208 1266; x_wconf 84' lang='lat' dir='ltr'><strong>futuri</strong></span> <span class='ocrx_word' id='word_1_648' title='bbox 1224 1243 1289 1266; x_wconf 88' lang='lat' dir='ltr'><strong>sunt</strong></span> <span class='ocrx_word' id='word_1_649' title='bbox 1303 1241 1349 1274; x_wconf 92' lang='lat' dir='ltr'><strong>qui</strong></span> <span class='ocrx_word' id='word_1_650' title='bbox 1365 1244 1454 1271; x_wconf 84' lang='lat' dir='ltr'><strong>stent.</strong></span> <span class='ocrx_word' id='word_1_651' title='bbox 1475 1246 1620 1276; x_wconf 87' lang='lat' dir='ltr'><strong>propterea</strong></span> <span class='ocrx_word' id='word_1_652' title='bbox 1639 1242 1711 1270; x_wconf 83' lang='lat' dir='ltr'><strong>Elias</strong></span> 
     </span>
    </p>
   </div>
   <div class='ocr_carea' id='block_1_85' title="bbox 918 1284 1708 1323">
    <p class='ocr_par' dir='ltr' id='par_1_85' title="bbox 918 1284 1708 1323">
     <span class='ocr_line' id='line_1_85' title="bbox 918 1284 1708 1323; baseline 0.006 -13"><span class='ocrx_word' id='word_1_653' title='bbox 918 1289 945 1311; x_wconf 92' lang='lat' dir='ltr'><strong>et</strong></span> <span class='ocrx_word' id='word_1_654' title='bbox 958 1284 1062 1316; x_wconf 86' lang='lat' dir='ltr'><strong>Enoeh,</strong></span> <span class='ocrx_word' id='word_1_655' title='bbox 1073 1284 1144 1311; x_wconf 90' lang='lat' dir='ltr'><strong>haud</strong></span> <span class='ocrx_word' id='word_1_656' title='bbox 1157 1285 1257 1312; x_wconf 86' lang='lat' dir='ltr'><strong>scimus</strong></span> <span class='ocrx_word' id='word_1_657' title='bbox 1267 1293 1301 1312; x_wconf 88' lang='lat' dir='ltr'><strong>an</strong></span> <span class='ocrx_word' id='word_1_658' title='bbox 1315 1289 1343 1312; x_wconf 90' lang='lat' dir='ltr'><strong>et</strong></span> <span class='ocrx_word' id='word_1_659' title='bbox 1354 1284 1508 1321; x_wconf 75' lang='lat' dir='ltr'><strong>Thcologus</strong></span> <span class='ocrx_word' id='word_1_660' title='bbox 1525 1295 1556 1314; x_wconf 86' lang='lat' dir='ltr'><strong>ac</strong></span> <span class='ocrx_word' id='word_1_661' title='bbox 1570 1288 1708 1323; x_wconf 73' lang='lat' dir='ltr'><strong>evangeli-</strong></span> 
     </span>
    </p>
   </div>
   <div class='ocr_carea' id='block_1_86' title="bbox 918 1329 1712 1365">
    <p class='ocr_par' dir='ltr' id='par_1_86' title="bbox 918 1329 1712 1365">
     <span class='ocr_line' id='line_1_86' title="bbox 918 1329 1712 1365; baseline 0.008 -10"><span class='ocrx_word' id='word_1_662' title='bbox 918 1334 969 1361; x_wconf 82' lang='lat' dir='ltr'><strong>sta,</strong></span> <span class='ocrx_word' id='word_1_663' title='bbox 987 1329 1153 1357; x_wconf 84' lang='lat' dir='ltr'><strong>inﬁrmitatis</strong></span> <span class='ocrx_word' id='word_1_664' title='bbox 1165 1330 1291 1358; x_wconf 68' lang='lat' dir='ltr'><strong>humanae</strong></span> <span class='ocrx_word' id='word_1_665' title='bbox 1310 1331 1484 1359; x_wconf 80' lang='lat' dir='ltr'><strong>auxiliatores</strong></span> <span class='ocrx_word' id='word_1_666' title='bbox 1497 1337 1587 1365; x_wconf 85' lang='lat' dir='ltr'><strong>erunt,</strong></span> <span class='ocrx_word' id='word_1_667' title='bbox 1598 1337 1626 1361; x_wconf 92' lang='lat' dir='ltr'><strong>et</strong></span> <span class='ocrx_word' id='word_1_668' title='bbox 1635 1339 1712 1361; x_wconf 81' lang='lat' dir='ltr'><strong>ante-</strong></span> 
     </span>
    </p>
   </div>
   <div class='ocr_carea' id='block_1_87' title="bbox 917 1375 1711 1414">
    <p class='ocr_par' dir='ltr' id='par_1_87' title="bbox 917 1375 1711 1414">
     <span class='ocr_line' id='line_1_87' title="bbox 917 1375 1711 1414; baseline 0.006 -13"><span class='ocrx_word' id='word_1_669' title='bbox 917 1375 1034 1409; x_wconf 74' lang='lat' dir='ltr'><strong>signani,</strong></span> <span class='ocrx_word' id='word_1_670' title='bbox 1049 1381 1078 1403; x_wconf 88' lang='lat' dir='ltr'><strong>et</strong></span> <span class='ocrx_word' id='word_1_671' title='bbox 1088 1376 1115 1403; x_wconf 92' lang='lat' dir='ltr'><strong>in</strong></span> <span class='ocrx_word' id='word_1_672' title='bbox 1131 1376 1230 1404; x_wconf 85' lang='lat' dir='ltr'><strong>Christi</strong></span> <span class='ocrx_word' id='word_1_673' title='bbox 1244 1377 1416 1406; x_wconf 89' lang='lat' dir='ltr'><strong>confessione</strong></span> <span class='ocrx_word' id='word_1_674' title='bbox 1436 1379 1564 1406; x_wconf 87' lang='lat' dir='ltr'><strong>victores.</strong></span> <span class='ocrx_word' id='word_1_675' title='bbox 1580 1379 1711 1414; x_wconf 86' lang='lat' dir='ltr'><strong>Propter-</strong></span> 
     </span>
    </p>
   </div>
   <div class='ocr_carea' id='block_1_88' title="bbox 917 1420 1711 1455">
    <p class='ocr_par' dir='ltr' id='par_1_88' title="bbox 917 1420 1711 1455">
     <span class='ocr_line' id='line_1_88' title="bbox 917 1420 1711 1455; baseline 0.004 -9"><span class='ocrx_word' id='word_1_676' title='bbox 917 1427 949 1446; x_wconf 90' lang='lat' dir='ltr'><strong>ea</strong></span> <span class='ocrx_word' id='word_1_677' title='bbox 975 1420 1172 1448; x_wconf 86' lang='lat' dir='ltr'><strong>breviabuntur</strong></span> <span class='ocrx_word' id='word_1_678' title='bbox 1189 1421 1248 1448; x_wconf 88' lang='lat' dir='ltr'><strong>dies</strong></span> <span class='ocrx_word' id='word_1_679' title='bbox 1271 1429 1401 1450; x_wconf 74' lang='lat' dir='ltr'><strong>aerumnae</strong></span> <span class='ocrx_word' id='word_1_680' title='bbox 1417 1422 1503 1455; x_wconf 91' lang='lat' dir='ltr'><strong>illius,</strong></span> <span class='ocrx_word' id='word_1_681' title='bbox 1518 1422 1561 1450; x_wconf 92' lang='lat' dir='ltr'><strong>cui</strong></span> <span class='ocrx_word' id='word_1_682' title='bbox 1577 1422 1711 1450; x_wconf 88' lang='lat' dir='ltr'><strong>adventus</strong></span> 
     </span>
    </p>
   </div>
   <div class='ocr_carea' id='block_1_89' title="bbox 917 1466 1300 1503">
    <p class='ocr_par' dir='ltr' id='par_1_89' title="bbox 917 1466 1300 1503">
     <span class='ocr_line' id='line_1_89' title="bbox 917 1466 1300 1503; baseline 0.008 -10"><span class='ocrx_word' id='word_1_683' title='bbox 917 1466 1019 1494; x_wconf 82' lang='lat' dir='ltr'><strong>Christi</strong></span> <span class='ocrx_word' id='word_1_684' title='bbox 1033 1468 1115 1495; x_wconf 90' lang='lat' dir='ltr'><strong>ﬁnem</strong></span> <span class='ocrx_word' id='word_1_685' title='bbox 1130 1468 1253 1503; x_wconf 88' lang='lat' dir='ltr'><strong>imponet</strong></span> <span class='ocrx_word' id='word_1_686' title='bbox 1266 1469 1300 1496; x_wconf 80' lang='lat'><strong>&#39;°.</strong></span> 
     </span>
    </p>
   </div>
   <div class='ocr_carea' id='block_1_90' title="bbox 952 1512 1711 1550">
    <p class='ocr_par' dir='ltr' id='par_1_90' title="bbox 952 1512 1711 1550">
     <span class='ocr_line' id='line_1_90' title="bbox 952 1512 1711 1550; baseline 0.003 -10"><span class='ocrx_word' id='word_1_687' title='bbox 952 1512 1038 1545; x_wconf 85' lang='lat' dir='ltr'><strong>State,</strong></span> <span class='ocrx_word' id='word_1_688' title='bbox 1048 1513 1204 1548; x_wconf 88' lang='lat' dir='ltr'><strong>quicunque</strong></span> <span class='ocrx_word' id='word_1_689' title='bbox 1229 1514 1342 1549; x_wconf 81' lang='lat' dir='ltr'><strong>sapitis,</strong></span> <span class='ocrx_word' id='word_1_690' title='bbox 1366 1519 1393 1542; x_wconf 86' lang='lat' dir='ltr'><strong>et</strong></span> <span class='ocrx_word' id='word_1_691' title='bbox 1417 1515 1557 1543; x_wconf 89' lang='lat' dir='ltr'><strong>Christum</strong></span> <span class='ocrx_word' id='word_1_692' title='bbox 1581 1515 1711 1550; x_wconf 82' lang='lat' dir='ltr'><strong>deinceps</strong></span> 
     </span>
    </p>
   </div>
   <div class='ocr_carea' id='block_1_91' title="bbox 917 1557 1710 1594">
    <p class='ocr_par' dir='ltr' id='par_1_91' title="bbox 917 1557 1710 1594">
     <span class='ocr_line' id='line_1_91' title="bbox 917 1557 1710 1594; baseline 0.003 -10"><span class='ocrx_word' id='word_1_693' title='bbox 917 1564 952 1584; x_wconf 82' lang='lat' dir='ltr'><strong>ne</strong></span> <span class='ocrx_word' id='word_1_694' title='bbox 966 1557 1116 1593; x_wconf 76' lang='lat' dir='ltr'><strong>abnegetis.</strong></span> <span class='ocrx_word' id='word_1_695' title='bbox 1132 1558 1195 1586; x_wconf 61' lang='lat' dir='ltr'><strong>Hice</strong></span> <span class='ocrx_word' id='word_1_696' title='bbox 1214 1559 1287 1587; x_wconf 92' lang='lat' dir='ltr'><strong>enim</strong></span> <span class='ocrx_word' id='word_1_697' title='bbox 1310 1567 1370 1594; x_wconf 71' lang='lat' dir='ltr'><strong>quae</strong></span> <span class='ocrx_word' id='word_1_698' title='bbox 1388 1560 1527 1593; x_wconf 88' lang='lat' dir='ltr'><strong>videmus,</strong></span> <span class='ocrx_word' id='word_1_699' title='bbox 1551 1559 1627 1587; x_wconf 84' lang='lat' dir='ltr'><strong>initia</strong></span> <span class='ocrx_word' id='word_1_700' title='bbox 1646 1564 1710 1587; x_wconf 89' lang='lat' dir='ltr'><strong>sunt</strong></span> 
     </span>
    </p>
   </div>
   <div class='ocr_carea' id='block_1_92' title="bbox 914 1604 1706 1641">
    <p class='ocr_par' dir='ltr' id='par_1_92' title="bbox 914 1604 1706 1641">
     <span class='ocr_line' id='line_1_92' title="bbox 914 1604 1706 1641; baseline 0.004 -11"><span class='ocrx_word' id='word_1_701' title='bbox 914 1610 1009 1630; x_wconf 90' lang='lat' dir='ltr'><strong>eorum</strong></span> <span class='ocrx_word' id='word_1_702' title='bbox 1024 1611 1085 1638; x_wconf 73' lang='lat' dir='ltr'><strong>qua:</strong></span> <span class='ocrx_word' id='word_1_703' title='bbox 1100 1608 1165 1631; x_wconf 88' lang='lat' dir='ltr'><strong>tunc</strong></span> <span class='ocrx_word' id='word_1_704' title='bbox 1179 1609 1270 1632; x_wconf 87' lang='lat' dir='ltr'><strong>erunt.</strong></span> <span class='ocrx_word' id='word_1_705' title='bbox 1289 1604 1410 1632; x_wconf 76' lang='lat' dir='ltr'><strong>Alterum</strong></span> <span class='ocrx_word' id='word_1_706' title='bbox 1428 1605 1508 1641; x_wconf 79' lang='lat' dir='ltr'><strong>longa</strong></span> <span class='ocrx_word' id='word_1_707' title='bbox 1523 1605 1706 1641; x_wconf 82' lang='lat' dir='ltr'><strong>explicatione</strong></span> 
     </span>
    </p>
   </div>
   <div class='ocr_carea' id='block_1_93' title="bbox 915 1650 1706 1685">
    <p class='ocr_par' dir='ltr' id='par_1_93' title="bbox 915 1650 1706 1685">
     <span class='ocr_line' id='line_1_93' title="bbox 915 1650 1706 1685; baseline 0.003 -10"><span class='ocrx_word' id='word_1_708' title='bbox 915 1655 969 1675; x_wconf 84' lang='lat' dir='ltr'><strong>non</strong></span> <span class='ocrx_word' id='word_1_709' title='bbox 985 1653 1055 1684; x_wconf 79' lang='lat' dir='ltr'><strong>eget,</strong></span> <span class='ocrx_word' id='word_1_710' title='bbox 1073 1657 1135 1676; x_wconf 89' lang='lat' dir='ltr'><strong>eum</strong></span> <span class='ocrx_word' id='word_1_711' title='bbox 1146 1650 1202 1684; x_wconf 90' lang='lat' dir='ltr'><strong>jam</strong></span> <span class='ocrx_word' id='word_1_712' title='bbox 1215 1658 1248 1677; x_wconf 86' lang='lat' dir='ltr'><strong>ex</strong></span> <span class='ocrx_word' id='word_1_713' title='bbox 1262 1650 1345 1685; x_wconf 91' lang='lat' dir='ltr'><strong>priori</strong></span> <span class='ocrx_word' id='word_1_714' title='bbox 1360 1651 1536 1678; x_wconf 88' lang='lat' dir='ltr'><strong>manifestum</strong></span> <span class='ocrx_word' id='word_1_715' title='bbox 1554 1651 1598 1679; x_wconf 87' lang='lat' dir='ltr'><strong>sit.</strong></span> <span class='ocrx_word' id='word_1_716' title='bbox 1611 1650 1706 1685; x_wconf 84' lang='lat' dir='ltr'><strong>itaque</strong></span> 
     </span>
    </p>
   </div>
   <div class='ocr_carea' id='block_1_94' title="bbox 914 1694 1709 1731">
    <p class='ocr_par' dir='ltr' id='par_1_94' title="bbox 914 1694 1709 1731">
     <span class='ocr_line' id='line_1_94' title="bbox 914 1694 1709 1731; baseline 0.005 -11"><span class='ocrx_word' id='word_1_717' title='bbox 914 1694 961 1728; x_wconf 91' lang='lat' dir='ltr'><strong>qui</strong></span> <span class='ocrx_word' id='word_1_718' title='bbox 975 1694 1035 1722; x_wconf 91' lang='lat' dir='ltr'><strong>illos</strong></span> <span class='ocrx_word' id='word_1_719' title='bbox 1047 1696 1315 1723; x_wconf 86' lang='lat' dir='ltr'><strong>anathematizarunt</strong></span> <span class='ocrx_word' id='word_1_720' title='bbox 1328 1697 1374 1731; x_wconf 92' lang='lat' dir='ltr'><strong>qui</strong></span> <span class='ocrx_word' id='word_1_721' title='bbox 1389 1697 1613 1731; x_wconf 90' lang='lat' dir='ltr'><strong>conjunctionem</strong></span> <span class='ocrx_word' id='word_1_722' title='bbox 1631 1697 1709 1724; x_wconf 83' lang='lat' dir='ltr'><strong>adul-</strong></span> 
     </span>
    </p>
   </div>
   <div class='ocr_carea' id='block_1_95' title="bbox 915 1740 1709 1778">
    <p class='ocr_par' dir='ltr' id='par_1_95' title="bbox 915 1740 1709 1778">
     <span class='ocr_line' id='line_1_95' title="bbox 915 1740 1709 1778; baseline 0.006 -12"><span class='ocrx_word' id='word_1_723' title='bbox 915 1740 1042 1772; x_wconf 83' lang='lat' dir='ltr'><strong>terinam,</strong></span> <span class='ocrx_word' id='word_1_724' title='bbox 1057 1745 1085 1768; x_wconf 89' lang='lat' dir='ltr'><strong>et</strong></span> <span class='ocrx_word' id='word_1_725' title='bbox 1097 1740 1271 1776; x_wconf 88' lang='lat' dir='ltr'><strong>imperatoris</strong></span> <span class='ocrx_word' id='word_1_726' title='bbox 1285 1741 1448 1769; x_wconf 89' lang='lat' dir='ltr'><strong>adulterium</strong></span> <span class='ocrx_word' id='word_1_727' title='bbox 1463 1746 1490 1769; x_wconf 89' lang='lat' dir='ltr'><strong>et</strong></span> <span class='ocrx_word' id='word_1_728' title='bbox 1506 1743 1644 1776; x_wconf 91' lang='lat' dir='ltr'><strong>omnium,</strong></span> <span class='ocrx_word' id='word_1_729' title='bbox 1661 1744 1709 1778; x_wconf 89' lang='lat' dir='ltr'><strong>qui</strong></span> 
     </span>
    </p>
   </div>
   <div class='ocr_carea' id='block_1_96' title="bbox 913 1787 1708 1825">
    <p class='ocr_par' dir='ltr' id='par_1_96' title="bbox 913 1787 1708 1825">
     <span class='ocr_line' id='line_1_96' title="bbox 913 1787 1708 1825; baseline 0.005 -11"><span class='ocrx_word' id='word_1_730' title='bbox 913 1787 973 1822; x_wconf 89' lang='lat' dir='ltr'><strong>ejus</strong></span> <span class='ocrx_word' id='word_1_731' title='bbox 988 1788 1135 1823; x_wconf 89' lang='lat' dir='ltr'><strong>participes</strong></span> <span class='ocrx_word' id='word_1_732' title='bbox 1151 1789 1254 1816; x_wconf 91' lang='lat' dir='ltr'><strong>inventi</strong></span> <span class='ocrx_word' id='word_1_733' title='bbox 1273 1794 1352 1823; x_wconf 87' lang='lat' dir='ltr'><strong>sunt,</strong></span> <span class='ocrx_word' id='word_1_734' title='bbox 1374 1791 1629 1825; x_wconf 65' lang='lat' dir='ltr'><strong>praevaricationem</strong></span> <span class='ocrx_word' id='word_1_735' title='bbox 1651 1800 1708 1819; x_wconf 90' lang='lat' dir='ltr'><strong>non</strong></span> 
     </span>
    </p>
   </div>
   <div class='ocr_carea' id='block_1_97' title="bbox 915 1833 1708 1871">
    <p class='ocr_par' dir='ltr' id='par_1_97' title="bbox 915 1833 1708 1871">
     <span class='ocr_line' id='line_1_97' title="bbox 915 1833 1708 1871; baseline 0.006 -12"><span class='ocrx_word' id='word_1_736' title='bbox 915 1833 1053 1868; x_wconf 89' lang='lat' dir='ltr'><strong>rccipiunt</strong></span> <span class='ocrx_word' id='word_1_737' title='bbox 1075 1838 1203 1868; x_wconf 87' lang='lat' dir='ltr'><strong>tanquam</strong></span> <span class='ocrx_word' id='word_1_738' title='bbox 1224 1834 1459 1870; x_wconf 84' lang='lat' dir='ltr'><strong>dispensationem</strong></span> <span class='ocrx_word' id='word_1_739' title='bbox 1481 1841 1622 1870; x_wconf 89' lang='lat' dir='ltr'><strong>sanctam;</strong></span> <span class='ocrx_word' id='word_1_740' title='bbox 1643 1837 1708 1871; x_wconf 87' lang='lat' dir='ltr'><strong>quid</strong></span> 
     </span>
    </p>
   </div>
   <div class='ocr_carea' id='block_1_98' title="bbox 914 1879 1708 1916">
    <p class='ocr_par' dir='ltr' id='par_1_98' title="bbox 914 1879 1708 1916">
     <span class='ocr_line' id='line_1_98' title="bbox 914 1879 1708 1916; baseline 0.005 -11"><span class='ocrx_word' id='word_1_741' title='bbox 914 1883 1030 1914; x_wconf 74' lang='lat' dir='ltr'><strong>egerunt</strong></span> <span class='ocrx_word' id='word_1_742' title='bbox 1041 1879 1115 1906; x_wconf 89' lang='lat' dir='ltr'><strong>aliud</strong></span> <span class='ocrx_word' id='word_1_743' title='bbox 1127 1879 1180 1907; x_wconf 82' lang='lat' dir='ltr'><strong>nisi</strong></span> <span class='ocrx_word' id='word_1_744' title='bbox 1193 1884 1312 1913; x_wconf 87' lang='lat' dir='ltr'><strong>sanctos,</strong></span> <span class='ocrx_word' id='word_1_745' title='bbox 1327 1888 1360 1908; x_wconf 79' lang='lat' dir='ltr'><strong>ac</strong></span> <span class='ocrx_word' id='word_1_746' title='bbox 1375 1880 1493 1916; x_wconf 92' lang='lat' dir='ltr'><strong>primum</strong></span> <span class='ocrx_word' id='word_1_747' title='bbox 1509 1882 1619 1916; x_wconf 90' lang='lat' dir='ltr'><strong>quidem</strong></span> <span class='ocrx_word' id='word_1_748' title='bbox 1635 1881 1708 1909; x_wconf 69' lang='lat' dir='ltr'><strong>PHE-</strong></span> 
     </span>
    </p>
   </div>
   <div class='ocr_carea' id='block_1_99' title="bbox 914 1925 1709 1962">
    <p class='ocr_par' dir='ltr' id='par_1_99' title="bbox 914 1925 1709 1962">
     <span class='ocr_line' id='line_1_99' title="bbox 914 1925 1709 1962; baseline 0.005 -11"><span class='ocrx_word' id='word_1_749' title='bbox 914 1932 1070 1957; x_wconf 87' lang='lat' dir='ltr'><strong>cursorem,</strong></span> <span class='ocrx_word' id='word_1_750' title='bbox 1083 1925 1368 1959; x_wconf 85' lang='lat' dir='ltr'><strong>anathematizarunt,</strong></span> <span class='ocrx_word' id='word_1_751' title='bbox 1386 1931 1467 1962; x_wconf 90' lang='lat' dir='ltr'><strong>atque</strong></span> <span class='ocrx_word' id='word_1_752' title='bbox 1483 1932 1513 1954; x_wconf 88' lang='lat' dir='ltr'><strong>ut</strong></span> <span class='ocrx_word' id='word_1_753' title='bbox 1523 1936 1618 1954; x_wconf 85' lang='lat' dir='ltr'><strong>verum</strong></span> <span class='ocrx_word' id='word_1_754' title='bbox 1634 1928 1709 1955; x_wconf 87' lang='lat' dir='ltr'><strong>dica-</strong></span> 
     </span>
    </p>
   </div>
   <div class='ocr_carea' id='block_1_100' title="bbox 915 1970 1709 2007">
    <p class='ocr_par' dir='ltr' id='par_1_100' title="bbox 915 1970 1709 2007">
     <span class='ocr_line' id='line_1_100' title="bbox 915 1970 1709 2007; baseline 0.005 -10"><span class='ocrx_word' id='word_1_755' title='bbox 915 1975 959 1997; x_wconf 91' lang='lat' dir='ltr'><strong>tur</strong></span> <span class='ocrx_word' id='word_1_756' title='bbox 972 1991 979 2002; x_wconf 93' lang='lat'><strong>,</strong></span> <span class='ocrx_word' id='word_1_757' title='bbox 1003 1970 1112 1998; x_wconf 77' lang='lat' dir='ltr'><strong>tametsi</strong></span> <span class='ocrx_word' id='word_1_758' title='bbox 1136 1971 1303 1998; x_wconf 91' lang='lat' dir='ltr'><strong>horrendum</strong></span> <span class='ocrx_word' id='word_1_759' title='bbox 1317 1992 1325 2004; x_wconf 87' lang='lat'><strong>,</strong></span> <span class='ocrx_word' id='word_1_760' title='bbox 1343 1972 1431 2007; x_wconf 86' lang='lat' dir='ltr'><strong>ipsum</strong></span> <span class='ocrx_word' id='word_1_761' title='bbox 1451 1973 1533 2000; x_wconf 86' lang='lat' dir='ltr'><strong>etiam</strong></span> <span class='ocrx_word' id='word_1_762' title='bbox 1551 1978 1709 2001; x_wconf 87' lang='lat' dir='ltr'><strong>sanctorum</strong></span> 
     </span>
    </p>
   </div>
   <div class='ocr_carea' id='block_1_101' title="bbox 917 2015 1709 2052">
    <p class='ocr_par' dir='ltr' id='par_1_101' title="bbox 917 2015 1709 2052">
     <span class='ocr_line' id='line_1_101' title="bbox 917 2015 1709 2052; baseline 0.005 -9"><span class='ocrx_word' id='word_1_763' title='bbox 917 2016 1066 2044; x_wconf 91' lang='lat' dir='ltr'><strong>Dominum</strong></span> <span class='ocrx_word' id='word_1_764' title='bbox 1078 2017 1090 2043; x_wconf 90' lang='lat'><strong>?</strong></span> <span class='ocrx_word' id='word_1_765' title='bbox 1104 2015 1155 2049; x_wconf 86' lang='lat' dir='ltr'><strong>Qui</strong></span> <span class='ocrx_word' id='word_1_766' title='bbox 1174 2017 1245 2043; x_wconf 87' lang='lat' dir='ltr'><strong>enim</strong></span> <span class='ocrx_word' id='word_1_767' title='bbox 1260 2017 1318 2044; x_wconf 83' lang='lat' dir='ltr'><strong>haec</strong></span> <span class='ocrx_word' id='word_1_768' title='bbox 1330 2018 1480 2052; x_wconf 85' lang='lat' dir='ltr'><strong>prohibuit,</strong></span> <span class='ocrx_word' id='word_1_769' title='bbox 1495 2019 1567 2046; x_wconf 90' lang='lat' dir='ltr'><strong>haud</strong></span> <span class='ocrx_word' id='word_1_770' title='bbox 1580 2019 1662 2046; x_wconf 87' lang='lat' dir='ltr'><strong>dubie</strong></span> <span class='ocrx_word' id='word_1_771' title='bbox 1677 2027 1709 2047; x_wconf 86' lang='lat' dir='ltr'><strong>ea</strong></span> 
     </span>
    </p>
   </div>
   <div class='ocr_carea' id='block_1_102' title="bbox 915 2062 1709 2098">
    <p class='ocr_par' dir='ltr' id='par_1_102' title="bbox 915 2062 1709 2098">
     <span class='ocr_line' id='line_1_102' title="bbox 915 2062 1709 2098; baseline 0.004 -9"><span class='ocrx_word' id='word_1_772' title='bbox 915 2070 970 2089; x_wconf 90' lang='lat' dir='ltr'><strong>non</strong></span> <span class='ocrx_word' id='word_1_773' title='bbox 986 2062 1092 2097; x_wconf 86' lang='lat' dir='ltr'><strong>recepit</strong></span> <span class='ocrx_word' id='word_1_774' title='bbox 1108 2070 1158 2089; x_wconf 85' lang='lat' dir='ltr'><strong>nec</strong></span> <span class='ocrx_word' id='word_1_775' title='bbox 1168 2063 1319 2097; x_wconf 85' lang='lat' dir='ltr'><strong>approbat:</strong></span> <span class='ocrx_word' id='word_1_776' title='bbox 1340 2064 1405 2097; x_wconf 92' lang='lat' dir='ltr'><strong>quin</strong></span> <span class='ocrx_word' id='word_1_777' title='bbox 1425 2064 1559 2098; x_wconf 85' lang='lat' dir='ltr'><strong>judicium</strong></span> <span class='ocrx_word' id='word_1_778' title='bbox 1582 2064 1709 2092; x_wconf 89' lang='lat' dir='ltr'><strong>inexora-</strong></span> 
     </span>
    </p>
   </div>
   <div class='ocr_carea' id='block_1_103' title="bbox 914 2107 1708 2142">
    <p class='ocr_par' dir='ltr' id='par_1_103' title="bbox 914 2107 1708 2142">
     <span class='ocr_line' id='line_1_103' title="bbox 914 2107 1708 2142; baseline 0.006 -9"><span class='ocrx_word' id='word_1_779' title='bbox 914 2107 969 2134; x_wconf 86' lang='lat' dir='ltr'><strong>bile</strong></span> <span class='ocrx_word' id='word_1_780' title='bbox 984 2107 1106 2134; x_wconf 85' lang='lat' dir='ltr'><strong>minatus</strong></span> <span class='ocrx_word' id='word_1_781' title='bbox 1119 2112 1161 2134; x_wconf 86' lang='lat' dir='ltr'><strong>est</strong></span> <span class='ocrx_word' id='word_1_782' title='bbox 1172 2107 1254 2134; x_wconf 89' lang='lat' dir='ltr'><strong>etiam</strong></span> <span class='ocrx_word' id='word_1_783' title='bbox 1268 2107 1481 2136; x_wconf 85' lang='lat' dir='ltr'><strong>communicanti</strong></span> <span class='ocrx_word' id='word_1_784' title='bbox 1497 2117 1559 2136; x_wconf 91' lang='lat' dir='ltr'><strong>cum</strong></span> <span class='ocrx_word' id='word_1_785' title='bbox 1574 2110 1708 2142; x_wconf 86' lang='lat' dir='ltr'><strong>adultero,</strong></span> 
     </span>
    </p>
   </div>
   <div class='ocr_carea' id='block_1_104' title="bbox 915 2153 1709 2192">
    <p class='ocr_par' dir='ltr' id='par_1_104' title="bbox 915 2153 1709 2192">
     <span class='ocr_line' id='line_1_104' title="bbox 915 2153 1709 2192; baseline 0.006 -13"><span class='ocrx_word' id='word_1_786' title='bbox 915 2161 969 2180; x_wconf 88' lang='lat' dir='ltr'><strong>non</strong></span> <span class='ocrx_word' id='word_1_787' title='bbox 986 2154 1038 2180; x_wconf 88' lang='lat' dir='ltr'><strong>hoc</strong></span> <span class='ocrx_word' id='word_1_788' title='bbox 1051 2154 1093 2180; x_wconf 85' lang='lat' dir='ltr'><strong>vel</strong></span> <span class='ocrx_word' id='word_1_789' title='bbox 1110 2153 1165 2186; x_wconf 89' lang='lat' dir='ltr'><strong>illo,</strong></span> <span class='ocrx_word' id='word_1_790' title='bbox 1182 2154 1229 2181; x_wconf 89' lang='lat' dir='ltr'><strong>sed</strong></span> <span class='ocrx_word' id='word_1_791' title='bbox 1245 2162 1419 2189; x_wconf 90' lang='lat' dir='ltr'><strong>quocunque,</strong></span> <span class='ocrx_word' id='word_1_792' title='bbox 1433 2155 1608 2190; x_wconf 85' lang='lat' dir='ltr'><strong>imperatore,</strong></span> <span class='ocrx_word' id='word_1_793' title='bbox 1624 2157 1709 2192; x_wconf 89' lang='lat' dir='ltr'><strong>dyna-</strong></span> 
     </span>
    </p>
   </div>
   <div class='ocr_carea' id='block_1_105' title="bbox 915 2200 1707 2235">
    <p class='ocr_par' dir='ltr' id='par_1_105' title="bbox 915 2200 1707 2235">
     <span class='ocr_line' id='line_1_105' title="bbox 915 2200 1707 2235; baseline 0.008 -10"><span class='ocrx_word' id='word_1_794' title='bbox 915 2204 955 2226; x_wconf 86' lang='lat' dir='ltr'><strong>sta</strong></span> <span class='ocrx_word' id='word_1_795' title='bbox 966 2219 973 2231; x_wconf 91' lang='lat'><strong>,</strong></span> <span class='ocrx_word' id='word_1_796' title='bbox 992 2207 1078 2234; x_wconf 70' lang='lat' dir='ltr'><strong>parto</strong></span> <span class='ocrx_word' id='word_1_797' title='bbox 1097 2204 1124 2227; x_wconf 90' lang='lat' dir='ltr'><strong>et</strong></span> <span class='ocrx_word' id='word_1_798' title='bbox 1147 2208 1255 2235; x_wconf 72' lang='lat' dir='ltr'><strong>magno.</strong></span> <span class='ocrx_word' id='word_1_799' title='bbox 1272 2200 1331 2228; x_wconf 88' lang='lat' dir='ltr'><strong>Una</strong></span> <span class='ocrx_word' id='word_1_800' title='bbox 1348 2200 1421 2228; x_wconf 88' lang='lat' dir='ltr'><strong>enim</strong></span> <span class='ocrx_word' id='word_1_801' title='bbox 1435 2221 1442 2233; x_wconf 91' lang='lat'><strong>,</strong></span> <span class='ocrx_word' id='word_1_802' title='bbox 1455 2202 1513 2235; x_wconf 88' lang='lat' dir='ltr'><strong>ait,</strong></span> <span class='ocrx_word' id='word_1_803' title='bbox 1540 2203 1582 2230; x_wconf 88' lang='lat' dir='ltr'><strong>lex</strong></span> <span class='ocrx_word' id='word_1_804' title='bbox 1599 2204 1652 2231; x_wconf 88' lang='lat' dir='ltr'><strong>erit</strong></span> <span class='ocrx_word' id='word_1_805' title='bbox 1666 2205 1686 2220; x_wconf 85' lang='lat'><strong>&quot;</strong></span> <span class='ocrx_word' id='word_1_806' title='bbox 1701 2213 1707 2230; x_wconf 92' lang='lat'>:</span> 
     </span>
    </p>
   </div>
   <div class='ocr_carea' id='block_1_106' title="bbox 915 2244 1710 2283">
    <p class='ocr_par' dir='ltr' id='par_1_106' title="bbox 915 2244 1710 2283">
     <span class='ocr_line' id='line_1_106' title="bbox 915 2244 1710 2283; baseline 0.008 -12"><span class='ocrx_word' id='word_1_807' title='bbox 915 2249 943 2272; x_wconf 90' lang='lat' dir='ltr'><strong>et</strong></span> <span class='ocrx_word' id='word_1_808' title='bbox 967 2253 1052 2272; x_wconf 89' lang='lat' dir='ltr'><strong>unum</strong></span> <span class='ocrx_word' id='word_1_809' title='bbox 1077 2244 1256 2280; x_wconf 80' lang='lat' dir='ltr'><strong>Evangelium</strong></span> <span class='ocrx_word' id='word_1_810' title='bbox 1274 2246 1432 2281; x_wconf 88' lang='lat' dir='ltr'><strong>accepimus</strong></span> <span class='ocrx_word' id='word_1_811' title='bbox 1453 2256 1460 2274; x_wconf 87' lang='lat'><strong><em>:</em></strong></span> <span class='ocrx_word' id='word_1_812' title='bbox 1486 2252 1514 2275; x_wconf 91' lang='lat' dir='ltr'><strong>et</strong></span> <span class='ocrx_word' id='word_1_813' title='bbox 1533 2248 1580 2283; x_wconf 89' lang='lat' dir='ltr'><strong>qui</strong></span> <span class='ocrx_word' id='word_1_814' title='bbox 1602 2256 1635 2276; x_wconf 90' lang='lat' dir='ltr'><strong>ex</strong></span> <span class='ocrx_word' id='word_1_815' title='bbox 1658 2249 1710 2277; x_wconf 88' lang='lat' dir='ltr'><strong>hoc</strong></span> 
     </span>
    </p>
   </div>
   <div class='ocr_carea' id='block_1_107' title="bbox 918 2290 1709 2328">
    <p class='ocr_par' dir='ltr' id='par_1_107' title="bbox 918 2290 1709 2328">
     <span class='ocr_line' id='line_1_107' title="bbox 918 2290 1709 2328; baseline 0.008 -12"><span class='ocrx_word' id='word_1_816' title='bbox 918 2290 1064 2326; x_wconf 75' lang='lat' dir='ltr'><strong>Evangelio</strong></span> <span class='ocrx_word' id='word_1_817' title='bbox 1078 2291 1218 2325; x_wconf 79' lang='lat' dir='ltr'><strong>quidpiam</strong></span> <span class='ocrx_word' id='word_1_818' title='bbox 1238 2291 1452 2325; x_wconf 80' lang='lat' dir='ltr'><strong>labefactaverit,</strong></span> <span class='ocrx_word' id='word_1_819' title='bbox 1469 2293 1532 2320; x_wconf 91' lang='lat' dir='ltr'><strong>licet</strong></span> <span class='ocrx_word' id='word_1_820' title='bbox 1548 2294 1661 2328; x_wconf 76' lang='lat' dir='ltr'><strong>angelus</strong></span> <span class='ocrx_word' id='word_1_821' title='bbox 1674 2297 1709 2322; x_wconf 81' lang='lat' dir='ltr'><strong>de</strong></span> 
     </span>
    </p>
   </div>
   <div class='ocr_carea' id='block_1_108' title="bbox 916 2335 1708 2374">
    <p class='ocr_par' dir='ltr' id='par_1_108' title="bbox 916 2335 1708 2374">
     <span class='ocr_line' id='line_1_108' title="bbox 916 2335 1708 2374; baseline 0.006 -12"><span class='ocrx_word' id='word_1_822' title='bbox 916 2336 986 2363; x_wconf 72' lang='lat' dir='ltr'><strong>ctelo</strong></span> <span class='ocrx_word' id='word_1_823' title='bbox 999 2356 1006 2366; x_wconf 89' lang='lat'><strong>,</strong></span> <span class='ocrx_word' id='word_1_824' title='bbox 1023 2335 1124 2363; x_wconf 87' lang='lat' dir='ltr'><strong>sufﬁcit</strong></span> <span class='ocrx_word' id='word_1_825' title='bbox 1137 2335 1185 2363; x_wconf 86' lang='lat' dir='ltr'><strong>tibi</strong></span> <span class='ocrx_word' id='word_1_826' title='bbox 1203 2338 1380 2364; x_wconf 79' lang='lat' dir='ltr'><strong>asseveratio.</strong></span> <span class='ocrx_word' id='word_1_827' title='bbox 1396 2337 1466 2365; x_wconf 85' lang='lat' dir='ltr'><strong>Num</strong></span> <span class='ocrx_word' id='word_1_828' title='bbox 1485 2338 1632 2374; x_wconf 88' lang='lat' dir='ltr'><strong>imperator</strong></span> <span class='ocrx_word' id='word_1_829' title='bbox 1649 2348 1708 2367; x_wconf 88' lang='lat' dir='ltr'><strong>ma-</strong></span> 
     </span>
    </p>
   </div>
   <div class='ocr_carea' id='block_1_109' title="bbox 913 2381 1705 2419">
    <p class='ocr_par' dir='ltr' id='par_1_109' title="bbox 913 2381 1705 2419">
     <span class='ocr_line' id='line_1_109' title="bbox 913 2381 1705 2419; baseline 0.006 -11"><span class='ocrx_word' id='word_1_830' title='bbox 913 2382 958 2417; x_wconf 86' lang='lat' dir='ltr'><strong>jor</strong></span> <span class='ocrx_word' id='word_1_831' title='bbox 967 2387 1010 2409; x_wconf 89' lang='lat' dir='ltr'><strong>est</strong></span> <span class='ocrx_word' id='word_1_832' title='bbox 1023 2381 1139 2416; x_wconf 82' lang='lat' dir='ltr'><strong>angelo?</strong></span> <span class='ocrx_word' id='word_1_833' title='bbox 1153 2382 1223 2408; x_wconf 86' lang='lat' dir='ltr'><strong>Num</strong></span> <span class='ocrx_word' id='word_1_834' title='bbox 1239 2383 1332 2410; x_wconf 91' lang='lat' dir='ltr'><strong>mundi</strong></span> <span class='ocrx_word' id='word_1_835' title='bbox 1346 2384 1476 2419; x_wconf 89' lang='lat' dir='ltr'><strong>princeps</strong></span> <span class='ocrx_word' id='word_1_836' title='bbox 1490 2385 1517 2412; x_wconf 91' lang='lat' dir='ltr'><strong>in</strong></span> <span class='ocrx_word' id='word_1_837' title='bbox 1532 2385 1635 2412; x_wconf 89' lang='lat' dir='ltr'><strong>mundo</strong></span> <span class='ocrx_word' id='word_1_838' title='bbox 1647 2394 1705 2413; x_wconf 86' lang='lat' dir='ltr'><strong>ma-</strong></span> 
     </span>
    </p>
   </div>
   <div class='ocr_carea' id='block_1_110' title="bbox 913 2427 1706 2466">
    <p class='ocr_par' dir='ltr' id='par_1_110' title="bbox 913 2427 1706 2466">
     <span class='ocr_line' id='line_1_110' title="bbox 913 2427 1706 2466; baseline 0.006 -12"><span class='ocrx_word' id='word_1_839' title='bbox 913 2428 956 2463; x_wconf 86' lang='lat' dir='ltr'><strong>jor</strong></span> <span class='ocrx_word' id='word_1_840' title='bbox 969 2427 1075 2454; x_wconf 90' lang='lat' dir='ltr'><strong>cunctis</strong></span> <span class='ocrx_word' id='word_1_841' title='bbox 1088 2428 1257 2456; x_wconf 65' lang='lat' dir='ltr'><strong>daemonibus</strong></span> <span class='ocrx_word' id='word_1_842' title='bbox 1269 2433 1295 2456; x_wconf 82' lang='lat' dir='ltr'><strong>et</strong></span> <span class='ocrx_word' id='word_1_843' title='bbox 1314 2428 1489 2463; x_wconf 84' lang='lat' dir='ltr'><strong>hominibus,</strong></span> <span class='ocrx_word' id='word_1_844' title='bbox 1509 2431 1555 2466; x_wconf 90' lang='lat' dir='ltr'><strong>qni</strong></span> <span class='ocrx_word' id='word_1_845' title='bbox 1568 2431 1706 2459; x_wconf 85' lang='lat' dir='ltr'><strong>mundana</strong></span> 
     </span>
    </p>
   </div>
   <div class='ocr_carea' id='block_1_111' title="bbox 915 2475 1708 2511">
    <p class='ocr_par' dir='ltr' id='par_1_111' title="bbox 915 2475 1708 2511">
     <span class='ocr_line' id='line_1_111' title="bbox 915 2475 1708 2511; baseline 0.008 -11"><span class='ocrx_word' id='word_1_846' title='bbox 915 2478 1059 2508; x_wconf 76' lang='lat' dir='ltr'><strong>potestate,</strong></span> <span class='ocrx_word' id='word_1_847' title='bbox 1075 2482 1129 2501; x_wconf 90' lang='lat' dir='ltr'><strong>non</strong></span> <span class='ocrx_word' id='word_1_848' title='bbox 1146 2475 1248 2506; x_wconf 85' lang='lat' dir='ltr'><strong>divina,</strong></span> <span class='ocrx_word' id='word_1_849' title='bbox 1265 2475 1292 2502; x_wconf 87' lang='lat' dir='ltr'><strong>in</strong></span> <span class='ocrx_word' id='word_1_850' title='bbox 1309 2476 1412 2504; x_wconf 91' lang='lat' dir='ltr'><strong>mundo</strong></span> <span class='ocrx_word' id='word_1_851' title='bbox 1426 2477 1622 2505; x_wconf 83' lang='lat' dir='ltr'><strong>dominantur?</strong></span> <span class='ocrx_word' id='word_1_852' title='bbox 1638 2478 1708 2511; x_wconf 88' lang='lat' dir='ltr'><strong>Quid</strong></span> 
     </span>
    </p>
   </div>
   <div class='ocr_carea' id='block_1_112' title="bbox 914 2518 1704 2557">
    <p class='ocr_par' dir='ltr' id='par_1_112' title="bbox 914 2518 1704 2557">
     <span class='ocr_line' id='line_1_112' title="bbox 914 2518 1704 2557; baseline 0.005 -12"><span class='ocrx_word' id='word_1_853' title='bbox 914 2523 1005 2546; x_wconf 89' lang='lat' dir='ltr'><strong>autem</strong></span> <span class='ocrx_word' id='word_1_854' title='bbox 1024 2518 1089 2546; x_wconf 91' lang='lat' dir='ltr'><strong>dicit</strong></span> <span class='ocrx_word' id='word_1_855' title='bbox 1112 2519 1278 2553; x_wconf 86' lang='lat' dir='ltr'><strong>Apostolus?</strong></span> <span class='ocrx_word' id='word_1_856' title='bbox 1290 2520 1443 2547; x_wconf 80' lang='lat' dir='ltr'><strong>Anathema</strong></span> <span class='ocrx_word' id='word_1_857' title='bbox 1459 2520 1504 2548; x_wconf 89' lang='lat' dir='ltr'><strong>sit.</strong></span> <span class='ocrx_word' id='word_1_858' title='bbox 1520 2521 1613 2557; x_wconf 75' lang='lat' dir='ltr'><strong>Angeli</strong></span> <span class='ocrx_word' id='word_1_859' title='bbox 1631 2521 1704 2549; x_wconf 87' lang='lat' dir='ltr'><strong>labe-</strong></span> 
     </span>
    </p>
   </div>
   <div class='ocr_carea' id='block_1_113' title="bbox 915 2565 1705 2601">
    <p class='ocr_par' dir='ltr' id='par_1_113' title="bbox 915 2565 1705 2601">
     <span class='ocr_line' id='line_1_113' title="bbox 915 2565 1705 2601; baseline 0.003 -10"><span class='ocrx_word' id='word_1_860' title='bbox 915 2565 1016 2592; x_wconf 86' lang='lat' dir='ltr'><strong>factare</strong></span> <span class='ocrx_word' id='word_1_861' title='bbox 1038 2572 1093 2592; x_wconf 92' lang='lat' dir='ltr'><strong>non</strong></span> <span class='ocrx_word' id='word_1_862' title='bbox 1108 2565 1211 2592; x_wconf 88' lang='lat' dir='ltr'><strong>audent</strong></span> <span class='ocrx_word' id='word_1_863' title='bbox 1224 2585 1230 2596; x_wconf 92' lang='lat'><strong>,</strong></span> <span class='ocrx_word' id='word_1_864' title='bbox 1248 2569 1274 2601; x_wconf 87' lang='lat' dir='ltr'><strong>e_t</strong></span> <span class='ocrx_word' id='word_1_865' title='bbox 1287 2584 1295 2596; x_wconf 89' lang='lat'><strong>,</strong></span> <span class='ocrx_word' id='word_1_866' title='bbox 1316 2566 1339 2592; x_wconf 90' lang='lat' dir='ltr'><strong>si</strong></span> <span class='ocrx_word' id='word_1_867' title='bbox 1356 2565 1539 2598; x_wconf 75' lang='lat' dir='ltr'><strong>labefactent.</strong></span> <span class='ocrx_word' id='word_1_868' title='bbox 1560 2566 1705 2593; x_wconf 86' lang='lat' dir='ltr'><strong>anathema</strong></span> 
     </span>
    </p>
   </div>
   <div class='ocr_carea' id='block_1_114' title="bbox 913 2611 1704 2647">
    <p class='ocr_par' dir='ltr' id='par_1_114' title="bbox 913 2611 1704 2647">
     <span class='ocr_line' id='line_1_114' title="bbox 913 2611 1704 2647; baseline 0 -9"><span class='ocrx_word' id='word_1_869' title='bbox 913 2619 969 2638; x_wconf 91' lang='lat' dir='ltr'><strong>non</strong></span> <span class='ocrx_word' id='word_1_870' title='bbox 983 2611 1124 2647; x_wconf 76' lang='lat' dir='ltr'><strong>effugiunt,</strong></span> <span class='ocrx_word' id='word_1_871' title='bbox 1137 2611 1366 2646; x_wconf 87' lang='lat' dir='ltr'><strong>quemadmodum</strong></span> <span class='ocrx_word' id='word_1_872' title='bbox 1377 2611 1501 2639; x_wconf 88' lang='lat' dir='ltr'><strong>diabolus</strong></span> <span class='ocrx_word' id='word_1_873' title='bbox 1513 2619 1544 2639; x_wconf 86' lang='lat' dir='ltr'><strong>ac</strong></span> <span class='ocrx_word' id='word_1_874' title='bbox 1555 2613 1614 2646; x_wconf 86' lang='lat' dir='ltr'><strong>ejus</strong></span> <span class='ocrx_word' id='word_1_875' title='bbox 1626 2612 1704 2639; x_wconf 86' lang='lat' dir='ltr'><strong>turba</strong></span> 
     </span>
    </p>
   </div>
   <div class='ocr_carea' id='block_1_115' title="bbox 914 2656 1706 2692">
    <p class='ocr_par' dir='ltr' id='par_1_115' title="bbox 914 2656 1706 2692">
     <span class='ocr_line' id='line_1_115' title="bbox 914 2656 1706 2692; baseline 0 -8"><span class='ocrx_word' id='word_1_876' title='bbox 914 2657 1048 2684; x_wconf 80' lang='lat' dir='ltr'><strong>desertrix</strong></span> <span class='ocrx_word' id='word_1_877' title='bbox 1060 2678 1067 2689; x_wconf 93' lang='lat'><strong>,</strong></span> <span class='ocrx_word' id='word_1_878' title='bbox 1088 2661 1116 2684; x_wconf 92' lang='lat' dir='ltr'><strong>et</strong></span> <span class='ocrx_word' id='word_1_879' title='bbox 1129 2664 1248 2692; x_wconf 89' lang='lat' dir='ltr'><strong>quonam</strong></span> <span class='ocrx_word' id='word_1_880' title='bbox 1261 2657 1344 2683; x_wconf 91' lang='lat' dir='ltr'><strong>modo</strong></span> <span class='ocrx_word' id='word_1_881' title='bbox 1360 2656 1387 2683; x_wconf 90' lang='lat' dir='ltr'><strong>in</strong></span> <span class='ocrx_word' id='word_1_882' title='bbox 1411 2663 1494 2683; x_wconf 84' lang='lat' dir='ltr'><strong>carne</strong></span> <span class='ocrx_word' id='word_1_883' title='bbox 1507 2656 1603 2683; x_wconf 87' lang='lat' dir='ltr'><strong>vivens</strong></span> <span class='ocrx_word' id='word_1_884' title='bbox 1617 2658 1706 2684; x_wconf 91' lang='lat' dir='ltr'><strong>omnis</strong></span> 
     </span>
    </p>
   </div>
   <div class='ocr_carea' id='block_1_116' title="bbox 916 2701 1706 2736">
    <p class='ocr_par' dir='ltr' id='par_1_116' title="bbox 916 2701 1706 2736">
     <span class='ocr_line' id='line_1_116' title="bbox 916 2701 1706 2736; baseline -0.004 -5"><span class='ocrx_word' id='word_1_885' title='bbox 916 2704 999 2731; x_wconf 91' lang='lat' dir='ltr'><strong>homo</strong></span> <span class='ocrx_word' id='word_1_886' title='bbox 1009 2723 1016 2734; x_wconf 88' lang='lat'><strong><em>.</em></strong></span> <span class='ocrx_word' id='word_1_887' title='bbox 1033 2703 1056 2730; x_wconf 90' lang='lat' dir='ltr'><strong>si</strong></span> <span class='ocrx_word' id='word_1_888' title='bbox 1069 2703 1215 2730; x_wconf 73' lang='lat' dir='ltr'><strong>labefactat</strong></span> <span class='ocrx_word' id='word_1_889' title='bbox 1226 2724 1233 2736; x_wconf 91' lang='lat'><strong>,</strong></span> <span class='ocrx_word' id='word_1_890' title='bbox 1248 2707 1276 2730; x_wconf 87' lang='lat' dir='ltr'><strong>et</strong></span> <span class='ocrx_word' id='word_1_891' title='bbox 1290 2709 1361 2730; x_wconf 84' lang='lat' dir='ltr'><strong>nova</strong></span> <span class='ocrx_word' id='word_1_892' title='bbox 1375 2701 1545 2732; x_wconf 85' lang='lat' dir='ltr'><strong>introducat,</strong></span> <span class='ocrx_word' id='word_1_893' title='bbox 1560 2709 1591 2729; x_wconf 89' lang='lat' dir='ltr'><strong>ac</strong></span> <span class='ocrx_word' id='word_1_894' title='bbox 1606 2703 1706 2736; x_wconf 70' lang='lat' dir='ltr'><strong>praeci-</strong></span> 
     </span>
    </p>
   </div>
   <div class='ocr_carea' id='block_1_117' title="bbox 915 2747 1705 2785">
    <p class='ocr_par' dir='ltr' id='par_1_117' title="bbox 915 2747 1705 2785">
     <span class='ocr_line' id='line_1_117' title="bbox 915 2747 1705 2785; baseline -0.001 -9"><span class='ocrx_word' id='word_1_895' title='bbox 915 2757 970 2785; x_wconf 91' lang='lat' dir='ltr'><strong>pue</strong></span> <span class='ocrx_word' id='word_1_896' title='bbox 987 2756 1057 2776; x_wconf 87' lang='lat' dir='ltr'><strong>nova</strong></span> <span class='ocrx_word' id='word_1_897' title='bbox 1073 2748 1230 2783; x_wconf 88' lang='lat' dir='ltr'><strong>hujusmodi</strong></span> <span class='ocrx_word' id='word_1_898' title='bbox 1242 2769 1249 2780; x_wconf 87' lang='lat'><strong>,</strong></span> <span class='ocrx_word' id='word_1_899' title='bbox 1269 2748 1376 2775; x_wconf 79' lang='lat' dir='ltr'><strong>alienus</strong></span> <span class='ocrx_word' id='word_1_900' title='bbox 1395 2755 1411 2774; x_wconf 68' lang='grc' dir='ltr'><strong>ο</strong></span> <span class='ocrx_word' id='word_1_901' title='bbox 1425 2747 1481 2774; x_wconf 87' lang='lat' dir='ltr'><strong>Deo</strong></span> <span class='ocrx_word' id='word_1_902' title='bbox 1496 2755 1550 2775; x_wconf 91' lang='lat' dir='ltr'><strong>non</strong></span> <span class='ocrx_word' id='word_1_903' title='bbox 1567 2747 1638 2774; x_wconf 74' lang='lat' dir='ltr'><strong>erit?</strong></span> <span class='ocrx_word' id='word_1_904' title='bbox 1653 2747 1705 2781; x_wconf 87' lang='lat' dir='ltr'><strong>Qui</strong></span> 
     </span>
    </p>
   </div>
   <div class='ocr_carea' id='block_1_118' title="bbox 917 2793 1706 2829">
    <p class='ocr_par' dir='ltr' id='par_1_118' title="bbox 917 2793 1706 2829">
     <span class='ocr_line' id='line_1_118' title="bbox 917 2793 1706 2829; baseline -0.003 -7"><span class='ocrx_word' id='word_1_905' title='bbox 917 2802 984 2823; x_wconf 90' lang='lat' dir='ltr'><strong>vero</strong></span> <span class='ocrx_word' id='word_1_906' title='bbox 999 2802 1030 2822; x_wconf 87' lang='lat' dir='ltr'><strong>ea</strong></span> <span class='ocrx_word' id='word_1_907' title='bbox 1054 2802 1116 2829; x_wconf 72' lang='lat' dir='ltr'><strong>qua:</strong></span> <span class='ocrx_word' id='word_1_908' title='bbox 1132 2794 1204 2821; x_wconf 85' lang='lat' dir='ltr'><strong>Deus</strong></span> <span class='ocrx_word' id='word_1_909' title='bbox 1225 2794 1384 2829; x_wconf 88' lang='lat' dir='ltr'><strong>prohibuit,</strong></span> <span class='ocrx_word' id='word_1_910' title='bbox 1408 2801 1464 2820; x_wconf 90' lang='lat' dir='ltr'><strong>non</strong></span> <span class='ocrx_word' id='word_1_911' title='bbox 1487 2793 1583 2828; x_wconf 84' lang='lat' dir='ltr'><strong>recipit</strong></span> <span class='ocrx_word' id='word_1_912' title='bbox 1607 2794 1706 2828; x_wconf 87' lang='lat' dir='ltr'><strong>(revo-</strong></span> 
     </span>
    </p>
   </div>
   <div class='ocr_carea' id='block_1_119' title="bbox 916 2839 1705 2877">
    <p class='ocr_par' dir='ltr' id='par_1_119' title="bbox 916 2839 1705 2877">
     <span class='ocr_line' id='line_1_119' title="bbox 916 2839 1705 2877; baseline -0.001 -8"><span class='ocrx_word' id='word_1_913' title='bbox 916 2841 1001 2869; x_wconf 83' lang='lat' dir='ltr'><strong>canda</strong></span> <span class='ocrx_word' id='word_1_914' title='bbox 1017 2841 1090 2869; x_wconf 87' lang='lat' dir='ltr'><strong>enim</strong></span> <span class='ocrx_word' id='word_1_915' title='bbox 1104 2841 1177 2869; x_wconf 87' lang='lat' dir='ltr'><strong>unde</strong></span> <span class='ocrx_word' id='word_1_916' title='bbox 1190 2840 1311 2877; x_wconf 74' lang='lat' dir='ltr'><strong>digressa</strong></span> <span class='ocrx_word' id='word_1_917' title='bbox 1325 2844 1367 2868; x_wconf 86' lang='lat' dir='ltr'><strong>est</strong></span> <span class='ocrx_word' id='word_1_918' title='bbox 1381 2840 1490 2875; x_wconf 84' lang='lat' dir='ltr'><strong>oratio),</strong></span> <span class='ocrx_word' id='word_1_919' title='bbox 1501 2840 1524 2868; x_wconf 90' lang='lat' dir='ltr'><strong>is</strong></span> <span class='ocrx_word' id='word_1_920' title='bbox 1537 2839 1705 2868; x_wconf 77' lang='lat' dir='ltr'><strong>Mtechiano-</strong></span> 
     </span>
    </p>
   </div>
   <div class='ocr_carea' id='block_1_120' title="bbox 1546 2943 1585 2974">
    <p class='ocr_par' dir='ltr' id='par_1_120' title="bbox 1546 2943 1585 2974">
     <span class='ocr_line' id='line_1_120' title="bbox 1546 2943 1585 2974; baseline -0.026 0"><span class='ocrx_word' id='word_1_921' title='bbox 1546 2943 1585 2974; x_wconf 86' lang='lat'><strong>33</strong></span> 
     </span>
    </p>
   </div>
  </div>
