1926 3078
236 125 301 158 1035

826 126 856 156 S.
873 123 1067 155 THEODOR]
1092 124 1265 156 STUDlTrE

1791 127 1858 161 1036

232 191 311 216 rum,
330 181 370 210 vel
386 182 478 217 potius
498 181 732 209 Antichristorum
751 181 890 208 sententia
908 181 963 215 jam
979 182 1021 206 est

1074 179 1116 206 τὸν
1132 181 1272 217 Δεσπότην
1286 181 1382 214 οὕτως,
1402 180 1497 217 ὥσπερ
1513 181 1538 208 οἱ
1550 180 1683 214 Ἰουδαῖοι,
1700 182 1730 209 ὲν
1747 182 1859 215 Βεελςε-

231 226 493 256 excommuniratns.
512 227 590 260 Quod
605 227 626 254 si
641 227 784 254 Dominum
795 248 802 259 ,
828 227 896 254 sicut
913 225 997 253 Judmi
1011 244 1018 257 ,

231 274 367 302 daemonia
395 274 423 300 in
439 273 594 300 Beelzebub
618 273 775 308 ejicientcm
796 277 964 300 vocaverunt
980 272 1020 306 ³¹,

231 320 296 356 quid
309 320 343 347 de
358 320 443 354 ipsius
459 319 545 347 servis
559 323 586 346 et
600 319 730 346 famulis?
747 319 800 346 Aut
813 318 886 346 enim
902 326 950 345 eos
967 318 1021 345 Do-

232 367 299 394 mini
317 367 390 401 legcs
414 366 441 392 in
468 366 525 392 suis
545 362 802 400 dispensationibus'
820 372 875 392 non
899 371 1021 392 servasse

232 414 296 445 rati,
308 412 533 447 coniunctionem
549 412 663 439 adulteri
679 416 706 438 et
720 411 942 438 communionem
959 418 1021 438 cum

231 459 355 486 adultero
369 459 463 493 parilis
479 465 539 485 esse
552 457 682 485 momenti
696 464 728 485 ac
743 457 836 492 gloriae
853 461 1020 489 statuerunt,

232 512 310 532 suam
335 504 388 531 illis
412 504 647 539 dispensationem
678 503 879 539 adjungentes,
907 503 1022 538 ideoque

232 550 345 577 minime
356 550 418 577 illos
428 554 555 584 tanquam
568 549 676 584 exleges
697 553 725 576 et
736 549 925 576 mandatorum
939 553 1024 575 trans-

233 603 382 631 gressores,
397 595 665 622 anathematizarunt
677 615 684 627 ,
697 594 867 629 proindeque
881 594 931 628 ipsi
946 601 1023 628 pror-

233 649 280 668 sus
291 641 538 668 anathematizandi
553 645 618 668 sunt
631 650 637 667 :
654 645 700 668 aut
721 641 806 676 legem
820 640 853 667 ab
864 639 916 666 illis
929 647 1022 666 serva-

234 690 289 713 tam
305 693 365 713 esse
380 686 553 718 conﬁtentes,
569 693 598 712 se
614 685 689 720 ipsos
705 685 1021 716 anathematizaverunt,

232 739 287 758 non
304 735 396 757 autem
413 736 522 758 sanctos
533 751 539 762 .
564 735 722 757 sanctorum
741 730 793 757 sibi
813 738 914 757 nomen
930 730 1022 757 miseri

232 777 403 804 vindicantes
417 777 442 803 in
456 776 671 811 dispensatione,
684 780 713 803 ut
725 781 833 807 vocant,
852 776 1022 810 conjunctio-

233 823 277 850 nis
291 823 405 850 adulteri
422 831 428 849 :
447 829 478 849 ac
493 830 527 850 eo
542 822 602 857 ipso
615 830 709 849 rursus
719 826 829 849 sanctos
841 821 1023 849 anathemati—

233 873 364 897 zaverunt
380 873 508 904 tanquam
525 869 638 896 minime
655 874 765 896 sanctos
779 878 784 896 :
801 868 1022 903 quandoquidem

232 915 320 942 sancti
336 922 430 941 eorum
443 914 547 949 judicio
557 914 575 941 ii
592 918 666 947 sunt,
678 914 724 948 qui
736 922 786 949 pro
798 913 902 941 viribus
913 913 1023 948 dispen-

231 960 351 987 sationes
368 959 570 993 conjunctionis
584 959 762 991 adulterinae,
786 964 814 986 ct
836 958 1022 986 communica-

232 1007 314 1033 tionis
328 1014 389 1033 cum
408 1006 533 1033 adultero
555 1005 680 1040 principe
701 1005 826 1032 fecerunt
849 1010 877 1032 et
898 1005 1020 1032 iaciunt:

231 1053 311 1080 alieni
327 1057 417 1079 autent
430 1060 445 1079 a
459 1051 514 1079 Deo
528 1057 556 1079 et
567 1052 676 1088 exleges
690 1060 721 1079 ac
736 1052 925 1079 mandatorum
935 1057 1023 1079 trans-

231 1107 371 1136 gressores
383 1120 390 1132 ,
408 1104 435 1127 et
450 1099 681 1126 excommunicati
700 1100 771 1134 apud
789 1101 861 1134 ipsos
876 1104 956 1132 sunt,
976 1099 1022 1133 qui

232 1147 340 1174 illorum
351 1145 584 1181 dispensationem
596 1146 728 1173 adulteris
740 1146 955 1180 patrocinantcm
968 1153 1021 1173 non

232 1192 382 1227 recipiunt,
399 1200 449 1219 nec
466 1192 539 1219 illius
555 1192 678 1228 vestigiis
694 1192 832 1219 insistunt.

268 1237 458 1272 Undecunque
476 1238 559 1273 igitur
573 1238 684 1265 libuerit
699 1242 726 1265 et
740 1244 932 1272 quamcunque
948 1237 1021 1272 ipso-

233 1290 292 1309 rum
311 1282 458 1317 impietatis
481 1290 574 1310 vocem
593 1283 705 1316 intueri,
728 1283 827 1318 cogita,
849 1282 895 1317 qui
913 1282 1022 1309 solertia

234 1328 330 1363 polles,
348 1333 375 1355 et
391 1330 489 1356 mirare
502 1350 509 1361 ,
524 1329 605 1356 altam
622 1329 708 1364 magis
722 1329 861 1363 magisque
876 1328 1022 1363 impietatis

232 1374 388 1409 voraginem
402 1375 590 1410 contemplans
602 1382 634 1402 ac
647 1374 801 1402 revolvens.
815 1374 872 1401 Non
888 1375 960 1401 enim
979 1379 1022 1401 to-

233 1425 286 1448 tam
303 1421 393 1449 slatim
407 1421 574 1456 impietatem
587 1428 664 1448 suam
679 1421 799 1455 produnt
816 1420 952 1448 haereses:
973 1421 1022 1448 sed

228 1466 290 1493 alia:
302 1467 410 1501 quidem
425 1474 536 1501 prorsus
547 1466 642 1493 aliena:
656 1471 722 1493 sunt
735 1466 768 1493 ab
782 1466 949 1501 Evangelio,
963 1467 1022 1494 alia:

1072 224 1137 251 δοὺλ
1166 226 1308 253 ὲκσαλλειν
1333 227 1414 253 αὐτὸν
1437 228 1471 253 τὰ
1499 227 1625 262 δαιμόνια
1650 228 1816 263 κεκλήκασι;
1833 230 1859 255 τί

1071 270 1136 305 περὶ
1150 270 1203 297 τῶν
1218 271 1320 298 δούλων
1338 271 1385 298 καὶ
1406 271 1579 306 θεραπόντων
1597 272 1697 304 αὐτοῦς
1714 273 1729 308 ἦ
1750 273 1805 308 γὰρ
1821 274 1860 305 ὡς

1071 316 1102 342 οὐ
1119 315 1358 352 πειθαρχήσαντας
1373 318 1430 348 τοῖς
1444 318 1618 349 Δεσποτικοῖς
1632 318 1727 352 νόμοις
1749 319 1778 344 ὲν
1800 320 1860 350 ταῖς

1071 361 1239 397 οἰκονομίαις
1256 362 1347 389 αὐτῶν
1369 362 1552 397 ὲδογμάτισαν
1572 363 1716 399 ἰσόρροπον
1735 365 1782 390 καί
1805 365 1860 390 lcu-

1073 408 1137 443 κλεῆ
1156 408 1206 443 τὴν
1228 407 1414 444 μοιχοζευξίαν
1437 408 1483 435 καὶ
1509 411 1742 443 μοιχοκοινωνίαν,
1759 410 1860 437 οἰκονο-

1074 455 1139 490 μίαν
1155 455 1251 487 αὺταῖς
1267 455 1457 488 συντάξαντες,
1475 456 1522 482 καὶ
1536 456 1581 482 διὰ
1596 456 1675 482 τοῦτο
1692 456 1730 488 ὡς
1744 457 1860 492 ἀνόμους

1071 500 1135 531 τοὺς
1150 500 1256 534 ἁγίους,
1272 501 1319 527 καὶ
1334 500 1494 536 παραϐάτας
1516 501 1571 527 τῶν
1590 501 1706 528 ἐντολῶν
1725 502 1860 537 ἀνεθεμά-

1071 554 1161 579 τισαν,
1178 546 1225 572 καὶ
1239 545 1362 573 ἐντεῦθεν
1375 546 1484 578 πάντως
1498 546 1722 582 ἀναθεματιστέοι
1732 556 1740 563 ο
1755 548 1772 582 ἢ
1787 557 1861 582 νομοί

1073 591 1197 626 φύλακας
1214 592 1313 623 αὐτοὺς
1330 591 1536 627 ὁμολογοῦντες,
1559 594 1673 625 ἑαυτοὺς
1701 594 1860 629 ἀνεθεμάτι-

1074 645 1134 664 σαν.
1152 636 1222 663 Ἀλλ’
1236 637 1266 663 οὐ
1278 637 1342 669 τοὺς
1352 638 1455 672 ἁγίους,
1469 640 1696 675 σφετερισάμενοι
1710 641 1734 667 οἱ
1749 641 1860 668 δείλαιοι

1073 680 1113 711 είς
1129 680 1242 711 ἑαυτοὺς
1255 680 1286 707 τὸ
1299 681 1353 708 τῶν
1370 682 1455 716 ἁγίων
1468 682 1552 718 ὄνομα
1569 685 1598 711 ὲν
1611 686 1645 720 τῇ
1662 685 1796 721 λεγομένῃ
1813 687 1862 713 αὑ-

1072 727 1130 757 τοῖς
1145 726 1286 760 οἰκονομία
1302 728 1351 761 τῆς
1374 728 1562 763 μοιχοζευξίας
1574 737 1580 743 ·
1596 731 1642 756 καὶ
1658 731 1702 757 δια
1718 731 1798 758 τοῦτο
1810 732 1862 758 πά-

1073 771 1115 798 λιν
1130 772 1193 803 τοὺς
1209 772 1304 806 ἁγίους
1326 773 1525 808 ἀνεθεμάτισαν
1540 775 1578 807 ὡς
1600 777 1637 811 μὴ
1654 776 1734 809 ὄντας
1749 778 1860 812 ἁγίους·

1074 817 1135 844 ἐπεὶ
1144 818 1216 852 ἅγιοι
1231 818 1291 844 κατ’
1302 819 1400 851 αὐτοὺς
1412 820 1438 846 οι
1452 820 1522 847 κατὰ
1534 821 1647 857 δύναμιν
1660 823 1709 858 τῆς
1721 824 1859 859 μοιχοζευι

1074 863 1132 896 ξίας
1152 864 1199 890 καὶ
1215 865 1473 900 μοιχομεριδαρχίας
1499 866 1549 898 τὰς
1568 868 1724 904 οἰκονομίας
1744 878 1861 906 πεποιη-

1073 908 1151 940 κότες
1178 909 1225 935 καὶ
1249 910 1399 942 ποιοῦντες,
1423 911 1471 938 καὶ
1486 909 1559 940 οὗτοι
1581 913 1714 949 ἀλλότριοι
1730 915 1799 942 Θεοῦ
1815 917 1862 942 καὶ

1073 954 1179 990 ἄνομοι,
1209 956 1256 982 καὶ
1283 957 1440 992 παραϐάται
1468 958 1594 991 ἐντολῶν,
1621 960 1669 986 καὶ
1697 961 1863 996 ἀναθεματι-

1074 1001 1168 1036 σμένοι
1188 1002 1253 1038 παρ’
1268 1003 1371 1035 αὐτοῖς,
1387 1003 1411 1030 οἱ
1426 1004 1464 1039 μὴ
1479 1004 1527 1039 τὴν
1543 1006 1756 1040 μοιχοσύστατον
1772 1007 1862 1034 αὒτιῖιν

1073 1047 1230 1082 οἰκονομίαν
1247 1047 1398 1084 δεχόμενοι,
1407 1049 1463 1088 *καὶ
1476 1050 1511 1077 τὰ
1526 1051 1587 1077 κατ’
1604 1051 1677 1087 ἴχνος
1691 1053 1776 1088 αὐτῆς
1790 1055 1863 1080 otioo-

1074 1092 1231 1128 νομοῦντες,
1407 1086 1415 1095 ”

1110 1237 1191 1264 Ὅθεν
1208 1235 1255 1265 οὖν
1275 1237 1375 1273 βούλει,
1391 1239 1436 1266 καὶ
1450 1241 1569 1277 ποτέραν
1584 1242 1638 1270 τῶν
1652 1243 1760 1270 ἀσεϐῶν
1773 1245 1869 1272 αὐτῶν

1073 1282 1166 1318 φωνὴν
1191 1283 1292 1316 ἐθέλοις
1311 1285 1386 1317 ἰδεῖν,
1402 1287 1468 1319 νόει,
1484 1288 1498 1313 ό
1514 1288 1652 1322 ἀγχίνους,
1665 1290 1712 1316 καὶ
1726 1290 1868 1326 θαύμαζε,

1074 1328 1156 1363 βάθος
1170 1330 1202 1356 ἐκ
1216 1330 1314 1364 βάθους
1329 1331 1424 1362 ἀθεῖας
1436 1332 1601 1367 ἀναθεωρῶν
1615 1335 1663 1362 καὶ
1676 1336 1870 1371 ἀναλαμϐανό-

1074 1381 1163 1408 μενος.
1183 1375 1249 1401 Οὐδὲ
1265 1375 1318 1411 γὰρ
1333 1377 1361 1402 αἱ
1376 1376 1499 1416 αἱρέσεις.
1515 1380 1641 1414 προφανῆ
1656 1381 1705 1416 τὴν
1720 1381 1784 1415 ὃλην
1798 1383 1870 1410 ἀσέ-

1073 1419 1149 1446 ϐειαν
1171 1420 1279 1455 ἔχουσιν
1291 1429 1298 1437 ⁸
1316 1422 1374 1448 ἀλλ’
1390 1424 1418 1449 αἱ
1444 1424 1494 1459 μὲν
1518 1426 1612 1461 πόρῤω
1629 1426 1676 1452 τοῦ
1696 1426 1870 1462 Εὐαγγελίου

1073 1466 1162 1501 πάντη
1177 1475 1209 1500 γε
1220 1474 1226 1481 ⁵
1241 1467 1270 1493 αἱ
1284 1467 1312 1494 δὲ
1329 1468 1510 1503 ὐποδούμεναι
1525 1471 1557 1496 ὲκ
1569 1471 1616 1497 τοῦ
1632 1472 1803 1506 Εὑαγγελίου
1817 1475 1871 1509 ῥήσ-

231 1519 296 1539 vero
310 1512 392 1539 verba
407 1512 531 1546 quaedam
546 1519 578 1539 ex
596 1511 745 1546 Evangelia
767 1517 910 1546 captantes
923 1533 930 1545 ,
959 1520 1021 1540 cum

1074 1519 1130 1543 σεις
1146 1511 1233 1543 τινὰς,,
1249 1513 1466 1548 συνεισέρχονται
1479 1524 1486 1531 -
1502 1515 1534 1542 οὐ
1546 1516 1672 1550 λέγουσαι
1692 1519 1730 1554 μὴ
1745 1524 1870 1555 στοιχεῖν

231 1557 274 1584 his
284 1565 313 1584 se
332 1557 490 1589 insinuant,
513 1557 723 1591 haudquaquam
743 1557 903 1592 proﬁtentes
916 1565 945 1584 se
961 1565 1023 1585 ora-

230 1604 290 1630 cula
306 1603 462 1639 evangelica
486 1611 541 1630 non
565 1603 664 1638 sequi:
687 1603 742 1631 imo
764 1611 814 1640 pro
834 1604 887 1632 illis
906 1604 1023 1632 maxime

231 1653 383 1684 pugnantes
398 1649 426 1676 in
442 1649 562 1685 speciem
581 1671 588 1682 ,
607 1651 679 1685 quod
702 1651 753 1678 isto
769 1656 795 1678 et
814 1659 867 1678 non
881 1651 926 1678 illo
942 1651 1023 1679 modo

231 1694 315 1730 accipi
333 1695 471 1727 debeant,
499 1696 524 1722 in
540 1696 641 1724 divinis
665 1697 838 1724 sermonibus
861 1698 1023 1732 ambiguita-

230 1746 284 1768 tem
301 1745 464 1768 statuentes.
482 1741 514 1768 Et
529 1749 590 1768 eum
610 1750 624 1768 a
646 1747 721 1770 recto
737 1750 818 1770 sensu
831 1743 1020 1775 discesserint,

230 1787 349 1813 hareses
370 1787 517 1814 nominata:
548 1792 624 1814 sunt.
649 1787 717 1815 Hinc
734 1796 799 1815 vero
820 1788 962 1815 manifesta
982 1793 1023 1815 est

230 1831 367 1868 deerratio
381 1840 395 1858 a
407 1831 469 1858 ﬁde.
481 1831 541 1858 Non
553 1837 646 1858 errant
658 1833 729 1866 quod
744 1833 777 1860 ad
789 1841 899 1860 sensum
908 1835 1020 1861 attinet:

230 1877 277 1904 sed
289 1876 362 1911 quod
376 1877 485 1909 dicant;
502 1877 628 1904 Christus
639 1878 748 1912 quidem
763 1879 803 1906 sic
815 1879 862 1909 ait,
875 1885 1022 1913 quantum-

229 1922 328 1948 vis'lex
343 1922 382 1949 sic
400 1921 507 1954 habeat,
525 1922 551 1949 in
569 1923 678 1958 regibus
696 1923 732 1950 ita
748 1924 806 1951 ﬁeri
822 1934 828 1951 :
846 1925 918 1952 vinci
933 1925 1022 1953 Evan-

229 1968 339 2002 gelium.
354 1967 421 1995 Vide
433 1968 662 2003 quemadmodum
679 1969 741 1996 ﬁnis
757 1970 893 2005 principio
907 1979 1020 2006 respon-

229 2012 302 2038 deat.
329 2011 350 2037 Α
377 2011 477 2038 Christi
507 2011 698 2040 incarnatione
722 2013 842 2040 haereses
867 2018 937 2041 nata:
958 2019 1022 2041 sunt

229 2060 305 2082 extra
328 2055 525 2092 Evangelium;
549 2057 648 2085 deinde
671 2058 794 2085 diabolus
817 2059 946 2093 paulatim
974 2069 1023 2096 per

229 2103 322 2138 gratiae
338 2102 506 2130 incrementa
522 2103 658 2138 repulsus,
676 2111 708 2130 ex
727 2104 845 2138 ipsemet
874 2105 1022 2140 Evangelio

229 2149 382 2176 clanculum
407 2149 582 2176 subintravit.
608 2149 755 2184 Scriptura:
778 2151 867 2178 verbis
892 2156 1021 2186 texluque

228 2195 289 2230 ipso
304 2199 397 2229 tegens
408 2202 509 2226 escam,
526 2195 643 2222 hrereses
660 2201 794 2229 procreat,
813 2204 898 2231 usque
913 2198 946 2225 ad
960 2198 1020 2226 leo-

227 2241 388 2273 nomachos,
405 2249 436 2268 ac
454 2245 596 2275 postquam
612 2248 642 2268 se
652 2241 798 2268 auscultari
813 2242 848 2269 ab
865 2243 1021 2272 hominibus

228 2289 325 2320 sensit,
341 2287 578 2322 appropinquante
596 2286 677 2313 simul
695 2289 939 2315 consummationis
951 2293 1020 2316 tem-

229 2338 312 2365 pore.
334 2335 418 2365 emptt
439 2331 569 2366 deinceps
580 2351 587 2363 ,
605 2331 675 2358 sicut
694 2331 772 2358 initio
785 2352 792 2363 ,
808 2332 919 2359 exitium
936 2333 1021 2368 ipsius

229 2376 368 2411 Evangelii
385 2375 491 2408 moliri,
508 2381 538 2403 ut
556 2384 676 2412 congrue
693 2382 819 2404 occurrat
835 2378 1019 2412 Antichristo,

229 2421 256 2448 in
271 2429 324 2456 quo
341 2421 490 2453 habitabit,
506 2426 533 2448 et
549 2421 576 2448 in
590 2429 644 2456 quo
659 2425 714 2448 tota
730 2422 816 2457 ipsius
831 2423 982 2451 amaritudo
993 2429 1021 2451 et

228 2469 364 2502 apostasia
386 2467 516 2501 pateﬁet,
545 2475 625 2502 quem
649 2467 781 2495 Dominus
802 2469 945 2503 praesentia
971 2477 1019 2496 sua

228 2522 309 2549 quam
324 2514 455 2541 citissime
472 2514 621 2541 interimet.
641 2514 678 2541 De
694 2515 775 2542 tertio
789 2520 879 2541 autem
896 2515 960 2549 quid
977 2515 1019 2542 di-

228 2561 340 2588 cemus?
358 2561 408 2593 Qui
425 2560 498 2587 cnim
520 2560 695 2595 Evangelium
713 2566 807 2596 aperta
826 2562 915 2588 fronte
931 2566 1020 2588 trans-

227 2607 303 2642 gredi
331 2607 389 2634 ausi
416 2612 499 2639 sunt,
525 2615 628 2641 eosque
658 2607 704 2641 qui
731 2607 881 2642 transgredi
907 2607 1019 2634 noluere

228 2653 548 2683 anathematizaverunt,
574 2660 689 2686 ecquam
716 2652 753 2679 illi
781 2660 873 2679 Clll‘alll
901 2652 1018 2679 habituri

228 2702 292 2724 sunt
309 2705 444 2724 canonum
457 2717 464 2729 ,
481 2697 660 2731 quantumvis
673 2705 688 2724 a
701 2697 803 2732 Spiritu
831 2703 927 2725 sancto
944 2699 1019 2725 obsi-

229 2742 301 2775 gnati
312 2741 377 2774 sint,
389 2749 420 2768 ac
432 2750 527 2769 eorum
537 2741 716 2769 dissolutione
729 2742 912 2770 dissolvantur
927 2745 1017 2772 omnia

228 2794 289 2820 quae
303 2787 335 2813 ad
352 2788 466 2814 salutem
484 2793 606 2815 nostram
625 2787 763 2815 attinent?
785 2788 925 2827 Nusquam
944 2790 1017 2817 enim

268 2843 289 2858 "
302 2844 369 2871 Luc.
384 2852 420 2875 ιι,
439 2845 484 2872 15.

1072 1557 1128 1587 τοῖς
1143 1557 1330 1591 εὐαγγελικοῖς
1346 1558 1540 1595 θεσπίσμασιν,
1555 1561 1623 1588 ἀλλὰ
1636 1564 1681 1589 χαὶ
1696 1565 1769 1591 πάνυ
1783 1566 1815 1592 τὸ
1828 1567 1871 1594 δο-

1073 1603 1131 1628 κεῖν
1148 1603 1218 1637 ὑπὲρ
1235 1603 1324 1630 αὐτῶν
1339 1604 1617 1642 ἀντιποιούμεναι,τῷ
1633 1608 1720 1641 οὕτως
1732 1611 1871 1645 νοεῖσθαι,

1073 1649 1120 1675 καὶ
1140 1649 1178 1685 μὴ
1195 1649 1280 1682 οὕτως
1291 1658 1299 1666 ο
1320 1651 1359 1682 εἰς
1374 1652 1438 1684 τοὺς
1452 1651 1542 1685 θείους
1557 1653 1653 1687 λόγους
1675 1655 1725 1691 τὴν
1743 1657 1872 1692 ἀμφιϐο-

1072 1694 1132 1721 λίαν
1155 1695 1277 1730 ἐχουσαι.
1298 1696 1353 1723 Καὶ
1367 1697 1462 1733 ἐπειδὴ
1478 1699 1697 1734 ἀποτυγχάνουσι
1718 1702 1766 1728 τοῦ
1782 1704 1871 1738 ὀρθοῦ

1073 1742 1257 1776 φρονήματος,
1269 1743 1389 1775 αἱρέσεις
1398 1745 1660 1780 κατωνομάσθησαν.
1686 1748 1824 1775 Ἐνταῦθα
1841 1750 1873 1776 δὲ

1073 1787 1179 1821 φανερά
1193 1787 1329 1818 ἔκπτωσις
1341 1788 1469 1820 πίστεως.
1484 1790 1522 1816 οὐ
1536 1791 1599 1825 περὶ
1613 1791 1658 1817 τὸν
1672 1792 1735 1818 νοῦν
1749 1794 1875 1827 σφαλλό-

1075 1839 1159 1865 μενοι,
1182 1831 1249 1857 ἀλλά
1274 1831 1415 1866 λέγοντες·
1433 1834 1487 1860 Καὶ
1507 1832 1584 1861 εἶπεν
1604 1837 1618 1862 ὁ
1641 1837 1761 1872 Χριστὸς
1782 1839 1873 1873 οὕτω,

1074 1876 1123 1903 κᾶν
1142 1877 1223 1911 νόμος
1245 1877 1294 1914 ἔχῃ
1311 1878 1384 1909 τάδε.
1400 1879 1447 1905 ἐπὶ
1464 1880 1518 1906 τῶν
1535 1881 1668 1915 βασιλέων
1685 1883 1772 1915 οὕτως
1789 1886 1875 1919 τίνει

1074 1922 1146 1955 σθαι,
1160 1923 1288 1950 νικᾶσθαι
1302 1924 1332 1950 τὺ
1343 1924 1519 1959 Εὐαγγέλιον.
1534 1927 1675 1961 Σκόπησον
1690 1930 1750 1961 πῶς
1764 1931 1799 1965 τῇ
1820 1932 1875 1966 ἀρ-

1073 1968 1106 2002 χῇ
1119 1967 1149 1993 τὸ
1162 1967 1237 1999 τέλος
1250 1968 1402 1996 ἀκολουθεῖ.
1421 1970 1486 1997 Ἀπὸ
1498 1971 1615 2006 Χριστοῦ
1628 1973 1875 2010 ἐνανθρωπήσεως

1072 2012 1190 2047 ἧρξαντο
1211 2013 1311 2045 ἔξωθεν
1333 2015 1380 2041 τοῦ
1404 2014 1571 2049 Εὐαγγελίου
1594 2018 1621 2044 al
1644 2018 1775 2054 αἱρέσεις.
1799 2019 1876 2047 Εἶτα

1073 2058 1272 2092 ἀποκρουσθεὶς
1289 2060 1303 2086 ὀ
1317 2060 1439 2093 διάϐολος
1457 2061 1502 2089 διὰ
1518 2062 1568 2098 τῆς
1589 2064 1660 2090 κατά
1679 2065 1780 2100 μικρὸν
1798 2075 1876 2102 προ-

1073 2104 1160 2139 κοπῆς
1172 2104 1223 2138 τῆς
1237 2105 1356 2140 χάριτος,
1373 2105 1521 2140 ὑπεισῆλθε
1537 2107 1722 2140 λανθανόντως
1735 2110 1765 2142 ἐξ
1779 2111 1875 2137 αὑτοῦ

1072 2149 1120 2176 τοῦ
1136 2150 1312 2184 Εὐαγγελίου.
1327 2151 1412 2186 Γεννᾷ
1427 2151 1476 2191 τὰς
1486 2153 1607 2187 αίρὲσεις
1621 2154 1702 2189 μέχρι
1715 2154 1770 2181 τῶν
1783 2155 1876 2183 Εἰκο-

1073 2195 1209 2229 νομαχων,
1236 2195 1290 2222 ἀπὸ
1318 2195 1429 2231 Γραφῆς
1453 2196 1499 2223 καὶ
1529 2198 1584 2223 τῶν
1610 2199 1747 2233 κειμένων
1772 2201 1877 2227 αὐτῶν

1072 2240 1254 2275 ὑποδούμενος
1278 2241 1308 2266 τὸ
1330 2241 1435 2276 δέλεαρ.
1457 2243 1513 2269 Καὶ
1533 2243 1602 2269 ἐπὰν
1618 2243 1717 2278 ᾔσθετο
1732 2245 1878 2279 εὐηκόους

1071 2284 1146 2319 αὐτῷ
1166 2285 1228 2316 τοὺς
1244 2285 1403 2320 ἀνθρώπους
1423 2287 1567 2322 ὑπάρχειν,
1585 2289 1796 2320 συνελαύνοντος
1819 2293 1878 2318 καὶ

1070 2331 1118 2358 τοῦ
1134 2331 1230 2366 καιροῦ
1253 2331 1303 2365 τῆς
1318 2332 1483 2363 συντελείας,
1498 2333 1602 2367 ἤρξατο
1616 2335 1647 2360 ὲκ
1664 2335 1712 2361 τοῦ
1727 2335 1812 2370 δεῦρο
1829 2337 1879 2368 ὡς

1070 2377 1100 2403 τὸ
1125 2377 1171 2403 ἀπ’
1184 2376 1282 2411 ἀρχῆς,
1298 2377 1357 2402 κατ’
1371 2377 1453 2403 αὑτοῦ
1474 2378 1521 2404 τοῦ
1541 2379 1709 2412 Εὑαγγελίου
1731 2381 1878 2409 ἀνάπτειν

1069 2422 1116 2448 τὸν
1130 2422 1220 2456 φόνον,
1236 2422 1310 2453 ὅπως
1331 2423 1488 2458 καταντήσῃ
1502 2424 1543 2455 είς
1555 2424 1601 2451 τὸν
1615 2424 1803 2459 Ἀντίχριστον
1816 2427 1877 2453 εὑ-

1071 2468 1165 2499 θέτως,
1179 2467 1220 2502 ἐφ’
1234 2467 1263 2494 ὃν
1281 2469 1450 2503 κατοικήσει,
1466 2469 1512 2495 καὶ
1529 2470 1557 2496 ὲν
1568 2465 1590 2503 ᾧ
1601 2470 1879 2505 ἁποκαλυψθήσεται

1069 2515 1087 2549 ἡ
1100 2515 1175 2540 πᾶσα
1192 2513 1275 2540 αὐτοῦ
1291 2514 1391 2548 πικρία
1405 2514 1452 2540 καὶ
1467 2515 1631 2548 ἀποστασία,
1651 2515 1681 2541 ὃν
1697 2516 1789 2542 ἀνελεῖ
1806 2517 1878 2543 Κύ-

1071 2568 1128 2594 ριος
1141 2561 1174 2595 τῇ
1186 2560 1331 2594 ἐπιφανείᾳ
1343 2559 1425 2586 αὐτοῦ
1437 2560 1478 2586 ὅτι
1490 2561 1614 2595 τάχιοτα.
1630 2561 1699 2596 Περὶ
1711 2561 1759 2587 τοῦ
1769 2562 1878 2595 τρίτου

1069 2605 1095 2631 τί
1119 2605 1164 2631 καὶ
1187 2605 1299 2639 φῶμεν;
1317 2604 1347 2630 υἱ
1362 2604 1417 2638 γὰρ
1436 2605 1468 2631 τὸ
1490 2605 1657 2639 Εὑαγγὲλιον
1681 2606 1880 2640 παραϐαίνειν

1070 2651 1161 2686 γυμνῇ
1189 2651 1223 2684 τῇ
1245 2650 1349 2684 κεφαλῇ
1370 2651 1642 2689 κατατολμήσαντες,
1662 2651 1710 2677 καὶ
1733 2653 1796 2683 τοὺς
1826 2655 1879 2688 μὴ

1069 2695 1250 2731 παραϐαίνειν
1276 2695 1503 2730 αἱρετισαμένους
1534 2696 1806 2731 ἀναθεματίσαντες,
1842 2701 1879 2725 τί

1069 2742 1135 2778 περὶ
1157 2742 1277 2768 κανόνων
1301 2740 1394 2772 αὐτοῖς
1416 2741 1548 2776 pains-at;
1565 2743 1620 2769 Καί
1638 2751 1669 2776 γι
1687 2743 1737 2769 καὶ
1758 2743 1880 2770 τούτων

1069 2788 1121 2815 ὑπὸ
1134 2787 1292 2823 Πνεύματος
1308 2786 1386 2820 ἁγίου
1406 2787 1643 2823 ἐσφραγισμένων,
1658 2789 1706 2816 καὶ
1724 2791 1752 2816 ὲν
1766 2790 1801 2823 τῇ
1811 2787 1879 2816 λύ-
