1926 3078
87 133 154 167 1037

697 136 967 167 EPISTOLARUM
984 137 1057 168 LIB.
1070 137 1095 168 Ι.

1643 141 1711 175 1038

84 199 127 217 σει
145 190 234 216 αὐτῶν
249 188 404 223 λελυμένων
419 189 502 215 ὄντων
522 190 576 216 τῶν
593 189 720 217 ἁπάντων
734 191 773 222 εἰς
788 199 871 226 σωτη-

927 191 1118 224 sacerdotium,
1134 191 1307 225 sacrificium,
1321 200 1353 220 ac
1368 193 1472 228 reliqua
1490 195 1646 224 morborum
1663 206 1712 226 no-

82 237 144 272 ρίαν
171 234 250 270 ἡμῶν
275 234 408 270 ἡκόντων.
429 235 553 270 οὐδαμοῦ
583 236 634 270 γὰρ
658 236 800 271 ἱερωσύνη,
827 237 873 263 ου-

82 282 139 314 σία,
154 281 240 308 τᾶλλα
259 280 363 315 ἰάματα
385 279 440 307 τῶν
457 280 581 316 ψυχικῶν
593 281 672 316 ἡμῶν
691 282 872 318 ἀρρωστημά-

80 336 150 354 των.

116 373 151 400 Τί
165 373 193 400 δὲ
205 373 277 407 λέγω
289 372 421 406 κανόνων,
432 372 479 399 καὶ
493 372 622 407 ποιοῦμαι
635 373 767 409 διαφοράν
780 382 788 406 ;
802 374 873 400 Tuo.

80 419 128 445 τὸν
141 419 216 445 ἔστιν
229 419 317 446 εἰπεῖν
327 418 374 445 καὶ
389 418 432 445 ἐπ’
447 418 535 444 αὐτῶν
545 418 616 454 [καὶ]
627 419 794 453 Εὑαγγελίου
806 420 872 455 Χρι-

81 464 157 491 στοῦ.
170 464 255 496 Αὐτὸς
269 465 323 500 γὰρ
336 464 385 496 τὰς
399 464 474 496 κλεῖς
487 463 586 491 δέδωκε
601 466 650 500 τῆς
664 465 803 500 βασιλείας
817 466 872 492 τῶν

79 511 202 546 οὐρανῶν
221 510 261 546 τῷ
276 510 387 545 μεγάλῳ
403 509 499 546 Πέτρῳ
515 510 627 545 φάσκων
638 519 645 526 ·
661 512 709 537 ’ον
727 511 760 538 ἂν
777 511 870 547 λύσῃς,

80 556 130 583 καὶ
152 556 182 582 ὃν
205 555 239 583 ἂν
260 555 356 591 δήσῃς,
369 555 444 582 ἐσται
461 555 492 582 τὸ
507 555 554 582 καί¹
568 555 608 582 τό.
627 556 682 583 Καὶ
702 556 783 583 πάλιν
804 557 872 583 πᾶσι

78 603 137 633 τοῖς
151 601 322 632 ἀποστόλοις·
342 600 452 628 Λάϐετε
472 601 592 635 Πνεῦμα
614 601 713 635 ἄτιον-⁸
731 601 769 629 ἄν
783 610 872 628 τινων

78 646 177 681 ἀφῆτε
186 647 239 679 τὰς
248 646 402 681 ἁμαρτίας,
415 646 552 680 ἀφίενται
561 654 568 662 ·
582 646 631 673 καὶ
649 646 687 674 ἀν
699 655 788 674 τινων
800 656 871 681 κρα-

77 693 161 727 τῆτε,
178 692 384 726 κεκράτηνται.
405 692 461 718 Καὶ
479 692 619 727 ἑπομένως
634 692 739 724 τούτοις
754 694 794 726 εἰς
807 693 872 725 τοὺς

79 739 141 773 μετ’
163 738 262 768 αὐτοὺς
279 736 445 769 διαϐιϐάζων
465 738 515 772 τὴν
536 737 677 770 ἐξουσίαν,
695 738 798 774 ἐάνπερ
817 739 871 765 ὡσ-

78 783 171 815 αύτως
190 782 330 818 πράξοιεν.
358 782 414 808 Καὶ
436 782 479 808 διὰ
495 782 573 809 τοῦτο
591 782 744 816 Βασιλείου,
757 783 870 810 καὶτῶν

80 828 243 854 ἰσοστασίων
268 826 342 861 αὐτῷ
357 826 452 859 ἁγίων,
467 826 505 858 ὡς
519 826 574 853 τῶν
585 827 772 855 ἁποστολικῶν
789 828 869 855 κανό-

78 882 134 899 νων
156 872 335 907 δεδεγμένων,
357 871 451 898 καθότι
466 871 699 907 ὲξηκολουθήκασι
721 873 803 908 μηδὲν
822 882 870 903 κε-

79 917 322 951 καινοτομηκότες,
347 915 416 942 ἀλλὰ
443 916 491 942 καὶ
515 914 717 950 ἐπαυξῆσαντες
744 916 813 943 κατὰ
840 916 871 943 τὸ

77 963 155 990 δέον⁶
170 960 241 990 οὗτοι
263 961 311 989 οὖν
331 961 356 988 nl
375 961 430 988 νέοι
442 960 655 995 ψευδαπόστολοι
675 961 871 996 ἀποφαίνονται

78 1009 258 1044 ἐμπράκτως,
279 1007 317 1043 μὴ
334 1007 444 1039 πάντως
467 1007 539 1034 κατὰ
553 1007 616 1039 τοὺς
634 1007 778 1042 κειμένους
792 1007 871 1043 ὄρους

77 1055 135 1082 τῶν
149 1054 245 1088 ἁγίων,
263 1055 321 1081 ἀλλ’
336 1054 425 1089 οἰκείᾳ
444 1053 554 1089 ἐξουσίᾳ
569 1053 616 1080 καὶ
628 1053 774 1088 διακρίσει,
795 1053 872 1089 παρὰ

77 1100 111 1127 τὸ
137 1099 183 1126 ὑπ’
201 1098 290 1126 αὐτῶν
311 1098 525 1133 διατεταγμένον
540 1097 596 1124 ἐσθ’
612 1098 657 1124 ὅτε
678 1098 794 1136 ἕκαστον
818 1097 871 1125 τῶν

78 1145 217 1180 ἱεραρχῶν
229 1145 316 1171 ποιεῖν
327 1153 333 1159 ·
350 1143 423 1170 λύειν
439 1144 466 1170 ὲν
484 1141 525 1174 οἷς
543 1143 574 1169 οὐ
590 1143 654 1178 παρ’
665 1143 755 1170 αὐτῶν
775 1142 852 1174 λύσις
863 1150 870 1158 ο

77 1191 129 1218 καὶ
154 1191 263 1225 δεσμεῖν
285 1189 328 1224 ἐφ’
349 1185 390 1220 οἷς
411 1189 460 1224 οὐχ
485 1188 532 1214 ὑπ’
546 1188 634 1215 αὐτῶν
658 1189 672 1214 ό
693 1188 802 1223 δεσμός.
816 1187 872 1215 Καὶ

76 1236 163 1271 ὁρᾶτε
183 1235 267 1262 ταῦτα
286 1234 460 1268 καθεκάστην
473 1233 633 1268 γιγνόμενα.
645 1233 700 1260 Καὶ
713 1232 872 1268 ὲὸεϐηλώθη

78 1281 116 1307 τὰ.
137 1280 214 1314 ἀγια,
237 1279 285 1307 καὶ
299 1279 403 1314 ἐφόδιον
429 1278 569 1314 ἁμαρτίας
581 1277 701 1313 κρύῦδην
721 1286 751 1304 τε
769 1278 816 1304 καὶ
831 1278 871 1309 εἰς

75 1325 234 1360 τούμφανὲς
251 1326 268 1360 ἡ
292 1324 497 1360 μοιχοσύνοδος·
516 1324 563 1350 καὶ
584 1323 748 1359 καθαίρεται
760 1324 773 1350 ὁ
786 1323 871 1351 ἀκαθ-

76 1372 204 1407 αἰρετοςε
235 1371 283 1397 καὶ
308 1370 502 1405 χειροτονεῖται
529 1370 543 1396 ὁ
565 1369 797 1404 διαόεὸλημένος·
823 1369 872 1396 καὶ

76 1419 158 1444 ἐᾶται
191 1416 205 1442 ὁ
235 1415 395 1443 ὑποπίπτων
424 1415 520 1442 κανόσι
550 1414 762 1450 καθαιρετικοῖς,
789 1415 870 1441 ἀνευ-

77 1463 167 1494 θύνως
191 1461 351 1497 ἱερουργῶν,
368 1461 415 1488 καὶ
436 1461 468 1487 ὲκ
483 1460 670 1495 κελεύσματος
688 1459 869 1496 ἀνθρωπίνου,

76 1508 128 1535 καὶ
157 1508 208 1534 οὐκ
233 1508 264 1535 ὲκ
291 1507 382 1541 ψήφου
409 1505 484 1537 θείας
505 1505 553 1532 καὶ
581 1505 737 1540 κανονικῆς,
758 1506 784 1531 αἱ
804 1513 871 1540 προ-
886 1526 907 1554 c

78 1553 170 1579 ϐολαί.

115 1598 182 1630 Καὶ,
207 1597 257 1632 φεῦ
287 1605 351 1632 μοι,
375 1596 424 1631 τῆς
448 1593 648 1630 ταλαιπωρίας,
673 1593 763 1620 πάντα
785 1601 870 1620 κατα-

75 1642 248 1679 τραγῳδείνῑ
278 1641 326 1667 καὶ
354 1640 395 1671 τίς
417 1639 485 1674 ἔχων
507 1638 621 1673 καρδίαν
635 1637 807 1673 αἰσθητικὴν,
822 1637 872 1663 οὐκ

77 1689 160 1722 ἀλγεῖ
174 1688 222 1714 καὶ
232 1686 338 1718 στένεις
352 1685 406 1711 Καὶ
420 1685 496 1715 ποῖος
510 1683 573 1714 νοῦς
585 1681 672 1709 ταῦτα
685 1681 872 1716 ἀναθρώσκων

77 1733 129 1758 καὶ
146 1731 319 1766 συμϐάλλων,
334 1729 384 1765 οὐχ
398 1729 526 1764 ὁμολογεῖ
541 1728 672 1763 αἱρέσεων
686 1728 735 1761 τὴν
752 1727 872 1754 ἀποστά-

76 1786 159 1813 τριαν
179 1775 249 1803 εἶναι
270 1774 410 1811 Χριστοῦ;
428 1774 475 1802 καὶ
497 1774 549 1800 ποῦ
570 1782 615 1808 μοι
631 1773 719 1799 πάντα
733 1771 823 1806 λέγειν
837 1772 872 1798 τὰ

77 1828 154 1852 κατα
173 1822 247 1854 νοῦν,
261 1823 308 1848 καὶ
323 1821 499 1857 ὑπερϐαίνειν
522 1819 622 1854 μέτρον
638 1817 800 1853 ὲπιστολῆς;
820 1817 872 1843 Εὐ-

78 1871 202 1897 σύνοπτα
231 1872 266 1896 τά
290 1867 436 1902 λεγόμενα,
461 1866 491 1892 οὐ
507 1864 729 1900 κεκομψευμένα,
752 1864 783 1890 οὺ
810 1863 872 1889 δυσ-

76 1916 181 1950 νόητά·
203 1913 234 1940 τὸ
257 1913 316 1948 μὲν,
337 1913 378 1939 ὅτι
397 1911 458 1938 οὐδὲ
473 1909 529 1945 ἐγὼ
546 1909 694 1945 ὑψηγορεϊν
712 1907 871 1942 δυνάμενος,

75 1960 207 1988 ἀλλὰκαὶ
222 1959 282 1985 λίαν
295 1958 395 1992 ὀλίγος,
411 1957 459 1984 καὶ
469 1956 635 1991 ὁλιγόλογος,
652 1954 699 1981 καὶ
713 1954 872 1989 βραχύγνω-

76 2014 154 2037 στος,
173 2004 243 2032 αὐτὰ
262 2003 347 2031 ταῦτα
370 2003 405 2029 δι’
419 2002 500 2037 εὐχῆς
521 2001 569 2029 τοῦ
587 2000 678 2028 κοινοῦ
697 2000 804 2035 Πατρὺς
825 1999 872 2026 καὶ

77 2051 159 2087 ὑμῶν
174 2050 244 2085 ἔχων
255 2058 262 2065 ⁸
279 2049 309 2076 τὸ
321 2049 349 2076 δὲ
365 2049 411 2075 καὶ
427 2048 470 2074 διὰ
480 2047 511 2074 τό
527 2055 604 2077 τινας
619 2045 695 2081 ὑμῶν
710 2045 747 2080 μὴ
770 2044 872 2080 ἰσχύειν

77 2095 318 2131 δογματικώτερον
333 2093 551 2128 καταλαμϐάνειν
565 2091 614 2128 τὴν
628 2091 744 2126 αἰρεσιν,
757 2090 803 2116 καὶ
814 2090 871 2125 ἄμα

76 2143 122 2168 ὅτι
138 2142 186 2167 καὶ
197 2139 300 2171 ἁπλοῦς
316 2140 330 2166 ό
344 2139 422 2173 λόγος
442 2140 492 2174 τῆς
514 2137 642 2172 ἀληθείας
654 2145 660 2151 ’
679 2136 696 2171 ἥ
718 2145 747 2162 τε
769 2136 873 2170 αἵρεσις

927 243 1045 266 slrorum
1060 239 1243 274 spiritualium
1255 239 1463 267 medicamenta.

962 367 1030 401 Quid
1048 374 1138 397 autem
1156 378 1276 398 canones
1291 371 1371 403 dico,
1390 379 1422 400 ac
1443 372 1588 400 discrimen
1603 373 1712 408 aliquod

926 415 1037 441 statuo?
1055 415 1169 442 Perinde
1182 421 1222 443 est
1240 416 1273 443 de
1290 417 1436 453 Evangelia
1448 417 1550 446 Christi
1565 426 1597 446 ac
1611 419 1645 446 de
1660 420 1713 447 illis

925 459 1026 487 dicere.
1045 459 1103 494 Ipse
1119 461 1192 487 cnim
1207 462 1298 489 claves
1311 462 1386 497 regni
1401 463 1532 490 cmlorum
1549 471 1647 499 magno
1661 465 1712 492 Pe-

927 507 968 531 tro
989 504 1099 532 tradidit
1125 505 1168 532 his
1189 506 1279 534 verbis
1302 514 1309 532 :
1327 507 1523 542 Quemcunque
1545 509 1658 536 solveris
1685 515 1713 537 et

925 556 1116 584 quemcunque
1129 550 1257 586 ligaveris
1269 572 1277 585 ,
1296 556 1347 580 hoc
1359 553 1413 580 erit
1429 558 1457 580 et
1472 554 1537 581 illud
1551 554 1583 581 ⁸³.
1603 555 1638 582 Et
1651 562 1713 582 rur-

925 601 985 621 sum
1000 595 1127 622 omnibus
1143 597 1273 631 apostolis
1285 606 1291 623 :
1305 597 1419 632 Accipite
1433 597 1562 632 Spiritum
1574 604 1712 626 sanctum:

925 647 1035 673 quarunt
1051 641 1202 668 rcmiseritis
1217 647 1334 676 peccata,
1347 643 1517 670 remittunlur
1532 645 1588 676 eis;
1608 649 1631 671 et
1645 653 1711 679 quo-

925 692 984 711 rum
1000 685 1174 718 retinuerilis,
1199 691 1300 714 retenta
1325 693 1387 714 sunt
1401 689 1424 704 “
1440 696 1494 716 :ac
1513 696 1712 726 consequenter

925 734 1084 763 potestatem
1099 731 1287 760 transmittens
1299 733 1331 760 ad
1345 741 1439 760 corum
1451 742 1632 768 successores,
1649 743 1710 763 cum

925 774 996 802 idem
1019 776 1136 812 egerint.
1169 776 1292 812 Cumque
1319 779 1423 807 idcirco
1450 779 1585 814 Basilius,
1606 781 1712 816 ipsique

925 829 1057 856 suppares
1071 823 1158 850 sancti
1172 844 1179 854 .
1199 831 1318 852 canones
1339 830 1467 860 tanquam
1483 828 1649 862 apostolicos
1666 835 1711 855 re-

885 865 906 894 B
923 868 1057 901 ceperint,
1072 873 1207 902 quatenus
1221 877 1268 897 eos
1283 870 1369 897 secuti
1386 876 1460 902 sunt,
1474 871 1543 899 nihil
1561 872 1711 900 immutan-

923 917 973 945 tes,
989 913 1036 940 sed
1052 918 1079 940 et
1094 914 1289 948 ampliﬁcantes
1306 915 1388 943 ctiam
1406 921 1488 951 prout
1507 919 1687 946 conveniebat
1702 927 1708 944 ε

921 957 966 985 isti
983 958 1093 986 demum
1109 960 1171 987 novi
1190 961 1409 996 pseudoapostoli
1433 963 1522 998 reipsa
1545 965 1709 996 ostendunt,

921 1011 951 1031 se
970 1011 1139 1040 nequaquam
1155 1006 1303 1033 secundum
1317 1008 1489 1043 praascriptos
1503 1017 1517 1036 a
1533 1009 1634 1037 sanctis
1655 1014 1710 1037 ter-

920 1049 1028 1082 minos,
1051 1051 1100 1078 sed
1124 1051 1233 1086 propria
1255 1052 1416 1080 auctoritate
1438 1058 1466 1081 ct
1485 1055 1599 1082 arbitrio
1614 1060 1709 1083 contra

921 1102 1001 1129 quam
1017 1096 1051 1122 ab
1066 1095 1118 1123 illis
1133 1101 1264 1124 statutum
1280 1102 1322 1125 est
1334 1118 1341 1130 ,
1364 1098 1470 1132 facere,
1485 1100 1549 1126 dum
1564 1100 1710 1135 episcopus

921 1141 1036 1175 quilibet
1052 1142 1132 1169 solvit
1147 1143 1282 1171 interdum
1295 1164 1303 1176 ,
1323 1144 1368 1171 ubi
1393 1145 1499 1172 solvere
1522 1153 1576 1172 non
1598 1151 1707 1181 potest:

921 1185 996 1221 ligat,
1009 1187 1055 1214 ubi
1069 1187 1168 1222 ligandi
1179 1188 1224 1222 jus
1237 1196 1293 1215 non
1310 1189 1400 1216 habet.
1416 1190 1504 1224 Atque
1517 1190 1574 1218 haec
1586 1191 1709 1226 quotidie

922 1231 981 1259 fieri
998 1233 1132 1266 cernitis;
1155 1239 1182 1261 et
1204 1234 1317 1268 profana
1339 1239 1403 1262 sunt
1421 1239 1514 1263 sancta
1526 1257 1534 1269 ,
1560 1241 1587 1263 et
1605 1237 1708 1272 peccati

923 1277 1048 1304 illecebra
1064 1278 1133 1304 clam
1148 1279 1292 1313 palamque
1311 1279 1380 1307 facta
1398 1284 1441 1307 est
1459 1281 1707 1317 mmchosynodus;

923 1323 1125 1360 deponiturque
1149 1325 1195 1360 qui
1218 1325 1317 1361 deponi
1343 1334 1398 1353 non
1425 1327 1522 1360 debet,
1546 1332 1574 1355 et
1599 1328 1710 1356 ordina-

925 1373 968 1395 tur
987 1370 1033 1404 qui
1067 1369 1177 1397 infamia
1215 1370 1337 1402 laborat,
1358 1374 1386 1397 et
1416 1371 1462 1406 qui
1490 1371 1641 1399 canonibus
1662 1372 1710 1399 de-

922 1415 1085 1449 positionem
1120 1415 1302 1451 irrogantibus
1335 1416 1470 1443 obnoxius
1504 1421 1565 1448 est,
1599 1417 1710 1451 impune

922 1467 998 1487 sacra
1028 1460 1118 1488 facere
1156 1461 1340 1496 permittitur,
1378 1461 1500 1496 ﬁuntque
1530 1469 1563 1489 ex
1587 1462 1710 1497 iussione

924 1503 1061 1537 humana,
1085 1511 1140 1531 non
1164 1505 1212 1532 Dei
1236 1509 1263 1532 et
1287 1512 1423 1533 canonum
1448 1506 1577 1539 decreto,
1599 1514 1709 1542 promo-

924 1549 1023 1577 tiones.

958 1595 1011 1628 Et,
1037 1595 1088 1622 heu
1112 1594 1178 1622 mihi
1193 1595 1199 1622 l
1224 1599 1342 1630 quantus
1358 1595 1435 1624 dolor
1450 1600 1493 1624 est
1508 1597 1599 1624 omnia
1614 1597 1710 1632 deplo-

924 1639 1002 1666 rare?
1018 1644 1045 1667 et
1060 1640 1185 1674 quisnam
1201 1648 1282 1667 sensu
1305 1641 1395 1676 aliquo
1412 1642 1544 1676 praeditus
1567 1650 1621 1669 non
1636 1642 1710 1670 dolet

922 1691 950 1713 et
965 1685 1138 1720 ingemiscit?
1152 1690 1179 1713 et
1194 1694 1255 1720 quae
1269 1694 1346 1713 mens
1359 1686 1410 1714 ista
1427 1692 1554 1721 spectans
1569 1691 1597 1714 et
1612 1695 1710 1723 expen-

923 1732 1001 1764 dcns,
1017 1739 1072 1758 non
1088 1731 1232 1759 confitetur
1244 1732 1421 1760 desertricem
1446 1732 1547 1760 Christi
1561 1741 1621 1761 esse
1639 1733 1710 1761 hanc

923 1776 1072 1804 haeresim?
1094 1781 1122 1803 et
1141 1785 1190 1803 cur
1210 1777 1302 1803 omnia
1321 1784 1382 1811 quae
1395 1777 1431 1804 ‘in
1453 1778 1543 1805 animo
1566 1783 1711 1805 versantur

923 1830 1093 1857 expromam,
1106 1827 1132 1849 et
1146 1822 1267 1856 epistolae
1281 1822 1391 1849 modum
1401 1823 1552 1850 excedam?
1564 1823 1711 1858 Comperta

923 1871 987 1894 sunt
1001 1875 1061 1901 qum
1078 1867 1138 1894 dico
1149 1888 1155 1899 .
1175 1875 1228 1894 non
1243 1867 1311 1894 scite
1326 1867 1476 1902 composita
1486 1889 1493 1900 ,
1508 1875 1562 1894 non
1579 1867 1711 1900 difficilia,

925 1913 987 1940 licet
1003 1921 1056 1940 non
1073 1913 1172 1948 dignus
1185 1906 1230 1947 qui
1247 1913 1351 1945 audiar,
1371 1913 1512 1947 utriusque
1526 1913 1711 1946 concordiam,

923 1966 972 1994 per
988 1966 1069 1994 quam
1083 1963 1111 1985 et
1123 1959 1222 1985 clarius
1236 1958 1335 1985 emicat
1349 1958 1441 1986 radius
1454 1958 1578 1986 veritatis
1589 1979 1596 1990 ,
1611 1963 1638 1986 et
1652 1966 1713 1994 pra-

923 2005 992 2031 vitas
1013 2003 1050 2031 illi
1069 2003 1282 2035 adversantium,
1305 2003 1350 2030 vel
1375 2003 1466 2037 potius
1489 2007 1624 2030 nocturna
1647 2003 1712 2034 lux.

923 2048 1061 2076 intellectu
1075 2057 1081 2075 :
1103 2048 1203 2083 partim
1221 2048 1283 2083 quia
1297 2055 1351 2075 non
1367 2055 1427 2076 sum
1442 2048 1568 2076 sublimia
1581 2048 1712 2084 loquendi

924 2094 1053 2121 facultate
1067 2094 1214 2128 praeditus,
1239 2094 1285 2121 sed
1305 2094 1396 2121 tenuis
1413 2093 1558 2121 admodum
1578 2099 1607 2121 et
1624 2094 1714 2128 exigui

924 2140 1060 2167 sermonis
1071 2159 1078 2172 ,
1094 2143 1123 2167 et
1135 2144 1256 2174 angustat
1270 2139 1392 2166 scientiae
1406 2159 1413 2171 ,
1436 2139 1495 2166 haec
1509 2139 1568 2174 ipsa
1587 2139 1715 2174 precibus

78 2187 198 2222 φανερὰ,
216 2186 263 2212 καὶ
279 2185 491 2220 ἀδογμάτιστος,
507 2184 554 2210 καὶ
569 2182 645 2210 ’παιδῆ⁸
656 2182 871 2217 εὐκατάληπτος.

928 2184 1019 2212 Patris
1032 2184 1187 2212 communis
1201 2191 1233 2210 ac
1251 2184 1349 2211 vestris
1365 2184 1481 2218 adeptus
1493 2191 1501 2216 ;
1517 2183 1616 2218 partim
1630 2183 1715 2210 etiam

78 2231 118 2268 ⁷ῼ
146 2233 200 2267 γὰρ
227 2232 242 2257 ό
267 2231 332 2262 Θεὸς
360 2228 429 2261 εἰπε,
444 2229 576 2263 σύντομος
599 2229 612 2254 ό
635 2227 726 2262 λόγος.
742 2225 822 2254 Οὔτοι
847 2227 871 2253 οἰ

926 2230 998 2265 quod
1015 2230 1140 2257 nonnulli
1151 2234 1271 2257 vestrum
1287 2230 1485 2257 accuratiorem
1500 2229 1613 2257 hmresis
1632 2236 1716 2263 expo-

81 2278 254 2314 στοιχοῦσιν·
278 2277 345 2303 ἀλλὰ
371 2276 419 2302 καὶ
442 2274 615 2309 ποιχοῦντας
637 2273 877 2308 ἀναθεματίζουσι.

927 2275 1053 2302 sitionem
1070 2282 1167 2309 capere
1184 2279 1341 2309 nequeant:
1359 2274 1469 2302 demum
1483 2293 1490 2306 ,
1506 2273 1577 2308 quod
1601 2273 1715 2308 simplex

80 2323 144 2358 Δῴπη
171 2323 200 2349 δὲ
224 2323 288 2358 ὑμῖν
305 2322 385 2357 χάριν
410 2320 424 2346 ὁ
449 2320 550 2355 Κύριος
570 2319 617 2346 ἐπὶ
636 2320 728 2351 πᾶσιν,
747 2319 871 2355 ἀγαπητὲ

927 2321 963 2348 sit
977 2321 1100 2348 veritatis
1116 2321 1202 2348 oratio
1213 2341 1220 2353 ,
1244 2325 1271 2348 et
1297 2320 1409 2348 haaresis
1423 2320 1483 2347 haec
1503 2319 1645 2346 manifesta
1660 2319 1694 2346 sit
1705 2339 1713 2351 ,

79 2367 178 2395 τέκνα.

924 2370 953 2392 et
963 2366 1095 2393 doctrina:
1106 2373 1213 2400 expers,
1229 2370 1256 2393 ct
1269 2373 1350 2400 quam
1364 2372 1432 2400 puer
1444 2364 1530 2400 possit
1544 2371 1650 2399 capere.
1664 2363 1714 2390 Cui

83 2413 160 2440 cnim
177 2412 248 2439 Deus
265 2411 401 2446 loquitur,
425 2410 449 2437 ei
466 2410 557 2437 brevis
578 2414 620 2437 est
642 2417 742 2437 sermo.
765 2409 797 2437 Hi
821 2419 874 2438 non
895 2417 967 2439 recta
998 2412 1138 2444 incedunt,
1153 2417 1181 2439 et
1196 2416 1270 2439 recta
1300 2412 1459 2439 incedentes
1472 2411 1715 2440 anathematizant.

85 2461 138 2488 Det
159 2463 251 2486 autem
277 2458 354 2485 vobis
376 2456 509 2484 Dominus
534 2455 647 2491 gratiam
674 2457 701 2484 in
729 2457 876 2489 omnibus,
897 2457 988 2485 dilecti
1006 2458 1064 2484 lilii.

137 2513 199 2542 AZ'.
226 2528 261 2534 ——
285 2514 391 2547 Ὶωσηφ
422 2513 648 2547 ἀρχιεπισκόπῳ
675 2513 830 2539 Θεσσαλο-

389 2548 486 2581 νίκης.
510 2546 584 2582 [hei]

951 2513 1083 2541 XXXVII.
1098 2528 1132 2534 —
1146 2513 1257 2548 Ioseplio
1277 2513 1471 2548 archiepiscopo
1498 2513 1698 2541 Thessalonicae.

699 2613 828 2639 Adversus
845 2613 946 2638 eosdem
962 2612 1104 2637 hareticos.

116 2677 168 2703 Διά
189 2675 238 2710 τῆς
258 2675 510 2710 ταπεινοφροσύνης
530 2675 577 2701 καὶ
593 2674 689 2709 σοφίας
705 2683 764 2707 σου,
782 2676 832 2710 τῆς
847 2683 877 2701 τε

966 2674 1050 2709 Digna
1071 2673 1224 2700 humilitate
1242 2680 1276 2701 ac
1287 2672 1426 2707 fsapientia
1451 2677 1495 2700 tua
1508 2691 1517 2705 ,
1539 2675 1567 2698 et
1584 2671 1716 2700 charitate

81 2722 151 2757 πρός
169 2729 204 2756 με
214 2721 261 2747 τὸν
276 2721 448 2756 ταλαίπωρον
460 2721 580 2755 ἀγάπης,
593 2721 639 2747 καὶ
652 2721 721 2756 ὑπὲρ
733 2720 811 2753 ἀξίαν
825 2728 871 2755 μοι

931 2728 994 2755 erga
1016 2727 1060 2747 me
1084 2719 1215 2747 miserum
1228 2739 1235 2752 ,
1255 2725 1287 2746 ac
1304 2718 1339 2746 de
1356 2725 1400 2745 me
1415 2725 1498 2752 supra
1512 2724 1593 2752 quam
1608 2725 1717 2744 mereor

80 2766 278 2801 ἁποτιμήςεώς
292 2774 350 2798 σου,
360 2766 394 2792 τὰ
406 2765 453 2793 νῦν
468 2774 513 2801 μοι
526 2765 727 2800 ἐπεσταλμένα,
743 2765 871 2801 εἰλικρινῖ

930 2765 1110 2792 mstimatione
1135 2767 1198 2792 sunt
1215 2771 1246 2791 ea
1265 2771 1326 2799 qua:
1347 2763 1380 2790 ad
1404 2770 1448 2791 me
1468 2770 1541 2791 nunc
1564 2761 1715 2798 scripsisti;

119 2822 142 2839 ³³
157 2822 254 2850 Matth.
269 2830 323 2855 xw,
344 2823 385 2849 l9.
426 2823 448 2839 "
467 2822 546 2850 Joan.
566 2831 614 2856 xx,
632 2823 678 2850 22.
