1926 3078
214 116 224 148 1
230 116 281 148 039

806 118 837 148 S.
852 116 1048 147 THEODORI
1066 117 1240 148 ΞΤΗῡῐΤίΕ

1765 121 1834 154 1040

210 173 344 200 sinceram
366 177 394 200 et
418 173 601 208 incorruptam
618 180 650 200 ex
673 172 796 199 radiante
821 172 912 199 anima
928 177 993 204 tua,

1050 172 1097 200 καὶ
1112 173 1290 208 ἀσύμφυρτον
1302 172 1489 208 τη).αυγοῦντα
1503 173 1534 199 ἐκ
1552 172 1601 208 τῆς
1615 173 1776 207 φωτπιδοῦς
1791 184 1839 203 σου

210 224 252 245 ter
277 219 356 246 beate
379 218 417 245 mi
440 218 616 253 fratripater,
644 217 823 245 diﬂ‘undcntia
843 217 997 247 veritatem.

209 265 296 296 Quam
309 264 494 299 amplexatus,
510 264 610 299 gratias
623 263 664 298 egi
680 263 788 290 Christo
800 262 928 290 desiderii
945 263 999 289 mei

210 309 352 344 expletori,
365 309 498 336 bonorum
510 309 631 335 omnium
645 308 781 342 largitori;
797 307 892 342 quidni
907 308 1000 335 enim?

210 359 236 381 te
250 353 362 381 scicntia
373 353 547 388 locupletem,
562 353 673 387 zeloque
686 352 872 384 convenienti,
889 359 920 378 ac
935 358 998 386 ger-

209 407 319 427 manum
337 403 467 433 praeterea
489 398 643 425 communis
663 397 752 425 Patris
775 397 860 424 [ilium
873 416 879 427 ,
900 403 1000 424 conve-

210 445 311 472 nientia
328 444 406 471 nobis
423 443 544 470 minimis
560 446 587 470 et
607 449 704 477 sapere
717 462 724 474 ,
751 446 779 469 et
796 441 823 468 in
842 441 932 468 animo
950 441 999 467 ha-

210 490 285 517 bere.
305 490 341 517 At
367 489 436 517 belle
459 496 526 516 sane
550 488 621 519 ista,
638 496 700 514 cum
725 487 751 513 in
777 487 847 514 votis
874 486 998 519 habeant,

210 535 274 562 licet
287 542 341 561 non
356 535 454 570 dignus
470 534 515 568 qui
535 534 640 566 audiar,
658 533 801 567 utriusque
815 532 999 562 concordiam,

210 587 259 615 per
271 588 352 614 quam
366 584 394 607 et
406 579 506 606 clarius
517 579 617 606 emicat
633 578 724 605 radius
737 577 861 605 veritatis
875 598 882 610 ,
897 582 924 604 et
939 585 1001 613 gra-

210 627 278 653 vitas
296 625 333 652 illi
355 625 556 652 adversantium
569 645 577 657 ,
597 624 641 651 vel
663 623 754 658 potius
776 627 909 649 nocturna
932 623 978 649 lux
992 640 1000 652 ,

209 676 354 699 enervatur
368 690 375 702 ,
395 675 423 698 et
444 670 565 698 tenebris
582 669 741 697 oll‘unditur.
765 668 834 695 Cum
857 672 947 695 autem
973 668 1001 694 in

211 715 309 742 litteris
326 716 488 750 reperissent
508 713 654 741 necessarii
674 713 853 745 divisionem;
874 713 999 747 ignosce,

210 762 337 796 obstupui
351 771 357 788 :
375 769 429 788 non
443 761 517 787 enim
533 765 575 787 est
589 760 646 786 inec
661 759 820 790 necessarii,
835 758 883 785 sed
895 757 1002 785 contin-

210 809 306 843 gentis,
321 807 392 843 quod
409 807 540 834 trifariam
552 805 683 833 dividitur
693 825 700 838 ,
715 805 741 832 in
760 805 787 832 id
802 805 873 839 quod
889 804 999 838 saepius,

1052 217 1152 253 ψυχῆς,
1179 217 1317 252 τρισόλὸιέ
1341 226 1393 252 μου
1410 218 1607 254 ἀδελφοπάτορ,
1632 218 1682 254 τὴν
1699 220 1839 256 ἀλήθειαν-

1052 263 1086 297 ἣν
1104 262 1298 297 ἀσπασάμενος
1321 263 1511 298 ηὖχαρίστηοα
1531 263 1567 298 τῷ
1586 264 1771 300 ἀποπληρωτῇ
1790 266 1840 300 τῆς

1053 308 1199 343 ἐπιθυμίας
1222 308 1272 343 μοῦ
1293 308 1412 342 Χριστῷ,
1426 307 1464 343 τῷ
1485 309 1539 335 τῶν
1551 308 1641 335 καλῶν
1654 309 1781 336 ἁπάντων
1795 311 1839 336 δο-

1053 353 1132 388 τῆρι·
1151 353 1199 379 καὶ
1216 353 1275 384 πῶς
1286 361 1318 387 γε
1331 353 1391 388 οὐχί
1404 362 1411 387 ;
1426 353 1552 388 γνώσεώς
1566 361 1596 380 σε
1611 354 1840 390 πιπλουτισμένον

1053 398 1130 428 ὄντα,
1156 397 1204 424 καὶ
1220 398 1303 432 ζήλου
1320 398 1366 425 τοῦ
1382 397 1576 434 προσήκοντος,
1593 399 1680 432 ἄλλως
1698 409 1727 426 τε
1747 401 1841 428 τέκνον

1054 443 1181 477 ἀληθινὸν
1195 442 1242 470 τοῦ
1257 443 1348 470 κοινοῦ
1364 443 1481 479 Πατρός,
1498 445 1603 480 συνῳδὰ
1623 446 1689 481 ἡμῖν
1705 448 1761 478 τοῖς
1778 446 1843 473 ἐλα-

1053 489 1157 523 χίςτοις
1179 489 1227 516 καὶ¹
1243 490 1352 524 φρονεῖν
1367 489 1413 516 καὶ
1433 489 1660 518 συνδιατίθεσθαι.
1681 491 1750 518 Ἀλλ’
1765 490 1794 518 εὖ
1808 501 1842 526 γε

1056 534 1105 568 μὲν
1117 534 1212 561 ταῦτα·
1228 534 1418 570 εὐκταιότερον
1429 534 1537 570 ἔχοντός
1552 544 1601 571 μου
1615 535 1662 562 τοῦ
1673 537 1842 564 ἀνακοΰπου

1054 579 1104 614 τὴν
1118 580 1281 615 ἀμφοτέρων
1293 581 1448 616 ὁμοφωνίαν
1460 590 1466 596 ·
1482 581 1516 607 δι’
1526 581 1559 616 ἢν
1572 581 1589 616 ἥ
1607 588 1635 608 τε
1648 582 1698 617 τῆς
1713 584 1842 618 ἀληθείας

1054 625 1132 657 ἀκτὶς
1152 626 1303 661 μαρμαίρει
1317 627 1516 662 λαμπρότερον,
1535 628 1582 654 καὶ
1594 628 1610 663 ἡ
1625 629 1680 654 τῶν
1694 629 1841 656 ἀντιδιατι-

1055 669 1178 705 θεμένωδ
1188 671 1256 706 αὐτῇ
1276 671 1426 706 σκολιότης,
1445 672 1545 705 μᾶλλον
1557 672 1584 698 δὲ
1601 673 1761 707 νυκταυγία,
1774 675 1842 701 im-

1054 715 1198 749 νευροῠταί
1222 723 1251 742 τε
1269 716 1317 742 καὶ
1334 716 1528 750 ἀποζοφοῦται.
1549 717 1682 753 Εὑρηκὼς
1699 719 1721 745 δ’
1736 720 1765 745 ὲν
1786 721 1842 752 τοῖς

1054 760 1201 795 γράμμασι
1226 760 1275 795 τὴν
1299 760 1346 787 τοῦ
1361 762 1509 795 ἀναγκαίου
1529 762 1671 797 διαίρεσιν,
1691 763 1840 797 σύγγνωθι,

1054 805 1226 840 ἀπηνεώθην.
1243 806 1280 832 Οὐ
1298 806 1352 841 γὰρ
1369 805 1437 841 αὕτη
1453 807 1499 833 τοῦ
1514 808 1673 842 ἀναγκαίου,
1692 809 1738 835 τοῦ
1751 809 1779 835 δὲ
1795 810 1842 835 ὲν-

209 853 281 888 quod
294 853 451 888 aequaliter,
472 856 500 879 et
515 850 586 885 quod
601 850 698 877 rarius.
721 848 823 876 Prioris
841 853 930 876 autem
944 869 951 881 ,
970 848 993 875 in

1050 850 1206 884 δεχομένου,
1222 850 1236 876 ὃ
1251 850 1377 886 διῄρηται
1398 851 1514 885 τριχῶς·
1531 852 1569 883 είς
1586 860 1615 877 τε
1634 852 1665 878 τὸ
1685 852 1732 879 ἐπὶ
1748 853 1839 884 πλέον,

210 906 330 934 praesens
346 902 373 925 et
389 897 511 924 futurum
531 906 537 923 :
560 895 657 923 deinde
672 894 815 930 praesentis
829 894 913 921 altera
928 894 999 921 divi-

209 944 251 971 sio
265 944 292 970 in
308 943 459 978 subjectum
480 945 508 969 et
529 941 726 976 praedicatum:
748 947 809 967 eum
830 940 916 972 illud,
936 939 999 974 quia

208 988 308 1024 saepius
321 987 451 1023 contingit
465 1007 472 1020 ,
487 987 514 1014 in
530 986 665 1014 exsistens
679 994 685 1012 :
703 990 729 1013 et
742 986 812 1013 istud
829 986 855 1012 in
872 993 999 1013 necessa-

210 1034 280 1060 rium
292 1033 400 1064 transit.
415 1039 468 1059 non
482 1035 569 1058 tamen
581 1030 700 1057 vicissim
713 1030 764 1057 hoc
776 1029 802 1056 in
817 1029 894 1062 illud,
905 1035 1000 1063 quam-

209 1079 250 1106 vis
266 1078 328 1106 inde
337 1077 494 1106 descendat.

244 1178 303 1206 Non
318 1178 391 1205 enim
411 1177 432 1205 si
452 1177 516 1212 quid
533 1177 587 1212 jam
604 1175 788 1203 necessarium
799 1196 806 1208 ,
825 1174 956 1202 continuo
973 1177 1000 1200 et

209 1225 381 1259 contingens.
398 1223 428 1250 Si
444 1223 508 1258 quid
531 1227 621 1249 autem
636 1226 665 1248 ut
684 1220 832 1255 plurimum
846 1218 997 1253 contingit;

210 1277 260 1304 per
275 1270 301 1297 id
312 1277 365 1304 quo
377 1269 492 1300 exsistit,
511 1267 607 1295 transit
624 1273 820 1300 nonnunquam
848 1265 874 1291 in
900 1272 999 1292 neces-

210 1316 321 1344 sarium.
362 1317 450 1349 Atque
481 1314 528 1344 ita.
562 1313 651 1340 omnis
677 1312 759 1339 homo
795 1310 997 1346 grammaticus,

213 1361 311 1396 aliquis
342 1361 422 1388 homo
452 1359 650 1394 grammaticus
675 1365 682 1383 :
708 1364 826 1392 quorum
842 1356 918 1391 prius
931 1355 993 1389 qui-

210 1407 271 1435 dem
315 1407 485 1441 contingens,
525 1408 614 1440 potest
651 1403 724 1430 enim
759 1401 835 1435 ﬁeri;
882 1401 999 1428 alterum

211 1461 292 1484 vero,
322 1452 344 1480 si
378 1452 459 1479 modo
482 1455 558 1478 actus
592 1449 681 1480 adsit,
713 1448 917 1480 necessarium;
946 1448 999 1473 isto

210 1502 300 1525 autem
323 1497 467 1528 exstincto,
491 1495 625 1522 abscessit
646 1498 724 1520 actus
752 1491 899 1520 necessarii
914 1501 920 1518 :
934 1492 996 1525 hoc,

1050 894 1160 929 ἐπίσης,
1181 895 1228 921 καὶ⁴
1244 895 1287 921 ἐπ’
1298 895 1417 925 ἔλαττον.
1434 895 1488 922 Τοῦ
1508 896 1535 922 δὲ
1551 897 1695 932 προτέρου,
1710 898 1750 928 εἷς
1766 906 1794 923 τε
1810 898 1841 924 τὸ

1050 942 1149 976 παρὸν,
1166 942 1213 968 καὶ
1228 942 1356 977 ἐσόμενον
1367 949 1373 956 ·
1389 940 1449 969 eiu
1468 943 1516 969 σοῦ
1537 944 1671 978 παρόντος
1691 945 1840 980 ἑπιδιαίρε-

1051 995 1109 1018 σις’
1132 987 1171 1018 είς
1199 987 1293 1018 ἀΐδιον,
1308 988 1354 1014 καὶ
1374 988 1415 1019 είς
1435 988 1466 1015 τὸ
1483 989 1538 1015 ἐστ’
1556 989 1590 1015 ἂν
1653 990 1706 1016 Τοῦ
1730 990 1759 1016 δὲ
1780 991 1839 1017 ἔστ’

1050 1031 1083 1058 ἂν
1098 1029 1126 1067 ἦ,
1146 1031 1333 1068 ὑποδιαίρεσις
1353 1033 1393 1064 είς
1415 1033 1446 1059 τὸ
1467 1033 1646 1069 ὑποκείμενον
1661 1035 1708 1062 καὶ
1724 1044 1841 1070 κατηγο-

1051 1077 1202 1111 ρούμενον·
1223 1077 1270 1103 τοῦ
1287 1077 1324 1108 ὼς
1344 1077 1391 1104 ἐπὶ
1406 1078 1473 1104 πολὺ
1492 1078 1669 1114 ἐνδεχομένου
1688 1080 1842 1114 χωροῦντος

1050 1123 1088 1153 εἰς
1102 1122 1132 1148 τὸ
1144 1122 1267 1157 ὑπάρχον
1277 1130 1283 1138 ·
1298 1123 1345 1149 τοῦ
1357 1123 1397 1156 δὲ,
1413 1123 1453 1155 εἰς
1471 1123 1499 1150 τὸ
1511 1124 1671 1158 ἀναγκαῖον.

1085 1176 1123 1202 Οὐ
1141 1176 1193 1211 μὴν
1209 1177 1444 1212 ἀντισερέφοντος,
1462 1178 1487 1204 εί
1502 1178 1549 1204 καὶ
1569 1178 1674 1205 ἐκεῖθεν
1689 1179 1840 1211 κατιόντος·

1049 1223 1079 1250 οὐ
1101 1223 1156 1258 γὰρ
1183 1223 1210 1249 εἴ
1231 1232 1259 1250 τι
1278 1224 1424 1258 ἀναγκαῖον
1439 1225 1488 1260 ἤδη
1505 1225 1551 1252 καὶ
1562 1226 1752 1261 ἐνδεχόμενον
1769 1226 1797 1253 εἴ
1813 1235 1841 1254 τι

1048 1267 1078 1295 δὲ
1091 1268 1121 1294 τὸ
1133 1268 1170 1300 ὡς
1185 1268 1233 1295 ἐπὶ
1247 1269 1314 1296 πολὺ
1328 1269 1514 1305 ἐνδεχόμενον,
1527 1271 1620 1297 ὁδεῦον
1635 1271 1678 1298 διὰ
1695 1272 1778 1306 μέσου
1791 1273 1840 1299 τοῦ

1051 1314 1230 1349 ὑπάρχοντος,
1249 1314 1303 1341 ἔστ’
1319 1314 1353 1341 ἂν
1400 1316 1558 1349 ἀναγκαῖον.
1574 1317 1630 1343 Καὶ
1647 1318 1712 1351 γοῦν
1726 1318 1780 1349 πᾶς
1792 1317 1840 1344 ἇν-

1050 1358 1158 1394 θρωπος
1178 1360 1380 1394 γραμματικὸς,
1397 1360 1444 1387 καὶ
1459 1361 1500 1392 τίς
1514 1362 1659 1397 ἄνθρωπος
1679 1372 1841 1398 γραμματι-

1049 1403 1106 1434 κός.
1128 1403 1208 1429 Ἀλλὰ
1220 1405 1251 1430 τὸ
1266 1405 1315 1439 μὲν
1327 1405 1435 1440 πρῶτον
1453 1405 1644 1441 ἐνδεχόμενον·
1662 1407 1775 1434 δυνατὸν
1785 1409 1840 1443 γὰρ

1049 1447 1192 1480 γενέσθαι·
1209 1448 1240 1474 τὸ
1262 1449 1289 1475 δὲ
1313 1449 1437 1484 δεύτερον
1465 1451 1623 1484 ἀναγκαῖον,
1644 1452 1688 1478 ἐπ’
1706 1452 1740 1479 ἂν
1765 1452 1841 1480 ἔστιν

1050 1493 1187 1528 ὲνέργειω
1207 1490 1237 1520 οὗ
1252 1494 1388 1528 θανέντος,
1403 1495 1507 1531 ἀπέστη
1523 1498 1539 1532 ὴ
1563 1497 1631 1524 κατὰ
1646 1497 1675 1524 τδ
1690 1499 1841 1531 αναγκαῖον

209 1544 334 1578 inquam.
353 1542 432 1570 estsi
447 1542 491 1574 sit,
508 1541 635 1568 videlicet
653 1539 773 1574 quandiu
797 1543 856 1569 est;
882 1537 993 1565 alterum

1050 1539 1184 1574 ἐνέργεια.
1199 1539 1285 1566 Τοῦτό
1301 1548 1393 1575 φησιν,
1406 1541 1462 1568 ἐστ’
1474 1541 1507 1568 ἂν
1522 1540 1550 1578 ᾖ,
1566 1543 1596 1569 τὸ
1610 1543 1662 1574 ἕως
1678 1544 1711 1570 ἄν
1725 1541 1754 1580 ᾖ,
1767 1544 1838 1579 ἦτοι.

209 1597 275 1617 vero
291 1589 318 1616 in
337 1596 370 1616 eo
380 1588 452 1623 quod
469 1592 511 1615 est
530 1594 668 1621 nunquam
684 1585 805 1613 variatur
819 1593 826 1611 :
843 1583 997 1619 cujusmodi

209 1637 274 1660 sunt
298 1637 411 1665 aeterna,
439 1631 552 1667 angelus
574 1636 602 1658 et
616 1630 716 1657 anima.
744 1629 821 1662 Quod
842 1636 908 1664 ergo
923 1636 997 1663 qua:-

210 1679 320 1706 rebatur
331 1679 386 1712 jam
404 1682 549 1704 tenemus:
568 1681 598 1704 ut
612 1676 658 1710 qui
680 1682 743 1703 reus
765 1679 807 1702 est
825 1674 939 1702 canonis
962 1674 996 1701 de

207 1724 502 1759 contingenti,pcenam
511 1722 648 1750 interdum
663 1725 773 1756 propter
783 1721 862 1748 aliam
877 1721 996 1748 hominis

209 1767 412 1802 improbitatem
428 1766 562 1794 sustineat
575 1766 635 1800 ejus
650 1766 694 1800 qui
711 1771 753 1793 est
768 1766 802 1793 de
817 1765 971 1793 necessario
987 1775 994 1799 ;

207 1818 235 1840 at
256 1821 311 1839 non
334 1812 379 1839 hic
395 1812 517 1839 vieissim
542 1811 603 1847 ejus
617 1811 662 1845 qui
677 1811 711 1838 de
726 1811 905 1846 contingenti.
923 1811 994 1838 Fieri

207 1858 279 1885 enim
295 1865 350 1884 non
368 1861 467 1891 potest.
485 1864 546 1883 cum
574 1855 735 1890 :equivaleat
750 1855 804 1888 jam
821 1855 992 1891 impossibili,

206 1910 286 1929 ninne
303 1901 436 1936 siquidem
455 1900 528 1935 quod
541 1900 716 1935 impossibile,
732 1900 802 1927 idem
815 1908 863 1935 per
878 1908 992 1927 conver-

205 1947 310 1973 sionem
325 1945 508 1972 necessarium
522 1949 564 1973 est
580 1954 586 1971 τ
603 1945 739 1980 quomodo
752 1945 937 1972 necessarium
950 1949 993 1972 est

205 1992 289 2018 solem
306 1992 407 2022 lucere,
434 1991 481 2018 sed
505 1995 532 2018 et
559 1991 727 2025 impossibile
743 1995 785 2018 est
809 1998 864 2017 non
888 1991 989 2018 lucere.

204 2036 281 2069 Quod
296 2044 360 2063 vero
367 2036 496 2064 sanctitas
507 2041 552 2063 tua
564 2037 629 2064 dicit
643 2036 788 2071 aliquando
803 2044 857 2063 non
870 2035 988 2064 luxisse:

206 2081 298 2115 utique
312 2082 339 2108 in
351 2081 479 2109 Passione
492 2081 604 2115 Christi,
623 2089 687 2108 nam
703 2081 737 2108 de
751 2086 831 2108 nocte
850 2081 922 2108 haud
934 2080 990 2107 scio

203 2135 257 2161 quo
273 2132 360 2161 pacto.
377 2127 441 2155 Haec
455 2135 537 2162 porro
550 2131 614 2154 sunt
628 2127 760 2162 prodigia.
776 2135 831 2153 non
848 2130 988 2158 consueta,

203 2180 254 2199 nec
270 2172 420 2208 regularia;
438 2173 486 2200 sed
503 2172 544 2200 vel
567 2180 658 2207 supra,
677 2173 718 2199 vel
735 2177 833 2207 praeter
847 2176 986 2198 naturam:

1051 1583 1087 1609 Τὸ
1110 1583 1139 1610 δὲ
1161 1584 1264 1620 ἕτερον,
1280 1584 1310 1611 τὺ
1329 1585 1433 1621 μήποτε
1449 1586 1522 1613 τοῦθ’
1534 1587 1603 1623 ὅπερ
1619 1588 1694 1615 ἐστὶν
1714 1589 1841 1616 ἀλλοιού-

1051 1637 1132 1662 μενον
1142 1637 1148 1644 '
1164 1627 1208 1656 οἷα
1222 1630 1256 1656 τὰ
1268 1631 1351 1662 ἀΐδια,
1372 1630 1487 1665 ἄγγελος
1502 1633 1549 1659 καὶ
1563 1633 1646 1669 ψυχή.
1661 1635 1716 1661 Καί
1729 1643 1761 1669 γε
1777 1635 1841 1671 ἔχε-

1050 1682 1101 1708 μεν
1112 1674 1142 1700 τὸ
1155 1674 1320 1710 ζητούμενον
1332 1684 1338 1691 ·
1355 1676 1425 1703 ὥστε
1435 1677 1480 1704 τόν
1495 1678 1592 1705 ἁλόντα
1607 1680 1774 1716 ἐνδεχομένῳ
1787 1690 1841 1708 κα-

1048 1718 1115 1748 νόνι,
1132 1719 1273 1746 πείσεσθαι
1289 1720 1364 1747 ἔστιν
1380 1721 1423 1747 ὅτε
1446 1721 1491 1748 διὰ
1508 1722 1558 1758 τὴν
1572 1722 1618 1750 τοῦ
1641 1724 1738 1759 ἀνδρὸς
1754 1725 1840 1761 ἄλλην

1049 1763 1210 1799 μοχθηρίαν,
1225 1765 1260 1792 τὰ
1272 1765 1319 1792 τοῦ
1332 1766 1400 1793 κατὰ
1415 1767 1445 1793 τὺ
1459 1769 1606 1801 ἀναγκαῖον
1619 1770 1746 1804 κειμένου
1757 1778 1764 1785 ”
1779 1771 1839 1798 ἀλλ’

1047 1809 1107 1844 οὐχὶ
1132 1810 1207 1837 τοῦδε
1227 1810 1262 1838 τὰ
1276 1811 1322 1838 τοῦ
1335 1812 1406 1839 κατὰ
1422 1814 1452 1839 τδ
1468 1813 1653 1849 ἐνδεχόμενον.
1668 1817 1707 1842 Οὐ
1721 1817 1775 1853 γὰρ
1796 1818 1839 1844 ἐν·

1046 1854 1170 1890 δέχεται·
1193 1855 1401 1892 ἰσοῤῥοποῦντος
1426 1858 1476 1894 ἤδη
1501 1860 1539 1895 τῷ
1557 1860 1691 1897 ἀδυνάτῳ.
1709 1863 1767 1890 Πᾶν
1782 1865 1837 1898 γὰρ

1046 1898 1060 1924 ὃ
1082 1899 1220 1933 ἀδύνατον,
1245 1902 1493 1938 ἀντεστραμμένως
1516 1906 1563 1932 καὶ
1586 1906 1754 1940 ἀναγκαῐοντ
1778 1906 1838 1934 οἷον

1046 1943 1193 1979 ἀναγκαῖον
1208 1946 1253 1972 τὸν
1265 1946 1341 1982 ἥλιον
1356 1947 1476 1983 λάμπειν
1487 1956 1493 1964 ”
1506 1949 1574 1977 ἀλλὰ
1589 1951 1635 1978 καὶ
1650 1952 1784 1980 ἀδύνατον
1797 1955 1837 1989 μὴ

1045 1989 1174 2026 λάμπειν.
1192 1991 1227 2018 Τὺ
1244 1992 1272 2018 δὲ
1293 1993 1373 2026 φάναι
1395 1994 1443 2029 τὴν
1463 1995 1617 2031 ἁγιωσύνην
1637 1997 1684 2024 σού
1705 2007 1772 2026 ποτε
1796 2001 1836 2034 μὴ

1042 2036 1167 2071 λάμψαι’
1190 2038 1297 2069 πάντως
1319 2038 1365 2065 ἐπὶ
1385 2039 1431 2066 τοῦ
1455 2041 1557 2073 πάθους
1572 2042 1619 2069 τοῦ
1638 2043 1769 2079 Χριστοῦ.
1790 2046 1837 2072 Ἐν

1044 2083 1122 2109 νυκτὶ
1136 2083 1190 2118 γὰρ
1212 2083 1261 2110 οὐκ
1276 2082 1324 2110 οἶδ’
1338 2085 1421 2117 ὅπως.
1436 2086 1527 2113 Ταῦτα
1543 2087 1571 2114 δὲ
1587 2089 1697 2124 τέρατα,
1715 2091 1764 2117 καὶ
1782 2093 1837 2119 οὐκ

1043 2127 1153 2163 ἔννομα,
1183 2129 1242 2155 οὐδὲ
1266 2129 1419 2164 ὲγκάνοναε
1447 2132 1505 2158 ἀλλ’
1520 2133 1589 2168 ὑπὲρ
1605 2134 1696 2168 φύσιν,
1714 2135 1730 2171 ἢ
1756 2138 1837 2172 παρὰ

1043 2173 1123 2208 φύσιν
1135 2182 1142 2189 ·
1164 2175 1209 2201 καὶ
1228 2175 1257 2202 τὸ
1282 2176 1331 2210 μὲν
1345 2177 1452 2211 πρῶτον
1464 2177 1539 2213 δηλοῖ
1554 2179 1570 2214 ἠ
1587 2180 1707 2215 Χριστοῦ
1729 2183 1838 2209 οἰκονο-

202 2226 318 2252 quorum
336 2218 452 2245 alterum
475 2218 595 2244 declarat
609 2217 710 2244 Christi
736 2216 886 2244 incarnatio
902 2225 907 2242 τ
922 2216 990 2243 alte-

1048 2220 1092 2253 μία
1105 2228 1112 2234 ·
1127 2219 1157 2245 τὸ
1171 2219 1198 2245 δὲ
1217 2209 1352 2255 δεύτερον,
1399 2221 1446 2248 νῦν
1462 2209 1631 2258 παρανομία,
1647 2226 1768 2260 μάλιστα
1781 2229 1836 2254 οὐκ

201 2273 260 2291 rum
278 2271 397 2299 przesens
417 2263 554 2298 iniquitas,
569 2271 624 2290 non
639 2263 665 2289 in
684 2262 774 2289 abdito
791 2270 841 2289 nec
857 2262 884 2288 in
900 2266 989 2289 trans-

201 2316 281 2336 cursu
298 2308 377 2340 facta,
393 2308 440 2335 sed
460 2307 547 2342 palam
564 2311 644 2341 atque
660 2307 686 2333 in
703 2306 769 2342 legis
790 2313 894 2333 morem
921 2312 988 2332 eon-

201 2355 316 2385 ﬁrmata,
330 2354 417 2388 quoad
433 2354 459 2380 in
476 2353 532 2388 ipsa
548 2353 607 2385 fuit,
618 2360 666 2388 per
675 2352 829 2388 synodicam
841 2351 986 2381 actionem,

201 2407 349 2434 eorumque
374 2399 418 2434 qui
435 2407 485 2433 pro
509 2399 622 2426 veritate
647 2402 778 2433 pugnant,
795 2397 985 2433 relegationem

199 2450 326 2480 tanquam
351 2446 376 2472 in
392 2445 478 2479 aliqua
505 2445 658 2471 divinorum
675 2451 810 2471 canonum
828 2448 980 2478 transgres-

199 2491 284 2522 sione,
294 2495 349 2521 aut,
361 2494 390 2517 ut
403 2490 494 2517 verius
508 2490 606 2521 (licam,
624 2489 696 2525 gravi
709 2489 860 2523 infestaque
874 2487 981 2515 haeresi.

233 2534 254 2562 0
272 2535 504 2569 μτωνθτὶεῑιηιίιιῐιι
520 2535 678 2561 audaciaml
706 2534 805 2568 quibus
828 2537 928 2567 quanta
948 2533 985 2560 ob

197 2580 350 2607 divinarum
371 2580 471 2615 legum,
486 2580 528 2606 vel
544 2579 634 2614 potius
643 2578 778 2613 Evangelii
792 2585 982 2612 canonumque

196 2623 283 2651 ferme
300 2624 422 2651 omnium
437 2627 623 2658 contemptum
646 2630 725 2657 poena
748 2622 905 2657 impendet;
925 2627 982 2649 tan-

195 2674 253 2696 tum
271 2668 418 2696 humilibus
432 2668 512 2695 nobis
526 2668 664 2702 impendet
679 2667 840 2702 perieulum,
867 2669 890 2695 si
915 2668 980 2702 quid

195 2713 229 2740 de
243 2712 331 2740 oﬂicio
347 2713 571 2740 subtraxerimus.
584 2712 712 2744 Qumnam
728 2716 818 2738 autem
842 2713 982 2748 dispensa-

195 2756 232 2783 tio
245 2763 305 2784 esse
317 2762 470 2792 queaterga
490 2764 536 2784 eos
549 2757 594 2791 qui
609 2764 670 2784 cum
686 2757 801 2783 adulteri
822 2759 979 2792 copulatorc

194 2801 367 2836 sacriﬁcant,
389 2803 489 2837 quique
510 2802 634 2829 adulterii
657 2801 848 2830 conﬁrmatrici
877 2804 979 2838 synodo

1038 2264 1067 2290 ὲν
1080 2264 1228 2300 ἀποὸύστῳ
1245 2266 1340 2297 καὶῶς
1355 2267 1384 2293 ἐν
1405 2269 1583 2306 παρεκδρομῇ
1608 2272 1755 2307 γενομένη,
1772 2273 1836 2300 ἀλλ’

1037 2309 1164 2342 ἐμφανῶς
1182 2310 1229 2336 καὶ
1251 2311 1291 2342 εἰς
1305 2311 1387 2346 νόμον
1402 2313 1584 2347 κρατυνθεῖσα
1604 2315 1634 2341 τὸ
1654 2316 1716 2342 καθ’
1731 2318 1834 2353 αὐτὴν,

1036 2353 1079 2398 δια
1093 2354 1144 2388 τῆς
1157 2355 1298 2390 συνοδικῆς
1315 2356 1443 2391 πράξεως
1455 2366 1461 2373 ·
1482 2359 1530 2385 καὶ
1546 2360 1596 2393 τῆς
1610 2361 1664 2387 τῶν
1679 2361 1750 2398 ὑπὲρ
1764 2364 1836 2396 ἁλη-

1037 2396 1112 2428 θείας
1126 2398 1310 2433 ἐνισταμένων
1321 2399 1475 2435 ὲξορίσεως,
1487 2402 1524 2434 ὡς
1533 2404 1578 2429 ἐπί
1590 2412 1662 2435 τινος
1672 2396 1836 2434 τούναντίον

1036 2441 1116 2468 θείων
1129 2444 1247 2470 κανόνων
1262 2445 1455 2480 παραδάσεως,
1471 2447 1671 2484 τάληθέστερον
1685 2450 1713 2476 δὲ
1727 2452 1831 2484 εἰπεῖν,

1038 2487 1170 2522 στιϐαρᾶς
1187 2490 1234 2515 καὶ
1250 2491 1371 2525 πονηρᾶς
1385 2492 1525 2526 αἱρέσεως.

1074 2533 1106 2558 Ὢ
1121 2533 1170 2566 τῆς
1183 2533 1285 2569 τόλμης
1300 2535 1355 2561 τῶν
1371 2536 1530 2571 δρασάντων
1543 2539 1549 2564 1
1565 2536 1606 2570 οἷς
1620 2539 1683 2565 ὅσον
1699 2541 1727 2567 τὸ
1740 2544 1835 2570 κατά-

1035 2586 1122 2613 κριμα
1137 2579 1186 2613 τῆς
1201 2579 1255 2605 τῶν
1273 2580 1352 2607 οείων
1365 2581 1466 2616 νόμων,
1483 2583 1583 2617 μᾶλλον
1598 2584 1626 2611 δὲ
1643 2585 1690 2611 τοῦ
1707 2587 1834 2622 Εὐαγγέ-

1033 2622 1089 2649 λίου
1123 2624 1170 2649 καὶ
1202 2625 1311 2651 πάντων
1345 2627 1437 2661 σχεδὸν
1471 2629 1590 2655 κανόνων
1616 2631 1830 2666 καουϐρίσεως-

1033 2669 1158 2695 τοσοῦτον
1173 2670 1239 2706 ἡμῖν
1255 2671 1311 2703 τοῖς
1323 2673 1641 2705 ταπεινοῖςὲπικίνδυνον
1655 2677 1829 2711 καθυφιοῦσί

1032 2723 1058 2741 τι
1071 2715 1117 2741 τοῦ
1137 2716 1296 2750 πρέποντος.
1315 2718 1376 2749 Πῶς
1400 2719 1421 2744 δ’
1437 2719 1470 2746 ἂν
1487 2720 1530 2755 εἴη
1553 2721 1694 2756 οἰκονομία
1718 2724 1748 2749 ὲν
1769 2725 1830 2756 τοῖς

1035 2761 1268 2797 συλλειτουργοῦσι
1284 2763 1323 2798 τῷ
1337 2765 1529 2802 μοιχοζεύκτῃ,
1540 2767 1587 2793 καὶ
1602 2768 1758 2802 προάρξασι
1774 2770 1828 2803 τῆς

1034 2807 1234 2842 μοιχοκυρώτου
1262 2809 1388 2844 συνόδου,
1405 2810 1443 2842 ὡς
1463 2811 1477 2837 ό
1500 2812 1571 2843 Baio;
1589 2812 1642 2848 ἔφη
1661 2812 1826 2846 Basilus“
