1926 3078
88 117 153 150 ιοίι

84 176 154 212 Φησὶ
172 175 238 212 γὰρ,
256 175 388 209 πολλάκις
400 177 448 204 καὶ
461 177 523 209 τοὺς
537 178 594 210 τοῖς
608 178 808 211 ἀνυποτάκτοις
821 189 883 208 συν-

85 223 267 256 απελθόντας,
292 224 336 250 ἐπ’
356 223 390 251 ἂν
412 224 648 260 μεταμεληθῶσιν,
665 226 704 257 εἰς
727 225 776 262 τὴν
796 226 882 262 αὐτὴν

84 270 267 306 ἀποδέχεσθαι
286 270 375 304 τάξιν,
391 270 449 297 ἀλλ’
466 270 497 296 οὐ
523 271 589 305 παρ’
606 271 701 306 ἡμῶν·
717 272 798 308 εἴπερ
815 273 882 300 ποτὲ

84 318 132 343 καὶ
144 317 304 352 μετα-(ναῖεν
313 325 319 331 ·
333 317 409 352 παρά
421 317 450 343 δὲ
467 316 522 343 τῶν
535 316 731 352 “choraulam,
741 318 779 348 ὡς
787 320 801 345 ὁ
811 318 882 351 θεῖος

83 363 137 398 ἔφη
157 363 305 395 Διονύσιος.
321 364 362 391 Τὰ
377 364 462 390 πλείω
482 364 585 399 ἀφίημι
609 365 642 400 τῇ
660 365 768 392 συνέσει
783 374 830 392 σου
846 367 881 392 ἱε-

84 409 140 444 ρῶς
156 409 286 445 ἰσχυούσῃ
298 409 461 437 ἐποπτεύειν
475 410 510 436 τὰ
530 410 605 444 ἡμᾶς
618 409 795 438 λανθάνοντα.
812 410 882 443 Δόξα

83 454 144 489 Θεῷ
168 455 215 481 ἐπὶ
240 456 273 490 τῇ
299 455 354 482 τῶν
370 454 494 490 ἀδελφῶν
511 455 654 486 ἀπολύσει,
670 455 750 491 εἴπερ
767 455 879 490 ἀληθές.

83 501 152 533 Δόξα
172 501 232 536 Θεῷ
251 502 298 528 καὶ
320 501 385 536 περὶ
407 501 457 536 τῆς
475 501 598 528 Θεοδότου
615 510 673 532 σου,
693 501 791 536 ἀδελφέ
817 511 879 537 μου,

82 547 244 582 καρτερίας,
263 548 292 574 ὲν
317 548 374 578 τοῖς
394 547 449 574 τῶν
463 547 556 574 αὐτόθι
574 547 702 582 σκληροῖς
721 548 767 574 καὶ
782 547 879 583 ἀπερι-

81 593 198 628 τμήτοις
220 592 259 628 τῷ
284 592 420 628 πνεύματι
441 593 604 628 κεντήμασι.
626 593 750 628 Χαρίζου
769 602 814 628 μοι
830 595 880 628 τὴν

81 638 171 663 εἰσαεὶ
183 637 348 672 ὑπόμνησιν,
363 637 555 672 νηφαλεοῦσάν
573 646 606 673 με
628 637 673 664 τὸν
690 638 858 671 νυστάξοντα
871 647 877 653 ·

81 683 141 711 εἶτα.
171 684 218 710 καὶ
244 683 291 711 νῦν
321 684 398 720 ἱερὰν
427 684 582 719 προσευχὴν
604 684 674 710 πάνυ
691 684 811 712 πάντων.
830 684 878 710 τοῦ

78 730 109 756 δὲ
135 730 241 765 Πατρὺς
266 730 346 766 ἡμῶν
373 731 421 758 καὶ
442 730 489 757 σοῦ
517 730 711 765 διαφερόντως,
740 730 878 765 χρῄζοντι.

79 776 240 812 Μεμάθηκα
255 777 437 812 πεποιηκέναι
460 786 490 804 σε
513 777 606 813 χάριτι
629 775 748 811 Χριστοῦ
769 775 879 811 πόνημά

78 831 126 849 τι·
154 823 211 857 καὶ,
232 824 256 850 εί
279 823 413 856 κελεύεις,
437 823 628 858 ἀναγνώσαιμι
656 821 722 848 αὐτὸ
747 820 876 856 ἐπ’ὼφε-

80 869 156 905 λείᾳ.

277 928 343 955 Aﬂ'.
356 943 389 948 —
404 927 543 961 Ἁρσενίῳ
559 925 664 959 τέκνῳ.
686 925 760 962 [ρδ¹.]

696 122 966 154 nPISTOLARUM
985 124 1059 155 LIB.
1072 125 1096 154 Ι.

1660 129 1731 163 1042

899 185 920 212 Α
936 181 1118 216 praefuerunt,
1140 187 1170 210 ut
1197 182 1306 210 divinus
1333 184 1371 211 ait
1388 184 1522 213 Basilius?
1550 186 1616 215 Dieit
1643 189 1727 222 enim,

933 234 1006 262 szepe
1032 227 1092 255 illos
1113 228 1195 256 etiam
1213 230 1260 264 qui
1285 230 1311 257 in
1325 230 1518 259 obedientibus
1543 233 1728 268 adlneserunt,

933 276 1077 308 postquam
1092 280 1140 300 eos
1153 274 1321 309 ptenituerit,
1341 275 1367 302 in
1387 277 1513 304 eumdem
1530 278 1641 312 gradum
1658 280 1728 306 reci-

933 317 1039 352 pit,sed
1055 326 1227 353 nequaquam
1245 328 1259 346 a
1275 320 1364 353 nobis,
1379 321 1402 347 si
1415 322 1496 348 modo
1514 330 1633 356 unquam
1651 331 1727 350 erro-

933 371 989 390 rem
1006 369 1165 399 agnoscent.
1179 373 1274 392 verum
1291 373 1305 392 a
1321 367 1510 402 comparibus,
1525 373 1553 394 ut
1567 369 1604 395 ait
1620 369 1728 396 divinus

933 408 1088 445 Dionysius.
1116 411 1220 438 Caetera
1241 412 1367 446 relinquo
1397 413 1549 447 prudentiae
1575 418 1644 445 tuae,
1667 422 1728 449 qure

931 459 1021 489 potest
1037 455 1118 482 etiam
1134 464 1165 482 ea
1181 464 1241 491 qua:
1263 465 1314 484 nos
1330 458 1424 490 latent,
1442 463 1536 486 sancte
1559 459 1726 494 perspicere.

931 499 1004 527 Laus
1021 501 1075 527 Deo
1093 506 1120 528 et
1136 501 1171 528 de
1188 502 1302 529 fratrum
1321 503 1493 536 liberatione,
1516 504 1538 531 si
1559 513 1652 532 verum
1675 510 1726 533 est.

933 545 1003 572 Laus
1021 545 1077 573 Deo
1095 547 1170 574 etde
1188 551 1244 579 tua,
1264 548 1298 574 mi
1318 548 1419 581 frater,
1435 549 1566 576 divinitus
1583 550 1644 577 data
1662 558 1724 577 con-

932 594 1043 626 stantia,
1060 594 1087 620 in
1102 594 1178 621 duris
1199 600 1226 622 et
1246 596 1444 623 ineircumcisis
1463 597 1560 630 spiritu
1585 597 1725 625 hominum

932 639 1046 666 istorum
1063 639 1190 667 stimulis.
1212 640 1321 677 Largire
1342 641 1409 668 mihi
1432 647 1590 677 perpetuam
1605 643 1727 670 admoni-

931 685 1044 717 tionem,
1061 693 1121 720 quae
1134 694 1179 713 me
1190 686 1383 714 dormitantem
1400 687 1614 722 cxpergel‘aciat;
1628 689 1726 717 deinde

930 736 957 757 et
970 739 1043 758 nunc
1059 739 1150 759 sacras
1163 740 1260 767 preces
1281 733 1403 760 omnium
1428 741 1554 767 prorsus.
1575 736 1622 761 sed
1637 734 1726 763 Patris

930 777 1016 804 nostri
1032 782 1059 805 et
1080 782 1140 805 tuas
1163 778 1346 813 potissimum,
1373 779 1516 814 indigenti.
1534 780 1619 808 Didici
1636 785 1663 808 te
1677 789 1726 816 pqr

929 822 1031 849 Christi
1055 824 1169 858 gratiam
1194 832 1263 858 opus
1289 825 1398 859 aliquod
1420 825 1595 858 elaborasse;
1626 827 1677 860 fac,
1701 828 1726 855 si

896 863 916 890 Β
932 868 1031 903 placet.
1049 873 1078 896 ut
1092 876 1155 896 cum
1167 867 1287 896 ntilitatc
1300 870 1398 905 legam.

1128 925 1274 954 XXXVIII.
1289 942 1323 946 —
1339 927 1446 954 Arsenio
1466 929 1531 962 ﬁlio.

378 985 467 1010 Scelus
478 984 579 1010 nomine
595 984 787 1016 dispensationis
800 985 969 1015 praetexentes
985 983 1088 1008 refellit.
1106 983 1206 1015 (δέη-οη.
1224 992 1263 1009 an.
1283 985 1337 1014 787,
1352 992 1375 1009 n.
1393 986 1423 1010 58
1437 986 1444 1016 )

121 1038 231 1065 Ἦλίκον
245 1037 348 1073 ὲχάρην
360 1037 407 1064 καὶ
417 1037 511 1070 τανῦν,
525 1036 659 1072 ἀναγνούς
676 1047 723 1064 σου
740 1038 774 1065 τὰ
785 1037 877 1074 γράμ-

78 1093 166 1119 ματα,
199 1084 292 1111 τέκνον
328 1083 534 1110 ποθεινότατον·
567 1084 597 1110 οὐ
627 1083 756 1110 τοσοῦτον
784 1084 814 1110 ὲν
841 1085 875 1118 τῇ

75 1129 249 1165 ἀνεῳχηείσῃ
265 1138 307 1156 σοι
321 1129 422 1164 μᾶλλον
437 1129 508 1164 Θύρᾳ
523 1129 574 1163 τῆς
590 1128 658 1164 πρὸς
671 1129 802 1164 ἀδελφοὺς
816 1137 876 1156 συν-

74 1176 192 1210 τυχίας·
207 1176 231 1201 εί
246 1175 293 1201 καὶ
307 1175 376 1210 αὑτὴ
391 1175 506 1202 εὐκταία
516 1183 523 1190 ·
545 1175 607 1202 ὅσον
620 1175 666 1201 ἐπὶ
681 1176 713 1209 τῇ
727 1175 778 1209 τῆς
790 1174 876 1208 γλώτ-

75 1230 128 1256 της
141 1220 266 1256 εὐχάριτι
277 1220 355 1252 Θεοῦ,
367 1220 400 1246 δι’
410 1217 444 1255 ἧς
455 1220 557 1252 κλείεις
566 1220 600 1246 τὰ
612 1220 742 1247 ἀπύλωτα
752 1220 875 1255 στόματα

78 1267 136 1293 τῶν
151 1266 353 1302 (τερετιζόντων.
374 1265 509 1301 Προσοείη
534 1274 576 1292 σοι
596 1265 742 1302 τοιγαροῦν
765 1265 805 1292 ἔτι
819 1265 876 1292 Κύ-

84 1321 142 1347 ριος
164 1312 242 1346 λόγον
260 1311 385 1346 γνώσεώς
409 1320 439 1338 τε
462 1311 510 1338 καὶ
531 1312 638 1347 σοφίας,
654 1312 874 1347 διακατελέγχειν

80 1359 147 1389 τοὺς
162 1358 211 1392 τῆς
235 1357 377 1389 εὐσεϐείας
392 1356 641 1392 προ[σ]ασπιστὰς·
657 1358 695 1389 ὡς
714 1357 746 1385 ἂν
761 1358 815 1391 ἔξει
833 1366 874 1384 σοι

77 1403 108 1431 εὖ
127 1403 201 1439 μάλα
214 1403 253 1438 τῷ
268 1403 333 1438 θείῳ
347 1403 428 1430 Δαυῖδ
445 1403 614 1438 συμψάλλειν
628 1412 634 1418 ·
646 1404 682 1431 Τὸ
700 1405 798 1438 στόμα
813 1413 873 1438 μου

75 1450 198 1485 ἢιλοιξα,
223 1450 272 1477 καὶ
292 1449 422 1476 εἷλκυσα
447 1449 582 1484 πνεῦμα·
606 1450 650 1476 ὅτι
674 1450 727 1483 τὰς
747 1450 874 1483 ἐντολάς

74 1507 137 1531 (τοᾳ
168 1498 225 1523 οὐκ
253 1496 454 1531 ἐπελαθόμην.
482 1496 550 1523 Καθ’
570 1493 607 1523 ὧν
637 1496 820 1532 λυττήσαντες
848 1498 873 1523 oi

74 1543 327 1578 Μοικειανίζοντες,
343 1543 430 1568 ἐκεῖνό
446 1551 504 1573 πως
517 1542 547 1568 τὸ
559 1542 697 1577 Γραφικδν
715 1543 806 1574 αὐτοῖς
817 1544 873 1574 τοῖς

74 1591 170 1623 ἔργοις
189 1588 354 1624 φθέγγονται
367 1596 374 1603 ·
398 1587 526 1615 Ἀπόστα
540 1588 590 1615 ἀπ’
602 1588 687 1622 ἐμοῦ,
709 1589 798 1621 ὁδούς
814 1596 871 1616 σου

73 1635 190 1662 εἰδέναι
204 1635 240 1661 οὐ
257 1634 420 1668 βούλομαι.
439 1634 469 1660 Εἰ
484 1633 538 1668 γὰρ
557 1633 676 1669 ᾔδεισαν,
689 1634 739 1660 οὐκ
755 1635 787 1661 ἂν
802 1643 871 1669 παρ-

75 1680 181 1715 έϐησαν
197 1679 230 1706 τὰ
245 1665 291 1705 τοῦ
307 1665 411 1713 Κυρίου
426 1665 582 1712 έντάλμίατα
594 1687 600 1692 ·
615 1665 711 1705 οὐκᾶν
728 1665 870 1714 παραϐἁν-
885 1665 906 1694 C

73 1734 134 1756 τες,
146 1725 306 1759 οἰκονομίαν
321 1724 455 1759 σωτήριον
470 1725 502 1758 τῇ
519 1723 668 1759 Ἐκκλησία
689 1724 807 1758 Χριστοῦ
821 1724 870 1755 τὰς

73 1771 251 1805 παραϐὰσετς
274 1769 421 1801 συνοδικῶς
443 1769 632 1804 ὲδογμάτιζον,
654 1769 699 1795 ὑπ’
719 1769 870 1804 ἀναοέματι

71 1817 131 1843 τῶν
144 1815 247 1847 ταύτας
262 1816 299 1851 μὴ
314 1815 384 1842 οὕτω
402 1815 598 1850 προσιεμένων.
610 1815 701 1850 Ὅπερ
718 1815 815 1847 ἀσεϐὲς
827 1816 870 1842 δό-

72 1871 136 1896 γμα
152 1861 279 1888 τοσοῦτόν
296 1862 381 1892 ἐστιν,
398 1861 435 1892 ὡς
451 1861 488 1896 μὴ
506 1861 585 1896 μόνον
599 1861 629 1887 τὸ
650 1861 720 1896 ίερὸν
746 1862 870 1896 Εὐαγγέ-

72 1909 132 1936 λιον
148 1908 322 1942 ἀνατρέπειν,
346 1907 417 1933 κατὰ
435 1907 465 1933 τὸ
481 1908 513 1934 ἐκ
531 1907 630 1942 μέρους
648 1907 729 1940 φύσιν
748 1907 820 1942 ἔχειν
839 1908 870 1934 τὸ

71 1954 137 1981 ὅλον
151 1952 370 1988 ἀνατρέπεσθαι·
385 1951 455 1979 ἀλλὰ
472 1952 518 1978 καὶ
536 1952 620 1987 αὐτὴν
633 1952 682 1988 τὴν
700 1952 819 1987 Χριστοῦ
834 1953 869 1978 oi-

72 1999 208 2034 κονομίαν
225 1999 346 2034 ἀναιρεῖν
359 2006 366 2014 ·
381 1998 541 2033 ἀναιρετικά
560 1997 613 2033 γὰρ
630 1997 752 2033 ἀλλήλων
771 1997 869 2024 τάναν-

72 2044 133 2072 τία.
150 2044 211 2070 Ὀτι
233 2043 261 2070 δὲ
278 2042 387 2069 ἐναντία
411 2039 639 2078 ἡ⁶μοιχοζευξία,
656 2041 869 2076 δογματισθεῖσα

73 2091 214 2124 σωτήριος
231 2088 382 2122 οἰκονομία,
398 2088 431 2123 τῇ
449 2087 520 2122 θείᾳ,
536 2087 585 2114 καὶ
599 2087 640 2113 ἐπ’
656 2087 794 2122 ἀναιρέσει
820 2087 870 2121 τῆς

72 2135 216 2171 ἁμαρτίας
231 2134 384 2169 οἰκονομίᾳ,
398 2133 479 2160 παντί
493 2141 544 2159 που
557 2133 647 2167 δῆλον.
666 2133 746 2159 Ἀλλὰ
764 2132 813 2168 μὲν
823 2130 869 2160 οὖν

74 2182 122 2207 καὶ
138 2180 181 2207 ἑτέ
188 2188 242 2215 ρων
257 2178 342 2213 ἀσεὸη
348 2179 440 2213 μάτων
452 2178 525 2204 ἐστὶν
539 2178 686 2213 ὲπίμεστος
699 2179 715 2213 ἡ
732 2179 870 2213 μοιχοσύν-

71 2228 150 2258 οδος·
166 2226 195 2258 ἂ,
216 2226 241 2251 εἰ
256 2225 414 2260 περιτύχοις
436 2224 518 2251 πάλιν
542 2223 605 2250 ἰδεῖν
625 2223 670 2251 τὸν
689 2223 803 2258 ἀδελφὺν
817 2225 869 2251 Εὕ-

73 2282 126 2308 πρε
132 2271 239 2304 πιανδν,
255 2270 402 2302 ὁποδείξειέ
419 2278 470 2297 σοι.

111 2361 242 2396 Ἐῥρωσο
256 2360 303 2386 καὶ
322 2359 454 2390 εὑσοένει,
473 2359 579 2390 τέκνον,
597 2359 791 2394 ἀμφοτέρωθεν
806 2360 868 2392 τοὺς

74 2407 225 2442 βάλλοντας
239 2405 374 2440 ἀοράτως.
383 2404 524 2431 ὲκῦάλλων
539 2403 634 2438 κράτει
646 2403 772 2437 πίστεως,
785 2405 868 2439 φόϐου

72 2460 101 2478 τε
130 2451 205 2477 Οείου
232 2449 279 2476 καὶ
307 2449 429 2483 ἀγάπης.
444 2447 554 2482 Ἐπειδὴ
579 2449 632 2484 γὰρ
660 2448 759 2480 ἔξωθεν
788 2447 870 2477 ὃι¹ὦν

71 2496 265 2530 ἐπεγείρουσιν
277 2494 411 2530 αἱρέσεων
427 2493 654 2528 προσϐάλλοντες,
669 2494 870 2528 ἀποκρούονται

73 2543 126 2568 ὑπὸ
146 2541 195 2568 τοῦ
219 2540 360 2576 ὀρθοδόξου
381 2540 564 2574 φρονήματος·
583 2538 688 2564 ἔνδοθεν
706 2539 868 2574 ἐπέρχονται

71 2589 96 2615 οἱ
111 2588 207 2618 δόλιοι,
225 2586 339 2620 συλῆσαι
354 2585 399 2612 τὸν
411 2585 461 2619 τῆς
475 2584 564 2619 ψυχῆς
587 2583 726 2619 Θησαυρὸν
742 2585 868 2619 τεχναζό-

74 2641 162 2668 μενοι.
182 2629 234 2658 Ὧν
252 2630 456 2666 λυτρωθείημεν
483 2629 533 2664 τῆς
558 2629 655 2664 θήρας,
676 2629 770 2664 χεῖρας
800 2629 868 2664 πρὸς

71 2678 139 2704 Θεὸν
167 2677 302 2712 αἴροντες,
329 2674 461 2710 συνεργίᾳ
480 2673 533 2700 τῶν
562 2672 609 2699 τοῦ
640 2672 730 2698 κοινοῦ
761 2673 868 2709 Πατρὺς

71 2725 152 2759 ἡμῶν
176 2721 347 2757 προσευχῶν,
379 2721 426 2746 καὶ
453 2720 563 2746 πάντων
592 2719 646 2745 τῶν
672 2719 867 2752 εὐσεϐούντων,

73 2769 130 2803 ἐγώ
153 2776 184 2794 τε
200 2767 248 2794 καὶ
265 2767 296 2793 σὺ
311 2766 360 2792 καί
374 2766 474 2796 πάντες
487 2765 511 2791 οἱ
524 2763 635 2798 ἀδελφοὶ
654 2763 742 2799 ἡμῶν.
766 2763 795 2790 ’0
819 2765 866 2793 τοῦ

111 2836 132 2852 ³⁵
149 2834 220 2861 Psal.
240 2841 332 2864 cxvtn.
349 2832 410 2864 151,
431 2832 488 2859 176.
529 2831 550 2847 ³⁵
563 2830 613 2858 Job
631 2837 684 2861 xu,
701 2830 740 2858 14.

964 1037 1072 1077 Quanto
1088 1045 1161 1064 nunc
1182 1038 1264 1065 etiam
1280 1039 1378 1074 gaudio
1406 1039 1533 1074 perfusus
1557 1049 1617 1068 sum
1647 1043 1724 1071 lectis

929 1084 1026 1111 litteris
1038 1083 1101 1115 tuis,
1119 1083 1156 1110 ﬁli
1171 1084 1419 1112 desideratissimei
1437 1093 1491 1113 non
1501 1092 1555 1114 tam
1565 1089 1637 1121 quod
1648 1097 1725 1124 aper-

929 1135 985 1157 tutn
1001 1126 1049 1156 tibi
1067 1129 1167 1156 ostium
1179 1130 1381 1157 fueritliberius
1395 1139 1457 1158 eum
1469 1131 1597 1160 fratribus
1610 1142 1724 1169 congre-

927 1175 1039 1205 diendi;
1055 1176 1180 1210 quamvis
1193 1181 1220 1202 et
1234 1175 1302 1203 illud
1321 1177 1470 1211 optandum
1482 1198 1488 1209 ,
1514 1185 1594 1212 quam
1611 1184 1723 1214 propter

927 1220 1037 1248 insitam
1053 1220 1152 1256 lingute
1169 1225 1221 1248 tua!
1238 1221 1284 1248 Dei
1299 1221 1424 1256 gratiam,
1437 1230 1489 1257 qua
1502 1224 1623 1252 obstruis
1640 1225 1722 1252 effrc~

926 1271 990 1293 nata
1002 1273 1049 1292 ora
1068 1265 1270 1293 haereticorum.
1285 1266 1427 1302 Adaugeat
1447 1276 1512 1303 ergo
1527 1269 1574 1296 tibi
1592 1271 1597 1295 Ι
1612 1271 1721 1298 ominus

926 1319 1083 1338 sermonem
1107 1311 1227 1339 scientia:
1253 1320 1284 1339 ac
1311 1313 1452 1347 sapientia:
1478 1315 1511 1342 ad
1537 1315 1721 1345 confutandos

925 1357 1074 1392 impietatis
1101 1357 1261 1385 defensores
1279 1367 1285 1385 :
1306 1363 1335 1385 ut
1357 1359 1406 1386 tibi
1431 1360 1528 1387 merito
1550 1369 1616 1389 sane
1641 1362 1721 1390 liceat

925 1410 986 1430 cum
998 1403 1092 1430 divino
1105 1403 1190 1431 David
1201 1411 1299 1430 canere
1313 1412 1320 1430 :
1332 1403 1365 1431 Οι
1376 1413 1461 1432 meum
1471 1406 1606 1440 aperui,et
1619 1408 1722 1436 attraxi

923 1449 1070 1483 spiritum;
1087 1450 1150 1483 quia
1184 1450 1309 1476 mandata
1338 1454 1383 1476 tua
1413 1458 1464 1477 non
1489 1459 1547 1478 sum
1575 1452 1669 1479 oblitus
1686 1454 1719 1482 ³⁵.

924 1493 1023 1521 Contra
1039 1502 1100 1529 quae
1121 1494 1289 1522 insanientes
1306 1494 1463 1527 Maaebiani,
1480 1495 1544 1523 illud
1559 1495 1718 1531 Scriptura,

924 1538 1053 1572 operibus
1076 1538 1152 1573 ipsis,
1169 1538 1370 1572 quodammodo
1393 1538 1564 1567 inclamant:
1582 1540 1680 1568 Recede
1702 1551 1718 1569 ιι

924 1592 974 1616 me,
991 1584 1047 1610 vias
1063 1589 1123 1610 tua:
1135 1584 1202 1610 scire
1215 1583 1314 1611 nolo".
1333 1583 1360 1610 Si
1372 1584 1444 1610 enim
1463 1585 1617 1618 scivissem,
1634 1587 1719 1614 haud-

923 1637 1058 1664 quaquam
1073 1629 1178 1656 Domini
1192 1629 1317 1657 mandata
1332 1629 1508 1657 violavissent
1519 1640 1525 1657 :
1537 1639 1635 1666 neque,
1647 1637 1720 1667 post-

924 1682 1004 1709 quam
1018 1675 1201 1708 violaverunt,
1218 1675 1365 1702 salutarem
1385 1674 1486 1701 Christi
1510 1675 1639 1703 Ecclesiae
1661 1677 1719 1704 dis-

924 1720 1113 1755 pensationem
1128 1721 1212 1747 fuisse
1229 1720 1466 1754 prmvaricationes
1493 1729 1567 1753 suas,
1589 1722 1719 1756 synodica

923 1767 1089 1797 sanxissent,
1104 1766 1279 1793 anathemate
1295 1766 1322 1792 in
1338 1773 1386 1793 eos
1401 1766 1513 1793 decreto
1535 1767 1582 1801 qui
1599 1775 1645 1794 eas
1661 1776 1717 1794 non

924 1812 1037 1847 perinde
1058 1811 1266 1846 approbassem.
1288 1811 1366 1844 Quod
1381 1812 1491 1846 quidem
1505 1812 1574 1840 adeo
1601 1818 1643 1840 est
1666 1813 1718 1840 im-

924 1858 998 1892 pium
1013 1858 1120 1892 dogma,
1137 1862 1167 1884 ut
1186 1865 1241 1884 non
1256 1857 1336 1885 modo
1352 1865 1460 1884 sacrum
1478 1857 1652 1893 Evangelium
1669 1859 1718 1886 de-

924 1907 1022 1935 struat,
1038 1907 1173 1937 quatenus
1189 1906 1276 1929 totum
1293 1901 1397 1928 destrui
1409 1902 1434 1928 in
1447 1907 1524 1935 parte
1535 1902 1614 1937 vulgo
1630 1901 1717 1934 solet;

923 1948 971 1976 sed
995 1949 1081 1983 ipsam
1105 1948 1186 1975 etiam
1210 1947 1311 1975 Christi
1338 1947 1555 1974 incarnationem
1583 1947 1656 1974 tollat
1683 1948 1718 1975 de

923 1994 1031 2026 medio;
1042 1993 1140 2021 tollunt
1154 1993 1286 2028 siquidem
1298 2000 1358 2020 sese
1370 1997 1465 2019 mutuo
1478 1993 1624 2019 contraria.
1638 1993 1715 2025 Quod

924 2043 1016 2066 autem
1030 2039 1183 2066 adulterina
1199 2037 1370 2073 conjunctio,
1393 2045 1474 2071 quam
1502 2037 1545 2064 isti
1568 2037 1714 2064 salutarem

923 2084 1157 2119 dispensationem
1174 2083 1259 2110 fuisse
1274 2087 1407 2115 statuunt,
1429 2082 1545 2114 divinae,
1562 2087 1590 2109 et
1603 2084 1636 2109 ad
1650 2091 1714 2117 pec-

924 2129 975 2156 cati
992 2128 1206 2156 destructionem
1222 2127 1353 2153 institutae
1363 2127 1559 2160 dispensationi
1578 2127 1715 2154 contraria

924 2175 969 2207 sit,
986 2174 1114 2202 omnibus
1141 2173 1315 2201 manifestum
1332 2178 1383 2199 est.
1401 2172 1642 2200 Verumenimvero
1656 2173 1716 2201 aliis

923 2228 1032 2256 quoque
1046 2219 1193 2254 impietatis
1203 2219 1350 2254 generibus
1362 2223 1449 2246 scatet
1468 2219 1715 2253 mtechosynodus:

924 2275 995 2301 qum,
1012 2266 1033 2294 si
1059 2265 1262 2301 Euprepianum
1280 2265 1390 2291 fratrem
1416 2265 1515 2292 iterum
1533 2265 1625 2292 videre
1648 2273 1716 2292 con-

925 2312 1020 2346 tingat,
1034 2311 1080 2338 tibi
1097 2309 1306 2338 demonstrabit.

887 2351 907 2378 ι)
959 2357 1033 2388 Vale,
1052 2361 1079 2384 et
1093 2361 1222 2384 constans
1239 2362 1315 2388 esto,
1332 2356 1368 2382 lili
1383 2376 1389 2386 ,
1407 2355 1536 2389 utrinque
1549 2362 1596 2382 eos
1612 2355 1658 2389 qui
1673 2354 1715 2381 iu-

926 2401 1067 2430 visibiliter
1085 2402 1187 2428 feriunt
1211 2405 1390 2436 prosternens
1408 2401 1470 2427 ﬁdei
1488 2401 1585 2428 robore
1597 2422 1604 2433 ,
1635 2401 1715 2427 timo-

925 2448 1018 2482 risque
1038 2446 1123 2473 divini
1137 2450 1165 2473 et
1180 2445 1335 2473 eharitatis.
1352 2445 1498 2479 Postquam
1514 2444 1586 2472 enim
1611 2444 1716 2472 extrin—

925 2501 1005 2520 Secus
1019 2501 1068 2527 per
1086 2493 1221 2524 haereses,
1248 2499 1315 2526 quas
1330 2491 1476 2523 suscitant,
1502 2491 1650 2521 irruentes,
1669 2497 1717 2524 per

924 2539 1106 2566 orthodoxam
1135 2537 1298 2565 sententiam
1325 2537 1427 2571 repulsi
1445 2541 1509 2563 sunt
1524 2545 1530 2562 :
1548 2536 1716 2562 intrinsecus

923 2583 1119 2620 aggrediuntur
1134 2583 1321 2615 fraudulenti,
1344 2582 1442 2609 animae
1467 2582 1625 2609 thesaurum
1649 2580 1716 2607 diri-

923 2637 989 2665 pere
1005 2629 1150 2656 molientes
1165 2638 1170 2655 :
1183 2636 1300 2663 quorum
1314 2636 1329 2655 a
1345 2626 1713 2662 depraedationeliberemnr,

922 2683 1020 2702 manus
1033 2675 1066 2702 ad
1076 2675 1162 2702 Deum
1176 2674 1342 2706 attollentes,
1355 2678 1382 2700 et
1396 2672 1482 2707 adjuti
1495 2671 1624 2706 precibus
1638 2679 1715 2698 com-

922 2720 1014 2748 munis
1028 2721 1117 2747 Patris
1138 2720 1224 2747 nostri
1245 2725 1272 2747 et
1288 2719 1394 2754 piorum
1409 2718 1533 2746 omnium
1543 2739 1550 2751 ,
1571 2725 1621 2753 ego
1634 2722 1661 2744 et
1673 2722 1712 2749 tu,

922 2770 948 2794 et
963 2766 1063 2794 fratres
1083 2766 1169 2794 nostri
1186 2765 1318 2793 universi.
1337 2765 1441 2792 Auletaa
1468 2763 1631 2799 praepositus
1649 2762 1713 2790 tibia
