1926 3078
227 147 295 181 1043

819 141 850 170 8.
865 136 1064 170 THEODORI
1079 134 1252 166 STUDIT/E

1777 126 1846 158 1044

222 205 306 237 canit,
319 202 366 231 sed
383 202 501 230 obscuro
516 207 584 227 sono
596 220 603 233 ,
624 206 676 227 nec
691 197 804 233 Spiritui
821 200 917 224 sancto
941 202 1005 223 con-

1072 190 1181 227 ιὺλητοῦ
1199 188 1406 225 καθηγούμενος
1429 187 1515 219 αὐλεῖ,
1531 185 1599 213 ἀλλὰ
1621 185 1726 219 ἄσημα,
1741 184 1789 211 καὶ
1814 184 1846 210 οὐ

223 250 336 279 cinenti.
354 247 431 281 Quod
447 247 520 274 enim
536 246 574 273 ait
592 253 621 273 se
635 244 748 272 Romam
763 247 906 278 spectare;
924 241 1009 268 imbe-

223 296 343 325 cillitatis
353 302 454 326 causai,
467 292 594 327 falsaeque
607 291 635 318 in
648 299 678 318 re
696 289 823 325 praesenti
841 287 1010 316 defensionis

223 342 371 378 suffugium
391 345 442 368 est.
470 339 602 373 Quodque
630 338 664 365 de
689 336 759 364 Saba
785 339 813 363 et
839 335 1008 366 Theoctisto,

224 385 436 422 religiosissimis
451 383 603 415 monachis,
621 383 673 410 hoc
689 382 788 409 illudve
799 380 882 413 dicat,
893 384 921 407 et
937 378 1010 414 quod

224 433 318 460 Romae
335 432 387 458 hoc
406 433 433 457 et
448 429 525 462 illud,
557 428 655 455 falsum
678 432 730 455 est.
753 426 785 454 lli
799 426 871 454 enim
890 425 925 452 ob
940 425 1011 451 hanc

225 484 334 505 causam
361 483 396 503 ne
420 476 453 502 ab
468 474 710 502 lconomachornut
739 471 836 500 haeresi
865 470 1012 498 redeuntes

226 521 346 557 episcopi
376 521 404 547 in
432 520 564 555 pristinos
589 518 687 554 gradus
711 517 940 544 restituerentur:
956 522 1011 541 non

225 567 335 602 quidem
346 573 452 598 omnes,
461 565 508 592 sed
518 563 657 599 praecipui,
675 566 703 589 et
712 561 850 597 principes
865 560 1011 591 haereseos,

224 613 302 648 juxta
328 611 415 638 sancti
439 610 580 637 Athanasii
607 608 710 637 verba.
741 606 910 634 restiterunt.
934 603 1012 636 Quod

227 665 293 686 sane
308 656 457 684 absurdum
478 663 533 682 non
552 659 622 682 erat.
646 654 699 681 Sed
724 657 866 688 postquam
882 649 1011 685 synodus,

226 711 288 738 quae
306 706 401 729 coacta
414 706 470 728 tum
489 700 555 733 fuit,
570 698 743 734 recipiendos
762 703 858 724 omnes
870 694 1013 730 judicavit,

226 747 381 782 exemplum
397 749 491 772 secuta
511 747 615 778 quarta:
632 746 732 770 sanetae
749 740 862 776 synodi;
887 745 1014 765 assense-

228 796 292 819 runt
306 781 333 818 et
345 790 396 825 ipsi
407 799 414 817 :
424 795 514 823 neque
527 788 601 815 enim
616 787 670 814 ulla
681 786 792 814 suberat
806 783 845 811 rei
855 781 1015 810 necessaria:

228 835 408 871 transgressio
413 855 419 861 .

264 922 302 948 De
320 920 481 947 Simoniacis
495 923 586 947 autem
605 924 660 946 tum
675 918 783 953 quidem
797 915 1013 952 prastermissum

229 969 288 998 est,
313 965 376 999 quia
394 964 428 991 de
448 971 480 991 eo
498 964 586 998 capite
607 967 668 998 post
687 961 820 997 synodum
836 958 1013 995 quaerendum

229 1015 299 1038 erat.
320 1011 466 1044 Postquam
484 1017 549 1036 vero
565 1008 709 1043 quaesitum
724 1007 774 1034 fuit
794 1027 800 1033 .
817 1027 824 1033 .
845 1025 853 1032 .
877 1025 883 1032 .
906 1024 913 1032 .
931 1025 938 1032 .
957 1024 963 1031 .
981 1024 987 1030 .
1006 1022 1012 1029 .

229 1055 349 1089 primum
368 1055 478 1090 quidem
493 1061 591 1081 annuae
607 1052 791 1088 pmnitentiae,
812 1055 860 1079 aut
877 1050 1015 1085 aliquanto

230 1100 355 1134 amplius.
378 1100 400 1127 Ο
416 1100 521 1127 facinus
544 1099 649 1126 audax!
668 1105 728 1125 cum
745 1096 886 1124 monachis
901 1095 1015 1130 quibus-

231 1146 305 1178 dam,
323 1153 439 1179 quorum
454 1145 610 1171 nominibus
623 1150 723 1178 parco,
746 1142 848 1170 editum
863 1146 905 1168 est
924 1141 958 1167 ab
983 1148 1016 1167 eo

233 1191 376 1218 decretum
391 1191 543 1218 relaxandae
555 1189 733 1224 depositionis
748 1192 886 1223 perpetua:
897 1207 905 1220 ,
926 1187 962 1213 ita
987 1190 1017 1213 ut

231 1236 333 1264 Christi
347 1236 502 1263 sacerdotes
514 1236 611 1263 iterum
625 1235 723 1267 forent,
736 1242 805 1269 quos
812 1234 884 1260 Deus
895 1240 943 1268 per
952 1239 1018 1266 apo-

234 1282 366 1309 stolorum
397 1282 547 1316 principem
574 1281 684 1308 Petrum
709 1279 889 1314 deposuisset.
916 1277 1018 1304 Deinde

234 1335 297 1354 cum
322 1327 372 1361 ipsi
398 1328 425 1353 in
453 1334 484 1353 ea
514 1333 543 1353 re
569 1333 623 1353 non
643 1325 821 1352 assentiretur
840 1323 941 1355 Sabas,
970 1322 1017 1350 sed

235 1373 316 1407 plane
333 1373 542 1404 adversaretur;
562 1372 626 1406 quid
637 1371 712 1406 agit?
725 1370 826 1397 malum
840 1373 914 1396 recto
931 1368 1019 1395 corri-

235 1419 282 1454 git.
295 1418 379 1454 Negat
393 1426 422 1445 se
439 1418 627 1453 pomitcntiam
642 1417 759 1449 dedisse,
771 1420 801 1443 ut
814 1423 861 1443 eos
875 1414 1019 1442 admittere

235 1463 282 1497 qui
299 1464 498 1498 perpecuniam
514 1463 696 1494 ordinassent,
709 1462 751 1490 vel
763 1461 880 1489 ordinati
891 1460 1017 1492 fuissent,

236 1509 309 1544 quod
324 1516 386 1536 cum
398 1509 474 1542 dicit,
497 1509 667 1536 convincitur
679 1509 713 1536 ab
729 1508 802 1535 illius
818 1507 948 1542 temporis
962 1506 1020 1532 Au-

238 1558 326 1590 gusta,
339 1561 354 1580 a
364 1561 416 1588 qua
430 1554 556 1581 inductus
564 1554 651 1581 fuerat
663 1558 693 1580 ut
702 1553 821 1588 iniquam
832 1551 1022 1587 paenitentiam
1036 1545 1058 1574 C

239 1600 326 1627 daret.

274 1643 376 1670 Aderat
392 1643 449 1670 dies
471 1642 711 1678 Theophaniorum
740 1642 865 1676 Christi,
888 1646 1024 1670 venerunt

237 1687 285 1716 illo
303 1688 348 1716 die
362 1689 461 1723 quibus
494 1688 619 1723 imposita
634 1695 714 1723 poena
739 1688 827 1716 fuerat
843 1697 849 1715 :
866 1693 903 1720 et,
922 1697 953 1715 ea
969 1689 1022 1723 jam

237 1739 358 1769 peracta,
376 1742 405 1762 se
418 1734 521 1761 absolvi
543 1735 726 1768 postularunt,
743 1735 879 1762 abnuebat
892 1735 947 1767 ille,
966 1735 1024 1761 Au-

238 1783 314 1814 gusta
324 1780 447 1815 urgebat,
460 1783 490 1806 ut
499 1779 718 1807 admitterentur.
727 1779 827 1806 lterum
840 1780 910 1807 malo
920 1784 1023 1807 rectum

238 1825 355 1852 destruit
375 1825 549 1859 patriarcha:
567 1833 628 1852 cum
652 1826 706 1852 illis
723 1833 756 1852 eo
772 1826 831 1860 ipso
847 1826 915 1853 festo
935 1826 1023 1860 palam

239 1870 385 1902 sacrificat,
404 1877 459 1897 non
474 1870 578 1897 invitus
592 1878 667 1903 sane,
683 1871 730 1898 sed
741 1878 790 1897 sua
805 1876 920 1905 sponte;
937 1878 1025 1906 quan-

239 1915 386 1950 doquidem
401 1923 462 1943 cum
476 1919 569 1950 posset
577 1923 640 1942 cum
655 1916 785 1951 depositis
794 1924 848 1943 non
861 1916 1023 1949 sacriﬁcare,

239 1962 423 1990 sacrificavit:
438 1962 706 1996 quoquomodoquis
722 1961 794 1988 dicat
813 1969 874 1988 eum
899 1969 953 1989 non
974 1969 1025 1996 po-

239 2008 335 2034 tuisse.
348 2006 417 2034 Hinc
432 2007 476 2034 illa
491 2006 568 2034 Saba;
576 2014 637 2034 cum
648 2014 681 2034 eo
696 2006 851 2034 contentio:
863 2007 927 2034 hinc
939 2014 1026 2033 emer-

239 2054 274 2081 sit
287 2054 402 2088 amplior
417 2061 499 2088 quam
517 2052 602 2080 divini
618 2059 736 2080 canones
751 2052 850 2085 ferant,
878 2052 1024 2079 absolutio.

239 2100 326 2127 Roma
340 2107 405 2127 vero
414 2099 527 2126 minime
541 2099 599 2126 hate
612 2099 746 2134 probavit,
764 2099 851 2126 absit!
873 2098 920 2126 sed
938 2107 1026 2131 neque

239 2146 371 2180 synodum
386 2145 473 2179 ipsam
490 2144 585 2172 habuit
599 2152 649 2179 pro
659 2144 837 2177 cecumeniea,
852 2144 899 2171 sed
918 2152 967 2179 pro
984 2145 1025 2171 lo-

1059 237 1098 272 τῷ
1115 236 1253 271 Πνεύματι
1271 235 1311 270 τῷ
1326 234 1396 269 ἁγίῳ
1412 231 1546 268 εὗρυθμα·
1559 231 1606 257 καὶ
1620 229 1650 257 τὸ
1664 230 1754 263 λέγειν
1766 228 1848 255 αὑτὸν

1060 283 1164 318 ἀφορᾷν
1191 282 1220 309 ὲν
1251 280 1356 315 Ῥώμῃ,
1386 278 1529 308 ἀσθενείας
1542 276 1632 311 λόγου,
1653 275 1701 302 καὶ
1724 274 1792 310 πρὸς
1817 273 1850 300 τὸ

1061 328 1148 362 παρὸν
1172 324 1389 362 ψευδαπολογίας
1415 322 1595 356 καταφύγιον.
1623 320 1678 348 Καὶ
1707 319 1738 346 τὸ
1765 319 1849 354 φάναι

1061 374 1141 402 αὑτὸν
1155 373 1218 408 περὶ
1233 371 1308 399 Σάὁι
1322 379 1352 397 τε
1366 370 1414 398 καὶ
1426 370 1512 396 Θεοκτ
1527 376 1602 400 στου,
1616 366 1670 392 τῶν
1685 364 1851 392 εὐλαϐεστά-

1061 428 1115 447 των
1143 417 1278 454 μοναχῶν,
1294 417 1375 443 τοῦτο
1391 416 1511 446 κάκεῖνο,
1543 413 1590 440 καὶ
1604 412 1642 443 ὡς
1657 413 1688 438 ὲν
1709 410 1804 446 Ῥώμῃ
1820 410 1851 436 τὸ

1062 465 1110 492 καὶ
1138 465 1179 496 τὸ,
1206 463 1257 490 οὐκ
1285 461 1395 498 ἀληθές.
1422 460 1454 486 Ol
1475 459 1525 494 μὲν
1550 457 1605 492 γὰρ
1624 457 1716 484 ἕνεκεν
1736 455 1783 482 τοῦ
1813 455 1850 489 μὴ

1064 509 1264 545 προσδεχθῆναι
1282 508 1346 539 τοὺς
1367 508 1399 533 ἐκ
1412 506 1461 541 τῆς
1477 503 1698 538 Εἰκονομαχικῆς
1718 501 1850 536 αἱρέσεως

1064 555 1282 591 ὑποστρέφοντας
1310 554 1476 584 ἐπισκόπους
1498 551 1538 583 είς
1563 551 1627 582 τοὺς
1652 549 1770 580 οἰκείους
1789 548 1852 583 βαθ-

1066 601 1142 637 μούς·
1174 601 1222 628 καὶ
1235 600 1265 627 οὐ
1283 600 1397 631 πάντας,
1411 597 1479 624 ἀλλὰ
1493 597 1555 628 τοὺς
1570 595 1679 630 ἐξόχους
1694 594 1741 621 καὶ
1761 602 1853 628 πρωτ-

1064 648 1164 683 άρχους
1188 647 1237 681 τῆς
1255 645 1407 682 αἱρέσεως,
1431 643 1504 670 κατὰ
1529 642 1574 668 τδν
1595 641 1676 675 λόγον
1701 639 1749 667 τοῦ
1774 640 1852 673 ἁγίου

1071 693 1242 726 Ἄθανασίου,
1267 691 1416 719 ἐνίσταντο.
1435 689 1525 724 Ὅπερ
1538 688 1587 715 οὐκ
1603 687 1767 718 ἀπεικότως.
1783 685 1853 712 Ἀλλ’

1066 739 1128 765 ἐπεὶ
1142 739 1158 773 ἡ
1172 737 1323 773 τηνικαῦτα
1343 735 1452 767 σύνοδος
1475 734 1603 769 κέκρικεν
1629 733 1708 764 ὅλους
1733 732 1855 764 εἰσδέξα-

1067 784 1139 816 σθαι,
1154 784 1252 819 ἔχουσα
1271 782 1321 817 τὴν
1335 781 1468 818 τετάρτην
1484 779 1564 814 ἁγίαν
1587 778 1696 805 σύνοδον
1726 777 1854 812 παράδει-

1066 838 1134 865 γμα·
1151 828 1291 863 συνῆλθον·
1305 827 1336 854 οὐ
1351 827 1405 862 γὰρ
1416 824 1450 862 ἦν
1464 825 1519 852 τῶν
1531 823 1690 858 ἀναγκαίων
1716 831 1743 849 τι
1763 830 1855 857 παρα-

1030 872 1052 902 Β
1067 874 1238 909 σαινόμενον.

1102 920 1170 955 Περὶ
1181 919 1210 946 δὲ
1226 918 1281 945 τῶν
1292 916 1480 952 Σιμωνιανῶν,
1500 913 1652 950 τηνικαῦτα
1669 913 1718 949 μὲν
1733 920 1855 948 παρεκαι

1067 965 1165 1001 λύφθη,
1180 965 1218 997 ὡς
1236 964 1305 1000 μετὰ
1316 963 1366 999 τὴν
1381 963 1489 989 σύνοδον
1504 960 1723 997 ὲκξητησομένου
1743 959 1791 986 τοῦ
1809 968 1857 985 γε·

1068 1011 1192 1046 φαλαίου.
1208 1011 1286 1037 Ἐπεὶ
1314 1010 1342 1036 δὲ
1371 1009 1501 1045 ὲζητήθη.
1547 1027 1553 1034 .
1593 1027 1599 1034 .
1640 1027 1646 1034 .
1686 1026 1693 1034 .
1734 1026 1740 1033 .
1781 1026 1788 1032 .
1829 1006 1857 1030 τὸ

1069 1057 1177 1092 πρῶτον
1193 1057 1241 1092 μὲν
1258 1057 1298 1087 εἰς
1317 1055 1454 1090 ἐπιτίμιον
1470 1054 1634 1081 ἐνιαυσιαῖον
1659 1053 1675 1088 ἢ
1700 1052 1746 1078 καὶ
1764 1051 1856 1077 πλέον,

1071 1102 1103 1127 Ὢ
1120 1100 1168 1127 τοῦ
1180 1100 1370 1136 τολμήματοςῑ
1391 1099 1439 1126 σύν
1459 1107 1514 1126 τισι
1532 1099 1688 1133 μονασταῖς,
1703 1095 1740 1124 ὧν
1756 1096 1858 1130 ἀφίημι

1069 1146 1158 1180 λέγειν
1171 1146 1205 1172 τὰ
1217 1146 1348 1180 ὀνόματα,
1366 1144 1443 1179 ἐδόθη
1461 1145 1523 1179 ὅρος
1534 1142 1672 1170 ὑπἀὐτοῦ
1692 1143 1859 1176 ὲξιλεὼσεως

1069 1191 1118 1226 τῆς
1133 1192 1174 1223 εἰς
1191 1191 1293 1222 αίῶνας
1309 1191 1507 1225 καθαιρέσεως·
1533 1188 1573 1220 είς
1589 1188 1619 1214 τὸ
1635 1186 1704 1215 εἶναι
1717 1190 1780 1220 τοὶς
1807 1188 1861 1214 ὑπὸ

1070 1236 1138 1262 Θεοῦ
1165 1236 1209 1262 διὰ
1235 1235 1338 1271 Πέτρου
1362 1234 1409 1261 τοῦ
1429 1234 1482 1260 τῶν
1511 1233 1682 1259 Ἀποστόλων
1709 1232 1860 1267 κορυφαίου

1071 1282 1291 1318 καθῃρημένους,
1322 1280 1403 1307 ’πάλιν
1436 1280 1595 1314 ἱερουργοὺς
1639 1278 1772 1313 Χριστοῦ.
1804 1279 1863 1304 Καὶ

1071 1329 1133 1356 ἐπεὶ
1144 1329 1174 1355 οὺ
1192 1327 1322 1363 συνῆλθον
1338 1327 1362 1353 οἱ
1376 1326 1440 1360 περὶ
1453 1325 1542 1352 Σάὸαν
1559 1326 1588 1351 ἐν
1603 1323 1700 1359 τούτῳ,
1723 1323 1790 1350 ἀλλὰ
1815 1324 1864 1350 καὶ

1071 1373 1251 1409 διηνέχθησαν
1279 1373 1347 1407 πρὸς
1374 1372 1464 1403 αὑτὸν,
1498 1371 1523 1398 τί
1553 1372 1647 1404 ποιεῖ;
1674 1371 1759 1396 κακὸν
1785 1370 1865 1404 καλῷ

1072 1420 1248 1447 ἀπαλλάττει.
1261 1419 1397 1454 ’Ᾱρνεῖται
1410 1417 1447 1452 μὴ
1463 1417 1610 1443 δεδωκέναι
1624 1416 1773 1451 ἐπιτίμιον,
1791 1417 1865 1451 μηδὲ

1073 1466 1234 1502 προσίεσθαι
1248 1465 1312 1496 τοὺς
1326 1465 1355 1491 ἐν
1368 1464 1491 1499 χρήμασι
1511 1462 1755 1498 χειροτονήσαντάς
1768 1470 1796 1488 τε
1819 1463 1866 1489 καὶ

1073 1510 1321 1547 χειροτονηθέντας.
1331 1510 1426 1544 Λέγων
1436 1509 1604 1544 διελέγχεται
1615 1508 1668 1534 ὑπὸ
1677 1508 1727 1543 τῆς
1734 1508 1866 1542 τηνικάδε

1075 1557 1241 1593 κρατούσης,
1265 1556 1311 1591 ἀφ’
1328 1553 1362 1591 ἧς
1376 1557 1423 1583 καὶ
1445 1555 1575 1590 εἱλκύσθη
1599 1554 1692 1581 δοῦναι
1708 1554 1739 1580 τὸ
1762 1554 1867 1589 ἄνομον

1073 1603 1219 1639 ἐπιτίμιον.
1366 1628 1372 1633 ,
1424 1623 1428 1626 λ

1109 1649 1205 1683 Παρῆν
1219 1649 1235 1683 ἡ
1251 1647 1342 1682 ἡμέρα
1361 1646 1414 1673 τῶν
1439 1646 1595 1680 Θεοφανίων
1619 1644 1749 1680 Χριστοῦ·
1766 1644 1866 1678 ἐληλὺ-

1074 1693 1153 1720 θασιν
1177 1695 1206 1719 ὲν
1231 1693 1318 1728 ταύτῃ
1337 1693 1360 1718 οἱ
1387 1690 1633 1725 ὲπιτιμιασθέντες,
1652 1689 1869 1724 πεπληρωκότες

1074 1738 1104 1765 τὸ
1112 1737 1259 1773 ἐπιτίμιον,
1273 1737 1320 1763 καὶ
1335 1735 1412 1762 λύσιν
1426 1734 1629 1770 ἐπιζητοῦντες·
1641 1734 1655 1759 ὁ
1670 1733 1721 1768 μὲν
1735 1733 1868 1767 ἀπηξίου,

1075 1783 1091 1818 ὴ
1109 1783 1252 1818 βασίλισσα
1268 1781 1451 1816 κατηπείγετο
1466 1780 1515 1814 τὴν
1533 1779 1666 1814 εἰσδοχὴν.
1688 1778 1772 1805 Πάλιν
1786 1779 1870 1813 κακῷ

1074 1829 1105 1855 τὸ
1120 1828 1202 1855 καλὸν
1213 1827 1351 1863 διαμείϐει
1367 1827 1381 1853 ό
1401 1826 1542 1862 πρόεδροςο
1560 1825 1763 1859 συλλειτουργεϊ
1773 1825 1868 1855 αὐτοῖς

1074 1875 1108 1910 τῇ
1128 1874 1196 1909 αὐτῇ
1219 1874 1300 1908 ἑορτῇ
1316 1873 1357 1904 είς
1373 1871 1523 1906 προῦπτον·
1552 1871 1602 1897 οὐκ
1620 1869 1754 1901 ἀκουσίως
1772 1869 1868 1904 δῆθεν,

1075 1920 1133 1946 ἀλλ’
1149 1919 1291 1950 ἑκουσίως·
1315 1918 1384 1944 ἐπὰν
1411 1917 1559 1952 δυνάμενος
1590 1916 1626 1950 μὴ
1647 1915 1870 1949 συλλειτουργείν

1076 1964 1290 2000 καθῃρημένοις,
1312 1962 1564 1997 συνελειτούργησε·
1580 1961 1633 1988 κᾶν
1646 1961 1773 1988 ὁπωσοῦν
1800 1962 1869 1995 φαίη

1075 2020 1118 2043 τις
1137 2011 1277 2038 ἀδυνατεῖν
1289 2008 1380 2036 αὕτόν.
1393 2009 1533 2053 Ἐντεῦθεν
1545 2009 1562 2043 ἡ
1576 2007 1643 2044 πρδς
1654 2007 1737 2035 αὐτὸν
1748 2007 1871 2042 διαφορὰ

1076 2056 1130 2083 τῶν
1146 2056 1210 2091 περὶ
1221 2055 1321 2082 Σάδανο
1334 2054 1460 2081 ἐντεῦθεν
1470 2053 1640 2081 ἐπεπόλασεν
1653 2053 1670 2088 ἡ
1682 2053 1760 2084 λύσις
1776 2053 1868 2079 πλειό-

1077 2110 1129 2133 νως
1155 2102 1210 2128 τῶν
1229 2101 1309 2128 θείων
1338 2101 1469 2128 κανόνων.
1490 2100 1523 2126 Ἦ
1547 2100 1576 2126 δὲ
1597 2099 1690 2135 Ῥώμη
1719 2099 1808 2126 ταῦτα
1838 2101 1870 2126 o-J

1077 2147 1244 2183 προσήκατω
1257 2146 1294 2182 μὴ
1310 2146 1431 2180 γένοιτοί
1446 2145 1504 2172 ἀλλ’
1516 2145 1577 2171 οὑδὲ
1592 2145 1677 2179 αὐτὴν
1693 2144 1742 2179 τὴν
1756 2144 1871 2170 σύνοδον

239 2191 308 2222 cali,
331 2195 358 2217 et
379 2198 442 2225 qua:
458 2190 598 2225 proprium
623 2190 744 2217 locorum
769 2190 876 2217 illorum
903 2197 1018 2217 errorem

1077 2192 1115 2223 ὡς
1139 2191 1341 2227 οἱκουμενικὴν,
1367 2190 1426 2217 ἀλλ’
1444 2191 1482 2222 ὡς
1509 2190 1636 2224 τοπικὴν,
1666 2190 1715 2216 καὶ
1742 2188 1773 2215 τὸ
1804 2190 1872 2216 ῐδιον

238 2236 413 2264 emendasset
427 2236 459 2262 ³⁷.
477 2235 571 2270 Neque
583 2235 656 2262 enim
671 2236 786 2262 aliorum
804 2235 1018 2262 Patriarcharum

1078 2240 1177 2275 πτῶμα
1192 2240 1246 2267 τῶν
1261 2239 1324 2275 τῇδε
1336 2237 1540 2274 ἀνορθώσασαν.
1557 2237 1626 2263 Οὐδὲ
1643 2235 1698 2270 γὰρ
1712 2236 1736 2262 οἱ
1752 2236 1873 2262 κεκαθι-

238 2283 332 2309 vivarii
357 2287 435 2310 erant
451 2281 496 2316 qui
518 2289 568 2316 pro
586 2281 619 2308 iis
638 2281 769 2309 sedebant
782 2292 787 2309 :
802 2281 899 2309 falsum
912 2302 919 2314 ,
938 2281 1024 2315 siqui-

1076 2285 1154 2316 κότες
1180 2286 1384 2319 ἀντιπρόσωποι
1398 2284 1452 2312 τῶν
1476 2284 1563 2311 ἄλλων
1586 2281 1774 2317 πατριαρχῶν·
1798 2282 1872 2316 ψευ-

238 2329 301 2356 dem
316 2328 430 2356 Romani
451 2336 504 2354 non
521 2332 631 2362 propter
647 2328 794 2363 synodum,
821 2328 868 2355 sed
891 2328 926 2355 ob
941 2328 1018 2354 aliam

1073 2330 1118 2363 δές
1196 2330 1251 2357 τῶν
1273 2330 1322 2365 μὲν
1342 2329 1486 2365 Ῥωμαίων
1498 2329 1531 2355 δι’
1546 2329 1619 2360 ἄλλο,
1639 2328 1670 2354 οὐ
1687 2327 1732 2354 διὰ
1745 2327 1871 2357 σύνοδον,

238 2381 348 2401 causam
363 2373 438 2400 missi
453 2373 507 2400 huc
527 2378 666 2400 venerant.
681 2372 770 2405 Quare
793 2376 821 2399 et
845 2373 972 2407 depositi,
991 2376 1018 2399 ul

1072 2375 1328 2411 παραπεμφθέντων
1355 2375 1482 2402 ἐνταῦθα.
1509 2374 1554 2400 Διδ
1588 2373 1635 2400 καὶ
1661 2373 1873 2409 καθῃρέθησαν,

238 2420 343 2450 fertur.
367 2422 429 2453 post
444 2417 560 2445 reditum
577 2417 687 2445 fuerunt
712 2418 747 2444 ab
768 2425 801 2445 eo
822 2417 867 2452 qui
894 2418 1023 2450 miserat;

238 2464 363 2500 quamvis
371 2457 480 2492 coactos
490 2471 519 2491 se
531 2463 617 2491 fuisse
625 2468 812 2491 causarentur.
824 2463 876 2491 Alii
887 2468 978 2491 autem
992 2471 1025 2490 ex

238 2511 344 2538 oriente
357 2510 477 2545 quidem,
499 2509 545 2537 sed
561 2518 574 2536 a
594 2510 760 2537 nostratibus
773 2509 896 2544 persuasi
909 2513 936 2536 et
946 2509 1026 2536 indu-

239 2557 285 2587 cti.
298 2565 353 2584 non
367 2562 457 2584 autem
473 2564 488 2583 a
501 2556 666 2584 Patriarchis
680 2555 765 2588 missi,
781 2555 826 2589 qui
846 2555 913 2581 nihil
935 2555 1024 2582 scive-

239 2608 342 2630 runtne
353 2606 444 2637 postea
454 2601 575 2636 quidem,
583 2605 693 2635 propter
700 2601 788 2636 gentis
799 2605 900 2627 metum
911 2600 1024 2628 scilicet.

240 2648 297 2675 lloc
305 2653 395 2675 autem
407 2648 507 2675 idcirco
517 2647 653 2674 faciebant
663 2646 788 2674 homines
796 2645 893 2680 nostri,
904 2650 935 2673 ut
942 2647 1025 2673 haere-

1077 2422 1114 2453 ὣς
1130 2430 1208 2456 φασι,
1223 2421 1469 2457 παλινοστήσαντες
1486 2420 1538 2446 ὑπὸ
1553 2420 1600 2446 τοῦ
1615 2419 1803 2454 πεπομφότος,
1817 2421 1874 2446 κᾶν

1077 2469 1249 2496 ἑπεκαλῶντο
1270 2468 1423 2503 βεϐιάσθαι.
1438 2469 1470 2496 Ol
1488 2468 1510 2494 δ’
1522 2468 1596 2495 ἄλλοι
1610 2469 1641 2494 ἐκ
1658 2467 1707 2502 μὲν
1719 2467 1872 2502 ἀνατολῆς,

1077 2514 1135 2541 ἀλλ’
1148 2514 1200 2540 ὑπὸ
1212 2514 1267 2540 τῶν
1285 2514 1399 2540 ἐνταῦθα
1418 2514 1620 2549 προτραπέντες
1649 2512 1697 2538 καὶ
1714 2512 1873 2547 ὲλχθέντες,

1078 2560 1128 2595 οὐχ
1149 2560 1202 2586 ὑπὸ
1227 2560 1281 2586 τῶν
1305 2560 1483 2595 πατριαρχῶν
1500 2558 1710 2590 ἀποσταλέντες,
1727 2558 1770 2584 ὅτι
1800 2558 1875 2592 μηδὲ

1080 2605 1204 2638 ἐνόησαν,
1217 2605 1233 2640 ἥ
1249 2605 1371 2641 ὕστερον,
1388 2605 1431 2632 διὰ
1443 2605 1474 2631 τὸ
1487 2604 1533 2631 τοῦ
1550 2604 1642 2635 ἔθνους
1658 2603 1717 2635 δέος
1732 2602 1872 2637 δηλονότι.

1079 2650 1166 2677 Τοῦτο
1186 2651 1214 2677 δὲ
1229 2651 1336 2678 ἐποίουν
1358 2651 1382 2677 οἱ
1398 2650 1525 2683 ἐνταῦθα,
1551 2650 1595 2676 ἵνα
1621 2648 1666 2675 τὴν
1694 2647 1873 2683 αἱρετίξοντα

275 2707 296 2722 ³⁷
317 2707 355 2734 De
371 2706 423 2733 hoc
437 2706 497 2733 loco
513 2705 612 2733 videsis
621 2704 731 2732 Baronii
747 2704 955 2737 dubitationem,
971 2713 1015 2732 an.
1036 2705 1098 2740 787,
1110 2715 1137 2735 n.
1155 2708 1198 2735 58.

993 2762 1109 2793 NOTAE.

277 2831 315 2865 (ί)
335 2830 415 2858 Forte
431 2832 488 2859 haec
503 2839 554 2858 vox
568 2838 600 2858 ex
621 2837 669 2857 ora
684 2829 744 2858 libri
763 2830 789 2858 in
803 2833 905 2858 lexlum
922 2829 1042 2864 irrepsit.
