1926 3078
94 107 162 140 1045

706 108 979 140 EPISTOLARUM
1001 109 1072 139 LIB.
1094 92 1119 139 ἰ.

1665 110 1735 143 1046

91 166 156 192 λαὸν
171 163 271 200 μᾶλλον
286 165 419 192 πείσωσιν
437 165 600 202 ὀρθοδοεεῖν,
618 167 649 193 ἐκ
663 166 710 192 τοῦ
731 167 886 202 οἱκουμενι-

941 165 961 192 si
971 165 1157 192 adluerentem
1171 165 1299 200 populum
1307 164 1413 194 facilius
1424 166 1457 194 ad
1468 166 1647 195 orthodoxam
1656 167 1736 195 (idem

90 210 142 246 χὴν
155 210 237 245 δῆθεν
247 210 426 247 ἀθροισθῆναι
443 212 563 239 σύνοδον.

125 257 157 284 Ei
165 256 193 283 δὲ
204 256 297 291 φαίης,
305 257 364 289 πῶς
374 258 455 292 ἡμεῖς
464 258 514 285 οὐκ
525 258 652 293 ὲνιστέιθη
658 267 707 293 μεν
718 256 881 291 τηνικαῦτα,

89 303 139 329 καὶ
159 302 203 329 διὰ
218 302 245 328 τί
264 303 432 338 χειροτονίαν
458 303 608 339 ἐδεξάμεθα
626 303 695 338 μετὰ
710 303 758 339 τὴν
775 303 884 329 σύνοδον

90 347 168 382 παρὰ
193 346 240 374 τοῦ
268 347 353 383 κυροῦ
381 348 529 384 Ταρασίου·
547 348 756 383 ἀπολογούμεθα
773 348 821 375 καὶ
843 348 885 374 σοι

89 395 139 421 καὶ
150 395 245 426 πᾶσιν,
258 394 340 420 ὅτιτὸ
356 394 406 429 μὲν
422 395 450 421 ἐν
469 395 602 429 ὑπηκόοις
626 395 783 430 ἐτελοῦμεν,
801 394 837 429 μὴ
852 394 886 420 τὰ

89 438 206 475 ὕστερον
232 439 390 473 γνωσθέντα
415 440 482 475 ἡμῖν
509 440 643 476 πρότερον
672 440 783 471 εἰδότες·
799 439 829 466 τὸ
845 439 885 470 δὲ,

89 484 260 520 δραξάμενος
272 485 364 511 αἰτίαν
379 485 501 520 εὔλογον,
511 486 541 512 τὸ
555 486 646 520 λέγειν
656 485 803 521 Ταράσιον,
817 486 886 520 μήτε

90 532 229 566 ἐπιτίμιον
239 531 395 562 δεδωκέναι,
411 531 473 567 μηδ’
489 529 523 558 αὖ
535 532 558 558 εί
576 532 675 566 γνοῖεν,
690 531 745 558 τῶν
758 531 888 558 τοιούτων

91 577 296 612 συνιερουργεῖν
313 585 377 610 τινι,
405 576 473 603 ἀλλὰ
493 577 540 604 καὶ
568 577 721 613 καθαιρεῖν.
752 576 810 603 Κᾶν
839 576 889 611 οὐχ

88 623 178 655 οὕτως
193 620 227 658 ἧν
249 622 280 649 τὸ
304 622 416 658 ἀληθὲς,
434 622 478 649 διὰ
507 622 537 649 τὸ
562 623 711 658 προφανές.
727 622 799 648 Ἀλλ’
813 622 889 657 ὅμως

88 669 172 704 ἡμεῖς
197 667 358 703 ὀρεγόμενοι
381 668 432 703 τὴν
462 667 602 702 ὁμόνοιαν,
628 667 805 703 ἡρκὲσθημεν
832 668 890 698 τοῖς

89 714 251 750 λεγομένοις
265 722 272 730 ·
289 713 368 741 τοῦτο
383 715 554 750 κεκρικότες,
575 715 623 741 ἐπὶ
640 714 670 741 τὺ
697 713 890 749 φιλανθρωπό-

88 770 170 797 τερον
180 761 230 796 τῆς
247 761 361 796 εἰρήνης
372 760 467 787 νεῦσαι
483 761 512 787 ὲν
527 759 566 795 τῷ
577 760 722 795 ἀμφιὸόὶῳ
734 760 890 796 πράγματι¹

89 807 185 838 καθώς
218 806 285 841 φησι
301 814 353 832 που
385 807 399 832 ὁ
424 805 565 840 Θεολόγος.
590 806 645 832 Καὶ
667 805 736 841 ἅμα,
762 806 803 832 ὅτι
819 805 892 832 δεδε-

934 211 1135 245 pertraherent.
1145 218 1206 238 cum
1217 211 1387 239 oecumenica
1394 212 1513 247 synodus
1520 218 1614 240 coacta
1627 213 1734 241 fuisset.

969 258 1048 292 Quod
1062 258 1083 285 si
1101 266 1208 293 quatras
1221 259 1400 293 quamobrem
1422 267 1474 286 nos
1491 263 1547 287 tum
1559 260 1674 287 minime
1686 261 1736 288 ob-

935 305 1088 332 stiterimus
1102 324 1109 336 ,
1126 309 1154 332 et
1178 312 1228 331 cur
1243 304 1446 331 ordinationem
1469 310 1530 339 post
1548 306 1681 341 synodum
1703 306 1738 334 de

936 350 1040 378 domini
1053 349 1159 378 Tarasii
1172 357 1255 377 manu
1270 350 1495 385 susceperimus;
1513 350 1567 378 hoc
1582 351 1630 379 tibi
1647 351 1738 378 omni-

936 396 1042 431 busque
1053 395 1318 431 aliisrespondemus
1332 404 1338 422 :
1354 395 1472 430 primum
1488 395 1599 430 quidem
1622 405 1673 424 nos
1686 397 1738 425 sub

937 441 1095 469 obedientia
1125 446 1170 469 tua
1194 442 1313 475 vixisse,
1337 449 1389 469 uec
1421 442 1486 469 dum
1509 449 1540 469 ea
1564 443 1736 477 cognovisse,

937 495 998 522 qua}
1015 492 1158 522 perspecta
1174 487 1254 514 nobis
1265 491 1358 522 postea
1370 486 1481 514 fuerunt
1494 496 1500 514 :
1511 487 1611 515 deinde
1626 495 1738 515 causam

939 537 1034 560 nactos
1053 533 1138 560 luisse
1154 533 1342 568 probabilem;
1357 541 1420 560 cum
1436 533 1542 560 diceret
1553 533 1690 566 TarasiuS,
1708 541 1738 561 se

939 586 991 606 nec
1004 578 1194 613 paenitentiam
1210 578 1373 613 imposuisse
1386 599 1393 610 ,
1421 587 1473 606 nec
1497 586 1580 614 porro
1595 587 1658 607 cum
1682 581 1738 608 ullo

940 633 1036 652 eorum
1050 646 1057 658 ,
1082 625 1104 652 si
1120 625 1254 658 novisset,
1273 625 1560 659 communicaturum;
1587 626 1737 661 quinetiam

941 670 1143 706 depositurum.
1164 671 1324 706 Quanquam
1352 671 1379 698 id
1403 678 1499 697 verum
1515 678 1570 697 non
1588 676 1656 703 eral,
1675 679 1738 699 cum

914 750 918 752 ι
942 716 1087 744 manifesta
1114 724 1159 743 res
1180 721 1262 744 esset.
1293 715 1346 744 Sed
1367 724 1418 743 nos
1444 721 1535 743 tamen
1561 717 1737 744 concordiam

942 767 1113 798 appetentes,
1132 762 1165 789 iis
1182 762 1303 789 contenti
1321 762 1423 789 fuimus
1438 770 1499 797 quae
1515 762 1549 790 ab
1566 763 1739 791 eodicehan-

946 812 1008 835 tur:
1022 809 1061 836 sic
1081 813 1244 842 statuentes,
1269 808 1302 835 ad
1317 809 1507 836 humaniorem
1532 809 1608 844 pacis
1631 814 1736 844 partem

89 854 192 888 γμένος
214 850 249 887 ἧν
270 852 315 878 διὰ
336 851 384 887 τὴν
407 851 573 887 όρθοδοξίαν,
602 851 649 878 καὶ
669 852 700 878 τὸ
724 852 784 879 κατ’
800 852 886 888 αὐτὴν

941 854 968 881 in
984 861 1014 880 re
1035 854 1163 889 ambigua
1181 854 1408 889 propendendum
1437 862 1498 882 esse
1511 875 1518 886 ,
1541 855 1612 882 sicut
1637 855 1738 883 alicubi

89 898 215 934 ἀνδρεῖον
240 898 288 924 καὶ
316 897 459 924 σπουδαῖον
482 897 623 931 γενέσθαι,
652 898 705 924 ὑπὸ
731 897 786 924 τῶν
800 897 887 924 ἄλλων

96 944 280 979 Ἐκκλησιῶν.
289 943 383 970 Ταῦτά
397 951 437 970 σοι
455 943 602 978 ἐγνώρισα,
613 943 720 974 τέκνον,
731 944 769 974 εἰς
785 943 887 977 εἴδησιν

88 991 148 1017 τῶν
165 990 352 1025 καθηκόντων·
370 990 418 1016 καὶ
427 990 468 1016 ὃτι
478 990 502 1016 οἱ
517 990 581 1024 περὶ
595 990 685 1016 Σάϐαν
700 991 723 1016 εἰ
739 990 783 1016 διὰ
798 990 886 1023 τοῦτο,

90 1037 140 1063 καὶ
158 1036 209 1062 οὐκ
222 1035 312 1067 ἄλλοις
327 1035 399 1061 τισὶν
416 1034 526 1067 ἀλόγοις
541 1035 697 1070 διεφέροντο
712 1035 779 1070 πρὸς
795 1035 886 1068 αὑτὸν,

91 1079 166 1117 εἶχον
190 1080 301 1115 εὕλογον
326 1081 373 1106 καὶ
391 1080 508 1115 ἔχουσιν.
528 1079 572 1112 Ὠς
586 1081 641 1116 γὰρ
655 1080 706 1106 ὐπδ
725 1081 888 1116 παραπετά-

91 1136 177 1163 σματι
194 1128 276 1162 ἡμεῖς
289 1126 336 1153 τοῦ
348 1126 441 1160 λέγειν
456 1126 494 1161 μὴ
510 1125 637 1160 δέχεσθαι
653 1127 717 1157 τοὺς
736 1126 887 1158 τοιούτους,

90 1174 161 1201 ἀλλὰ
174 1173 222 1200 καὶ
236 1173 388 1207 καθαιρεῖν,
404 1171 574 1206 συνήλθομεν
586 1170 625 1206 τῷ
640 1171 766 1206 προέδρῳ
781 1179 787 1186 ⁵
801 1171 888 1201 οὕτως

90 1221 194 1247 ἐκεῖνοι
222 1219 253 1245 τὸ
279 1218 403 1254 πραχθὲν
431 1218 559 1253 ἐμφανῶς
589 1218 697 1253 ἔχοντες
728 1218 886 1253 δικαίωμα,

89 1264 296 1292 ἀντιποιοῦνται
321 1264 434 1296 είκότως
460 1263 506 1290 τοῦ
531 1263 604 1290 θείου
632 1265 754 1296 κανόνος.
770 1264 825 1291 Καὶ
839 1264 888 1290 οὐκ

89 1311 165 1337 ἐστιν
189 1311 203 1337 ὁ
218 1311 297 1346 χάριν
307 1309 404 1336 τούτου
424 1309 472 1336 τοῦ
488 1309 634 1344 κεφαλαίου
649 1309 799 1345 δυνάμενος
813 1310 888 1337 ἀντι-

92 1358 191 1392 στῆναι
208 1357 310 1388 αὐτοῖς,
328 1355 355 1382 εἰ
376 1364 407 1390 γε
428 1356 533 1390 λέγοιεν
546 1356 587 1382 ’ὁτι
601 1356 737 1391 Ταράσιος
750 1357 888 1392 οἰκονομι-

89 1402 150 1433 κῶς
161 1401 272 1433 ἐδέξατο
284 1401 347 1432 τοὺς
359 1409 411 1436 χρη
416 1400 718 1435 ματοχειροτονοῦντας.
737 1400 818 1427 Ἀλλὰ
835 1400 889 1435 γὰρ

89 1447 149 1473 οὐδ’
169 1447 202 1474 ἂν
230 1447 332 1482 Πέτρος
365 1446 413 1473 καὶ
442 1445 548 1477 Παῦλος
578 1447 700 1481 ἐπιστῇ·
729 1445 809 1473 αὐτοὶ
835 1446 888 1481 γὰρ

89 1490 218 1523 ἐξέθεντο
240 1490 286 1517 τὸν
308 1490 419 1523 κανόνα,
435 1490 575 1518 καὶαῦτοί
594 1499 676 1525 φασιν
688 1498 695 1505 ·
724 1490 815 1517 Ἀλλὰ
830 1489 889 1517 κᾶν

938 898 1097 935 Thcologus
1120 899 1170 927 ait.
1188 899 1277 926 Simul
1302 900 1352 927 hoc
1372 900 1454 926 etiam
1473 905 1643 935 reputantes,
1661 901 1738 928 illum

937 950 1050 980 propter
1063 945 1145 972 fidem
1167 945 1350 972 orthodoxam
1362 966 1369 977 ,
1386 953 1524 980 suumque
1544 946 1572 973 in
1591 954 1622 974 ea
1638 947 1738 974 tuenda

937 990 1078 1022 studium,
1101 991 1136 1018 ab
1157 991 1218 1018 aliis
1233 991 1364 1019 Ecclesiis
1387 996 1528 1026 receptum
1552 991 1647 1019 fuisse.
1676 993 1739 1020 llzec

938 1035 985 1062 tibi
1003 1035 1133 1070 exposui,
1151 1036 1208 1068 ﬁli,
1231 1040 1261 1063 ut
1281 1036 1352 1063 scias
1371 1043 1431 1070 quze
1451 1037 1522 1064 scire
1549 1041 1575 1064 te
1597 1038 1736 1070 convenit,

938 1085 966 1107 et
975 1080 1086 1113 Sabam,
1105 1081 1127 1108 si
1145 1085 1258 1116 propter
1275 1081 1334 1109 haec
1350 1090 1404 1108 non
1423 1082 1458 1109 ob
1473 1082 1524 1109 alia
1544 1083 1680 1118 quaepiam
1694 1091 1738 1111 ra-

939 1125 1006 1152 tioni
1027 1126 1098 1153 haud
1118 1132 1302 1154 consentanea
1321 1128 1345 1154 ei
1363 1128 1524 1155 adversatus
1536 1134 1589 1161 est,
1607 1129 1738 1164 probabi-

939 1170 993 1198 lem
1018 1179 1129 1199 causam
1154 1173 1282 1200 habuisse
1305 1177 1333 1201 et
1362 1174 1474 1201 habere.
1501 1174 1737 1208 Quemadmodum

938 1216 1011 1243 enim
1028 1225 1079 1244 nos
1094 1218 1147 1245 hoc
1168 1223 1312 1253 praetextu,
1326 1221 1399 1254 quod
1417 1220 1530 1253 diceret,
1549 1229 1578 1248 se
1600 1222 1668 1249 tales
1681 1229 1736 1249 non

939 1262 1072 1297 recipere,
1084 1263 1132 1290 sed
1139 1263 1288 1298 deponere,
1299 1272 1360 1292 cum
1371 1265 1526 1300 patriarcha
1539 1267 1736 1295 convenimus:

938 1307 978 1334 sic
994 1307 1032 1334 illi
1043 1308 1147 1342 justam
1160 1310 1199 1336 rei
1220 1309 1309 1344 palam
1325 1315 1407 1345 gesta:
1424 1311 1613 1339 defensionem
1633 1311 1738 1340 haben-

939 1355 991 1383 tes.
1009 1359 1059 1386 pro
1074 1352 1167 1380 divino
1183 1361 1288 1380 canone
1302 1354 1402 1382 merito
1417 1355 1568 1383 decertant.
1585 1353 1680 1391 Neque
1695 1361 1738 1384 est

937 1398 985 1432 qui
1000 1398 1053 1426 hoc
1068 1399 1183 1426 nomine
1198 1401 1363 1435 redarguere
1387 1401 1449 1429 illos
1471 1403 1572 1436 possit,
1600 1402 1623 1430 si
1646 1403 1739 1430 dicant

939 1443 1082 1471 Tarasium
1094 1452 1144 1478 per
1154 1446 1388 1480 dispensationem
1404 1455 1452 1475 eos
1466 1448 1615 1483 recepisse,
1629 1449 1674 1484 qui
1688 1456 1739 1484 per

939 1489 1085 1522 pecuniam
1100 1490 1270 1517 ordinarant.
1287 1491 1322 1517 At
1336 1499 1427 1527 neque
1444 1493 1465 1520 si
1480 1493 1579 1521 Petrus
1594 1498 1622 1521 et
1636 1495 1737 1523 Paulus

90 1535 179 1570 ἡμεῖς
191 1535 210 1570 ἢ
227 1535 355 1570 ἄγγελος
364 1535 399 1568 ἐξ
414 1535 546 1569 οὐρανοῦ
573 1535 798 1570 εὐαγγελίζηται
815 1535 886 1571 ὑμῖν

941 1534 1051 1568 adsint;
1068 1535 1118 1570 ipsi
1143 1536 1216 1563 enim
1239 1544 1374 1564 canoncm
1394 1538 1596 1571 condiderunt,
1627 1539 1737 1575 ipsimet

89 1580 162 1614 παρ’
180 1580 196 1607 ὃ
210 1580 479 1616 εὐηγγελισάμεθα,
494 1581 628 1615 ἀνάθεμα
644 1580 732 1608 ἔστω.

218 1735 282 1764 ΔΘν.
299 1750 334 1756 -
351 1737 486 1771 Θεοφίλῳ
505 1735 672 1772 ἡγουμένω·
690 1735 772 1772 [ρς’·]

939 1579 1036 1607 dicunt
1049 1589 1056 1606 :
1070 1580 1123 1608 Sed
1133 1581 1193 1608 licet
1213 1590 1275 1614 nos,
1295 1588 1342 1609 aut
1354 1583 1471 1619 Angelus
1487 1585 1517 1611 de
1532 1585 1605 1619 caelo,
1624 1594 1735 1621 evange~

942 1624 1001 1652 [ἔτει
1018 1626 1089 1653 vobis
1103 1632 1279 1663 praeterquam
1298 1630 1366 1664 quod
1388 1631 1643 1666 euangelizavimus,
1668 1640 1736 1660 ana-

942 1673 1029 1698 thema
1039 1672 1074 1698 sit
1087 1672 1121 1699 ³⁸.

1094 1739 1214 1767 XXXIX.
1230 1757 1263 1761 -—
1283 1742 1422 1777 Theophila
1435 1746 1584 1780 prwposito.

253 1794 301 1819 Cur
313 1795 446 1820 haereticos
458 1798 530 1820 vocet
540 1801 593 1825 eos,
603 1794 751 1826 quibuscum
767 1796 821 1826 ipse
835 1796 967 1828 aliquando
981 1800 1214 1825 communicaverat.
1228 1800 1331 1832 (Baron.
1349 1807 1405 1827 ann.
1419 1802 1475 1832 809,
1490 1809 1515 1828 η.
1529 1804 1582 1835 28.)

133 1849 304 1885 Ἐϐουλόμην
327 1850 478 1886 ταχύτερον
505 1851 658 1878 ἐπιστεῖλαι
686 1853 719 1887 τῇ
747 1852 887 1889 ἁγιωσύνῃ

92 1905 154 1930 σου,
179 1895 237 1923 ἀλλ’
258 1896 309 1922 οὐκ
333 1897 493 1932 εὐωδούμην
520 1898 724 1933 φρουρούμενος
747 1899 887 1933 ἀσφαλῶς.

93 1942 160 1969 Ὅτε
174 1942 203 1968 δὲ
219 1941 366 1976 εὐδόκησεν
380 1943 394 1968 ὸ
406 1942 508 1976 ἀγαθὸς
522 1943 590 1975 Θεὸς
604 1943 770 1978 χαρίσασθαι
782 1945 830 1971 καὶ
842 1944 888 1971 τὸν

90 1987 195 2022 τρόπον
212 1986 260 2013 καὶ
274 1986 305 2013 τὸ
321 1987 477 2022 πρόσωπον·
498 1988 651 2022 τηνικαῦτα
665 1989 711 2014 τὸν
727 1989 792 2023 ἐμὸν
806 1988 888 2016 πόθον

91 2030 191 2066 πληρῶ
206 2030 221 2057 ὁ
234 2031 375 2065 ταπεινὸς,
389 2032 435 2058 καὶ
448 2033 659 2068 προσαγορεύω,
669 2033 718 2061 καὶ
727 2034 886 2069 ἀσπάζομαι

90 2077 140 2103 τὸν
154 2076 220 2112 ἐμὸν
232 2077 418 2112 πνευματικὸν
428 2079 553 2113 Πατέρα,
565 2080 612 2106 καὶ
622 2079 681 2106 λίαν
694 2079 779 2111 ὅντως
795 2080 887 2114 φιλού-

91 2130 187 2157 μενον.
203 2122 242 2149 Οὐ
259 2123 313 2158 γὰρ
326 2123 420 2158 ἐπειδὴ
433 2123 579 2159 διέστησαν
596 2126 670 2160 ήμᾶς
683 2126 848 2161 σωματικῶς
862 2126 886 2153 οί

90 2168 226 2204 ἄρχοντες
248 2168 296 2195 τοῦ
312 2169 411 2201 αίῶνος
431 2170 539 2202 τούτου,
562 2171 612 2206 ἤδη
632 2171 758 2198 διέλυσαν
777 2171 825 2199 καὶ
837 2172 886 2208 τὴν

91 2213 140 2240 ἐπὶ
156 2213 224 2240 Θεὸν
235 2213 314 2249 ήμῶν
328 2214 396 2249 πρὸς
411 2215 544 2250 ἀλλήλους
557 2217 687 2251 ὁμόνοιάν
702 2225 731 2243 τε
746 2217 794 2244 καὶ
821 2217 883 2253 σχέ-

977 1854 1106 1883 Volebam
1132 1857 1259 1892 equidem
1283 1859 1364 1886 citius
1389 1859 1423 1886 ad
1457 1860 1631 1888 sanctitatem
1661 1867 1735 1892 tuam

939 1901 1074 1935 scribere,
1093 1902 1141 1930 sed
1164 1904 1235 1931 viam
1253 1905 1359 1932 nullam
1384 1905 1568 1940 reperiebam,
1591 1912 1665 1936 arcta
1682 1917 1734 1937 cu-

938 1947 1025 1974 stodia
1055 1948 1188 1976 inclusus.
1207 1949 1356 1985 Postquam
1382 1955 1473 1978 autem
1492 1950 1549 1979 Deo
1574 1953 1648 1981 bono
1675 1955 1734 1989 pla-

937 1992 1006 2025 cuit,
1021 1998 1047 2020 et
1063 1993 1174 2021 modum
1191 1999 1218 2021 et
1230 1995 1369 2024 hominem
1386 1997 1539 2025 concedere
1553 2006 1560 2025 :
1575 2006 1650 2027 nunc
1663 2001 1736 2028 desi-

939 2037 1046 2065 derium
1060 2046 1152 2066 meum
1166 2039 1278 2068 humilis
1296 2041 1403 2076 expleo,
1418 2048 1444 2070 et
1463 2043 1552 2071 saluto
1566 2044 1734 2079 amplector-

940 2091 993 2119 que
1017 2084 1187 2119 spiritualem
1209 2085 1318 2115 Patrem
1338 2095 1429 2115 meum
1453 2097 1534 2124 quem
1560 2098 1656 2119 revera
1672 2099 1734 2119 amo

938 2129 1097 2164 plurimum.
1118 2129 1212 2165 Neque
1226 2131 1310 2164 enim,
1327 2134 1437 2167 quando
1451 2142 1566 2170 corpore
1581 2143 1631 2164 nos
1644 2144 1735 2172 segre-

939 2178 1038 2208 garunt
1060 2174 1201 2210 principes
1223 2177 1423 2212 saeculihujus,
1449 2180 1551 2214 pariter
1566 2185 1687 2208 mutuam
1705 2182 1732 2209 iu

939 2219 995 2247 Deo
1006 2225 1100 2248 nostro
1119 2221 1293 2249 concordiam
1309 2223 1495 2260 aﬂ‘cctumque
1519 2226 1709 2254 dissolverunt
1725 2237 1732 2254 :

92 2266 147 2284 σιν*
165 2258 267 2293 μᾶλλον
282 2258 332 2293 μὲν
352 2257 399 2286 οὗν
419 2260 466 2286 καὶ
479 2260 658 2290 ἐϐεϐαίωσαν.
677 2261 811 2296 Πείθομαι
832 2262 886 2297 γὰρ

941 2265 1063 2300 quinimo
1078 2266 1163 2301 magis
1187 2268 1397 2297 conﬁrmarunt.
1413 2257 1527 2299 Confido
1542 2273 1615 2299 enim
1650 2277 1677 2299 et
1690 2281 1733 2300 me

91 2304 141 2330 καὶ
160 2303 212 2338 τὴν
237 2304 286 2339 σὴν
307 2305 437 2340 ὁσιότητα
451 2305 544 2332 ποθεῖν
558 2306 609 2342 τὴν
624 2306 762 2343 ἡμετέραν
777 2306 886 2339 ἀναξιό-

89 2356 172 2384 τητα·
192 2349 239 2375 καὶ
254 2349 350 2385 ἀκλινῆ
368 2350 507 2385 διαμένειν
533 2353 583 2387 τῆς
604 2352 746 2387 ὀρθοδόξου
760 2352 807 2379 καὶ
821 2352 885 2379 θεα-

92 2395 193 2431 ρέστου
214 2395 378 2427 ἐνστάσεως,
393 2395 423 2429 ἐξ
439 2392 476 2423 ὧν
495 2405 524 2422 τε
541 2397 674 2433 πρότερον
701 2398 748 2424 καὶ
775 2397 886 2433 ὕστερον

91 2440 235 2473 ὑπέδειξεν
250 2441 351 2475 ἑαυτὴν
364 2441 424 2475 Θεῷ
438 2450 468 2467 τε
486 2443 533 2468 καὶ
548 2442 713 2477 ἀνθρώποις,
731 2443 768 2475 ὡς
794 2452 887 2470 συναι-

91 2487 200 2522 ρεῖσθαι
224 2487 290 2522 ἡμῖν
312 2488 368 2519 τοῖς
382 2489 521 2519 ταπεινοῖς
536 2488 581 2514 καὶ
597 2488 643 2515 τὸν
659 2489 730 2524 ὑπὲρ
743 2488 886 2520 εὐσεϐείας

89 2532 222 2568 διωγμόν·
245 2531 295 2559 κᾶν
308 2533 358 2559 οὐκ
373 2532 566 2568 ὴὸουλήθησαν
586 2535 609 2560 οἰ
634 2533 809 2569 κρατοῦντες,
826 2542 886 2568 φει-

89 2578 130 2605 δοῖ
148 2577 197 2604 τοῦ
219 2577 258 2613 μὴ
290 2578 405 2610 πολλοὺς
428 2579 570 2613 ἐξορίζειν
584 2580 630 2606 καὶ
648 2579 816 2614 καθείργειν·
837 2578 886 2605 καὶ

89 2623 127 2655 ὡς
143 2623 178 2650 ἂν
189 2623 303 2656 δόξωσιν
317 2623 444 2651 ἐντεῦθεν
456 2624 561 2651 πείθειν
578 2625 623 2651 τὸν
635 2624 748 2659 κόσμον,
761 2626 800 2657 εἰς
811 2626 885 2660 ἡμᾶς

91 2669 191 2702 μόνους
204 2669 399 2704 περιίστασθαι
414 2671 464 2704 τὴν
480 2670 548 2705 πρὸς
562 2671 661 2701 αὐτοὺς
677 2671 819 2706 διαφορὰν,
839 2672 884 2698 καὶ

90 2713 129 2750 μὴ
145 2712 217 2740 εἶναι
234 2715 331 2746 ἄλλους
345 2715 409 2747 τοὺς
425 2716 619 2750 ἐνισταμένους
633 2725 639 2731 ”
656 2717 680 2743 οἳ
695 2717 818 2744 τοσοῦτοι
846 2718 884 2753 τῷ

89 2760 188 2796 πλήθει
202 2761 232 2787 ἐν
244 2762 277 2796 τῇ
296 2761 341 2788 ὑπ’
354 2761 439 2796 αὐτῆς
463 2761 581 2798 ἐξουσίᾳ·
601 2763 652 2790 κᾶν
671 2763 745 2798 φόϐῳ
765 2764 820 2790 εἴτε
837 2765 883 2791 καὶ

124 2817 148 2834 ⁸’
165 2817 253 2845 Galat.
269 2826 288 2851 ι,
307 2819 333 2852 8,
355 2819 381 2847 9.

938 2312 1064 2346 quamvis
1078 2313 1221 2348 indignum
1245 2323 1261 2342 a
1278 2319 1325 2343 tua
1339 2317 1484 2344 sanctitate
1507 2317 1594 2354 diligi,
1609 2318 1674 2345 etin
1686 2326 1733 2345 or-

939 2357 1059 2385 thodoxa
1075 2357 1184 2393 Deoque
1200 2367 1312 2395 accepta
1332 2362 1552 2398 propugnatione
1563 2363 1731 2391 immobilem

938 2402 1025 2437 ipsam
1039 2411 1202 2442 permanere
1216 2415 1222 2433 :
1235 2413 1268 2433 ex
1279 2407 1313 2442 iis
1326 2407 1428 2442 quibus
1444 2416 1472 2435 se
1485 2413 1513 2436 et
1527 2413 1620 2442 antea,
1633 2414 1661 2437 et
1670 2414 1732 2444 post

938 2448 1033 2480 etiam,
1050 2449 1106 2476 Deo
1132 2455 1214 2484 atque
1235 2450 1393 2480 hominibus
1420 2453 1629 2488 comprobavit:
1649 2455 1686 2482 ita
1702 2458 1732 2481 ut

940 2500 1002 2520 cum
1024 2494 1175 2523 humilibus
1201 2497 1282 2524 nobis
1312 2498 1535 2532 persecutionem
1565 2500 1646 2527 etiam
1679 2509 1730 2535 pro

940 2539 1041 2574 pietate
1055 2540 1137 2576 eligat
1152 2550 1158 2568 :
1180 2541 1242 2569 licet
1257 2542 1396 2571 noluerint
1410 2544 1457 2579 qui
1472 2552 1563 2572 rerum
1575 2546 1730 2580 potiuntur,

939 2591 974 2610 ne
991 2589 1044 2611 tam
1058 2586 1158 2613 mullos
1178 2586 1206 2613 in
1222 2587 1349 2615 exsilium
1363 2590 1553 2621 amandarent,
1573 2591 1614 2618 vel
1635 2591 1661 2618 in
1683 2600 1728 2619 cu-

939 2630 1056 2658 stodiam
1074 2632 1233 2666 traderent;
1248 2639 1331 2668 atque
1361 2639 1390 2661 ut
1412 2635 1464 2662 hac
1491 2636 1598 2664 ratione
1628 2639 1732 2666 mundo

940 2676 1147 2710 persuaderent,
1162 2686 1212 2706 nos
1225 2680 1299 2706 solos
1313 2680 1348 2706 ab
1363 2680 1429 2714 ipsis
1441 2681 1585 2713 dissidere,
1598 2690 1648 2710 nec
1661 2683 1730 2709 alios

940 2729 1000 2749 csse
1015 2723 1061 2756 qui
1083 2724 1210 2752 resistant
1226 2734 1232 2751 :
1247 2733 1308 2752 cum
1324 2730 1415 2754 tamen
1432 2727 1501 2755 adeo
1514 2728 1590 2755 multi
1610 2729 1665 2755 sint
1677 2729 1730 2757 sub

938 2775 1033 2795 eorum
1049 2769 1185 2804 imperio;
1203 2771 1327 2806 quamtis
1348 2777 1395 2800 aut
1419 2778 1492 2801 metu
1510 2778 1556 2801 aut
1573 2774 1730 2801 dissimula-
