1926 3078
186 115 255 149 1047

182 177 258 204 tione
273 183 303 203 se
314 175 388 210 ipsos
404 177 517 210 tegant;
533 177 564 200 ut
576 171 700 200 divinum
714 171 802 199 David
811 170 976 197 clamantem
991 171 1014 199 Α

182 221 314 249 exaudire
327 221 428 249 liceat:
453 219 635 247 Dinumerabo
655 226 697 246 eos
720 222 745 245 et
765 225 845 252 super
866 224 978 244 arenam

182 266 430 301 multiplicabuntur
445 265 478 292 ".

218 310 277 338 Non
299 311 373 338 enim
390 311 450 338 leve
472 315 515 338 est
540 317 592 338 nec
615 309 765 340 occultum,
794 306 869 342 quod
894 305 980 342 impie

185 356 295 392 agitur;
311 356 359 384 sed
375 361 402 383 et
419 364 501 392 grave
514 364 627 391 prorsus
641 360 669 383 et
681 362 764 383 sensu
781 353 901 387 przedilis
920 359 979 379 ma-

185 402 328 429 nifestum.
353 402 573 430 lncarnationem
607 401 722 434 Christi,
751 407 768 427 ο
792 399 977 431 sanctissime,

185 452 320 482 quantum
341 448 368 474 in
385 447 453 483 ipsis
469 453 522 481 est,
554 452 723 480 everterunt,
751 453 813 474 cum
839 444 980 480 Evangelii

185 493 440 528 praevaricationem
470 494 497 521 in
523 494 641 522 adulteri
668 493 764 528 copula
780 499 810 520 et
832 490 979 523 adulterio,

185 538 333 566 salutarem
349 539 479 568 Ecclesiae
495 539 727 574 dispensationem
743 546 804 565 esse
819 540 979 569 sanxerunt,

186 585 332 612 anathema
347 584 374 611 in
389 592 437 612 eos
451 585 643 614 decernentes.
655 584 703 619 qui
721 583 783 611 talia
799 590 855 609 non
881 581 981 617 proba-

187 629 258 656 rent.
273 628 453 665 Evangelium
483 637 532 665 per
551 629 634 656 unius
664 628 788 656 mandati
816 627 981 655 solutionem

188 675 340 707 solverunt,
368 675 534 703 solutionem
560 675 630 702 hanc
665 674 713 701 Dei
744 673 982 708 dispensationem

188 721 369 755 appellantes.
387 720 456 748 Nam
479 722 513 754 si,
541 726 571 748 ut
588 720 723 756 scriptum
749 724 810 747 est:
829 718 983 753 Quicunque

189 771 270 793 lotam
284 766 365 801 legem
379 767 655 802 servaverit,oﬂ‘endat
668 771 758 793 autem
772 767 801 792 in
814 773 879 798 una,
896 765 984 800 [actus

188 816 226 839 est
245 813 363 839 omnium
378 821 437 840 reus
452 813 493 846 ‘°;
521 813 565 841 isti
592 821 660 840 vero
674 813 793 848 lapsum,
810 811 866 839 imo
878 811 981 846 lapsus,

191 863 246 885 tum
261 858 386 891 adulleri,
406 863 463 886 tum
476 845 536 893 ejus
549 859 595 893 qui
616 845 757 886 adulteros
783 845 938 892 conjunxit,
957 859 985 882 et
1000 845 1021 872 Β

190 904 312 931 omnium
324 904 372 939 qui
396 904 521 932 adultero
536 904 721 936 adhaserunt,
744 907 906 938 partemque
921 909 984 929 cum

189 950 313 977 adultero
329 955 497 985 posuerunt;
525 950 699 986 nequeenim
716 957 731 976 a
748 956 778 976 se
801 949 919 976 invicem
939 955 985 975 se-

188 996 265 1031 jungi
279 1000 395 1031 possunt
407 996 453 1031 qui
482 996 618 1028 iecerunt,
648 1000 676 1023 et
693 995 741 1030 qui
764 995 848 1023 simul
876 993 985 1029 abrepti

191 1047 275 1075 sunt;
297 1043 507 1077 haudquaquam
527 1050 590 1070 reos
606 1049 667 1070 esse
686 1042 793 1073 dicunt,
809 1041 856 1068 sed
873 1040 986 1075 dispen-

191 1093 295 1116 satores
311 1088 377 1122 Dei;
405 1089 538 1116 mentitus
556 1092 598 1116 est
613 1088 659 1123 qui
689 1095 751 1115 reos
777 1094 838 1115 esse
867 1092 988 1121 pronun-

193 1134 292 1167 tiavit;
319 1134 401 1162 alicui
422 1139 515 1161 autent
539 1139 604 1162 sunt
633 1142 648 1161 a
677 1133 725 1161 Dei
751 1131 988 1168 dispensatoribus

192 1180 279 1207 sancti
306 1188 415 1215 quoque
441 1180 516 1215 ipsi:
543 1180 678 1214 siquidem
709 1179 801 1206 nullus
827 1181 987 1205 sanctorum

195 1225 240 1252 Dei
257 1225 346 1260 legem
372 1230 559 1260 transgressus
571 1231 622 1258 est,
639 1233 700 1257 nec,
716 1224 739 1252 si
761 1223 988 1259 transgrediatur,

193 1274 304 1297 sanctus
324 1270 377 1297 dici
412 1274 513 1305 potest.
546 1270 593 1298 Isti
617 1278 683 1298 vero
712 1270 740 1296 in
770 1267 991 1304 transgressione

193 1317 291 1352 dogma
317 1316 485 1350 inviolabile,
505 1322 636 1352 tanquam
659 1316 706 1344 Dei
722 1315 991 1351 legem,constitue-

194 1367 271 1393 runt,
285 1367 313 1389 et
332 1370 430 1390 omnes
441 1364 488 1398 qui
506 1363 573 1398 ipsis
587 1371 619 1391 ea
641 1363 668 1390 in
685 1371 714 1390 re
732 1371 786 1390 non
803 1362 990 1391 consentiunt.

194 1406 478 1434 anathematizarunt.
506 1406 565 1434 Non
601 1407 780 1434 consentiunt
811 1406 992 1442 proculdubio

195 1453 295 1486 sancti,
307 1453 353 1488 qui
369 1454 395 1480 in
421 1453 491 1481 coelo
503 1454 604 1489 quique
626 1454 654 1481 iu
675 1460 746 1481 terra
759 1458 833 1486 sunt,
848 1453 992 1480 adulterio.

787 113 817 142 S.
834 110 1033 142 THEODORI
1048 107 1222 140 STUDITAs

1028 167 1170 202 οἰκονομίᾳ
1186 165 1400 202 ὐποκρύπτωσιν
1417 164 1541 196 ἑαυτούς’
1557 163 1595 195 ὡς
1621 162 1695 190 ἔστιν
1711 161 1826 190 ἀκούειν

1028 214 1075 241 τοῦ
1090 213 1162 240 θείου
1170 213 1252 239 Δαὸὶδ
1268 212 1426 249 κράζοντας·
1434 209 1690 244 Ἐξαριθμήσομαι
1697 208 1826 242 αὐτοὺς,

1029 261 1077 288 καί
1094 259 1170 294 ὑπὲρ
1186 259 1287 294 ἅμμον
1304 256 1587 292 πληθυνθήσονται.

1065 305 1131 332 Ούόὲ
1145 304 1200 340 γὰρ
1216 304 1313 340 μικρόν
1328 312 1354 330 τι
1368 303 1415 330 καὶ
1431 302 1563 329 λανθάνον
1580 300 1610 328 τὸ
1627 299 1826 335 ἀσεϐούμενον·

1029 348 1099 375 ἁλλέι
1115 347 1162 375 κα.)⁸
1179 347 1282 384 σφόδρα
1297 347 1370 382 μέγα
1393 355 1424 373 τε
1451 346 1500 373 καὶ
1528 345 1667 381 προφανὲς
1688 345 1747 376 τοῖς
1762 343 1829 371 νοῦν

1029 394 1132 429 ἔχουσι.
1161 393 1216 429 Τὴν
1244 393 1402 428 οἰκονομίαν
1420 391 1551 428 Χριστοῦ.
1577 389 1600 419 ὧ
1620 390 1768 426 ἁγιώτατε,
1793 389 1830 416 τὸ

1030 439 1092 466 καθ’
1108 439 1223 470 ἑαυτοὺς
1237 438 1402 474 ἀνέτρεψαν,
1418 437 1469 473 τὴν
1487 436 1644 472 παράϐασιν
1672 435 1720 462 τοῦ
1738 435 1831 469 Εὐαγ-

1030 485 1121 520 γελίου
1149 485 1178 511 ὲν
1200 485 1233 520 τῆ
1260 483 1436 519 μοιχοζευξίᾳ
1461 483 1509 510 καὶ
1536 482 1645 518 μοιχείᾳ
1669 481 1832 517 οἰκονομίαν

1033 532 1169 566 σωτήριον
1193 532 1227 566 τῇ
1249 529 1399 566 Ἐκκλησία
1415 529 1640 564 δογματίσαντες,
1666 528 1712 555 ὑπ’
1729 527 1830 554 ἀναθέ-

1034 584 1099 611 ματι
1115 575 1169 602 τῶν
1185 575 1223 611 μὴ
1238 574 1311 602 οὓτω
1335 574 1570 610 προσδεχομένων.
1600 574 1636 600 Τὸ
1659 573 1832 607 Εὑαγγέλιον

1032 623 1076 649 διὰ
1102 622 1206 654 λύσεως
1232 622 1281 657 τῆς
1301 622 1367 656 μιᾶς
1383 621 1494 656 ἐντολῆς
1511 620 1649 652 διέλυσαν,
1674 620 1724 655 τὴν
1750 619 1833 645 λύςιν

1033 669 1189 704 οἰκονομίαν
1214 667 1282 694 Θεοῦ
1308 667 1529 702 ἀποφηνάμενοι.
1550 666 1582 692 Εἰ
1606 666 1661 701 γὰρ
1675 665 1714 697 ὡς
1727 665 1834 700 γέγραο

1034 722 1111 740 πται·
1128 713 1235 746 ’Ὅστις
1249 711 1325 739 ὅλον
1338 712 1393 738 τὸν
1414 711 1511 746 νόμον
1527 709 1692 744 πληρώσει,
1707 709 1835 736 πταίσει

1035 760 1069 787 δὲ
1087 760 1122 786 ἐν
1138 759 1194 791 ἐνὶ,
1215 758 1320 793 γέγονε
1339 757 1461 784 πάντων
1484 757 1603 790 ἔνοχος.
1633 752 1714 782 Οὗτοι
1739 755 1769 781 δὲ
1799 755 1835 781 τὸ

1037 807 1171 842 πταῖσμα,
1195 805 1295 841 μᾶλλον
1310 804 1338 831 δὲ
1356 803 1391 830 τὰ
1416 803 1588 838 πταίσματα,
1604 802 1651 829 τοῦ
1673 811 1704 829 τε
1734 801 1836 837 μοιχοῦ

1036 853 1084 880 καὶ
1103 852 1149 878 τοῦ
1165 850 1370 886 μοιχοζεύκτου,
1391 848 1634 885 μοιχοσυνδρόμων
1647 857 1677 875 τε
1698 848 1747 874 καὶ
1763 847 1836 874 ὅλων

1036 900 1090 928 τῶν
1108 899 1178 934 μετὰ
1197 898 1292 933 μοιχοῦ
1315 897 1365 933 τὴν
1393 895 1490 931 μερίδα
1506 895 1628 929 θεμένων
1639 902 1645 908 ·
1663 893 1694 920 οὺ
1709 892 1765 928 γὰρ
1775 890 1836 919 οἷόν

1037 953 1067 972 τι
1079 944 1110 977 ἐξ
1125 943 1249 979 ἀλλήλων
1263 939 1434 977 χωρισθῆναι
1449 939 1514 971 τοὺς
1529 938 1699 975 πράξαντας,
1709 938 1758 964 καὶ
1771 938 1836 968 τοὺς

1039 990 1274 1026 συναπαχθέντας·
1294 988 1345 1015 οὐκ
1369 987 1480 1022 ἐνόχους
1492 986 1584 1020 φασὶν,
1600 984 1658 1012 ἀλλ’
1672 984 1836 1019 οἰκονόμους

1038 1035 1106 1064 Θεοῦ
1122 1044 1128 1050 ·
1162 1034 1293 1069 ἔψευσται
1321 1034 1335 1059 ὁ
1360 1031 1574 1067 ἀποφηνάμενος
1604 1029 1715 1064 ἐνόχους
1740 1026 1833 1054 εἶναι·

1038 1081 1243 1117 ἀλλοτριοῦνται
1261 1080 1294 1106 δί
1305 1079 1352 1106 καὶ
1367 1079 1392 1105 oi
1409 1079 1481 1113 ἅγιοι
1505 1077 1560 1103 τῶν
1576 1075 1728 1111 οίκονόμων
1753 1073 1835 1100 Θεοῦ·

1039 1128 1080 1155 ὅτι
1094 1127 1182 1158 οὐδεὶς
1209 1127 1287 1161 ἆγιος
1309 1125 1356 1152 τὸν
1370 1124 1416 1152 τοῦ
1436 1124 1504 1151 Θεοῦ
1519 1123 1602 1159 νόμον
1625 1121 1837 1157 παραϐέϐηκεν,

1040 1174 1102 1212 οὐδὲ
1121 1173 1249 1208 παραϐὰς
1263 1171 1375 1199 δύναται
1394 1169 1538 1198 καλεῖσθαι
1555 1168 1686 1204 ἅγιος.οἱ
1699 1167 1728 1194 δὲ
1745 1167 1839 1202 δόγμα

1041 1221 1070 1247 ὲν
1087 1221 1120 1256 τῇ
1147 1219 1305 1254 παραϐάσει
1330 1217 1475 1252 ὲκθέμενοι
1494 1215 1673 1251 ἀπαράϐατον
1694 1214 1733 1245 ὡς
1753 1213 1839 1248 νόμον

1041 1266 1121 1298 Θεοῦ,
1138 1266 1187 1293 καὶ
1205 1266 1269 1297 τοὺς
1281 1263 1318 1300 μὴ
1332 1262 1562 1298 συναιρουμένους
1578 1261 1670 1292 αὐτοῖς
1687 1261 1718 1286 ὲν
1745 1259 1840 1294 τούτῳ

1041 1311 1295 1347 ἅναθεματίζοντες.
1323 1309 1362 1336 Οὐ
1386 1306 1592 1343 συνάρονταιδὲ
1615 1305 1737 1340 δηλονότι
1759 1305 1784 1331 cl
1809 1305 1840 1330 ἐν

1042 1358 1150 1395 οὐρανῷ
1165 1358 1214 1385 καὶ
1227 1357 1274 1383 ἐπὶ
1289 1355 1343 1391 γῆς
1356 1355 1430 1389 ἆγιοι
1447 1355 1481 1389 τῇ
1499 1352 1618 1388 μοιχείᾳ.
1644 1350 1766 1388 Φανερὸν
1782 1350 1842 1385 ἄρα

1043 1406 1084 1432 ὅτι
1106 1406 1139 1441 τῇ
1162 1404 1238 1431 λύσει
1263 1402 1314 1438 τῆς
1338 1402 1403 1437 μιᾶς
1419 1400 1529 1435 ἐντολῆς
1547 1398 1595 1425 τοῦ
1609 1397 1791 1432 Εὑαγγελίου,
1807 1397 1841 1423 οὑ

1046 1450 1126 1486 μόνον
1156 1448 1216 1476 ὅλον
1243 1447 1275 1474 τὸ
1298 1445 1466 1481 Εὐαγγέλιον
1494 1443 1660 1479 ἀνέτρεψαν,
1677 1442 1843 1478 ὁρισάμενοι

196 1498 286 1532 Quare
295 1499 469 1535 perspicuum
482 1505 524 1527 cst
534 1508 592 1532 eos,
604 1500 694 1527 soluto
703 1499 842 1534 Evangelii
850 1506 905 1526 uno
915 1506 990 1526 man-

1046 1496 1132 1531 αὐτὴν
1146 1494 1291 1525 συνοδικῶς
1307 1491 1463 1528 οἰκονομίαν
1480 1491 1614 1525 σωτήριον
1624 1491 1658 1524 τῇ
1676 1487 1842 1523 Ἐκκλησία,

1050 1542 1075 1544 ..
1173 1541 1178 1544 .
1252 1541 1257 1544 .
1332 1538 1360 1544 .-
1466 1537 1473 1544 .
1528 1537 1562 1544 η..
1637 1536 1644 1543 .
1691 1536 1697 1544 .
1725 1534 1842 1544 ιᾉι-νμ

196 1545 270 1577 dato,
289 1553 343 1572 non
360 1546 447 1573 solum
471 1545 650 1582 Evangelium
670 1551 756 1573 lotum
780 1545 925 1576 evertisse.
950 1551 995 1571 sa-

197 1592 313 1619 lutarem
341 1592 472 1620 Ecclesiae
491 1593 727 1627 dispensationem
746 1592 818 1619 hanc
832 1598 893 1618 esse
914 1598 995 1626 syno-

197 1638 257 1665 dice
272 1638 437 1671 deﬁniendo,
463 1639 618 1674 legemque,
637 1638 711 1673 quod
736 1638 764 1665 in
785 1637 851 1672 ipsis
871 1637 934 1669 fuit,
951 1637 995 1664 in-

198 1683 351 1710 violabilem
367 1684 529 1714 sanciendo.
545 1684 571 1710 in
589 1683 664 1710 omni
679 1683 807 1710 mandato
817 1681 891 1717 quod
911 1682 997 1709 viole-

169 1771 173 1775 Ι
201 1733 256 1761 Iur,
287 1729 463 1757 violationem
484 1729 572 1764 ipsam
601 1730 836 1765 dispensationem
874 1736 946 1761 esse,
963 1736 997 1755 ac

1047 1542 1139 1573 θέντες
1150 1541 1233 1576 νόμον
1246 1538 1436 1581 ἁπαράΰατον,
1449 1537 1479 1564 τὸ
1490 1536 1682 1569 καθ’ἑαυτοὺς,
1689 1534 1736 1561 ἐπὶ
1747 1534 1844 1568 πάσης

1047 1589 1157 1624 ἐντολῆς
1181 1585 1424 1623 παραϐαινομένης
1447 1583 1606 1619 οίκονομίαν
1634 1581 1760 1617 γίνεσθαι
1789 1580 1844 1615 τὴν

1046 1635 1149 1670 ταύτης
1165 1633 1336 1668 παράϐασιν,
1353 1631 1421 1666 ὁμοῦ
1437 1639 1467 1657 τε
1483 1630 1531 1657 καὶ
1550 1627 1750 1664 ὀνομάζεσθαι·
1771 1626 1845 1653 ἀλλὰ

1047 1681 1102 1715 γὰρ
1132 1679 1180 1706 καὶ
1207 1679 1270 1709 τοὺς
1297 1676 1392 1709 ἁγίους
1418 1676 1455 1710 μὴ
1475 1674 1686 1710 προαῖεμένους,
1714 1673 1756 1699 ὃτι
1773 1671 1844 1706 μηδὲ

1047 1726 1113 1757 Θεὸς
1129 1725 1189 1752 κατ’
1203 1723 1313 1755 αὐτοὺς,
1326 1721 1539 1757 ἀνεθεμάτισαν.

199 1777 353 1811 nuncupari
370 1785 377 1804 :
396 1784 490 1804 verum
510 1777 594 1804 etiam
617 1781 726 1805 sanctos
744 1785 800 1805 non
833 1776 1048 1807 consentientes,
1081 1774 1210 1810 quoniam
1244 1779 1297 1799 nec
1317 1771 1388 1798 Deus
1409 1768 1557 1800 consentit,
1575 1775 1625 1795 suo
1645 1765 1751 1802 judicio
1779 1773 1844 1792 ana-

205 1825 409 1853 thematizasse.

237 1870 277 1897 Ac
289 1870 401 1897 demum
415 1870 481 1905 quid
506 1870 631 1905 pluribus
645 1878 713 1906 opus
730 1875 784 1902 est,
805 1878 867 1898 cum
883 1870 997 1905 epistola

201 1924 299 1952 capere
314 1924 369 1944 non
384 1917 490 1952 possit?
504 1917 636 1945 l'eri'ersa
650 1922 678 1944 et
691 1917 750 1944 dira
758 1917 850 1951 opinio
861 1917 889 1943 in
905 1916 998 1944 Eccle-

201 1963 268 1991 siam
282 1967 401 1991 nostram
419 1963 526 1991 invecta
548 1968 599 1991 est.
622 1963 738 1991 Haeresis
754 1963 806 1990 ista
820 1962 998 1990 Moechianica

203 2017 256 2037 una
271 2017 333 2037 cum
346 2009 485 2045 Evangelii
500 2010 696 2042 destructione,
711 2013 740 2037 et
754 2016 873 2036 canones
890 2008 999 2035 divinos

203 2063 253 2089 per
272 2055 344 2082 illius
364 2055 411 2090 qui
422 2055 462 2083 ab
470 2055 511 2082 eis
536 2055 678 2090 depositus
693 2055 792 2087 fuerat,
807 2054 994 2081 adulterorum

203 2101 369 2136 copulatoris
380 2101 579 2129 absolutionem
598 2101 731 2128 dissolvit.
750 2101 858 2128 Etenim
874 2099 896 2128 si
912 2099 996 2126 Evan-

1083 1868 1139 1896 Καὶ
1155 1866 1250 1898 ἁπλῶς
1262 1866 1289 1893 τί
1305 1864 1393 1892 πολλὰ
1417 1863 1518 1898 λέγειν,
1537 1861 1576 1898 μὴ
1594 1860 1773 1897 ὲγχωρούσης
1792 1860 1845 1895 τῆς

1047 1914 1191 1949 ἐπιστολῆς
1204 1912 1347 1949 δέχεσθαι;
1361 1911 1474 1945 Χαλεπὴ
1495 1908 1642 1941 κακοδοξία
1657 1905 1844 1942 ὲδογματίσοη

1049 1964 1078 1990 ἐν
1103 1963 1137 1997 τῇ
1165 1961 1225 1987 καθ’
1242 1961 1316 1995 ἡμᾶς
1338 1957 1498 1992 Ἐκκλησία.
1514 1955 1589 1990 Αὕτη
1617 1955 1634 1989 ή
1664 1951 1845 1988 Μοιχειανικὴ

1049 2009 1155 2044 αἵρεσις
1173 2007 1231 2042 ἅμα
1246 2007 1281 2041 τῇ
1297 2004 1438 2039 ἀνατροπῇ
1458 2001 1506 2028 τοῦ
1525 1999 1702 2034 Εὑαγγελίου,
1717 1999 1765 2024 καὶ
1780 1998 1846 2028 τοὺς

1048 2043 1138 2083 θείους
1166 2051 1283 2082 κανόνας
1306 2050 1351 2077 διὰ
1374 2049 1425 2082 τῆς
1441 2047 1594 2077 ἁθωώσεως
1609 2044 1655 2071 τοῦ
1670 2044 1736 2078 παρ’
1753 2043 1846 2070 αὐτῶν

1048 2099 1242 2136 καθῃρημένου
1271 2096 1464 2133 μοιχοζεὺκτου
1494 2093 1655 2120 διαλύσασα.
1674 2091 1705 2118 Εἰ
1733 2091 1788 2125 γὰρ
1814 2089 1846 2136 τὸ

202 2147 302 2182 gelium
315 2147 502 2183 neglexerunt,
522 2147 639 2175 otiosum
666 2147 718 2173 illis
733 2147 830 2173 fuisset
851 2146 885 2173 de
913 2145 990 2172 sacris

1050 2135 1217 2180 Εὐαγγέλιον
1232 2144 1379 2179 ἠθέτησαν,
1399 2141 1481 2176 σχολὴ
1507 2139 1598 2170 αὐτοῖς
1615 2138 1678 2173 περὶ
1692 2136 1749 2163 τῶν
1763 2135 1846 2170 ίερῶν

203 2193 355 2220 canonibus
372 2200 433 2219 esse
464 2193 607 2220 sollicitos.
636 2191 701 2219 Haec
718 2192 800 2226 igitur
822 2198 884 2218 cnm
898 2190 998 2217 saluta-

205 2238 278 2265 tione
291 2238 446 2273 paternitati
471 2243 525 2265 tua:
538 2245 684 2273 suggerere
704 2237 887 2264 necessarium
903 2234 998 2263 existi-

203 2285 286 2317 mavi,
302 2289 333 2312 ut
347 2285 473 2312 haeresim
488 2291 549 2311 esse
565 2283 732 2319 intelligens,
758 2282 882 2310 han-sim
900 2281 997 2316 fugiat,

203 2333 261 2361 sive
278 2333 432 2366 haereticos,
449 2332 486 2359 ita
497 2337 527 2359 ut
539 2339 591 2359 nec
604 2339 666 2359 cum
680 2331 721 2358 eis
737 2330 933 2362 communicet,
946 2335 999 2355 nec

204 2387 253 2407 eos
268 2380 296 2406 in
311 2379 404 2407 divina
424 2378 531 2414 liturgia
553 2382 749 2405 commemoret
776 2377 805 2404 in
825 2375 997 2411 religiosissi-

204 2433 250 2452 mo
273 2426 440 2453 monasterio
457 2433 507 2452 suo
533 2433 541 2452 :
570 2424 697 2459 quoniam
735 2423 859 2459 ingentes
880 2422 998 2452 ,minaea

205 2471 307 2498 sanctis
334 2470 501 2498 denuntiatae
526 2474 590 2497 sunt
606 2469 640 2496 iis
663 2469 788 2504 quicum
820 2475 852 2495 ea
880 2467 923 2494 vel
937 2467 999 2494 cibo

206 2523 287 2546 tenus
309 2519 482 2554 participant.
512 2518 591 2551 Quod
605 2518 628 2544 si
653 2521 760 2551 quaerat
785 2516 914 2543 sanctitas
940 2519 998 2546 tua,

174 2572 178 2577 ‘
204 2565 269 2600 quid
283 2572 373 2592 causa:
387 2566 432 2597 sit,
445 2572 494 2592 cur
510 2564 570 2591 haec
589 2563 639 2598 ipsi
652 2567 716 2590 ante
742 2561 929 2596 captivitatem
944 2567 999 2586 non

204 2610 364 2643 dixerimus,
380 2611 428 2638 sed
439 2613 466 2638 et
478 2609 690 2646 Byzantinorum
710 2605 998 2634 commemorationem

204 2657 256 2691 ipsi
270 2656 437 2689 fecerimus;
462 2657 517 2684 hoc
532 2656 643 2688 habeto,
669 2653 804 2689 synodum
823 2660 857 2679 eo
876 2656 999 2686 tempore

204 2703 328 2730 nondum
352 2707 474 2730 coactam
491 2702 586 2733 fuisse,
610 2708 661 2728 nec
686 2699 888 2734 promulgatum
909 2697 1000 2724 adhuc

203 2756 321 2784 pravum
334 2749 433 2784 dogma
457 2752 485 2775 et
508 2747 664 2775 anathema.
687 2745 720 2773 Et
735 2749 799 2772 ante
825 2744 884 2771 haec
910 2747 998 2771 tutum

243 2832 265 2848 δ’
282 2831 352 2858 Psal.
373 2838 503 2865 cuxvm,
521 2831 563 2858 18.
604 2829 626 2845 ⁸⁰
639 2828 696 2856 Jac.
715 2834 745 2861 ιι,
763 2826 807 2854 10.

1050 2192 1172 2218 κανόνων
1186 2189 1350 2225 φροντίζειν,
1369 2186 1462 2214 Ταῦτα
1474 2184 1522 2212 οὖν
1540 2185 1588 2211 σὺν
1602 2185 1635 2218 τῇ
1659 2182 1844 2218 προσηγορίᾳ,

1049 2237 1198 2271 ἀναγκαῖον
1217 2235 1332 2269 ἐνόμισα
1354 2232 1510 2267 ὑπομνῆσαι
1522 2230 1572 2266 τὴν
1586 2228 1769 2264 πατρωσύνην
1785 2235 1844 2254 σου·

1049 2284 1124 2315 ὅπως
1149 2282 1235 2309 εἰδυῖα
1261 2282 1301 2308 ὅτι
1318 2279 1435 2315 αἵρεσις,
1449 2277 1538 2312 φεύγῃ
1554 2276 1604 2311 τὴν
1626 2275 1744 2310 αἰρεσιν,
1759 2274 1847 2309 ἦγουν

1048 2329 1112 2360 τοὺς
1138 2326 1305 2363 αἱρετικοὺς·
1321 2325 1369 2352 τοῦ
1387 2325 1454 2359 μήτε
1478 2322 1618 2349 κοινωνεῖν
1636 2321 1740 2351 αὐτοῖς,
1773 2319 1847 2354 μήτε

1050 2374 1196 2409 ἀναφέρειν
1219 2374 1249 2400 ἐν
1276 2373 1309 2407 τῇ
1339 2369 1513 2404 εὐαγεστάτῃ
1528 2367 1614 2402 αὐτῆς
1639 2366 1707 2401 μονῇ
1731 2365 1779 2391 ἐπὶ
1795 2365 1847 2399 τῆς

1049 2421 1125 2452 θείας
1149 2418 1321 2454 λειτουργίας
1337 2424 1344 2432 ⁸
1371 2417 1412 2443 ὅτι
1441 2415 1570 2450 μέγισται
1597 2412 1708 2439 ἀπειλαὶ
1737 2412 1847 2437 κεῖνται

1051 2466 1128 2501 παρὰ
1144 2466 1198 2492 τῶν
1215 2464 1302 2498 ἁγίων
1317 2461 1519 2498 ὲκφωνηθεῖσαι
1532 2460 1589 2490 τοῖς
1611 2457 1849 2492 συγκαταϐαίνω-

1052 2521 1094 2539 σιν
1108 2512 1176 2546 αὐτῇ
1194 2510 1276 2546 μέχρι
1291 2510 1338 2536 καὶ
1353 2508 1514 2538 ἑστιάσεως.
1529 2505 1561 2532 Εί
1575 2505 1603 2532 δὲ
1621 2504 1690 2539 λέγῃ
1706 2504 1723 2538 ή
1736 2503 1849 2536 ὁσιότης

1052 2566 1110 2590 σου,
1123 2556 1181 2588 πῶς
1198 2556 1266 2591 αὐτῇ
1280 2555 1334 2590 πρὸ
1344 2554 1394 2589 τῆς
1407 2551 1554 2587 λεηλασίας
1564 2550 1644 2577 τοῦτο
1655 2550 1706 2576 οὐκ
1718 2549 1848 2582 εἴπομεν,

1053 2603 1110 2630 ἀλλ’
1125 2603 1166 2629 ὅτι
1181 2602 1227 2628 καὶ
1244 2601 1324 2636 ἡμεῖς
1341 2597 1565 2634 ὲμνημονεύομεν
1579 2596 1632 2622 τῶν
1647 2596 1677 2621 ὲν
1691 2596 1724 2629 τῇ
1744 2594 1851 2626 Βυζανο

1052 2649 1116 2676 τίδιι
1133 2649 1220 2674 ἐκεῖνο
1243 2645 1411 2681 γινωσκέτω·
1435 2644 1476 2670 ὅτι
1501 2642 1578 2669 οὔπω
1601 2640 1708 2671 σύνοδος
1726 2638 1772 2674 ἦν,
1787 2639 1852 2666 οὐδὲ

1053 2693 1211 2729 ὲκφωνητδν
1225 2693 1331 2728 ὑπῆρχε
1351 2691 1382 2717 τὸ
1399 2689 1518 2725 πονηρὸν
1532 2688 1620 2722 δόγμα
1645 2687 1693 2713 καὶ
1709 2685 1849 2721 ἀνάθεμα.

1054 2739 1110 2767 Καὶ
1143 2739 1196 2774 πρὸ
1224 2737 1326 2765 τούτων
1351 2736 1401 2763 οὐκ
1419 2733 1452 2770 ἦν
1478 2733 1597 2769 ἀσφαλὲς
1611 2731 1767 2766 ἀποστῆναι
1793 2730 1852 2758 τῶν
