1926 3078
72 102 139 135 1049

673 99 944 130 EPISTOLARUM
971 101 1045 131 LIB.
1063 100 1087 130 Ι,

71 157 300 194 παρανομούντων
325 156 447 189 τελείως,
467 157 484 192 ἢ
508 157 538 185 τὸ
562 156 674 192 φεύγειν
704 159 785 194 μόνον
810 161 860 192 τὴν

920 166 966 186 ron
977 163 1037 186 erat
1045 158 1186 186 discedere
1201 158 1312 194 penitus
1324 165 1339 185 a
1350 158 1603 193 praevaricantibns,
1612 160 1655 187 vel
1669 169 1711 188 so-

72 205 197 240 προφανῆ
227 203 370 231 κοινωνίαν
389 202 490 237 αὐτῶν,
503 203 646 238 οἰκονομίᾳ
666 203 696 230 δὲ
717 204 862 240 πρεπούσῃ

71 251 217 286 ἀναφέρειν
228 249 281 281 ἕως
293 248 402 284 καιροῦ.

114 296 190 323 Ἐπεὶ
203 295 232 322 δὲ
252 295 363 330 ἐξῆλθεν
375 295 415 326 είς
429 294 568 330 προῦπτον
582 295 598 331 ἠ
610 295 737 332 αἱρετικὴ
751 295 863 323 ἀσέϐεια

71 342 115 369 διὰ
137 342 247 368 συνόδου
266 341 306 373 είς
323 340 489 375 τούμφανὲς,
514 340 555 366 δεῖ
573 340 636 376 ἄρτι
661 341 709 368 καὶ
732 341 782 377 τὴν
814 341 863 376 σὴν

71 388 215 415 εὐλάῆειαν
248 387 297 414 σὺν
328 388 412 414 πᾶσιν
441 386 594 420 ὀρθοδόξοις
624 388 863 423 παρρησιάζεσθαι

71 434 116 461 διὰ
127 434 175 461 τοῦ
191 434 229 469 μὴ
241 434 381 460 κοινωνεῖν
392 434 449 464 τοῖς
460 433 630 466 κακοδόξοις,
639 433 706 469 μηδὲ
716 434 865 469 ἀναφέρειν

70 481 130 507 τινὰ
157 479 212 507 τῶν
234 480 262 506 ἐν
283 481 315 514 τῇ
352 479 535 514 μοιχοσυνόδῳ
563 479 769 516 εὑρεθέντων,ἢ
799 481 864 515 ὀμο-

71 525 243 561 φρονούντων
259 526 339 560 αὐτῇ.
356 525 444 559 Καίγε
459 524 575 557 δίκαιον,
590 525 647 552 ὃσιε
669 526 772 562 Πάτερ,
794 526 865 552 κατὰ

72 573 160 599 πάντα
188 580 217 598 σε
235 571 301 598 ὄντα
315 570 484 605 φερωνὺμως
509 570 649 604 Θεόφιλον,
667 570 755 605 φιλεῖν
774 572 820 598 καὶ
837 572 866 598 ἐν

71 617 158 652 τούτῳ
171 617 218 643 τὸν
230 616 446 652 Θεόν.⁹Εχθροὺς
459 616 512 651 γὰρ
529 616 596 642 Θεοῦ
616 617 630 643 ό
659 617 864 652 Χρυσόστομος,

71 663 102 690 οὐ
115 663 195 698 μόνον
209 662 272 693 τοὺς
287 661 455 697 αίρετικοὺς,
475 661 545 688 ἀλλὰ
561 661 610 688 καὶ
631 662 694 693 τοὺς
706 663 762 694 τοῖς
779 663 866 690 τοιού-

71 717 126 739 τοις
141 707 354 740 κοινωνοῦντας,
369 707 489 742 ’μεγάλῃ
504 707 551 734 καὶ
570 707 653 743 πολλῇ
668 709 701 743 τῇ
716 710 791 744 φωνῇ
815 710 867 736 ἁπ-

72 755 203 789 εφὴνατο.
223 754 278 781 Καὶ
292 753 340 780 ἐὰν
355 754 372 789 ἡ
383 741 424 788 γσὴ
438 741 589 790 «sepem;
602 741 652 780 οὐαί
671 741 866 790 ἀσφαλίξίηται,

71 802 112 832 τίς
131 800 224 827 λοιπὸν
245 799 415 836 σωθήσεται;
441 801 488 827 καὶ
512 800 560 826 ἐὰν
574 800 588 826 ὁ
604 801 867 835 παρρησιασάμενος

70 846 185 882 δυνάμει
210 845 289 879 Θεοῦ,
316 845 355 878 ὡς
381 846 470 880 ᾶγιος,
499 846 570 881 πλὴν
594 846 701 878 τελείας
719 846 864 882 αίρὲσεως,

71 892 134 928 ἄρτι
155 892 225 926 μετὰ
250 892 300 927 τὴν
323 892 432 927 αἵρεσιν
448 892 643 924 ὑποστείληται
659 900 666 906 ·
694 891 751 924 uti);
771 892 865 928 ἕτερος

71 938 203 973 τολμήσει
217 937 335 972 γρύξαι;
351 937 398 964 καὶ
415 937 463 964 ἐὰν
476 937 506 964 τὸ
527 936 672 972 μοναδικδν
696 937 791 972 τάγμα
815 937 866 973 οὐχ

71 984 212 1018 ἡγήσηται
235 984 325 1010 πάντα
353 983 495 1010 σκύϐαλα·
515 983 684 1018 μοναστήρια
710 983 792 1017 λέγω,
818 984 866 1011 καὶ

72 1029 162 1055 πάντα
187 1027 222 1054 τὰ
246 1028 311 1063 περὶ
335 1028 406 1055 αὐτά
422 1036 429 1043 ·
457 1028 516 1059 πῶς
543 1027 638 1059 λαῖκὺς
662 1029 866 1064 καταφρονήσει

72 1075 213 1108 γυναικὸς,
229 1075 344 1107 τέκνων,
362 1075 408 1101 καὶ
421 1074 475 1102 τῶν
487 1074 577 1102 ἄλλων
591 1082 599 1107 ;

107 1166 154 1192 Διὸ
175 1166 398 1201 ὑπομιμνῄσκω,
415 1166 452 1198 ὼς
467 1166 609 1202 ἐλάχιστος
622 1167 735 1202 ἀδελφὸς
755 1168 801 1194 καὶ
819 1169 866 1195 τέ-

73 1221 148 1245 κνον,
166 1212 205 1248 μὴ
220 1213 389 1247 σιγὴσωμεν,
403 1211 447 1239 ῖνα
464 1212 502 1248 μὴ
517 1213 626 1249 κραυγὴ
641 1214 766 1249 Σοδόμων
779 1215 866 1248 γενώ-

73 1258 145 1293 μεθα
156 1267 163 1274 ·
184 1258 222 1293 μὴ
234 1257 394 1293 φεισώμεθα
407 1258 462 1284 τῶν
479 1258 564 1291 κιίίτω¹
578 1259 621 1286 ἵνα
635 1259 673 1294 μὴ
687 1259 866 1295 ἀπολέσωμεν

72 1305 108 1332 τὰ
134 1304 207 1331 ἄνω·
235 1304 275 1339 μὴ
295 1304 388 1339 θῶμεν
414 1303 562 1331 σκάνδαλον
582 1305 615 1340 τῇ
644 1305 794 1341 Ἐκκλησία
819 1305 866 1332 τοῦ

73 1349 154 1383 Θεοῦ,
167 1351 228 1385 ἥτις
245 1349 304 1376 ἐστὶ
325 1349 373 1376 καὶ
392 1350 421 1376 ὲν
443 1351 534 1385 τρισὶν
553 1350 705 1386 ὁρθοδόξοις
718 1351 866 1387 ὁριζομένη

74 1395 147 1421 κατὰ
168 1394 231 1427 τοὺς
251 1394 363 1429 ἁγίους·
379 1395 424 1422 ἵνα
439 1396 477 1431 μὴ
490 1397 523 1430 τῇ
540 1396 678 1430 ἀποφάσει
698 1396 746 1423 τοῦ
763 1397 866 1432 Κυρίου

75 1440 333 1478 καταδικασθῶμεν.
349 1441 406 1468 Καὶ
427 1441 458 1468 οὺ
482 1441 516 1468 δι’
539 1441 635 1469 ἑαυτὸν
658 1442 747 1470 ταῦτά
769 1444 867 1479 φημιό

912 204 1051 232 Iummodo
1059 209 1182 240 apertam
1191 204 1298 232 illorum
1309 205 1528 232 communionem
1538 205 1671 241 refugere.
1683 211 1711 234 et

913 250 1074 286 congruenti
1089 250 1292 285 dispensatione
1309 251 1342 277 ad
1358 255 1465 285 tempus
1483 259 1710 278 commemorare.

950 297 985 323 At
1013 300 1157 331 postquam
1187 296 1311 331 impietas
1343 296 1468 324 haeretica
1497 305 1545 332 per
1572 297 1711 332 Synodum

914 343 942 371 in
968 348 1093 379 apertum
1116 351 1191 371 nunc
1214 344 1322 379 erupit,
1347 344 1505 379 religionem
1531 347 1605 371 tuam
1630 352 1712 379 op0r-

914 394 963 422 tct,
983 397 1037 417 una
1058 398 1121 417 cum
1133 389 1239 417 caeteris
1263 390 1434 422 orthodoxis,
1449 389 1535 416 libere
1550 397 1643 425 agere,
1656 386 1708 417 nec

917 436 1148 463 communicando
1163 443 1225 463 cum
1251 435 1397 466 haereticis.
1426 443 1478 463 nec
1503 435 1585 462 ullius
1609 443 1710 462 nomen

915 481 1155 509 commemorando
1172 489 1205 508 ex
1232 481 1276 513 iis,
1292 481 1337 516 qui
1366 481 1580 516 moechosynodo
1609 481 1708 508 adlue-

916 532 990 560 runt,
1004 532 1052 555 aut
1064 527 1110 562 qui
1126 528 1197 554 idem
1210 534 1273 554 cum
1286 535 1317 554 ea
1328 527 1461 554 sentiunt.
1478 526 1511 554 Et
1523 535 1632 562 aequum
1644 535 1711 555 sane

916 577 968 607 est,
986 573 1067 601 Pater
1086 578 1191 606 sancte,
1206 579 1237 600 ut
1258 574 1304 608 qui
1332 573 1358 600 in
1376 573 1515 605 omnibus,
1532 581 1581 607 pro
1605 574 1712 601 ratione

916 619 1037 646 nominis
1060 619 1111 652 tui,
1141 618 1311 654 Theophilus
1325 627 1365 650 es,
1390 619 1441 646 hac
1466 619 1550 646 etiam
1578 619 1606 646 in
1634 624 1711 654 parte

917 665 1003 692 Deum
1017 673 1100 692 ames.
1117 664 1244 692 Inimicos
1259 666 1332 692 enim
1346 664 1394 692 Dei
1416 665 1639 701 Clirysostomus,
1654 673 1709 693 non

919 711 1064 739 haereticos
1092 711 1193 744 solum,
1214 711 1263 739 sed
1288 719 1385 739 omnes
1409 713 1491 738 etiam
1512 711 1558 746 qui
1575 719 1637 739 cum
1657 712 1711 739 illis

918 757 1133 789 cammunicant,
1152 765 1249 792 magna
1273 762 1302 785 et
1320 757 1393 785 clara
1417 765 1484 785 voce
1509 757 1710 792 pronuntiavit.

919 802 998 835 Quod
1017 802 1070 829 nisi
1081 801 1235 829 constantia
1249 805 1295 829 tua
1313 802 1418 829 stabilis
1430 806 1602 836 permaneat,
1617 801 1711 836 ecquis

919 849 1030 876 demum
1056 848 1224 875 salvabitur?
1247 852 1285 881 et,
1309 847 1331 875 si
1347 848 1370 875 is
1398 847 1444 883 qui
1473 847 1519 874 Dei
1549 847 1661 880 virtute,
1682 852 1711 875 ut

916 899 1038 926 sanctus,
1057 893 1181 921 ﬁduciam
1199 901 1256 928 pra:
1272 900 1302 920 se
1317 893 1380 920 tulit
1404 897 1468 920 ante
1490 892 1600 928 plenam
1622 893 1710 920 luere-

917 937 978 969 sim,
994 945 1069 964 nunc
1082 941 1146 972 post
1168 937 1295 964 haeresim
1317 937 1452 972 ignaviter
1474 945 1504 964 se
1526 942 1623 972 gerat;
1643 945 1712 972 quo-

916 983 997 1010 modo
1014 983 1083 1010 alius
1099 983 1206 1010 hiscere
1221 983 1354 1010 audebit?
1368 987 1394 1010 el
1413 982 1467 1010 nisi
1493 983 1561 1010 ordo
1577 983 1712 1010 monasti-

916 1037 965 1057 cus
978 1029 1069 1056 omnia
1081 1029 1231 1056 arbitretur
1248 1033 1279 1056 ut
1291 1033 1430 1059 stercora;
1447 1029 1616 1056 monasteria
1636 1029 1708 1064 dico,

916 1078 1052 1101 etcuncta
1065 1082 1126 1109 qua:
1139 1073 1165 1101 in
1179 1073 1220 1101 eis
1234 1078 1299 1101 sunt
1311 1082 1318 1106 ;
1333 1074 1470 1108 quomodo
1482 1074 1567 1101 laicus
1584 1081 1710 1108 uxorem,

916 1120 1027 1152 liberos,
1040 1125 1068 1147 et
1079 1124 1177 1147 caetera
1196 1119 1377 1147 contemnet?

951 1165 1134 1199 Quamobrem
1155 1165 1299 1197 admoneo,
1322 1170 1352 1193 ut
1375 1166 1507 1194 minimus
1523 1165 1607 1195 frater
1626 1175 1659 1194 ac
1677 1167 1709 1194 ti-

916 1211 988 1245 lius,
1020 1218 1192 1246 nequaquam
1220 1211 1360 1243 sileamus,
1376 1219 1411 1239 ne
1439 1212 1542 1238 clamor
1569 1212 1710 1239 Sodomo—

917 1266 979 1286 rum
998 1257 1106 1290 simus;
1127 1265 1299 1292 nequaquam
1332 1257 1450 1284 terrenis
1478 1264 1641 1292 parcamus,
1675 1265 1710 1285 ne

918 1301 1038 1329 caelestia
1068 1302 1249 1336 amittamus;
1282 1309 1454 1337 nequaquam
1481 1303 1641 1330 scandalum
1660 1303 1711 1330 dc-

917 1356 979 1375 mus
1009 1347 1139 1376 Ecclesia:
1166 1347 1233 1381 Dei,
1272 1355 1353 1382 quam
1393 1347 1435 1375 vel
1462 1351 1518 1375 tres
1544 1348 1709 1380 orthodmi,

917 1398 1076 1422 sanctorum
1091 1393 1236 1427 sententia,
1253 1393 1443 1426 constituunt,
1466 1401 1501 1421 ne
1526 1393 1632 1421 Domini
1659 1394 1709 1421 de-

919 1444 993 1468 creto
1016 1440 1242 1468 condemnemur.
1259 1439 1354 1474 Neque
1370 1440 1439 1483 [haec
1464 1447 1518 1475 ego
1543 1440 1626 1468 miser
1649 1448 1710 1468 mea

75 1487 177 1518 τάλας·
200 1487 263 1521 ἐμοὶ
278 1487 350 1522 γὰρ,
375 1488 399 1514 εί
420 1487 468 1514 καὶ
490 1487 627 1523 τολμηρὸν
649 1489 746 1522 εἰπεῖν,
764 1489 812 1516 καὶ
839 1489 867 1516 τὺ

920 1492 1001 1512 causa
1013 1484 1075 1512 dico
1089 1493 1096 1511 ι
1110 1485 1177 1512 mihi
1191 1484 1275 1515 enim.
1291 1484 1398 1511 tametsi
1423 1484 1512 1511 audax
1536 1485 1640 1512 dictum
1656 1491 1710 1518 cst.

76 1533 224 1562 ἀποθανεῖν
250 1532 320 1567 ὑπὲρ
334 1533 384 1568 τῆς
404 1532 534 1569 ἀληθείας
555 1533 650 1568 κέρδος
667 1535 713 1561 καὶ
731 1534 803 1570 χαρὰ
823 1535 870 1562 καὶ

77 1580 146 1615 ζωή.
174 1578 242 1613 Εῖγε
268 1578 462 1614 δυναμωθείην
491 1580 552 1611 ταῖς
583 1580 669 1615 ἱεραῖς
705 1582 870 1616 προσευχαῖς

77 1625 173 1661 ὑμῶν·
194 1624 263 1651 ἀλλὰ
285 1625 330 1651 διὰ
353 1625 403 1660 τὴν
423 1626 452 1652 ὲν
470 1626 537 1661 ἡμῖν
556 1627 667 1662 ἀγάπην
688 1627 806 1662 ἀρχαίαν
824 1627 870 1654 καὶ

78 1670 282 1705 πνευματικὴν,
300 1670 349 1696 καὶ
361 1670 391 1696 τὸ
408 1672 483 1707 κοινῇ
499 1672 650 1707 συμφέρον.
666 1672 698 1699 Εί
714 1673 768 1708 γὰρ
779 1674 793 1700 ὁ
807 1673 871 1705 Υίὺς

77 1716 125 1744 τοῦ
148 1716 217 1743 Θεοῦ
238 1717 252 1743 ὁ
266 1716 370 1752 Κύριος
395 1717 443 1743 καὶ
466 1717 605 1751 Δεσπότης
623 1718 752 1746 ἁπάντων
774 1720 870 1747 ἑαυτὸν

78 1763 230 1797 ἀνήνεγκεν
245 1761 317 1797 ὑπὲρ
332 1761 442 1789 πάντων
455 1762 494 1798 τῷ
513 1762 573 1798 Θεῷ
588 1764 637 1790 καὶ
650 1764 738 1800 Πατρὶ
754 1764 850 1792 θυσίαν
861 1774 868 1781 ·

78 1808 104 1835 τί
119 1807 266 1842 ὀφείλομεν
283 1807 364 1843 ἡμεῖς
377 1828 384 1840 ,
410 1808 457 1834 καὶ
481 1808 565 1834 πόσον
579 1809 610 1835 οὐ
627 1809 819 1845 χρεωστοῦμεν
836 1810 870 1837 δι’

77 1855 163 1882 αὐτὸν
178 1854 274 1881 παθεῖν
289 1854 337 1880 καὶ
353 1855 518 1889 ὑπομεῖναι;
534 1855 589 1882 Καί
608 1864 638 1890 γε
660 1856 684 1882 oi
707 1856 870 1891 μονάζοντες

78 1901 126 1927 καὶ
142 1902 176 1935 τῇ
191 1901 316 1935 ἁποταγῇ
329 1900 533 1936 σταυρωθέντες
542 1909 549 1917 ⁸
559 1901 586 1928 οί
598 1910 630 1936 γε
645 1902 752 1937 ἀληθῶς
763 1904 809 1930 καὶ
821 1904 870 1930 οὒκ

77 1947 219 1982 ἁνονήτως
242 1947 464 1981 ἀποταξάμενοι·
490 1947 552 1974 ἐπεὶ
569 1947 607 1984 μὴ
623 1948 678 1975 ἀπὸ
698 1948 746 1975 τοῦ
770 1949 870 1982 ἔξωθεν

78 1994 220 2028 σχήματος
239 1992 318 2028 μόνον
334 1992 392 2020 ἔστι
410 1993 515 2029 κρίνειν
537 1994 572 2020 τὰ
587 1994 755 2030 πράγματα·
777 1996 870 2023 πολλοὶ

77 2040 133 2074 γὰρ
147 2039 172 2066 oi.
186 2040 346 2073 προσωπεῖα
362 2040 553 2075 ὑποδυόμενοι,
579 2041 626 2067 καὶ
640 2040 690 2067 οὐκ
705 2040 782 2072 ὄντες
801 2042 870 2078 ὅπερ

77 2084 239 2119 φαίνονται·
254 2084 312 2110 ἀλλ’
325 2086 357 2111 ὲκ
372 2084 426 2112 τῶν
439 2085 529 2120 ἔργων
544 2085 665 2121 δηλονότι
679 2085 715 2113 τὰ
729 2087 868 2122 σχήματα.

76 2132 109 2158 Et
124 2129 173 2158 οὖν
189 2131 302 2166 μοναχοί
316 2131 370 2158 είσι
384 2140 457 2163 τινες
473 2133 502 2158 ὲν
514 2133 572 2164 τοῖς
585 2132 633 2159 νῦν
647 2134 764 2169 καιροῖς,
781 2133 869 2166 δειξά-

75 2187 170 2206 τωσαν
183 2179 230 2205 ἐπὶ
247 2179 301 2205 τῶν
324 2179 423 2214 ἔργων.
443 2180 541 2214 Ἔργον
556 2180 583 2206 δὲ
600 2181 730 2217 μοναχοῦ,
752 2181 820 2217 μηδὲ
839 2182 869 2208 τὸ

74 2225 160 2259 τυχὸν
176 2225 320 2260 ἀνέχεσθαι
334 2225 557 2260 καινοτομεῖσθαι
571 2225 601 2252 τὸ
618 2226 787 2259 Εὑαγγέλιον
798 2235 804 2242 ·
827 2227 870 2254 ἵνα

76 2271 117 2306 μὴ
135 2271 290 2306 ὑπόδειγμα
318 2272 374 2302 τοῖς
397 2271 503 2303 λαῖκοῖς
523 2272 715 2307 προτιθέμενοι
735 2273 870 2308 αἱρέσεως

76 2318 127 2343 καὶ
145 2317 287 2352 αἱρετιχῆς
304 2317 514 2350 συγκοινωνίας,
536 2318 586 2352 τῆς
602 2318 672 2353 ὑπὲρ
684 2318 773 2344 αὐτῶν
792 2319 870 2345 ἀπω-

77 2362 157 2397 λείας
175 2362 255 2396 λόγον
271 2362 401 2396 ὑφέξωσι.
415 2362 486 2390 Πολύ
501 2371 535 2398 με
549 2363 730 2398 ληρολογῆσαι
743 2363 792 2399 τὴν
808 2364 870 2390 ὑπό-

77 2409 155 2434 θεσιν
171 2409 188 2442 ἡ
198 2408 271 2443 ἄκρα
285 2408 522 2444 ταπεινοφροσύνη
535 2409 584 2443 τῆς
599 2409 754 2444 ἁγιωσύνης
771 2417 818 2435 σου
832 2409 870 2440 ὡς

77 2454 215 2489 δεχομένη
237 2455 381 2489 πεποίηκε.
415 2454 450 2480 Σὺ
474 2454 513 2485 δὲ,
537 2450 559 2480 ὦ
586 2455 690 2490 Πάτερ,
715 2453 794 2489 εὐχου
822 2455 870 2482 καὶ

77 2500 234 2535 ὑπερεύχου
253 2500 324 2536 ὑπὲρ
349 2499 450 2536 σαθροῦ
475 2499 523 2526 καὶ
539 2500 705 2535 ἁμαρτωλοῦ
717 2520 725 2532 ,
746 2499 805 2527 ἀλλ’
823 2499 870 2526 οὖν

77 2545 197 2580 ἐραστοῦ
215 2553 262 2571 σου
277 2545 319 2572 ὃτι
343 2545 473 2580 μάλιστα.
494 2545 523 2571 '0
545 2545 807 2581 συμφρουρυύμενός
825 2554 870 2580 μοι

76 2591 213 2622 ὡσαύτως
242 2592 290 2618 καὶ
320 2591 538 2627 προσαγορεύει,-
559 2592 607 2618 καὶ
631 2591 722 2618 egerat
746 2600 792 2618 σου
817 2591 870 2618 τῶν

78 2636 202 2665 ίκεσιῶν.

276 2672 541 2706 Μ’ω-Ναυκρατίῳ
555 2673 661 2706 τέκνῳ.
779 2671 868 2708 [pta/.1

920 1532 964 1559 vel
981 1531 1051 1558 mori
1064 1538 1114 1566 pro
1133 1531 1247 1558 veritate
1267 1530 1385 1562 lucrum,
1410 1530 1539 1565 gaudium
1556 1536 1584 1558 et
1608 1531 1674 1564 vita,
1687 1532 1710 1559 si

919 1577 1002 1604 modo
1020 1577 1104 1604 sacris
1117 1576 1244 1611 precibus
1259 1576 1357 1603 vestris
1369 1577 1515 1603 roniirmer
1524 1585 1532 1609 ;
1542 1577 1588 1604 sed
1598 1581 1710 1612 propter

919 1628 1040 1650 veterem
1056 1623 1128 1650 inter
1143 1630 1192 1650 nos
1216 1622 1385 1657 spiritualem
1412 1622 1597 1654 dilectionem,
1617 1627 1645 1650 et.
1662 1631 1711 1658 pro

919 1668 1058 1696 communi
1085 1667 1210 1694 utilitate.
1226 1666 1334 1694 Etenim
1358 1667 1379 1694 si
1401 1666 1448 1694 Dei
1473 1666 1557 1694 Filius
1577 1667 1711 1696 Dominus

920 1721 952 1741 ac
962 1713 1116 1741 dominator
1130 1713 1321 1740 universorum
1337 1713 1457 1748 seipsum
1471 1713 1571 1740 obtulit
1582 1721 1632 1748 pro
1649 1721 1709 1740 om-

920 1758 1001 1785 nibus
1020 1757 1075 1784 Deo
1093 1762 1120 1785 et
1133 1757 1204 1784 Patri
1230 1757 1436 1792 hostiam,quid
1454 1757 1586 1784 debemus
1608 1765 1669 1790 nos,
1683 1762 1711 1785 et

919 1809 1050 1838 quantum
1077 1811 1126 1838 pro
1140 1810 1172 1830 eo
1195 1803 1300 1838 perpeti
1323 1811 1355 1830 ac
1378 1803 1502 1838 perferre
1529 1811 1581 1830 nos
1601 1811 1711 1837 acquum

920 1853 972 1882 est,
988 1849 1136 1876 monachos
1153 1849 1304 1884 praesertim
1319 1853 1347 1876 et
1362 1849 1565 1876 renuntiatione
1580 1849 1636 1884 ipsa
1651 1857 1713 1876 cru-

920 1894 1040 1922 ciﬁxus?
1064 1894 1086 1921 si
1103 1895 1184 1921 modo
1200 1901 1296 1921 revera
1317 1897 1345 1920 et
1366 1902 1420 1921 non
1449 1894 1586 1921 incassum
1607 1902 1713 1921 renun-

920 1940 1069 1967 tiavimus:
1105 1939 1327 1974 quandoquidem
1353 1947 1408 1966 non
1430 1940 1463 1966 ab
1489 1944 1601 1967 externa
1623 1940 1712 1967 solum

920 1985 1011 2020 specie
1026 1984 1168 2019 dijudicaxi
1182 1992 1225 2011 res
1239 1984 1360 2017 debent;
1385 1984 1462 2011 multi
1486 1985 1558 2012 enim
1581 1993 1714 2020 personas

920 2032 1048 2060 induunt.
1065 2038 1116 2058 nec
1132 2036 1193 2057 sunt
1224 2031 1248 2057 id
1270 2031 1342 2065 quod
1367 2030 1493 2058 videntur
1512 2039 1592 2058 esse:
1614 2032 1661 2058 sed
1676 2032 1713 2060 ab

920 2077 1050 2112 operibus
1080 2076 1146 2110 ipsis
1165 2076 1272 2110 species
1298 2081 1421 2103 externa.
1442 2075 1470 2102 Si
1492 2085 1555 2112 ergo
1579 2078 1711 2108 monachi

921 2124 967 2150 ulli
984 2127 1048 2150 sunt
1064 2122 1107 2149 his
1123 2122 1301 2156 temporibus,
1316 2121 1395 2148 factis
1411 2122 1566 2149 ostendant.
1583 2122 1711 2152 Monachi

921 2174 1012 2196 autem
1022 2176 1122 2196 munus
1135 2173 1185 2198 est.
1203 2172 1294 2195 utnec
1309 2167 1446 2194 tantillum
1464 2168 1490 2194 in
1508 2168 1653 2204 Evangelia
1666 2169 1712 2196 ins

920 2215 1015 2243 novari
1038 2215 1123 2247 sinat,
1138 2222 1173 2241 nc
1198 2214 1353 2248 exemplum
1372 2213 1448 2240 laieis
1471 2206 1607 2242 haereseos
1629 2219 1713 2250 atque

921 2260 1054 2287 hieretiea:
1063 2259 1263 2286 communionis
1271 2259 1434 2293 praebentes,
1452 2259 1584 2286 rationem
1596 2260 1712 2288 reddant

920 2307 954 2333 de
967 2306 1074 2332 illorum
1093 2305 1258 2340 perditione.
1276 2305 1401 2332 Pluribus
1415 2313 1459 2332 me
1473 2306 1577 2340 nugari,
1590 2309 1617 2332 et
1629 2314 1711 2341 argu-

921 2356 1042 2378 mentum
1059 2352 1109 2378 hoc
1123 2351 1260 2386 persequi,
1277 2351 1364 2386 coegit
1381 2359 1486 2378 summa
1499 2352 1636 2378 humilitas
1649 2359 1712 2378 san-

921 2398 1019 2425 ctitatis
1037 2402 1100 2428 tuae,
1113 2400 1142 2422 ut
1162 2404 1223 2431 qua:
1249 2396 1276 2423 id
1290 2396 1404 2423 minimc
1420 2397 1567 2431 improbat.
1592 2397 1633 2424 Tu
1649 2405 1712 2425 vero

920 2451 977 2475 ora,
994 2443 1083 2474 Pater,
1100 2447 1128 2469 et
1143 2443 1289 2477 deprecare
1306 2443 1501 2477 proimbecillo
1516 2448 1543 2471 ct
1558 2448 1710 2479 peccatore,

925 2489 972 2517 sed
1000 2488 1045 2523 qui
1064 2491 1089 2514 te
1107 2496 1200 2515 revera
1233 2488 1381 2524 plurimuln
1414 2493 1497 2516 amat.
1529 2489 1713 2524 Concaptivus

925 2541 1002 2560 meus
1021 2532 1146 2560 similiter
1157 2537 1185 2560 ct
1198 2537 1224 2560 te
1242 2534 1351 2566 salutat,
1374 2538 1401 2561 et
1426 2541 1520 2569 preces
1554 2539 1613 2560 tuas
1628 2541 1713 2568 expo-

925 2579 987 2607 scit.

1150 2668 1387 2699 XL.—Naucratio
1402 2669 1467 2704 ﬁlio.

379 2718 523 2749 Respondet
537 2718 566 2742 ad
580 2718 691 2748 quaedam
703 2718 856 2748 interrogata
868 2724 896 2743 ac
912 2715 1039 2748 praecipue
1054 2714 1086 2740 de
1096 2714 1221 2746 baptismo
1231 2715 1418 2740 haereticorum.

114 2759 201 2786 Πάλιν
227 2760 310 2794 ἑτέρα
332 2768 376 2786 σοι
402 2761 531 2796 φυλακὴ.
558 2762 652 2787 τέκνον
679 2760 870 2795 ἠγαπημένον,

80 2806 151 2833 ἀλλᾶ
171 2805 219 2832 καὶ
239 2805 319 2832 πάλιν
337 2806 422 2842 στήλη
443 2808 492 2842 μὲν
507 2807 562 2833 τῶν
577 2805 744 2841 δυσωνύμων
766 2807 870 2840 αίρετιο

961 2759 1035 2786 Alter
1046 2757 1094 2786 tibi
1114 2758 1214 2786 iterum
1228 2766 1331 2790 carcer,
1358 2759 1459 2786 dilecte
1475 2757 1510 2785 ﬁli
1528 2766 1536 2791 ;
1557 2758 1604 2786 sed
1629 2763 1657 2786 et
1670 2759 1713 2786 in-

926 2806 1015 2834 famiae
1026 2813 1121 2833 rursus
1145 2810 1209 2833 nota
1225 2805 1335 2834 infausti
1351 2805 1471 2833 nominis
1494 2805 1630 2834 haereticis
1643 2815 1651 2839 ;
1666 2805 1715 2834 tibi

1639 100 1709 133 1050
1755 138 1762 144 ,
