1926 3078
215 110 279 143 1051

810 113 840 146 S.
855 111 1054 143 THEODORI
1075 112 1251 143 S'I-‘UDlT/E

1783 111 1852 146 1052

214 178 280 196 vero
296 169 496 196 incrementum
517 169 692 204 pratmiornm
707 168 900 205 honorumque
920 170 1003 197 cade-

1069 170 1111 197 ιῶν
1123 179 1130 187 ·
1149 171 1191 197 σοὶ
1203 171 1231 198 δὲ
1248 170 1396 206 προσθήκη
1411 169 1502 197 ἄθλων
1516 177 1545 196 τε
1568 169 1617 196 καὶ
1635 169 1756 196 ἐπαίνων
1771 171 1852 204 οὖρα-

215 215 308 242 stium.
330 214 462 248 Quocirca
479 223 529 250 pro
554 215 606 242 illis
625 215 735 250 quidem
765 223 874 250 gemere
893 223 925 243 ac
944 215 1008 242 ﬂere

215 261 283 288 mihi
296 261 427 296 suppetit,
447 268 497 295 pro
515 265 542 288 te
554 265 645 288 autent
660 262 743 288 laetari
760 266 787 288 et
801 261 902 297 gratias
915 268 1008 297 agerc.

215 307 313 333 Annon
336 308 476 342 acceptius
499 307 543 339 sit,
559 311 595 339 te,
624 308 719 335 iterata
747 308 882 341 custodia,
906 308 1010 335 factum

217 360 280 380 esse
299 354 372 380 velut
385 361 482 380 aurum
498 354 525 380 in
539 353 651 381 fornace
667 354 710 381 bis
723 355 924 389 expurgatum?
940 355 1010 391 Ergo

220 400 312 426 Iirmas
326 399 431 427 radices
445 407 504 434 age,
519 407 586 434 puer
607 405 712 432 sancte,
726 405 808 435 teque
833 401 939 428 auctori
960 401 1011 428 Do-

217 445 292 471 mino
318 453 417 479 purum
444 449 471 472 et
495 445 611 480 probum
639 446 666 472 in
688 447 816 474 omnibus
837 447 947 479 exhibe,
965 455 1012 476 vas

217 489 284 516 utile
299 497 420 524 prorsus.
433 489 466 516 ad
479 497 560 517 omne
579 498 647 525 opus
659 490 760 518 bonum
776 496 899 526 paratus.
914 492 1012 527 Magno

219 536 312 570 itaque
330 535 370 562 fer
386 537 477 563 animo
492 536 635 563 custodem
654 537 769 564 alterum
781 537 827 572 qui
846 538 894 565 tibi
912 544 1012 573 praeter

218 588 323 608 morem
339 581 419 608 datus
436 586 488 608 est.
507 581 565 608 Non
582 582 655 609 enim
668 583 844 617 praepositum
863 583 905 611 vel
921 591 1013 612 sacer-

220 627 313 654 dotem
333 627 450 654 dixerim
466 637 472 654 :
493 627 627 662 siquidem
643 628 735 655 nullus
750 628 797 656 Dei
813 629 949 661 minister,
961 629 1014 656 sal-

221 678 276 700 tem
292 673 452 706 monachus,
467 674 632 702 militarihus
646 674 742 702 ciliciis
759 675 943 706 ministraret,
965 675 1013 703 sed

220 726 309 753 neque
324 726 385 746 cum
396 719 435 746 sic
449 719 622 747 ministrante
638 721 862 748 communicaret.
878 720 1014 748 Caztcrum

220 764 347 791 renuntia
372 764 439 791 mihi
464 766 600 799 quomodo
625 770 651 792 te
667 770 763 793 tractet
780 775 786 792 :
801 766 1013 794 commodiorem

220 811 294 837 enim
309 818 371 838 esse
391 815 468 846 puto,
482 819 564 845 quam
591 811 667 846 prior
687 811 749 839 fuit.
771 811 836 839 Sive
852 817 944 839 autent
963 812 1014 839 hoc

221 857 302 884 modo
317 865 346 884 se
361 865 405 884 res
426 857 519 889 habet,
543 857 600 885 sive
617 857 705 890 aliter,
728 862 755 884 tu
782 862 884 890 tamen,
912 858 947 885 ﬁli
965 858 1012 891 mi,

221 901 283 929 forti
297 902 335 929 sis
350 902 458 928 animo:
475 910 535 936 qua:
553 902 642 929 tristia
658 906 733 934 sunt,
749 903 808 937 spei
821 903 900 930 bonae
914 903 1014 939 gaudio

220 949 361 976 allevans:
379 952 406 976 et
422 956 454 975 ex
471 948 617 975 solitudine
648 956 776 983 quaarens
799 954 826 976 et
850 957 1014 985 comparans

221 994 269 1022 tibi
292 994 537 1029 aequanimitatem,
553 994 618 1021 dum
634 995 668 1021 ad
694 994 779 1021 Deum
805 1003 902 1027 unum,
926 996 972 1030 qui
990 1003 1015 1023 te

221 1041 354 1073 intuetur,
371 1040 464 1067 oculos
480 1039 656 1074 animumque
665 1040 803 1068 convertis
816 1050 821 1068 :
834 1041 1015 1076 cogitationes

220 1087 366 1119 l‘uri‘ureas,
381 1095 441 1122 qua:
456 1094 470 1113 a
486 1086 657 1113 zizaniorum
685 1092 777 1114 satore
809 1087 957 1115 identidem
972 1088 1014 1114 in-

219 1131 365 1166 jiciuntur,
390 1131 545 1166 despiciens
563 1139 594 1158 ac
615 1131 773 1166 dispellens.
795 1132 861 1165 Quae
889 1139 981 1160 autem
1000 1141 1015 1160 τι

220 1186 264 1205 me
274 1178 426 1213 postulasti,
442 1182 471 1205 ut
484 1177 518 1205 de
530 1178 678 1205 haeresibus
693 1183 720 1205 ct
730 1178 872 1213 baptismis
881 1180 1016 1215 sigillatim

221 1223 431 1258 responderem;
448 1231 479 1250 ea
490 1223 611 1258 epistola:
623 1224 734 1251 modum
747 1226 885 1253 excedunt
899 1235 904 1252 :
923 1234 955 1254 ac
969 1235 1017 1254 su-

221 1278 421 1305 pervacaneum
432 1275 475 1298 est
490 1278 585 1298 rursus
595 1278 740 1299 recensere
756 1280 816 1307 quze
830 1273 938 1301 divinus
951 1274 1017 1308 Epi-

221 1315 340 1350 phanius
363 1315 477 1347 invenit,
506 1319 587 1350 atque
603 1315 640 1342 ita
655 1317 821 1352 conscripsit
834 1321 864 1344 ut
886 1326 968 1345 nemo
983 1326 1016 1345 ex

222 1360 348 1388 Patribus
363 1361 470 1389 melius.
493 1362 563 1398 Lege
587 1363 670 1398 igitur
685 1371 793 1390 sacrum
817 1363 851 1390 de
877 1363 936 1391 istis
957 1364 1018 1398 ejus

223 1407 334 1440 librum,
357 1412 383 1435 et
411 1416 472 1443 qua:
496 1409 568 1436 scire
599 1409 748 1441 desideras,
776 1409 831 1437 illic
857 1418 1016 1445 cognosces.

224 1453 304 1482 llunc
323 1459 416 1482 autem
430 1455 479 1482 tibi
493 1454 522 1482 in
543 1463 643 1483 manus
659 1455 748 1484 tradet
771 1457 898 1492 egregius
911 1457 1017 1492 Eupre-

224 1500 333 1535 pianus.

261 1546 300 1574 De
311 1547 454 1582 baptismis
481 1555 563 1582 porro
587 1547 699 1575 brevius
725 1549 907 1584 respondebo.
927 1550 1013 1577 Trifa-

225 1593 293 1619 riam
311 1593 369 1620 hare
383 1594 578 1621 commentatio
595 1594 737 1622 dividitur.
756 1595 935 1630 Baptizantur
943 1595 1018 1622 enim

227 1638 418 1672 Blarcionistm,
429 1639 643 1676 Tascodrugitm,
660 1639 814 1673 Manichzci,
828 1645 856 1668 et
874 1641 921 1676 qui
943 1642 1019 1676 ejus-

226 1685 287 1712 dem
300 1685 404 1712 ordinis
422 1693 507 1720 usque
522 1686 557 1713 ad
581 1685 873 1718 Mclchisedechianos,
899 1687 1019 1715 haereses

225 1739 342 1758 numero
367 1731 461 1767 viginti
475 1732 607 1767 quinque.
630 1731 801 1768 lnunguntur
828 1737 920 1760 autent
939 1741 1019 1761 sacro

225 1775 376 1803 chrismate
395 1775 702 1810 Tessarescmdecatitaa,
732 1778 886 1810 Novatiani,
912 1778 1017 1811 Ariani,

226 1820 425 1854 Macedoniani,
453 1821 658 1856 Apolinaristae.
689 1822 770 1849 simul
806 1823 938 1857 quinque.
968 1823 1020 1856 Qui

226 1873 292 1892 vero
306 1873 395 1900 neque
407 1865 588 1900 baptizantur,
607 1875 696 1902 neque
715 1867 895 1903 inunguntur,
909 1869 957 1895 sed
974 1876 1020 1896 so-

226 1911 365 1939 lummodo
375 1907 501 1939 haeresim
514 1917 570 1940 tum
585 1914 734 1949 propriam,
751 1919 807 1941 tum
819 1923 929 1942 omnem
939 1916 1020 1943 aliam

226 1958 467 1991 anathematizant,
498 1958 644 1992 Meletiani,
676 1958 842 1993 Nestoriani,
869 1961 1022 1997 Eutychia-

227 2005 315 2036 "istae,
331 2009 359 2031 et
371 2004 429 2038 qui,
444 2012 530 2039 usque
544 2004 578 2031 ad
591 2005 717 2032 haeresim
729 2013 791 2040 qua:
807 2006 870 2033 istic
884 2012 938 2039 est,
956 2012 1022 2034 sunt

226 2049 333 2077 Ordinis
355 2050 488 2085 ejusdem,
515 2050 588 2078 haud
617 2051 754 2078 numerati
783 2059 797 2078 a
813 2059 856 2080 me
876 2052 1022 2086 modo,‘eo

226 2096 299 2131 quod
315 2096 444 2131 Acephali
466 2097 521 2124 sint
545 2097 720 2132 multiplices,
747 2102 804 2124 tum
819 2098 901 2126 etiam
924 2107 959 2127 ne
972 2107 1022 2126 ex-

226 2142 467 2176 crescatepistola.
483 2142 560 2175 Quod
579 2147 672 2170 autem
692 2143 797 2176 dixisti,
814 2152 950 2171 canonem
969 2144 1022 2171 mi-

227 2188 301 2215 nime
313 2188 491 2224 distinguere,
518 2189 564 2216 sed
591 2189 731 2217 deﬁnitive
759 2191 950 2225 pronuntiare,
973 2199 1020 2219 eos

206 2255 208 2257 .
227 2234 274 2268 qui
288 2234 322 2261 ab
335 2234 469 2261 haereticis
483 2234 598 2262 ordinati
614 2238 661 2261 aut
672 2235 800 2269 baptizati
815 2240 889 2267 sunt,
900 2243 952 2263 nec
963 2236 1020 2264 cle‘

228 2280 299 2307 ricos
313 2287 373 2308 esse
387 2287 478 2315 posse,
494 2287 546 2307 nec
561 2279 653 2308 fideles
669 2288 676 2307 :
693 2281 759 2308 illud
770 2281 856 2316 cogita
869 2281 942 2316 quod
955 2290 1022 2317 apo-

228 2327 340 2354 stolicus
355 2333 443 2354 canon
465 2326 609 2354 haereticos
631 2326 692 2354 illos
714 2326 791 2357 dicit.
807 2327 852 2362 qui
867 2328 893 2355 in
909 2329 1020 2356 nomine

229 2372 317 2400 Patris
336 2377 364 2400 et
378 2371 440 2399 Filii
457 2377 484 2399 et
500 2371 619 2407 Spiritus
637 2372 724 2399 sancti
747 2380 801 2400 non
814 2377 878 2400 sunt
889 2373 1018 2408 baptizati

229 2425 281 2445 nec
308 2417 456 2452 baptizant.
484 2416 559 2444 Istud
581 2424 661 2452 porro
685 2418 776 2453 magni
798 2426 906 2453 quoque
927 2418 1019 2446 Basilii

230 2471 296 2492 voce
312 2464 405 2492 divina
424 2464 566 2492 docemur.
588 2463 633 2490 Ait
660 2464 734 2491 enim
750 2464 868 2492 limi-eses
882 2472 944 2492 esse
971 2472 1018 2492 eas

229 2518 290 2546 quite
305 2511 415 2546 penitus
442 2511 565 2546 abruptae
585 2515 659 2543 sunt,
687 2515 715 2538 et
738 2511 811 2538 circa
831 2510 918 2545 ipsam
939 2510 1020 2538 iidem

230 2557 375 2585 alienatae:
395 2557 542 2584 schismata
562 2564 639 2587 vero.
666 2564 714 2584 eos
729 2556 775 2591 qui
789 2560 902 2591 propter
926 2563 1024 2583 causas

230 2602 334 2638 aliquas
349 2602 548 2630 ecclesiasticas
566 2606 593 2629 et
617 2601 783 2636 quasstiones
806 2601 907 2635 quibus
932 2609 1023 2629 reme-

230 2649 305 2676 dium
327 2649 452 2676 adhiberi
468 2652 569 2684 potest,
584 2647 656 2674 inter
674 2655 704 2674 se
718 2647 871 2674 dissident:
885 2654 1019 2683 parasyn-

230 2701 328 2730 agogas
362 2698 474 2726 autem,
501 2692 726 2729 congregationes
754 2700 814 2727 qua‘.
843 2700 858 2719 a
878 2697 1022 2719 contuma-

1060 215 1134 243 vtmv.
1158 216 1208 243 Διὰ
1231 215 1313 243 τοῦτο
1331 215 1402 252 ὑπὲρ
1421 215 1472 252 μὲν
1489 216 1604 243 ὲνείνων
1627 215 1658 242 τὸ
1685 215 1791 242 στένειν
1811 224 1854 251 μοι

1060 263 1107 288 καὶ
1123 261 1269 298 δακρύειν⁸
1293 262 1363 298 ὑπὲρ
1385 261 1413 288 δὲ
1430 261 1492 293 σοῦ,
1505 261 1536 288 τὸ
1553 260 1662 297 χαίρειν
1679 262 1727 288 καὶ
1745 261 1855 297 εὐχαρι-

1061 307 1145 333 στεῖν.
1163 307 1198 332 Ἦ
1222 306 1283 342 οὐχὶ
1309 306 1493 342 δοκιμώτερόν
1519 307 1577 333 ἐστί
1607 315 1638 333 σε
1662 306 1793 340 γενέσθαι
1823 308 1855 342 τῇ

1062 352 1301 387 μεταφρουρήσει,
1325 351 1453 387 καθάπερ
1467 351 1569 387 χρυσὸν
1582 351 1786 386 διπυροὺμενον
1805 351 1856 378 ὑπὸ

1062 391 1194 436 χωνείαςς
1210 398 1396 434 Εὑριζωθείης
1413 397 1472 432 οὖν,
1487 396 1510 426 ὦ
1525 399 1581 434 laps
1601 400 1668 431 παῖ,
1684 399 1732 426 καὶ
1745 399 1856 434 ὁφθείης

1061 443 1101 479 τῷ
1115 444 1237 480 Δεσπότῃ
1253 444 1350 480 Κυρίῳ
1367 445 1397 471 ὲν
1415 446 1482 470 πᾶσι
1498 443 1619 479 καθαρὸς
1633 444 1681 470 καὶ
1699 444 1855 480 ἀκίδδηλος,

1064 490 1161 522 σκεῦος
1186 491 1271 522 ὅντως
1288 490 1449 526 εΰχρηστον,
1477 490 1698 526 κατηρτισμένος
1714 491 1784 526 πρὸς
1803 491 1857 517 πᾶν

1063 536 1144 572 ἔργον
1163 536 1277 571 ἀγαθόν.
1297 537 1365 573 Φέρε
1388 535 1436 564 οὖν
1457 536 1636 572 μακροθυμίᾳ
1654 535 1685 563 τὸ
1706 536 1791 572 ἄηθες
1810 537 1856 563 τοῦ

1063 583 1190 619 δευτέρου
1214 583 1334 618 φύλακός
1361 592 1408 610 σου
1420 590 1428 598 ·
1443 583 1474 610 οὺ
1492 583 1547 619 γὰρ
1562 582 1728 618 ἡγουμένου,
1742 582 1803 609 οὐδὲ
1823 583 1858 609 ιε-

1065 631 1135 666 ρέως
1159 630 1288 665 λέγοιμι·
1315 630 1405 662 οὐδεὶς
1425 630 1481 666 γὰρ
1497 629 1565 656 Θεοῦ
1580 629 1740 664 λειτουργὸς
1759 629 1808 655 καί
1827 637 1858 662 γε

1066 676 1215 712 μοναστὴς,
1233 677 1442 712 στρατιωτικοῖς
1455 676 1548 712 ἔργοις
1563 675 1778 711 ὕπουργήσειεν,
1791 676 1860 702 ἀλλᾶ

1067 723 1120 758 μὴν
1140 722 1200 749 οὐδὲ
1215 722 1254 758 τῷ
1270 722 1358 754 οὕτως
1374 722 1560 757 ὑπουργοῦντι
1576 723 1764 757 κοινωνήσειε.
1786 721 1860 756 Πλὴν

1065 769 1186 804 δήλωσόν
1200 777 1245 803 μοι
1258 769 1333 800 ὅπως
1349 777 1378 795 σε
1391 769 1498 803 κρατεῖ.
1509 767 1586 794 Δοκῶ
1594 767 1649 803 γὰρ
1658 767 1861 803 διαφορώτερον

1067 812 1137 841 εἶναι
1152 814 1199 841 τοῦ
1214 814 1363 850 προτέρου.
1373 814 1444 840 Ἀλλ’
1457 814 1484 840 εί
1498 821 1529 847 γε
1547 813 1644 845 οὕτως,
1660 813 1677 848 ἢ
1692 813 1794 848 ἑτέρως
1804 821 1811 828 ·
1829 814 1859 839 σὺ

1065 860 1093 887 δὲ
1108 860 1300 895 ὃμως,τέκνον
1316 868 1378 894 μου,
1392 859 1473 894 στῆθι
1491 858 1640 893 γενναίως·
1657 858 1816 893 εὐμαρῐζων
1828 859 1861 885 τὰ

1065 905 1177 940 λυπηρὰ
1196 906 1229 940 τῇ
1247 905 1301 932 τῶν
1322 904 1438 931 ἐλπίδων
1457 903 1636 940 περιχαρείᾳ,
1655 904 1703 930 καὶ
1717 903 1862 930 κατακτῶ-

1068 959 1149 986 μενος
1170 950 1261 986 ἑαυτῷ
1283 950 1332 985 τὴν
1357 950 1485 985 μόνωσιν,
1509 949 1645 980 ἀπαθείας
1668 948 1797 984 εὕρεσιν·
1818 948 1862 974 διὰ

1066 998 1115 1033 τῆς
1131 998 1178 1024 ἐπὶ
1201 997 1281 1032 μόνον
1297 997 1342 1023 τὸν
1359 996 1467 1032 δρῶντά
1493 1004 1522 1022 σε
1546 995 1612 1022 θεὸν
1634 994 1815 1029 ἀποδλέψεώς
1832 1002 1862 1020 τε

1067 1044 1116 1071 καὶ
1136 1043 1272 1078 σχέσεωςο
1296 1042 1468 1074 σκυὸαλίζων
1483 1043 1530 1069 καὶ
1546 1041 1682 1077 λικμίζων
1693 1042 1756 1073 τοὺς
1768 1041 1862 1067 ἐπεισ-

1067 1090 1220 1125 αγομένους
1237 1089 1388 1125 ἀχυρώδεις
1401 1088 1550 1124 λογισμοὺς
1565 1088 1642 1122 παρὰ
1657 1087 1705 1114 τοῦ
1719 1087 1775 1113 τῶν
1786 1086 1862 1119 ζιζα-

1068 1136 1132 1162 νίων
1150 1135 1275 1171 σπορέως
1293 1135 1436 1162 ἑκάστοτε.
1454 1135 1487 1161 "A
1504 1134 1533 1160 δὲ
1557 1133 1732 1169 ὲπεζήτησας
1747 1134 1863 1167 ἀποκρι-

1069 1182 1148 1217 θῆναί
1171 1191 1206 1218 με
1230 1182 1294 1217 περί
1317 1190 1347 1208 τε
1371 1181 1426 1208 τῶν
1448 1180 1582 1216 αἱρέσεων
1598 1181 1645 1206 καὶ
1663 1179 1863 1215 βαπτισμάτων

1068 1227 1130 1254 κατ’
1146 1227 1221 1259 ἔπος,
1240 1226 1389 1261 ἐπιστολῆς
1402 1225 1566 1261 ὑπερϐαίνει
1583 1224 1701 1260 μέτρον’
1721 1224 1770 1251 καὶ
1782 1223 1864 1250 πάλιν

1069 1277 1272 1312 περιττολογεῖν
1285 1276 1342 1302 ἐστι
1357 1275 1444 1301 ταῦτα
1467 1274 1646 1309 ἀφηγεῖσθαι,
1663 1272 1680 1299 ἃ
1696 1273 1710 1299 6
1733 1271 1866 1306 θεοφόρος

1075 1323 1232 1356 Ἐπιφάνιος
1246 1321 1340 1356 ἐξεῦρε
1359 1319 1406 1347 καὶ
1418 1319 1565 1354 διέγραψεν
1583 1317 1621 1349 ὠς
1636 1317 1723 1348 οὐδεὶς
1736 1316 1791 1342 τῶν
1806 1315 1867 1342 [Ια-

1068 1369 1167 1404 τέρων.
1189 1368 1304 1402 Ἐντυχε
1327 1366 1373 1393 οὖν
1387 1367 1420 1401 τῇ
1437 1366 1504 1401 περὶ
1531 1365 1623 1391 αὐτῶν
1644 1364 1706 1399 ἱερᾷ
1723 1361 1806 1388 αὑτοῦ
1827 1360 1868 1396 βί-

1069 1415 1136 1450 ὅλῳ,
1156 1415 1268 1441 κάκεῖσε
1289 1413 1472 1448 διαγνώσειας
1487 1412 1505 1439 ἃ.
1519 1411 1616 1446 μαθεῖν
1637 1410 1756 1444 ἐφίεσαι.
1772 1408 1868 1444 [lapi-

1071 1470 1130 1497 σχοι
1144 1461 1172 1488 δὲ
1189 1461 1276 1495 αὐτὴν
1291 1461 1320 1486 ὲν
1339 1460 1418 1495 χερσί
1434 1467 1481 1485 σου
1496 1459 1510 1484 ὁ
1525 1457 1606 1489 καλὸς
1621 1454 1826 1491 Εὺπρεπιανός.

1105 1549 1143 1575 Τὸ
1155 1549 1184 1576 δὲ
1198 1550 1254 1575 τῶν
1270 1546 1481 1583 βαπτιζομένων
1497 1544 1704 1581 συντομώτερον
1714 1543 1868 1579 ἀποκριθή-

1070 1603 1164 1630 σομαι.
1194 1595 1281 1629 Τριχῇ
1304 1593 1431 1629 διῄρηται
1454 1592 1485 1619 τδ
1513 1591 1659 1626 θεώρημα.
1683 1589 1868 1622 Βαπτίζονται

1071 1640 1120 1675 μὲν
1135 1639 1190 1675 γὰρ
1205 1637 1417 1674 Μαρκιονισταὶ,
1446 1635 1683 1672 Τασκορδιουργοὶ
1703 1635 1754 1670 (1),
1778 1635 1868 1661 Μανι-

1069 1687 1142 1720 χαῖοι
1153 1692 1160 1700 ·
1178 1685 1226 1711 καὶ
1248 1685 1272 1710 οἱ
1291 1684 1430 1718 σύστοιχοι
1445 1682 1536 1709 αὐτῶν
1550 1682 1619 1716 ὁμοῦ
1634 1682 1686 1713 ἕως
1699 1680 1754 1707 τῶν
1767 1680 1869 1715 Μελχι-

1070 1730 1234 1762 οεδεκιτῶν,
1260 1730 1382 1765 αἱρέσεις
1407 1729 1494 1755 εῐχοσι
1517 1727 1608 1755 πέντε.
1629 1726 1762 1762 Χρίονται
1782 1726 1810 1753 δὲ
1829 1725 1869 1761 τῷ

1070 1778 1140 1812 ἁγίῳ
1171 1777 1252 1813 μύρῳ
1289 1775 1644 1810 Τεσσαρεσκαιδεκατίται,
1678 1773 1867 1805 Ναυατιανοὶ,

1077 1823 1213 1858 Ἀρειανοὶ
1229 1842 1238 1854 ,
1263 1822 1480 1854 Μακεδονιανοὶ,
1503 1820 1764 1856 ’Δπολιναριασταὶ,
1796 1820 1866 1854 ὁμου

1071 1869 1163 1896 πέντε.
1187 1869 1220 1895 Οἱ
1241 1867 1271 1895 δὲ
1287 1868 1357 1903 μήτε
1384 1865 1600 1903 βαπτιζόμενοι,
1619 1867 1691 1901 μήτε
1713 1865 1867 1902 χρεόμενοι,

1072 1915 1140 1942 ἀλλὰ
1165 1914 1244 1949 μόνον
1270 1912 1521 1948 ἀναθεματίζοντες
1543 1913 1592 1947 τὴν
1611 1911 1680 1938 ἰδίαν
1704 1911 1754 1937 καὶ
1777 1911 1869 1936 πᾶσαν

1071 1961 1156 1996 ἄλλην
1168 1961 1286 1996 αἵρεσιν,
1299 1959 1474 1992 Μελετιανοὶ,
1499 1959 1687 1994 Νεστοριανοὶ,
1705 1959 1868 1992 Εὑτυχιανι-

1073 2008 1146 2040 σταὶ,
1160 2008 1207 2034 καὶ
1219 2007 1243 2034 ot
1257 2006 1360 2033 τούτων
1376 2006 1542 2041 ὀμόστοιχοι,
1561 2006 1645 2040 μέχρι
1662 2005 1713 2039 τῆς
1727 2004 1809 2040 δεῦρο
1826 2005 1869 2030 al-

1074 2052 1186 2089 ρέσεως,
1203 2051 1242 2086 τῷ
1257 2051 1365 2087 ἀριθμῷ
1378 2051 1427 2086 οὐχ
1451 2050 1667 2084 ὑποδαλλόμενοί
1686 2057 1731 2084 μοι
1746 2048 1817 2076 κατὰ
1837 2049 1869 2075 τδ

1073 2099 1178 2133 παρόν·
1200 2098 1246 2124 διὰ
1261 2097 1293 2124 τὸ
1312 2096 1473 2132 πολυσχιδὲς
1497 2096 1551 2123 τῶν
1580 2096 1750 2130 Ἀκεφάλων,
1772 2095 1819 2122 καὶ
1840 2096 1870 2122 τὰ

1074 2143 1220 2179 ὐπερτενὶς
1244 2143 1293 2178 τῆς
1316 2141 1473 2176 ἐπιστολῆς.
1492 2141 1529 2168 Τὸ
1551 2141 1580 2168 δὲ
1604 2141 1747 2176 εἰρηκέναι
1764 2149 1808 2172 σε,
1832 2141 1870 2175 μὴ

1034 2175 1061 2204 D
1075 2175 1211 2225 διαέρῖναι
1224 2175 1276 2216 τὸν
1285 2188 1396 2220 κανόνα,
1415 2188 1473 2217 ἀλλ’
1486 2175 1638 2223 ὁριπικῶςγ
1647 2187 1797 2221 ἀποφάναι,
1806 2187 1869 2217 τοὺς

1075 2236 1129 2263 ἀπὸ
1155 2235 1302 2270 αἰρετικῶν
1328 2233 1580 2269 χειροτονηθέντας,
1609 2232 1626 2268 ἢ
1654 2232 1868 2267 βαπτισθέντας,

1075 2280 1136 2308 οὔτε
1155 2279 1304 2314 κληρικοὺς
1317 2277 1388 2305 εἶναι
1410 2277 1541 2309 δυνατὸν,
1556 2277 1617 2304 οὔτε
1636 2277 1764 2308 πιστούς*
1781 2278 1870 2303 ἐκεῖνο

1074 2327 1183 2361 λογίζου
1193 2335 1201 2342 ·
1219 2326 1260 2352 ὅτι
1275 2325 1432 2360 αἱρετικοὺς
1450 2326 1464 2351 ὸ
1480 2324 1663 2355 ἀποστολικος
1677 2323 1772 2350 κανὼν
1795 2323 1869 2349 ἐκεῖ-

1075 2381 1138 2404 νους
1150 2372 1217 2406 ἔφη,
1237 2371 1302 2402 τοὺς
1327 2370 1365 2406 μὴ
1382 2371 1422 2401 εἰς
1437 2370 1525 2406 ὄνομα
1542 2370 1649 2405 [ἰατρὸς
1670 2369 1717 2396 καὶ
1737 2368 1803 2395 Υἱοῦ
1823 2368 1871 2394 καὶ

1071 2418 1150 2452 ἁγίου
1179 2417 1335 2452 Πνεῦματος
1368 2416 1568 2452 βαπτισθέντας
1597 2415 1644 2441 καὶ
1675 2414 1868 2449 βαπτίζοντας.

1071 2463 1127 2489 Καὶ
1147 2462 1226 2488 τοῦτο
1249 2462 1282 2488 ὲκ
1307 2461 1383 2493 θείας
1406 2462 1498 2496 φωνῆς
1523 2461 1570 2487 τοῦ
1588 2461 1708 2496 μεγάλου
1723 2460 1868 2487 Βασιλεὶου

1071 2508 1264 2543 διδασκόμεθα.
1285 2509 1354 2543 Φησὶ
1371 2508 1436 2544 γὰρ,
1454 2508 1579 2543 αἱρέσεις
1595 2507 1645 2542 μὲν
1660 2507 1710 2538 τὰς
1725 2505 1868 2537 παντελῶς

1053 2553 1298 2590 ’ἀπεῤῥηγμένας,
1328 2554 1376 2580 καὶ
1403 2553 1463 2580 κατ’
1486 2553 1572 2588 αὑτὴν
1595 2553 1645 2588 τὴν
1671 2552 1766 2579 πίστιν
1791 2551 1869 2586 ὴλλο-

1072 2601 1229 2636 τριωμένας
1241 2608 1248 2616 ·
1271 2600 1409 2635 σχίσματα
1432 2599 1461 2626 δὲ
1477 2599 1541 2630 τοὺς
1564 2599 1599 2626 δι’
1618 2599 1708 2630 αἰτίας
1724 2598 1803 2629 τινὰς
1820 2599 1868 2624 ιιι-

1076 2646 1274 2682 κλησιαστικὰς
1290 2647 1338 2672 καὶ
1359 2646 1507 2681 ζητήματα
1526 2645 1624 2679 ἰάσιμα
1641 2644 1711 2679 πρὸς
1734 2643 1868 2678 ἀλλήλους

1077 2692 1263 2727 διενεχθέντας
1274 2700 1280 2707 ·
1299 2690 1539 2728 παρασυναγωγᾶς
1557 2690 1598 2723 δὲ,
1611 2689 1660 2722 τὰς
1679 2689 1806 2723 συνάξεις
1820 2688 1868 2718 τὰς

988 2773 1104 2801 NOTAE.

275 2830 313 2865 (l)
334 2831 412 2866 Apud
428 2830 624 2867 Epiphanium,
644 2830 739 2859 hazrcsi
756 2830 800 2863 Π,
825 2831 1069 2866 Τασκοδρουγῖται,
