1926 3078
92 124 162 159 1053

701 129 971 160 EPISTOLARUM
983 131 1056 162 LIB.
1078 133 1101 162 Ι.

1643 135 1711 169 1054

90 183 168 218 παρὰ
182 182 237 209 τῶν
255 182 451 211 ἁνυποτάκτων
466 184 660 219 πρεσῦυτέρων
678 185 694 220 ἢ
709 185 876 214 ἐπισκόπων,

936 186 1005 213 :‘hus
1018 187 1238 222 presbyteris-vel
1250 187 1396 223 episcopis,
1416 189 1487 216 vela
1504 191 1609 225 populis
1625 191 1714 226 impe-

89 230 165 265 παρᾶ
181 230 236 256 τῶν
248 230 421 257 ἀπαιδεύτων
437 230 510 256 λαῶν
525 231 672 265 γινομένας
697 233 752 258 Καὶ
768 232 813 258 τοῦ
829 233 878 267 μὲν

89 275 199 311 πρώτου
215 274 296 306 αὐτὸς
310 275 449 310 ἐπιφέρων
464 275 493 302 ἓν
517 276 703 311 παράδειγμα,
724 277 790 310 φησὶ
810 277 878 311 πρὸς

89 320 134 346 τὸν
149 321 227 354 ἆγιον
245 320 432 355 ’Δμφιλόχιον-
451 330 460 346 α
477 321 545 347 Τίνα
557 319 603 348 οὖν
619 322 698 355 λόγον
715 322 770 357 ἔχει
782 323 813 348 τὸ
825 323 878 348 τῶν

89 365 274 399 Πεπουζηνῶν
291 365 433 400 βάπτισμα
445 366 606 401 ὲγκριθῆναι
623 367 676 393 τῶν
692 367 878 400 βαπτιζόντων

88 411 129 442 εἰς
146 412 257 446 Πατέρα
281 411 328 438 καὶ
345 412 410 438 Υἱδν
433 413 481 439 καὶ
496 413 635 439 Momm
654 413 669 449 ἢ
694 413 876 447 ιιρίσκιλλαν;

88 457 127 483 Οὐ
149 457 204 492 γὰρ
220 457 427 491 ἐϐαπτίσθησαν
447 458 472 483 οε
497 459 538 490 εἰς
559 459 593 485 τὰ
612 459 649 494 μὴ
664 459 794 494 δεδομένα
811 459 877 494 ἡμῖν

90 502 298 536 βαπτισθέντες.
321 512 330 529 ι
350 503 467 535 Τούτους
483 502 530 530 οὖν
550 505 596 531 καὶ
611 505 674 535 τοὺς
689 504 751 531 κατ’
765 505 875 537 αὐτοὺς,

88 549 103 574 ό
115 548 204 575 κανὼν
216 549 263 575 καὶ
278 550 303 575 ol
316 549 448 584 Πατέρες.
465 549 502 582 ὥς
517 559 600 585 φησιν
610 550 624 576 ό
638 550 710 582 θεῖος
724 551 875 583 Βασίλειος,

88 595 249 629 αἱρετικοὺς
265 594 420 630 ὠνόμασαν.
436 595 490 622 Τοῦ
512 595 540 622 δὲ
554 596 680 630 δευτέρου
703 596 878 630 παράδειγμα

89 638 173 665 πάλιν
192 640 275 674 φησὶν
299 641 314 666 ό
339 639 417 673 ἅγιος
434 639 594 672 Βασίλειος·
611 650 621 666 ι
639 642 671 668 Ol
687 641 810 676 Καθαροὶ
829 643 877 669 καὶ

89 685 169 711 αὐτοὶ
180 685 235 711 τῶν
247 686 457 721 ἀπεσχισμένων
469 687 550 715 είσίν.
568 697 578 713 ι

126 731 157 757 Εί
173 731 201 758 δὲ
217 731 312 766 φαίηςι
329 732 384 759 Καὶ
399 733 458 764 πῶς
473 733 597 767 λέγονται
618 734 752 769 αἱρετικοὶ
770 734 816 760 καὶ
832 731 877 760 οὒ-

88 785 131 803 τοι
156 777 205 803 καὶ
222 777 321 809 πάντες
339 779 363 804 οἱ
390 778 632 814 μεταγενέστεροι;
661 780 739 807 τοῦτο
760 781 878 816 λέγομεν

931 232 990 259 ritis
1012 233 1088 259 fiunt.
1117 234 1154 260 Ac
1178 233 1257 268 primi
1281 235 1390 268 quidem
1425 237 1533 270 generls
1555 238 1710 272 exemplum

930 286 1014 305 unum
1045 279 1103 313 ipse
1135 279 1266 312 aﬂerens,
1289 280 1322 307 ad
1348 286 1471 308 sanctum
1493 283 1713 316 Amphilochium

929 324 1024 351 scribit
1035 324 1074 351 ⁸¹;
1099 334 1108 350 ι
1128 324 1257 357 Quaenam
1287 325 1369 360 igitur
1391 326 1461 353 ratio
1473 331 1515 354 est
1531 332 1559 354 ut
1587 327 1712 362 Pepuze-

929 377 1026 396 norum
1049 370 1182 405 baptisma
1194 379 1255 398 esse
1284 371 1431 406 iudicetur,
1456 373 1502 407 qui
1528 373 1668 408 baptizant
1685 374 1712 401 in

929 415 1048 446 Patrem,
1071 420 1099 442 et
1118 415 1225 447 Filium,
1245 420 1272 442 et
1301 415 1458 443 Montanum
1479 417 1520 443 vel
1544 417 1714 445 Priscillam?

928 459 1022 495 Neque
1045 460 1118 487 enim
1134 461 1263 495 baptizati
1279 466 1353 492 sunt,
1370 462 1417 496 qui
1445 462 1470 488 in
1488 469 1520 489 ea
1550 470 1610 497 qua:
1635 463 1714 490 nobis

929 513 983 533 non
997 510 1059 533 sunt
1078 507 1187 537 tradita.
1211 506 1340 541 baptizati
1352 511 1425 534 sunt.
1439 516 1449 533 ›
1467 507 1522 534 Hos
1535 515 1600 543 ergo
1625 513 1652 536 et
1667 509 1713 543 qui

930 551 995 586 ipsis
1020 552 1170 584 adhmrent,
1183 559 1270 578 canon
1292 556 1319 579 et
1344 552 1448 585 Patres,
1463 557 1492 580 ut
1515 553 1624 581 divinus
1640 553 1714 580 Basi-

928 598 982 626 lius
1004 599 1052 631 ait,
1077 598 1252 625 nominarunt
1283 598 1436 625 hmreticos.
1463 598 1567 626 Rursus
1601 600 1712 626 sei-undi

929 643 1038 679 generis
1050 643 1204 678 exemplum
1230 643 1333 678 profert
1349 647 1459 670 sanctus
1485 643 1601 672 Basilius
1615 652 1622 671 :
1637 654 1646 670 ι
1662 644 1714 672 Ca-

929 689 999 716 thari
1011 692 1075 716 sunt
1085 693 1112 715 et
1126 689 1177 723 ipsi
1188 688 1261 715 inter
1274 695 1321 715 eos
1334 689 1379 723 qui
1395 689 1506 715 abscissi
1521 694 1596 716 sunt.
1614 699 1623 715 ι

964 734 1041 767 Quod
1055 734 1077 761 si
1090 734 1164 761 dicas
1180 743 1187 762 :
1205 733 1237 760 Et
1249 734 1383 768 quomodo
1401 733 1428 760 hi
1446 741 1565 768 quoque,
1583 739 1612 761 et
1623 739 1715 769 poste-

930 781 1015 807 riores
1039 788 1144 809 omnes.
1162 780 1282 806 heretici
1297 779 1425 806 dicuntur
1439 779 1450 806 ?
1464 779 1520 806 lloc
1536 780 1669 812 dicimus,
1688 786 1715 808 et

89 822 140 848 καὶ
152 822 283 857 νοοῦμεν·
301 824 326 849 οἱ
345 823 394 858 μὲν
413 825 517 860 πρῶτοι
540 825 642 860 κυρίως
663 827 813 861 αἰρετικοὶ,
833 826 877 853 διὰ

940 826 1105 861 ntelligimus
1119 835 1126 859 ;
1142 825 1244 860 primos
1270 825 1377 860 quidem
1395 825 1504 859 proprie
1533 826 1586 853 dici
1603 826 1713 853 hiet-eti-

88 868 120 894 τὺ
137 869 177 899 είς
190 869 256 895 αὐτὸ
270 869 300 896 τὺ
317 870 425 906 καίριον
440 871 489 906 τῆς
511 872 653 907 τριαδικῆς
665 872 744 907 ἡμῶν
759 873 877 905 πίστεως

88 914 269 948 ἠσεϐηκέναι.
297 916 328 941 Οἱ
346 915 374 942 δὲ
396 914 518 952 δεύτεροι
536 917 605 944 κατὰ
629 918 810 954 κατάχρησιν,
831 919 878 945 καὶ

87 961 129 992 ὡς
155 962 188 987 ἐκ
208 961 262 988 τῶν
283 961 400 996 πρώτων
423 963 612 998 παρηγμένοι·
635 964 831 999 ὁμολογοῦντες
856 965 878 991 δ’

87 1005 167 1040 ὅμως
190 1007 230 1038 εἰς
251 1007 354 1042 Τριάδα
378 1008 425 1034 καὶ
446 1009 585 1035 πιστεύειν
614 1010 661 1036 καὶ
685 1010 826 1045 βαπτίζειν
850 1011 879 1037 ὲν

91 1051 222 1086 ἰδιώματι
236 1052 330 1087 οίκείῳ
348 1054 397 1088 τῆς
411 1055 528 1089 ἑκάστης
544 1055 731 1089 ὑποστάσεως,
755 1057 803 1082 καὶ.
819 1056 880 1092 οὐχὶ

92 1098 159 1132 μιᾶς
167 1097 222 1124 τῶν
229 1099 313 1133 τριῶν
329 1099 507 1135 ὑπαρχούσης
515 1109 521 1115 ’
537 1101 589 1128 κᾶν
600 1102 629 1127 ὲν
639 1101 729 1133 ἄλλοις
742 1101 878 1137 ᾑρέτιζον.

90 1144 146 1170 Τοῦ
163 1144 255 1180 τρίτου
274 1146 449 1181 παράδειγμα
462 1167 470 1179 ,
490 1147 572 1179 αὐτὸς
586 1149 600 1174 ό
615 1147 693 1182 ἅγιος
705 1148 787 1175 πάλιν
802 1150 878 1183 φησι,

89 1188 150 1216 οἷον
169 1190 195 1216 ετ
209 1199 251 1222 τις
271 1191 300 1217 ἐν
322 1191 475 1226 πταίσματι
494 1192 659 1225 ὲξετασθεὶς,
678 1193 812 1228 ἐπεσχέθη
831 1193 880 1226 τῆς

91 1236 288 1272 λειτουργίας,
314 1237 361 1264 καὶ
385 1238 422 1273 μὴ
445 1238 570 1273 ὑπέκυψε
593 1239 651 1269 τοῖς
674 1238 800 1264 κανόσινι
822 1238 880 1264 ἀλλ’

92 1282 185 1317 ἐαυτῷ
199 1282 339 1318 ἐξεδίκησε
352 1283 401 1318 τὴν
418 1284 565 1319 προεδρίαν
579 1285 627 1311 καὶ
641 1284 689 1318 τὴν
697 1284 879 1319 λειτουργίαν.

92 1328 150 1354 Καί
162 1337 193 1362 γε
210 1329 249 1360 ὡς
261 1330 285 1355 οἱ
302 1329 425 1366 δεύτεροι
439 1330 580 1365 ὁμώνυμοι
595 1331 652 1361 τοῖς
665 1330 798 1365 πρώτοις,
810 1330 881 1357 οὕτω

93 1375 143 1401 καὶ
158 1377 183 1401 οἱ
198 1376 286 1409 τρίτοι
301 1376 443 1412 ὁμώνυμοι
458 1379 514 1408 τοῖς
524 1377 671 1412 δευτέροις.
692 1376 801 1411 ’Λμέλει
819 1377 882 1407 τοὺς

94 1421 278 1453 Μελετιανοὺς
294 1423 490 1458 σχισματικοὺς
504 1424 529 1449 οἱ
544 1423 628 1451 πάλαι
647 1423 780 1455 καλοῦσι,
795 1422 882 1449 Μελε-

93 1467 146 1502 τίῳ
156 1467 194 1501 τῷ
206 1468 377 1503 σχισματικῴ
389 1469 624 1504 συναπαχθέντας,
640 1469 687 1495 καί
697 1477 738 1495 τοι
753 1468 791 1504 μὴ
801 1468 881 1500 ὄντας

94 1511 268 1543 καιηδόξους.
293 1512 548 1548 ’Λναθεματίζοντες
564 1512 620 1547 γὰρ
634 1513 664 1539 τὺ
683 1513 748 1539 ἴδιον
768 1512 880 1547 σχίσμα,
894 1505 916 1536 C

95 1557 134 1588 ὥς
159 1565 235 1590 φασι,
260 1558 414 1592 δεδεγμένοι
436 1559 490 1585 εἰσὶ
513 1560 545 1594 τῇ
570 1558 701 1594 καθολικῇ
723 1558 882 1593 Ἐκκλησία.

98 1603 194 1629 Ἐοικε
215 1603 243 1629 δὲ
266 1604 344 1639 σειρά
359 1613 400 1636 τις
422 1602 490 1631 εἷναι
507 1605 718 1640 δαιμονόπλοκος
738 1606 755 1640 ὴ
769 1605 884 1632 καθόλου

97 1649 216 1682 αἵρεσις,
232 1649 313 1684 ἑτέρα
325 1649 375 1684 τῆς
389 1650 487 1685 ἑτέρας
504 1650 630 1685 ἐχομένη,
645 1651 693 1676 καὶ
704 1650 742 1682 ὼς
756 1651 788 1676 ὲκ
805 1659 886 1685 κορυ-

97 1693 152 1727 φῆς
177 1694 241 1727 μιᾶς
262 1693 457 1729 ἐξηρτημένων
474 1695 588 1721 ἁπασῶν
607 1695 659 1729 τῆς
684 1694 814 1726 ἀσεϐείας
839 1695 886 1721 καὶ

98 1740 212 1771 ὰθεῒαςο
229 1738 280 1766 κᾶν
294 1741 480 1776 ἑτερωνυμίᾳ,
497 1741 546 1768 καὶ
558 1741 658 1776 χρόνῳ,
673 1742 720 1768 καὶ
736 1741 821 1776 τόπῳ,
840 1741 887 1767 καὶ

99 1786 242 1820 ποσότητι,
259 1786 308 1812 καὶ
325 1786 465 1821 ποιότητι,
484 1787 531 1813 καὶ
549 1787 674 1821 δυνάμει,
698 1787 745 1813 καὶ
763 1786 888 1821 ἐνεργείᾳ

98 1831 278 1866 διαφέρωσιν.
300 1832 375 1858 Ἐπεὶ
392 1832 458 1867 μηδὲ
480 1832 509 1858 ἓν
531 1833 578 1859 καὶ
602 1832 633 1858 τὸ
657 1833 723 1859 αὐτὸ
747 1833 838 1866 σῶμα,
859 1832 887 1858 ἒν

101 1877 184 1911 μόνον
199 1877 295 1912 μέλος,
311 1878 380 1905 ἀλλὰ
393 1880 440 1906 καὶ
454 1879 538 1906 πολλὰ
548 1887 555 1894 '
570 1879 618 1905 καὶ
639 1879 763 1914 διάφοροι
778 1879 807 1904 αἱ
824 1878 886 1904 τού-

98 1931 156 1949 των
177 1923 247 1958 πρδς
274 1923 378 1959 ἄλληλα
403 1924 552 1960 ἐνέργειαι,
580 1925 719 1960 δυνάμεις,
746 1925 887 1960 ἰδιότητες,

101 1968 194 2000 θέσεις
210 1977 240 1995 τε
255 1969 301 1995 καὶ
317 1970 406 2003 τιμαί.

137 2057 208 2092 Περὶ
222 2057 277 2084 τῶν
290 2057 393 2093 ἑτέρων
412 2066 458 2085 σου
487 2059 664 2094 ἐρωτήσεων·
680 2059 695 2093 ἡ
714 2057 809 2093 πρώτη
825 2057 890 2092 περὶ

101 2104 292 2140 πρεσὸυτὲρου
312 2105 359 2132 τοῦ
384 2105 586 2140 όρθοδοξοῦντος
598 2125 606 2138 ,
621 2106 678 2132 ἀλλ’
694 2106 769 2140 ὅμως
786 2113 891 2140 μνημο-

928 880 985 904 cos,
1000 880 1033 899 eo
1046 872 1117 906 quod
1133 871 1298 905 impietatem
1313 874 1476 897 exeruerunt
1494 870 1521 897 in
1539 870 1563 898 id
1575 871 1646 905 quod
1667 879 1715 898 no-

929 923 992 946 strae
1001 918 1035 945 de
1044 918 1175 944 Trinitate
1189 917 1248 944 fidei
1257 916 1422 951 praecipuum
1431 921 1472 943 est
1484 926 1490 944 :
1504 917 1638 944 secundos
1651 925 1714 944 vero

929 964 1051 996 abusive,
1062 968 1089 990 ct
1106 968 1232 997 umquam
1253 970 1268 988 a
1282 962 1377 996 primis
1393 961 1530 988 derivatos
1542 981 1548 992 .
1565 962 1610 996 qui
1625 966 1713 989 tamen

930 1009 1131 1037 confitebantur
1154 1016 1182 1035 se
1200 1007 1227 1034 in
1244 1007 1403 1034 Trinitatem
1418 1011 1445 1033 ct
1459 1007 1570 1034 credere
1584 1011 1611 1034 et
1626 1007 1712 1041 bapti-

930 1063 1002 1088 1.are,
1031 1054 1059 1081 in
1077 1053 1240 1089 proprietate
1264 1052 1393 1087 singulari
1417 1059 1539 1086 persona:
1559 1052 1690 1086 cujusque
1705 1071 1713 1083 .

931 1109 986 1128 non
1009 1105 1099 1128 autem
1125 1107 1186 1134 qua:
1205 1105 1257 1125 una
1284 1097 1310 1124 in
1330 1097 1419 1124 tribus
1444 1097 1557 1124 exsistat
1578 1105 1585 1123 :
1605 1097 1669 1124 licet
1686 1097 1713 1124 in

931 1149 992 1176 aliis
1024 1148 1106 1174 rebus
1129 1145 1286 1173 haereticum
1314 1144 1415 1178 aliquid
1437 1148 1602 1171 assererem.
1626 1143 1711 1170 Tertii

931 1193 1037 1230 generis
1061 1192 1216 1226 exemplum
1245 1197 1341 1217 rursus
1378 1189 1450 1216 idem
1480 1193 1593 1216 sanctus
1623 1189 1712 1216 dicit:

932 1241 1006 1267 velut
1017 1239 1038 1266 si
1054 1238 1115 1273 quis
1132 1237 1254 1265 criminis
1268 1236 1409 1264 convictus
1419 1256 1426 1268 ,
1439 1243 1454 1263 a
1469 1243 1547 1263 sacro
1564 1235 1715 1262 ministerio

931 1293 1081 1321 suspensus
1098 1285 1144 1318 sit,
1167 1289 1194 1312 et
1210 1283 1359 1311 canonibns
1372 1290 1425 1309 non
1439 1281 1526 1313 cedat,
1539 1281 1586 1308 sed
1603 1281 1714 1316 primam

932 1331 982 1358 sibi
1000 1331 1091 1358 sedem
1104 1335 1130 1357 et
1146 1329 1327 1357 ministerium
1345 1328 1474 1354 vindicet.
1498 1326 1586 1361 Atque
1601 1331 1630 1353 ut
1645 1326 1715 1353 idem

931 1385 993 1404 cum
1009 1376 1104 1411 primis
1125 1383 1224 1402 nomen
1241 1374 1326 1401 sortiti
1350 1378 1414 1401 sunt
1428 1373 1539 1401 secundi
1555 1381 1562 1405 ;
1581 1373 1615 1399 ita
1635 1372 1716 1398 etiam

934 1423 1005 1451 tertii
1022 1430 1083 1450 cum
1098 1421 1236 1449 secundis.
1251 1420 1331 1448 Certe
1352 1419 1529 1451 Meletianos;
1545 1425 1614 1452 quos
1634 1417 1717 1443 Mele-

934 1470 989 1497 tius
1017 1468 1207 1496 scliismaticus
1243 1465 1390 1493 abduxerat
1418 1473 1425 1497 ;
1449 1463 1552 1498 antiqui
1581 1462 1718 1497 appellant

933 1515 1130 1547 schismaticos,
1149 1512 1272 1548 quamvis
1297 1519 1351 1539 non
1376 1515 1468 1538 essent
1497 1508 1635 1537 cacodoxi.
1652 1508 1718 1535 Pro-

934 1561 1024 1596 prium
1043 1560 1114 1586 enim
1131 1558 1259 1589 schisma,
1281 1562 1312 1584 ut
1338 1556 1424 1588 aiunt,
1443 1552 1717 1582 anathematizantes.

934 1608 968 1635 ab
986 1607 1104 1634 Ecclesia
1122 1604 1230 1632 catholil
1241 1611 1255 1630 a
1272 1602 1390 1636 suscepti
1404 1605 1477 1628 sunt.
1499 1599 1612 1626 Videtur
1627 1602 1719 1624 autem

935 1653 1056 1683 haeresis.
1074 1653 1101 1679 in
1127 1651 1284 1678 universum
1313 1653 1407 1675 catena
1425 1646 1548 1681 quaedam
1564 1651 1624 1671 esse
1637 1651 1652 1670 a
1667 1643 1721 1669 dae-

936 1707 1016 1728 mone
1026 1702 1151 1726 contexta
1168 1715 1176 1727 ,
1203 1696 1286 1723 altera
1301 1694 1377 1722 alteri
1400 1699 1522 1721 connexa
1537 1711 1545 1723 .
1563 1689 1722 1724 cunctisque

936 1750 1063 1779 tanquam
1081 1743 1115 1769 ab
1131 1749 1186 1768 uno
1215 1739 1361 1775 impietatis
1377 1737 1465 1772 capite
1483 1735 1722 1770 appensis:qnan-

937 1790 1038 1818 tumvis
1051 1787 1209 1816 diversitate
1238 1785 1378 1812 nominum
1396 1802 1403 1814 ,
1417 1786 1444 1809 el.
1460 1788 1579 1816 tempore
1589 1801 1595 1812 ,
1609 1784 1636 1806 ct
1652 1779 1722 1808 loco.

937 1841 964 1864 et
979 1835 1139 1870 quantitate,
1155 1836 1183 1859 et
1196 1831 1336 1867 qualitate.
1350 1834 1378 1856 et
1395 1827 1523 1864 potentia.
1542 1831 1570 1854 et
1591 1829 1653 1853 actu
1669 1823 1723 1851 dif-

938 1883 1027 1909 ferant
1043 1889 1051 1908 :
1070 1877 1289 1914 quandoquidem
1303 1883 1354 1903 nec
1367 1882 1451 1902 unum
1478 1873 1604 1906 idemque
1626 1877 1725 1904 corpus

939 1927 1092 1955 membrum
1116 1928 1158 1952 est
1171 1930 1254 1951 unum
1270 1922 1370 1952 solum,
1382 1920 1429 1947 sed
1445 1919 1527 1946 multa
1542 1925 1550 1949 ς
1570 1915 1724 1949 diversique

939 1977 1004 2000 sunt
1046 1972 1145 1998 horum
1197 1969 1268 1996 inter
1293 1975 1322 1994 se
1351 1969 1448 1996 actus,
1473 1963 1615 1991 facultates
1631 1981 1639 1994 ,
1660 1967 1724 1995 pro-

940 2018 1079 2053 prietates,
1100 2017 1221 2049 situsque
1235 2018 1263 2040 et
1278 2013 1407 2040 honores.
1483 2044 1486 2045 ν

976 2063 1054 2096 Quod
1074 2065 1178 2097 spectat
1194 2064 1306 2088 emeras
1333 2055 1560 2091 interrogationes
1590 2058 1672 2085 tuas;
1692 2051 1725 2078 ad

942 2108 1067 2143 primam,
1082 2107 1116 2134 de
1137 2106 1292 2141 presbytero
1307 2102 1458 2129 orthodoxo
1474 2099 1601 2135 quideln',
1624 2097 1671 2125 sed
1688 2101 1727 2124 ta-

101 2150 230 2182 νεύοντος
254 2150 330 2186 φόϐῳ
357 2151 478 2186 διωγμοῦ
499 2151 545 2177 τὸν
568 2152 706 2186 αἱρετικὸν
729 2151 883 2178 ἐπίσκοπον

942 2161 1003 2180 men
1021 2153 1066 2187 qui
1084 2150 1283 2187 persecutionis
1297 2152 1369 2176 metu
1384 2145 1542 2174 haereticum
1568 2144 1726 2179 episcopum

101 2197 313 2232 npoamxptﬂqv
332 2205 391 2224 σοι’
419 2198 486 2233 πλὴν
503 2198 550 2225 καὶ
571 2196 666 2229 αὖθις·
692 2198 715 2224 εί
732 2197 770 2233 μὴ
786 2197 890 2224 συλλει-

100 2245 216 2278 τουργεί
225 2243 365 2278 αἱρετικῷ,
377 2244 423 2270 καὶ
436 2244 460 2270 εί
476 2244 513 2279 μὴ
524 2243 661 2279 μεταδιδοῖ
674 2245 731 2275 τοῖς
747 2242 889 2274 τοιούτοις,

100 2289 214 2316 δεκτέον
227 2288 273 2315 τὸν
284 2289 405 2315 τοιοῦτον
419 2289 459 2320 είς
468 2289 705 2321 συνεστίασιν,καὶ
718 2288 889 2323 ψαλμῳδίαν,

102 2335 153 2361 καὶ
165 2334 292 2368 εὐλογίαν
311 2334 474 2370 βρωμάτων,
490 2335 537 2361 καὶ
551 2335 630 2362 τοῦτο
646 2335 705 2361 κατ’
722 2334 889 2369 οίκονομίαν,

102 2381 133 2408 οὐ
150 2380 201 2415 μέν
212 2389 254 2406 τοι
267 2380 306 2412 είς
322 2380 398 2406 θείαν
414 2380 576 2415 μετάληψιν.
588 2382 634 2407 Δεῖ
647 2380 674 2406 δὲ
687 2380 830 2414 ἐπερωτᾷν
842 2379 892 2414 τῆς

102 2427 242 2462 αἱρέσεως
260 2427 415 2462 κρατούσης
434 2427 558 2457 πάντως·
572 2426 718 2461 ὁμολογίαν
733 2425 760 2452 δὲ
777 2425 892 2459 δεχομέ-

103 2482 161 2505 νοις
176 2473 332 2507 ἀρκεῖσθαι,
343 2473 392 2499 οὐκ
409 2470 467 2499 οἶδα
482 2472 506 2498 εί
523 2472 560 2507 μὴ
574 2472 716 2507 προδήλως
730 2470 893 2505 ψευδολόγος

104 2518 188 2553 αὓτη.
205 2518 242 2544 Τὸ
256 2517 308 2554 γὰρ
321 2517 405 2553 φαίην
423 2526 452 2544 σε
472 2517 646 2544 διδάσκεσθαι
662 2517 736 2552 ἡμᾶς
752 2516 828 2552 παρὰ
840 2515 893 2541 τῶν

103 2564 238 2599 ΙΙατέρων
250 2584 256 2595 ,
277 2563 315 2599 μὴ
332 2564 492 2599 ἐπερωτᾷν,
518 2564 582 2599 περὶ
596 2563 693 2598 καιροῦ
714 2560 745 2590 οὗ
761 2562 799 2597 μὴ
820 2562 893 2588 ἔστιν

104 2611 214 2645 αἵρεσις
243 2609 412 2644 μαινομένη·
445 2610 492 2635 καὶ
520 2609 585 2644 περὶ
609 2609 663 2635 τῶν
688 2609 725 2643 μὴ
753 2607 894 2643 προδήλως

105 2655 353 2691 κατεγνωσμένων.
378 2655 504 2682 Τοιοῦτον
519 2655 546 2681 δὲ
562 2655 757 2690 πρεσϐύτερον,
780 2654 894 2680 σπάνιον

104 2703 198 2737 εὑρεῖν
211 2701 260 2728 νῦν
273 2701 312 2736 μὴ
327 2700 490 2737 μιγνύμενον
507 2701 551 2728 καὶ
571 2700 804 2734 σιν-(κοινωνοῦντα
820 2699 893 2733 αἱρε-

105 2749 202 2780 τικοϊς.

141 2838 163 2854 "
177 2837 243 2866 (Ian.
261 2845 279 2865 ι.

942 2201 1148 2230 commemorat,
1164 2197 1219 2231 jam
1235 2199 1298 2223 ante
1316 2192 1443 2228 respondi
1463 2191 1509 2218 tibi
1524 2190 1590 2223 ;sed
1606 2193 1634 2216 et
1654 2195 1727 2215 nunc

942 2246 1040 2273 iterum
1061 2243 1107 2270 :Si
1123 2250 1184 2270 cum
1211 2239 1340 2268 hatretico
1362 2245 1416 2265 non
1441 2235 1590 2265 sacrificet,
1603 2241 1654 2261 nec
1667 2232 1727 2260 tali-

942 2293 993 2320 bus
1006 2289 1166 2325 impertiat;
1190 2285 1376 2321 recipiendum
1397 2284 1470 2310 hunc
1495 2288 1557 2309 esse
1581 2280 1614 2306 ad
1633 2278 1728 2306 convi-

943 2342 1027 2369 ctum,
1044 2341 1072 2363 et
1095 2333 1281 2370 psalmodiam.
1296 2335 1324 2358 et
1342 2327 1560 2357 benedictionem
1583 2330 1707 2352 escarum
1719 2341 1725 2351 ,

943 2384 1024 2417 idque
1049 2368 1102 2416 per
1120 2378 1362 2414 dispensationem,
1375 2382 1429 2402 non
1444 2377 1535 2400 autem
1551 2371 1584 2397 ad
1609 2368 1727 2396 divinam

943 2414 1188 2464 participationem.
1211 2424 1379 2457 Interrogare
1402 2425 1516 2454 prorsus
1528 2419 1651 2451 oportet,
1671 2414 1728 2441 ba:-

944 2474 996 2502 resi
1015 2473 1173 2500 dominante
1188 2478 1194 2502 ;
1207 2467 1378 2496 confessione
1396 2469 1486 2492 autem
1509 2466 1634 2496 suscepta
1653 2479 1661 2490 .
1684 2466 1728 2486 ac—

943 2520 1094 2554 quiescere,
1123 2515 1175 2543 nisi
1200 2513 1342 2549 perspicue
1371 2511 1406 2538 sit
1430 2510 1506 2537 falsa.
1530 2507 1587 2534 Hoc
1614 2505 1686 2533 enim
1714 2513 1728 2530 a

944 2550 1071 2592 llatribus
1085 2560 1177 2589 doceri
1202 2567 1251 2587 nos
1268 2557 1382 2585 dixerim
1402 2564 1409 2587 ;
1434 2562 1488 2581 non
1508 2550 1729 2586 interrogandum

944 2617 998 2645 quo
1012 2613 1131 2641 tempore
1146 2612 1198 2631 non
1223 2607 1360 2638 grassatur
1379 2598 1502 2629 haeresis,
1517 2604 1568 2623 nec
1582 2595 1615 2623 de
1635 2595 1667 2621 iis
1684 2594 1729 2628 qui

946 2641 999 2682 non
1027 2657 1091 2681 sunt
1113 2650 1256 2678 manifeste
1283 2646 1413 2676 damnati.
1445 2641 1605 2678 llujusmodi
1639 2645 1730 2668 autem

946 2701 1131 2736 presbﬁerum
1147 2696 1264 2731 reperire
1271 2701 1342 2721 nunc
1361 2699 1448 2719 rm-um
1464 2693 1514 2721 est,
1528 2689 1572 2722 qui
1587 2695 1639 2714 non
1656 2693 1730 2713 cotu-

947 2747 1093 2775 misrealur
1109 2749 1135 2770 ct
1150 2741 1331 2771 communicet
1355 2746 1415 2766 cum
1436 2734 1582 2764 lucretio-is.
