1926 3078
225 121 294 153 1055

258 176 393 209 Secunda,
410 177 444 204 de
469 176 572 205 Christi
602 177 714 209 famulo.
751 177 797 213 qui
817 178 851 206 ad
867 179 1015 206 oratorium
1031 178 1055 208 A

222 230 302 250 suum
319 222 442 254 advocat,
459 227 490 249 ut
508 223 678 258 pervigilium
695 223 848 251 celebretur
862 233 869 250 :
884 227 973 250 utrum
993 225 1019 250 in

221 276 254 296 eo
270 276 345 296 sacra
358 268 444 301 obire,
454 273 482 296 et
491 276 552 296 cum
568 269 666 303 quibus
677 273 811 304 oporteat.
823 269 879 296 Mos
886 269 1021 304 gerendus

221 319 275 347 est,
292 314 446 342 eteundum
459 314 560 348 utique,
569 319 596 341 et
608 322 660 341 una
672 314 851 349 psallendum,
862 315 1022 342 siorthodo—

221 369 272 388 xus
285 365 328 387 est
340 361 385 395 qui
398 361 515 387 advocat
529 366 557 387 ct
571 360 616 395 qui
629 360 757 395 psallunt,
769 366 898 388 caventes
912 361 1021 395 utrique

221 414 256 434 ne
268 414 330 433 eum
343 406 478 433 haereticis
485 405 771 438 communicent.Quin
780 411 808 433 et
815 413 891 433 sacra
901 406 926 432 in
935 411 1021 434 orato-

222 453 263 479 rio
278 453 442 487 peragenda,
453 453 476 479 si
490 452 605 479 atﬁrmet
618 451 664 486 qui
678 453 792 483 obtinet,
807 453 928 480 nondum
944 453 972 480 in
987 460 1021 481 eo

223 497 380 525 huu'cticum
393 498 570 525 ministrasse.
586 497 645 524 lam
656 498 728 524 enim
739 497 841 525 dictum
854 503 908 531 est,
921 506 1019 526 neces-

223 541 295 568 sario
306 541 339 569 de
352 542 490 574 omnibus,
517 542 552 569 ob
569 542 705 569 furentem
723 542 860 575 ha-resim,
877 543 1021 570 sciscitan-

222 587 298 614 dum.

257 632 365 664 Tertia;
380 633 403 660 si
421 633 483 668 quis
511 633 546 660 ab
574 633 665 667 aliquo
683 633 833 661 Ecclesiam
868 633 1021 668 susceperit

222 678 398 711 orthodoxus,
417 678 501 706 moris
514 682 605 706 autem
621 679 657 706 sit
671 679 755 706 semel
772 683 817 706 aut
835 679 933 706 iterum
945 684 1021 714 quot-

227 723 307 750 annis
319 723 344 749 in
356 731 387 750 ea
400 724 560 758 congregari
586 724 728 758 populum,
742 731 774 751 ac
786 724 905 751 haeretici
918 732 1020 752 nomen

227 767 257 794 in
284 767 391 803 liturgia
420 769 583 795 memorari:
597 769 755 796 necessario
775 769 884 803 quidem
905 769 1019 804 permit-

223 814 335 840 tendum
354 819 396 841 est
410 819 439 841 ut
453 814 490 841 ibi
507 815 649 849 psallatur,
677 823 732 842 non
756 819 847 842 autem
863 819 894 842 ut
909 815 1017 851 liturgia

221 859 394 894 celebretur;
411 861 483 895 quod
498 860 520 887 si
538 861 656 887 obtineri
677 865 770 895 potest
793 865 823 888 ut
837 868 897 889 mos
909 861 954 888 ille
970 868 1014 889 re-

220 905 368 938 scindatur,
393 907 474 933 etiam
489 906 596 941 liturgia
611 906 746 934 obeunda.

255 951 374 984 Quarta;
390 951 412 978 si
429 952 465 979 sit
478 952 598 979 Ecclesia
619 952 646 979 in
661 960 714 987 qua
729 952 884 980 sacriﬁcans
908 954 1019 981 hatreti-

219 1003 281 1023 cum
293 1001 497 1029 commemoret,
519 997 670 1031 habeatque
686 998 853 1025 orthodoxus
878 999 1017 1026 sacriﬁca-

220 1042 321 1068 torium
335 1042 532 1070 sanctiﬁcatum
550 1043 577 1069 in
592 1042 708 1070 sindone
721 1043 763 1070 vel
774 1044 802 1070 in
813 1044 951 1072 asseribus
963 1053 970 1077 ;
982 1052 1016 1073 an

218 1087 346 1114 convenit
356 1088 420 1115 illud
434 1088 461 1115 iu
476 1088 571 1115 eadem
583 1088 646 1123 poni
659 1089 791 1121 Ecclesia,
803 1097 859 1116 non
879 1095 1017 1124 praesente

218 1131 264 1159 illo
274 1133 319 1167 qui
332 1138 538 1165 commemorat,
552 1134 579 1160 iu
606 1141 693 1168 eoque
707 1135 861 1162 sacriﬁcare
883 1135 1016 1164 orthodo-

220 1185 284 1204 xum
300 1179 311 1205 ?
327 1178 388 1205 Non
413 1179 542 1206 convenit
557 1187 565 1212 ;
582 1179 630 1206 sed
649 1179 749 1214 potius,
777 1187 810 1207 ex
835 1181 1011 1214 necessitate,

220 1223 248 1250 iu
264 1225 403 1251 communi
419 1224 510 1258 domo,
523 1225 630 1253 delecto
644 1226 772 1261 quopiam
786 1227 931 1254 mundiore
941 1227 1013 1255 loco.

256 1311 359 1344 Quinta
373 1321 381 1345 ;
396 1312 417 1340 si
444 1314 585 1349 contingat
601 1315 628 1342 in
651 1315 748 1342 itinere
767 1316 947 1344 orthodoxum
965 1325 1014 1345 vo-

220 1357 279 1386 cari
302 1365 317 1384 a
333 1358 476 1386 sacerdote
493 1359 621 1394 quopiam
646 1361 688 1388 vel
709 1361 777 1389 laico
798 1362 832 1389 ad
848 1363 1013 1396 convivium,

220 1406 248 1428 et
264 1405 370 1435 tempus
382 1402 418 1428 sit
434 1402 592 1436 psalmodiae
607 1412 614 1436 ;
628 1405 764 1438 quomodo
778 1405 841 1433 licet
856 1406 1012 1434 interesse?

220 1447 289 1478 Dixi,
307 1452 335 1474 et
351 1447 449 1475 iterum
459 1449 521 1476 dico
533 1458 541 1482 ;
555 1449 652 1477 haeresi
670 1451 822 1485 obtinente,
842 1459 894 1480 nec
909 1452 1013 1480 distur-

221 1493 284 1520 bata
300 1501 349 1528 per
361 1493 499 1529 Synodum
512 1495 701 1529 orthodoxam,
719 1505 830 1525 necesse
842 1503 883 1525 est
896 1498 1012 1526 interro-

220 1548 286 1575 gare
301 1546 356 1568 tum
373 1542 400 1568 in
416 1542 506 1569 divina
525 1543 742 1578 participatione,
757 1549 813 1572 tum
826 1545 853 1572 in
869 1546 1009 1573 communi
1026 1531 1048 1562 Ο

221 1587 349 1614 convictu
365 1597 371 1614 :
386 1595 437 1615 nec
454 1588 540 1616 ullum
568 1590 601 1616 ad
620 1590 678 1617 hac
706 1595 814 1625 tempus
845 1591 1017 1626 intempesti-

221 1641 286 1660 vum
302 1638 343 1661 est
356 1654 364 1667 ,
382 1643 433 1663 nec
459 1635 557 1670 pudori
586 1636 673 1664 locus.
699 1637 770 1672 Ergo
790 1641 818 1664 ut
834 1645 931 1672 panem
951 1639 1015 1673 quis

222 1679 386 1713 simpliciter
397 1682 513 1716 accipiat
527 1690 542 1709 a
555 1690 729 1717 quocunque,
738 1683 912 1718 interrogatio
922 1692 1016 1712 neces-

223 1727 296 1752 saria
324 1734 379 1753 non
405 1733 467 1759 est;
486 1735 577 1763 neque
603 1732 633 1755 ut
655 1729 727 1764 apud
759 1729 835 1756 illum
866 1730 1013 1764 eonvivari,

222 1772 336 1799 scorsim
352 1772 478 1804 fortasse,
495 1779 522 1800 et
544 1775 665 1802 dormire
683 1771 775 1808 liceat,
791 1775 815 1802 si
841 1780 904 1803 ante
920 1777 1016 1804 convi-

222 1820 283 1842 ctus
298 1824 352 1843 non
369 1821 410 1843 est
426 1817 537 1845 haeresis
559 1823 606 1845 aut
621 1818 760 1852 nequitiae.
783 1820 820 1846 De
847 1820 954 1848 cteteris
965 1829 1015 1848 au-

222 1865 277 1887 tem
294 1862 447 1888 necessario
460 1862 694 1897 interrogandum.

258 1906 339 1934 Sexta
355 1915 362 1939 ;
381 1911 471 1934 utrum
485 1908 512 1934 in
529 1909 646 1936 decursu
662 1909 770 1936 itineris
783 1909 866 1937 liceat
880 1911 1014 1939 orthodo-

223 1959 268 1983 ιο,
284 1952 306 1979 si
322 1951 470 1980 Ecclesiam
493 1954 554 1982 vico
578 1955 620 1981 vel
641 1955 701 1982 urbi
718 1955 837 1983 vicinam
853 1956 1012 1991 oll‘euderit,

221 1998 259 2024 ibi
281 2006 369 2030 orare,
389 2003 437 2025 aut
451 1999 544 2031 etiam,
559 2000 623 2027 dum
637 2000 767 2028 laicorum
783 2003 862 2029 tectis
882 2002 920 2029 uti
935 2003 1011 2036 vitat,

222 2044 250 2069 in
267 2051 299 2070 ea
314 2043 448 2071 diversari
463 2045 474 2071 ?
490 2044 523 2072 Et
549 2046 683 2073 orandum
707 2046 735 2073 in
750 2047 794 2073 illa
811 2068 818 2079 ,
835 2052 862 2074 et
876 2048 1014 2075 diverten-

223 2088 290 2114 dum
302 2109 310 2121 ,
326 2088 348 2115 si
363 2089 420 2116 sola
437 2091 473 2117 sit
488 2099 495 2116 :
511 2090 558 2119 sed
572 2095 599 2117 et
615 2091 644 2117 in
659 2091 719 2118 laici
744 2092 848 2119 uadibus
864 2093 905 2120 vel
922 2101 1013 2122 sacer-

222 2134 304 2165 dotis,
315 2140 477 2170 urgente,ut
487 2136 589 2163 dictum
603 2137 735 2170 est,hora2
749 2139 920 2171 necessitate,
930 2140 1014 2167 indif-

819 122 850 153 S.
867 121 1066 153 THEODORI
1087 122 1263 153 STUDI‘T/E

1788 117 1857 150 1056

1108 179 1142 204 Ἠ
1166 178 1299 213 δευτέρα·
1326 176 1390 212 περὶ
1417 174 1591 211 φιλοχρίστου
1616 173 1856 209 προσκαλουμένου

1072 225 1112 256 εἰς
1133 225 1165 251 τὸ
1188 224 1332 260 εὐκτήριον
1350 222 1433 249 αὑτοῦ
1449 221 1563 254 ποιῆσαι
1584 219 1747 254 παννυχίδαο
1767 219 1815 246 καὶ
1834 220 1857 246 εί

1070 270 1111 297 δεῖ
1130 270 1158 296 ἐν
1181 270 1257 305 αὐτῷ
1275 268 1478 304 λειτουργῆσαι·
1505 266 1552 292 καὶ
1572 265 1631 300 μεθ’
1651 262 1688 291 ὧν
1705 266 1771 299 χρή.
1792 264 1857 290 Ὕπ-

1071 315 1227 347 ακουστέον,
1249 315 1297 341 καὶ
1323 314 1401 345 ἰτέον,
1429 313 1476 339 καὶ
1499 311 1670 346 συμψαλτέον
1693 310 1816 345 δηλονότι
1835 310 1858 335 εί

1070 361 1211 397 ὀρθόδοξος
1226 362 1240 388 ὁ
1256 359 1496 396 προσκαλούμενος
1509 358 1557 384 καὶ
1569 357 1594 383 οἱ
1607 355 1858 391 ψαλτῳδοὶ,φυλατ-

1071 408 1180 442 τόμενοι
1190 406 1341 442 ἀμφότεροι
1356 405 1405 440 τῆς
1415 404 1470 430 τῶν
1484 403 1630 438 αἱρετικῶν
1641 401 1794 432 κοινωνίας.
1805 400 1860 427 Καὶ

1073 453 1126 488 μὴν
1142 454 1191 479 καὶ
1209 447 1418 486 λειτουργητέον
1432 450 1461 475 ὲν
1476 448 1516 483 τῷ
1530 447 1682 483 εὐκτηρίῳ,
1706 447 1733 472 εἴ
1746 455 1778 480 γε
1792 447 1859 480 ὁμο-

1071 498 1164 532 λογοίη
1185 499 1199 524 ὁ
1222 497 1357 531 κατέχων,
1375 495 1476 531 μηκέτι
1500 494 1552 521 ὑπὸ
1567 492 1707 528 αἱρετικοῠ
1729 491 1796 518 αὐτὸ
1809 491 1859 517 λει-

1070 543 1256 579 τουργεῖσθαι.
1282 543 1450 578 Προείρηται
1477 541 1532 575 γὰρ
1556 540 1706 573 ἀναγκαῖον
1733 537 1802 565 εἶναι
1829 537 1860 563 τὸ

1071 590 1213 625 ἐπερωτᾷν
1226 590 1255 614 ὲν
1271 589 1338 615 πᾶσι
1351 587 1394 614 διὰ
1411 586 1460 622 τὴν
1476 585 1614 612 λυττῶσαν
1627 586 1744 620 αἵρεσιν.

1113 636 1144 662 'H
1166 635 1264 670 τριτη”
1290 635 1316 660 εἰ
1335 633 1412 660 λάϐοι
1433 640 1475 663 τις
1499 631 1576 667 παρὰ
1596 639 1668 662 τινος
1694 629 1861 665 Ἐκκλησίαν

1070 681 1221 717 ὀρθέδοξος,
1240 680 1298 706 ἐστι
1313 679 1340 705 δὲ
1357 678 1489 712 συνήθεια
1505 676 1553 704 τοῦ
1572 677 1632 703 κατ’
1648 675 1771 703 ἐνιαυτὸν
1787 675 1860 707 ἅπαξ

1070 727 1087 762 ἢ
1107 726 1147 758 δὶς
1163 725 1358 760 συνηθροῖσθαι
1372 725 1402 750 ὲν
1418 724 1486 759 αὐτῇ
1502 723 1576 754 λαὸν,
1586 722 1634 749 καὶ
1649 723 1677 748 ἐν
1691 723 1725 757 τῇ
1739 721 1863 756 λειτουρ-

1069 772 1118 808 γίᾳ
1130 771 1317 806 ἀναφέρεσθαι
1332 769 1377 796 τὸν
1393 769 1544 804 αίρετικ6ν”
1560 767 1607 794 τοῦ
1625 767 1674 802 μὲν
1687 767 1800 802 ψάλλειν
1814 766 1860 793 ὲκ·

1069 818 1211 845 εἰσεκατὰ
1221 817 1345 851 ἀνάγκην
1359 815 1567 850 συγχωρητέον·
1583 814 1752 849 λειτουργεῖν
1764 813 1803 843 δὲ.
1816 811 1860 839 οὔ.

1073 864 1104 891 Εἰ
1128 864 1157 891 δὲ
1181 863 1296 890 δυνατὸν
1311 862 1475 897 διακοπῆναι
1489 861 1540 895 τὴν
1563 860 1719 896 συνήθειαν,
1743 859 1791 885 καὶ
1805 858 1861 885 λει-

1071 919 1117 937 του
1122 910 1253 946 ργητέον..

1114 956 1145 982 'H
1162 956 1296 991 τετάρτη·
1314 955 1339 980 sl
1359 952 1508 988 Ἐκκλησία.
1523 952 1598 978 ἐστὶν
1613 950 1656 985 ἐφ’
1707 951 1721 977 ὸ
1738 950 1860 984 λειτουρ-

1070 1002 1128 1037 γῶν
1144 1002 1276 1036 ἀναφέρει
1293 1001 1338 1027 τὸν
1354 999 1494 1036 αἱρετικόν
1504 1006 1510 1014 ·
1525 997 1644 1032 ἔχειδὲό
1659 995 1799 1032 ὀρθόδοξος
1812 995 1860 1022 θυ-

1071 1049 1229 1083 σιαστήριον
1246 1045 1470 1081 καθηγιασμένον
1488 1045 1518 1070 ὲν
1533 1042 1651 1075 σινδόνι,
1673 1042 1690 1077 ἢ
1707 1042 1737 1068 ὲν
1753 1041 1858 1068 σανίσι·

1069 1094 1205 1129 προσήκει
1218 1092 1284 1118 αὐτὸ
1301 1091 1415 1126 τεθῆναι
1440 1091 1469 1117 ἓν
1490 1091 1523 1125 τῇ
1543 1089 1613 1123 αὐτῇ
1636 1087 1800 1122 Ἐκκλησία,
1822 1086 1859 1121 μὴ

1069 1139 1205 1174 παρόντος
1218 1136 1266 1164 τοῦ
1282 1136 1476 1171 ἀναφέροντος,
1488 1135 1536 1161 καὶ
1548 1134 1577 1160 ἐν
1590 1132 1666 1167 αὑτῷ
1684 1131 1861 1164 συλλειτουρ-

1068 1185 1153 1219 γῆσαι
1164 1184 1210 1210 τὸν
1221 1182 1375 1218 ὀρθόδοξον;
1391 1181 1421 1208 οὐ
1437 1180 1572 1216 προσήκει
1583 1199 1591 1212 ,
1605 1178 1673 1206 ἀλλὰ
1684 1177 1785 1213 μᾶλλον
1797 1177 1859 1203 κατ’

1068 1230 1193 1265 ἀνάγκην
1208 1230 1237 1255 ὲν
1252 1227 1336 1263 κοινῷ
1348 1226 1428 1262 οἴκῳ,
1454 1224 1643 1260 ὲκλελεγμένῳ
1656 1223 1710 1251 τινὶ
1732 1223 1860 1258 καθαρομ

1067 1277 1140 1312 τέρῳ
1159 1275 1248 1310 τόπῳ.

1109 1323 1140 1348 'H
1155 1322 1269 1357 πέμπτη
1281 1330 1287 1336 ·
1313 1321 1337 1347 ει
1354 1319 1415 1347 καθ’
1428 1319 1489 1346 ὁδὸν
1501 1318 1578 1353 τύχοι
1593 1316 1736 1352 ὸρθόδοξον
1750 1315 1803 1342 ὑπό
1816 1323 1861 1340 τι-

1067 1375 1111 1398 νος
1124 1366 1273 1401 ἱερωμένου
1288 1366 1304 1401 ἢ
1319 1364 1415 1392 λαῖκοῦ
1431 1363 1638 1400 προσκληθῆναι
1653 1363 1693 1393 εἰς
1714 1360 1860 1388 συνεστία-

1067 1421 1118 1439 σιν·
1135 1412 1179 1448 εἴη
1196 1413 1224 1438 δὲ
1235 1411 1330 1447 καιρὸς
1342 1410 1503 1446 ψαλμῳδίας
1514 1417 1521 1424 ·
1531 1409 1590 1440 πῶς
1599 1408 1656 1435 ἔστι
1665 1406 1837 1442 διαγενέσθαι
1851 1415 1858 1439 ;

1066 1456 1153 1491 εἷπον,
1169 1457 1218 1485 καὶ
1233 1457 1315 1484 πάλιν
1328 1457 1401 1490 λέγω
1411 1464 1418 1472 ·
1432 1455 1564 1491 αἱρέσεως
1580 1453 1796 1488 ἐπικρατούσης,
1809 1453 1860 1479 καὶ

1067 1504 1105 1539 μὴ
1122 1501 1342 1537 καταϐληῡείσης
1358 1501 1391 1528 δι’
1407 1499 1552 1536 ὀρθοδόξου
1570 1499 1690 1531 συνόδου,
1708 1498 1860 1531 ἀναγκαῖον

1068 1550 1099 1576 τὺ
1127 1550 1271 1585 διερωτᾷν,
1302 1548 1348 1575 ἐπί
1372 1556 1402 1574 τε
1427 1548 1476 1581 τῆς
1498 1546 1572 1577 οείας
1599 1545 1786 1580 μεταλήψεως,
1812 1544 1862 1570 καὶ

1070 1596 1166 1630 κοινῆς
1191 1594 1358 1624 ἑστιάσεως·
1386 1593 1433 1620 καὶ
1455 1592 1543 1623 οὐδεὶς
1567 1590 1664 1626 καιρὸς
1684 1590 1751 1624 πρὸς
1772 1588 1861 1616 ταῦτα

1069 1640 1161 1672 αἰδοῦς
1185 1640 1232 1667 καὶ
1256 1639 1372 1674 ἀωρίας.
1395 1638 1494 1665 Λαϐεῖν
1513 1637 1563 1672 μὲν
1586 1636 1640 1671 γὰρ
1660 1636 1744 1671 ἄρτον
1765 1635 1862 1666 ἁπλῶς

1069 1686 1145 1722 παρὰ
1155 1685 1202 1712 τοῦ
1215 1685 1354 1720 τυχόντος,
1368 1684 1418 1710 οὐκ
1436 1683 1585 1717 ἀναγκαῖον
1601 1683 1641 1713 είς
1655 1682 1800 1717 ἐρώτησιν·
1811 1680 1862 1706 καὶ

1070 1732 1136 1768 παρ’
1150 1731 1226 1767 αὐτῷ
1239 1731 1409 1767 ἐστιαθῆναι,
1423 1729 1583 1764 καταμόνας
1599 1728 1691 1764 τυχὸν,
1708 1728 1755 1754 καὶ
1768 1735 1863 1753 κοιτα-

1070 1779 1186 1814 σθῆναι,
1205 1779 1229 1805 εἰ
1248 1778 1319 1813 μήγε
1340 1775 1568 1813 προεγνωσμένος
1585 1775 1660 1802 ἐστὶν
1673 1775 1703 1801 ἐν
1721 1773 1828 1808 αἱρέσει
1843 1772 1862 1808 ῆ

1069 1822 1165 1858 κακίᾳ.
1181 1823 1251 1857 Περὶ.
1272 1821 1300 1848 δὲ
1314 1820 1370 1848 τῶν
1385 1820 1489 1847 λοιπῶν
1505 1819 1534 1852 ἐξ
1552 1819 1674 1854 ἀνάγκης
1694 1818 1862 1853 ὲρωτητὲον.

1109 1913 1143 1940 Ἢ
1169 1913 1253 1949 ἕκτη·
1282 1913 1307 1940 ει
1335 1912 1407 1940 κατὰ
1435 1912 1552 1948 πάροδον
1577 1910 1694 1946 εὑρόντα
1717 1909 1863 1944 ὀρθόδοξον

1075 1959 1239 1995 Ἐκκλησίαν
1254 1959 1458 1993 πλησιάζουσαν
1476 1957 1557 1993 κώμῃ
1573 1957 1688 1992 ἢπόλει,
1705 1956 1765 1983 δέον
1777 1956 1865 1982 αὺτδν

1069 2005 1199 2038 εὖξασθαι
1216 2006 1284 2037 ἐκεῖ,
1300 2005 1316 2040 ἢ
1332 2005 1379 2031 καὶ
1392 2003 1556 2035 καταλῦσαι,
1578 2003 1714 2038 φεύγοντα
1729 2002 1862 2036 ὑφέστιον

1067 2051 1194 2085 γενέσθαι
1206 2050 1309 2081 λαῖκοῖς
1323 2058 1330 2082 ;
1347 2050 1402 2076 Καὶ
1413 2049 1536 2082 εὐκτέον,
1549 2049 1596 2075 καὶ
1613 2047 1863 2081 καταλυτέον,εῑγε

1070 2097 1138 2132 μόνη
1149 2097 1223 2123 ἐστίν
1233 2105 1239 2112 ·
1250 2095 1374 2122 ἀλλὰκαὶ
1387 2096 1427 2126 είς
1439 2095 1529 2122 οὶκίαν
1542 2094 1649 2127 λαῖκοῦ,
1662 2095 1678 2129 ἢ
1692 2093 1859 2129 ἱερωμένου,

1067 2144 1106 2175 ὡς
1124 2142 1233 2178 εἴρηται
1254 2140 1474 2177 κατεπειγούσης
1497 2141 1652 2175 ἀναγκαίας
1668 2141 1761 2174 ὧρας,
1779 2140 1861 2166 ἀδιά-

222 2179 312 2206 t'crens
344 2185 387 2207 est
414 2189 541 2214 manere,
569 2183 749 2218 privatimque
779 2185 870 2212 cibum
893 2193 1011 2219 sumere,

1073 2189 1153 2224 φορόν
1167 2189 1226 2215 ἐστι
1244 2190 1343 2223 μεῖναι⁷
1361 2187 1408 2214 καὶ
1423 2187 1657 2222 ἑπιαθῆναι,καθ“
1672 2187 1779 2218 ἑαυτὸν,
1792 2185 1863 2212 ἄνευ

221 2226 325 2260 absque
339 2226 563 2261 interrogatione,
581 2233 608 2256 et
622 2237 682 2264 qu;e
699 2230 759 2257 usui
779 2235 845 2258 sunt
861 2231 990 2266 accipere
1005 2242 1012 2265 ;

222 2272 338 2306 simodo
361 2273 384 2300 ei
398 2274 444 2307 qui
465 2274 602 2309 excipitur
618 2295 625 2306 ,
648 2279 820 2310 perspectum
844 2284 897 2303 non
919 2277 965 2309 sit,
984 2282 1014 2305 ut

222 2317 290 2348 dixi,
306 2317 389 2352 impie
400 2319 443 2345 vel
457 2324 551 2346 contra
569 2320 642 2355 leges
658 2320 750 2347 vivere
765 2328 826 2348 eum
838 2321 883 2355 qui
899 2322 1011 2356 excipit.

223 2363 305 2389 Extra
332 2363 523 2390 necessitatem
550 2372 616 2392 vero
629 2384 635 2395 ,
656 2373 712 2392 non
735 2370 779 2392 est
794 2365 895 2393 bonum
913 2370 1014 2394 temere

222 2408 285 2440 ista,
295 2416 355 2443 quae
365 2409 435 2436 dicta
450 2414 522 2441 sunt,
536 2410 679 2438 admittere
691 2411 752 2444 ;sed
762 2411 894 2439 sciscitari
905 2417 932 2439 et
943 2413 1016 2448 apud

221 2454 403 2480 orthodoxum
435 2454 587 2488 divertere,
603 2460 630 2482 et;
650 2456 685 2483 ab
706 2456 752 2483 illo
767 2463 950 2485 commeatum
964 2477 972 2490 ,
990 2459 1013 2486 si

221 2508 291 2535 opus
303 2507 356 2533 est,
373 2502 509 2537 accipere.
525 2503 570 2530 Sic
588 2503 662 2530 enim
676 2511 724 2538 per
742 2509 851 2532 sanctos
866 2513 931 2532 suos
942 2513 1014 2540 pra:-

220 2547 294 2582 cepit
308 2547 449 2575 Dominus.
465 2548 627 2584 Presbytero
641 2553 669 2576 et
684 2550 833 2584 praeposito
858 2557 932 2578 recte
956 2559 1014 2579 res-

220 2593 340 2628 pondisti
351 2613 357 2625 ,
371 2594 522 2628 prohibitos
536 2602 597 2622 esse
614 2603 629 2621 a
640 2595 793 2622 ministerio
810 2603 857 2623 eos
869 2597 915 2631 qui
940 2605 1015 2626 nunc

219 2638 336 2665 ordinati
351 2643 416 2666 sunt
427 2639 462 2666 ab
473 2647 505 2666 eo
519 2640 563 2674 qui
576 2643 701 2674 repertus
713 2641 881 2673 est,etiamsi
905 2642 961 2676 ipse
973 2643 1015 2670 di-

219 2689 294 2710 ceret
306 2692 313 2710 :
327 2683 394 2711 Male
408 2689 467 2712 acta
482 2690 524 2713 est
533 2686 663 2720 synodus,
674 2689 702 2713 et
711 2687 852 2720 periimus.
863 2687 918 2714 Cur
927 2689 1011 2720 enim,

219 2737 281 2756 cum
307 2729 442 2763 fateatur,
479 2739 534 2758 non
558 2731 627 2766 fugit
649 2732 780 2765 exitium,
809 2734 965 2763 subduceris
984 2743 1014 2763 se

220 2775 254 2801 ab
266 2774 372 2808 hazrcsi,
387 2781 416 2803 ut
427 2776 499 2812 apud
511 2776 596 2804 Deum
608 2782 716 2804 maneat
728 2778 894 2814 episcopus?
909 2789 940 2808 ac
956 2786 1012 2808 sta-

221 2819 268 2847 tim
287 2822 469 2856 acccptabilcs
487 2827 568 2850 erunt
586 2823 645 2858 ejus
665 2823 859 2853 ordinationes.
878 2827 931 2853 Aut
952 2835 1009 2858 cur,

1066 2235 1244 2270 ἐρωτήσεως*
1269 2234 1317 2260 καὶ
1338 2234 1430 2260 λαϐεῖν
1445 2233 1480 2260 τὰ
1497 2234 1564 2268 πρὸς
1590 2233 1699 2268 χρείαν·
1725 2233 1798 2266 εἴγε,
1821 2233 1865 2264 ὡς

1065 2278 1154 2313 εἷπον,
1182 2280 1219 2315 μὴ
1243 2279 1286 2315 εἴη
1311 2280 1325 2306 ὁ
1342 2279 1541 2314 ὑποδεχόμενος
1574 2279 1799 2314 προεγνωσμένος
1821 2279 1866 2313 τῷ

1066 2325 1244 2360 ὑποδεχθέντι
1261 2324 1367 2351 ἀσεϐῶν
1382 2325 1398 2360 ἢ
1412 2325 1534 2359 ἀνόμων,
1548 2324 1621 2359 Πλὴν
1634 2324 1661 2350 δὲ
1676 2324 1815 2357 ἀνάγκης.
1828 2326 1864 2350 οὐ

1065 2370 1147 2397 καλὸν
1165 2370 1203 2402 ὡς
1219 2370 1299 2405 ἔτυχε
1312 2371 1347 2397 τὰ
1362 2370 1555 2405 προρρηθέντα
1569 2369 1769 2402 καταδέξασθαι
1779 2378 1786 2384 ⁸
1799 2370 1865 2397 ἀλλ’

1066 2416 1184 2451 ἐρωτᾷν,
1208 2416 1256 2442 καὶ
1279 2416 1355 2450 παρὰ
1369 2416 1408 2450 τῷ
1421 2415 1557 2451 ὀρθοδόξῳ
1579 2415 1742 2442 καταλύειν·
1763 2416 1814 2442 καὶ
1836 2417 1866 2443 εἰ

1065 2463 1155 2498 χρεία,
1181 2462 1246 2497 παρ’
1264 2462 1347 2488 αὐτοῦ
1364 2462 1458 2496 ἐφόδια
1473 2462 1562 2497 αἴρειν
1574 2470 1580 2477 ’
1599 2460 1670 2488 οὕτω
1687 2461 1739 2495 γὰρ
1766 2462 1780 2487 ὁ
1800 2461 1866 2488 Κύ-

1067 2517 1124 2544 ριος
1141 2508 1294 2535 ἐντέλλεται
1316 2507 1360 2534 διὰ
1375 2508 1430 2534 τῶν
1451 2507 1537 2542 ἁγίων
1556 2508 1649 2534 αὐτοῦ.
1674 2507 1720 2541 Τῷ
1732 2507 1864 2542 πρεσϐυ-

1064 2555 1136 2590 τέρῳ
1149 2554 1196 2580 καὶ
1209 2553 1354 2589 ἡγουμένῳ
1370 2552 1460 2584 καλῶς
1472 2552 1635 2588 ἀπεκρίθης,
1651 2552 1793 2587 εἱρχθῆναι
1806 2553 1864 2587 τῆς

1064 2599 1236 2635 λειτουργίας
1254 2601 1317 2631 τοὺς
1339 2599 1398 2625 νυνὶ
1411 2598 1651 2634 χειροτονηθέντας
1666 2599 1718 2624 ὑπὸ
1741 2598 1788 2624 τοῦ
1810 2599 1865 2624 εὑ-

1067 2646 1204 2681 ρεθέντος,
1223 2645 1347 2678 λέγοντος
1371 2644 1400 2670 δὲ
1417 2645 1504 2678 ὅμως,
1527 2644 1568 2670 ὅτι
1592 2642 1684 2675 κακῶς
1707 2642 1819 2676 ἐγένετο
1842 2644 1864 2679 ἡ

1067 2690 1183 2723 σύνοδος,
1207 2689 1255 2716 καὶ
1269 2688 1460 2724 ἀπολώλαμεν.
1485 2688 1534 2714 Διὰ
1548 2688 1575 2714 τί
1593 2689 1646 2722 γὰρ
1669 2687 1810 2723 ὁμολογῶν
1827 2689 1864 2714 οὺ

1066 2735 1161 2770 φεύγει
1177 2736 1226 2771 τὴν
1243 2735 1393 2766 ἀπώλειαν,
1417 2734 1580 2761 διαστέλλων
1601 2733 1699 2760 ἑαυτὸν
1713 2733 1763 2767 τῆς
1778 2732 1865 2767 αἱρέ-

1066 2790 1144 2814 σεως,
1160 2781 1204 2808 ἶνα
1220 2782 1287 2817 μένῃ
1305 2781 1382 2816 παρὰ
1395 2780 1454 2816 Θεῷ
1476 2781 1642 2813 ὲπίσκοποςς
1660 2780 1708 2806 καὶ
1720 2779 1791 2805 εἰσὶν
1808 2780 1863 2806 αὑ-

1066 2827 1111 2854 τοῦ
1129 2827 1223 2854 δεκταὶ
1236 2827 1263 2853 αἱ
1281 2827 1443 2863 χειροτονίαι
1460 2826 1570 2854 αὐτίκα.
1589 2826 1624 2854 ‘H
1637 2825 1681 2853 διὰ
1698 2825 1725 2852 τι
1741 2831 1861 2858 προκει-
