1926 3078
89 166 149 200 1057

690 167 958 199 EPISTOLARUM
977 170 1050 200 LlB.
1073 171 1096 200 Ι.

1645 171 1713 204 1058

87 225 164 259 μένης
187 224 237 259 τῆς
259 223 393 258 αἱρέσεως
405 243 413 255 ,
439 223 479 255 εἰς
498 223 668 258 χειροτονίαν
685 225 700 251 ὁ
718 224 871 259 ἡγούμενος

929 231 1062 260 prostante
1077 226 1191 260 haeresi,
1212 227 1246 254 ad
1270 225 1468 254 ordinationem
1482 227 1638 256 haereticam
1655 230 1713 256 fra-

85 270 221 306 προήγαγε
231 269 294 300 τοὺς
312 268 445 303 ἀδελφοὺς
454 269 614 305 αἰρετικήν;
640 270 673 297 ἂν
690 267 737 297 οὖν
752 271 767 297 δ
780 279 872 306 χειρο-

83 318 194 352 τονήσας
207 315 348 351 ὤρθωσεν,
364 313 399 351 ἦν
411 315 504 346 αὐτοῖς
518 315 599 351 εὺθὴς
616 316 781 352 ίερουργεῖνο
795 316 872 348 δντος

83 363 108 389 δὲ
122 363 152 389 ἐν
165 363 199 398 τῇ
216 362 322 398 αἱρέσει
338 361 382 388 διὰ
394 361 441 388 τοῦ
458 362 606 396 ἀναφέρειν
618 361 700 388 αὑτὸν
718 361 870 397 αἱρετικὸν,

82 408 128 434 κᾶν
142 408 173 434 τὸ
187 407 316 443 φρόνημα
331 407 406 441 λέγοι
422 407 494 442 ἔχειν
516 407 607 441 ὑγιές·
625 407 675 441 οὐχ
689 404 746 433 οἷόν
768 415 799 434 τε
824 406 871 439 οὓς

81 455 228 489 χειροτονεῖ
240 455 273 489 τῇ
285 452 400 489 ἀληθείᾳ
416 450 485 479 εἶναι
499 452 674 488 λειτουργοὺς
688 452 767 480 Θεοῦ.
789 454 820 480 Εἰ
841 453 871 480 δὲ

82 499 188 534 πνεῦμα
203 499 288 534 ζήλου
305 498 372 525 Θεοῦ
386 498 490 533 ἀνῆψεν
506 498 535 524 ὲν
546 498 587 534 τῷ
599 498 810 534 καθηγουμένῳ,
824 500 872 526 καὶ

81 546 260 582 προθυμεῖται
273 545 420 579 ὁμολογίας
435 545 567 579 στέφανον
579 545 768 580 ἀναδήσασθαι
780 553 788 561 ⁸
804 545 872 581 μηδὲ

80 592 271 628 λειτουργείτω
284 593 314 618 ὲν
328 594 362 628 τῇ
378 592 424 618 ὑπ’
436 592 519 618 αὑτοῦ
535 591 759 627 ἐνθρονιασθείσῃ
771 592 873 627 ἐκκλη-

81 638 135 673 σίᾳ·
166 638 238 672 μήτε
266 636 427 673 ἀναφερέτω
453 636 534 663 αὑτὸν
564 637 602 668 ὼς
627 637 789 664 ἐπίσκοπον.
817 637 872 664 Καὶ

81 684 216 719 μακάριος
243 680 321 714 οὗτος
337 703 345 715 ,
371 682 477 709 πολλῶν
504 683 552 709 καὶ
580 682 669 711 ἄλλων
693 684 872 719 παράδειγμα

80 729 218 765 σωτηρίας
232 729 388 763 γενόμενος.

112 774 246 806 Τεθέντος
268 774 297 800 δὲ
319 772 514 808 θυσιαστηρίου
539 772 568 799 ὲν
585 773 618 807 τῇ
641 772 709 808 αὐτῇ
726 772 871 808 ἐκκλησίᾳ,

78 821 155 848 οὐδὲν
173 821 204 847 τὸ
219 820 324 847 κωλὺον
335 819 503 855 λειτουργεῖν
518 820 619 846 ἐκεῖσε.
639 819 671 845 "O
686 819 714 845 δέ
728 828 762 854 με
776 819 872 846 ἔλαθεν

78 867 208 903 ἀνωτέρω
239 866 377 902 σημᾶναι,
408 865 603 900 μνησθήσομαι
644 864 778 892 ἐνταῦθα·
809 865 871 897 ὃτι,

78 913 175 947 ἐπειδὴ
198 912 273 945 λέγει
288 912 301 938 δ
315 911 393 945 ἅγιος
414 911 555 941 Βασίλειος
579 910 646 945 περὶ
667 910 722 936 τῶν
737 911 766 937 ὲν
782 919 873 945 παραυ
889 913 909 940 Β

80 959 230 993 συναγωγῇ
245 957 404 992 γενομένων
416 956 491 989 τάδε,
503 956 576 983 ὥστε
594 956 728 988 πολλάκις
749 957 796 987 καὶ
808 957 873 989 τοὺς

78 1006 106 1031 ἐν
119 1004 220 1039 βαομῷ
233 1003 455 1034 συναπελθόντας
471 1004 528 1034 τοῖς
551 1003 761 1035 ἀνυποτάκτοις,
777 1003 840 1030 ἐπεὶ
850 1003 872 1030 δ’

78 1051 109 1077 ἂν
125 1049 368 1085 μεταμεληθῶσιν,
386 1050 427 1080 εις
442 1048 492 1084 τὴν
506 1048 593 1084 αὐτὴν
606 1049 812 1084 παραδέχεσθαι
823 1050 872 1076 τά-

79 1097 138 1128 ξιν⁶
171 1096 211 1131 μὴ
241 1096 341 1122 οἰέσθω
363 1103 412 1122 σου
430 1096 446 1130 ή
461 1095 592 1122 εὐλάϐεια
616 1095 806 1122 ἐναντιοῦσθαι
827 1096 873 1123 τὸν

78 1143 159 1177 λόγον
176 1142 217 1177 τῷ
233 1141 410 1176 ἀποστολικῷ
436 1141 529 1168 κανόνι
556 1140 676 1175 λέγοντι.
693 1150 701 1166 ι
722 1140 755 1167 EE
764 1148 806 1172 τις
822 1149 873 1167 κα-

79 1189 234 1225 θῃρημένῳ
260 1188 392 1223 κληρικδς
415 1187 454 1214 ὢν
480 1187 519 1219 ὡς
544 1187 670 1223 κληρικῷ
698 1187 873 1221 συνεύξεται,

78 1234 274 1270 καθαιρείσθω
290 1234 340 1260 καὶ
359 1234 450 1265 αὐτός.
473 1243 481 1260 t
505 1233 587 1260 Ἀλλὰ
601 1232 748 1268 νομιζέτω,
763 1233 815 1265 ὅτι,
836 1233 875 1266 ὼς

76 1281 205 1317 διεκρίθη
233 1283 310 1316 παρὰ
337 1279 391 1306 τῶν
408 1279 549 1314 Πατέρων,
574 1279 648 1310 τίνες
672 1278 728 1306 εἶεν
754 1279 876 1314 αἱρέσεις

79 1328 147 1363 πρὸς
177 1326 334 1362 σχίσματα⁸
363 1325 434 1352 οὕτω
462 1325 638 1360 διακέκριται
657 1325 779 1360 δηλονότι
803 1324 875 1351 κατὰ

77 1375 126 1410 τὴν
155 1372 309 1400 ἀκόλουθον
330 1371 447 1404 ἔννοιαν,
475 1371 517 1403 τίς
546 1370 650 1398 ἐστινό
674 1371 875 1406 ἀπαραιτήτως

76 1419 225 1454 καθαιρῶν
251 1417 344 1445 κανὼν
376 1417 423 1444 τὸν
449 1417 636 1453 καθῃρημένῳ
662 1417 873 1451 συνευξάμενον,

76 1466 158 1501 παρὰ
174 1465 221 1492 τὸν
239 1466 269 1491 ὲν
284 1464 510 1500 παρασυναγωγῇ
537 1463 686 1498 γενόμενον
697 1470 704 1477 ·
732 1463 773 1489 ὅτι
792 1462 806 1489 ὁ
824 1463 875 1498 μὲν

76 1512 157 1544 εἰδὼς
181 1512 224 1539 ὅτι
247 1509 473 1546 ὁμολογουμένως
499 1509 686 1545 καθῃρημένῳ
703 1510 874 1544 συνεύχεται,

76 1559 196 1590 εἰκότως
207 1557 309 1584 αὐτίκα
322 1555 507 1591 καθαιρεϊται,
517 1554 814 1590 ἀδιαφόρωςὲνεχοεὶς,
829 1554 875 1581 καὶ

81 1606 120 1641 μὴ
139 1596 345 1641 προσεσχηκῶς
358 1601 395 1637 τῷ
405 1601 514 1628 κανόνι⁸
530 1601 544 1627 ὁ
558 1600 597 1633 δὲ,
615 1600 653 1632 ὡς
677 1601 728 1627 οὐκ
752 1601 876 1635 οἰόμενος

77 1651 149 1679 εἶναι
177 1651 388 1687 καθῃρημένον,
409 1646 431 1683 ᾧ
457 1648 621 1684 συναπήχθη
650 1647 720 1683 μετὰ
745 1647 876 1683 πλήθους,

77 1699 123 1726 ἐπ’
138 1698 189 1730 ἂν,
205 1697 285 1732 φησι,
303 1695 495 1731 μεταμεληθῇ,
512 1694 553 1726 εἰς
571 1693 622 1730 τὴν
640 1694 726 1728 αὐτὴν
755 1693 878 1729 παραδέυ

889 1579 911 1610 C

77 1745 177 1772 δεκται
192 1743 283 1776 τάξιν.
296 1742 461 1777 Πρόσκειται
477 1740 505 1767 δὲ
529 1739 578 1767 καὶ
601 1739 683 1766 τοῦτο
697 1739 832 1771 πολλάκις
848 1739 878 1765 ὲν

77 1791 117 1827 τῷ
132 1791 211 1826 λόγῳ
226 1790 275 1816 τοῦ
289 1789 369 1823 ἁγίου
382 1796 388 1802 ·
409 1787 481 1814 ὥστε
498 1787 558 1814 ἐστὶ
577 1787 626 1814 καὶ
645 1786 877 1822 μεταμελόμενον,

79 1839 119 1873 μὴ
146 1838 190 1868 εἰς
212 1835 264 1870 τὴν
281 1834 368 1869 αὐτὴν
384 1833 462 1865 τάξιν
487 1831 705 1868 παραδεχθῆναι.
732 1832 787 1857 Καὶ
802 1827 880 1862 οὗτος

78 1883 131 1917 μὲν
146 1882 162 1908 ὁ
180 1880 262 1914 λόγος
281 1878 466 1913 ἐνδεχομένως
481 1877 630 1904 ὲκδέδοται.
651 1876 681 1902 '0
696 1877 724 1902 δὲ
735 1875 880 1902 ἀποστολι-

77 1928 129 1960 ιδς
151 1926 247 1955 κανὼν
275 1924 435 1959 ἀναγκαίως
461 1923 510 1950 καὶ
540 1922 751 1957 ἀπαραιτήτως.
779 1921 841 1947 Ὅτι
866 1921 880 1947 ὁ

77 1973 262 2009 ψευδώνυμος
278 1970 464 2007 Χριστοῳόρος
481 1969 562 1996 πάλιν
577 1970 618 2000 εἰς
633 1968 664 1994 τὸ
676 1968 742 1994 ἴδιον
758 1967 879 2003 ἐξέραμα

79 2017 272 2052 ὑπέστρεψεν,
293 2015 348 2042 οὐδ’
364 2015 433 2046 ὅλως
465 2013 623 2048 ἐθαύμασα,
648 2012 728 2043 εἰδὼς
751 2012 833 2039 αὑτοῦ
849 2012 880 2038 τὸ

79 2065 204 2092 ἀστατον
222 2062 272 2088 καὶ
286 2061 405 2094 ἀπαγές.
421 2059 484 2087 Ὀτι
497 2060 525 2086 δὲ
535 2061 549 2086 ὁ
565 2059 713 2093 Κληδόνιος
727 2058 797 2092 ὑπὲρ
813 2058 881 2092 ἀλη-

79 2110 158 2141 θείας
172 2109 243 2144 μίαν
258 2107 342 2143 μόνην
352 2106 459 2142 ἡμέραν
470 2106 569 2141 ἤνεγκε
579 2104 703 2140 φυλακὴν
714 2104 761 2131 καὶ
773 2104 881 2139 πληγὰς

79 2156 161 2191 παρὰ
174 2154 234 2181 τῶν
248 2152 368 2183 ἀσεὸὦν,
388 2152 459 2179 πάνυ
483 2152 606 2185 ἐξέστην.
626 2150 708 2177 ’Ὥστε
721 2151 746 2176 ει
763 2149 816 2180 ἕως
831 2148 880 2174 τοῦ

80 2202 130 2228 νῦν
147 2199 280 2235 ἐπιμένει
293 2199 409 2232 δυνάμει
437 2197 516 2229 Θεοῦ,
541 2197 578 2232 μὴ
593 2197 693 2232 ἀεργὸν
705 2195 820 2230 γένηταί
839 2194 881 2221 σοί

924 275 980 299 tres
995 272 1123 307 produxit
1136 273 1315 308 praepositus?
1340 271 1368 300 Si
1380 280 1444 308 ergo
1456 273 1479 301 is
1505 275 1553 310 qui
1577 275 1714 302 ordinavit

923 322 997 346 recte
1006 317 1081 351 fecit,
1096 319 1251 347 ministrare
1262 319 1353 346 statim
1367 324 1517 354 potuerunt
1528 329 1535 347 :
1545 321 1591 348 sed
1600 329 1662 349 cum
1679 323 1714 351 sit

923 363 1069 391 hmreticus
1082 385 1090 397 ,
1105 372 1139 392 eo
1155 365 1227 400 quod
1253 365 1412 392 luereticum
1432 366 1490 401 ipse
1505 373 1712 399 commemorat.

923 410 1031 437 tametsi
1045 418 1141 438 sanum
1154 418 1184 438 se
1195 411 1297 438 habere
1306 419 1418 438 sensum
1431 411 1513 444 dicat,
1527 420 1582 439 non
1595 419 1714 447 possunt

922 463 991 490 quos
1005 456 1113 483 ordinat
1129 456 1157 482 in
1182 456 1256 483 veris
1277 456 1325 483 Dei
1352 456 1484 484 ministris
1500 458 1617 485 censeri.
1635 459 1713 491 Quod

923 500 946 528 si
958 501 1070 536 spiritus
1085 501 1136 528 zeli
1165 501 1252 529 divini
1268 502 1370 529 exarsit
1388 502 1414 529 in
1428 504 1575 537 praeposito
1586 523 1594 536 ,
1610 508 1638 531 et
1646 512 1714 532 con—

922 545 1050 574 fessionis
1064 554 1192 574 coronam
1205 547 1320 581 adipisci
1337 547 1428 575 studet
1444 555 1451 580 ;
1470 555 1521 575 nec
1541 555 1617 576 sacra
1634 550 1715 577 obeat

922 591 950 618 in
967 591 1082 619 ecclesia
1098 591 1125 618 in
1138 599 1190 626 qua
1206 592 1251 618 ille
1270 592 1416 627 praesidet,
1436 600 1525 627 neque
1547 593 1624 620 illum
1653 598 1714 622 tan-

922 645 1003 673 quam
1029 638 1189 673 episcopum
1215 643 1421 665 commemoret.
1440 639 1472 666 Et
1486 638 1582 666 beatus
1605 639 1651 667 hic
1669 640 1714 675 qui

922 684 981 712 aliis
996 692 1105 720 quoque
1119 685 1212 712 multis
1228 685 1355 720 exemplo
1366 685 1400 712 ad
1413 686 1527 713 salutem
1552 686 1645 714 fuerit.

957 772 1050 800 Posito
1064 777 1154 800 autem
1170 773 1198 800 in
1214 773 1328 801 ecclesia
1346 774 1389 801 illa
1414 775 1624 809 sacriﬁcatorio,
1648 775 1715 804 nihil

923 823 966 846 est
992 819 1065 853 quod
1088 819 1142 846 illic
1161 819 1318 846 ministrare
1342 820 1497 855 prohibeat.
1520 821 1599 854 Quod
1623 827 1715 849 autem

923 865 1050 900 superius
1073 873 1185 892 monere
1209 866 1319 898 excidit,
1345 874 1487 902 suggeram
1504 867 1556 895 hoc
1579 868 1647 899 loco,
1669 876 1715 899 ne.

923 918 985 938 cum
997 911 1031 938 de
1044 910 1076 938 iis
1086 911 1132 945 qui
1149 911 1176 937 in
1193 905 1395 946 parasynagoga
1407 912 1520 940 fuerunt
1530 913 1595 941 dicit
1605 918 1717 941 sanctus

924 957 1050 988 Basilius,
1067 965 1256 992 stepenumero
1271 958 1353 985 etiam
1366 958 1426 986 illos
1441 959 1488 993 qui
1505 959 1532 986 in
1545 959 1629 994 gradu
1641 965 1716 992 sunt,

925 1003 946 1030 si
962 1007 1103 1038 postquam
1124 1007 1300 1031 contumaces
1323 1004 1420 1031 sectati
1445 1009 1519 1037 sunt,
1543 1005 1716 1039 resipiscam,

924 1048 951 1075 in
975 1049 1103 1075 eumdem
1131 1048 1256 1076 ordinem
1281 1049 1389 1083 recipi;
1415 1050 1552 1077 existimet
1574 1050 1717 1084 prudentia

925 1099 981 1126 tua,
1001 1102 1152 1129 repugnare
1166 1095 1224 1122 hinc
1235 1095 1317 1121 verha
1333 1094 1438 1128 canoni
1463 1095 1613 1130 apostolico
1625 1096 1719 1123 dicen-

926 1141 946 1168 ti
959 1140 1002 1168 ":
1023 1149 1032 1166 ι
1051 1140 1078 1167 Si
1095 1141 1156 1175 quis
1171 1141 1287 1168 clericus
1301 1149 1362 1169 cum
1379 1142 1504 1176 deposito
1520 1146 1649 1176 tanquam
1665 1142 1720 1169 cie--

926 1187 984 1214 rico
998 1186 1127 1218 oraverit,
1145 1187 1298 1221 deponatur
1313 1187 1435 1222 etipsc.»
1454 1187 1506 1215 Sed
1520 1191 1607 1222 putet.
1622 1195 1719 1222 quem-

925 1232 1071 1259 admodum
1096 1232 1256 1259 distinctum
1290 1238 1333 1259 est
1347 1240 1362 1260 a
1380 1232 1516 1265 Patribus,
1529 1233 1720 1268 quodilferant

926 1279 1046 1306 haereses
1070 1287 1086 1306 a
1107 1279 1325 1312 schismatibus;
1349 1280 1388 1306 sic
1411 1279 1507 1314 utique
1534 1283 1719 1306 consentanea

927 1323 1106 1359 intelligentia
1132 1323 1291 1351 distinctum
1315 1331 1387 1356 esse,
1416 1324 1477 1359 quis
1505 1324 1540 1352 sit
1558 1331 1658 1357 canon,
1673 1324 1720 1359 qui

926 1377 988 1398 cum
1010 1370 1135 1405 deposito
1159 1374 1294 1403 orantem,
1311 1370 1516 1398 inexorabiliter
1532 1371 1645 1405 deponit
1664 1377 1721 1405 pne

927 1423 961 1443 eo
976 1416 1022 1451 qui
1038 1424 1247 1452 parasynagogze
1263 1416 1387 1444 interfuit
1401 1426 1407 1444 :
1422 1424 1456 1444 eo
1463 1416 1536 1451 quod
1551 1416 1595 1443 ille
1610 1416 1721 1450 quidem

928 1462 1019 1490 sciens
1033 1469 1112 1489 orare
1131 1469 1224 1490 secum
1240 1470 1314 1494 eum,
1335 1470 1414 1496 quem
1432 1462 1587 1497 depositum
1600 1469 1660 1490 esse
1672 1469 1720 1497 pa—

927 1508 980 1536 lam
1005 1513 1058 1541 est,
1084 1508 1182 1535 merito
1210 1508 1301 1535 statim
1327 1507 1486 1543 deponitur,
1503 1512 1533 1535 ut
1547 1508 1594 1543 qui
1617 1508 1722 1542 absque

928 1555 1089 1583 discrimine
1108 1555 1173 1590 egit,
1196 1559 1223 1583 et
1247 1555 1345 1583 canoni
1365 1555 1478 1582 minime
1500 1555 1720 1590 obtemperavit:

929 1601 975 1628 hic
996 1608 1071 1632 vero.
1086 1605 1115 1628 ut
1128 1601 1173 1635 qui
1188 1609 1243 1628 non
1257 1601 1364 1636 putavit
1379 1600 1533 1636 depositum
1543 1600 1629 1628 fuisse
1644 1600 1721 1627 illum

928 1647 962 1674 ad
978 1655 1061 1682 quem
1076 1654 1139 1674 cum
1155 1646 1332 1674 multitudine
1347 1646 1478 1681 abreptus
1487 1645 1547 1676 fuit,
1566 1649 1720 1680 postquam.

929 1694 1028 1729 inquit,
1053 1693 1177 1728 resipuit,
1202 1693 1329 1720 eumdem
1354 1692 1381 1719 in
1394 1692 1506 1728 gradum
1527 1696 1570 1719 est
1583 1695 1721 1726 receptus.

930 1740 987 1768 lloc
1009 1747 1117 1774 quoque
1142 1739 1168 1766 in
1197 1739 1286 1766 sancti
1312 1739 1404 1766 verbis
1431 1738 1590 1773 frequenter
1600 1738 1721 1770 additur,

930 1785 1058 1812 eumdem
1071 1786 1097 1812 in
1107 1785 1220 1820 gradum
1238 1792 1292 1812 non
1309 1784 1392 1819 recipi
1404 1784 1436 1812 ⁵³.
1449 1785 1538 1819 Atque
1553 1784 1599 1812 hic
1611 1784 1722 1819 quidem

930 1838 1020 1858 sermo
1033 1831 1225 1865 contingenter
1239 1831 1408 1857 enuntiatur.
1437 1830 1530 1857 Canon
1547 1833 1638 1857 autem
1657 1837 1723 1864 apo-

930 1877 1044 1904 stolicus
1054 1876 1211 1904 necessario
1225 1881 1251 1903 ct
1273 1876 1489 1903 inexorabilitcr.
1506 1876 1583 1909 Quod
1598 1875 1722 1903 Christo-

931 1922 1035 1958 phorus
1052 1922 1149 1950 falsum
1170 1930 1271 1950 nomen
1293 1922 1408 1954 habens,
1427 1923 1459 1949 ad
1478 1922 1618 1957 proprium
1636 1922 1723 1949 vomi-

932 1973 988 1996 tum
1002 1976 1129 1996 rcversus
1144 1969 1189 2000 sit,
1207 1968 1323 1996 miratus
1338 1968 1417 2003 plane
1437 1975 1492 1995 non
1512 1975 1572 1994 sum
1586 1976 1593 2000 ;
1610 1974 1724 2002 ρει-ερρ-

931 2019 1002 2042 ctam
1025 2014 1128 2042 habens
1151 2015 1211 2049 ejus
1232 2014 1436 2042 instabilitatem
1452 2018 1479 2041 et
1501 2013 1723 2041 inconstantiam.

931 2061 1008 2094 Quod
1022 2069 1086 2088 vero
1098 2061 1245 2088 Cledonius
1265 2060 1343 2088 unica
1365 2064 1468 2087 tantum
1486 2060 1530 2087 die
1547 2067 1596 2094 pro
1609 2059 1725 2086 veritate

931 2106 1085 2134 custodiam
1097 2111 1126 2134 et
1139 2107 1231 2142 plagas
1244 2107 1278 2134 ab
1295 2106 1387 2141 impiis
1404 2105 1524 2140 pertulit,
1547 2105 1726 2132 vehementer

931 2153 1071 2188 obstupui.
1084 2153 1174 2186 Quare
1191 2153 1214 2180 si
1233 2153 1286 2179 huc
1303 2160 1389 2187 usque
1407 2151 1592 2187 perseveravit
1606 2151 1654 2178 Dei
1671 2151 1726 2178 vita

932 2204 1000 2232 tute,
1017 2199 1135 2227 otiosum
1157 2207 1214 2227 non
1234 2199 1326 2231 fuerit,
1346 2204 1373 2226 te
1391 2203 1418 2226 et
1435 2198 1503 2225 alios
1526 2198 1624 2225 fratres
1644 2205 1725 2232 opem

80 2257 111 2274 τε
127 2249 177 2274 καὶ
194 2247 289 2277 ἀλλοις
310 2245 448 2278 ἀδελφοῖς,
477 2244 587 2278 ὀρέγειν
603 2243 677 2277 αὐτῷ
692 2243 782 2277 χεῖρα,
802 2242 873 2276 εῑπει

935 2246 973 2273 illi
992 2246 1074 2279 ferre,
1098 2246 1120 2272 si
1137 2246 1176 2273 fas
1193 2250 1245 2272 est.
1261 2244 1340 2277 Quod
1360 2245 1394 2273 ad
1409 2253 1456 2272 eos
1473 2252 1557 2280 porro
1575 2248 1679 2280 spectat
1690 2244 1725 2271 de

81 2292 140 2321 οἷόν
155 2302 199 2320 τε.
212 2293 282 2327 Περὶ
301 2292 330 2318 δὲ
349 2291 404 2317 τῶν
428 2290 649 2325 προειρημένων,
673 2287 881 2323 βαπτιζομένων

81 2339 156 2372 λέγω
168 2337 327 2373 χριομένων
346 2344 377 2362 τε
389 2336 428 2370 τῷ
444 2335 514 2370 ἁγίῳ
538 2335 627 2370 μύρῳ,
645 2335 692 2361 καὶ
713 2334 882 2368 ἁναθεματι-

83 2385 189 2417 ζόντων
201 2383 252 2418 τὴν
267 2383 375 2417 αἰρεσιν
390 2389 397 2396 ·
414 2382 462 2416 οὐχ
478 2381 515 2412 ὡς
536 2383 550 2407 ὁ
570 2380 642 2412 θεῖος
665 2380 824 2414 Ἐπιφὰνιος
838 2380 883 2406 τέ-

83 2439 151 2466 ταχε
167 2430 219 2456 καὶ
230 2429 383 2464 ἠρίθμησε,
395 2428 444 2459 τὰς
460 2428 581 2461 αἱρέσεις
593 2427 730 2460 γέγραφα.
756 2425 826 2452 Ἀλλ’
843 2425 882 2457 ὡς

86 2473 168 2510 εὖρον
180 2474 416 2510 παρασημείωσίν
428 2482 501 2504 τινος
523 2473 578 2499 τῶν
593 2473 781 2508 ἀρχαιοτέρων
804 2473 882 2507 φιλο-

87 2522 170 2549 πόνου
187 2521 300 2556 ἀνδρὸς,
315 2521 362 2547 καὶ
380 2520 412 2545 ὲκ
435 2520 485 2554 τῆς
499 2520 529 2546 tv
551 2518 695 2551 Βυζαντίδι
717 2519 884 2554 Ἐκκλησίας

87 2570 136 2604 τὴν
151 2570 185 2595 ὲκ
204 2567 317 2602 βιϐλίων
332 2566 446 2601 ἔρευναν
465 2566 513 2593 καὶ
542 2565 653 2601 εὕρεσιν
680 2566 880 2601 ποιησαμένου.

96 2616 125 2642 '0
140 2615 262 2649 ἀδελφὸς
277 2613 431 2648 Γρηγὸριος
440 2613 558 2647 γνησίως
570 2612 785 2647 προσαγορεύει.

124 2685 196 2712 MA'.
211 2680 413 2714 -Σιλουανῷ
427 2682 475 2708 καὶ
492 2679 694 2714 Εῠπρεπιανῷ
720 2680 849 2713 τέκνοις.

440 2715 535 2752 [ρκὸἿ.

935 2292 1035 2327 quibus
1061 2291 1127 2324 dixi,
1151 2291 1198 2326 qui
1228 2292 1402 2326 baptizantur
1429 2292 1544 2324 scilicet,
1577 2295 1726 2325 sanctoque

935 2338 1085 2366 chrismate
1104 2342 1256 2373 unguntur.
1277 2341 1305 2364 et
1330 2337 1455 2365 haeresim
1482 2336 1724 2367 anathematizant,

935 2392 991 2411 non
1005 2384 1043 2411 uti
1055 2383 1164 2411 divinus
1179 2384 1347 2418 Epiphanius
1360 2383 1495 2418 disposuit
1505 2387 1533 2410 et
1542 2382 1724 2413 enumeravit,

936 2429 1055 2456 hatreses
1064 2429 1193 2464 descripsi
1205 2437 1211 2461 ;
1227 2429 1274 2456 sed
1289 2429 1359 2456 sicut
1369 2429 1396 2455 in
1409 2428 1572 2463 antiquioris
1585 2427 1727 2462 cujusdam

937 2475 1052 2503 studiosi
1065 2475 1114 2502 viri
1132 2475 1330 2502 commentario
1343 2474 1447 2507 inveni,
1464 2474 1511 2509 qui
1527 2482 1562 2501 ex
1573 2473 1728 2509 Byzantina:

938 2521 1068 2549 Ecclesiae
1084 2521 1160 2549 libris
1176 2521 1318 2557 indagarat
1331 2525 1359 2549 ει
1373 2526 1494 2550 eruerat.
1516 2521 1613 2548 Frater
1625 2520 1727 2555 Grego-

938 2569 996 2597 rius
1011 2569 1117 2596 sincere
1134 2568 1242 2596 salutat.

1052 2680 1121 2709 XLI.
1136 2695 1172 2705 -ευ
1190 2680 1297 2708 Silvano
1316 2685 1340 2707 et
1358 2679 1524 2714 Euprepiano
1539 2677 1612 2710 ﬁliis.

562 2772 682 2797 Arcanam
697 2777 743 2803 per
755 2771 874 2802 epistolas
885 2771 1011 2797 scribendi
1023 2774 1144 2798 rationem
1162 2773 1247 2798 tradit.

135 2828 250 2863 Ἐπειδὴ
258 2827 333 2863 ζητῶ
341 2826 488 2862 μανθάνειν
501 2836 534 2853 πε
540 2827 567 2863 pl.
574 2828 629 2854 τῶν
643 2827 778 2862 ἀδελφῶν,
790 2827 883 2860 τέκνα,

130 2887 154 2902 ⁵⁵
169 2885 238 2913 Call.
257 2885 302 2912 11.
341 2884 365 2900 ⁵³
377 2883 418 2910 Ad
431 2884 648 2919 Amphilochium,
664 2891 724 2912 can.
741 2884 786 2917 5‘2,
807 2885 851 2911 5i.

975 2829 1108 2861 Quoniam
1132 2830 1165 2858 de
1178 2829 1306 2858 fratribus
1323 2829 1393 2857 scire
1408 2835 1486 2862 aveo,
1509 2827 1567 2860 ﬁlii,
1583 2831 1610 2858 et
1627 2827 1677 2863 ipsi
1694 2826 1729 2855 de
