1926 3078
222 153 289 185 1059

813 147 843 177 S.
857 140 1055 176 TlIEODORI
1076 142 1250 174 STUDI'LE

1777 137 1838 169 1060

219 209 273 235 illis
289 207 447 242 frequenter
472 203 624 240 significare
640 202 722 229 vultis
739 210 745 234 ;
779 199 934 228 consultum
952 199 1008 224 fore
1024 219 1026 223 ι

1093 197 1141 223 καὶ
1157 197 1235 224 αὐτοὶ
1256 196 1387 227 πολλάκις
1403 195 1495 221 θέλετε
1521 192 1618 228 δηλοῦν
1642 192 1706 226 περὶ
1733 191 1818 218 αὐτῶν
1831 200 1837 208 ·

219 254 294 286 duxi,
318 252 455 287 simulque
474 250 585 278 brevius
610 254 637 276 et
651 247 795 279 occultius,
816 253 848 272 cx
864 243 1007 271 elementis

220 309 269 328 seu
285 299 380 335 viginti
405 301 521 333 quatuor
536 295 634 323 litteris
656 294 716 321 illos
743 290 892 326 designari,
918 295 947 316 ut
973 289 1008 315 sit

221 347 359 375 nimirum.

256 444 283 461 οι.
302 433 390 460 Patris
407 431 506 458 nostri.

260 469 285 503 β.
303 464 520 501 Areliicpiscopi.

259 512 287 537 γ.
299 503 433 536 Calogeri.

258 536 283 565 δ.
303 536 455 565 Athanasii.

259 582 283 600 ε.
300 570 487 605 Barsanuphii.

261 607 286 639 ζ.
301 606 418 634 Nicolai.

260 652 288 677 η.
303 640 461 677 Sophronii.

261 675 287 703 0.
305 675 454 710 Euthymii.

262 722 282 739 ι.
301 710 446 739 Joannicii.

262 755 291 773 κ.
302 744 459 773 Domitiani.

262 782 288 808 λ,
300 779 462 808 (Economi.

265 824 295 850 μ.
308 814 427 842 Arscnii.

263 849 288 877 ν.
305 849 409 878 Acacii.

264 886 288 918 ξ.
306 884 416 911 Melctii.

263 929 286 947 ο,
305 919 427 946 Luciani.

264 965 294 982 π.
304 952 462 988 Epiphanii.

266 998 291 1024 p.
306 989 398 1024 Letoe.

265 1023 289 1050 σ.
306 1023 409 1050 Basilii.

264 1067 288 1085 1.
307 1058 514 1085 Enschemonis.

266 1102 292 1120 υ.
308 1093 421 1120 Silvani.

267 1137 296 1162 φ.
309 1127 488 1163 Euprepiani.

265 1173 292 1199 χ.
306 1163 440 1199 Gregorii,

265 1198 296 1233 ψ.
309 1198 452 1225 Eustathii.

266 1243 299 1260 ω.
311 1233 411 1260 Meum.

269 1279 385 1312 Quando
399 1279 482 1315 igitur
497 1278 524 1306 in
538 1279 716 1314 inscriptione
735 1277 844 1306 alﬁxum
857 1280 899 1304 est
911 1273 1020 1310 aliquod

233 1326 411 1356 elementum,
433 1325 578 1358 cujusnam
602 1325 637 1352 sit
653 1324 766 1359 epistola
783 1323 863 1358 plane
878 1322 997 1349 declarat
1012 1329 1020 1348 :

234 1371 309 1398 verbi
324 1371 419 1406 gratia,
429 1379 446 1396 α
460 1370 547 1397 Patris
557 1370 661 1403 nostri;
680 1375 708 1397 et
720 1368 933 1403 unumquodque
944 1367 1022 1394 simi-

235 1415 306 1442 liter.
326 1416 440 1446 llursus,
464 1407 649 1450 interrogante
670 1421 723 1446 me,
743 1413 886 1446 Quomodo
899 1411 970 1439 valet
985 1410 1022 1445 βῖ

235 1462 338 1488 clarum
356 1465 398 1488 est
409 1460 531 1495 intelligi,
549 1460 582 1487 de
599 1460 807 1494 archiepiscopo
823 1466 883 1486 esse
895 1460 1023 1492 quaestio-

236 1514 309 1533 nem.
333 1506 433 1534 Eodem
456 1506 536 1533 modo
557 1514 620 1533 cum
655 1506 753 1533 iterum
777 1505 924 1540 interrogo,
948 1503 1022 1536 Quo-

237 1551 318 1578 modo
333 1552 424 1579 valent
435 1552 482 1586 qui
496 1560 559 1579 cum
577 1552 591 1587 β
607 1552 619 1578 ?
640 1551 815 1586 perspicuum
829 1554 880 1583 est,
900 1549 971 1584 quod
988 1549 1021 1576 de

236 1597 271 1624 iis
283 1597 328 1631 qui
349 1605 411 1625 cum
429 1598 473 1625 illo
489 1602 564 1629 sunt,
588 1598 623 1625 sit
638 1597 817 1632 interrogatio
836 1604 843 1628 ;
870 1595 1023 1629 eodemque

237 1644 318 1671 modo
331 1644 359 1670 in
367 1644 472 1671 caeteris
481 1644 634 1671 clementis.
650 1640 753 1670 Rursus
763 1642 814 1669 alia
825 1640 1000 1676 interrogatio
1013 1649 1020 1666 :

237 1689 308 1722 Quid
333 1689 433 1716 auditis
449 1689 483 1716 de
504 1697 525 1714 π
541 1689 581 1716 vel
606 1690 640 1716 de
660 1697 676 1724 ρ
695 1688 737 1715 vel
758 1687 791 1714 de
807 1687 826 1721 ψ
840 1687 851 1713 ?
864 1687 899 1713 ad
918 1686 1023 1721 singula

237 1736 371 1762 elementa
383 1740 424 1763 est
438 1735 590 1769 responsio.
610 1734 726 1761 Rursum
741 1741 833 1768 qurero
847 1741 854 1759 :
874 1732 942 1766 Quis
958 1732 1024 1759 foris

238 1782 350 1810 advenit
366 1782 378 1808 ?
398 1781 566 1816 respondere
584 1788 632 1807 vos
646 1784 753 1815 oportet
767 1780 844 1814 juxta
857 1780 1024 1806 elementum

240 1829 282 1856 vel
295 1837 311 1863 η
327 1828 369 1855 vel
384 1837 398 1854 0
410 1828 451 1854 vel
464 1835 506 1853 ex
528 1827 658 1861 reliquis;
673 1830 730 1857 aut,
746 1825 806 1852 Non
821 1825 898 1852 venit
910 1833 929 1858 η
943 1825 986 1850 vel
999 1832 1024 1856 0,

240 1875 288 1902 sed
307 1874 352 1909 qui
368 1881 430 1900 cum
446 1882 463 1907 η
477 1873 519 1899 vel
535 1881 549 1898 ο
570 1876 609 1898 tut
632 1879 765 1898 numero:
786 1871 857 1905 quod
872 1870 924 1898 hoc
938 1869 980 1897 vel
995 1869 1027 1896 il-

241 1921 286 1948 lud
314 1919 351 1947 illi
373 1920 508 1946 elemento
525 1918 664 1945 acciderit.
683 1917 787 1944 Rursus
799 1917 889 1951 itaque
916 1917 1025 1952 quando

242 1973 336 1992 mors:
361 1965 434 1992 Obiit
455 1965 507 1992 hoc
522 1964 687 1991 elementum
704 1972 712 1996 ;
734 1964 787 1996 vel,
803 1963 926 1999 Egrotat
944 1972 951 1995 ;
972 1964 1025 1996 vel,

242 2012 320 2038 Dolet
337 2019 343 2037 :
363 2014 391 2037 et
415 2010 468 2037 alia
486 2007 623 2044 quaelibet.
641 2009 718 2042 Quod
734 2009 757 2036 si
779 2009 841 2044 quis
861 2014 902 2037 est
920 2010 965 2044 qui
993 2010 1027 2036 ab

243 2057 379 2083 elemento
398 2055 500 2090 aliquid
516 2062 612 2089 passus
627 2054 683 2086 sit;
706 2062 806 2081 nomen
826 2061 933 2088 quoque
957 2054 1029 2084 indi-

243 2106 347 2133 cantes,
371 2101 446 2129 verbi
465 2101 549 2136 gratia
565 2100 598 2128 de
608 2100 813 2134 Cliristophoro,
830 2100 900 2134 quod
917 2100 1029 2135 aufuge-

245 2149 279 2175 rit
291 2147 325 2175 ab
336 2156 359 2180 ε,
371 2148 443 2182 quod
455 2151 482 2173 et
494 2146 594 2174 factum
607 2146 733 2173 cst.Cum
743 2153 806 2180 ergo
816 2145 912 2173 missas
925 2153 938 2172 a
950 2145 1029 2172 nobis

1061 244 1205 278 ὲσκότεησα
1220 243 1303 270 καλὸν
1316 239 1399 275 εἶναι,
1416 240 1485 276 ὁμοῦ
1500 249 1530 266 τε
1549 239 1594 266 διὰ
1616 238 1647 265 τὸ
1673 237 1839 272 συντομώτε-

1062 296 1109 323 ρον
1123 289 1170 314 κα¹ι
1185 286 1433 323 ἐπικρυπτότερον,
1447 285 1501 312 ἀπὸ
1524 283 1579 310 τῶν
1598 282 1748 317 στοιχείων,
1764 282 1841 315 ἧγουν

1061 333 1114 360 τῶν
1128 332 1357 367 εἰκοσιτεσσάρων
1373 329 1545 366 γραμμάτων
1556 348 1564 361 ,
1581 327 1692 359 τούτους
1705 326 1840 360 ἐπιδηλοῦ-

1063 380 1126 407 σθαι
1141 389 1147 397 ·
1161 381 1208 407 καὶ
1221 381 1252 416 δὴ
1268 381 1351 414 λέγω,

1097 427 1134 454 Τδ
1151 435 1168 453 α
1183 426 1230 453 106
1244 426 1351 461 Πατρδς
1373 424 1460 461 ἡμῶν,

1098 462 1135 489 Τὸ
1149 462 1164 496 β
1179 461 1226 488 τοῦ
1241 460 1474 496 Ἀρχιεπισκόπου

1098 497 1135 524 Τὸ
1150 505 1167 530 γ
1182 496 1229 522 τοῦ
1244 496 1416 530 Καλογήρου.

1099 533 1136 560 Τὸ
1148 532 1162 558 δ
1177 531 1225 557 106
1238 531 1410 557 ἈΘανασίου.

1101 567 1138 594 Τὸ
1149 575 1161 592 ε
1172 565 1221 592 τοῦ
1237 565 1452 599 Βαρσανουφίου.

1102 602 1138 628 Τὸ
1149 601 1165 633 ζ
1180 600 1227 627 τοῦ
1242 599 1389 626 Νικολάου.

1101 637 1138 662 Τὸ
1154 645 1171 670 η
1189 635 1236 661 τοῦ
1252 634 1419 670 Σωφρονίου.

1101 671 1138 698 Τδ
1151 668 1170 697 θ’
1184 670 1232 696 τοῦ
1248 668 1397 703 Εὐθυμίου.

1101 708 1138 733 Τὸ
1157 715 1165 732 ι
1179 704 1225 731 τοῦ
1240 704 1419 731 Ίωαννικῑου.

1102 742 1139 768 Τὸ
1149 749 1165 766 κ
1179 739 1226 766 τοῦ
1244 739 1422 773 Δομετιανοῦ.

1102 777 1139 802 Τὸ
1152 775 1167 801 λ
1179 774 1225 801 τοῦ
1243 773 1404 807 Οίκονύμου.

1102 812 1139 838 Τὸ
1154 818 1173 844 μ
1187 809 1234 835 106
1249 808 1400 844 'Apssvtou.

1103 846 1139 873 Τὸ
1151 843 1164 870 ν
1177 844 1225 870 τοῦ
1240 843 1383 870 ’Δκακίου.

1103 881 1140 908 Τὸ
1155 879 1169 912 ξ
1188 878 1234 904 τοῦ
1251 877 1395 905 Μελετίου.

1103 917 1139 942 Τὸ
1149 923 1162 940 0
1174 913 1220 940 τοῦ
1235 913 1395 941 Λουκιανοῦ.

1102 951 1140 977 Τὸ
1154 958 1173 975 π
1186 949 1233 975 τοῦ
1244 947 1414 981 “Επιφανὶου.

1103 986 1139 1012 Τδ
1153 993 1169 1020 ρ
1184 984 1232 1020 τοῦ
1248 983 1352 1020 91116::-

1103 1020 1139 1047 Τὸ
1153 1017 1171 1045 σ
1185 1019 1231 1045 τοῦ
1248 1017 1398 1045 Βασιλείου,

1103 1055 1140 1081 Τὸ
1156 1062 1171 1080 τ
1185 1054 1232 1080 τοῦ
1250 1052 1435 1087 Εὺσχήμονος.

1103 1089 1140 1116 Τὸ
1154 1098 1169 1114 υ
1185 1088 1232 1115 τοῦ
1248 1087 1406 1115 Σιλουανοῦ.

1104 1124 1141 1151 Τὺ
1153 1133 1172 1158 φ
1183 1124 1230 1149 τοῦ
1245 1122 1449 1156 Εὐτερεπιανοῦ.

1104 1159 1167 1208 an
1247 1158 1412 1208 remeo”-

1105 1194 1142 1221 Τὸ
1188 1193 1236 1219 τοῦ
1253 1193 1414 1228 ΕὑΑσταθιου,

1105 1229 1142 1256 Τὸ
1154 1226 1176 1255 ὼ
1187 1228 1217 1255 τὸ
1229 1226 1321 1262 Ἐμὸν.

1107 1279 1172 1304 Ὅτε
1185 1277 1277 1303 τοίνυν
1295 1276 1384 1302 κεῖται
1404 1274 1434 1301 ὲν
1456 1275 1490 1309 τῇ
1509 1272 1650 1307 ἐπιγραφῇ
1673 1279 1699 1297 τι
1715 1271 1856 1305 στοιχεῖον,

1071 1319 1102 1350 06
1118 1323 1189 1353 τινός
1204 1323 1279 1348 ἐστιν
1293 1322 1309 1355 ὴ
1329 1319 1459 1353 ἐπιστολὴ
1472 1318 1581 1349 πάντως
1601 1315 1772 1351 ἐγνωρίσθη·
1802 1312 1858 1342 οἷον

1072 1370 1102 1396 τδ
1118 1378 1146 1401 α,
1162 1368 1210 1395 τοῦ
1225 1367 1331 1402 Πατρδς
1345 1365 1423 1402 ήμῶν
1437 1374 1444 1382 ·
1459 1365 1506 1392 καὶ
1516 1364 1632 1391 ’ἑκαστον
1643 1361 1788 1393 ὡσαύτως.
1807 1360 1860 1387 [ld-

1073 1416 1116 1441 λιν
1129 1413 1288 1449 ἐρωτῶντός
1305 1421 1368 1447 μου,
1384 1411 1446 1442 Πῶς
1461 1410 1517 1445 ἔχει
1531 1410 1560 1436 τὸ
1576 1409 1610 1444 β;
1626 1408 1707 1443 δῆλον
1723 1407 1764 1433 ὅτι
1775 1408 1848 1440 ὲγνιι

1076 1461 1154 1497 ρίσθη
1171 1459 1236 1494 περὶ
1250 1458 1297 1485 τοῦ
1314 1457 1531 1493 ἁρχιεπισκόπου
1550 1452 1620 1482 εἶναι
1639 1454 1690 1489 τὴν
1713 1452 1859 1489 ἐρώτησιν.

1080 1506 1196 1540 Ὁμοίως
1210 1506 1239 1531 ἐν
1252 1504 1291 1538 τῷ
1303 1503 1385 1530 πάλιν
1411 1500 1550 1537 ἐρωτῆσαί
1562 1508 1614 1539 με,
1638 1499 1701 1530 Πῶς
1715 1498 1822 1533 ἔχουσιν
1836 1497 1863 1522 οἱ

1076 1553 1140 1587 περὶ
1151 1552 1181 1578 τὸ
1194 1550 1225 1586 β;
1244 1549 1361 1584 φανερὸν
1374 1549 1414 1575 ὅτι
1431 1547 1498 1582 περὶ
1507 1544 1661 1577 τῶν”δντων
1679 1544 1736 1580 μετ’
1752 1542 1834 1570 αὑτοῦ
1846 1542 1864 1576 ἡ

1076 1598 1210 1634 ἐρώτησις
1221 1605 1228 1613 ”
1244 1595 1376 1626 ὡσαύτως
1393 1593 1504 1620 ἐπὶτῶν
1518 1592 1621 1619 λοιπῶν
1634 1590 1784 1624 στοιχείων.
1807 1589 1865 1614 Πά-

1075 1645 1116 1672 λιν
1131 1645 1214 1678 ἑτέρα
1231 1642 1365 1678 ἐρώτησις
1377 1648 1384 1655 ·
1400 1639 1433 1666 Τί
1449 1638 1562 1665 ἀκούετε
1580 1637 1644 1672 περὶ
1658 1635 1752 1662 τοῦπο
1765 1635 1782 1667 ἢ
1799 1634 1866 1667 περὶ

1075 1691 1123 1718 τοῦ
1145 1699 1160 1725 ρ
1170 1697 1178 1705 ·
1194 1689 1210 1725 ἢ
1223 1688 1290 1723 περὶ
1303 1686 1351 1714 106
1365 1686 1402 1722 ψς
1417 1685 1485 1721 πρὸς
1510 1684 1538 1710 ἓν
1555 1684 1673 1710 ἕκαστον
1700 1681 1834 1714 στοιχεῖον
1847 1680 1867 1713 ἡ

1077 1737 1234 1771 ἀπόκρισις.
1254 1734 1339 1761 Πάλιν
1367 1731 1473 1768 ἐρωτῶ,
1495 1730 1543 1762 Τίς
1572 1727 1654 1764 ἦλθεν
1671 1729 1702 1753 ὲκ
1718 1726 1774 1753 τῶν
1795 1725 1866 1757 Ego);

1077 1782 1136 1810 δέον
1150 1782 1224 1816 ὑμᾶς
1240 1779 1424 1814 ἀποκριθῆναι
1439 1776 1510 1804 κατὰ
1522 1775 1553 1802 τὸ
1572 1775 1705 1808 στοιχεῖον
1717 1780 1723 1787 ·
1745 1772 1762 1806 ἢ
1781 1771 1823 1798 ὅτι
1836 1771 1869 1797 τὺ

1078 1836 1106 1861 η,
1121 1826 1138 1861 ἦ
1154 1827 1194 1852 ὅτι
1211 1825 1241 1851 τὸ
1254 1833 1278 1855 ο,
1296 1824 1313 1858 ἦ
1329 1825 1362 1849 ἐκ
1376 1822 1431 1848 τῶν
1449 1821 1567 1847 λοιπῶνο
1581 1819 1596 1854 ἢ
1608 1819 1659 1845 οὐκ
1675 1817 1783 1852 εἰσῆλθε
1795 1817 1870 1850 τὺη,

1079 1860 1095 1906 ἦ
1111 1860 1140 1897 τδ
1154 1880 1178 1902 0,
1196 1869 1255 1897 ἀλλ’
1268 1870 1292 1896 οἱ
1310 1868 1374 1902 περὶ
1386 1867 1416 1892 τὸ
1429 1875 1457 1901 η,
1468 1866 1485 1901 ἢ
1509 1865 1539 1891 τὸ
1552 1873 1576 1897 0,
1603 1863 1693 1890 τόσοι·
1709 1861 1750 1888 ὃτι
1768 1860 1870 1894 γέγονε

1079 1918 1138 1944 τόδε
1152 1917 1263 1944 κάκεῖνο
1277 1915 1316 1945 εἰς
1328 1913 1358 1940 τὸ
1370 1913 1444 1940 δεῖνα
1463 1911 1605 1948 στοιχεῖον.
1626 1910 1691 1935 Ὅτε
1706 1907 1753 1934 οὖν
1782 1906 1871 1933 θάνα-

1080 1972 1125 1995 10;
1140 1962 1220 1989 πάλιν
1230 1969 1238 1977 δ
1247 1960 1382 1988 Ἀπέθανε
1401 1957 1461 1984 τόδε
1478 1957 1508 1982 τὺ
1519 1956 1664 1990 στοιχεῖον,
1678 1951 1838 1988 ἢἈσθενεῖ,
1851 1951 1871 1986 ἢ

1081 2011 1223 2040 Λυπεῑται,
1242 2006 1290 2034 καὶ
1303 2006 1354 2032 ὃσα
1368 2003 1445 2031 ἄλλα.
1461 2003 1492 2028 El.
1504 2001 1534 2028 δέ
1549 2001 1590 2032 τίς
1604 2002 1679 2027 ἐστιν
1693 1999 1726 2026 ἐκ
1741 1997 1790 2024 106
1803 1997 1874 2040 περὶ

1081 2056 1111 2083 τὸ
1122 2038 1253 2089 στοιχείον
1269 2050 1363 2078 παθών
1377 2057 1414 2080 τι,
1428 2048 1476 2074 καὶ
1489 2047 1520 2073 τὸ
1534 2046 1620 2080 ὄνομα
1636 2038 1873 2089 δηλοῦντες,-οἷον

1081 2082 1128 2124 ἐπὶ
1137 2082 1396 2130 τοῦὒχριστοιρόρου,
1409 2091 1450 2116 ὃτι
1459 2088 1614 2124 ἀπέδρασεν
1630 2086 1683 2113 ἀπὸ
1694 2084 1742 2111 τοῦ
1756 2092 1783 2117 ε,
1795 2083 1810 2109 ὅ
1821 2082 1876 2129 καὶ

1083 2143 1189 2176 γέγονε.
1205 2126 1350 2174 Δεχόμενοι
1362 2136 1409 2162 οὖν
1423 2135 1473 2166 τὰς
1496 2133 1561 2172 παρ’
1585 2132 1664 2168 ἡμῶν
1684 2126 1876 2164 πεμπομένας

293 2173 321 2175 ~~
414 2173 436 2174 η
773 2173 788 2180 υ

247 2194 352 2221 litteras
374 2192 508 2227 accipitis,
526 2192 548 2218 si
559 2199 591 2218 ex
614 2191 810 2218 elementorum
827 2198 940 2217 numero
955 2190 1026 2217 estis

1084 2173 1239 2217 ἐπιστολὰς.
1252 2185 1361 2214 πάντως
1378 2182 1426 2208 ἐάν
1442 2181 1515 2206 ἑστιν
1532 2180 1564 2205 ἐκ
1577 2178 1632 2204 τῶν
1651 2175 1807 2211 στοιχείων,
1822 2173 1878 2208 τὴν

245 2241 290 2276 qui
313 2240 405 2271 mittit,
431 2239 591 2273 inscriptum
608 2238 773 2264 elementum
792 2243 904 2271 prorsus
922 2236 1033 2263 habebit

246 2285 370 2320 cpistola.
391 2284 445 2311 Vos
463 2290 571 2319 quoque
585 2282 630 2317 qui
645 2281 711 2309 estis
733 2289 765 2308 ex
793 2281 944 2313 elementis,
969 2287 1031 2307 cum

247 2332 350 2359 litteras
363 2330 481 2360 mittitis,
493 2329 579 2364 ipsum
591 2328 755 2355 elementum
772 2327 799 2353 in
813 2327 923 2361 propria
931 2325 1032 2360 episto-

248 2379 272 2405 la
289 2377 393 2412 ponite.
408 2376 487 2409 Quod
504 2376 525 2402 si
545 2375 669 2410 ignorent
683 2373 728 2407 qui
739 2373 860 2402 mittunt,
875 2379 924 2399 vos
935 2372 1033 2399 inscri-

249 2424 369 2459 ptionem
383 2421 539 2457 expungite,
550 2424 577 2447 et
588 2418 732 2446 scribentis
743 2418 906 2445 elementqu
920 2418 1034 2452 apponi-

249 2475 285 2496 te.
303 2468 337 2495 At
353 2468 375 2494 si
391 2475 423 2494 ex
443 2466 638 2493 elementorum
658 2470 774 2490 numero
787 2470 842 2489 non
859 2467 912 2495 est,
927 2466 1035 2489 maneat

250 2513 392 2548 inscriptio
417 2521 424 2545 ;
442 2511 668 2546 quemadmodum
683 2513 710 2536 et
732 2509 790 2543 ipse
803 2508 867 2535 dum
885 2507 986 2535 scribo.
1005 2506 1034 2534 Si

250 2567 303 2587 non
321 2563 363 2586 est
375 2566 405 2585 ex
416 2556 567 2586 elementis,
582 2558 690 2581 maneat
704 2552 847 2587 inscriptio
860 2552 893 2579 ad
918 2559 980 2578 eum
1001 2551 1034 2578 ad

249 2613 330 2641 quem
354 2608 397 2632 est
422 2602 547 2638 epistola.
562 2601 666 2628 Rursus
686 2598 899 2629 observandum,
921 2597 992 2632 quod
1008 2598 1033 2624 in

250 2657 412 2685 unaquaque
439 2648 553 2683 epistola
574 2653 633 2672 mea
657 2644 691 2672 ad
707 2651 754 2671 eos
770 2643 815 2677 qui
832 2647 895 2669 sunt
909 2643 959 2670 sub
981 2642 1036 2670 ele-

253 2697 362 2728 mentis,
380 2696 418 2723 sic
434 2694 545 2722 habebit
559 2691 718 2726 inscriptio:
739 2699 761 2717 ω
775 2689 808 2716 ad
825 2698 842 2715 α
853 2692 880 2716 et
896 2688 1035 2724 deinceps,

251 2747 280 2770 et
297 2742 330 2769 ad
348 2749 391 2768 me
418 2741 505 2767 missa:
527 2737 646 2773 epistola:
672 2736 712 2763 sic
726 2735 845 2763 habeant
859 2743 877 2760 α
894 2735 937 2762 vel
959 2743 973 2760 υ
995 2735 1036 2762 vel

253 2787 325 2814 aliud
344 2794 377 2813 ex
397 2784 549 2812 elementis.
568 2782 713 2811 Sciendum
730 2781 781 2808 hoc
798 2781 890 2812 etiam,
908 2780 1036 2816 quoniam

291 2864 312 2880 “
330 2863 422 2890 Matth.
446 2870 472 2895 ιι,
494 2862 537 2888 η.
576 2861 597 2877 ⁸⁸
614 2859 709 2887 Matth.
729 2867 766 2892 vi,
784 2859 811 2886 9.

1083 2231 1240 2267 ἐπιγραφὴν
1255 2229 1302 2256 τοῦ
1316 2227 1450 2262 στοιχείου
1467 2226 1524 2257 ἕξει
1537 2226 1554 2260 ἡ
1579 2223 1722 2257 ἐπιστολή.
1738 2221 1879 2255 [lips-mv-

1082 2287 1128 2310 τες
1143 2266 1190 2303 οὖν
1205 2276 1253 2302 καὶ
1268 2274 1344 2301 αὐτοὶ
1362 2273 1412 2302 τὰς
1426 2273 1458 2298 ἐκ
1470 2270 1525 2296 τῶν
1538 2269 1628 2296 αὐτῶν
1645 2266 1790 2301 στοιχείων
1809 2267 1880 2292 ἐπι-

1085 2324 1191 2354 στολὰς,
1207 2322 1238 2348 τδ
1252 2321 1318 2348 αὐτὸ
1334 2319 1465 2353 στοιχεῖον
1483 2316 1562 2343 θέσθε
1575 2316 1604 2341 ἐν
1616 2315 1649 2349 τῇ
1662 2313 1716 2348 ἰδίᾳ.
1725 2313 1879 2347 ἐπιστολῇ,

1084 2371 1142 2398 Κᾶν
1161 2369 1189 2396 δὲ
1212 2366 1347 2401 ἀγνοῶσιν
1367 2365 1392 2390 οἱ
1409 2363 1574 2398 πέμποντες,
1593 2360 1673 2395 ὑμεῖς
1700 2359 1809 2385 λειοῦτε
1825 2358 1883 2394 τὴν

1084 2413 1251 2450 ἐπιγραφὴν,
1270 2412 1316 2438 καὶ
1334 2410 1464 2437 ὲντιθεῖτε
1480 2408 1511 2434 τὸ
1536 2407 1670 2441 στοιχεῖον
1686 2404 1734 2431 τοῦ
1751 2405 1886 2432 ἐπιστεί-

1084 2463 1190 2491 λαντος.
1204 2459 1236 2485 El
1247 2458 1275 2484 δὲ
1291 2457 1341 2483 οὐκ
1356 2456 1430 2482 ἐστιν
1442 2455 1474 2480 ὲκ
1491 2454 1544 2480 τῶν
1563 2451 1713 2487 στοιχείων,
1733 2450 1847 2485 μενέτω
1863 2452 1883 2485 ὴ

1085 2505 1226 2541 ἐπιγραφή
1241 2513 1247 2519 ·
1264 2503 1360 2536 ὥσπερ
1376 2501 1423 2529 καὶ
1437 2502 1465 2527 ἐν
1485 2499 1523 2534 τῷ
1548 2498 1667 2534 γράφειν
1680 2505 1726 2531 με.
1744 2496 1813 2522 Ἐὰν
1824 2495 1887 2522 οὐκ

1085 2554 1159 2580 ἐστιν
1171 2553 1203 2578 ἐκ
1217 2550 1270 2577 τῶν
1289 2547 1438 2583 στοιχείων,
1463 2545 1569 2581 μενέτω
1593 2545 1610 2579 ἡ
1631 2542 1776 2578 ἐπιγραφὴ
1804 2541 1887 2576 πρὸς

1085 2599 1114 2626 ὃν
1127 2599 1143 2633 ἠ
1155 2595 1295 2630 ἐπιστολή.
1311 2592 1395 2620 Πάλιν
1411 2590 1543 2617 σκεπτέον
1556 2589 1599 2616 ὅτι
1614 2587 1657 2622 ἐφ’
1672 2586 1796 2621 ἑκάστης
1805 2593 1890 2633 ..μου

1087 2628 1230 2677 ἐπιστολῆς
1247 2628 1314 2676 πρὸς
1328 2638 1390 2670 τοὺς
1403 2637 1483 2667 ὄντας
1507 2634 1560 2661 ὑπὸ
1579 2633 1612 2660 τὰ
1629 2632 1758 2666 στοιχεῖα,
1786 2628 1893 2661 οὕτως

1088 2687 1337 2725 ἒξειήὲπιγραφὴ.
1365 2685 1402 2711 Τὸ
1427 2693 1461 2716 ω,
1486 2681 1571 2718 τῷα·
1598 2681 1646 2708 καὶ
1669 2677 1805 2713 καθεξῆς.
1815 2677 1895 2725 ’Καὶ

1087 2721 1264 2772 πεμπέμεναί
1282 2740 1328 2768 μοι
1340 2732 1368 2757 αἱ
1385 2727 1524 2756 ἐπιστολαὶ
1543 2726 1629 2756 οὕτως
1643 2724 1782 2759 ἐχέτωσαν
1795 2721 1832 2748 τὸ
1854 2731 1892 2754 α,

1087 2786 1103 2820 ἢ
1120 2767 1150 2810 1b
1165 2767 1191 2815 0,
1210 2781 1226 2815 ἢ
1243 2767 1307 2807 ἄλλο
1322 2777 1374 2804 τῶν
1392 2773 1542 2810 στοιχείων.
1555 2770 1691 2799 Γνωστέον
1709 2768 1758 2796 καὶ
1782 2767 1893 2795 τοῦτα
