1926 3078
99 148 161 181 1001

708 156 979 188 EPISTOLARUM
998 161 1071 191 LIB.
1093 161 1116 189 Ι.

1659 158 1728 191 1062

96 204 136 230 ὅτι
154 203 253 238 ἐπειδὴ
265 203 409 231 καὶταῦτα
420 205 454 232 τὰ
470 206 533 240 τρία
551 207 605 233 εἰσὶ
623 209 785 244 γράμματα,
802 211 883 239 ἅτινά

945 222 977 242 tae
991 221 1046 242 tres
1059 223 1167 250 quoquc
1184 215 1280 243 litterae
1294 219 1369 242 extra
1388 221 1533 241 numerum
1547 215 1640 250 viginti
1658 223 1725 250 qua-
1771 243 1774 246 ,

96 249 165 275 εἰσιν
176 249 231 281 ἔξω
247 249 302 276 τῶν
317 250 548 286 είκοσιτεσσάρων
560 254 700 289 στοιχείων
711 257 741 282 τὸ
766 266 796 289 ς,
810 257 842 283 τὸ
856 259 885 291 ιι,

96 295 126 322 τὸ
142 304 164 322 π
175 303 182 310 '
197 295 228 321 τὸ
239 305 264 340 ῠς·
271 295 353 340 ρηλοῖ
360 297 424 328 τοὺς
438 297 624 333 ἀθετήσαντας
637 301 740 334 πάντας
753 303 802 329 καὶ
819 304 889 340 πρό-

97 346 176 373 ¹τερον
202 338 250 365 καὶ
270 338 385 375 ὕστερον
411 341 477 367 ποτὲ
500 342 632 377 ἀδελφοὺς
645 345 724 380 ἡμῶν
739 355 745 362 ·
758 347 789 374 τδ
804 358 823 380 ι,
839 338 887 376 τὸν

97 384 288 419 πατριάρχην·
304 385 334 411 τὸ
350 394 382 417 π,
402 386 448 412 τὸν
464 387 629 422 κρατοῦντα.
649 389 734 417 Ὅταν
746 391 792 418 οὖν
808 393 888 428 χρεία

99 428 210 463 γένηται
224 429 279 455 εἴτε
297 430 436 465 ἐρωτῆσαί
453 440 497 466 με,
514 432 570 459 εἴτε
597 433 719 469 δηλῶσαι
740 437 813 471 ὑμᾶς
824 439 889 473 περὶ

98 473 157 505 ἑνὸς
171 475 228 501 τῶν
241 475 327 511 τριῶν
337 484 343 491 ·
357 476 401 503 διὰ
418 476 465 503 τοῦ
489 478 653 514 γράμματος
668 480 746 509 ἔσται
767 483 783 518 ἡ
800 483 889 519 δήλω-

99 525 152 550 σις.

223 578 290 605 MB'.
305 594 338 599 —
352 580 446 615 Ἀννῃ
463 581 648 618 μοναζωύσῃ.
665 583 764 620 [ρκγ]

937 264 997 286 ιιιοι·
1022 260 1218 287 elementorum
1240 263 1314 292 sunt,
1331 268 1362 291 ς’.
1380 261 1408 292 ιι.
1426 268 1455 286 π.
1484 259 1549 286 illud
1572 268 1602 291 ς.
1630 259 1728 286 fratres

936 309 1047 332 nostros
1063 312 1159 332 omnes
1173 304 1336 339 signiﬁcare,
1352 304 1419 339 qui»
1433 304 1510 338 prius
1529 305 1570 331 vel
1580 304 1728 338 posterius,

936 351 1081 385 aliquando
1097 350 1265 386 praevaricati
1275 354 1339 378 sunt
1353 358 1361 383 ;
1379 353 1397 384 ιι
1414 358 1480 378 vero
1493 350 1675 385 patriarcham
1687 358 1694 382 ;
1708 359 1729 376 π

936 396 1053 431 deinque
1074 396 1276 431 imperatorem.
1297 396 1366 424 Cum
1379 404 1444 431 ergo
1464 403 1508 424 res
1528 397 1627 431 exiget,
1640 401 1670 423 ut
1685 398 1725 424 vel

937 449 989 476 ego
1001 441 1176 477 interrogent,
1190 442 1232 469 vel
1244 449 1294 469 vos
1304 442 1338 469 de
1351 449 1406 470 uno
1417 450 1433 469 e
1446 442 1535 470 tribus
1549 441 1726 477 significetis;

939 495 987 522 per
1003 487 1120 515 litteram
1137 487 1184 516 fiet
1199 487 1340 515 indicium.

1138 585 1215 612 XLII.
1233 601 1267 605 —-
1288 587 1371 613 Arma:
1394 586 1536 613 monacha’.

717 652 797 678 Docet
806 653 927 684 quomodo
938 653 969 678 sit
981 653 1109 680 orandum.

134 698 265 725 Ἐδὸκουν
276 699 501 735 τετελευτηκέναι
526 702 574 737 τὴν
599 704 739 740 μακαρίαν
758 714 808 740 μου
835 715 889 741 μη-

98 744 183 778 τέριν
208 744 300 780 ἐκείνη
322 745 350 771 δὲ
367 746 406 772 ἔτι
423 747 492 783 ὑπὲρ
509 748 561 782 γῆς
575 749 659 780 ἐστιν,
686 750 724 781 ὡς
754 751 838 777 ἔοικε.
853 751 887 778 Τί

99 788 155 823 γὰρ
169 788 203 815 ἃν
219 789 317 824 ἔμελλε
330 790 410 818 πλέον
431 793 529 824 ποιεῖν,
549 793 587 825 ὡς
605 795 674 830 αὑτὴ
692 796 761 831 πρός
786 805 820 829 με
841 797 889 823 τὸν

99 835 230 861 ταπεινὸν
260 838 380 872 μητρικῇ
408 838 559 874 κηδεμονίᾳ
584 840 744 876 φερομένη;
771 841 845 868 Ἀλλ’
864 843 889 868 εἰ

99 879 179 912 κάγὼ
200 880 378 916 ἁμαρτωλὸς,
403 883 478 917 ὅμως
495 884 616 910 πιστεύω
638 884 677 919 τῷ
701 886 796 921 Κυρίῳ
826 887 891 914 ἀντ-

99 925 274 959 αμείψασθαί
292 934 322 952 σε
347 927 401 953 τῶν
418 927 489 963 ὑπὲρ
502 928 551 963 τῆς
568 929 743 966 ἀναξιότητος
760 931 838 967 ἡμῶν
861 933 892 959 οὑ

98 970 150 1005 τὴν
165 971 302 1004 τυχοῦσαν
313 972 404 1007 χάριν,
425 974 473 1000 καὶ
496 974 634 1007 ἐπίτευξιν
660 972 699 1003 ὧν
729 977 822 1009 ποθεῖς
844 979 892 1005 καὶ

99 1016 196 1047 αἰτεῖς.
214 1017 288 1050 Πλὴν
303 1017 402 1048 ἱκανῶς
416 1018 473 1053 ἔχει
487 1019 521 1045 τὰ
537 1021 720 1056 γεγενημένα.
738 1022 823 1050 Τοῦτο
837 1023 892 1058 γὰρ

98 1061 146 1086 καὶ
157 1060 201 1088 διὰ
209 1062 262 1088 τῶν
277 1062 471 1096 προλαϐόντων
481 1065 653 1100 γραμμάτων
662 1066 891 1104 ἀπελογησάμην.

99 1106 175 1140 Αὐτὴ
195 1107 225 1133 δὲ
251 1108 406 1136 τούναντίον
424 1110 602 1146 προσέθηκας
616 1112 717 1147 μᾶλλον
745 1113 794 1140 τοῦ
811 1115 891 1141 ἐκδα-

98 1156 242 1182 πανᾶσθαι
259 1156 289 1182 ὲν
301 1158 334 1192 τῇ
352 1157 484 1186 ἐπιδόσει.
501 1159 587 1186 Πόθεν
613 1160 641 1186 δὲ
657 1161 704 1187 καὶ
717 1161 767 1188 οὐκ
784 1162 893 1197 ἐμέλλο-

100 1210 152 1236 μεν
170 1202 235 1235 ἄρτι
262 1204 446 1238 μνημονεύειν
464 1213 511 1231 σου
529 1205 580 1240 τῆς
596 1207 773 1240 θεοσεϐείας;
791 1209 824 1235 ὲκ
838 1210 893 1237 τῶν

99 1246 297 1282 περιϐολαίων,
316 1249 348 1274 ὲκ
359 1248 406 1275 τοῦ
427 1249 500 1285 ἱεροῦ
511 1251 698 1287 ἀναθήματος,
715 1253 747 1279 ὲκ
759 1255 808 1289 τῆς
819 1254 892 1290 βρώ-

100 1292 172 1324 σεώς
190 1301 221 1319 τε
245 1294 294 1320 καὶ
309 1294 426 1327 πόσεως,
445 1296 613 1331 πανταχόθεν
635 1298 710 1332 ἡμᾶς
733 1299 892 1334 ἐξέστησας.

99 1339 151 1365 Διὰ
168 1339 250 1366 τοῦτο
262 1340 309 1367 καὶ
323 1341 400 1372 τέλος
414 1341 507 1374 ἐπίθες
520 1343 577 1374 τοῖς
590 1343 688 1378 δώροις
701 1352 708 1359 ·
721 1345 768 1371 καὶ
783 1345 892 1378 εὔελπις

98 1384 146 1411 ἔσο
165 1385 230 1420 περὶ
249 1385 299 1420 τῆς
315 1385 389 1418 Θείας
403 1387 555 1422 ἀμείψεως.
573 1389 707 1424 Ἀψευδὴς
716 1392 771 1425 γὰρ
785 1392 798 1417 ό
815 1392 893 1427 εἰρη-

99 1430 168 1462 κὼς,
186 1431 235 1456 καὶ
247 1431 320 1466 ὑπὲρ
334 1432 437 1467 ψυχροῦ
453 1433 585 1469 ποτηρίου
600 1434 714 1469 μισθοὺς
725 1437 891 1464 ἀποδιδόναι.

99 1476 256 1504 Λυπεῖσθαι
271 1477 300 1503 δὲ
324 1478 407 1513 φαίης
418 1479 445 1505 ὲν
461 1480 493 1514 τῇ
512 1479 631 1514 φροντίδι
645 1481 691 1507 τοῦ
702 1481 799 1508 τέκνου
810 1502 817 1514 ,
839 1483 894 1510 ἅττ--

977 706 1108 735 Putabam
1136 707 1208 735 diem
1230 708 1331 735 obiisse
1357 708 1464 735 beatam
1486 712 1600 735 matrem
1619 715 1727 741 meam;

942 752 987 779 illa
1002 760 1067 779 vero
1083 753 1174 781 adhuc
1195 754 1222 780 in
1241 758 1311 780 terra
1324 758 1375 786 est,
1393 758 1423 780 ut
1437 758 1559 788 apparet.
1574 753 1644 785 Quid
1656 754 1729 781 enim

942 797 1046 824 factura
1063 803 1121 824 erat
1136 798 1265 833 amplius,
1288 806 1368 832 quam
1393 803 1420 826 tu
1444 806 1507 834 erga
1531 806 1574 826 me
1601 798 1731 832 humjlem

944 847 1067 870 materna
1085 844 1268 871 sollicitudine
1291 848 1350 871 acta
1373 844 1464 871 facis?
1489 844 1587 872 Verum
1610 845 1659 872 etsi
1681 852 1731 879 ego

943 894 1080 924 peccator,
1094 890 1202 916 conﬁdo
1219 894 1308 917 tamen
1325 890 1353 917 in
1373 890 1499 923 Domino,
1515 891 1664 918 relaturum
1681 891 1728 918 tibi

943 942 994 969 pro
1010 934 1171 969 indignitate
1187 941 1246 961 mea
1274 934 1386 969 gratiam
1405 942 1458 962 non
1477 935 1575 966 levem.
1590 943 1622 962 ac
1635 943 1730 963 eorum

943 987 1004 1014 quae
1017 979 1093 1014 cupis
1101 980 1240 1014 etexpetis
1251 980 1433 1014 adeptionem.
1449 980 1582 1008 Caeterum
1595 980 1731 1007 sufﬁciunt

943 1032 1002 1058 quae
1016 1024 1086 1051 facta
1099 1028 1174 1051 sunt.
1189 1023 1245 1051 Hoc
1267 1024 1341 1051 enim
1355 1025 1541 1059 superioribus
1563 1033 1670 1059 quoque
1688 1025 1731 1052 lit-

944 1070 1010 1096 teris
1024 1069 1162 1104 respondi.
1175 1070 1209 1096 At
1225 1074 1253 1096 tu
1273 1074 1367 1096 contra
1389 1069 1513 1104 adjecisti
1528 1070 1619 1104 potius
1631 1074 1660 1096 ut
1675 1070 1731 1096 lar-

942 1113 1074 1148 gitionum
1092 1117 1217 1148 sumptus
1230 1121 1353 1148 augeres.
1367 1114 1509 1141 Undenam
1521 1115 1593 1141 enim
1607 1119 1730 1149 poteram

943 1167 1018 1186 nunc
1040 1159 1120 1186 etiam
1137 1159 1245 1194 pietatis
1261 1163 1313 1187 tua:
1328 1167 1383 1186 non
1399 1160 1580 1187 meminisse?
1596 1160 1634 1187 Ex
1648 1161 1731 1187 vesti-

944 1203 1054 1237 mentis,
1071 1211 1105 1230 ex
1122 1211 1200 1231 sacro
1213 1204 1338 1237 donario,
1354 1212 1387 1231 ex
1402 1205 1463 1232 cibo
1478 1210 1506 1232 et
1518 1211 1594 1240 potu,
1613 1206 1731 1241 undique

946 1253 1086 1283 stuporem
1100 1248 1180 1276 nobis
1196 1249 1324 1283 injecisti.
1334 1249 1515 1282 Quamobrem
1529 1251 1609 1278 ﬁnem
1624 1252 1731 1279 tandem

944 1293 1105 1320 muneribus
1114 1293 1224 1328 impone
1235 1302 1242 1326 ;
1255 1299 1282 1320 et
1292 1293 1325 1321 de
1335 1294 1425 1321 divina
1446 1295 1625 1323 retributione
1635 1303 1731 1323 secura

943 1343 1011 1366 esto.
1039 1338 1126 1366 Verax
1145 1338 1218 1365 enim
1236 1343 1278 1365 est
1303 1339 1348 1374 qui
1365 1339 1442 1372 dixit,
1459 1340 1540 1367 etiam
1564 1348 1612 1375 pro
1630 1340 1733 1376 frigidae

943 1384 1043 1419 poculo
1063 1384 1216 1411 mercedem
1228 1392 1257 1412 se
1279 1385 1447 1412 redditurum
1462 1385 1494 1412 δ’.
1520 1385 1632 1412 Tristari
1650 1386 1690 1414 ais
1706 1391 1733 1413 te

943 1430 978 1457 ob
993 1430 1027 1457 de
1041 1430 1096 1457 ﬁlio
1112 1429 1333 1464 sollicitudinem,
1349 1439 1408 1465 quae
1422 1430 1468 1457 tibi
1489 1431 1522 1458 ad
1537 1436 1732 1466 congruentem

944 1476 1043 1504 animte
1063 1483 1157 1503 curam
1172 1476 1257 1503 otium
1273 1483 1327 1503 non
1353 1476 1494 1511 permittit.
1509 1477 1544 1503 At
1556 1481 1645 1511 potest
1662 1477 1733 1504 Deus

101 1523 234 1557 ασχολίαν
245 1523 398 1559 ὲμποιοὺσῃ
414 1532 455 1550 σοι
469 1525 521 1559 τῆς
534 1525 648 1561 δεούσης
662 1528 727 1561 περὶ
740 1527 790 1562 τὴν
803 1528 892 1564 ψυχὴν

944 1528 971 1550 et
985 1523 1084 1558 egregii
1102 1521 1148 1549 ﬁlii
1165 1530 1208 1549 res
1223 1522 1273 1549 rite
1289 1522 1458 1557 dispensare,
1470 1527 1499 1550 et
1520 1526 1550 1549 ut
1565 1523 1663 1550 animae
1678 1524 1733 1550 ut-i-

101 1568 253 1603 μερίμνης.
278 1569 335 1596 Καὶ
357 1569 469 1601 δυνατὸς
483 1571 497 1596 ὁ
524 1571 591 1603 Θεὸς
611 1572 659 1598 καὶ
680 1571 729 1607 τὴν
745 1573 791 1600 τοῦ
809 1574 892 1601 καλοῦ

100 1613 200 1639 τέκνου
230 1613 364 1649 διοίκησιν
387 1615 608 1650 ἀπεργάσασθαι,
631 1617 678 1643 καὶ
702 1617 732 1644 σέ
753 1618 800 1644 ἐπὶ
822 1619 890 1645 πᾶσι

103 1659 207 1693 σχολὴν
224 1659 303 1693 ἄγειν
321 1661 451 1695 περὶτῶν
467 1661 635 1696 ψυχωφελῶν
650 1664 892 1699 καταστήσασθαι·

101 1703 140 1735 ὡς
152 1703 252 1740 ἑτοίμῃ
264 1706 363 1740 καρδίᾳ
378 1707 444 1741 πρὸς
460 1707 509 1742 τὴν
522 1707 612 1739 ἔξοδον
624 1708 671 1735 τοῦ
685 1708 813 1743 σώματος
826 1719 894 1745 παρ-

103 1751 246 1778 ίστασθαι.
274 1752 426 1786 Νηστεύειν
436 1752 464 1779 δὲ
479 1753 525 1780 καὶ
537 1753 790 1789 ταλαιπωρεῖσθαι,
814 1755 894 1791 σῶμα

102 1796 206 1831 ἔχουσα
217 1797 328 1832 νοσερὸν
338 1798 369 1824 οὐ
382 1798 448 1834 δύνῃ
457 1805 464 1813 ο
474 1798 525 1825 κᾶν
538 1798 625 1834 τούτῳ
636 1799 666 1831 [Ι.
681 1799 773 1836 τοῦτο]
784 1801 895 1833 ἀλύπως

102 1844 185 1878 φέρε,
209 1843 245 1870 τὰ
271 1844 374 1871 δυνατὰ
401 1844 555 1871 είσοίσουσα
586 1845 625 1880 τῷ
653 1845 759 1882 Κυρίῳ,
777 1847 826 1873 καὶ
854 1846 895 1882 τῷ

104 1889 277 1924 πλεονασμῷ
305 1891 355 1924 τῆς
375 1891 629 1925 ταπεινοφροσύνης
642 1890 672 1917 τὺ
688 1892 721 1918 ἐκ
735 1891 784 1926 τῆς
808 1892 895 1927 ἀσκή-

104 1942 177 1965 σεως
192 1934 284 1961 ὲνδὲον
309 1934 514 1970 ἁναπληροῦσα.
543 1936 747 1971 Προσεύχεσθαι
775 1937 804 1963 δὲ
821 1938 895 1969 ὅπως

104 1987 135 2006 σε
152 1981 218 2014 χρὴ,
231 1979 372 2014 ἐπιζητεῖς
391 1980 593 2015 ἐκδιδαχθῆναι.
618 1982 672 2008 Καὶ
696 1981 775 2008 τοῦτο
791 1982 896 2014 αὕτὺςό

104 2025 211 2060 Κύριος
227 2025 363 2057 ἑξεδίδαξε
375 2025 419 2051 διὰ
434 2026 482 2061 τῆς
497 2025 557 2057 τοῦ,
571 2025 666 2060 Πάτερ
681 2025 776 2061 ἡμῶν,
792 2028 896 2061 ἐπιφω-

104 2071 226 2106 νήσεως.
241 2071 289 2097 καὶ
303 2071 350 2097 τοῦ
364 2071 449 2106 μηδὲν
461 2072 546 2098 αἰτεῖν
565 2072 744 2107 πρόσκαιρον,
758 2073 826 2100 ἀλλὰ
845 2073 895 2108 τὴν

105 2116 249 2150 βασιλείαν
261 2116 413 2149 αὐτοῢ,καὶ
436 2118 485 2152 τὴν
508 2117 682 2153 δικαιοσύνην
704 2118 753 2153 τὴν
774 2117 893 2146 αἰώνιον.

105 2165 183 2201 Πλὴν
201 2166 244 2192 ὅτι
269 2165 425 2192 τετύπωται
442 2165 495 2192 ὑπὸ
513 2165 566 2192 τῶν
583 2165 719 2201 πατέρων,
747 2166 857 2201 πρῶτον
877 2167 894 2201 ή

945 1569 979 1596 lia
996 1569 1023 1596 in
1037 1569 1166 1596 omnibus
1190 1568 1357 1596 consecteris
1372 1568 1490 1601 cllicere,
1505 1573 1637 1604 utparalo
1651 1569 1733 1596 corde

944 1615 1068 1650 corporis
1102 1615 1205 1642 exitum
1237 1614 1404 1650 prmstolere.
1433 1614 1561 1649 .Iejunare
1591 1620 1681 1642 autem
1706 1620 1734 1642 et

944 1662 1050 1689 labores
1066 1661 1120 1695 pati
1132 1681 1139 1693 ,
1162 1668 1223 1687 eum
1237 1660 1363 1687 morboso
1377 1659 1413 1686 sis
1426 1667 1549 1694 corpore,
1564 1668 1617 1687 non
1631 1665 1708 1695 potes
1726 1670 1731 1687 :

944 1712 971 1734 et
985 1707 1036 1734 hoc
1058 1707 1145 1741 ipsum
1164 1714 1241 1741 aequo
1255 1706 1296 1733 fer
1312 1705 1418 1738 animo,
1441 1713 1500 1740 quae
1523 1711 1602 1740 potes
1616 1707 1735 1734 olIerens

945 1754 1068 1784 Domino,
1079 1752 1261 1787 supplensque
1274 1751 1434 1778 humilitatis
1444 1746 1610 1779 abundantia
1625 1752 1650 1779 id
1662 1753 1734 1787 quod

944 1800 1021 1827 deest
1045 1798 1245 1826 exercitationi.
1267 1797 1352 1824 Orare
1389 1805 1472 1832 porro
1507 1798 1734 1832 quemadmodum

944 1846 1055 1876 debeas.
1076 1844 1166 1872 doceri
1184 1844 1300 1878 expetis.
1318 1843 1374 1870 Hoc
1387 1851 1496 1878 quoque
1521 1843 1652 1871 Dominus
1676 1844 1735 1879 ipse

944 1892 1054 1920 edocuit
1070 1899 1119 1926 per
1133 1890 1341 1921 invocationem,
1361 1889 1444 1916 Pater
1460 1894 1546 1916 noster
1557 1890 1579 1905 "
1593 1898 1600 1923 ;
1614 1894 1641 1918 et
1654 1889 1736 1917 cadu-

945 1945 1006 1965 cum
1021 1937 1089 1964 nihil
1105 1936 1252 1971 petendum
1276 1935 1437 1966 admonens,
1458 1935 1504 1962 sed
1521 1943 1634 1971 regnum
1652 1935 1736 1970 ipsius

945 1987 973 2011 et
985 1982 1119 2018 justitiam
1134 1981 1341 2016 sempiternam.
1355 1979 1539 2015 Prmtcrquam
1564 1981 1635 2016 quod
1650 1989 1664 2008 a
1684 1980 1736 2008 Pa-

945 2017 1034 2056 tribus
1049 2027 1206 2063 prascripta
1219 2030 1260 2053 est
1279 2017 1568 2062 primumegratiarum
1590 2027 1660 2054 actio
1673 2034 1736 2062 erga

947 2074 1030 2101 Deum
1049 2072 1167 2106 ;deinde
1186 2076 1360 2106 peccatorum
1373 2071 1444 2106 apud
1463 2071 1553 2106 ipsum
1576 2072 1735 2104 confessio;

945 2122 1035 2146 actum
1044 2117 1152 2145 demum
1162 2116 1317 2151 postulatio,
1325 2119 1381 2143 tum
1388 2116 1421 2143 ad
1430 2123 1524 2143 eorum
1534 2117 1734 2150 remissionem,

945 2170 1003 2193 tum
1012 2163 1046 2192 ad
1062 2166 1220 2191 czeterarum
1234 2162 1391 2190 salutarium
1403 2170 1495 2190 rerum
1508 2163 1734 2198 impetrationem.

105 2212 146 2243 είς
181 2211 249 2238 Θεὸν
268 2211 427 2246 εὐχαριστία
455 2219 461 2226 ·
486 2211 582 2238 ἔπειτα
603 2213 620 2246 ἡ
642 2211 697 2238 τῶν
724 2212 931 2247 ἁμαρτημάτων
950 2212 1020 2246 πρὸς
1045 2210 1127 2238 αὐτὸν
1157 2209 1349 2245 ἐξαγόρευσις·
1378 2209 1426 2235 καὶ
1443 2207 1514 2236 οὕτω
1529 2210 1545 2244 ἠ
1563 2209 1672 2245 αἴτησις
1685 2211 1736 2246 τῆς

104 2257 343 2290 αὐτῶνάφέσεως,
372 2257 420 2283 καὶ⁵
444 2257 494 2291 τῆς
521 2257 575 2283 τῶν
597 2257 683 2284 ἄλλων
709 2258 889 2293 σωτηριωδῶν
905 2258 1014 2294 τρόπων
1027 2255 1200 2287 ὲπιτεύξεως.

141 2302 201 2329 Ἐπ’
217 2302 252 2328 ἂν
268 2300 315 2329 οὖν
336 2302 436 2337 μέλλῃς
452 2302 663 2337 προσεύχεσθαι,
684 2302 841 2337 εὐχαρίστει
857 2302 892 2338 τῷ

983 2302 1049 2328 Cum
1065 2301 1148 2336 igitur
1160 2305 1270 2328 oratura
1284 2307 1324 2331 es,
1339 2299 1440 2334 gratias
1457 2305 1506 2333 age
1524 2294 1648 2332 Domino,
1661 2300 1734 2334 quod

105 2348 204 2382 Κυρίῳ
217 2347 266 2373 καὶ
280 2347 414 2382 Δεσπότῃ.
428 2348 468 2374 ὅτι
481 2348 514 2374 ὲκ
524 2347 572 2374 τοῦ
587 2347 624 2382 μὴ
636 2347 712 2379 ὖντος
728 2349 768 2378 εἰς
780 2347 810 2373 τὸ
826 2345 896 2374 εἶναι

104 2392 255 2427 παρήγαγε
273 2400 303 2417 σε
313 2400 320 2405 ·
338 2392 380 2418 ὅτι
390 2392 562 2427 ὲλυτρώσατό
577 2400 607 2418 σε
623 2393 655 2418 ἐκ
668 2392 760 2426 πάσης
774 2392 894 2427 πλάνης·

103 2438 226 2467 καλέσας
241 2436 289 2462 καὶ
313 2437 433 2469 ἀξιώσας
448 2438 496 2471 τῆς
511 2437 610 2464 ἑαυτοῦ
625 2437 799 2471 ἐπιγνώσεως
817 2438 896 2472 μέτο-

104 2490 153 2516 χον
168 2481 310 2515 γενέσθαι,
338 2481 440 2515 πλάνης
466 2481 588 2516 ὲθνικῆς,
614 2481 719 2516 πλάνης
742 2481 895 2516 αἱρετικῆς·

103 2524 164 2553 εἶτα
178 2527 220 2553 ὃτι
235 2526 282 2552 καὶ
296 2525 343 2552 τοῦ
356 2526 499 2561 μοναδικοῦ
520 2528 568 2552 καὶ
583 2526 726 2560 ίσαγγέλου
745 2526 803 2561 βίου
820 2527 896 2558 ἐντός

105 2580 133 2598 σε
150 2571 364 2606 παρεσκεύασεν
389 2572 508 2607 ὑπάρξαι
526 2572 596 2606 μετὰ
610 2571 658 2606 τὴν
673 2571 720 2598 τοῦ
736 2572 894 2598 κοινωνικοῦ

105 2617 164 2651 βίου
183 2616 337 2643 ἀπόλαυσιν
348 2625 354 2631 ·
367 2613 403 2643 ὧν
420 2618 437 2652 ἡ
449 2617 539 2644 ἔννοια
551 2617 631 2652 ἱκανὴ
643 2617 836 2652 καταμαλάξαι
845 2617 894 2652 τὴν

103 2662 196 2697 ψυχὴν
209 2662 281 2697 πρὸς
293 2662 440 2695 κατάνυξιν
456 2663 503 2690 καὶ
514 2663 640 2698 δακρύων
653 2663 818 2698 προσϐολήν.
835 2663 894 2697 Ἀφ’

104 2705 141 2735 ὧν
157 2708 304 2744 φωτισμὸς
312 2709 438 2744 καρδίας,
450 2710 589 2744 γλυκύτης
612 2709 778 2744 πνεύματος,
798 2709 895 2735 ἐπιθυ-

105 2754 156 2788 μία
169 2754 255 2781 Θεοῦ.
271 2753 381 2789 Ταύτης
391 2755 600 2790 ἐνυπαρχούσης
620 2756 654 2790 τῇ
678 2754 788 2789 καρδίᾳ,
805 2754 896 2789 πάσης

106 2799 209 2831 κακίας
224 2799 301 2826 ἐστὶν
315 2799 446 2836 ἀποϐολή.
456 2800 537 2828 Ὅταν
545 2800 631 2832 οὕτως
645 2799 819 2836 εὐχαριστίας
830 2801 897 2827 ἀνα-

107 2843 221 2879 «eam;
237 2844 276 2879 τῷ
293 2844 363 2880 Θεῷ,
378 2844 524 2880 ἐξιγόρευε
538 2845 613 2880 αὐτῷ
627 2845 755 2880 λέγουσα·
769 2845 804 2871 Σὺ
812 2843 896 2879 οἶδας,

945 2354 977 2373 ex
994 2346 1079 2373 nihilo
1103 2349 1132 2372 ut
1152 2352 1226 2372 esses
1241 2349 1266 2371 te
1289 2344 1416 2378 produxit
1434 2353 1440 2370 :
1460 2344 1532 2378 quod
1556 2344 1590 2371 ab
1607 2344 1681 2371 omni
1707 2350 1734 2372 te

945 2399 1039 2419 errore
1073 2391 1209 2422 liberavit,
1237 2397 1338 2416 vocans
1366 2394 1392 2416 te
1417 2394 1445 2416 et
1474 2389 1515 2417 sui
1552 2389 1734 2424 cognitionem

945 2437 1116 2471 impertiens,
1141 2436 1175 2462 ab
1191 2443 1284 2462 errore
1305 2435 1408 2470 gentili,
1428 2435 1462 2461 ab
1484 2442 1578 2462 errore
1595 2436 1734 2463 haeretico.

948 2481 1049 2508 Deinde
1073 2479 1144 2515 quod
1169 2480 1203 2507 ad
1222 2479 1400 2506 monasticam
1424 2479 1609 2515 aequalemque
1632 2480 1736 2516 angelis

947 2528 1029 2555 vitam
1056 2532 1091 2559 te,
1120 2530 1179 2560 post
1202 2524 1340 2552 saecularis
1365 2525 1426 2552 vitae
1450 2525 1572 2557 delicias,
1587 2525 1735 2553 revocavit.

947 2573 1069 2606 Quorum
1082 2572 1210 2607 cogitatio
1226 2571 1282 2605 ipsa
1301 2571 1397 2598 idonea
1413 2575 1453 2597 est
1474 2574 1503 2596 ut
1515 2570 1635 2597 animam
1649 2571 1736 2597 emol-

947 2619 995 2646 liat
1014 2618 1048 2645 ad
1074 2617 1312 2652 compunctionem
1338 2617 1572 2650 lacrymarumque
1599 2616 1735 2650 profusio-

947 2672 1030 2696 nem;
1048 2671 1080 2690 οι
1101 2663 1200 2697 quibus
1215 2663 1306 2690 cordis
1330 2661 1501 2693 illuminatio,
1519 2661 1638 2688 suavitas
1654 2661 1735 2695 spiri-

947 2716 1001 2742 tus,
1033 2708 1079 2736 Dei
1106 2708 1281 2736 desiderium.
1314 2707 1399 2742 llujus
1426 2707 1453 2733 in
1473 2706 1554 2734 corde
1578 2706 1733 2741 prtescntia,

948 2754 1070 2782 omnium
1086 2753 1212 2780 vitiorum
1226 2757 1268 2780 est
1278 2752 1437 2788 proﬁigatio.
1456 2752 1524 2778 Cum
1538 2752 1570 2778 ad
1588 2751 1660 2778 hunc
1674 2758 1733 2777 mo-

947 2800 1013 2827 dum
1037 2798 1136 2834 gratias
1162 2798 1248 2834 egeris
1271 2797 1336 2830 Deo,
1354 2796 1484 2824 conﬁtere
1501 2797 1538 2824 illi
1554 2796 1668 2823 dicens:
1690 2794 1732 2822 Tu

949 2844 1030 2877 nosti,
1055 2844 1179 2876 Domine,
1194 2851 1275 2878 quam
1290 2842 1375 2870 multa
1388 2843 1435 2870 tibi
1452 2842 1598 2878 peccarim,
1612 2846 1639 2870 et
1652 2849 1733 2876 quam
