  <div class='ocr_page' id='page_1' title='image "/cluster/home/n/w/nwhite01/storage/ocr_20150623/99/njp.32101010943858/561.png"; bbox 0 0 1926 3078; ppageno 0'>
   <div class='ocr_carea' id='block_1_1' title="bbox 231 133 300 165">
    <p class='ocr_par' dir='ltr' id='par_1_1' title="bbox 231 133 300 165">
     <span class='ocr_line' id='line_1_1' title="bbox 231 133 300 165; baseline 0.014 -1"><span class='ocrx_word' id='word_1_1' title='bbox 231 133 300 165; x_wconf 79' lang='grc'><strong>1063</strong></span> 
     </span>
    </p>
   </div>
   <div class='ocr_carea' id='block_1_2' title="bbox 816 140 1262 171">
    <p class='ocr_par' dir='ltr' id='par_1_2' title="bbox 816 140 1262 171">
     <span class='ocr_line' id='line_1_2' title="bbox 816 140 1262 171; baseline 0 -1"><span class='ocrx_word' id='word_1_2' title='bbox 816 140 846 171; x_wconf 92' lang='lat' dir='ltr'><strong>S.</strong></span> <span class='ocrx_word' id='word_1_3' title='bbox 867 140 1064 171; x_wconf 79' lang='lat' dir='ltr'><strong>THEODORI</strong></span> <span class='ocrx_word' id='word_1_4' title='bbox 1086 140 1262 170; x_wconf 69' lang='lat' dir='ltr'><strong>STUDIT/E</strong></span> 
     </span>
    </p>
   </div>
   <div class='ocr_carea' id='block_1_3' title="bbox 1787 142 1850 174">
    <p class='ocr_par' dir='ltr' id='par_1_3' title="bbox 1787 142 1850 174">
     <span class='ocr_line' id='line_1_3' title="bbox 1787 142 1850 174; baseline 0.016 -1"><span class='ocrx_word' id='word_1_5' title='bbox 1787 142 1850 174; x_wconf 72' lang='lat'><strong>1034</strong></span> 
     </span>
    </p>
   </div>
   <div class='ocr_carea' id='block_1_4' title="bbox 228 189 1011 232">
    <p class='ocr_par' dir='ltr' id='par_1_4' title="bbox 228 189 1011 228">
     <span class='ocr_line' id='line_1_4' title="bbox 228 189 1011 228; baseline 0.008 -12"><span class='ocrx_word' id='word_1_6' title='bbox 228 191 312 217; x_wconf 88' lang='lat' dir='ltr'><strong>multa</strong></span> <span class='ocrx_word' id='word_1_7' title='bbox 329 196 439 224; x_wconf 79' lang='lat' dir='ltr'><strong>peccem</strong></span> <span class='ocrx_word' id='word_1_8' title='bbox 453 189 479 216; x_wconf 89' lang='lat' dir='ltr'><strong>in</strong></span> <span class='ocrx_word' id='word_1_9' title='bbox 503 190 597 224; x_wconf 86' lang='lat' dir='ltr'><strong>horas,</strong></span> <span class='ocrx_word' id='word_1_10' title='bbox 619 191 704 220; x_wconf 83' lang='lat' dir='ltr'><strong>hocce</strong></span> <span class='ocrx_word' id='word_1_11' title='bbox 718 198 871 228; x_wconf 72' lang='lat' dir='ltr'><strong>peccatum,</strong></span> <span class='ocrx_word' id='word_1_12' title='bbox 887 200 915 222; x_wconf 86' lang='lat' dir='ltr'><strong>et</strong></span> <span class='ocrx_word' id='word_1_13' title='bbox 932 196 1011 222; x_wconf 74' lang='lat' dir='ltr'><strong>hocce</strong></span> 
     </span>
    </p>
   </div>
   <div class='ocr_carea' id='block_1_5' title="bbox 1064 189 1853 232">
    <p class='ocr_par' dir='ltr' id='par_1_5' title="bbox 1067 195 1853 232">
     <span class='ocr_line' id='line_1_5' title="bbox 1067 195 1853 232; baseline 0.004 -11"><span class='ocrx_word' id='word_1_14' title='bbox 1067 195 1201 226; x_wconf 75' lang='grc' dir='ltr'><strong>Δέσποτα,</strong></span> <span class='ocrx_word' id='word_1_15' title='bbox 1217 196 1267 222; x_wconf 81' lang='grc' dir='ltr'><strong>ὅσα</strong></span> <span class='ocrx_word' id='word_1_16' title='bbox 1285 203 1327 221; x_wconf 89' lang='grc' dir='ltr'><strong>σοι</strong></span> <span class='ocrx_word' id='word_1_17' title='bbox 1341 195 1465 230; x_wconf 81' lang='grc' dir='ltr'><strong>ἥμαρτον</strong></span> <span class='ocrx_word' id='word_1_18' title='bbox 1475 203 1482 210; x_wconf 87' lang='grc'>·</span> <span class='ocrx_word' id='word_1_19' title='bbox 1496 196 1542 222; x_wconf 70' lang='grc' dir='ltr'><strong>καὶ</strong></span> <span class='ocrx_word' id='word_1_20' title='bbox 1564 195 1613 222; x_wconf 86' lang='grc' dir='ltr'><strong>ὅσα</strong></span> <span class='ocrx_word' id='word_1_21' title='bbox 1627 196 1780 232; x_wconf 77' lang='grc' dir='ltr'><strong>ἁμαρτάνω</strong></span> <span class='ocrx_word' id='word_1_22' title='bbox 1794 199 1853 224; x_wconf 82' lang='grc' dir='ltr'><strong>καθ’</strong></span> 
     </span>
    </p>
   </div>
   <div class='ocr_carea' id='block_1_6' title="bbox 227 236 1014 276">
    <p class='ocr_par' dir='ltr' id='par_1_6' title="bbox 227 236 1014 276">
     <span class='ocr_line' id='line_1_6' title="bbox 227 236 1014 276; baseline 0.008 -14"><span class='ocrx_word' id='word_1_23' title='bbox 227 236 381 269; x_wconf 62' lang='lat' dir='ltr'><strong>delictum:</strong></span> <span class='ocrx_word' id='word_1_24' title='bbox 397 240 425 263; x_wconf 86' lang='lat' dir='ltr'><strong>et</strong></span> <span class='ocrx_word' id='word_1_25' title='bbox 440 244 502 271; x_wconf 65' lang='lat' dir='ltr'><strong>quae</strong></span> <span class='ocrx_word' id='word_1_26' title='bbox 525 238 580 264; x_wconf 90' lang='lat' dir='ltr'><strong>scis</strong></span> <span class='ocrx_word' id='word_1_27' title='bbox 600 245 715 272; x_wconf 70' lang='lat' dir='ltr'><strong>qumque</strong></span> <span class='ocrx_word' id='word_1_28' title='bbox 728 239 837 274; x_wconf 81' lang='lat' dir='ltr'><strong>ignoras</strong></span> <span class='ocrx_word' id='word_1_29' title='bbox 852 241 1014 276; x_wconf 78' lang='lat' dir='ltr'><strong>recogitans,</strong></span> 
     </span>
    </p>
   </div>
   <div class='ocr_carea' id='block_1_7' title="bbox 228 282 1016 320">
    <p class='ocr_par' dir='ltr' id='par_1_7' title="bbox 228 282 1016 320">
     <span class='ocr_line' id='line_1_7' title="bbox 228 282 1016 320; baseline 0.008 -12"><span class='ocrx_word' id='word_1_30' title='bbox 228 282 276 309; x_wconf 80' lang='lat' dir='ltr'><strong>sed</strong></span> <span class='ocrx_word' id='word_1_31' title='bbox 292 282 337 309; x_wconf 89' lang='lat' dir='ltr'><strong>illa</strong></span> <span class='ocrx_word' id='word_1_32' title='bbox 347 287 448 310; x_wconf 85' lang='lat' dir='ltr'><strong>temere</strong></span> <span class='ocrx_word' id='word_1_33' title='bbox 464 291 519 310; x_wconf 92' lang='lat' dir='ltr'><strong>non</strong></span> <span class='ocrx_word' id='word_1_34' title='bbox 533 283 666 316; x_wconf 84' lang='lat' dir='ltr'><strong>recolens,</strong></span> <span class='ocrx_word' id='word_1_35' title='bbox 675 292 736 319; x_wconf 67' lang='lat' dir='ltr'><strong>quae</strong></span> <span class='ocrx_word' id='word_1_36' title='bbox 749 293 877 320; x_wconf 80' lang='lat' dir='ltr'><strong>expressa</strong></span> <span class='ocrx_word' id='word_1_37' title='bbox 889 287 1016 314; x_wconf 84' lang='lat' dir='ltr'><strong>recorda-</strong></span> 
     </span>
    </p>
   </div>
   <div class='ocr_carea' id='block_1_8' title="bbox 234 329 1015 367">
    <p class='ocr_par' dir='ltr' id='par_1_8' title="bbox 234 329 1015 367">
     <span class='ocr_line' id='line_1_8' title="bbox 234 329 1015 367; baseline 0.005 -12"><span class='ocrx_word' id='word_1_38' title='bbox 234 334 307 356; x_wconf 85' lang='lat' dir='ltr'><strong>ttone</strong></span> <span class='ocrx_word' id='word_1_39' title='bbox 320 329 438 355; x_wconf 88' lang='lat' dir='ltr'><strong>animam</strong></span> <span class='ocrx_word' id='word_1_40' title='bbox 454 329 565 356; x_wconf 61' lang='lat' dir='ltr'><strong>laedunt.</strong></span> <span class='ocrx_word' id='word_1_41' title='bbox 578 329 611 356; x_wconf 85' lang='lat' dir='ltr'><strong>Et</strong></span> <span class='ocrx_word' id='word_1_42' title='bbox 624 330 687 356; x_wconf 88' lang='lat' dir='ltr'><strong>hinc</strong></span> <span class='ocrx_word' id='word_1_43' title='bbox 700 331 747 357; x_wconf 87' lang='lat' dir='ltr'><strong>tibi</strong></span> <span class='ocrx_word' id='word_1_44' title='bbox 757 330 917 359; x_wconf 70' lang='lat' dir='ltr'><strong>humilitatis</strong></span> <span class='ocrx_word' id='word_1_45' title='bbox 931 333 1015 367; x_wconf 86' lang='lat' dir='ltr'><strong>gratia</strong></span> 
     </span>
    </p>
   </div>
   <div class='ocr_carea' id='block_1_9' title="bbox 226 374 1016 412">
    <p class='ocr_par' dir='ltr' id='par_1_9' title="bbox 226 374 1016 412">
     <span class='ocr_line' id='line_1_9' title="bbox 226 374 1016 412; baseline 0.006 -11"><span class='ocrx_word' id='word_1_46' title='bbox 226 374 366 401; x_wconf 78' lang='lat' dir='ltr'><strong>exorietur</strong></span> <span class='ocrx_word' id='word_1_47' title='bbox 388 382 449 402; x_wconf 78' lang='lat' dir='ltr'><strong>cum</strong></span> <span class='ocrx_word' id='word_1_48' title='bbox 472 375 562 403; x_wconf 78' lang='lat' dir='ltr'><strong>cordis</strong></span> <span class='ocrx_word' id='word_1_49' title='bbox 579 376 753 410; x_wconf 82' lang='lat' dir='ltr'><strong>contritione,</strong></span> <span class='ocrx_word' id='word_1_50' title='bbox 769 382 897 412; x_wconf 87' lang='lat' dir='ltr'><strong>metuque</strong></span> <span class='ocrx_word' id='word_1_51' title='bbox 917 379 1016 406; x_wconf 73' lang='lat' dir='ltr'><strong>divina:</strong></span> 
     </span>
    </p>
   </div>
   <div class='ocr_carea' id='block_1_10' title="bbox 227 419 1015 457">
    <p class='ocr_par' dir='ltr' id='par_1_10' title="bbox 227 419 1015 457">
     <span class='ocr_line' id='line_1_10' title="bbox 227 419 1015 457; baseline 0.006 -11"><span class='ocrx_word' id='word_1_52' title='bbox 227 419 366 447; x_wconf 72' lang='lat' dir='ltr'><strong>vindicue.</strong></span> <span class='ocrx_word' id='word_1_53' title='bbox 392 419 456 447; x_wconf 85' lang='lat' dir='ltr'><strong>Post</strong></span> <span class='ocrx_word' id='word_1_54' title='bbox 478 420 536 448; x_wconf 63' lang='lat' dir='ltr'><strong>haec</strong></span> <span class='ocrx_word' id='word_1_55' title='bbox 552 421 670 455; x_wconf 85' lang='lat' dir='ltr'><strong>postula,</strong></span> <span class='ocrx_word' id='word_1_56' title='bbox 686 422 794 457; x_wconf 85' lang='lat' dir='ltr'><strong>plange,</strong></span> <span class='ocrx_word' id='word_1_57' title='bbox 809 430 855 450; x_wconf 90' lang='lat' dir='ltr'><strong>ora</strong></span> <span class='ocrx_word' id='word_1_58' title='bbox 870 423 1015 450; x_wconf 90' lang='lat' dir='ltr'><strong>Dominum</strong></span> 
     </span>
    </p>
   </div>
   <div class='ocr_carea' id='block_1_11' title="bbox 229 465 1016 501">
    <p class='ocr_par' dir='ltr' id='par_1_11' title="bbox 229 465 1016 501">
     <span class='ocr_line' id='line_1_11' title="bbox 229 465 1016 501; baseline 0.006 -11"><span class='ocrx_word' id='word_1_59' title='bbox 229 469 304 491; x_wconf 87' lang='lat' dir='ltr'><strong>tuutn</strong></span> <span class='ocrx_word' id='word_1_60' title='bbox 319 473 369 499; x_wconf 91' lang='lat' dir='ltr'><strong>pro</strong></span> <span class='ocrx_word' id='word_1_61' title='bbox 380 465 476 492; x_wconf 87' lang='lat' dir='ltr'><strong>horum</strong></span> <span class='ocrx_word' id='word_1_62' title='bbox 487 465 657 499; x_wconf 82' lang='lat' dir='ltr'><strong>remissione,</strong></span> <span class='ocrx_word' id='word_1_63' title='bbox 672 474 720 501; x_wconf 92' lang='lat' dir='ltr'><strong>pro</strong></span> <span class='ocrx_word' id='word_1_64' title='bbox 730 467 839 499; x_wconf 89' lang='lat' dir='ltr'><strong>virium,</strong></span> <span class='ocrx_word' id='word_1_65' title='bbox 848 472 876 494; x_wconf 93' lang='lat' dir='ltr'><strong>ut</strong></span> <span class='ocrx_word' id='word_1_66' title='bbox 889 468 926 495; x_wconf 88' lang='lat' dir='ltr'><strong>illi</strong></span> <span class='ocrx_word' id='word_1_67' title='bbox 939 468 1016 495; x_wconf 88' lang='lat' dir='ltr'><strong>dein-</strong></span> 
     </span>
    </p>
   </div>
   <div class='ocr_carea' id='block_1_12' title="bbox 227 511 1014 548">
    <p class='ocr_par' dir='ltr' id='par_1_12' title="bbox 227 511 1014 548">
     <span class='ocr_line' id='line_1_12' title="bbox 227 511 1014 548; baseline 0.004 -11"><span class='ocrx_word' id='word_1_68' title='bbox 227 518 293 545; x_wconf 87' lang='lat' dir='ltr'><strong>ceps</strong></span> <span class='ocrx_word' id='word_1_69' title='bbox 308 511 425 545; x_wconf 67' lang='lat' dir='ltr'><strong>placeas.</strong></span> <span class='ocrx_word' id='word_1_70' title='bbox 441 511 666 544; x_wconf 81' lang='lat' dir='ltr'><strong>confirmatione;</strong></span> <span class='ocrx_word' id='word_1_71' title='bbox 682 512 776 539; x_wconf 87' lang='lat' dir='ltr'><strong>dicens</strong></span> <span class='ocrx_word' id='word_1_72' title='bbox 791 522 798 539; x_wconf 89' lang='lat'><strong>:</strong></span> <span class='ocrx_word' id='word_1_73' title='bbox 813 513 871 540; x_wconf 78' lang='lat' dir='ltr'><strong>Non</strong></span> <span class='ocrx_word' id='word_1_74' title='bbox 888 514 1014 548; x_wconf 75' lang='lat' dir='ltr'><strong>amplius,</strong></span> 
     </span>
    </p>
   </div>
   <div class='ocr_carea' id='block_1_13' title="bbox 227 555 1016 594">
    <p class='ocr_par' dir='ltr' id='par_1_13' title="bbox 227 555 1016 594">
     <span class='ocr_line' id='line_1_13' title="bbox 227 555 1016 594; baseline 0.005 -12"><span class='ocrx_word' id='word_1_75' title='bbox 227 555 342 583; x_wconf 82' lang='lat' dir='ltr'><strong>Domine</strong></span> <span class='ocrx_word' id='word_1_76' title='bbox 356 556 402 587; x_wconf 88' lang='lat' dir='ltr'><strong>mi,</strong></span> <span class='ocrx_word' id='word_1_77' title='bbox 416 556 540 587; x_wconf 86' lang='lat' dir='ltr'><strong>Domine.</strong></span> <span class='ocrx_word' id='word_1_78' title='bbox 557 557 668 584; x_wconf 89' lang='lat' dir='ltr'><strong>irritabo</strong></span> <span class='ocrx_word' id='word_1_79' title='bbox 682 562 708 585; x_wconf 89' lang='lat' dir='ltr'><strong>te</strong></span> <span class='ocrx_word' id='word_1_80' title='bbox 720 567 726 584; x_wconf 92' lang='lat'>:</span> <span class='ocrx_word' id='word_1_81' title='bbox 737 566 791 585; x_wconf 85' lang='lat' dir='ltr'><strong>non</strong></span> <span class='ocrx_word' id='word_1_82' title='bbox 808 559 925 593; x_wconf 86' lang='lat' dir='ltr'><strong>amplius</strong></span> <span class='ocrx_word' id='word_1_83' title='bbox 935 559 1016 594; x_wconf 87' lang='lat' dir='ltr'><strong>quid-</strong></span> 
     </span>
    </p>
   </div>
   <div class='ocr_carea' id='block_1_14' title="bbox 227 603 1014 638">
    <p class='ocr_par' dir='ltr' id='par_1_14' title="bbox 227 603 1014 638">
     <span class='ocr_line' id='line_1_14' title="bbox 227 603 1014 638; baseline 0.005 -10"><span class='ocrx_word' id='word_1_84' title='bbox 227 610 308 636; x_wconf 89' lang='lat' dir='ltr'><strong>qttam</strong></span> <span class='ocrx_word' id='word_1_85' title='bbox 324 603 484 630; x_wconf 82' lang='lat' dir='ltr'><strong>desiderabo</strong></span> <span class='ocrx_word' id='word_1_86' title='bbox 495 608 594 637; x_wconf 68' lang='lat' dir='ltr'><strong>prtcter</strong></span> <span class='ocrx_word' id='word_1_87' title='bbox 609 608 634 631; x_wconf 88' lang='lat' dir='ltr'><strong>te</strong></span> <span class='ocrx_word' id='word_1_88' title='bbox 647 605 692 638; x_wconf 90' lang='lat' dir='ltr'><strong>qui</strong></span> <span class='ocrx_word' id='word_1_89' title='bbox 708 612 771 631; x_wconf 79' lang='lat' dir='ltr'><strong>vere</strong></span> <span class='ocrx_word' id='word_1_90' title='bbox 780 612 808 631; x_wconf 91' lang='lat' dir='ltr'><strong>es</strong></span> <span class='ocrx_word' id='word_1_91' title='bbox 821 605 953 632; x_wconf 77' lang='lat' dir='ltr'><strong>amabilis.</strong></span> <span class='ocrx_word' id='word_1_92' title='bbox 972 605 1014 638; x_wconf 89' lang='lat' dir='ltr'><strong>Et,</strong></span> 
     </span>
    </p>
   </div>
   <div class='ocr_carea' id='block_1_15' title="bbox 227 648 1014 684">
    <p class='ocr_par' dir='ltr' id='par_1_15' title="bbox 227 648 1014 684">
     <span class='ocr_line' id='line_1_15' title="bbox 227 648 1014 684; baseline 0.006 -10"><span class='ocrx_word' id='word_1_93' title='bbox 227 649 250 675; x_wconf 69' lang='lat' dir='ltr'><strong>si</strong></span> <span class='ocrx_word' id='word_1_94' title='bbox 273 648 408 675; x_wconf 74' lang='lat' dir='ltr'><strong>oliendam</strong></span> <span class='ocrx_word' id='word_1_95' title='bbox 435 657 554 679; x_wconf 81' lang='lat' dir='ltr'><strong>rursum.</strong></span> <span class='ocrx_word' id='word_1_96' title='bbox 570 650 684 684; x_wconf 77' lang='lat' dir='ltr'><strong>supplex</strong></span> <span class='ocrx_word' id='word_1_97' title='bbox 710 650 745 676; x_wconf 78' lang='lat' dir='ltr'><strong>tio</strong></span> <span class='ocrx_word' id='word_1_98' title='bbox 771 651 923 678; x_wconf 80' lang='lat' dir='ltr'><strong>visceribus</strong></span> <span class='ocrx_word' id='word_1_99' title='bbox 949 651 1014 683; x_wconf 84' lang='lat' dir='ltr'><strong>tuis.</strong></span> 
     </span>
    </p>
   </div>
   <div class='ocr_carea' id='block_1_16' title="bbox 229 693 1015 730">
    <p class='ocr_par' dir='ltr' id='par_1_16' title="bbox 229 693 1015 730">
     <span class='ocr_line' id='line_1_16' title="bbox 229 693 1015 730; baseline 0.005 -11"><span class='ocrx_word' id='word_1_100' title='bbox 229 698 259 720; x_wconf 91' lang='lat' dir='ltr'><strong>ut</strong></span> <span class='ocrx_word' id='word_1_101' title='bbox 289 693 356 720; x_wconf 88' lang='lat' dir='ltr'><strong>mihi</strong></span> <span class='ocrx_word' id='word_1_102' title='bbox 373 694 455 721; x_wconf 88' lang='lat' dir='ltr'><strong>robur</strong></span> <span class='ocrx_word' id='word_1_103' title='bbox 472 694 561 726; x_wconf 88' lang='lat' dir='ltr'><strong>detur,</strong></span> <span class='ocrx_word' id='word_1_104' title='bbox 585 703 640 729; x_wconf 89' lang='lat' dir='ltr'><strong>quo</strong></span> <span class='ocrx_word' id='word_1_105' title='bbox 662 696 708 722; x_wconf 85' lang='lat' dir='ltr'><strong>tibi</strong></span> <span class='ocrx_word' id='word_1_106' title='bbox 724 696 828 730; x_wconf 79' lang='lat' dir='ltr'><strong>placere</strong></span> <span class='ocrx_word' id='word_1_107' title='bbox 847 704 1015 724; x_wconf 85' lang='lat' dir='ltr'><strong>assueseam.</strong></span> 
     </span>
    </p>
   </div>
   <div class='ocr_carea' id='block_1_17' title="bbox 230 738 1014 776">
    <p class='ocr_par' dir='ltr' id='par_1_17' title="bbox 230 738 1014 776">
     <span class='ocr_line' id='line_1_17' title="bbox 230 738 1014 776; baseline 0.005 -12"><span class='ocrx_word' id='word_1_108' title='bbox 230 738 257 764; x_wconf 84' lang='lat' dir='ltr'><strong>Si</strong></span> <span class='ocrx_word' id='word_1_109' title='bbox 271 739 336 773; x_wconf 85' lang='lat' dir='ltr'><strong>quid</strong></span> <span class='ocrx_word' id='word_1_110' title='bbox 348 739 420 766; x_wconf 83' lang='lat' dir='ltr'><strong>aliud</strong></span> <span class='ocrx_word' id='word_1_111' title='bbox 436 739 529 766; x_wconf 86' lang='lat' dir='ltr'><strong>animo</strong></span> <span class='ocrx_word' id='word_1_112' title='bbox 545 740 591 766; x_wconf 90' lang='lat' dir='ltr'><strong>tibi</strong></span> <span class='ocrx_word' id='word_1_113' title='bbox 605 745 731 767; x_wconf 79' lang='lat' dir='ltr'><strong>occurret</strong></span> <span class='ocrx_word' id='word_1_114' title='bbox 748 741 850 767; x_wconf 86' lang='lat' dir='ltr'><strong>bonum</strong></span> <span class='ocrx_word' id='word_1_115' title='bbox 865 741 936 775; x_wconf 87' lang='lat' dir='ltr'><strong>quod</strong></span> <span class='ocrx_word' id='word_1_116' title='bbox 951 749 1014 776; x_wconf 89' lang='lat' dir='ltr'><strong>aga-</strong></span> 
     </span>
    </p>
   </div>
   <div class='ocr_carea' id='block_1_18' title="bbox 228 785 1014 820">
    <p class='ocr_par' dir='ltr' id='par_1_18' title="bbox 228 785 1014 820">
     <span class='ocr_line' id='line_1_18' title="bbox 228 785 1014 820; baseline 0.005 -9"><span class='ocrx_word' id='word_1_117' title='bbox 228 790 283 815; x_wconf 89' lang='lat' dir='ltr'><strong>tur,</strong></span> <span class='ocrx_word' id='word_1_118' title='bbox 304 785 428 819; x_wconf 82' lang='lat' dir='ltr'><strong>impense</strong></span> <span class='ocrx_word' id='word_1_119' title='bbox 447 786 598 820; x_wconf 81' lang='lat' dir='ltr'><strong>postulans.</strong></span> <span class='ocrx_word' id='word_1_120' title='bbox 617 786 665 813; x_wconf 89' lang='lat' dir='ltr'><strong>His</strong></span> <span class='ocrx_word' id='word_1_121' title='bbox 681 786 758 818; x_wconf 84' lang='lat' dir='ltr'><strong>actis,</strong></span> <span class='ocrx_word' id='word_1_122' title='bbox 773 786 867 814; x_wconf 87' lang='lat' dir='ltr'><strong>invoca</strong></span> <span class='ocrx_word' id='word_1_123' title='bbox 893 792 1014 815; x_wconf 89' lang='lat' dir='ltr'><strong>sanetam</strong></span> 
     </span>
    </p>
   </div>
   <div class='ocr_carea' id='block_1_19' title="bbox 229 831 1015 870">
    <p class='ocr_par' dir='ltr' id='par_1_19' title="bbox 229 831 1015 870">
     <span class='ocr_line' id='line_1_19' title="bbox 229 831 1015 870; baseline 0.005 -12"><span class='ocrx_word' id='word_1_124' title='bbox 229 831 381 866; x_wconf 86' lang='lat' dir='ltr'><strong>Deiparam,</strong></span> <span class='ocrx_word' id='word_1_125' title='bbox 401 836 429 859; x_wconf 88' lang='lat' dir='ltr'><strong>ut</strong></span> <span class='ocrx_word' id='word_1_126' title='bbox 455 833 492 860; x_wconf 89' lang='lat' dir='ltr'><strong>tui</strong></span> <span class='ocrx_word' id='word_1_127' title='bbox 511 833 682 865; x_wconf 84' lang='lat' dir='ltr'><strong>misereatur,</strong></span> <span class='ocrx_word' id='word_1_128' title='bbox 709 838 818 860; x_wconf 85' lang='lat' dir='ltr'><strong>sanctos</strong></span> <span class='ocrx_word' id='word_1_129' title='bbox 841 834 961 870; x_wconf 78' lang='lat' dir='ltr'><strong>angelos,</strong></span> <span class='ocrx_word' id='word_1_130' title='bbox 987 839 1015 862; x_wconf 77' lang='lat' dir='ltr'><strong>et</strong></span> 
     </span>
    </p>
   </div>
   <div class='ocr_carea' id='block_1_20' title="bbox 225 879 1014 914">
    <p class='ocr_par' dir='ltr' id='par_1_20' title="bbox 225 879 1014 914">
     <span class='ocr_line' id='line_1_20' title="bbox 225 879 1014 914; baseline 0.003 -9"><span class='ocrx_word' id='word_1_131' title='bbox 225 887 306 913; x_wconf 84' lang='lat' dir='ltr'><strong>quem</strong></span> <span class='ocrx_word' id='word_1_132' title='bbox 321 879 382 906; x_wconf 67' lang='lat' dir='ltr'><strong>vita:</strong></span> <span class='ocrx_word' id='word_1_133' title='bbox 399 883 451 906; x_wconf 63' lang='lat' dir='ltr'><strong>tua:</strong></span> <span class='ocrx_word' id='word_1_134' title='bbox 474 879 616 906; x_wconf 81' lang='lat' dir='ltr'><strong>custodem</strong></span> <span class='ocrx_word' id='word_1_135' title='bbox 633 879 716 906; x_wconf 86' lang='lat' dir='ltr'><strong>habes</strong></span> <span class='ocrx_word' id='word_1_136' title='bbox 730 879 866 914; x_wconf 81' lang='lat' dir='ltr'><strong>angelum,</strong></span> <span class='ocrx_word' id='word_1_137' title='bbox 879 885 910 907; x_wconf 88' lang='lat' dir='ltr'><strong>ut</strong></span> <span class='ocrx_word' id='word_1_138' title='bbox 925 883 950 907; x_wconf 89' lang='lat' dir='ltr'><strong>te</strong></span> <span class='ocrx_word' id='word_1_139' title='bbox 964 888 1014 907; x_wconf 92' lang='lat' dir='ltr'><strong>cu-</strong></span> 
     </span>
    </p>
   </div>
   <div class='ocr_carea' id='block_1_21' title="bbox 224 924 1014 960">
    <p class='ocr_par' dir='ltr' id='par_1_21' title="bbox 224 924 1014 960">
     <span class='ocr_line' id='line_1_21' title="bbox 224 924 1014 960; baseline 0.003 -10"><span class='ocrx_word' id='word_1_140' title='bbox 224 924 324 951; x_wconf 84' lang='lat' dir='ltr'><strong>stodiat</strong></span> <span class='ocrx_word' id='word_1_141' title='bbox 333 928 359 951; x_wconf 86' lang='lat' dir='ltr'><strong>et</strong></span> <span class='ocrx_word' id='word_1_142' title='bbox 371 929 509 959; x_wconf 83' lang='lat' dir='ltr'><strong>protegat:</strong></span> <span class='ocrx_word' id='word_1_143' title='bbox 521 924 730 957; x_wconf 64' lang='lat' dir='ltr'><strong>Praecursorem,</strong></span> <span class='ocrx_word' id='word_1_144' title='bbox 745 925 892 960; x_wconf 82' lang='lat' dir='ltr'><strong>apostolos,</strong></span> <span class='ocrx_word' id='word_1_145' title='bbox 905 930 1014 953; x_wconf 85' lang='lat' dir='ltr'><strong>sanctos</strong></span> 
     </span>
    </p>
   </div>
   <div class='ocr_carea' id='block_1_22' title="bbox 224 968 1015 1003">
    <p class='ocr_par' dir='ltr' id='par_1_22' title="bbox 224 968 1015 1003">
     <span class='ocr_line' id='line_1_22' title="bbox 224 968 1015 1003; baseline 0.006 -9"><span class='ocrx_word' id='word_1_146' title='bbox 224 976 330 1001; x_wconf 90' lang='lat' dir='ltr'><strong>omnes,</strong></span> <span class='ocrx_word' id='word_1_147' title='bbox 344 973 372 995; x_wconf 88' lang='lat' dir='ltr'><strong>et</strong></span> <span class='ocrx_word' id='word_1_148' title='bbox 391 976 459 1003; x_wconf 89' lang='lat' dir='ltr'><strong>quos</strong></span> <span class='ocrx_word' id='word_1_149' title='bbox 482 968 617 1003; x_wconf 70' lang='lat' dir='ltr'><strong>praacipue</strong></span> <span class='ocrx_word' id='word_1_150' title='bbox 642 969 767 997; x_wconf 83' lang='lat' dir='ltr'><strong>invocare</strong></span> <span class='ocrx_word' id='word_1_151' title='bbox 789 971 966 1003; x_wconf 86' lang='lat' dir='ltr'><strong>consuevisti,</strong></span> <span class='ocrx_word' id='word_1_152' title='bbox 986 976 1015 999; x_wconf 81' lang='lat' dir='ltr'><strong>et</strong></span> 
     </span>
    </p>
   </div>
   <div class='ocr_carea' id='block_1_23' title="bbox 225 1014 1013 1052">
    <p class='ocr_par' dir='ltr' id='par_1_23' title="bbox 225 1014 1013 1052">
     <span class='ocr_line' id='line_1_23' title="bbox 225 1014 1013 1052; baseline 0.005 -12"><span class='ocrx_word' id='word_1_153' title='bbox 225 1014 299 1041; x_wconf 82' lang='lat' dir='ltr'><strong>illum</strong></span> <span class='ocrx_word' id='word_1_154' title='bbox 317 1014 395 1049; x_wconf 74' lang='lat' dir='ltr'><strong>cujus</strong></span> <span class='ocrx_word' id='word_1_155' title='bbox 421 1015 550 1042; x_wconf 88' lang='lat' dir='ltr'><strong>memoria</strong></span> <span class='ocrx_word' id='word_1_156' title='bbox 566 1023 600 1042; x_wconf 94' lang='lat' dir='ltr'><strong>eo</strong></span> <span class='ocrx_word' id='word_1_157' title='bbox 614 1015 658 1042; x_wconf 92' lang='lat' dir='ltr'><strong>die</strong></span> <span class='ocrx_word' id='word_1_158' title='bbox 673 1015 770 1050; x_wconf 84' lang='lat' dir='ltr'><strong>agitur.</strong></span> <span class='ocrx_word' id='word_1_159' title='bbox 784 1016 938 1052; x_wconf 74' lang='lat' dir='ltr'><strong>Hmcigitur</strong></span> <span class='ocrx_word' id='word_1_160' title='bbox 950 1025 1013 1044; x_wconf 91' lang='lat' dir='ltr'><strong>ora-</strong></span> 
     </span>
    </p>
   </div>
   <div class='ocr_carea' id='block_1_24' title="bbox 225 1060 1013 1095">
    <p class='ocr_par' dir='ltr' id='par_1_24' title="bbox 225 1060 1013 1095">
     <span class='ocr_line' id='line_1_24' title="bbox 225 1060 1013 1095; baseline 0.004 -7"><span class='ocrx_word' id='word_1_161' title='bbox 225 1061 307 1088; x_wconf 87' lang='lat' dir='ltr'><strong>tionis</strong></span> <span class='ocrx_word' id='word_1_162' title='bbox 326 1060 378 1087; x_wconf 85' lang='lat' dir='ltr'><strong>vim</strong></span> <span class='ocrx_word' id='word_1_163' title='bbox 396 1061 497 1088; x_wconf 89' lang='lat' dir='ltr'><strong>babere</strong></span> <span class='ocrx_word' id='word_1_164' title='bbox 513 1061 579 1088; x_wconf 87' lang='lat' dir='ltr'><strong>mihi</strong></span> <span class='ocrx_word' id='word_1_165' title='bbox 608 1061 737 1089; x_wconf 89' lang='lat' dir='ltr'><strong>videntur</strong></span> <span class='ocrx_word' id='word_1_166' title='bbox 754 1071 760 1095; x_wconf 94' lang='lat'><strong>;</strong></span> <span class='ocrx_word' id='word_1_167' title='bbox 791 1063 897 1090; x_wconf 81' lang='lat' dir='ltr'><strong>tametsi</strong></span> <span class='ocrx_word' id='word_1_168' title='bbox 926 1071 1013 1090; x_wconf 90' lang='lat' dir='ltr'><strong>unus-</strong></span> 
     </span>
    </p>
   </div>
   <div class='ocr_carea' id='block_1_25' title="bbox 223 1105 1009 1142">
    <p class='ocr_par' dir='ltr' id='par_1_25' title="bbox 223 1105 1009 1142">
     <span class='ocr_line' id='line_1_25' title="bbox 223 1105 1009 1142; baseline 0.006 -10"><span class='ocrx_word' id='word_1_169' title='bbox 223 1105 338 1140; x_wconf 82' lang='lat' dir='ltr'><strong>quisque</strong></span> <span class='ocrx_word' id='word_1_170' title='bbox 360 1105 420 1133; x_wconf 82' lang='lat' dir='ltr'><strong>allis</strong></span> <span class='ocrx_word' id='word_1_171' title='bbox 440 1106 531 1133; x_wconf 85' lang='lat' dir='ltr'><strong>verbis</strong></span> <span class='ocrx_word' id='word_1_172' title='bbox 554 1111 583 1134; x_wconf 90' lang='lat' dir='ltr'><strong>et</strong></span> <span class='ocrx_word' id='word_1_173' title='bbox 596 1114 652 1133; x_wconf 88' lang='lat' dir='ltr'><strong>non</strong></span> <span class='ocrx_word' id='word_1_174' title='bbox 677 1107 773 1134; x_wconf 88' lang='lat' dir='ltr'><strong>iisdem</strong></span> <span class='ocrx_word' id='word_1_175' title='bbox 797 1115 912 1142; x_wconf 90' lang='lat' dir='ltr'><strong>prorsus</strong></span> <span class='ocrx_word' id='word_1_176' title='bbox 924 1113 984 1136; x_wconf 90' lang='lat' dir='ltr'><strong>oret</strong></span> <span class='ocrx_word' id='word_1_177' title='bbox 1002 1118 1009 1138; x_wconf 91' lang='lat'><strong>:</strong></span> 
     </span>
    </p>
   </div>
   <div class='ocr_carea' id='block_1_26' title="bbox 223 1152 1011 1189">
    <p class='ocr_par' dir='ltr' id='par_1_26' title="bbox 223 1152 1011 1189">
     <span class='ocr_line' id='line_1_26' title="bbox 223 1152 1011 1189; baseline 0.005 -11"><span class='ocrx_word' id='word_1_178' title='bbox 223 1152 441 1186; x_wconf 78' lang='lat' dir='ltr'><strong>quandoquilem</strong></span> <span class='ocrx_word' id='word_1_179' title='bbox 466 1160 518 1180; x_wconf 90' lang='lat' dir='ltr'><strong>nec</strong></span> <span class='ocrx_word' id='word_1_180' title='bbox 542 1153 601 1187; x_wconf 87' lang='lat' dir='ltr'><strong>ipse</strong></span> <span class='ocrx_word' id='word_1_181' title='bbox 623 1152 668 1188; x_wconf 90' lang='lat' dir='ltr'><strong>qui</strong></span> <span class='ocrx_word' id='word_1_182' title='bbox 692 1158 762 1185; x_wconf 88' lang='lat' dir='ltr'><strong>orat,</strong></span> <span class='ocrx_word' id='word_1_183' title='bbox 782 1154 877 1181; x_wconf 86' lang='lat' dir='ltr'><strong>eadem</strong></span> <span class='ocrx_word' id='word_1_184' title='bbox 903 1162 1011 1189; x_wconf 86' lang='lat' dir='ltr'><strong>semper</strong></span> 
     </span>
    </p>
   </div>
   <div class='ocr_carea' id='block_1_27' title="bbox 223 1197 1009 1233">
    <p class='ocr_par' dir='ltr' id='par_1_27' title="bbox 223 1197 1009 1233">
     <span class='ocr_line' id='line_1_27' title="bbox 223 1197 1009 1233; baseline 0.005 -10"><span class='ocrx_word' id='word_1_185' title='bbox 223 1197 344 1231; x_wconf 89' lang='lat' dir='ltr'><strong>loquitur</strong></span> <span class='ocrx_word' id='word_1_186' title='bbox 361 1206 368 1224; x_wconf 88' lang='lat'><strong>:</strong></span> <span class='ocrx_word' id='word_1_187' title='bbox 383 1197 424 1224; x_wconf 87' lang='lat' dir='ltr'><strong>vis</strong></span> <span class='ocrx_word' id='word_1_188' title='bbox 437 1202 527 1224; x_wconf 86' lang='lat' dir='ltr'><strong>autem</strong></span> <span class='ocrx_word' id='word_1_189' title='bbox 542 1197 636 1225; x_wconf 86' lang='lat' dir='ltr'><strong>eadem</strong></span> <span class='ocrx_word' id='word_1_190' title='bbox 652 1198 804 1225; x_wconf 79' lang='lat' dir='ltr'><strong>necessaria</strong></span> <span class='ocrx_word' id='word_1_191' title='bbox 819 1203 860 1226; x_wconf 90' lang='lat' dir='ltr'><strong>est</strong></span> <span class='ocrx_word' id='word_1_192' title='bbox 872 1200 1009 1233; x_wconf 88' lang='lat' dir='ltr'><strong>omnibus,</strong></span> 
     </span>
    </p>
   </div>
   <div class='ocr_carea' id='block_1_28' title="bbox 224 1243 1010 1279">
    <p class='ocr_par' dir='ltr' id='par_1_28' title="bbox 224 1243 1010 1279">
     <span class='ocr_line' id='line_1_28' title="bbox 224 1243 1010 1279; baseline 0.004 -10"><span class='ocrx_word' id='word_1_193' title='bbox 224 1246 254 1269; x_wconf 88' lang='lat' dir='ltr'><strong>ut</strong></span> <span class='ocrx_word' id='word_1_194' title='bbox 267 1243 402 1269; x_wconf 79' lang='lat' dir='ltr'><strong>existimo.</strong></span> <span class='ocrx_word' id='word_1_195' title='bbox 420 1243 484 1270; x_wconf 81' lang='lat' dir='ltr'><strong>Vale</strong></span> <span class='ocrx_word' id='word_1_196' title='bbox 496 1243 596 1277; x_wconf 87' lang='lat' dir='ltr'><strong>itaque,</strong></span> <span class='ocrx_word' id='word_1_197' title='bbox 608 1248 790 1278; x_wconf 75' lang='lat' dir='ltr'><strong>congruenter</strong></span> <span class='ocrx_word' id='word_1_198' title='bbox 803 1251 892 1277; x_wconf 88' lang='lat' dir='ltr'><strong>orans,</strong></span> <span class='ocrx_word' id='word_1_199' title='bbox 906 1248 934 1272; x_wconf 88' lang='lat' dir='ltr'><strong>et</strong></span> <span class='ocrx_word' id='word_1_200' title='bbox 947 1253 1010 1279; x_wconf 86' lang='lat' dir='ltr'><strong>pro-</strong></span> 
     </span>
    </p>
   </div>
   <div class='ocr_carea' id='block_1_29' title="bbox 223 1287 1008 1324">
    <p class='ocr_par' dir='ltr' id='par_1_29' title="bbox 223 1287 1008 1324">
     <span class='ocr_line' id='line_1_29' title="bbox 223 1287 1008 1324; baseline 0.004 -10"><span class='ocrx_word' id='word_1_201' title='bbox 223 1287 319 1314; x_wconf 86' lang='lat' dir='ltr'><strong>ﬁciens</strong></span> <span class='ocrx_word' id='word_1_202' title='bbox 342 1295 545 1323; x_wconf 85' lang='lat' dir='ltr'><strong>usquequaque,</strong></span> <span class='ocrx_word' id='word_1_203' title='bbox 575 1293 711 1323; x_wconf 73' lang='lat' dir='ltr'><strong>totamque</strong></span> <span class='ocrx_word' id='word_1_204' title='bbox 733 1293 760 1316; x_wconf 89' lang='lat' dir='ltr'><strong>te</strong></span> <span class='ocrx_word' id='word_1_205' title='bbox 783 1297 832 1324; x_wconf 89' lang='lat' dir='ltr'><strong>per</strong></span> <span class='ocrx_word' id='word_1_206' title='bbox 854 1294 1008 1318; x_wconf 85' lang='lat' dir='ltr'><strong>accuratam</strong></span> 
     </span>
    </p>
   </div>
   <div class='ocr_carea' id='block_1_30' title="bbox 223 1333 728 1368">
    <p class='ocr_par' dir='ltr' id='par_1_30' title="bbox 223 1333 728 1368">
     <span class='ocr_line' id='line_1_30' title="bbox 223 1333 728 1368; baseline 0.004 -9"><span class='ocrx_word' id='word_1_207' title='bbox 223 1333 306 1360; x_wconf 84' lang='lat' dir='ltr'><strong>vitam</strong></span> <span class='ocrx_word' id='word_1_208' title='bbox 323 1333 437 1361; x_wconf 89' lang='lat' dir='ltr'><strong>Domino</strong></span> <span class='ocrx_word' id='word_1_209' title='bbox 449 1333 602 1368; x_wconf 84' lang='lat' dir='ltr'><strong>placentem</strong></span> <span class='ocrx_word' id='word_1_210' title='bbox 618 1334 728 1361; x_wconf 82' lang='lat' dir='ltr'><strong>exhibe.</strong></span> 
     </span>
    </p>
   </div>
   <div class='ocr_carea' id='block_1_31' title="bbox 1067 239 1854 278">
    <p class='ocr_par' dir='ltr' id='par_1_31' title="bbox 1067 239 1854 278">
     <span class='ocr_line' id='line_1_31' title="bbox 1067 239 1854 278; baseline 0.004 -11"><span class='ocrx_word' id='word_1_211' title='bbox 1067 241 1187 274; x_wconf 80' lang='grc' dir='ltr'><strong>ὲκάστην</strong></span> <span class='ocrx_word' id='word_1_212' title='bbox 1199 240 1274 274; x_wconf 82' lang='grc' dir='ltr'><strong>ὥραν</strong></span> <span class='ocrx_word' id='word_1_213' title='bbox 1285 249 1291 256; x_wconf 89' lang='grc'><strong>·</strong></span> <span class='ocrx_word' id='word_1_214' title='bbox 1308 239 1389 275; x_wconf 82' lang='grc' dir='ltr'><strong>τήνδε</strong></span> <span class='ocrx_word' id='word_1_215' title='bbox 1406 240 1456 274; x_wconf 85' lang='grc' dir='ltr'><strong>τὴν</strong></span> <span class='ocrx_word' id='word_1_216' title='bbox 1470 240 1622 275; x_wconf 77' lang='grc' dir='ltr'><strong>ἁμαρτίαν,</strong></span> <span class='ocrx_word' id='word_1_217' title='bbox 1636 243 1682 268; x_wconf 73' lang='grc' dir='ltr'><strong>καὶ</strong></span> <span class='ocrx_word' id='word_1_218' title='bbox 1703 242 1782 277; x_wconf 82' lang='grc' dir='ltr'><strong>τήνδε</strong></span> <span class='ocrx_word' id='word_1_219' title='bbox 1806 244 1854 278; x_wconf 71' lang='grc' dir='ltr'><strong>τὴν</strong></span> 
     </span>
    </p>
   </div>
   <div class='ocr_carea' id='block_1_32' title="bbox 1067 285 1854 323">
    <p class='ocr_par' dir='ltr' id='par_1_32' title="bbox 1067 285 1854 323">
     <span class='ocr_line' id='line_1_32' title="bbox 1067 285 1854 323; baseline 0.004 -11"><span class='ocrx_word' id='word_1_220' title='bbox 1067 286 1258 321; x_wconf 80' lang='grc' dir='ltr'><strong>πλημμέλειαν</strong></span> <span class='ocrx_word' id='word_1_221' title='bbox 1269 294 1276 301; x_wconf 91' lang='grc'><strong><em>-</em></strong></span> <span class='ocrx_word' id='word_1_222' title='bbox 1292 285 1340 312; x_wconf 74' lang='grc' dir='ltr'><strong>καὶ</strong></span> <span class='ocrx_word' id='word_1_223' title='bbox 1353 285 1387 312; x_wconf 84' lang='grc' dir='ltr'><strong>τὰ</strong></span> <span class='ocrx_word' id='word_1_224' title='bbox 1400 286 1428 312; x_wconf 77' lang='grc' dir='ltr'><strong>ὲν</strong></span> <span class='ocrx_word' id='word_1_225' title='bbox 1441 286 1541 319; x_wconf 85' lang='grc' dir='ltr'><strong>γνώσει</strong></span> <span class='ocrx_word' id='word_1_226' title='bbox 1557 286 1602 313; x_wconf 74' lang='grc' dir='ltr'><strong>καὶ</strong></span> <span class='ocrx_word' id='word_1_227' title='bbox 1617 287 1713 323; x_wconf 75' lang='grc' dir='ltr'><strong>ἀγνοίᾳ</strong></span> <span class='ocrx_word' id='word_1_228' title='bbox 1730 288 1854 323; x_wconf 77' lang='grc' dir='ltr'><strong>ἀναλογι-</strong></span> 
     </span>
    </p>
   </div>
   <div class='ocr_carea' id='block_1_33' title="bbox 1066 332 1854 370">
    <p class='ocr_par' dir='ltr' id='par_1_33' title="bbox 1066 332 1854 370">
     <span class='ocr_line' id='line_1_33' title="bbox 1066 332 1854 370; baseline 0.004 -12"><span class='ocrx_word' id='word_1_229' title='bbox 1066 332 1179 367; x_wconf 80' lang='grc' dir='ltr'><strong>ζομένη.</strong></span> <span class='ocrx_word' id='word_1_230' title='bbox 1198 333 1271 367; x_wconf 84' lang='grc' dir='ltr'><strong>Πλὴν</strong></span> <span class='ocrx_word' id='word_1_231' title='bbox 1288 333 1325 368; x_wconf 87' lang='grc' dir='ltr'><strong>μὴ</strong></span> <span class='ocrx_word' id='word_1_232' title='bbox 1351 333 1529 368; x_wconf 82' lang='grc' dir='ltr'><strong>ἁνιστοροῦσα</strong></span> <span class='ocrx_word' id='word_1_233' title='bbox 1553 333 1591 365; x_wconf 84' lang='grc' dir='ltr'><strong>ὡς</strong></span> <span class='ocrx_word' id='word_1_234' title='bbox 1605 333 1686 368; x_wconf 72' lang='grc' dir='ltr'><strong>ἔτυχε</strong></span> <span class='ocrx_word' id='word_1_235' title='bbox 1700 335 1733 360; x_wconf 76' lang='grc' dir='ltr'><strong>τὰ</strong></span> <span class='ocrx_word' id='word_1_236' title='bbox 1751 334 1854 370; x_wconf 72' lang='grc' dir='ltr'><strong>βλάϐην</strong></span> 
     </span>
    </p>
   </div>
   <div class='ocr_carea' id='block_1_34' title="bbox 1066 378 1852 416">
    <p class='ocr_par' dir='ltr' id='par_1_34' title="bbox 1066 378 1852 416">
     <span class='ocr_line' id='line_1_34' title="bbox 1066 378 1852 416; baseline 0.004 -12"><span class='ocrx_word' id='word_1_237' title='bbox 1066 379 1099 405; x_wconf 78' lang='grc' dir='ltr'><strong>ὲκ</strong></span> <span class='ocrx_word' id='word_1_238' title='bbox 1113 379 1163 412; x_wconf 84' lang='grc' dir='ltr'><strong>τῆς</strong></span> <span class='ocrx_word' id='word_1_239' title='bbox 1177 378 1308 412; x_wconf 78' lang='grc' dir='ltr'><strong>ἐναργοῦς</strong></span> <span class='ocrx_word' id='word_1_240' title='bbox 1322 379 1504 414; x_wconf 77' lang='grc' dir='ltr'><strong>ὑπομνήσεως</strong></span> <span class='ocrx_word' id='word_1_241' title='bbox 1526 379 1694 413; x_wconf 76' lang='grc' dir='ltr'><strong>ἐμποιοῦντα</strong></span> <span class='ocrx_word' id='word_1_242' title='bbox 1714 381 1748 416; x_wconf 84' lang='grc' dir='ltr'><strong>τῇ</strong></span> <span class='ocrx_word' id='word_1_243' title='bbox 1768 380 1852 416; x_wconf 79' lang='grc' dir='ltr'><strong>ψυχῇ.</strong></span> 
     </span>
    </p>
   </div>
   <div class='ocr_carea' id='block_1_35' title="bbox 1067 423 1853 461">
    <p class='ocr_par' dir='ltr' id='par_1_35' title="bbox 1067 423 1853 461">
     <span class='ocr_line' id='line_1_35' title="bbox 1067 423 1853 461; baseline 0.003 -11"><span class='ocrx_word' id='word_1_244' title='bbox 1067 424 1223 451; x_wconf 81' lang='grc' dir='ltr'><strong>Κὰντεῦθεν</strong></span> <span class='ocrx_word' id='word_1_245' title='bbox 1248 423 1375 450; x_wconf 86' lang='grc' dir='ltr'><strong>ἁνατελεῖ</strong></span> <span class='ocrx_word' id='word_1_246' title='bbox 1398 432 1439 450; x_wconf 85' lang='grc' dir='ltr'><strong>σοι</strong></span> <span class='ocrx_word' id='word_1_247' title='bbox 1474 425 1726 460; x_wconf 77' lang='grc' dir='ltr'><strong>ταπεινοφροσύνης</strong></span> <span class='ocrx_word' id='word_1_248' title='bbox 1762 426 1853 461; x_wconf 75' lang='grc' dir='ltr'><strong>χάρις,</strong></span> 
     </span>
    </p>
   </div>
   <div class='ocr_carea' id='block_1_36' title="bbox 1068 469 1855 505">
    <p class='ocr_par' dir='ltr' id='par_1_36' title="bbox 1068 469 1855 505">
     <span class='ocr_line' id='line_1_36' title="bbox 1068 469 1855 505; baseline 0.004 -10"><span class='ocrx_word' id='word_1_249' title='bbox 1068 470 1138 504; x_wconf 77' lang='grc' dir='ltr'><strong>μετὰ</strong></span> <span class='ocrx_word' id='word_1_250' title='bbox 1151 469 1322 505; x_wconf 85' lang='grc' dir='ltr'><strong>συντριμμοῦ</strong></span> <span class='ocrx_word' id='word_1_251' title='bbox 1335 469 1462 505; x_wconf 83' lang='grc' dir='ltr'><strong>καρδίας,</strong></span> <span class='ocrx_word' id='word_1_252' title='bbox 1480 470 1526 496; x_wconf 76' lang='grc' dir='ltr'><strong>καὶ</strong></span> <span class='ocrx_word' id='word_1_253' title='bbox 1538 469 1621 503; x_wconf 78' lang='grc' dir='ltr'><strong>φόϐου</strong></span> <span class='ocrx_word' id='word_1_254' title='bbox 1649 471 1855 503; x_wconf 73' lang='grc' dir='ltr'><strong>ἁνταποδὸσεως</strong></span> 
     </span>
    </p>
   </div>
   <div class='ocr_carea' id='block_1_37' title="bbox 1066 514 1854 551">
    <p class='ocr_par' dir='ltr' id='par_1_37' title="bbox 1066 514 1854 551">
     <span class='ocr_line' id='line_1_37' title="bbox 1066 514 1854 551; baseline 0.003 -11"><span class='ocrx_word' id='word_1_255' title='bbox 1066 514 1144 541; x_wconf 87' lang='grc' dir='ltr'><strong>Θεοῦ.</strong></span> <span class='ocrx_word' id='word_1_256' title='bbox 1176 515 1255 541; x_wconf 80' lang='grc' dir='ltr'><strong>Μετὰ</strong></span> <span class='ocrx_word' id='word_1_257' title='bbox 1279 515 1360 541; x_wconf 82' lang='grc' dir='ltr'><strong>τοῦτο</strong></span> <span class='ocrx_word' id='word_1_258' title='bbox 1382 514 1506 549; x_wconf 80' lang='grc' dir='ltr'><strong>αἴτησον,</strong></span> <span class='ocrx_word' id='word_1_259' title='bbox 1524 515 1663 548; x_wconf 76' lang='grc' dir='ltr'><strong>στέναξον,</strong></span> <span class='ocrx_word' id='word_1_260' title='bbox 1680 516 1793 551; x_wconf 82' lang='grc' dir='ltr'><strong>δεήθητι</strong></span> <span class='ocrx_word' id='word_1_261' title='bbox 1808 517 1854 542; x_wconf 80' lang='grc' dir='ltr'><strong>τοῦ</strong></span> 
     </span>
    </p>
   </div>
   <div class='ocr_carea' id='block_1_38' title="bbox 1067 559 1855 596">
    <p class='ocr_par' dir='ltr' id='par_1_38' title="bbox 1067 559 1855 596">
     <span class='ocr_line' id='line_1_38' title="bbox 1067 559 1855 596; baseline 0.004 -11"><span class='ocrx_word' id='word_1_262' title='bbox 1067 560 1169 595; x_wconf 79' lang='grc' dir='ltr'><strong>Κυρίου</strong></span> <span class='ocrx_word' id='word_1_263' title='bbox 1184 568 1230 585; x_wconf 89' lang='grc' dir='ltr'><strong>σου</strong></span> <span class='ocrx_word' id='word_1_264' title='bbox 1247 560 1297 594; x_wconf 83' lang='grc' dir='ltr'><strong>τὴν</strong></span> <span class='ocrx_word' id='word_1_265' title='bbox 1309 560 1411 586; x_wconf 82' lang='grc' dir='ltr'><strong>τούτων</strong></span> <span class='ocrx_word' id='word_1_266' title='bbox 1428 559 1536 593; x_wconf 83' lang='grc' dir='ltr'><strong>ἄφεσιν,</strong></span> <span class='ocrx_word' id='word_1_267' title='bbox 1549 560 1599 594; x_wconf 78' lang='grc' dir='ltr'><strong>τὴν</strong></span> <span class='ocrx_word' id='word_1_268' title='bbox 1620 561 1688 596; x_wconf 80' lang='grc' dir='ltr'><strong>πρὸς</strong></span> <span class='ocrx_word' id='word_1_269' title='bbox 1713 561 1743 588; x_wconf 76' lang='grc' dir='ltr'><strong>τὺ</strong></span> <span class='ocrx_word' id='word_1_270' title='bbox 1759 562 1855 596; x_wconf 78' lang='grc' dir='ltr'><strong>μέλλον</strong></span> 
     </span>
    </p>
   </div>
   <div class='ocr_carea' id='block_1_39' title="bbox 1067 605 1852 641">
    <p class='ocr_par' dir='ltr' id='par_1_39' title="bbox 1067 605 1852 641">
     <span class='ocr_line' id='line_1_39' title="bbox 1067 605 1852 641; baseline 0.004 -10"><span class='ocrx_word' id='word_1_271' title='bbox 1067 606 1135 640; x_wconf 76' lang='grc' dir='ltr'><strong>πρὸς</strong></span> <span class='ocrx_word' id='word_1_272' title='bbox 1156 606 1185 632; x_wconf 77' lang='grc' dir='ltr'><strong>τὸ</strong></span> <span class='ocrx_word' id='word_1_273' title='bbox 1202 606 1360 639; x_wconf 73' lang='grc' dir='ltr'><strong>εὐαρεστεῖν</strong></span> <span class='ocrx_word' id='word_1_274' title='bbox 1385 605 1460 640; x_wconf 84' lang='grc' dir='ltr'><strong>αὐτῷ</strong></span> <span class='ocrx_word' id='word_1_275' title='bbox 1484 606 1690 640; x_wconf 71' lang='grc' dir='ltr'><strong>ἐνδυνάμωσιν·</strong></span> <span class='ocrx_word' id='word_1_276' title='bbox 1715 606 1833 641; x_wconf 81' lang='grc' dir='ltr'><strong>λέγουσα</strong></span> <span class='ocrx_word' id='word_1_277' title='bbox 1846 617 1852 624; x_wconf 92' lang='grc'><strong>·</strong></span> 
     </span>
    </p>
   </div>
   <div class='ocr_carea' id='block_1_40' title="bbox 1066 649 1853 688">
    <p class='ocr_par' dir='ltr' id='par_1_40' title="bbox 1066 649 1853 688">
     <span class='ocr_line' id='line_1_40' title="bbox 1066 649 1853 688; baseline 0.003 -12"><span class='ocrx_word' id='word_1_278' title='bbox 1066 650 1175 682; x_wconf 73' lang='grc' dir='ltr'><strong>Οὐκέτι,</strong></span> <span class='ocrx_word' id='word_1_279' title='bbox 1189 650 1276 685; x_wconf 87' lang='grc' dir='ltr'><strong>Κύριέ</strong></span> <span class='ocrx_word' id='word_1_280' title='bbox 1287 659 1348 685; x_wconf 88' lang='grc' dir='ltr'><strong>μου,</strong></span> <span class='ocrx_word' id='word_1_281' title='bbox 1361 649 1458 684; x_wconf 75' lang='grc' dir='ltr'><strong>Κύριε,</strong></span> <span class='ocrx_word' id='word_1_282' title='bbox 1474 651 1633 685; x_wconf 82' lang='grc' dir='ltr'><strong>παροργίζω</strong></span> <span class='ocrx_word' id='word_1_283' title='bbox 1645 650 1853 688; x_wconf 63' lang='grc' dir='ltr'><strong>[ίζπαροργίσω]</strong></span> 
     </span>
    </p>
   </div>
   <div class='ocr_carea' id='block_1_41' title="bbox 1067 695 1855 731">
    <p class='ocr_par' dir='ltr' id='par_1_41' title="bbox 1067 695 1855 731">
     <span class='ocr_line' id='line_1_41' title="bbox 1067 695 1855 731; baseline 0.001 -9"><span class='ocrx_word' id='word_1_284' title='bbox 1067 704 1108 728; x_wconf 80' lang='grc' dir='ltr'><strong>σε,</strong></span> <span class='ocrx_word' id='word_1_285' title='bbox 1121 695 1213 722; x_wconf 76' lang='grc' dir='ltr'><strong>οὐκέτι</strong></span> <span class='ocrx_word' id='word_1_286' title='bbox 1229 696 1336 730; x_wconf 79' lang='grc' dir='ltr'><strong>φιλήσω</strong></span> <span class='ocrx_word' id='word_1_287' title='bbox 1349 695 1414 722; x_wconf 77' lang='grc' dir='ltr'><strong>ἄλλο</strong></span> <span class='ocrx_word' id='word_1_288' title='bbox 1431 704 1458 722; x_wconf 87' lang='grc' dir='ltr'><strong>τι</strong></span> <span class='ocrx_word' id='word_1_289' title='bbox 1474 695 1550 730; x_wconf 82' lang='grc' dir='ltr'><strong>παρὰ</strong></span> <span class='ocrx_word' id='word_1_290' title='bbox 1566 695 1595 722; x_wconf 79' lang='grc' dir='ltr'><strong>σὲ</strong></span> <span class='ocrx_word' id='word_1_291' title='bbox 1610 696 1656 722; x_wconf 65' lang='grc' dir='ltr'><strong>τὸν</strong></span> <span class='ocrx_word' id='word_1_292' title='bbox 1676 697 1760 726; x_wconf 75' lang='grc' dir='ltr'><strong>ὅντως</strong></span> <span class='ocrx_word' id='word_1_293' title='bbox 1784 697 1855 731; x_wconf 80' lang='grc' dir='ltr'><strong>ἁγα-</strong></span> 
     </span>
    </p>
   </div>
   <div class='ocr_carea' id='block_1_42' title="bbox 1064 740 1855 777">
    <p class='ocr_par' dir='ltr' id='par_1_42' title="bbox 1064 740 1855 777">
     <span class='ocr_line' id='line_1_42' title="bbox 1064 740 1855 777; baseline 0.003 -11"><span class='ocrx_word' id='word_1_294' title='bbox 1064 740 1152 775; x_wconf 81' lang='grc' dir='ltr'><strong>πητόν</strong></span> <span class='ocrx_word' id='word_1_295' title='bbox 1161 747 1168 754; x_wconf 68' lang='grc'><strong><em>⁵</em></strong></span> <span class='ocrx_word' id='word_1_296' title='bbox 1185 740 1236 766; x_wconf 84' lang='grc' dir='ltr'><strong>κὰν</strong></span> <span class='ocrx_word' id='word_1_297' title='bbox 1245 748 1273 766; x_wconf 87' lang='grc' dir='ltr'><strong>τε</strong></span> <span class='ocrx_word' id='word_1_298' title='bbox 1289 740 1410 776; x_wconf 81' lang='grc' dir='ltr'><strong>παροργί</strong></span> <span class='ocrx_word' id='word_1_299' title='bbox 1419 749 1457 766; x_wconf 88' lang='grc' dir='ltr'><strong>σω</strong></span> <span class='ocrx_word' id='word_1_300' title='bbox 1464 741 1556 772; x_wconf 84' lang='grc' dir='ltr'><strong>πάλιν,</strong></span> <span class='ocrx_word' id='word_1_301' title='bbox 1573 741 1784 776; x_wconf 73' lang='grc' dir='ltr'><strong>προσπίπτουσα</strong></span> <span class='ocrx_word' id='word_1_302' title='bbox 1796 744 1855 777; x_wconf 84' lang='grc' dir='ltr'><strong>είμι</strong></span> 
     </span>
    </p>
   </div>
   <div class='ocr_carea' id='block_1_43' title="bbox 1064 786 1855 822">
    <p class='ocr_par' dir='ltr' id='par_1_43' title="bbox 1064 786 1855 822">
     <span class='ocr_line' id='line_1_43' title="bbox 1064 786 1855 822; baseline 0.003 -10"><span class='ocrx_word' id='word_1_303' title='bbox 1064 788 1120 818; x_wconf 87' lang='grc' dir='ltr'><strong>τοῖς</strong></span> <span class='ocrx_word' id='word_1_304' title='bbox 1138 787 1291 821; x_wconf 85' lang='grc' dir='ltr'><strong>οίκτιρμοῖς</strong></span> <span class='ocrx_word' id='word_1_305' title='bbox 1306 795 1363 817; x_wconf 81' lang='grc' dir='ltr'><strong>σου,</strong></span> <span class='ocrx_word' id='word_1_306' title='bbox 1391 786 1501 820; x_wconf 80' lang='grc' dir='ltr'><strong>δοθῆναί</strong></span> <span class='ocrx_word' id='word_1_307' title='bbox 1519 795 1565 821; x_wconf 85' lang='grc' dir='ltr'><strong>μοι</strong></span> <span class='ocrx_word' id='word_1_308' title='bbox 1581 787 1657 822; x_wconf 80' lang='grc' dir='ltr'><strong>ίσχὺν</strong></span> <span class='ocrx_word' id='word_1_309' title='bbox 1680 788 1710 813; x_wconf 86' lang='grc' dir='ltr'><strong>ὲν</strong></span> <span class='ocrx_word' id='word_1_310' title='bbox 1735 787 1791 820; x_wconf 75' lang='grc' dir='ltr'><strong>ἕξει</strong></span> <span class='ocrx_word' id='word_1_311' title='bbox 1809 795 1855 821; x_wconf 76' lang='grc' dir='ltr'><strong>γε·</strong></span> 
     </span>
    </p>
   </div>
   <div class='ocr_carea' id='block_1_44' title="bbox 1065 832 1853 866">
    <p class='ocr_par' dir='ltr' id='par_1_44' title="bbox 1065 832 1853 866">
     <span class='ocr_line' id='line_1_44' title="bbox 1065 832 1853 866; baseline 0 -7"><span class='ocrx_word' id='word_1_312' title='bbox 1065 833 1160 859; x_wconf 83' lang='grc' dir='ltr'><strong>νέσθαι</strong></span> <span class='ocrx_word' id='word_1_313' title='bbox 1178 832 1225 858; x_wconf 80' lang='grc' dir='ltr'><strong>τοῦ</strong></span> <span class='ocrx_word' id='word_1_314' title='bbox 1239 833 1398 866; x_wconf 79' lang='grc' dir='ltr'><strong>εὐαρεστεῖν</strong></span> <span class='ocrx_word' id='word_1_315' title='bbox 1414 840 1466 858; x_wconf 86' lang='grc' dir='ltr'><strong>σοι.</strong></span> <span class='ocrx_word' id='word_1_316' title='bbox 1478 832 1512 858; x_wconf 70' lang='lat' dir='ltr'><strong>Et</strong></span> <span class='ocrx_word' id='word_1_317' title='bbox 1522 841 1549 858; x_wconf 88' lang='grc' dir='ltr'><strong>τι</strong></span> <span class='ocrx_word' id='word_1_318' title='bbox 1563 832 1628 859; x_wconf 74' lang='grc' dir='ltr'><strong>ἄλλο</strong></span> <span class='ocrx_word' id='word_1_319' title='bbox 1642 832 1712 858; x_wconf 77' lang='grc' dir='ltr'><strong>κατὰ</strong></span> <span class='ocrx_word' id='word_1_320' title='bbox 1737 833 1800 859; x_wconf 67' lang='grc' dir='ltr'><strong>νοῦι</strong></span> <span class='ocrx_word' id='word_1_321' title='bbox 1811 841 1853 859; x_wconf 87' lang='grc' dir='ltr'><strong>σοι</strong></span> 
     </span>
    </p>
   </div>
   <div class='ocr_carea' id='block_1_45' title="bbox 1066 877 1852 914">
    <p class='ocr_par' dir='ltr' id='par_1_45' title="bbox 1066 877 1852 914">
     <span class='ocr_line' id='line_1_45' title="bbox 1066 877 1852 914; baseline -0.001 -9"><span class='ocrx_word' id='word_1_322' title='bbox 1066 879 1232 914; x_wconf 84' lang='grc' dir='ltr'><strong>παρίσταται</strong></span> <span class='ocrx_word' id='word_1_323' title='bbox 1243 877 1393 912; x_wconf 79' lang='grc' dir='ltr'><strong>ἀνυσθῆναι</strong></span> <span class='ocrx_word' id='word_1_324' title='bbox 1415 877 1526 911; x_wconf 84' lang='grc' dir='ltr'><strong>ἀγαθὸν,</strong></span> <span class='ocrx_word' id='word_1_325' title='bbox 1556 877 1667 912; x_wconf 84' lang='grc' dir='ltr'><strong>θερμῶς</strong></span> <span class='ocrx_word' id='word_1_326' title='bbox 1691 878 1852 913; x_wconf 77' lang='grc' dir='ltr'><strong>αἰτουμένη.</strong></span> 
     </span>
    </p>
   </div>
   <div class='ocr_carea' id='block_1_46' title="bbox 1065 922 1853 959">
    <p class='ocr_par' dir='ltr' id='par_1_46' title="bbox 1065 922 1853 959">
     <span class='ocr_line' id='line_1_46' title="bbox 1065 922 1853 959; baseline -0.003 -8"><span class='ocrx_word' id='word_1_327' title='bbox 1065 924 1119 951; x_wconf 63' lang='grc' dir='ltr'><strong>Καὶ</strong></span> <span class='ocrx_word' id='word_1_328' title='bbox 1134 923 1203 959; x_wconf 78' lang='grc' dir='ltr'><strong>μετὰ</strong></span> <span class='ocrx_word' id='word_1_329' title='bbox 1215 924 1300 950; x_wconf 84' lang='grc' dir='ltr'><strong>ταῦτα</strong></span> <span class='ocrx_word' id='word_1_330' title='bbox 1309 922 1439 949; x_wconf 78' lang='grc' dir='ltr'><strong>ἐπικαλοῦ</strong></span> <span class='ocrx_word' id='word_1_331' title='bbox 1447 923 1497 956; x_wconf 78' lang='grc' dir='ltr'><strong>τὴν</strong></span> <span class='ocrx_word' id='word_1_332' title='bbox 1506 922 1587 956; x_wconf 82' lang='grc' dir='ltr'><strong>ἁγίαν</strong></span> <span class='ocrx_word' id='word_1_333' title='bbox 1597 923 1728 950; x_wconf 83' lang='grc' dir='ltr'><strong>Θεοτόκον</strong></span> <span class='ocrx_word' id='word_1_334' title='bbox 1744 924 1853 958; x_wconf 73' lang='grc' dir='ltr'><strong>ἐλεῆσαί</strong></span> 
     </span>
    </p>
   </div>
   <div class='ocr_carea' id='block_1_47' title="bbox 1065 968 1853 1004">
    <p class='ocr_par' dir='ltr' id='par_1_47' title="bbox 1065 968 1853 1004">
     <span class='ocr_line' id='line_1_47' title="bbox 1065 968 1853 1004; baseline 0.001 -8"><span class='ocrx_word' id='word_1_335' title='bbox 1065 977 1094 996; x_wconf 82' lang='grc' dir='ltr'><strong>σε</strong></span> <span class='ocrx_word' id='word_1_336' title='bbox 1107 977 1114 985; x_wconf 81' lang='grc'><strong><em>⁸</em></strong></span> <span class='ocrx_word' id='word_1_337' title='bbox 1125 970 1190 1000; x_wconf 79' lang='grc' dir='ltr'><strong>τοὺς</strong></span> <span class='ocrx_word' id='word_1_338' title='bbox 1202 969 1297 1002; x_wconf 79' lang='grc' dir='ltr'><strong>ἁγίους</strong></span> <span class='ocrx_word' id='word_1_339' title='bbox 1307 969 1450 1002; x_wconf 81' lang='grc' dir='ltr'><strong>ἀγγέλους,</strong></span> <span class='ocrx_word' id='word_1_340' title='bbox 1468 969 1515 995; x_wconf 74' lang='grc' dir='ltr'><strong>καὶ</strong></span> <span class='ocrx_word' id='word_1_341' title='bbox 1528 969 1557 995; x_wconf 81' lang='grc' dir='ltr'><strong>ὃν</strong></span> <span class='ocrx_word' id='word_1_342' title='bbox 1571 968 1642 1004; x_wconf 76' lang='grc' dir='ltr'><strong>ἔχεις</strong></span> <span class='ocrx_word' id='word_1_343' title='bbox 1654 970 1704 1004; x_wconf 85' lang='grc' dir='ltr'><strong>τῆς</strong></span> <span class='ocrx_word' id='word_1_344' title='bbox 1719 969 1791 1004; x_wconf 81' lang='grc' dir='ltr'><strong>ζωῆς</strong></span> <span class='ocrx_word' id='word_1_345' title='bbox 1805 979 1853 997; x_wconf 89' lang='grc' dir='ltr'><strong>σου</strong></span> 
     </span>
    </p>
   </div>
   <div class='ocr_carea' id='block_1_48' title="bbox 1064 1011 1854 1050">
    <p class='ocr_par' dir='ltr' id='par_1_48' title="bbox 1064 1011 1854 1050">
     <span class='ocr_line' id='line_1_48' title="bbox 1064 1011 1854 1050; baseline -0.016 -9"><span class='ocrx_word' id='word_1_346' title='bbox 1064 1011 1173 1050; x_wconf 77' lang='grc' dir='ltr'><strong>ᾡύλακα</strong></span> <span class='ocrx_word' id='word_1_347' title='bbox 1198 1014 1333 1048; x_wconf 75' lang='grc' dir='ltr'><strong>ἄγγελον·</strong></span> <span class='ocrx_word' id='word_1_348' title='bbox 1355 1013 1399 1039; x_wconf 85' lang='grc' dir='ltr'><strong>ἴνα</strong></span> <span class='ocrx_word' id='word_1_349' title='bbox 1422 1022 1451 1039; x_wconf 73' lang='grc' dir='ltr'><strong>σε</strong></span> <span class='ocrx_word' id='word_1_350' title='bbox 1468 1015 1573 1050; x_wconf 73' lang='grc' dir='ltr'><strong>φρουρῇ</strong></span> <span class='ocrx_word' id='word_1_351' title='bbox 1599 1014 1647 1041; x_wconf 54' lang='grc' dir='ltr'><strong>καὶ</strong></span> <span class='ocrx_word' id='word_1_352' title='bbox 1675 1015 1780 1050; x_wconf 71' lang='grc' dir='ltr'><strong>σκέπῃ.</strong></span> <span class='ocrx_word' id='word_1_353' title='bbox 1806 1015 1854 1041; x_wconf 70' lang='grc' dir='ltr'>τδν</span> 
     </span>
    </p>
   </div>
   <div class='ocr_carea' id='block_1_49' title="bbox 1063 1059 1853 1096">
    <p class='ocr_par' dir='ltr' id='par_1_49' title="bbox 1063 1059 1853 1096">
     <span class='ocr_line' id='line_1_49' title="bbox 1063 1059 1853 1096; baseline -0.001 -9"><span class='ocrx_word' id='word_1_354' title='bbox 1063 1060 1232 1096; x_wconf 85' lang='grc' dir='ltr'><strong>Πρόδρομον,</strong></span> <span class='ocrx_word' id='word_1_355' title='bbox 1245 1059 1309 1091; x_wconf 82' lang='grc' dir='ltr'><strong>τοὺς</strong></span> <span class='ocrx_word' id='word_1_356' title='bbox 1327 1059 1504 1090; x_wconf 82' lang='grc' dir='ltr'><strong>ἀποστόλους,</strong></span> <span class='ocrx_word' id='word_1_357' title='bbox 1531 1059 1595 1091; x_wconf 80' lang='grc' dir='ltr'><strong>τοὺς</strong></span> <span class='ocrx_word' id='word_1_358' title='bbox 1617 1060 1711 1093; x_wconf 77' lang='grc' dir='ltr'><strong>ἁγίους</strong></span> <span class='ocrx_word' id='word_1_359' title='bbox 1735 1061 1853 1092; x_wconf 78' lang='grc' dir='ltr'><strong>πάντας,</strong></span> 
     </span>
    </p>
   </div>
   <div class='ocr_carea' id='block_1_50' title="bbox 1063 1103 1854 1141">
    <p class='ocr_par' dir='ltr' id='par_1_50' title="bbox 1063 1103 1854 1141">
     <span class='ocr_line' id='line_1_50' title="bbox 1063 1103 1854 1141; baseline 0 -9"><span class='ocrx_word' id='word_1_360' title='bbox 1063 1106 1114 1133; x_wconf 76' lang='grc' dir='ltr'><strong>καὶ</strong></span> <span class='ocrx_word' id='word_1_361' title='bbox 1125 1105 1173 1137; x_wconf 86' lang='grc' dir='ltr'><strong>οὒς</strong></span> <span class='ocrx_word' id='word_1_362' title='bbox 1186 1105 1258 1141; x_wconf 75' lang='grc' dir='ltr'><strong>ἔχεις</strong></span> <span class='ocrx_word' id='word_1_363' title='bbox 1274 1104 1422 1139; x_wconf 76' lang='grc' dir='ltr'><strong>ἐξαιρέτως</strong></span> <span class='ocrx_word' id='word_1_364' title='bbox 1434 1103 1558 1139; x_wconf 83' lang='grc' dir='ltr'><strong>συνήθως</strong></span> <span class='ocrx_word' id='word_1_365' title='bbox 1585 1105 1788 1139; x_wconf 74' lang='grc' dir='ltr'><strong>ἐπικαλεῖσθαι,</strong></span> <span class='ocrx_word' id='word_1_366' title='bbox 1802 1107 1854 1132; x_wconf 80' lang='grc' dir='ltr'><strong>καὶ</strong></span> 
     </span>
    </p>
   </div>
   <div class='ocr_carea' id='block_1_51' title="bbox 1060 1149 1855 1186">
    <p class='ocr_par' dir='ltr' id='par_1_51' title="bbox 1060 1149 1855 1186">
     <span class='ocr_line' id='line_1_51' title="bbox 1060 1149 1855 1186; baseline 0 -8"><span class='ocrx_word' id='word_1_367' title='bbox 1060 1151 1107 1178; x_wconf 82' lang='grc' dir='ltr'><strong>τὸν</strong></span> <span class='ocrx_word' id='word_1_368' title='bbox 1117 1151 1188 1178; x_wconf 82' lang='grc' dir='ltr'><strong>κατὰ</strong></span> <span class='ocrx_word' id='word_1_369' title='bbox 1210 1150 1259 1185; x_wconf 85' lang='grc' dir='ltr'><strong>τὴν</strong></span> <span class='ocrx_word' id='word_1_370' title='bbox 1275 1150 1381 1186; x_wconf 73' lang='grc' dir='ltr'><strong>ἡμέραν</strong></span> <span class='ocrx_word' id='word_1_371' title='bbox 1408 1150 1655 1186; x_wconf 80' lang='grc' dir='ltr'><strong>μνημονευόμενον.</strong></span> <span class='ocrx_word' id='word_1_372' title='bbox 1685 1151 1778 1178; x_wconf 81' lang='grc' dir='ltr'><strong>Ταῦτα</strong></span> <span class='ocrx_word' id='word_1_373' title='bbox 1805 1149 1855 1178; x_wconf 77' lang='grc' dir='ltr'><strong>οὖν</strong></span> 
     </span>
    </p>
   </div>
   <div class='ocr_carea' id='block_1_52' title="bbox 1063 1196 1856 1234">
    <p class='ocr_par' dir='ltr' id='par_1_52' title="bbox 1063 1196 1856 1234">
     <span class='ocr_line' id='line_1_52' title="bbox 1063 1196 1856 1234; baseline -0.001 -10"><span class='ocrx_word' id='word_1_374' title='bbox 1063 1207 1109 1234; x_wconf 84' lang='grc' dir='ltr'><strong>μοι</strong></span> <span class='ocrx_word' id='word_1_375' title='bbox 1134 1198 1211 1224; x_wconf 73' lang='grc' dir='ltr'><strong>δοκεῖ</strong></span> <span class='ocrx_word' id='word_1_376' title='bbox 1225 1196 1297 1231; x_wconf 79' lang='grc' dir='ltr'><strong>ἔχειν</strong></span> <span class='ocrx_word' id='word_1_377' title='bbox 1313 1196 1363 1230; x_wconf 77' lang='grc' dir='ltr'><strong>τῆς</strong></span> <span class='ocrx_word' id='word_1_378' title='bbox 1384 1196 1541 1231; x_wconf 78' lang='grc' dir='ltr'><strong>προσευχῆς</strong></span> <span class='ocrx_word' id='word_1_379' title='bbox 1565 1197 1615 1231; x_wconf 82' lang='grc' dir='ltr'><strong>τὴν</strong></span> <span class='ocrx_word' id='word_1_380' title='bbox 1637 1197 1771 1231; x_wconf 84' lang='grc' dir='ltr'><strong>δύναμιν·</strong></span> <span class='ocrx_word' id='word_1_381' title='bbox 1799 1197 1856 1224; x_wconf 75' lang='grc' dir='ltr'><strong>κᾶν</strong></span> 
     </span>
    </p>
   </div>
   <div class='ocr_carea' id='block_1_53' title="bbox 1063 1241 1856 1277">
    <p class='ocr_par' dir='ltr' id='par_1_53' title="bbox 1063 1241 1856 1277">
     <span class='ocr_line' id='line_1_53' title="bbox 1063 1241 1856 1277; baseline -0.003 -6"><span class='ocrx_word' id='word_1_382' title='bbox 1063 1244 1179 1274; x_wconf 68' lang='grc' dir='ltr'><strong>ἕκαστος</strong></span> <span class='ocrx_word' id='word_1_383' title='bbox 1192 1241 1282 1273; x_wconf 80' lang='grc' dir='ltr'><strong>ἄλλοις</strong></span> <span class='ocrx_word' id='word_1_384' title='bbox 1297 1242 1387 1275; x_wconf 80' lang='grc' dir='ltr'><strong>λόγοις</strong></span> <span class='ocrx_word' id='word_1_385' title='bbox 1410 1242 1456 1268; x_wconf 76' lang='grc' dir='ltr'><strong>καὶ</strong></span> <span class='ocrx_word' id='word_1_386' title='bbox 1480 1242 1540 1277; x_wconf 75' lang='grc' dir='ltr'><strong>οὐχὶ</strong></span> <span class='ocrx_word' id='word_1_387' title='bbox 1565 1243 1622 1273; x_wconf 80' lang='grc' dir='ltr'><strong>τοῖς</strong></span> <span class='ocrx_word' id='word_1_388' title='bbox 1637 1242 1729 1274; x_wconf 87' lang='grc' dir='ltr'><strong>αὐτοῖς</strong></span> <span class='ocrx_word' id='word_1_389' title='bbox 1744 1243 1856 1274; x_wconf 81' lang='grc' dir='ltr'><strong>πάντως</strong></span> 
     </span>
    </p>
   </div>
   <div class='ocr_carea' id='block_1_54' title="bbox 1054 1287 1856 1325">
    <p class='ocr_par' dir='ltr' id='par_1_54' title="bbox 1054 1287 1856 1325">
     <span class='ocr_line' id='line_1_54' title="bbox 1054 1287 1856 1325; baseline -0.002 -9"><span class='ocrx_word' id='word_1_390' title='bbox 1054 1288 1246 1325; x_wconf 77' lang='grc' dir='ltr'><strong>’προσεύχηται</strong></span> <span class='ocrx_word' id='word_1_391' title='bbox 1256 1295 1264 1303; x_wconf 84' lang='grc'><em>’</em></span> <span class='ocrx_word' id='word_1_392' title='bbox 1278 1288 1319 1314; x_wconf 84' lang='grc' dir='ltr'><strong>ὃτι</strong></span> <span class='ocrx_word' id='word_1_393' title='bbox 1335 1287 1405 1322; x_wconf 80' lang='grc' dir='ltr'><strong>μηδὲ</strong></span> <span class='ocrx_word' id='word_1_394' title='bbox 1432 1287 1513 1319; x_wconf 81' lang='grc' dir='ltr'><strong>αὐτὸς</strong></span> <span class='ocrx_word' id='word_1_395' title='bbox 1534 1287 1623 1322; x_wconf 82' lang='grc' dir='ltr'><strong>ἑαυτῷ</strong></span> <span class='ocrx_word' id='word_1_396' title='bbox 1638 1288 1652 1314; x_wconf 73' lang='grc' dir='ltr'>ὁ</span> <span class='ocrx_word' id='word_1_397' title='bbox 1665 1288 1856 1323; x_wconf 68' lang='grc' dir='ltr'><strong>προσευχόμε-</strong></span> 
     </span>
    </p>
   </div>
   <div class='ocr_carea' id='block_1_55' title="bbox 1061 1332 1854 1368">
    <p class='ocr_par' dir='ltr' id='par_1_55' title="bbox 1061 1332 1854 1368">
     <span class='ocr_line' id='line_1_55' title="bbox 1061 1332 1854 1368; baseline -0.005 -6"><span class='ocrx_word' id='word_1_398' title='bbox 1061 1343 1107 1366; x_wconf 85' lang='grc' dir='ltr'><strong>νος</strong></span> <span class='ocrx_word' id='word_1_399' title='bbox 1119 1333 1153 1360; x_wconf 89' lang='grc' dir='ltr'><strong>τὰ</strong></span> <span class='ocrx_word' id='word_1_400' title='bbox 1168 1333 1238 1360; x_wconf 78' lang='grc' dir='ltr'><strong>αὐτὰ</strong></span> <span class='ocrx_word' id='word_1_401' title='bbox 1253 1332 1401 1367; x_wconf 83' lang='grc' dir='ltr'><strong>φθέγγεται</strong></span> <span class='ocrx_word' id='word_1_402' title='bbox 1414 1332 1530 1359; x_wconf 79' lang='grc' dir='ltr'><strong>πάντοτε</strong></span> <span class='ocrx_word' id='word_1_403' title='bbox 1542 1341 1547 1346; x_wconf 93' lang='grc'><strong>·</strong></span> <span class='ocrx_word' id='word_1_404' title='bbox 1557 1333 1573 1367; x_wconf 82' lang='grc' dir='ltr'>ἡ</span> <span class='ocrx_word' id='word_1_405' title='bbox 1583 1332 1612 1359; x_wconf 86' lang='grc' dir='ltr'><strong>δὲ</strong></span> <span class='ocrx_word' id='word_1_406' title='bbox 1623 1332 1738 1368; x_wconf 88' lang='grc' dir='ltr'><strong>δύναμις</strong></span> <span class='ocrx_word' id='word_1_407' title='bbox 1751 1334 1767 1368; x_wconf 88' lang='grc' dir='ltr'><strong>ἡ</strong></span> <span class='ocrx_word' id='word_1_408' title='bbox 1780 1333 1854 1367; x_wconf 74' lang='grc' dir='ltr'><strong>αὐτὴ</strong></span> 
     </span>
    </p>
   </div>
   <div class='ocr_carea' id='block_1_56' title="bbox 222 1378 1848 1418">
    <p class='ocr_par' dir='ltr' id='par_1_56' title="bbox 222 1378 1848 1418">
     <span class='ocr_line' id='line_1_56' title="bbox 222 1378 1848 1418; baseline -0.001 -11"><span class='ocrx_word' id='word_1_409' title='bbox 222 1379 361 1414; x_wconf 77' lang='grc' dir='ltr'><strong>ἀναγκαία</strong></span> <span class='ocrx_word' id='word_1_410' title='bbox 374 1381 441 1406; x_wconf 84' lang='grc' dir='ltr'><strong>πᾶσι</strong></span> <span class='ocrx_word' id='word_1_411' title='bbox 454 1380 608 1414; x_wconf 75' lang='grc' dir='ltr'><strong>λελόγισται</strong></span> <span class='ocrx_word' id='word_1_412' title='bbox 625 1389 680 1415; x_wconf 85' lang='grc' dir='ltr'><strong>μοι.</strong></span> <span class='ocrx_word' id='word_1_413' title='bbox 697 1380 866 1416; x_wconf 77' lang='grc' dir='ltr'><strong>Φυλαχθείης</strong></span> <span class='ocrx_word' id='word_1_414' title='bbox 881 1379 927 1408; x_wconf 82' lang='grc' dir='ltr'><strong>οὖν</strong></span> <span class='ocrx_word' id='word_1_415' title='bbox 941 1381 1146 1418; x_wconf 81' lang='grc' dir='ltr'><strong>προσευχομένη</strong></span> <span class='ocrx_word' id='word_1_416' title='bbox 1162 1380 1196 1406; x_wconf 85' lang='grc' dir='ltr'><strong>τὰ</strong></span> <span class='ocrx_word' id='word_1_417' title='bbox 1229 1379 1334 1410; x_wconf 86' lang='grc' dir='ltr'><strong>δέοντα,</strong></span> <span class='ocrx_word' id='word_1_418' title='bbox 1365 1379 1413 1406; x_wconf 78' lang='grc' dir='ltr'><strong>καὶ</strong></span> <span class='ocrx_word' id='word_1_419' title='bbox 1437 1378 1613 1414; x_wconf 69' lang='grc' dir='ltr'><strong>βελτιουμένη</strong></span> <span class='ocrx_word' id='word_1_420' title='bbox 1626 1379 1767 1412; x_wconf 76' lang='grc' dir='ltr'><strong>ἑκάστοτε,</strong></span> <span class='ocrx_word' id='word_1_421' title='bbox 1798 1382 1848 1408; x_wconf 72' lang='grc' dir='ltr'><strong>καὶ</strong></span> 
     </span>
    </p>
   </div>
   <div class='ocr_carea' id='block_1_57' title="bbox 222 1425 1376 1464">
    <p class='ocr_par' dir='ltr' id='par_1_57' title="bbox 222 1425 1376 1464">
     <span class='ocr_line' id='line_1_57' title="bbox 222 1425 1376 1464; baseline -0.001 -12"><span class='ocrx_word' id='word_1_422' title='bbox 222 1426 289 1462; x_wconf 76' lang='grc' dir='ltr'><strong>ὅλην</strong></span> <span class='ocrx_word' id='word_1_423' title='bbox 302 1427 402 1462; x_wconf 72' lang='grc' dir='ltr'><strong>ἑαυτὴν</strong></span> <span class='ocrx_word' id='word_1_424' title='bbox 420 1427 582 1462; x_wconf 78' lang='grc' dir='ltr'><strong>παριστῶσα</strong></span> <span class='ocrx_word' id='word_1_425' title='bbox 605 1426 649 1453; x_wconf 85' lang='grc' dir='ltr'><strong>διὰ</strong></span> <span class='ocrx_word' id='word_1_426' title='bbox 662 1428 712 1463; x_wconf 85' lang='grc' dir='ltr'><strong>τῆς</strong></span> <span class='ocrx_word' id='word_1_427' title='bbox 728 1428 861 1463; x_wconf 76' lang='grc' dir='ltr'><strong>ἀκριϐοῦς</strong></span> <span class='ocrx_word' id='word_1_428' title='bbox 889 1427 1011 1463; x_wconf 80' lang='grc' dir='ltr'><strong>βιώσεως</strong></span> <span class='ocrx_word' id='word_1_429' title='bbox 1029 1429 1201 1464; x_wconf 77' lang='grc' dir='ltr'><strong>ἀρέσκουσαν</strong></span> <span class='ocrx_word' id='word_1_430' title='bbox 1216 1425 1255 1461; x_wconf 83' lang='grc' dir='ltr'><strong>τῷ</strong></span> <span class='ocrx_word' id='word_1_431' title='bbox 1272 1425 1376 1461; x_wconf 83' lang='grc' dir='ltr'><strong>Κυρίῳ.</strong></span> 
     </span>
    </p>
   </div>
   <div class='ocr_carea' id='block_1_58' title="bbox 298 1504 921 1540">
    <p class='ocr_par' dir='ltr' id='par_1_58' title="bbox 298 1504 921 1540">
     <span class='ocr_line' id='line_1_58' title="bbox 298 1504 921 1540; baseline 0 -8"><span class='ocrx_word' id='word_1_432' title='bbox 298 1504 390 1534; x_wconf 79' lang='lat' dir='ltr'><strong>XLIII.</strong></span> <span class='ocrx_word' id='word_1_433' title='bbox 406 1505 563 1540; x_wconf 74' lang='lat' dir='ltr'><strong>-—Jonplto</strong></span> <span class='ocrx_word' id='word_1_434' title='bbox 578 1506 657 1540; x_wconf 80' lang='lat' dir='ltr'><strong>fratri</strong></span> <span class='ocrx_word' id='word_1_435' title='bbox 674 1510 699 1532; x_wconf 81' lang='lat' dir='ltr'><strong>et</strong></span> <span class='ocrx_word' id='word_1_436' title='bbox 714 1506 921 1540; x_wconf 74' lang='lat' dir='ltr'><strong>archiepiscopo.</strong></span> 
     </span>
    </p>
   </div>
   <div class='ocr_carea' id='block_1_59' title="bbox 1063 1499 1850 1538">
    <p class='ocr_par' dir='ltr' id='par_1_59' title="bbox 1063 1499 1850 1538">
     <span class='ocr_line' id='line_1_59' title="bbox 1063 1499 1850 1538; baseline -0.006 -6"><span class='ocrx_word' id='word_1_437' title='bbox 1063 1504 1123 1532; x_wconf 83' lang='grc' dir='ltr'><strong>ΜΓ.</strong></span> <span class='ocrx_word' id='word_1_438' title='bbox 1141 1518 1170 1523; x_wconf 95' lang='grc'><strong>-</strong></span> <span class='ocrx_word' id='word_1_439' title='bbox 1185 1501 1297 1536; x_wconf 69' lang='grc' dir='ltr'><strong>Ἰωσὴφ</strong></span> <span class='ocrx_word' id='word_1_440' title='bbox 1312 1501 1432 1536; x_wconf 70' lang='grc' dir='ltr'><strong>ἀδελφῷ</strong></span> <span class='ocrx_word' id='word_1_441' title='bbox 1443 1502 1491 1528; x_wconf 71' lang='grc' dir='ltr'><strong>καὶ</strong></span> <span class='ocrx_word' id='word_1_442' title='bbox 1505 1502 1740 1537; x_wconf 71' lang='grc' dir='ltr'><strong>ἀρχιεπισκόπφ.</strong></span> <span class='ocrx_word' id='word_1_443' title='bbox 1752 1499 1850 1538; x_wconf 53' lang='lat' dir='ltr'><strong>[plan]</strong></span> 
     </span>
    </p>
   </div>
   <div class='ocr_carea' id='block_1_60' title="bbox 591 1557 1490 1591">
    <p class='ocr_par' dir='ltr' id='par_1_60' title="bbox 591 1557 1490 1591">
     <span class='ocr_line' id='line_1_60' title="bbox 591 1557 1490 1591; baseline -0.004 -5"><span class='ocrx_word' id='word_1_444' title='bbox 591 1561 656 1586; x_wconf 86' lang='lat' dir='ltr'><strong>Sede</strong></span> <span class='ocrx_word' id='word_1_445' title='bbox 668 1561 885 1587; x_wconf 80' lang='lat' dir='ltr'><strong>Thessalonicensi</strong></span> <span class='ocrx_word' id='word_1_446' title='bbox 895 1564 1025 1587; x_wconf 72' lang='lat' dir='ltr'><strong>extrusum</strong></span> <span class='ocrx_word' id='word_1_447' title='bbox 1036 1559 1138 1585; x_wconf 84' lang='lat' dir='ltr'><strong>solatur.</strong></span> <span class='ocrx_word' id='word_1_448' title='bbox 1158 1559 1258 1591; x_wconf 80' lang='lat' dir='ltr'><strong>(Barca.</strong></span> <span class='ocrx_word' id='word_1_449' title='bbox 1272 1564 1314 1583; x_wconf 87' lang='lat' dir='ltr'><strong>an.</strong></span> <span class='ocrx_word' id='word_1_450' title='bbox 1331 1557 1386 1588; x_wconf 84' lang='lat'><strong>809,</strong></span> <span class='ocrx_word' id='word_1_451' title='bbox 1399 1564 1426 1582; x_wconf 89' lang='lat' dir='ltr'><strong>n.</strong></span> <span class='ocrx_word' id='word_1_452' title='bbox 1437 1557 1490 1588; x_wconf 70' lang='grc' dir='ltr'><strong>Π.)</strong></span> 
     </span>
    </p>
   </div>
   <div class='ocr_carea' id='block_1_61' title="bbox 257 1607 1011 1650">
    <p class='ocr_par' dir='ltr' id='par_1_61' title="bbox 257 1613 1009 1650">
     <span class='ocr_line' id='line_1_61' title="bbox 257 1613 1009 1650; baseline -0.005 -8"><span class='ocrx_word' id='word_1_453' title='bbox 257 1615 292 1643; x_wconf 83' lang='grc' dir='ltr'><strong>Ει</strong></span> <span class='ocrx_word' id='word_1_454' title='bbox 308 1614 382 1650; x_wconf 88' lang='lat' dir='ltr'><strong>prior</strong></span> <span class='ocrx_word' id='word_1_455' title='bbox 396 1613 509 1648; x_wconf 83' lang='lat' dir='ltr'><strong>epistola</strong></span> <span class='ocrx_word' id='word_1_456' title='bbox 537 1614 664 1640; x_wconf 76' lang='lat' dir='ltr'><strong>fraterna:</strong></span> <span class='ocrx_word' id='word_1_457' title='bbox 679 1620 711 1640; x_wconf 91' lang='lat' dir='ltr'><strong>ac</strong></span> <span class='ocrx_word' id='word_1_458' title='bbox 725 1617 846 1647; x_wconf 75' lang='lat' dir='ltr'><strong>paterna:</strong></span> <span class='ocrx_word' id='word_1_459' title='bbox 861 1616 914 1639; x_wconf 62' lang='lat' dir='ltr'><strong>tuae</strong></span> <span class='ocrx_word' id='word_1_460' title='bbox 931 1619 1009 1639; x_wconf 85' lang='lat' dir='ltr'><strong>sanc-</strong></span> 
     </span>
    </p>
   </div>
   <div class='ocr_carea' id='block_1_62' title="bbox 1064 1607 1858 1650">
    <p class='ocr_par' dir='ltr' id='par_1_62' title="bbox 1095 1607 1858 1644">
     <span class='ocr_line' id='line_1_62' title="bbox 1095 1607 1858 1644; baseline -0.001 -8"><span class='ocrx_word' id='word_1_461' title='bbox 1095 1609 1152 1637; x_wconf 78' lang='grc' dir='ltr'><strong>Καὶ</strong></span> <span class='ocrx_word' id='word_1_462' title='bbox 1170 1610 1187 1644; x_wconf 84' lang='grc' dir='ltr'>ἡ</span> <span class='ocrx_word' id='word_1_463' title='bbox 1205 1608 1301 1644; x_wconf 82' lang='grc' dir='ltr'><strong>πρώτη</strong></span> <span class='ocrx_word' id='word_1_464' title='bbox 1315 1608 1450 1643; x_wconf 76' lang='grc' dir='ltr'><strong>ἐπιστολὴ.</strong></span> <span class='ocrx_word' id='word_1_465' title='bbox 1461 1608 1510 1644; x_wconf 83' lang='grc' dir='ltr'><strong>τῆς</strong></span> <span class='ocrx_word' id='word_1_466' title='bbox 1522 1607 1670 1643; x_wconf 81' lang='grc' dir='ltr'><strong>ἀδελφικῆς</strong></span> <span class='ocrx_word' id='word_1_467' title='bbox 1687 1609 1735 1635; x_wconf 80' lang='grc' dir='ltr'><strong>καὶ</strong></span> <span class='ocrx_word' id='word_1_468' title='bbox 1754 1618 1858 1644; x_wconf 76' lang='grc' dir='ltr'><strong>πατρι-</strong></span> 
     </span>
    </p>
   </div>
   <div class='ocr_carea' id='block_1_63' title="bbox 223 1657 1015 1693">
    <p class='ocr_par' dir='ltr' id='par_1_63' title="bbox 223 1657 1015 1693">
     <span class='ocr_line' id='line_1_63' title="bbox 223 1657 1015 1693; baseline -0.005 -5"><span class='ocrx_word' id='word_1_469' title='bbox 223 1661 317 1693; x_wconf 84' lang='lat' dir='ltr'><strong>tilatis,</strong></span> <span class='ocrx_word' id='word_1_470' title='bbox 335 1659 449 1693; x_wconf 41' lang='lat' dir='ltr'><strong>,tametsi</strong></span> <span class='ocrx_word' id='word_1_471' title='bbox 471 1658 560 1685; x_wconf 88' lang='lat' dir='ltr'><strong>brevis</strong></span> <span class='ocrx_word' id='word_1_472' title='bbox 588 1665 703 1684; x_wconf 89' lang='lat' dir='ltr'><strong>numero</strong></span> <span class='ocrx_word' id='word_1_473' title='bbox 731 1657 1015 1692; x_wconf 77' lang='lat' dir='ltr'><strong>syllabarumzabun-</strong></span> 
     </span>
    </p>
   </div>
   <div class='ocr_carea' id='block_1_64' title="bbox 222 1703 1010 1739">
    <p class='ocr_par' dir='ltr' id='par_1_64' title="bbox 222 1703 1010 1739">
     <span class='ocr_line' id='line_1_64' title="bbox 222 1703 1010 1739; baseline -0.005 -5"><span class='ocrx_word' id='word_1_474' title='bbox 222 1707 303 1734; x_wconf 82' lang='lat' dir='ltr'><strong>dabat</strong></span> <span class='ocrx_word' id='word_1_475' title='bbox 319 1713 408 1734; x_wconf 88' lang='lat' dir='ltr'><strong>tamen</strong></span> <span class='ocrx_word' id='word_1_476' title='bbox 431 1704 565 1739; x_wconf 77' lang='lat' dir='ltr'><strong>allegoriei</strong></span> <span class='ocrx_word' id='word_1_477' title='bbox 582 1711 680 1731; x_wconf 84' lang='lat' dir='ltr'><strong>sensus</strong></span> <span class='ocrx_word' id='word_1_478' title='bbox 698 1704 774 1737; x_wconf 86' lang='lat' dir='ltr'><strong>copia</strong></span> <span class='ocrx_word' id='word_1_479' title='bbox 788 1712 795 1736; x_wconf 90' lang='lat'>;</span> <span class='ocrx_word' id='word_1_480' title='bbox 814 1708 841 1730; x_wconf 88' lang='lat' dir='ltr'><strong>et</strong></span> <span class='ocrx_word' id='word_1_481' title='bbox 859 1703 1010 1738; x_wconf 84' lang='lat' dir='ltr'><strong>posterior.</strong></span> 
     </span>
    </p>
   </div>
   <div class='ocr_carea' id='block_1_65' title="bbox 222 1749 1014 1785">
    <p class='ocr_par' dir='ltr' id='par_1_65' title="bbox 222 1749 1014 1785">
     <span class='ocr_line' id='line_1_65' title="bbox 222 1749 1014 1785; baseline -0.006 -5"><span class='ocrx_word' id='word_1_482' title='bbox 222 1753 295 1780; x_wconf 90' lang='lat' dir='ltr'><strong>omni</strong></span> <span class='ocrx_word' id='word_1_483' title='bbox 326 1751 438 1779; x_wconf 88' lang='lat' dir='ltr'><strong>scientia</strong></span> <span class='ocrx_word' id='word_1_484' title='bbox 464 1755 545 1785; x_wconf 90' lang='lat' dir='ltr'><strong>atque</strong></span> <span class='ocrx_word' id='word_1_485' title='bbox 572 1749 745 1781; x_wconf 85' lang='lat' dir='ltr'><strong>humilitate,</strong></span> <span class='ocrx_word' id='word_1_486' title='bbox 771 1749 880 1775; x_wconf 87' lang='lat' dir='ltr'><strong>unicum</strong></span> <span class='ocrx_word' id='word_1_487' title='bbox 911 1749 1014 1776; x_wconf 84' lang='lat' dir='ltr'><strong>habens</strong></span> 
     </span>
    </p>
   </div>
   <div class='ocr_carea' id='block_1_66' title="bbox 222 1793 1012 1832">
    <p class='ocr_par' dir='ltr' id='par_1_66' title="bbox 222 1793 1012 1832">
     <span class='ocr_line' id='line_1_66' title="bbox 222 1793 1012 1832; baseline -0.005 -8"><span class='ocrx_word' id='word_1_488' title='bbox 222 1796 492 1832; x_wconf 86' lang='lat' dir='ltr'><strong>reprehendendum,</strong></span> <span class='ocrx_word' id='word_1_489' title='bbox 519 1801 594 1821; x_wconf 88' lang='lat' dir='ltr'><strong>meas</strong></span> <span class='ocrx_word' id='word_1_490' title='bbox 614 1793 730 1820; x_wconf 76' lang='lat' dir='ltr'><strong>infelicis</strong></span> <span class='ocrx_word' id='word_1_491' title='bbox 758 1793 882 1828; x_wconf 83' lang='lat' dir='ltr'><strong>indignas</strong></span> <span class='ocrx_word' id='word_1_492' title='bbox 908 1793 1012 1821; x_wconf 87' lang='lat' dir='ltr'><strong>laudes.</strong></span> 
     </span>
    </p>
   </div>
   <div class='ocr_carea' id='block_1_67' title="bbox 223 1839 1014 1877">
    <p class='ocr_par' dir='ltr' id='par_1_67' title="bbox 223 1839 1014 1877">
     <span class='ocr_line' id='line_1_67' title="bbox 223 1839 1014 1877; baseline -0.003 -8"><span class='ocrx_word' id='word_1_493' title='bbox 223 1843 278 1877; x_wconf 85' lang='lat' dir='ltr'><strong>Ego</strong></span> <span class='ocrx_word' id='word_1_494' title='bbox 294 1850 359 1869; x_wconf 86' lang='lat' dir='ltr'><strong>vero</strong></span> <span class='ocrx_word' id='word_1_495' title='bbox 391 1849 445 1868; x_wconf 93' lang='lat' dir='ltr'><strong>non</strong></span> <span class='ocrx_word' id='word_1_496' title='bbox 470 1848 518 1874; x_wconf 86' lang='lat' dir='ltr'><strong>per</strong></span> <span class='ocrx_word' id='word_1_497' title='bbox 547 1839 736 1873; x_wconf 90' lang='lat' dir='ltr'><strong>antiphrasim,</strong></span> <span class='ocrx_word' id='word_1_498' title='bbox 771 1839 852 1871; x_wconf 87' lang='lat' dir='ltr'><strong>absit,</strong></span> <span class='ocrx_word' id='word_1_499' title='bbox 881 1839 928 1866; x_wconf 87' lang='lat' dir='ltr'><strong>sed</strong></span> <span class='ocrx_word' id='word_1_500' title='bbox 950 1847 1014 1867; x_wconf 78' lang='lat' dir='ltr'><strong>vere</strong></span> 
     </span>
    </p>
   </div>
   <div class='ocr_carea' id='block_1_68' title="bbox 224 1882 1012 1920">
    <p class='ocr_par' dir='ltr' id='par_1_68' title="bbox 224 1882 1012 1920">
     <span class='ocr_line' id='line_1_68' title="bbox 224 1882 1012 1920; baseline -0.001 -8"><span class='ocrx_word' id='word_1_501' title='bbox 224 1892 339 1920; x_wconf 83' lang='lat' dir='ltr'><strong>prorsus</strong></span> <span class='ocrx_word' id='word_1_502' title='bbox 359 1884 402 1911; x_wconf 84' lang='lat' dir='ltr'><strong>bis</strong></span> <span class='ocrx_word' id='word_1_503' title='bbox 430 1883 599 1918; x_wconf 80' lang='lat' dir='ltr'><strong>temporibus</strong></span> <span class='ocrx_word' id='word_1_504' title='bbox 626 1882 729 1909; x_wconf 84' lang='lat' dir='ltr'><strong>nostris</strong></span> <span class='ocrx_word' id='word_1_505' title='bbox 745 1883 772 1909; x_wconf 90' lang='lat' dir='ltr'><strong>in</strong></span> <span class='ocrx_word' id='word_1_506' title='bbox 793 1883 1012 1919; x_wconf 80' lang='lat' dir='ltr'><strong>archiepiscopali</strong></span> 
     </span>
    </p>
   </div>
   <div class='ocr_carea' id='block_1_69' title="bbox 220 1927 1012 1966">
    <p class='ocr_par' dir='ltr' id='par_1_69' title="bbox 220 1927 1012 1966">
     <span class='ocr_line' id='line_1_69' title="bbox 220 1927 1012 1966; baseline -0.001 -9"><span class='ocrx_word' id='word_1_507' title='bbox 220 1930 350 1966; x_wconf 79' lang='lat' dir='ltr'><strong>dignitate</strong></span> <span class='ocrx_word' id='word_1_508' title='bbox 359 1930 466 1957; x_wconf 88' lang='lat' dir='ltr'><strong>elucere</strong></span> <span class='ocrx_word' id='word_1_509' title='bbox 480 1934 505 1956; x_wconf 86' lang='lat' dir='ltr'><strong>te</strong></span> <span class='ocrx_word' id='word_1_510' title='bbox 517 1949 524 1961; x_wconf 88' lang='lat'><strong>,</strong></span> <span class='ocrx_word' id='word_1_511' title='bbox 541 1933 696 1955; x_wconf 87' lang='lat' dir='ltr'><strong>sanctorum</strong></span> <span class='ocrx_word' id='word_1_512' title='bbox 713 1927 821 1955; x_wconf 86' lang='lat' dir='ltr'><strong>Patrum</strong></span> <span class='ocrx_word' id='word_1_513' title='bbox 838 1929 932 1962; x_wconf 85' lang='lat' dir='ltr'><strong>instar,</strong></span> <span class='ocrx_word' id='word_1_514' title='bbox 945 1930 1012 1957; x_wconf 77' lang='lat' dir='ltr'><strong>dixi.</strong></span> 
     </span>
    </p>
   </div>
   <div class='ocr_carea' id='block_1_70' title="bbox 221 1973 1012 2006">
    <p class='ocr_par' dir='ltr' id='par_1_70' title="bbox 221 1973 1012 2006">
     <span class='ocr_line' id='line_1_70' title="bbox 221 1973 1012 2006; baseline -0.001 -3"><span class='ocrx_word' id='word_1_515' title='bbox 221 1975 277 2003; x_wconf 83' lang='lat' dir='ltr'><strong>Nec</strong></span> <span class='ocrx_word' id='word_1_516' title='bbox 289 1975 424 2006; x_wconf 84' lang='lat' dir='ltr'><strong>aberrem.</strong></span> <span class='ocrx_word' id='word_1_517' title='bbox 444 1974 466 2001; x_wconf 87' lang='lat' dir='ltr'><strong>si</strong></span> <span class='ocrx_word' id='word_1_518' title='bbox 484 1974 636 2001; x_wconf 90' lang='lat' dir='ltr'><strong>eolumnatn</strong></span> <span class='ocrx_word' id='word_1_519' title='bbox 650 1977 677 2000; x_wconf 83' lang='lat' dir='ltr'><strong>et</strong></span> <span class='ocrx_word' id='word_1_520' title='bbox 692 1973 897 2001; x_wconf 79' lang='lat' dir='ltr'><strong>fundamentum</strong></span> <span class='ocrx_word' id='word_1_521' title='bbox 919 1975 1012 2002; x_wconf 80' lang='lat' dir='ltr'><strong>Eccle-</strong></span> 
     </span>
    </p>
   </div>
   <div class='ocr_carea' id='block_1_71' title="bbox 223 2017 1012 2053">
    <p class='ocr_par' dir='ltr' id='par_1_71' title="bbox 223 2017 1012 2053">
     <span class='ocr_line' id='line_1_71' title="bbox 223 2017 1012 2053; baseline 0 -6"><span class='ocrx_word' id='word_1_522' title='bbox 223 2022 271 2048; x_wconf 68' lang='lat' dir='ltr'><strong>sia!</strong></span> <span class='ocrx_word' id='word_1_523' title='bbox 304 2025 329 2047; x_wconf 91' lang='lat' dir='ltr'><strong>te</strong></span> <span class='ocrx_word' id='word_1_524' title='bbox 347 2027 452 2050; x_wconf 87' lang='lat' dir='ltr'><strong>vocem,</strong></span> <span class='ocrx_word' id='word_1_525' title='bbox 483 2018 518 2046; x_wconf 89' lang='lat' dir='ltr'><strong>mi</strong></span> <span class='ocrx_word' id='word_1_526' title='bbox 548 2018 631 2045; x_wconf 84' lang='lat' dir='ltr'><strong>frater</strong></span> <span class='ocrx_word' id='word_1_527' title='bbox 652 2018 768 2053; x_wconf 78' lang='lat' dir='ltr'><strong>egregie.</strong></span> <span class='ocrx_word' id='word_1_528' title='bbox 794 2017 922 2053; x_wconf 84' lang='lat' dir='ltr'><strong>Quisquis</strong></span> <span class='ocrx_word' id='word_1_529' title='bbox 938 2020 1012 2047; x_wconf 87' lang='lat' dir='ltr'><strong>enim</strong></span> 
     </span>
    </p>
   </div>
   <div class='ocr_carea' id='block_1_72' title="bbox 222 2064 1013 2102">
    <p class='ocr_par' dir='ltr' id='par_1_72' title="bbox 222 2064 1013 2102">
     <span class='ocr_line' id='line_1_72' title="bbox 222 2064 1013 2102; baseline -0.003 -8"><span class='ocrx_word' id='word_1_530' title='bbox 222 2075 272 2102; x_wconf 89' lang='lat' dir='ltr'><strong>pro</strong></span> <span class='ocrx_word' id='word_1_531' title='bbox 285 2067 400 2094; x_wconf 78' lang='lat' dir='ltr'><strong>veritate</strong></span> <span class='ocrx_word' id='word_1_532' title='bbox 425 2067 548 2094; x_wconf 82' lang='lat' dir='ltr'><strong>decertat</strong></span> <span class='ocrx_word' id='word_1_533' title='bbox 567 2071 594 2093; x_wconf 78' lang='grc' dir='ltr'><strong>(ιι</strong></span> <span class='ocrx_word' id='word_1_534' title='bbox 618 2065 732 2101; x_wconf 84' lang='lat' dir='ltr'><strong>patitur,</strong></span> <span class='ocrx_word' id='word_1_535' title='bbox 754 2064 879 2092; x_wconf 85' lang='lat' dir='ltr'><strong>columen</strong></span> <span class='ocrx_word' id='word_1_536' title='bbox 894 2066 954 2101; x_wconf 85' lang='lat' dir='ltr'><strong>ejus</strong></span> <span class='ocrx_word' id='word_1_537' title='bbox 972 2070 1013 2092; x_wconf 87' lang='lat' dir='ltr'><strong>est</strong></span> 
     </span>
    </p>
   </div>
   <div class='ocr_carea' id='block_1_73' title="bbox 221 2110 1012 2146">
    <p class='ocr_par' dir='ltr' id='par_1_73' title="bbox 221 2110 1012 2146">
     <span class='ocr_line' id='line_1_73' title="bbox 221 2110 1012 2146; baseline 0 -8"><span class='ocrx_word' id='word_1_538' title='bbox 221 2120 253 2139; x_wconf 86' lang='lat' dir='ltr'><strong>ac</strong></span> <span class='ocrx_word' id='word_1_539' title='bbox 270 2110 417 2146; x_wconf 72' lang='lat' dir='ltr'><strong>fastigium.</strong></span> <span class='ocrx_word' id='word_1_540' title='bbox 432 2111 505 2139; x_wconf 85' lang='lat' dir='ltr'><strong>Belle</strong></span> <span class='ocrx_word' id='word_1_541' title='bbox 515 2118 606 2139; x_wconf 89' lang='lat' dir='ltr'><strong>autetn</strong></span> <span class='ocrx_word' id='word_1_542' title='bbox 618 2111 804 2146; x_wconf 86' lang='lat' dir='ltr'><strong>accidit,quod</strong></span> <span class='ocrx_word' id='word_1_543' title='bbox 819 2111 1012 2146; x_wconf 86' lang='lat' dir='ltr'><strong>quaterniones</strong></span> 
     </span>
    </p>
   </div>
   <div class='ocr_carea' id='block_1_74' title="bbox 222 2156 1012 2192">
    <p class='ocr_par' dir='ltr' id='par_1_74' title="bbox 222 2156 1012 2192">
     <span class='ocr_line' id='line_1_74' title="bbox 222 2156 1012 2192; baseline 0.001 -10"><span class='ocrx_word' id='word_1_544' title='bbox 222 2156 374 2191; x_wconf 81' lang='lat' dir='ltr'><strong>inspexisti.</strong></span> <span class='ocrx_word' id='word_1_545' title='bbox 388 2156 565 2184; x_wconf 89' lang='lat' dir='ltr'><strong>Occasionem</strong></span> <span class='ocrx_word' id='word_1_546' title='bbox 581 2158 653 2184; x_wconf 86' lang='lat' dir='ltr'><strong>enim</strong></span> <span class='ocrx_word' id='word_1_547' title='bbox 671 2158 786 2192; x_wconf 69' lang='lat' dir='ltr'><strong>prtebuit</strong></span> <span class='ocrx_word' id='word_1_548' title='bbox 800 2157 876 2185; x_wconf 89' lang='lat' dir='ltr'><strong>nobis</strong></span> <span class='ocrx_word' id='word_1_549' title='bbox 890 2165 1012 2184; x_wconf 91' lang='lat' dir='ltr'><strong>commo-</strong></span> 
     </span>
    </p>
   </div>
   <div class='ocr_carea' id='block_1_75' title="bbox 224 2203 1012 2238">
    <p class='ocr_par' dir='ltr' id='par_1_75' title="bbox 224 2203 1012 2238">
     <span class='ocr_line' id='line_1_75' title="bbox 224 2203 1012 2238; baseline 0 -9"><span class='ocrx_word' id='word_1_550' title='bbox 224 2203 304 2235; x_wconf 86' lang='lat' dir='ltr'><strong>nitio,</strong></span> <span class='ocrx_word' id='word_1_551' title='bbox 322 2211 371 2230; x_wconf 91' lang='lat' dir='ltr'><strong>seu</strong></span> <span class='ocrx_word' id='word_1_552' title='bbox 409 2204 600 2238; x_wconf 78' lang='lat' dir='ltr'><strong>potiusjtxssio</strong></span> <span class='ocrx_word' id='word_1_553' title='bbox 616 2209 672 2237; x_wconf 89' lang='lat' dir='ltr'><strong>tua,</strong></span> <span class='ocrx_word' id='word_1_554' title='bbox 700 2209 729 2231; x_wconf 93' lang='lat' dir='ltr'><strong>ut</strong></span> <span class='ocrx_word' id='word_1_555' title='bbox 754 2205 867 2238; x_wconf 87' lang='lat' dir='ltr'><strong>hujusce</strong></span> <span class='ocrx_word' id='word_1_556' title='bbox 886 2203 1012 2238; x_wconf 86' lang='lat' dir='ltr'><strong>proposi—</strong></span> 
     </span>
    </p>
   </div>
   <div class='ocr_carea' id='block_1_76' title="bbox 224 2248 1010 2284">
    <p class='ocr_par' dir='ltr' id='par_1_76' title="bbox 224 2248 1010 2284">
     <span class='ocr_line' id='line_1_76' title="bbox 224 2248 1010 2284; baseline 0 -9"><span class='ocrx_word' id='word_1_557' title='bbox 224 2248 306 2276; x_wconf 78' lang='lat' dir='ltr'><strong>tionis</strong></span> <span class='ocrx_word' id='word_1_558' title='bbox 331 2248 520 2281; x_wconf 71' lang='lat' dir='ltr'><strong>rel‘utationcm</strong></span> <span class='ocrx_word' id='word_1_559' title='bbox 537 2249 714 2283; x_wconf 78' lang='lat' dir='ltr'><strong>aggrederer,</strong></span> <span class='ocrx_word' id='word_1_560' title='bbox 740 2256 820 2284; x_wconf 85' lang='lat' dir='ltr'><strong>quam</strong></span> <span class='ocrx_word' id='word_1_561' title='bbox 839 2256 901 2275; x_wconf 85' lang='lat' dir='ltr'><strong>cum</strong></span> <span class='ocrx_word' id='word_1_562' title='bbox 928 2248 987 2275; x_wconf 88' lang='lat' dir='ltr'><strong>aliis</strong></span> <span class='ocrx_word' id='word_1_563' title='bbox 1002 2268 1010 2278; x_wconf 84' lang='lat'><strong>,</strong></span> 
     </span>
    </p>
   </div>
   <div class='ocr_carea' id='block_1_77' title="bbox 1066 1651 1856 1690">
    <p class='ocr_par' dir='ltr' id='par_1_77' title="bbox 1066 1651 1856 1690">
     <span class='ocr_line' id='line_1_77' title="bbox 1066 1651 1856 1690; baseline -0.001 -8"><span class='ocrx_word' id='word_1_564' title='bbox 1066 1656 1118 1690; x_wconf 80' lang='grc' dir='ltr'><strong>κῆς</strong></span> <span class='ocrx_word' id='word_1_565' title='bbox 1137 1663 1184 1681; x_wconf 86' lang='grc' dir='ltr'><strong>σου</strong></span> <span class='ocrx_word' id='word_1_566' title='bbox 1201 1654 1368 1689; x_wconf 77' lang='grc' dir='ltr'><strong>ἁγιωσύνης,</strong></span> <span class='ocrx_word' id='word_1_567' title='bbox 1385 1654 1409 1680; x_wconf 83' lang='grc' dir='ltr'><strong>εί</strong></span> <span class='ocrx_word' id='word_1_568' title='bbox 1424 1655 1472 1680; x_wconf 82' lang='grc' dir='ltr'><strong>καὶ</strong></span> <span class='ocrx_word' id='word_1_569' title='bbox 1483 1654 1569 1688; x_wconf 79' lang='grc' dir='ltr'><strong>μικρά</strong></span> <span class='ocrx_word' id='word_1_570' title='bbox 1580 1651 1614 1689; x_wconf 85' lang='grc' dir='ltr'><strong>ἦν</strong></span> <span class='ocrx_word' id='word_1_571' title='bbox 1630 1653 1669 1688; x_wconf 85' lang='grc' dir='ltr'><strong>τῷ</strong></span> <span class='ocrx_word' id='word_1_572' title='bbox 1685 1653 1782 1689; x_wconf 83' lang='grc' dir='ltr'><strong>πλήθει</strong></span> <span class='ocrx_word' id='word_1_573' title='bbox 1797 1654 1856 1681; x_wconf 82' lang='grc' dir='ltr'><strong>τῶν</strong></span> 
     </span>
    </p>
   </div>
   <div class='ocr_carea' id='block_1_78' title="bbox 1065 1697 1856 1735">
    <p class='ocr_par' dir='ltr' id='par_1_78' title="bbox 1065 1697 1856 1735">
     <span class='ocr_line' id='line_1_78' title="bbox 1065 1697 1856 1735; baseline -0.001 -8"><span class='ocrx_word' id='word_1_574' title='bbox 1065 1701 1214 1733; x_wconf 80' lang='grc' dir='ltr'><strong>συλλαῦὦν,</strong></span> <span class='ocrx_word' id='word_1_575' title='bbox 1233 1700 1291 1727; x_wconf 85' lang='grc' dir='ltr'><strong>ἀλλ’</strong></span> <span class='ocrx_word' id='word_1_576' title='bbox 1310 1697 1358 1725; x_wconf 82' lang='grc' dir='ltr'><strong>οὖν</strong></span> <span class='ocrx_word' id='word_1_577' title='bbox 1384 1707 1417 1733; x_wconf 89' lang='grc' dir='ltr'><strong>γε</strong></span> <span class='ocrx_word' id='word_1_578' title='bbox 1446 1700 1599 1734; x_wconf 78' lang='grc' dir='ltr'><strong>ἀπήρτιστο</strong></span> <span class='ocrx_word' id='word_1_579' title='bbox 1627 1699 1666 1734; x_wconf 86' lang='grc' dir='ltr'><strong>τῷ</strong></span> <span class='ocrx_word' id='word_1_580' title='bbox 1689 1699 1787 1726; x_wconf 79' lang='grc' dir='ltr'><strong>πλάτει</strong></span> <span class='ocrx_word' id='word_1_581' title='bbox 1803 1700 1856 1735; x_wconf 78' lang='grc' dir='ltr'><strong>τῆς</strong></span> 
     </span>
    </p>
   </div>
   <div class='ocr_carea' id='block_1_79' title="bbox 1064 1745 1857 1782">
    <p class='ocr_par' dir='ltr' id='par_1_79' title="bbox 1064 1745 1857 1782">
     <span class='ocr_line' id='line_1_79' title="bbox 1064 1745 1857 1782; baseline -0.001 -9"><span class='ocrx_word' id='word_1_582' title='bbox 1064 1746 1250 1782; x_wconf 80' lang='grc' dir='ltr'><strong>ἁλληγορικῆς</strong></span> <span class='ocrx_word' id='word_1_583' title='bbox 1267 1745 1397 1776; x_wconf 83' lang='grc' dir='ltr'><strong>διανοίας.</strong></span> <span class='ocrx_word' id='word_1_584' title='bbox 1416 1745 1470 1770; x_wconf 77' lang='grc' dir='ltr'><strong>Καὶ</strong></span> <span class='ocrx_word' id='word_1_585' title='bbox 1487 1745 1503 1779; x_wconf 85' lang='grc' dir='ltr'><strong>ή</strong></span> <span class='ocrx_word' id='word_1_586' title='bbox 1521 1745 1653 1780; x_wconf 79' lang='grc' dir='ltr'><strong>δευτέρα,</strong></span> <span class='ocrx_word' id='word_1_587' title='bbox 1666 1745 1757 1781; x_wconf 81' lang='grc' dir='ltr'><strong>πάσης</strong></span> <span class='ocrx_word' id='word_1_588' title='bbox 1779 1745 1857 1779; x_wconf 79' lang='grc' dir='ltr'><strong>γνώ-</strong></span> 
     </span>
    </p>
   </div>
   <div class='ocr_carea' id='block_1_80' title="bbox 1065 1788 1857 1823">
    <p class='ocr_par' dir='ltr' id='par_1_80' title="bbox 1065 1788 1857 1823">
     <span class='ocr_line' id='line_1_80' title="bbox 1065 1788 1857 1823; baseline -0.005 -5"><span class='ocrx_word' id='word_1_589' title='bbox 1065 1800 1134 1822; x_wconf 82' lang='grc' dir='ltr'><strong>σεως</strong></span> <span class='ocrx_word' id='word_1_590' title='bbox 1166 1791 1212 1816; x_wconf 75' lang='grc' dir='ltr'><strong>καὶ</strong></span> <span class='ocrx_word' id='word_1_591' title='bbox 1235 1789 1438 1820; x_wconf 81' lang='grc' dir='ltr'><strong>ταπεινώσεως,</strong></span> <span class='ocrx_word' id='word_1_592' title='bbox 1452 1788 1480 1814; x_wconf 80' lang='grc' dir='ltr'><strong>ἓν</strong></span> <span class='ocrx_word' id='word_1_593' title='bbox 1501 1788 1599 1823; x_wconf 77' lang='grc' dir='ltr'><strong>ἔχουσα</strong></span> <span class='ocrx_word' id='word_1_594' title='bbox 1631 1789 1710 1822; x_wconf 85' lang='grc' dir='ltr'><strong>μόνον</strong></span> <span class='ocrx_word' id='word_1_595' title='bbox 1738 1789 1857 1823; x_wconf 69' lang='grc' dir='ltr'><strong>ψεκτὸν,</strong></span> 
     </span>
    </p>
   </div>
   <div class='ocr_carea' id='block_1_81' title="bbox 1063 1833 1854 1869">
    <p class='ocr_par' dir='ltr' id='par_1_81' title="bbox 1063 1833 1854 1869">
     <span class='ocr_line' id='line_1_81' title="bbox 1063 1833 1854 1869; baseline -0.001 -7"><span class='ocrx_word' id='word_1_596' title='bbox 1063 1837 1127 1867; x_wconf 77' lang='grc' dir='ltr'><strong>τοὺς</strong></span> <span class='ocrx_word' id='word_1_597' title='bbox 1159 1837 1223 1869; x_wconf 75' lang='grc' dir='ltr'><strong>περὶ</strong></span> <span class='ocrx_word' id='word_1_598' title='bbox 1254 1834 1303 1868; x_wconf 76' lang='grc' dir='ltr'><strong>ἐμὲ</strong></span> <span class='ocrx_word' id='word_1_599' title='bbox 1339 1834 1385 1860; x_wconf 87' lang='grc' dir='ltr'><strong>τδν</strong></span> <span class='ocrx_word' id='word_1_600' title='bbox 1415 1833 1531 1860; x_wconf 87' lang='grc' dir='ltr'><strong>δείλαιον</strong></span> <span class='ocrx_word' id='word_1_601' title='bbox 1563 1833 1681 1866; x_wconf 75' lang='grc' dir='ltr'><strong>ἀναξίως</strong></span> <span class='ocrx_word' id='word_1_602' title='bbox 1711 1834 1854 1866; x_wconf 74' lang='grc' dir='ltr'><strong>ἐπαίνους.</strong></span> 
     </span>
    </p>
   </div>
   <div class='ocr_carea' id='block_1_82' title="bbox 1070 1879 1860 1915">
    <p class='ocr_par' dir='ltr' id='par_1_82' title="bbox 1070 1879 1860 1915">
     <span class='ocr_line' id='line_1_82' title="bbox 1070 1879 1860 1915; baseline -0.001 -8"><span class='ocrx_word' id='word_1_603' title='bbox 1070 1880 1142 1915; x_wconf 84' lang='grc' dir='ltr'><strong>Ἐγὼ</strong></span> <span class='ocrx_word' id='word_1_604' title='bbox 1156 1881 1184 1907; x_wconf 85' lang='grc' dir='ltr'><strong>δὲ</strong></span> <span class='ocrx_word' id='word_1_605' title='bbox 1198 1881 1228 1906; x_wconf 78' lang='grc' dir='ltr'><strong>οὐ</strong></span> <span class='ocrx_word' id='word_1_606' title='bbox 1246 1879 1306 1907; x_wconf 71' lang='grc' dir='ltr'><strong>κατ’</strong></span> <span class='ocrx_word' id='word_1_607' title='bbox 1321 1879 1495 1913; x_wconf 86' lang='grc' dir='ltr'><strong>ἀντίφρασιν,</strong></span> <span class='ocrx_word' id='word_1_608' title='bbox 1513 1879 1551 1914; x_wconf 78' lang='grc' dir='ltr'><strong>μὴ</strong></span> <span class='ocrx_word' id='word_1_609' title='bbox 1563 1879 1678 1913; x_wconf 77' lang='grc' dir='ltr'><strong>γένοιτο.</strong></span> <span class='ocrx_word' id='word_1_610' title='bbox 1703 1879 1774 1906; x_wconf 81' lang='grc' dir='ltr'><strong>Ἀλλ’</strong></span> <span class='ocrx_word' id='word_1_611' title='bbox 1785 1879 1860 1915; x_wconf 64' lang='grc' dir='ltr'><strong>ἁληι</strong></span> 
     </span>
    </p>
   </div>
   <div class='ocr_carea' id='block_1_83' title="bbox 1063 1925 1860 1965">
    <p class='ocr_par' dir='ltr' id='par_1_83' title="bbox 1063 1925 1860 1965">
     <span class='ocr_line' id='line_1_83' title="bbox 1063 1925 1860 1965; baseline -0.001 -12"><span class='ocrx_word' id='word_1_612' title='bbox 1063 1927 1133 1962; x_wconf 76' lang='grc' dir='ltr'><strong>θείᾳ,</strong></span> <span class='ocrx_word' id='word_1_613' title='bbox 1153 1925 1292 1961; x_wconf 78' lang='grc' dir='ltr'><strong>ἐκλάμψαι</strong></span> <span class='ocrx_word' id='word_1_614' title='bbox 1304 1934 1332 1952; x_wconf 83' lang='grc' dir='ltr'><strong>σε</strong></span> <span class='ocrx_word' id='word_1_615' title='bbox 1348 1926 1376 1952; x_wconf 73' lang='grc' dir='ltr'><strong>ὲν</strong></span> <span class='ocrx_word' id='word_1_616' title='bbox 1392 1926 1424 1960; x_wconf 78' lang='grc' dir='ltr'><strong>τῇ</strong></span> <span class='ocrx_word' id='word_1_617' title='bbox 1435 1925 1497 1951; x_wconf 83' lang='grc' dir='ltr'><strong>καθ’</strong></span> <span class='ocrx_word' id='word_1_618' title='bbox 1511 1926 1585 1965; x_wconf 73' lang='grc' dir='ltr'><strong>ήμᾷς</strong></span> <span class='ocrx_word' id='word_1_619' title='bbox 1600 1926 1691 1961; x_wconf 81' lang='grc' dir='ltr'><strong>γενεᾷ,</strong></span> <span class='ocrx_word' id='word_1_620' title='bbox 1706 1927 1734 1952; x_wconf 85' lang='grc' dir='ltr'><strong>ὲν</strong></span> <span class='ocrx_word' id='word_1_621' title='bbox 1747 1925 1786 1960; x_wconf 80' lang='grc' dir='ltr'><strong>τῷ</strong></span> <span class='ocrx_word' id='word_1_622' title='bbox 1802 1926 1860 1960; x_wconf 77' lang='grc' dir='ltr'><strong>τῆς</strong></span> 
     </span>
    </p>
   </div>
   <div class='ocr_carea' id='block_1_84' title="bbox 1063 1970 1860 2008">
    <p class='ocr_par' dir='ltr' id='par_1_84' title="bbox 1063 1970 1860 2008">
     <span class='ocr_line' id='line_1_84' title="bbox 1063 1970 1860 2008; baseline 0 -10"><span class='ocrx_word' id='word_1_623' title='bbox 1063 1971 1269 2008; x_wconf 80' lang='grc' dir='ltr'><strong>ἀρχιερωσύνης</strong></span> <span class='ocrx_word' id='word_1_624' title='bbox 1287 1971 1422 2006; x_wconf 81' lang='grc' dir='ltr'><strong>ἀξιώματι</strong></span> <span class='ocrx_word' id='word_1_625' title='bbox 1435 1991 1442 2001; x_wconf 90' lang='grc'><strong>,</strong></span> <span class='ocrx_word' id='word_1_626' title='bbox 1464 1971 1530 1997; x_wconf 81' lang='grc' dir='ltr'><strong>καθ’</strong></span> <span class='ocrx_word' id='word_1_627' title='bbox 1547 1970 1678 2005; x_wconf 79' lang='grc' dir='ltr'><strong>ὁμοίωσιν</strong></span> <span class='ocrx_word' id='word_1_628' title='bbox 1694 1971 1749 1998; x_wconf 87' lang='grc' dir='ltr'><strong>τῶν</strong></span> <span class='ocrx_word' id='word_1_629' title='bbox 1765 1971 1860 2005; x_wconf 84' lang='grc' dir='ltr'><strong>ἁγίων</strong></span> 
     </span>
    </p>
   </div>
   <div class='ocr_carea' id='block_1_85' title="bbox 1064 2016 1860 2052">
    <p class='ocr_par' dir='ltr' id='par_1_85' title="bbox 1064 2016 1860 2052">
     <span class='ocr_line' id='line_1_85' title="bbox 1064 2016 1860 2052; baseline 0 -9"><span class='ocrx_word' id='word_1_630' title='bbox 1064 2018 1203 2052; x_wconf 81' lang='grc' dir='ltr'><strong>Ιιατὲρων,</strong></span> <span class='ocrx_word' id='word_1_631' title='bbox 1219 2016 1398 2051; x_wconf 78' lang='grc' dir='ltr'><strong>είρηκα.Καὶ</strong></span> <span class='ocrx_word' id='word_1_632' title='bbox 1425 2016 1474 2042; x_wconf 75' lang='grc' dir='ltr'><strong>οὐκ</strong></span> <span class='ocrx_word' id='word_1_633' title='bbox 1499 2016 1532 2042; x_wconf 77' lang='grc' dir='ltr'><strong>ἂν</strong></span> <span class='ocrx_word' id='word_1_634' title='bbox 1557 2016 1722 2051; x_wconf 83' lang='grc' dir='ltr'><strong>ἁμάρτοιμι,</strong></span> <span class='ocrx_word' id='word_1_635' title='bbox 1754 2016 1860 2043; x_wconf 72' lang='grc' dir='ltr'><strong>στύλον</strong></span> 
     </span>
    </p>
   </div>
   <div class='ocr_carea' id='block_1_86' title="bbox 1063 2060 1859 2097">
    <p class='ocr_par' dir='ltr' id='par_1_86' title="bbox 1063 2060 1859 2097">
     <span class='ocr_line' id='line_1_86' title="bbox 1063 2060 1859 2097; baseline 0 -8"><span class='ocrx_word' id='word_1_636' title='bbox 1063 2063 1110 2089; x_wconf 74' lang='grc' dir='ltr'><strong>καὶ</strong></span> <span class='ocrx_word' id='word_1_637' title='bbox 1125 2062 1266 2097; x_wconf 79' lang='grc' dir='ltr'><strong>ἑδραίωμα</strong></span> <span class='ocrx_word' id='word_1_638' title='bbox 1279 2060 1421 2096; x_wconf 84' lang='grc' dir='ltr'><strong>κεκληκώς</strong></span> <span class='ocrx_word' id='word_1_639' title='bbox 1438 2070 1468 2087; x_wconf 88' lang='grc' dir='ltr'><strong>σε</strong></span> <span class='ocrx_word' id='word_1_640' title='bbox 1482 2062 1531 2096; x_wconf 84' lang='grc' dir='ltr'><strong>τῆς</strong></span> <span class='ocrx_word' id='word_1_641' title='bbox 1553 2062 1717 2096; x_wconf 77' lang='grc' dir='ltr'><strong>Ἐκχλησίας</strong></span> <span class='ocrx_word' id='word_1_642' title='bbox 1729 2083 1736 2095; x_wconf 85' lang='grc'><strong>,</strong></span> <span class='ocrx_word' id='word_1_643' title='bbox 1756 2063 1859 2089; x_wconf 74' lang='grc' dir='ltr'><strong>κάλλι-</strong></span> 
     </span>
    </p>
   </div>
   <div class='ocr_carea' id='block_1_87' title="bbox 1063 2107 1860 2142">
    <p class='ocr_par' dir='ltr' id='par_1_87' title="bbox 1063 2107 1860 2142">
     <span class='ocr_line' id='line_1_87' title="bbox 1063 2107 1860 2142; baseline 0.001 -8"><span class='ocrx_word' id='word_1_644' title='bbox 1063 2108 1110 2134; x_wconf 75' lang='grc' dir='ltr'><strong>στέ</strong></span> <span class='ocrx_word' id='word_1_645' title='bbox 1138 2116 1189 2142; x_wconf 84' lang='grc' dir='ltr'><strong>μου</strong></span> <span class='ocrx_word' id='word_1_646' title='bbox 1211 2107 1321 2141; x_wconf 74' lang='grc' dir='ltr'><strong>ἀδελφέ.</strong></span> <span class='ocrx_word' id='word_1_647' title='bbox 1337 2107 1393 2138; x_wconf 81' lang='grc' dir='ltr'><strong>Πᾶς</strong></span> <span class='ocrx_word' id='word_1_648' title='bbox 1409 2108 1463 2142; x_wconf 80' lang='grc' dir='ltr'><strong>γὰρ</strong></span> <span class='ocrx_word' id='word_1_649' title='bbox 1482 2107 1496 2132; x_wconf 79' lang='grc' dir='ltr'>ὁ</span> <span class='ocrx_word' id='word_1_650' title='bbox 1512 2107 1582 2142; x_wconf 83' lang='grc' dir='ltr'><strong>ὑπὲρ</strong></span> <span class='ocrx_word' id='word_1_651' title='bbox 1597 2107 1727 2142; x_wconf 83' lang='grc' dir='ltr'><strong>ἀληθείας</strong></span> <span class='ocrx_word' id='word_1_652' title='bbox 1741 2109 1860 2136; x_wconf 59' lang='grc' dir='ltr'><strong>ὲνιστάς</strong></span> 
     </span>
    </p>
   </div>
   <div class='ocr_carea' id='block_1_88' title="bbox 1065 2151 1860 2188">
    <p class='ocr_par' dir='ltr' id='par_1_88' title="bbox 1065 2151 1860 2188">
     <span class='ocr_line' id='line_1_88' title="bbox 1065 2151 1860 2188; baseline -0.003 -8"><span class='ocrx_word' id='word_1_653' title='bbox 1065 2161 1143 2187; x_wconf 74' lang='grc' dir='ltr'><strong>μενος</strong></span> <span class='ocrx_word' id='word_1_654' title='bbox 1169 2153 1217 2178; x_wconf 77' lang='grc' dir='ltr'><strong>καὶ</strong></span> <span class='ocrx_word' id='word_1_655' title='bbox 1243 2152 1406 2183; x_wconf 78' lang='grc' dir='ltr'><strong>πανθὰνων,</strong></span> <span class='ocrx_word' id='word_1_656' title='bbox 1427 2151 1543 2186; x_wconf 77' lang='grc' dir='ltr'><strong>ἔρεισμα</strong></span> <span class='ocrx_word' id='word_1_657' title='bbox 1569 2152 1616 2178; x_wconf 75' lang='grc' dir='ltr'><strong>καὶ</strong></span> <span class='ocrx_word' id='word_1_658' title='bbox 1635 2152 1736 2188; x_wconf 70' lang='grc' dir='ltr'><strong>ῦψωμα</strong></span> <span class='ocrx_word' id='word_1_659' title='bbox 1763 2153 1860 2188; x_wconf 75' lang='grc' dir='ltr'><strong>αὑτῆς</strong></span> 
     </span>
    </p>
   </div>
   <div class='ocr_carea' id='block_1_89' title="bbox 1061 2195 1860 2234">
    <p class='ocr_par' dir='ltr' id='par_1_89' title="bbox 1061 2195 1860 2234">
     <span class='ocr_line' id='line_1_89' title="bbox 1061 2195 1860 2234; baseline 0.001 -9"><span class='ocrx_word' id='word_1_660' title='bbox 1061 2199 1203 2234; x_wconf 84' lang='grc' dir='ltr'><strong>τυγχάνει.</strong></span> <span class='ocrx_word' id='word_1_661' title='bbox 1223 2195 1260 2225; x_wconf 83' lang='grc' dir='ltr'><strong>Εὖ</strong></span> <span class='ocrx_word' id='word_1_662' title='bbox 1284 2198 1313 2224; x_wconf 79' lang='grc' dir='ltr'><strong>δὲ</strong></span> <span class='ocrx_word' id='word_1_663' title='bbox 1331 2197 1452 2231; x_wconf 83' lang='grc' dir='ltr'><strong>γέγονεν,</strong></span> <span class='ocrx_word' id='word_1_664' title='bbox 1468 2197 1667 2232; x_wconf 75' lang='grc' dir='ltr'><strong>ὃτιὲπεσκέψω</strong></span> <span class='ocrx_word' id='word_1_665' title='bbox 1682 2198 1731 2230; x_wconf 71' lang='grc' dir='ltr'><strong>τὰς</strong></span> <span class='ocrx_word' id='word_1_666' title='bbox 1750 2200 1860 2234; x_wconf 84' lang='grc' dir='ltr'><strong>τετρὰ-</strong></span> 
     </span>
    </p>
   </div>
   <div class='ocr_carea' id='block_1_90' title="bbox 1061 2243 1860 2280">
    <p class='ocr_par' dir='ltr' id='par_1_90' title="bbox 1061 2243 1860 2280">
     <span class='ocr_line' id='line_1_90' title="bbox 1061 2243 1860 2280; baseline -0.004 -8"><span class='ocrx_word' id='word_1_667' title='bbox 1061 2246 1119 2277; x_wconf 83' lang='grc' dir='ltr'><strong>δας.</strong></span> <span class='ocrx_word' id='word_1_668' title='bbox 1142 2245 1263 2280; x_wconf 80' lang='grc' dir='ltr'><strong>’Υπῆρξε</strong></span> <span class='ocrx_word' id='word_1_669' title='bbox 1279 2245 1334 2280; x_wconf 72' lang='grc' dir='ltr'><strong>γὰρ</strong></span> <span class='ocrx_word' id='word_1_670' title='bbox 1354 2245 1420 2279; x_wconf 79' lang='grc' dir='ltr'><strong>ἡμῖν</strong></span> <span class='ocrx_word' id='word_1_671' title='bbox 1436 2245 1452 2279; x_wconf 89' lang='grc' dir='ltr'><strong>ή</strong></span> <span class='ocrx_word' id='word_1_672' title='bbox 1467 2245 1622 2279; x_wconf 83' lang='grc' dir='ltr'><strong>ὑπόμνησις</strong></span> <span class='ocrx_word' id='word_1_673' title='bbox 1645 2243 1747 2279; x_wconf 83' lang='grc' dir='ltr'><strong>μᾶλλον</strong></span> <span class='ocrx_word' id='word_1_674' title='bbox 1760 2243 1791 2270; x_wconf 76' lang='grc' dir='ltr'><strong>δὲ</strong></span> <span class='ocrx_word' id='word_1_675' title='bbox 1806 2245 1860 2270; x_wconf 76' lang='grc' dir='ltr'><strong>κέ-</strong></span> 
     </span>
    </p>
   </div>
   <div class='ocr_carea' id='block_1_91' title="bbox 225 2289 1011 2328">
    <p class='ocr_par' dir='ltr' id='par_1_91' title="bbox 225 2292 1010 2328">
     <span class='ocr_line' id='line_1_91' title="bbox 225 2292 1010 2328; baseline -0.001 -8"><span class='ocrx_word' id='word_1_676' title='bbox 225 2294 333 2320; x_wconf 81' lang='lat' dir='ltr'><strong>ltortatu</strong></span> <span class='ocrx_word' id='word_1_677' title='bbox 359 2293 445 2320; x_wconf 84' lang='lat' dir='ltr'><strong>Patris</strong></span> <span class='ocrx_word' id='word_1_678' title='bbox 459 2294 564 2326; x_wconf 84' lang='lat' dir='ltr'><strong>nostri,</strong></span> <span class='ocrx_word' id='word_1_679' title='bbox 583 2294 610 2320; x_wconf 91' lang='lat' dir='ltr'><strong>in</strong></span> <span class='ocrx_word' id='word_1_680' title='bbox 627 2294 760 2328; x_wconf 65' lang='lat' dir='ltr'><strong>praedictis</strong></span> <span class='ocrx_word' id='word_1_681' title='bbox 788 2292 1010 2328; x_wconf 83' lang='lat' dir='ltr'><strong>quaternionibus</strong></span> 
     </span>
    </p>
   </div>
   <div class='ocr_carea' id='block_1_92' title="bbox 1064 2289 1860 2328">
    <p class='ocr_par' dir='ltr' id='par_1_92' title="bbox 1064 2289 1860 2325">
     <span class='ocr_line' id='line_1_92' title="bbox 1064 2289 1860 2325; baseline -0.003 -8"><span class='ocrx_word' id='word_1_682' title='bbox 1064 2290 1151 2322; x_wconf 82' lang='grc' dir='ltr'><strong>λευσίς</strong></span> <span class='ocrx_word' id='word_1_683' title='bbox 1165 2299 1222 2323; x_wconf 86' lang='grc' dir='ltr'><strong>σου,</strong></span> <span class='ocrx_word' id='word_1_684' title='bbox 1236 2289 1395 2320; x_wconf 78' lang='grc' dir='ltr'><strong>ἐπιστασίας</strong></span> <span class='ocrx_word' id='word_1_685' title='bbox 1408 2290 1467 2315; x_wconf 76' lang='grc' dir='ltr'><strong>ικαὶ</strong></span> <span class='ocrx_word' id='word_1_686' title='bbox 1486 2289 1632 2320; x_wconf 84' lang='grc' dir='ltr'><strong>διαλύσεως</strong></span> <span class='ocrx_word' id='word_1_687' title='bbox 1657 2289 1705 2322; x_wconf 85' lang='grc' dir='ltr'><strong>τῆς</strong></span> <span class='ocrx_word' id='word_1_688' title='bbox 1722 2289 1860 2325; x_wconf 77' lang='grc' dir='ltr'><strong>τοιαύτης</strong></span> 
     </span>
    </p>
   </div>
   <div class='ocr_carea' id='block_1_93' title="bbox 231 2338 1007 2373">
    <p class='ocr_par' dir='ltr' id='par_1_93' title="bbox 231 2338 1007 2373">
     <span class='ocr_line' id='line_1_93' title="bbox 231 2338 1007 2373; baseline -0.003 -7"><span class='ocrx_word' id='word_1_689' title='bbox 231 2339 283 2366; x_wconf 84' lang='lat' dir='ltr'><strong>nisi</strong></span> <span class='ocrx_word' id='word_1_690' title='bbox 302 2339 436 2373; x_wconf 87' lang='lat' dir='ltr'><strong>sanctitati</strong></span> <span class='ocrx_word' id='word_1_691' title='bbox 452 2343 504 2366; x_wconf 60' lang='lat' dir='ltr'><strong>tua:</strong></span> <span class='ocrx_word' id='word_1_692' title='bbox 518 2347 525 2369; x_wconf 88' lang='grc'><em>;</em></span> <span class='ocrx_word' id='word_1_693' title='bbox 542 2339 642 2365; x_wconf 90' lang='lat' dir='ltr'><strong>nullam</strong></span> <span class='ocrx_word' id='word_1_694' title='bbox 658 2346 745 2365; x_wconf 83' lang='lat' dir='ltr'><strong>meam</strong></span> <span class='ocrx_word' id='word_1_695' title='bbox 759 2338 895 2373; x_wconf 87' lang='lat' dir='ltr'><strong>propriam</strong></span> <span class='ocrx_word' id='word_1_696' title='bbox 909 2338 937 2364; x_wconf 91' lang='lat' dir='ltr'><strong>in</strong></span> <span class='ocrx_word' id='word_1_697' title='bbox 951 2341 1007 2364; x_wconf 88' lang='lat' dir='ltr'><strong>toto</strong></span> 
     </span>
    </p>
   </div>
   <div class='ocr_carea' id='block_1_94' title="bbox 227 2383 1008 2418">
    <p class='ocr_par' dir='ltr' id='par_1_94' title="bbox 227 2383 1008 2418">
     <span class='ocr_line' id='line_1_94' title="bbox 227 2383 1008 2418; baseline -0.003 -7"><span class='ocrx_word' id='word_1_698' title='bbox 227 2391 305 2417; x_wconf 73' lang='lat' dir='ltr'><strong>vpere</strong></span> <span class='ocrx_word' id='word_1_699' title='bbox 335 2384 497 2411; x_wconf 74' lang='lat' dir='ltr'><strong>sententiam</strong></span> <span class='ocrx_word' id='word_1_700' title='bbox 518 2383 657 2416; x_wconf 74' lang='lat' dir='ltr'><strong>intexens;</strong></span> <span class='ocrx_word' id='word_1_701' title='bbox 684 2384 811 2418; x_wconf 87' lang='lat' dir='ltr'><strong>quoniam</strong></span> <span class='ocrx_word' id='word_1_702' title='bbox 827 2391 877 2410; x_wconf 89' lang='lat' dir='ltr'><strong>nec</strong></span> <span class='ocrx_word' id='word_1_703' title='bbox 894 2383 950 2417; x_wconf 85' lang='lat' dir='ltr'><strong>lege</strong></span> <span class='ocrx_word' id='word_1_704' title='bbox 963 2383 1008 2416; x_wconf 90' lang='lat' dir='ltr'><strong>ju-</strong></span> 
     </span>
    </p>
   </div>
   <div class='ocr_carea' id='block_1_95' title="bbox 224 2429 1006 2463">
    <p class='ocr_par' dir='ltr' id='par_1_95' title="bbox 224 2429 1006 2463">
     <span class='ocr_line' id='line_1_95' title="bbox 224 2429 1006 2463; baseline -0.003 -7"><span class='ocrx_word' id='word_1_705' title='bbox 224 2430 304 2459; x_wconf 85' lang='lat' dir='ltr'><strong>stius.</strong></span> <span class='ocrx_word' id='word_1_706' title='bbox 333 2437 384 2457; x_wconf 82' lang='lat' dir='ltr'><strong>nec</strong></span> <span class='ocrx_word' id='word_1_707' title='bbox 409 2437 512 2456; x_wconf 84' lang='lat' dir='ltr'><strong>canone</strong></span> <span class='ocrx_word' id='word_1_708' title='bbox 528 2429 628 2456; x_wconf 88' lang='lat' dir='ltr'><strong>rectius</strong></span> <span class='ocrx_word' id='word_1_709' title='bbox 643 2429 790 2463; x_wconf 79' lang='lat' dir='ltr'><strong>quidquam</strong></span> <span class='ocrx_word' id='word_1_710' title='bbox 806 2436 867 2455; x_wconf 82' lang='lat' dir='ltr'><strong>esse</strong></span> <span class='ocrx_word' id='word_1_711' title='bbox 899 2432 987 2463; x_wconf 88' lang='lat' dir='ltr'><strong>potest</strong></span> <span class='ocrx_word' id='word_1_712' title='bbox 1001 2437 1006 2454; x_wconf 92' lang='lat'>:</span> 
     </span>
    </p>
   </div>
   <div class='ocr_carea' id='block_1_96' title="bbox 226 2473 1009 2508">
    <p class='ocr_par' dir='ltr' id='par_1_96' title="bbox 226 2473 1009 2508">
     <span class='ocr_line' id='line_1_96' title="bbox 226 2473 1009 2508; baseline -0.001 -7"><span class='ocrx_word' id='word_1_713' title='bbox 226 2475 273 2502; x_wconf 86' lang='lat' dir='ltr'><strong>sed</strong></span> <span class='ocrx_word' id='word_1_714' title='bbox 291 2474 444 2502; x_wconf 76' lang='lat' dir='ltr'><strong>divinorum</strong></span> <span class='ocrx_word' id='word_1_715' title='bbox 459 2475 646 2502; x_wconf 87' lang='lat' dir='ltr'><strong>tantummodo</strong></span> <span class='ocrx_word' id='word_1_716' title='bbox 661 2474 780 2506; x_wconf 86' lang='lat' dir='ltr'><strong>Patrum,</strong></span> <span class='ocrx_word' id='word_1_717' title='bbox 811 2473 935 2508; x_wconf 86' lang='lat' dir='ltr'><strong>quamvis</strong></span> <span class='ocrx_word' id='word_1_718' title='bbox 948 2474 1009 2500; x_wconf 87' lang='lat' dir='ltr'><strong>ine-</strong></span> 
     </span>
    </p>
   </div>
   <div class='ocr_carea' id='block_1_97' title="bbox 225 2519 1009 2555">
    <p class='ocr_par' dir='ltr' id='par_1_97' title="bbox 225 2519 1009 2555">
     <span class='ocr_line' id='line_1_97' title="bbox 225 2519 1009 2555; baseline -0.001 -8"><span class='ocrx_word' id='word_1_719' title='bbox 225 2525 279 2554; x_wconf 76' lang='lat' dir='ltr'><strong>pte.</strong></span> <span class='ocrx_word' id='word_1_720' title='bbox 289 2521 451 2548; x_wconf 85' lang='lat' dir='ltr'><strong>documenta</strong></span> <span class='ocrx_word' id='word_1_721' title='bbox 468 2525 496 2547; x_wconf 88' lang='lat' dir='ltr'><strong>et</strong></span> <span class='ocrx_word' id='word_1_722' title='bbox 510 2525 644 2555; x_wconf 63' lang='lat' dir='ltr'><strong>praecepta</strong></span> <span class='ocrx_word' id='word_1_723' title='bbox 658 2519 798 2554; x_wconf 74' lang='lat' dir='ltr'><strong>proferens</strong></span> <span class='ocrx_word' id='word_1_724' title='bbox 812 2525 894 2553; x_wconf 84' lang='lat' dir='ltr'><strong>atque</strong></span> <span class='ocrx_word' id='word_1_725' title='bbox 909 2526 1009 2546; x_wconf 85' lang='lat' dir='ltr'><strong>conne—</strong></span> 
     </span>
    </p>
   </div>
   <div class='ocr_carea' id='block_1_98' title="bbox 224 2564 1008 2600">
    <p class='ocr_par' dir='ltr' id='par_1_98' title="bbox 224 2564 1008 2600">
     <span class='ocr_line' id='line_1_98' title="bbox 224 2564 1008 2600; baseline -0.003 -8"><span class='ocrx_word' id='word_1_726' title='bbox 224 2571 310 2598; x_wconf 83' lang='lat' dir='ltr'><strong>ctens,</strong></span> <span class='ocrx_word' id='word_1_727' title='bbox 327 2566 547 2600; x_wconf 66' lang='lat' dir='ltr'><strong>proutoppositze</strong></span> <span class='ocrx_word' id='word_1_728' title='bbox 563 2564 753 2599; x_wconf 78' lang='lat' dir='ltr'><strong>propositionis</strong></span> <span class='ocrx_word' id='word_1_729' title='bbox 765 2564 833 2591; x_wconf 82' lang='lat' dir='ltr'><strong>ratio</strong></span> <span class='ocrx_word' id='word_1_730' title='bbox 845 2564 1008 2598; x_wconf 87' lang='lat' dir='ltr'><strong>postulabat.</strong></span> 
     </span>
    </p>
   </div>
   <div class='ocr_carea' id='block_1_99' title="bbox 224 2609 1008 2644">
    <p class='ocr_par' dir='ltr' id='par_1_99' title="bbox 224 2609 1008 2644">
     <span class='ocr_line' id='line_1_99' title="bbox 224 2609 1008 2644; baseline -0.004 -6"><span class='ocrx_word' id='word_1_731' title='bbox 224 2611 261 2638; x_wconf 75' lang='lat' dir='ltr'><strong>Ae</strong></span> <span class='ocrx_word' id='word_1_732' title='bbox 292 2611 343 2637; x_wconf 86' lang='lat' dir='ltr'><strong>nisi</strong></span> <span class='ocrx_word' id='word_1_733' title='bbox 375 2611 520 2638; x_wconf 86' lang='lat' dir='ltr'><strong>lectionem</strong></span> <span class='ocrx_word' id='word_1_734' title='bbox 545 2611 645 2638; x_wconf 88' lang='lat' dir='ltr'><strong>laboris</strong></span> <span class='ocrx_word' id='word_1_735' title='bbox 660 2615 733 2637; x_wconf 90' lang='lat' dir='ltr'><strong>metu</strong></span> <span class='ocrx_word' id='word_1_736' title='bbox 759 2610 887 2644; x_wconf 80' lang='lat' dir='ltr'><strong>refugias,</strong></span> <span class='ocrx_word' id='word_1_737' title='bbox 906 2609 1008 2640; x_wconf 90' lang='lat' dir='ltr'><strong>erit,ni</strong></span> 
     </span>
    </p>
   </div>
   <div class='ocr_carea' id='block_1_100' title="bbox 224 2655 1008 2691">
    <p class='ocr_par' dir='ltr' id='par_1_100' title="bbox 224 2655 1008 2691">
     <span class='ocr_line' id='line_1_100' title="bbox 224 2655 1008 2691; baseline -0.004 -8"><span class='ocrx_word' id='word_1_738' title='bbox 224 2656 310 2688; x_wconf 70' lang='lat' dir='ltr'><strong>fallor,</strong></span> <span class='ocrx_word' id='word_1_739' title='bbox 332 2663 422 2690; x_wconf 63' lang='lat' dir='ltr'><strong>operte</strong></span> <span class='ocrx_word' id='word_1_740' title='bbox 436 2656 565 2691; x_wconf 88' lang='lat' dir='ltr'><strong>pretium.</strong></span> <span class='ocrx_word' id='word_1_741' title='bbox 581 2655 658 2688; x_wconf 85' lang='lat' dir='ltr'><strong>Quod</strong></span> <span class='ocrx_word' id='word_1_742' title='bbox 673 2659 764 2682; x_wconf 87' lang='lat' dir='ltr'><strong>autem</strong></span> <span class='ocrx_word' id='word_1_743' title='bbox 779 2663 829 2689; x_wconf 74' lang='lat' dir='ltr'><strong>pax</strong></span> <span class='ocrx_word' id='word_1_744' title='bbox 847 2655 948 2688; x_wconf 82' lang='lat' dir='ltr'><strong>optima</strong></span> <span class='ocrx_word' id='word_1_745' title='bbox 972 2655 1008 2681; x_wconf 88' lang='lat' dir='ltr'><strong>sit</strong></span> 
     </span>
    </p>
   </div>
   <div class='ocr_carea' id='block_1_101' title="bbox 223 2701 1008 2735">
    <p class='ocr_par' dir='ltr' id='par_1_101' title="bbox 223 2701 1008 2735">
     <span class='ocr_line' id='line_1_101' title="bbox 223 2701 1008 2735; baseline -0.001 -7"><span class='ocrx_word' id='word_1_746' title='bbox 223 2702 360 2728; x_wconf 86' lang='lat' dir='ltr'><strong>communi</strong></span> <span class='ocrx_word' id='word_1_747' title='bbox 376 2709 526 2732; x_wconf 85' lang='lat' dir='ltr'><strong>consensu;</strong></span> <span class='ocrx_word' id='word_1_748' title='bbox 546 2709 607 2728; x_wconf 88' lang='lat' dir='ltr'><strong>amo</strong></span> <span class='ocrx_word' id='word_1_749' title='bbox 621 2702 694 2728; x_wconf 90' lang='lat' dir='ltr'><strong>enim</strong></span> <span class='ocrx_word' id='word_1_750' title='bbox 709 2701 779 2727; x_wconf 79' lang='lat' dir='ltr'><strong>illaut</strong></span> <span class='ocrx_word' id='word_1_751' title='bbox 812 2701 918 2727; x_wconf 86' lang='lat' dir='ltr'><strong>tametsi</strong></span> <span class='ocrx_word' id='word_1_752' title='bbox 943 2707 1008 2735; x_wconf 89' lang='lat' dir='ltr'><strong>pec-</strong></span> 
     </span>
    </p>
   </div>
   <div class='ocr_carea' id='block_1_102' title="bbox 225 2745 1008 2782">
    <p class='ocr_par' dir='ltr' id='par_1_102' title="bbox 225 2745 1008 2782">
     <span class='ocr_line' id='line_1_102' title="bbox 225 2745 1008 2782; baseline -0.003 -8"><span class='ocrx_word' id='word_1_753' title='bbox 225 2751 300 2774; x_wconf 89' lang='lat' dir='ltr'><strong>cator</strong></span> <span class='ocrx_word' id='word_1_754' title='bbox 312 2755 386 2779; x_wconf 90' lang='lat' dir='ltr'><strong>sum;</strong></span> <span class='ocrx_word' id='word_1_755' title='bbox 403 2748 512 2782; x_wconf 92' lang='lat' dir='ltr'><strong>etquod</strong></span> <span class='ocrx_word' id='word_1_756' title='bbox 524 2747 550 2774; x_wconf 91' lang='lat' dir='ltr'><strong>in</strong></span> <span class='ocrx_word' id='word_1_757' title='bbox 568 2755 627 2774; x_wconf 87' lang='lat' dir='ltr'><strong>eam</strong></span> <span class='ocrx_word' id='word_1_758' title='bbox 642 2746 804 2774; x_wconf 83' lang='lat' dir='ltr'><strong>ﬂectendum</strong></span> <span class='ocrx_word' id='word_1_759' title='bbox 823 2746 876 2778; x_wconf 90' lang='lat' dir='ltr'><strong>sit,</strong></span> <span class='ocrx_word' id='word_1_760' title='bbox 893 2745 1008 2773; x_wconf 78' lang='lat' dir='ltr'><strong>fecimus</strong></span> 
     </span>
    </p>
   </div>
   <div class='ocr_carea' id='block_1_103' title="bbox 225 2791 1007 2828">
    <p class='ocr_par' dir='ltr' id='par_1_103' title="bbox 225 2791 1007 2828">
     <span class='ocr_line' id='line_1_103' title="bbox 225 2791 1007 2828; baseline 0 -10"><span class='ocrx_word' id='word_1_761' title='bbox 225 2793 250 2820; x_wconf 87' lang='lat' dir='ltr'><strong>id</strong></span> <span class='ocrx_word' id='word_1_762' title='bbox 278 2792 328 2826; x_wconf 86' lang='lat' dir='ltr'><strong>ipsi</strong></span> <span class='ocrx_word' id='word_1_763' title='bbox 345 2797 481 2827; x_wconf 80' lang='lat' dir='ltr'><strong>quatenus</strong></span> <span class='ocrx_word' id='word_1_764' title='bbox 496 2793 605 2825; x_wconf 85' lang='lat' dir='ltr'><strong>licebat,</strong></span> <span class='ocrx_word' id='word_1_765' title='bbox 632 2799 755 2828; x_wconf 85' lang='lat' dir='ltr'><strong>magnam</strong></span> <span class='ocrx_word' id='word_1_766' title='bbox 786 2791 876 2818; x_wconf 88' lang='lat' dir='ltr'><strong>oneris</strong></span> <span class='ocrx_word' id='word_1_767' title='bbox 904 2796 1007 2825; x_wconf 87' lang='lat' dir='ltr'><strong>partem</strong></span> 
     </span>
    </p>
   </div>
   <div class='ocr_carea' id='block_1_104' title="bbox 225 2837 1008 2873">
    <p class='ocr_par' dir='ltr' id='par_1_104' title="bbox 225 2837 1008 2873">
     <span class='ocr_line' id='line_1_104' title="bbox 225 2837 1008 2873; baseline 0 -9"><span class='ocrx_word' id='word_1_768' title='bbox 225 2838 404 2870; x_wconf 84' lang='lat' dir='ltr'><strong>excutientcs,</strong></span> <span class='ocrx_word' id='word_1_769' title='bbox 444 2839 521 2873; x_wconf 82' lang='lat' dir='ltr'><strong>juxta</strong></span> <span class='ocrx_word' id='word_1_770' title='bbox 554 2838 675 2865; x_wconf 80' lang='lat' dir='ltr'><strong>divinum</strong></span> <span class='ocrx_word' id='word_1_771' title='bbox 718 2837 876 2873; x_wconf 77' lang='lat' dir='ltr'><strong>Cyrillum:</strong></span> <span class='ocrx_word' id='word_1_772' title='bbox 908 2837 1008 2872; x_wconf 88' lang='lat' dir='ltr'><strong>partim</strong></span> 
     </span>
    </p>
   </div>
   <div class='ocr_carea' id='block_1_105' title="bbox 1058 2334 1859 2372">
    <p class='ocr_par' dir='ltr' id='par_1_105' title="bbox 1058 2334 1859 2372">
     <span class='ocr_line' id='line_1_105' title="bbox 1058 2334 1859 2372; baseline -0.002 -9"><span class='ocrx_word' id='word_1_773' title='bbox 1058 2336 1217 2372; x_wconf 81' lang='grc' dir='ltr'><strong>προτάσεως</strong></span> <span class='ocrx_word' id='word_1_774' title='bbox 1232 2336 1344 2370; x_wconf 73' lang='grc' dir='ltr'><strong>ἀφορμὴ</strong></span> <span class='ocrx_word' id='word_1_775' title='bbox 1368 2336 1401 2369; x_wconf 78' lang='grc' dir='ltr'><strong>ἣν</strong></span> <span class='ocrx_word' id='word_1_776' title='bbox 1419 2335 1479 2369; x_wconf 82' lang='grc' dir='ltr'><strong>μεθ’</strong></span> <span class='ocrx_word' id='word_1_777' title='bbox 1494 2334 1597 2369; x_wconf 77' lang='grc' dir='ltr'><strong>ἑτέρων</strong></span> <span class='ocrx_word' id='word_1_778' title='bbox 1625 2334 1859 2369; x_wconf 75' lang='grc' dir='ltr'><strong>ὑποϐληθέντων,</strong></span> 
     </span>
    </p>
   </div>
   <div class='ocr_carea' id='block_1_106' title="bbox 1056 2381 1861 2417">
    <p class='ocr_par' dir='ltr' id='par_1_106' title="bbox 1056 2381 1861 2417">
     <span class='ocr_line' id='line_1_106' title="bbox 1056 2381 1861 2417; baseline 0 -9"><span class='ocrx_word' id='word_1_779' title='bbox 1056 2383 1091 2409; x_wconf 79' lang='grc' dir='ltr'><strong>δι’</strong></span> <span class='ocrx_word' id='word_1_780' title='bbox 1108 2383 1288 2417; x_wconf 75' lang='grc' dir='ltr'><strong>ὑπομνήσεως</strong></span> <span class='ocrx_word' id='word_1_781' title='bbox 1302 2381 1348 2408; x_wconf 82' lang='grc' dir='ltr'><strong>τοῦ</strong></span> <span class='ocrx_word' id='word_1_782' title='bbox 1364 2382 1470 2416; x_wconf 85' lang='grc' dir='ltr'><strong>Πατρὺς</strong></span> <span class='ocrx_word' id='word_1_783' title='bbox 1484 2381 1574 2415; x_wconf 83' lang='grc' dir='ltr'><strong>ἡμῶν,</strong></span> <span class='ocrx_word' id='word_1_784' title='bbox 1593 2383 1622 2407; x_wconf 77' lang='grc' dir='ltr'><strong>ὲν</strong></span> <span class='ocrx_word' id='word_1_785' title='bbox 1638 2382 1699 2412; x_wconf 84' lang='grc' dir='ltr'><strong>ταῖς</strong></span> <span class='ocrx_word' id='word_1_786' title='bbox 1723 2389 1861 2416; x_wconf 83' lang='grc' dir='ltr'><strong>προγρα-</strong></span> 
     </span>
    </p>
   </div>
   <div class='ocr_carea' id='block_1_107' title="bbox 1057 2425 1862 2462">
    <p class='ocr_par' dir='ltr' id='par_1_107' title="bbox 1057 2425 1862 2462">
     <span class='ocr_line' id='line_1_107' title="bbox 1057 2425 1862 2462; baseline 0.001 -9"><span class='ocrx_word' id='word_1_787' title='bbox 1057 2429 1166 2461; x_wconf 80' lang='grc' dir='ltr'><strong>φείσαις</strong></span> <span class='ocrx_word' id='word_1_788' title='bbox 1179 2427 1308 2462; x_wconf 79' lang='grc' dir='ltr'><strong>τετρὰσιν</strong></span> <span class='ocrx_word' id='word_1_789' title='bbox 1321 2426 1471 2452; x_wconf 77' lang='grc' dir='ltr'><strong>ἀπέστειλα</strong></span> <span class='ocrx_word' id='word_1_790' title='bbox 1486 2427 1519 2461; x_wconf 83' lang='grc' dir='ltr'><strong>τῇ</strong></span> <span class='ocrx_word' id='word_1_791' title='bbox 1537 2425 1663 2461; x_wconf 77' lang='grc' dir='ltr'><strong>ἁγιότητι</strong></span> <span class='ocrx_word' id='word_1_792' title='bbox 1677 2434 1724 2452; x_wconf 83' lang='grc' dir='ltr'><strong>σου</strong></span> <span class='ocrx_word' id='word_1_793' title='bbox 1738 2434 1746 2442; x_wconf 88' lang='grc'>·</span> <span class='ocrx_word' id='word_1_794' title='bbox 1764 2427 1862 2462; x_wconf 80' lang='grc' dir='ltr'><strong>μηδὲν</strong></span> 
     </span>
    </p>
   </div>
   <div class='ocr_carea' id='block_1_108' title="bbox 1057 2472 1859 2507">
    <p class='ocr_par' dir='ltr' id='par_1_108' title="bbox 1057 2472 1859 2507">
     <span class='ocr_line' id='line_1_108' title="bbox 1057 2472 1859 2507; baseline 0 -9"><span class='ocrx_word' id='word_1_795' title='bbox 1057 2473 1086 2506; x_wconf 68' lang='lat' dir='ltr'><strong>ea</strong></span> <span class='ocrx_word' id='word_1_796' title='bbox 1102 2472 1198 2498; x_wconf 72' lang='grc' dir='ltr'><strong>ἑαυτοῦ</strong></span> <span class='ocrx_word' id='word_1_797' title='bbox 1214 2473 1241 2498; x_wconf 78' lang='grc' dir='ltr'><strong>ὲν</strong></span> <span class='ocrx_word' id='word_1_798' title='bbox 1256 2472 1308 2506; x_wconf 84' lang='grc' dir='ltr'><strong>ὅλῳ</strong></span> <span class='ocrx_word' id='word_1_799' title='bbox 1325 2472 1364 2506; x_wconf 83' lang='grc' dir='ltr'><strong>τῷ</strong></span> <span class='ocrx_word' id='word_1_800' title='bbox 1379 2472 1549 2506; x_wconf 79' lang='grc' dir='ltr'><strong>συντάγματι</strong></span> <span class='ocrx_word' id='word_1_801' title='bbox 1573 2472 1702 2507; x_wconf 81' lang='grc' dir='ltr'><strong>φρόνημα</strong></span> <span class='ocrx_word' id='word_1_802' title='bbox 1718 2473 1859 2499; x_wconf 75' lang='grc' dir='ltr'><strong>εἰσχεκο-</strong></span> 
     </span>
    </p>
   </div>
   <div class='ocr_carea' id='block_1_109' title="bbox 1062 2516 1863 2554">
    <p class='ocr_par' dir='ltr' id='par_1_109' title="bbox 1062 2516 1863 2554">
     <span class='ocr_line' id='line_1_109' title="bbox 1062 2516 1863 2554; baseline 0.002 -12"><span class='ocrx_word' id='word_1_803' title='bbox 1062 2517 1162 2551; x_wconf 80' lang='grc' dir='ltr'><strong>μικώς·</strong></span> <span class='ocrx_word' id='word_1_804' title='bbox 1181 2517 1220 2543; x_wconf 79' lang='grc' dir='ltr'><strong>ὄτι</strong></span> <span class='ocrx_word' id='word_1_805' title='bbox 1234 2518 1300 2551; x_wconf 83' lang='grc' dir='ltr'><strong>μηδὲ</strong></span> <span class='ocrx_word' id='word_1_806' title='bbox 1318 2517 1395 2551; x_wconf 82' lang='grc' dir='ltr'><strong>θέμις</strong></span> <span class='ocrx_word' id='word_1_807' title='bbox 1412 2516 1459 2543; x_wconf 81' lang='grc' dir='ltr'><strong>τοῦ</strong></span> <span class='ocrx_word' id='word_1_808' title='bbox 1472 2518 1555 2552; x_wconf 84' lang='grc' dir='ltr'><strong>νόμου</strong></span> <span class='ocrx_word' id='word_1_809' title='bbox 1569 2517 1769 2553; x_wconf 84' lang='grc' dir='ltr'><strong>νομιμώτερον,</strong></span> <span class='ocrx_word' id='word_1_810' title='bbox 1783 2519 1863 2554; x_wconf 73' lang='grc' dir='ltr'><strong>μηδὲ</strong></span> 
     </span>
    </p>
   </div>
   <div class='ocr_carea' id='block_1_110' title="bbox 1060 2562 1862 2597">
    <p class='ocr_par' dir='ltr' id='par_1_110' title="bbox 1060 2562 1862 2597">
     <span class='ocr_line' id='line_1_110' title="bbox 1060 2562 1862 2597; baseline 0.005 -9"><span class='ocrx_word' id='word_1_811' title='bbox 1060 2562 1107 2588; x_wconf 73' lang='grc' dir='ltr'><strong>τοῦ</strong></span> <span class='ocrx_word' id='word_1_812' title='bbox 1123 2562 1234 2593; x_wconf 80' lang='grc' dir='ltr'><strong>κανόνος</strong></span> <span class='ocrx_word' id='word_1_813' title='bbox 1251 2562 1395 2597; x_wconf 70' lang='grc' dir='ltr'><strong>εὐθύτερον</strong></span> <span class='ocrx_word' id='word_1_814' title='bbox 1410 2562 1532 2596; x_wconf 78' lang='grc' dir='ltr'><strong>γίνεσθαι</strong></span> <span class='ocrx_word' id='word_1_815' title='bbox 1547 2570 1553 2577; x_wconf 91' lang='grc'><strong>·</strong></span> <span class='ocrx_word' id='word_1_816' title='bbox 1569 2563 1585 2597; x_wconf 77' lang='grc' dir='ltr'>ἢ</span> <span class='ocrx_word' id='word_1_817' title='bbox 1600 2563 1680 2596; x_wconf 88' lang='grc' dir='ltr'><strong>μόνον</strong></span> <span class='ocrx_word' id='word_1_818' title='bbox 1690 2564 1722 2589; x_wconf 80' lang='grc' dir='ltr'><strong>τὸ</strong></span> <span class='ocrx_word' id='word_1_819' title='bbox 1739 2564 1862 2597; x_wconf 76' lang='grc' dir='ltr'><strong>ὑφεῖναι</strong></span> 
     </span>
    </p>
   </div>
   <div class='ocr_carea' id='block_1_111' title="bbox 1062 2607 1859 2644">
    <p class='ocr_par' dir='ltr' id='par_1_111' title="bbox 1062 2607 1859 2644">
     <span class='ocr_line' id='line_1_111' title="bbox 1062 2607 1859 2644; baseline 0.003 -10"><span class='ocrx_word' id='word_1_820' title='bbox 1062 2608 1108 2634; x_wconf 75' lang='grc' dir='ltr'><strong>καὶ</strong></span> <span class='ocrx_word' id='word_1_821' title='bbox 1139 2608 1254 2642; x_wconf 70' lang='grc' dir='ltr'><strong>συνάψαι</strong></span> <span class='ocrx_word' id='word_1_822' title='bbox 1271 2609 1306 2633; x_wconf 74' lang='grc' dir='ltr'><strong>τὰ</strong></span> <span class='ocrx_word' id='word_1_823' title='bbox 1322 2609 1376 2634; x_wconf 86' lang='grc' dir='ltr'><strong>τῶν</strong></span> <span class='ocrx_word' id='word_1_824' title='bbox 1396 2607 1475 2634; x_wconf 85' lang='grc' dir='ltr'><strong>θείων</strong></span> <span class='ocrx_word' id='word_1_825' title='bbox 1494 2608 1633 2644; x_wconf 82' lang='grc' dir='ltr'><strong>Πατέρων,</strong></span> <span class='ocrx_word' id='word_1_826' title='bbox 1647 2609 1698 2636; x_wconf 79' lang='grc' dir='ltr'><strong>κᾶν</strong></span> <span class='ocrx_word' id='word_1_827' title='bbox 1718 2610 1859 2644; x_wconf 76' lang='grc' dir='ltr'><strong>ἀμαθῶς,</strong></span> 
     </span>
    </p>
   </div>
   <div class='ocr_carea' id='block_1_112' title="bbox 1060 2653 1861 2692">
    <p class='ocr_par' dir='ltr' id='par_1_112' title="bbox 1060 2653 1861 2692">
     <span class='ocr_line' id='line_1_112' title="bbox 1060 2653 1861 2692; baseline 0.004 -13"><span class='ocrx_word' id='word_1_828' title='bbox 1060 2653 1216 2688; x_wconf 73' lang='grc' dir='ltr'><strong>διδάγματὰ</strong></span> <span class='ocrx_word' id='word_1_829' title='bbox 1234 2662 1264 2680; x_wconf 77' lang='grc' dir='ltr'><strong>τε</strong></span> <span class='ocrx_word' id='word_1_830' title='bbox 1288 2654 1335 2680; x_wconf 69' lang='grc' dir='ltr'><strong>καὶ</strong></span> <span class='ocrx_word' id='word_1_831' title='bbox 1358 2655 1590 2689; x_wconf 82' lang='grc' dir='ltr'><strong>παραγγέλματα,</strong></span> <span class='ocrx_word' id='word_1_832' title='bbox 1605 2655 1644 2686; x_wconf 85' lang='grc' dir='ltr'><strong>εἰς</strong></span> <span class='ocrx_word' id='word_1_833' title='bbox 1660 2654 1729 2690; x_wconf 78' lang='grc' dir='ltr'><strong>ὅπερ</strong></span> <span class='ocrx_word' id='word_1_834' title='bbox 1744 2657 1760 2689; x_wconf 82' lang='grc' dir='ltr'><strong>ἠ</strong></span> <span class='ocrx_word' id='word_1_835' title='bbox 1779 2659 1861 2692; x_wconf 76' lang='grc' dir='ltr'><strong>πρό-</strong></span> 
     </span>
    </p>
   </div>
   <div class='ocr_carea' id='block_1_113' title="bbox 1060 2699 1863 2738">
    <p class='ocr_par' dir='ltr' id='par_1_113' title="bbox 1060 2699 1863 2738">
     <span class='ocr_line' id='line_1_113' title="bbox 1060 2699 1863 2738; baseline 0.004 -13"><span class='ocrx_word' id='word_1_836' title='bbox 1060 2707 1135 2730; x_wconf 87' lang='grc' dir='ltr'><strong>τασις</strong></span> <span class='ocrx_word' id='word_1_837' title='bbox 1153 2699 1265 2726; x_wconf 79' lang='grc' dir='ltr'>ἐκκαλεί</span> <span class='ocrx_word' id='word_1_838' title='bbox 1281 2699 1330 2733; x_wconf 81' lang='grc' dir='ltr'><strong>τῆς</strong></span> <span class='ocrx_word' id='word_1_839' title='bbox 1345 2699 1516 2731; x_wconf 78' lang='grc' dir='ltr'><strong>ἀντιθέσεως.</strong></span> <span class='ocrx_word' id='word_1_840' title='bbox 1535 2701 1590 2727; x_wconf 80' lang='grc' dir='ltr'><strong>Καὶ</strong></span> <span class='ocrx_word' id='word_1_841' title='bbox 1607 2702 1631 2727; x_wconf 81' lang='grc' dir='ltr'><strong>εἰ</strong></span> <span class='ocrx_word' id='word_1_842' title='bbox 1651 2701 1689 2736; x_wconf 85' lang='grc' dir='ltr'><strong>μὴ</strong></span> <span class='ocrx_word' id='word_1_843' title='bbox 1710 2704 1863 2738; x_wconf 78' lang='grc' dir='ltr'><strong>παραιτή-</strong></span> 
     </span>
    </p>
   </div>
   <div class='ocr_carea' id='block_1_114' title="bbox 1062 2744 1859 2782">
    <p class='ocr_par' dir='ltr' id='par_1_114' title="bbox 1062 2744 1859 2782">
     <span class='ocr_line' id='line_1_114' title="bbox 1062 2744 1859 2782; baseline 0.006 -11"><span class='ocrx_word' id='word_1_844' title='bbox 1062 2753 1135 2771; x_wconf 87' lang='grc' dir='ltr'><strong>σοιτο</strong></span> <span class='ocrx_word' id='word_1_845' title='bbox 1159 2745 1203 2771; x_wconf 81' lang='grc' dir='ltr'><strong>διὰ</strong></span> <span class='ocrx_word' id='word_1_846' title='bbox 1220 2745 1303 2771; x_wconf 82' lang='grc' dir='ltr'><strong>κόπον</strong></span> <span class='ocrx_word' id='word_1_847' title='bbox 1323 2745 1490 2779; x_wconf 82' lang='grc' dir='ltr'><strong>ἀναγνῶναι,</strong></span> <span class='ocrx_word' id='word_1_848' title='bbox 1508 2744 1557 2772; x_wconf 71' lang='grc' dir='ltr'><strong>οἷδ’</strong></span> <span class='ocrx_word' id='word_1_849' title='bbox 1572 2747 1612 2772; x_wconf 75' lang='grc' dir='ltr'><strong>ὅτι</strong></span> <span class='ocrx_word' id='word_1_850' title='bbox 1631 2746 1859 2782; x_wconf 77' lang='grc' dir='ltr'><strong>λυσιτελήσειεν.</strong></span> 
     </span>
    </p>
   </div>
   <div class='ocr_carea' id='block_1_115' title="bbox 1062 2789 1860 2828">
    <p class='ocr_par' dir='ltr' id='par_1_115' title="bbox 1062 2789 1860 2828">
     <span class='ocr_line' id='line_1_115' title="bbox 1062 2789 1860 2828; baseline 0.005 -13"><span class='ocrx_word' id='word_1_851' title='bbox 1062 2790 1124 2816; x_wconf 89' lang='grc' dir='ltr'><strong>Ὅτι</strong></span> <span class='ocrx_word' id='word_1_852' title='bbox 1139 2789 1167 2816; x_wconf 87' lang='grc' dir='ltr'><strong>δὲ</strong></span> <span class='ocrx_word' id='word_1_853' title='bbox 1193 2790 1209 2824; x_wconf 83' lang='grc' dir='ltr'>ἡ</span> <span class='ocrx_word' id='word_1_854' title='bbox 1234 2790 1330 2825; x_wconf 73' lang='grc' dir='ltr'><strong>εἰρήνη</strong></span> <span class='ocrx_word' id='word_1_855' title='bbox 1355 2789 1424 2824; x_wconf 76' lang='grc' dir='ltr'><strong>καλὴ</strong></span> <span class='ocrx_word' id='word_1_856' title='bbox 1450 2790 1692 2825; x_wconf 76' lang='grc' dir='ltr'><strong>ὁμολογουμένως·</strong></span> <span class='ocrx_word' id='word_1_857' title='bbox 1709 2792 1782 2825; x_wconf 82' lang='grc' dir='ltr'><strong>φιλῶ</strong></span> <span class='ocrx_word' id='word_1_858' title='bbox 1795 2794 1860 2828; x_wconf 83' lang='grc' dir='ltr'><strong>γὰρ</strong></span> 
     </span>
    </p>
   </div>
   <div class='ocr_carea' id='block_1_116' title="bbox 1062 2834 1860 2874">
    <p class='ocr_par' dir='ltr' id='par_1_116' title="bbox 1062 2834 1860 2874">
     <span class='ocr_line' id='line_1_116' title="bbox 1062 2834 1860 2874; baseline 0.004 -12"><span class='ocrx_word' id='word_1_859' title='bbox 1062 2835 1157 2870; x_wconf 73' lang='grc' dir='ltr'><strong>αὐτὴν,</strong></span> <span class='ocrx_word' id='word_1_860' title='bbox 1174 2834 1225 2862; x_wconf 75' lang='grc' dir='ltr'><strong>κᾶν</strong></span> <span class='ocrx_word' id='word_1_861' title='bbox 1254 2834 1414 2871; x_wconf 80' lang='grc' dir='ltr'><strong>ἁμαρτωλός</strong></span> <span class='ocrx_word' id='word_1_862' title='bbox 1437 2835 1514 2870; x_wconf 73' lang='grc' dir='ltr'><strong>εἰμι’</strong></span> <span class='ocrx_word' id='word_1_863' title='bbox 1530 2835 1577 2862; x_wconf 81' lang='grc' dir='ltr'><strong>καὶ</strong></span> <span class='ocrx_word' id='word_1_864' title='bbox 1605 2835 1646 2862; x_wconf 80' lang='grc' dir='ltr'><strong>ὅτι</strong></span> <span class='ocrx_word' id='word_1_865' title='bbox 1670 2836 1739 2870; x_wconf 74' lang='grc' dir='ltr'><strong>πρὸς</strong></span> <span class='ocrx_word' id='word_1_866' title='bbox 1762 2838 1860 2874; x_wconf 79' lang='grc' dir='ltr'><strong>αὐτὴν</strong></span> 
     </span>
    </p>
   </div>
  </div>
