1926 3078
87 105 153 138 1οῧ5

85 164 247 192 ὰωκλιτέον
273 173 280 181 ·

84 211 182 246 φόρτου
197 212 471 249 ἀποσκευασάμενοι,
484 217 555 246 κατὰ
569 216 617 244 τὸν
634 216 706 243 θεῖον
722 216 857 251 Κύριλλον
868 223 874 230 ·

84 256 126 282 τοῦ
145 256 199 291 μὲν
222 257 306 292 ἡνίκα
330 259 362 286 τὸ
378 260 512 296 πρότερον
526 262 632 296 ὴθώουν
649 262 696 289 τὸν
714 261 876 297 μοιχοζεύκ-

83 311 141 338 την,
154 303 291 338 παρόντος
303 313 354 340 μου
365 306 433 339 ἐκεῖ,
447 308 492 333 καὶ
508 307 580 335 καθὰ
590 307 876 342 συνεϐουλευσάμεθα,

83 349 330 385 ἁποσιωπήσαντες
340 359 347 366 ·
368 352 385 387 ἡ
401 352 430 379 δὲ
456 353 545 388 σιωπὴ
564 354 648 389 μέρος
661 354 857 387 συγκαθέσεως
868 361 876 370 ⁸

82 391 114 430 ἦς
140 395 188 423 καὶ
215 395 381 432 δραξάμενοι
395 399 419 425 οἱ
443 398 473 431 ἐξ
492 399 629 431 ἐναντίας,
643 399 681 431 ὡς
704 397 793 431 οἶσθα,
809 400 877 427 ἀπο-

85 440 184 467 κλείειν
206 442 282 476 ἡμᾶς
310 443 461 479 ὲπειριῖντο
479 445 529 480 τῆς
560 445 715 476 ὲνστάσεως
727 453 733 460 ·
751 445 830 472 τοῦτο
844 445 874 472 δὲ

85 486 198 514 ἐπειδὰν
221 487 361 522 ἐκροτεῖτο
383 490 399 524 ὴ
419 489 535 525 δευτέρα
559 489 686 522 ἀθὼωσις
702 490 785 518 αὐτοῦ
801 490 880 526 παρὰ

85 531 137 557 τῶν
167 533 350 566 πατησάντων
370 534 434 566 τοὺς
465 535 567 570 νόμους
580 535 627 562 τοῦ
643 535 723 568 Θεοῦ,
744 535 880 570 λεγόντων

86 577 180 610 ἡμῶν·
202 577 244 604 ὅτι
276 579 367 613 στήτω
394 579 473 614 μόνον
490 581 538 615 τῆς
562 581 719 616 ἱερουργίας
736 581 881 609 ἀπολαύων

85 623 133 657 τῆς
163 625 259 658 τιμῆς,
276 625 349 651 κατὰ
363 625 409 651 τὸν
425 626 529 653 κανόνα
547 627 595 653 τοῦ
616 627 696 660 ἁγίου
714 627 855 655 Βασιλείου
871 636 879 643 ο

86 670 136 705 ἤδη
167 670 463 707 συλλειτουργήσαντος
491 673 574 699 αὑτοῦ
597 675 625 700 ὲν
644 675 701 705 τοῖς
717 673 792 701 δυσὶν
809 674 881 701 ἔτεσι

84 714 123 749 τῷ
139 716 299 753 πατριάρχῃ
312 723 319 730 ·
337 715 352 743 ὃ
365 713 400 752 ἦν
417 716 544 752 φοϐερὸν,
563 718 610 744 καὶ
626 718 698 754 ὑπὲρ
712 719 880 754 οἰκονομίαν.

90 759 143 786 Ἐὦ
172 759 264 795 λέγειν
290 761 340 793 τὰς
378 761 614 797 ψευδοπροφάσεις
639 763 689 799 τῆς
715 764 763 790 ἀπ’
794 764 878 791 αὐτοῦ

86 806 198 841 φυγῆς,
212 807 261 834 καὶ
286 807 328 839 τὸ,
344 807 382 839 ὡς
402 808 479 843 παρὰ
494 808 681 844 πρεσϐυτέρου
697 809 747 842 τὰς
766 810 882 845 εὐλογή-

704 113 975 145 EPISTOLARUM
994 115 1069 146 LIB.
1086 115 1109 145 Ι.

303 167 355 199 ἕως
387 168 453 204 ἐξῆν
482 169 686 206 πεπράχαμεν·
714 170 800 197 πολλὰ
829 169 878 197 τοῦ

937 171 1041 206 ιιιίιιοιιι
1057 171 1169 206 quando
1187 171 1304 207 primum
1324 172 1449 200 adulterii
1469 174 1654 208 i-opulatorem
1675 177 1725 205 ah-

1657 118 1726 157 1066

928 215 1082 244 solvebant.
1098 223 1162 243 cum
1185 216 1222 243 ibi
1235 223 1336 248 essem,
1354 220 1383 244 et
1397 220 1472 244 certo
1487 217 1602 245 consilio
1622 222 1727 247 tacere-

929 269 1008 295 mus;
1037 261 1177 289 silentium
1198 265 1290 289 autem
1310 269 1372 296 pars
1391 265 1432 289 est
1451 269 1603 290 consensus
1624 271 1631 290 :
1654 266 1728 299 quod

928 306 1092 342 arripientes
1106 315 1214 343 quoque
1236 307 1401 340 adversarii,
1430 312 1462 335 ut
1486 308 1568 342 nosti,
1594 309 1728 338 interclu-

929 353 995 380 dere
1009 353 1088 381 nobis
1105 353 1308 381 dimicationem
1322 353 1414 381 conati
1430 357 1510 381 sunt:
1524 355 1625 389 partim
1644 356 1727 384 etiam

930 408 985 435 quo
1014 404 1137 435 tempore
1167 399 1251 427 altera
1281 399 1341 435 ejus
1365 399 1500 427 absolutio
1525 407 1540 427 a
1567 400 1655 436 legum
1679 402 1726 430 Dei

930 444 1169 478 conculcatoribus
1199 445 1401 478 celebrabatur,
1438 444 1593 472 dicentibus
1621 447 1726 474 nobis:

930 490 1073 517 Abstineat
1088 494 1132 517 tan
1137 490 1298 517 tumniodoa
1308 490 1452 522 sacriﬁcio,
1465 492 1572 520 retenta
1581 491 1726 527 dignitate.

930 536 1007 571 iusta
1022 544 1155 564 canonem
1170 537 1258 564 sancti
1282 536 1372 564 Basilii
1385 537 1418 565 δ’.
1443 537 1512 566 Cum
1547 538 1592 566 ille
1617 538 1728 566 biennio

929 581 986 616 jam
1011 589 1064 608 una
1082 589 1143 609 cum
1164 581 1317 616 patriarcha
1338 582 1539 616 ministrasset;
1558 582 1631 618 quod
1648 588 1723 610 certe

932 627 1104 655 formidabile
1120 632 1199 659 erat,
1229 632 1258 655 et
1275 635 1357 663 supra
1375 629 1621 664 dispensationem.
1652 628 1728 656 Mitto

932 673 1023 701 dicere
1055 673 1139 701 falsos
1173 678 1321 708 pmtextus
1341 682 1391 701 cur
1414 683 1478 702 cuin
1505 674 1681 710 fugeremus,
1700 679 1728 701 et

932 718 1003 753 quod
1019 723 1146 753 tanquam
1162 719 1311 754 presbyteri
1334 720 1572 748 benedictionibus
1588 721 1615 747 in
1630 720 1726 747 convi-

933 765 985 793 viis
996 764 1279 798 communicaremus;
1307 769 1335 792 et
1352 765 1513 800 patriarcha:
1528 773 1726 793 commemora-

934 811 1048 838 tionem.
1079 811 1208 838 Attamen
1221 811 1345 846 quamvis
1372 812 1441 838 adeo
1457 819 1508 839 nos
1524 819 1572 846 per
1585 811 1727 846 dispensa-

87 860 146 883 σεις
169 852 199 879 ὲν
212 854 273 885 ταῖς
287 853 427 880 ἑστιάσεσι
449 855 601 888 κοινωνεῖν,
615 856 667 891 τήν
691 865 721 883 τε
741 856 880 892 ἀναφορὰν

937 858 1037 886 tionem
1065 857 1284 890 demittet-emus,
1312 857 1349 884 illi
1381 862 1478 885 contra
1504 857 1654 893 pertinacia
1679 864 1728 885 sua

83 898 132 927 τοῦ
147 898 332 934 πατριάρχου.
355 899 426 926 Ἀλλ’
443 900 518 935 ὅμως
533 900 557 926 ει
571 901 618 929 καὶ
630 902 710 936 ἡμεῖς
723 902 756 929 δι’
773 902 880 929 οἰκονο-

937 901 962 930 in
979 905 1092 936 peccato
1107 901 1307 931 eﬂerebantur:
1324 902 1380 930 Deo
1395 903 1493 930 melius
1506 902 1636 937 quiddam
1665 910 1729 937 pro-

83 943 152 978 μίαν
173 944 302 973 τοσοῦτον
324 945 512 981 κατηγόμεοα.
530 947 644 974 Ἐκεῖνοι
664 947 823 977 τούναντίον
845 950 880 984 τῇ

937 947 1054 979 videnle,
1073 952 1103 976 ut
1118 954 1169 975 nec
1185 954 1235 975 nos
1244 947 1360 976 humiles
1371 949 1448 983 prius
1458 949 1584 976 exsilium
1598 953 1723 977 nostrum

83 990 252 1027 σκληρότητι
277 991 475 1028 συνεπαίροντο
493 993 527 1028 τῇ
562 993 687 1029 ἁμαρτίᾳ
702 1001 709 1008 ·
725 993 774 1021 τοῦ
808 993 877 1021 Θεοῦ

937 993 1016 1023 inane
1028 993 1215 1029 redderemus.
1231 1000 1282 1021 nec
1306 993 1448 1021 inductum
1463 994 1491 1021 in
1504 994 1600 1022 orbein
1614 995 1724 1026 adulte-

81 1036 210 1071 κρεῖττόν
226 1045 252 1063 τι
265 1037 507 1073 προελεψαμένου,
524 1039 568 1066 ἵνα
586 1038 636 1066 καὶ
649 1039 732 1074 ἡμεῖς
746 1039 771 1068 οἱ
786 1048 880 1067 ταπει-

937 1038 1005 1066 riuni
1020 1038 1103 1066 nimia
1120 1038 1235 1066 forsitan
1255 1046 1320 1074 erga
1333 1039 1393 1074 ejus
1410 1039 1600 1074 eopulatorem
1614 1039 1728 1075 dispen-

81 1082 124 1109 sat
153 1082 193 1118 μὴ
216 1082 349 1117 ἀνόνητον
363 1083 412 1118 τὴν
428 1083 542 1119 πρώτην
559 1083 670 1120 ὲξορίαν
693 1085 854 1121 ὑποίσωμεν
873 1094 880 1101 ·

937 1084 1038 1113 tatione
1052 1084 1237 1117 minueretur,

86 1127 160 1162 μηδὲ
177 1129 194 1162 ή
206 1127 377 1164 τολμηθεῖσα
397 1128 445 1155 ἐπὶ
474 1129 524 1156 τοῦ
558 1130 664 1166 κόσμου
685 1131 796 1166 μοιχεία
813 1131 853 1164 ὡς
883 1130 965 1166 ἔτυχε
980 1130 1024 1158 διὰ
1046 1130 1098 1165 τῆς
1112 1129 1159 1157 τοῦ
1176 1129 1344 1164 συνάψαντος
1357 1129 1442 1166 αὐτὴν
1459 1130 1659 1166 περισσοτέρας
1688 1131 1730 1157 ol-

83 1173 220 1208 mvopia;
233 1174 476 1210 κατασμικρυνθῇ.

119 1219 204 1245 Ὥστε
217 1218 314 1254 καιρὸς
323 1219 386 1254 ἄρτι
400 1220 488 1248 ἐκεῖνο
498 1220 584 1256 ἡμᾶς,
593 1221 770 1257 ὴγαπημένε,
780 1221 880 1257 λέγειν·

969 1220 1061 1254 Quare
1088 1225 1162 1246 nunc
1188 1221 1298 1254 tempus
1323 1223 1376 1252 est,
1405 1218 1567 1250 cbarissime
1606 1223 1637 1246 ut
1663 1218 1729 1248 illud

79 1266 158 1297 Ἕως
187 1265 256 1292 πότε
285 1265 577 1301 οίκονομήσεις,και·
602 1267 791 1303 Οινοδομῆσαι
815 1276 880 1295 ποτε

937 1271 1097 1300 usurpeinus
1120 1272 1127 1291 :
1146 1263 1296 1299 Quousque
1330 1263 1443 1292 tandem
1476 1263 1670 1299 dispensabis?
1689 1270 1728 1298 et,

79 1309 290 1346 προθυμήθητι.
311 1311 366 1338 Καὶ
380 1310 452 1337 κατὰ
468 1310 513 1338 τὸν
530 1311 603 1339 θετον
624 1311 786 1346 Βασίλειον,
799 1313 880 1348 ὰκρι-

937 1311 1082 1340 Editicare
1093 1309 1241 1344 aliquando
1253 1309 1354 1345 incipe.
1369 1310 1413 1343 Et,
1421 1310 1499 1345 juxta
1509 1309 1635 1339 divinum
1651 1309 1730 1338 Basi-

79 1356 148 1392 6είᾳ
181 1356 305 1384 κανόνων
336 1357 411 1392 ἡμᾶς
438 1356 588 1385 δουλεύειν.
606 1357 701 1384 ’Δλλοι
724 1358 780 1393 γὰρ
808 1358 880 1392 λόγοι

937 1357 1012 1390 lium,
1041 1356 1177 1384 accuratae
1203 1362 1342 1382 canonum
1357 1354 1545 1383 observationi
1562 1354 1730 1388 serviamus;

81 1401 140 1437 πρὸ
156 1401 288 1436 πολέμου.
306 1402 354 1428 καὶ
367 1402 445 1429 ἄλλοι
462 1402 532 1437 μετὰ
544 1403 666 1437 πόλεμον
681 1411 689 1418 ’
708 1403 738 1430 ἐν
753 1403 880 1438 ὑπομονῇ

937 1403 980 1434 alii
1004 1403 1078 1431 enim
1095 1410 1239 1431 sermones
1263 1406 1327 1430 ante
1339 1401 1452 1432 bellum.
1472 1405 1502 1428 et
1525 1400 1572 1428 alii
1598 1405 1660 1436 post
1674 1400 1732 1428 bel-

78 1457 114 1474 τε
129 1447 270 1481 διεξάγειν
281 1448 330 1480 τὰς
346 1448 454 1485 ἡμέρας
464 1448 554 1484 ἡμῶν,
569 1448 662 1481 καθὼς
671 1449 880 1485 νενουθέτηκας.

937 1450 1006 1477 lum:
1024 1455 1105 1485 atque
1128 1454 1158 1477 ut
1189 1448 1361 1485 inpatientia
1377 1447 1437 1475 dies
1458 1451 1568 1475 nostros
1587 1446 1731 1477 ducamus,

80 1495 133 1522 καὶ
164 1494 293 1530 εὔχεσθαι
317 1495 387 1529 ὑπὲρ
409 1495 465 1522 τῶν
487 1495 653 1528 διωξάντων.
674 1496 829 1522 Ἀσπασταὶ
853 1495 880 1522 δὲ

937 1496 1004 1523 sicut
1026 1495 1204 1526 admonuisti.
1239 1499 1268 1522 et
1289 1501 1401 1521 oremus
1423 1501 1473 1528 pro
1494 1492 1730 1528 persecutoribus.

83 1541 132 1575 μοὶ
150 1540 200 1567 καὶ
214 1541 438 1575 ὁμογνωμονικαὶ
451 1541 480 1567 αἱ
504 1542 579 1576 τρεῖς
595 1550 642 1568 σου
656 1541 748 1577 τίμιαι
764 1541 808 1577 [In
824 1549 877 1569 ms.

82 1585 267 1622 Reg.sipts.]
282 1586 394 1622 ρήσεις’
410 1587 428 1622 ἦ
451 1595 481 1613 τε
506 1587 554 1613 τοῦ
583 1587 617 1614 δι’
644 1588 705 1619 ἐνὸς
734 1587 882 1623 ἀνθρώπου

81 1633 249 1659 ὑπόπτωσιν
265 1632 303 1668 μὴ
319 1632 422 1668 σχίζειν
437 1633 486 1664 τὰς
495 1633 670 1668 Ἑκκλησίας,
684 1634 722 1661 ’Ἡ
736 1642 766 1660 τε
781 1635 828 1661 τοῦ
846 1634 883 1669 μὴ

85 1680 286 1713 συγκοινωνεῖν
307 1680 339 1714 τῇ
355 1679 430 1706 λύσει
451 1679 499 1706 τοῦ
516 1680 640 1706 τοιούτου
653 1688 660 1695 ·
675 1680 723 1707 καὶ
738 1681 754 1715 ἠ
770 1681 802 1707 ὲκ
818 1689 885 1707 παν-

83 1724 132 1756 τδις
147 1724 315 1758 Μιαόλὴτου
334 1724 430 1759 ἱερέως
443 1725 666 1760 μεταλαμϐάνειν
683 1733 690 1740 °
705 1725 792 1758 οὕτως
806 1725 885 1761 ἐχού-

86 1778 139 1805 σης
170 1770 282 1801 πάντως
310 1771 359 1805 τῆς
387 1770 520 1802 διανοίας.
539 1771 594 1798 Καὶ
617 1771 755 1806 σύγγνωθί
784 1780 846 1807 μοι,
863 1769 885 1799 ὦ

84 1815 199 1849 ἀδελφὲ,
216 1815 248 1841 οὐ
262 1815 442 1848 διδακτικῶς,
461 1816 530 1843 ἀλλὰ
547 1817 616 1852 πρὸς
632 1817 663 1844 τὸ
684 1819 761 1853 κοινῇ
783 1818 886 1853 συμφέ-

86 1871 136 1897 ρον
156 1861 349 1898 ὃιατρανοῦντι
368 1863 414 1889 σὺν
427 1862 518 1899 λόγον.
536 1863 616 1890 Κατὰ
641 1863 691 1899 τὴν
707 1864 819 1900 πρώτην
830 1884 838 1896 ,
855 1865 886 1891 οὑ

84 1908 122 1934 δι’
137 1908 188 1935 ἕνα
216 1908 361 1943 ἄνθρωπον
380 1908 566 1944 ἀποσχίζομεν
587 1909 637 1944 τῆς
653 1909 818 1944 Ἐκκλησίας
837 1911 886 1943 τῆς

85 1954 144 1980 ἀπὸ
173 1953 268 1989 Eappa.
290 1954 338 1980 καὶ
353 1953 464 1990 δυσμῶν
480 1954 527 1982 καὶ
543 1955 682 1989 θαλάσσης
695 1963 702 1971 ο
729 1955 778 1983 καὶ
796 1956 887 1991 μέντοι

84 2001 136 2027 καὶ
158 2000 212 2035 τῆς
234 1999 371 2031 ἐνταῦθα,
393 2000 515 2035 δηλονῆτι
539 2001 610 2037 πλὴν
634 2001 690 2028 τῶν
714 2010 888 2037 μοιχοκυρω-

85 2046 154 2073 τῶν.
173 2046 212 2072 Οὐ
241 2046 297 2081 γὰρ
320 2044 394 2072 οὗτοι
417 2046 566 2081 Ἐκκλησία
589 2047 704 2082 Κυρίου.
726 2047 758 2073 Et
774 2046 802 2073 δὲ
826 2047 886 2073 Ἐκ-

86 2091 204 2126 κλησία,
218 2090 408 2126 άποσχξζομεν
421 2091 471 2126 τῆς
489 2091 653 2127 Ἐκκλησίας
661 2091 694 2119 δι’
711 2092 759 2118 ἕνα
780 2091 887 2127 ἄνθρω-

933 1541 1138 1576 Amplectenda:
1161 1545 1253 1567 autem
1267 1539 1334 1567 mihi
1353 1543 1419 1566 sunt
1444 1543 1473 1566 et
1506 1538 1658 1566 retinendae
1673 1542 1729 1564 tres

934 1588 1049 1623 egregiae
1066 1587 1210 1614 sententiae
1225 1592 1278 1614 tute
1290 1595 1296 1613 ε
1310 1585 1350 1613 Ne
1374 1589 1484 1620 propter
1500 1584 1582 1612 unius
1613 1583 1732 1611 hominis

934 1635 1040 1669 lapsum
1059 1633 1216 1661 dividantur
1246 1631 1391 1664 Ecclesiae;
1420 1639 1454 1658 ne
1476 1630 1547 1657 illius
1567 1629 1731 1657 absolutioni

935 1679 1186 1712 communicemus;
1205 1682 1232 1705 et
1247 1682 1277 1705 ut
1295 1678 1330 1705 ab
1346 1677 1420 1705 omni
1437 1676 1578 1717 inculpata
1601 1675 1732 1702 sacerdo-

937 1731 963 1754 te
981 1725 1229 1761 participemus.ls
1242 1724 1315 1752 enim
1345 1723 1459 1751 omnino
1485 1727 1526 1750 est
1563 1729 1672 1750 sensus.
1698 1721 1732 1748 Et

937 1772 1047 1807 ignosce
1075 1771 1154 1803 mihi,
1169 1771 1262 1802 frater,
1281 1777 1335 1797 non
1348 1769 1463 1797 docendi
1484 1768 1585 1799 studio,
1597 1767 1645 1795 sed
1658 1774 1733 1794 com-

937 1817 1030 1844 munis
1044 1816 1170 1845 utilitatis
1185 1823 1266 1844 causa
1288 1822 1346 1842 rem
1374 1815 1461 1843 fusius
1476 1814 1634 1850 explicaiiti.
1654 1812 1732 1848 Quod

937 1863 970 1891 ad
991 1863 1105 1898 primam
1127 1861 1235 1894 attinet,
1268 1861 1340 1890 haud
1360 1867 1427 1888 sane
1450 1865 1563 1897 propter
1579 1869 1664 1889 unum
1681 1861 1732 1889 ho-

939 1909 1042 1936 minem
1061 1907 1257 1936 discessionem
1282 1906 1397 1934 facimus
1425 1906 1459 1934 ab
1477 1906 1599 1934 Ecclesia
1618 1915 1679 1942 quae
1700 1907 1732 1934 ad

938 1954 1115 1989 Aquilonem,
1154 1958 1182 1982 et
1207 1961 1268 1988 quae
1297 1953 1332 1980 ad
1354 1952 1544 1986 Occidentem,
1572 1958 1601 1981 et
1619 1954 1733 1989 quaead

939 2008 1031 2028 mare:
1053 2000 1101 2028 sed
1128 2007 1217 2035 neque
1228 1999 1263 2027 ab
1278 2007 1308 2027 ea
1329 2007 1390 2035 qua:
1407 1999 1434 2027 in
1456 1999 1498 2027 his
1511 2000 1579 2028 locis
1589 2004 1646 2032 est;
1663 2008 1733 2036 pra:-

939 2051 1062 2081 terquam
1094 2046 1128 2073 ab
1148 2046 1192 2073 his
1219 2046 1263 2081 qui
1295 2046 1459 2074 adulterium
1483 2046 1656 2074 confirmant.
1674 2046 1733 2074 Non

940 2093 1011 2120 enim
1027 2093 1063 2120 illi
1077 2097 1142 2120 sunt
1159 2092 1278 2120 Ecclesia
1303 2092 1412 2120 Domini
1430 2100 1437 2125 ;
1455 2093 1529 2127 quod
1554 2093 1577 2120 si
1600 2093 1732 2124 Ecclesia.

86 2148 141 2166 πον
160 2138 337 2173 συνημμένον
352 2138 433 2174 αὐτῇ,
451 2138 524 2173 λέγω
539 2139 567 2165 δὲ
582 2139 629 2166 τὸν
641 2137 841 2175 μοιχοξεύκτην
852 2139 880 2174 μὶ

942 2138 1097 2166 recedimus
1108 2138 1202 2173 utique
1220 2138 1254 2166 ab
1274 2137 1394 2166 Ecclesia
1412 2142 1524 2173 propter
1540 2147 1625 2166 uitulini
1646 2139 1735 2166 homi-

88 2184 284 2220 προσιέμενοι.
303 2183 413 2219 Ἐπειδὴ
437 2184 466 2210 δὲ
481 2185 532 2211 οὐκ
553 2184 703 2220 Ἐκκλησία
718 2184 798 2217 Θεοῦ,
820 2185 889 2212 άπο·

88 2231 233 2266 σχίζουσιν
247 2230 325 2257 αὐτοὶ
339 2230 376 2262 ὡς
388 2229 508 2266 άληθῶς,
520 2230 553 2257 δι’
564 2231 613 2257 ἕνα
628 2230 772 2266 ἄνθρωπον
786 2239 890 2265 συνημο

88 2278 176 2312 μένον
206 2277 311 2308 αὐτοῖς,
336 2277 369 2312 τῇ
403 2276 558 2312 Ἐκκλησία
582 2276 630 2303 τοῦ
662 2276 744 2303 Θεοῦ·
773 2277 890 2308 ἐκείνοις

88 2322 275 2358 παρεοικὸτες
298 2323 354 2354 τοῖς
381 2323 410 2349 ἐν
439 2321 479 2357 τῷ
510 2322 690 2358 χρονογρὰφῳ
726 2322 888 2357 κειμένοις·

87 2369 174 2404 ἡμῶν
192 2368 235 2405 μὴ
250 2367 420 2404 σχιζομένων
441 2369 526 2404 αὐτῆς
539 2368 582 2396 διὰ
598 2369 644 2396 τὸν
659 2369 792 2395 τοιοῦτον.
811 2369 890 2396 Κατὰ

87 2416 141 2450 τὴν
158 2414 292 2450 δευτέραν
306 2415 335 2441 οὺ
348 2414 532 2449 κοινωνοῦμεν
545 2416 578 2450 τῇ
593 2414 671 2441 λύσει
687 2414 782 2448 αὐτοῦ,
797 2415 891 2449 δηλον-

89 2462 133 2488 ότι
157 2461 198 2496 μὴ
218 2460 413 2492 κοινωνοῦντες
427 2461 485 2492 τοῖς
504 2460 646 2496 προδήλως
663 2461 779 2488 λύσασιν
796 2461 887 2487 αὐτόν.

91 2506 124 2533 Ei
138 2507 170 2533 δὲ
184 2505 302 2538 ἐκείνοις
312 2505 507 2541 κοινωνοῦμεν,
517 2505 757 2542 συγκοινωνοῦμεν
769 2508 802 2542 τῇ
812 2506 889 2533 λύσει

90 2554 191 2580 αὑτοῦ.
212 2553 284 2579 Ἀλλ’
304 2553 366 2580 ἐπεὶ
379 2553 495 2584 ἐκείνοις
509 2553 671 2588 Θεοπρεπῶς
687 2554 717 2580 οὐ
734 2563 888 2588 συγκοινω-

91 2600 198 2635 νοῦμεν
228 2598 353 2630 λύσασιν,
369 2599 497 2633 ἀσφαλῶς
516 2599 571 2635 ἄρα
596 2600 626 2625 οὺ
651 2600 890 2634 συγκοινωνοῦμεν

92 2648 125 2681 τῇ
143 2645 226 2672 λύσει
240 2644 334 2671 αὑτοῦ.
351 2645 430 2672 Κατὰ
441 2645 491 2680 τὴν
505 2646 600 2681 τρίτην
613 2653 620 2660 ·
636 2646 667 2671 ἐκ
685 2645 786 2677 παντὸς
796 2646 891 2681 ἱερέως

92 2691 264 2726 ἀδιαόλήτου
291 2690 545 2726 μεταλαμῦάνομεν.
563 2691 612 2717 Διὰ
635 2691 715 2718 τοῦτο
736 2692 764 2718 δὲ
790 2694 821 2719 ὲκ
843 2692 891 2719 τοῦ

98 2738 205 2773 Ἰωσὴφ
237 2738 267 2763 οὐ
299 2737 569 2773 μεταλαμϐάνομεν.
593 2738 631 2770 ὡς
671 2739 890 2774 δια6ε6>ημένου

92 2783 179 2810 abst/3
205 2782 343 2818 δημοσίῳ
359 2782 566 2818 διασεὸλημένοι
597 2783 619 2808 δ’
636 2783 669 2810 ἂν
693 2781 750 2810 εἶεν
780 2784 889 2816 πάντως

131 2842 154 2857 ⁸⁸
176 2841 217 2868 Ad
234 2839 458 2872 Amphilochium,
479 2848 540 2871 can,
560 2840 603 2866 70.

243 2888 379 2918 Panos.
398 2887 456 2918 Gn.
488 2889 602 2919 XCIX.

943 2192 1006 2211 nem
1020 2192 1082 2212 cum
1100 2191 1130 2211 ea
1144 2184 1311 2220 colligatum,
1333 2184 1449 2212 adulteri
1473 2184 1577 2212 scilicet
1596 2185 1735 2219 copulato—

945 2239 1002 2259 rem
1020 2239 1075 2258 non
1103 2231 1289 2259 admittentes.
1314 2230 1370 2261 Sed
1392 2231 1520 2266 quoniam
1539 2231 1657 2259 Ecclesia
1688 2231 1734 2259 Dei

944 2285 999 2305 non
1015 2282 1090 2310 sunt,
1114 2281 1277 2313 separantur
1303 2276 1355 2312 ipsi
1388 2285 1494 2310 revera,
1513 2282 1625 2313 propter
1650 2285 1734 2305 unum

945 2323 1083 2351 hominem
1099 2323 1164 2358 ipsis
1179 2323 1377 2355 consociatum,
1399 2323 1435 2351 ab
1450 2323 1572 2351 Ecclesia
1606 2322 1652 2350 Dei
1665 2329 1676 2349 ἐ
1698 2323 1735 2350 si-

942 2370 1022 2398 miles
1036 2377 1131 2398 eorum
1145 2369 1180 2397 dc
1205 2369 1305 2404 quibus
1327 2369 1398 2404 apud
1412 2369 1655 2404 chronographum
1680 2369 1722 2404 agi

942 2419 1004 2442 tur:
1022 2415 1101 2442 nobis
1113 2415 1146 2442 ab
1159 2422 1191 2442 ea
1211 2418 1322 2449 propter
1341 2413 1416 2441 illum
1446 2414 1560 2441 minimc
1581 2414 1734 2442 secedenti-

941 2460 1002 2488 bus.
1030 2459 1108 2493 Quod
1124 2459 1157 2487 ad
1173 2460 1333 2493 secundam,
1354 2467 1410 2488 non
1422 2460 1656 2488 communicamus
1678 2461 1736 2495 ejus

943 2505 1119 2538 absolutioni,
1131 2506 1265 2540 siquidem
1291 2513 1346 2533 non
1372 2506 1607 2534 communicamus
1626 2515 1687 2534 cum
1706 2508 1736 2534 iis

943 2553 990 2588 qui
1003 2560 1066 2580 eum
1088 2552 1234 2580 manifeste
1254 2552 1442 2581 absolverunt.
1462 2552 1541 2585 Quod
1556 2552 1579 2579 si
1595 2552 1638 2580 his
1660 2560 1721 2580 com

945 2599 1138 2632 municemus;
1163 2603 1191 2626 et
1210 2599 1284 2626 illius
1311 2606 1381 2630 sane.
1398 2598 1563 2626 absolutioni
1583 2599 1722 2626 communi

945 2650 1050 2670 camus.
1073 2642 1126 2669 Sed
1146 2642 1367 2678 quandoquidem
1383 2650 1446 2670 cum
1475 2642 1510 2670 iis
1544 2642 1590 2678 qui
1610 2643 1722 2670 absolve

947 2692 1011 2715 runt
1024 2688 1226 2715 communicare
1252 2689 1437 2716 detrectamus
1450 2689 1521 2716 sicut
1539 2688 1611 2716 Deus
1641 2689 1735 2723 exigit,

947 2737 1026 2771 plane
1047 2736 1129 2772 igitur
1149 2743 1204 2763 non
1221 2736 1455 2763 communicamus
1475 2736 1534 2771 ejus
1561 2735 1736 2763 absolutioni.

944 2782 1022 2816 Quod
1049 2782 1082 2809 ad
1110 2782 1237 2815 tertiam;
1269 2782 1303 2810 ab
1326 2782 1402 2809 omni
1427 2782 1571 2810 sacerdote
1600 2781 1739 2816 inculpata

1540 2887 1578 2917 3h
