1926 3078
220 79 289 127 me"!

811 82 842 113 S.
861 81 1058 112 TllEODORI
1075 81 1249 112 STUDITIE

1781 81 1847 115 1068

219 134 424 170 participamus.
453 133 603 170 Propterea
634 141 725 163 autem
749 136 784 163 ab
816 135 938 171 Josepho
959 143 1014 163 non

1070 135 1114 162 καὶ
1129 135 1155 163 ot
1172 136 1262 171 τούτῳ
1276 135 1553 172 συλλειτουργοῦντες
1572 136 1722 173 καθημένῳ
1750 137 1815 165 ὄντι.
1830 139 1858 166 Ei

221 181 428 216 partieipamus,
448 180 521 214 quod
538 181 648 216 publice
668 181 752 209 fuerit
771 185 894 209 notatus.
924 177 1015 208 Notati

219 235 285 264 ergo
300 231 327 255 et
346 227 385 255 illi
403 234 518 262 prorsus
530 227 577 262 qui
606 235 669 255 eum
697 235 732 255 eo
758 227 933 260 ministrant;
954 234 1016 254 cum

218 273 361 308 depositus
376 272 471 300 fuerit.
491 272 569 306 Quod
591 273 614 302 si
638 273 673 301 ab
684 273 728 301 his
738 273 935 308 partieipemus
954 276 1016 300 tau-

217 326 299 354 quam
311 319 346 346 ab
357 318 514 353 incnlpatis,
543 318 699 353 inculpatus
721 318 776 346 erit
813 323 840 346 et
867 318 1016 354 Josephus,

218 365 264 400 qui
284 372 347 393 cum
361 364 401 392 eis
427 364 576 392 sacriﬁcat.
602 364 738 398 Quoniam
754 368 846 392 autem
873 364 897 392 is
921 372 1017 393 revera

219 416 330 439 notatus
344 411 405 443 fuit,
419 416 447 439 et
462 411 496 439 ab
522 419 556 439 eo
576 419 632 438 non
652 411 866 446 participamus;
893 411 1017 446 profecto

218 465 271 484 nec
289 456 323 484 ab
347 456 381 484 iis
403 456 450 491 qui
468 464 532 484 eum
547 464 581 484 eo
595 456 771 489 ministrant;
785 463 847 483 cum
863 456 922 491 pari
936 457 1017 484 modo

219 504 304 531 notati
320 503 386 531 sint.
404 503 572 530 Confirmata
584 508 626 530 est
639 503 720 538 igitur
737 502 876 530 sententia
889 503 1018 531 sanctita-

221 549 256 577 tis
276 554 340 582 tuae,
365 553 448 584 atque
476 549 514 576 ita
540 548 742 576 consentimus.
769 548 810 575 Ae
834 548 939 575 utinam
968 556 1017 584 per

220 596 324 622 hancce
333 595 467 622 sinceram
481 594 524 621 hic
536 593 712 621 concordiam
724 598 858 625 nostram,
875 594 903 621 in
922 593 1016 622 futuro

221 642 322 669 saeculo
337 648 478 675 nunquam
503 640 676 673 divellamur,
694 640 731 667 mi
744 640 829 667 frater
844 640 1015 674 charissime,

221 694 250 716 ut
274 689 348 724 digni
359 689 445 716 simus
458 692 547 716 etnos
570 688 690 715 humiles
702 688 813 722 aliquod
836 687 947 715 Patrum
965 695 1016 716 no-

219 739 341 762 strorum
355 734 465 761 virtutis
491 733 638 768 vestigium
659 732 823 760 consectari.
850 733 889 760 De
907 732 1017 761 civitate

219 785 312 808 autent
342 784 386 807 tua
409 780 564 807 columnam
595 779 743 807 accendisti
772 779 904 814 pietatis,
932 787 1015 815 quant

1066 181 1096 208 δὲ
1120 182 1154 209 ὲκ
1172 182 1227 209 τῶν
1246 182 1378 209 τοιούτων
1394 182 1652 219 μεταλαμϐάνομεν,
1667 183 1706 216 ὡς
1727 184 1757 217 ἐξ
1784 185 1860 212 ἀδια-

1066 227 1173 264 ϐλήτων
1187 249 1194 262 ,
1209 228 1372 263 ἀδιάϐλητος
1393 229 1428 256 ἂν
1452 230 1494 265 είη
1520 231 1568 256 καὶ
1587 230 1602 256 ὁ
1624 230 1725 267 Ἰωσὴφ
1758 231 1860 258 συλλει-

1067 273 1191 309 τουργῶν
1205 274 1309 306 αὐτοῖς.
1327 274 1405 302 Ἐπεὶ
1418 275 1446 302 δὲ
1459 275 1674 311 διαϐεϐλημένος
1688 276 1726 308 ὡς
1739 276 1858 313 ἀληθῶς,

1069 320 1116 346 καὶ
1142 320 1209 356 παρ’
1225 320 1309 347 αὑτοῦ
1324 322 1355 348 οὐ
1372 321 1631 357 μεταλαμϐάνομεν,
1651 321 1774 358 δηλονότι
1800 323 1860 350 οὐδὲ

1067 367 1101 393 ὲκ
1112 366 1169 393 τῶν
1189 367 1457 402 συνιερουργοῠντων
1465 367 1550 402 αὐτῷ,
1560 368 1694 401 ὡσαύτως
1708 368 1793 396 ὄντων
1803 370 1860 397 δια-

1068 412 1254 448 ϐεϐλημένων.
1270 413 1408 449 Ἐρρωται
1421 414 1512 441 τοίνυν
1522 414 1537 440 ό
1549 414 1630 449 λόγος
1642 415 1692 450 τῆς
1707 415 1861 451 ἁγιωσύνης

1068 466 1116 485 σου
1130 466 1137 473 '
1155 458 1204 485 καὶ
1226 458 1313 490 οὓτως
1333 459 1556 494 συμφρονοῦμεν.
1568 459 1627 486 ΚαὶΔ
1644 459 1715 487 ἔστω
1742 461 1810 496 ἡμῖν
1830 461 1860 488 τὺ

1066 504 1257 532 ἀδιάσπαστον
1267 505 1313 532 διὰ
1326 505 1376 540 τῆς
1394 505 1513 532 ἐνταῦθα
1527 505 1645 542 ἀληθοῦς
1658 508 1821 542 συμφωνίας
1832 508 1862 535 ὲν

1066 548 1105 584 τῷ
1139 549 1265 585 μέλλοντι
1289 550 1379 582 αίῶνι,
1407 550 1520 586 φίλτατε
1543 559 1596 585 μου
1624 551 1742 587 ἀδελφὲ,
1756 553 1795 585 ὡς
1828 553 1862 580 ἃν

1068 594 1199 630 ἀξιωθείη
1205 603 1255 630 μεν
1273 596 1321 622 καὶ
1332 596 1412 631 ἡμεῖς
1435 597 1460 623 οι
1476 597 1601 623 ταπεινοὶ
1614 597 1822 632 ἀπενέγκασθαι
1835 607 1861 626 τι

1067 641 1139 676 ίχνος
1153 641 1366 677 κατορθώματος
1377 643 1434 674 τοῖς
1445 643 1586 678 Πατράσιν
1605 643 1684 678 ἡμῶν
1707 644 1862 672 ἀκόλουθον,

1067 686 1136 721 Περὶ
1158 686 1186 712 δὲ
1208 688 1258 722 τῆς
1281 687 1388 719 πόλεώς
1402 695 1450 714 σου
1473 687 1568 714 στύλον
1584 688 1693 724 ἀνῆψας
1708 689 1861 723 εὐσεϐείας,

1066 732 1097 758 οὐ
1114 731 1296 768 σϐεννύμενον
1311 733 1389 768 παρὰ
1405 732 1552 768 ἀνθρώπου
1565 734 1619 766 ἕως
1638 735 1746 767 αἰῶνος.
1760 736 1816 763 Καὶ
1831 737 1861 763 οὑ

1068 778 1214 804 λυπεῖσθαι
1230 778 1296 814 χρὴ,
1327 778 1396 806 ἀλλά
1417 779 1517 814 μᾶλλον
1540 780 1645 816 χαίρειν
1656 789 1663 796 ·
1679 780 1774 817 ὥσπερ
1787 782 1865 816 κάγὼ

218 826 367 853 obscurare
393 825 486 853 nullus
511 832 630 860 unquam
655 825 752 860 possit.
772 812 872 860 hcque
885 812 1017 860 estquod

1071 824 1084 850 ό
1100 822 1185 855 τάλας
1202 823 1231 849 ἐν
1254 824 1287 859 τῇ
1302 823 1424 850 διαλύσει
1445 823 1493 850 τοῦ
1507 824 1637 851 ταπεινοῦ
1652 834 1703 861 μου
1724 812 1863 863 μοναστη-

219 879 290 908 mgre
307 872 388 900 feras.
417 871 489 905 Quin
512 871 604 899 laetare
627 871 734 906 potius,
760 871 800 898 uti
827 875 855 898 et
869 878 919 907 ego
936 872 1019 899 miser

219 918 246 945 in
279 917 459 953 dissipatione
500 917 612 945 humilis
643 917 802 945 monasterii
833 918 912 950 mei;
954 917 1019 953 quia

219 966 330 998 propter
346 962 491 990 Dominum
521 962 580 989 ham
603 961 759 989 dissolutio.
787 961 881 997 Neque
905 962 941 990 ob
958 970 1019 990 eam

219 1018 342 1043 causam,
355 1010 429 1045 quod
445 1015 499 1037 tam
510 1009 586 1037 multi
602 1010 725 1037 steterint
738 1017 827 1045 genua
839 1017 894 1036 non
901 1017 1019 1037 curvan-

220 1063 282 1087 tes,
314 1064 412 1093 magna
443 1057 502 1084 laus
524 1061 565 1084 est
586 1064 594 1083 :
621 1056 670 1083 sed
692 1055 735 1084 vel
760 1056 782 1083 si
810 1063 892 1083 unus.
924 1055 1019 1084 Melior

217 1103 352 1138 siquidem
377 1110 449 1130 unus
470 1102 580 1129 Domini
604 1101 707 1129 faciens
728 1102 913 1134 voluntatem,
937 1110 1018 1137 quam

217 1149 312 1177 decem
347 1148 432 1176 millia
459 1147 698 1184 praevaricantium
727 1147 762 1175 ι’.
790 1147 846 1175 Nec
875 1156 941 1175 vero
960 1148 1019 1183 ipse

218 1202 300 1222 causa
314 1202 345 1222 es
357 1194 466 1221 illorum
479 1194 671 1229 dispersionis,
687 1193 752 1221 licet
763 1193 789 1221 id
805 1194 929 1229 garriant
946 1202 1018 1222 non-

218 1240 297 1272 nulli.
334 1240 382 1268 sed
411 1247 462 1275 ego
489 1239 602 1267 infelix!
629 1239 688 1266 Erit
701 1244 793 1267 autem
811 1240 901 1273 nobis,
919 1240 942 1267 si
957 1248 1020 1276 per-

220 1286 302 1318 feras,
329 1285 472 1320 utriusque
501 1285 542 1312 rei
558 1284 728 1312 communio.
760 1284 934 1320 Tantamque
961 1285 1020 1320 ipse

220 1332 375 1360 mercedem
397 1331 490 1367 capies
511 1332 539 1358 in
566 1330 658 1358 divina
693 1330 808 1358 fratrum
829 1330 1019 1366 dispersione;

219 1383 350 1414 quantam
381 1386 432 1415 ego
463 1377 608 1405 naneiscar
632 1377 660 1404 in
683 1377 717 1404 iis
741 1377 788 1412 qui
817 1377 1020 1405 Thessalonica:

221 1427 319 1463 reliqui
340 1430 405 1454 sunt
424 1427 510 1462 legem
529 1426 650 1455 divinam
672 1430 825 1454 servantes.
848 1425 887 1454 Dn
901 1427 1020 1455 careeris

220 1477 311 1501 autem
323 1473 378 1501 mei
392 1473 506 1501 custode
520 1473 589 1501 nihil
603 1473 702 1501 attinet
714 1473 798 1509 loqui,
817 1481 879 1501 cum
898 1473 959 1501 talis
972 1473 1018 1507 sit,

221 1524 249 1547 et
272 1528 335 1548 cum
357 1519 478 1556 Josepho
494 1521 585 1548 animo
600 1519 850 1555 coniunctissimus.
874 1520 1019 1556 Nunquam

220 1572 311 1593 cesses
327 1574 376 1601 pro
389 1565 546 1593 humilitate
563 1573 623 1593 mea
642 1565 722 1593 enixe
735 1565 841 1600 precari
852 1586 859 1598 ,
883 1565 968 1594 frater
982 1566 1018 1593 mi

221 1620 253 1639 ac
281 1611 363 1639 Pater
386 1613 494 1648 egregie
509 1617 537 1640 et
554 1612 737 1640 sanctissime.
771 1612 846 1641 Scito
861 1617 1018 1640 accusatum

223 1658 307 1687 fuisse
337 1659 530 1692 Thensostum,
551 1659 625 1694 quod
648 1659 683 1686 ab
709 1666 741 1686 eo
761 1667 815 1686 non
832 1659 1017 1694 participaret,

221 1705 266 1740 qui
282 1705 374 1733 sedem
393 1709 466 1732 tuam
482 1705 612 1741 sacrilege
625 1705 734 1738 invasit,
754 1705 937 1740 eumdemque
948 1710 1019 1733 stre-

221 1758 276 1777 nue
305 1750 471 1777 monasterio
503 1757 554 1777 suo
578 1750 687 1785 pulsum
717 1749 813 1778 fuisse.
854 1751 1019 1778 Athanasius

222 1795 305 1823 frater
327 1800 420 1823 noster
445 1803 554 1823 rursum
573 1800 669 1830 captus
687 1800 730 1823 est
745 1801 773 1824 et
792 1796 856 1827 illuc
873 1797 1017 1832 relegatus.

221 1841 320 1868 Custos
333 1848 421 1874 meus,
437 1848 500 1869 eum
510 1841 635 1874 exiisset,
654 1841 746 1869 attulit
759 1842 849 1869 mihia
862 1843 1017 1877 patriarcha

221 1886 438 1915 salutationem:
468 1886 592 1923 Ignoscet
628 1887 677 1915 tibi
711 1887 802 1921 Deus,
832 1889 940 1924 inquit,
972 1889 1016 1917 hic

221 1933 323 1961 habere
340 1938 367 1961 te
381 1933 541 1961 volebamus
556 1933 588 1960 ad
606 1934 737 1961 auxilium
753 1939 888 1962 nostrum.
902 1934 1016 1968 Abiisti,

221 1984 248 2008 et
265 1980 327 2008 istic
349 1980 513 2013 eonsedisti,
534 1980 645 2008 invideo
667 1981 727 2008 tibi.
751 1981 830 2014 Quod
854 1988 916 2009 cum
939 1981 1018 2009 audi-

221 2027 334 2059 vissem,
349 2027 408 2054 risi.
426 2027 520 2062 Neque
533 2027 605 2055 enim
618 2035 686 2062 opus
701 2031 759 2055 etat
775 2028 942 2063 respondere
956 2036 1015 2062 me,

222 2072 277 2102 nisi
303 2074 354 2101 hoc
369 2078 491 2106 tantum;
515 2073 587 2108 quod
614 2073 636 2100 si
651 2073 775 2106 invidet,
803 2078 881 2102 exeat
904 2080 932 2102 et
947 2075 1015 2110 ipse.

223 2122 361 2150 ltelaxavit
383 2129 466 2156 porro
481 2120 644 2151 custodiam,
672 2121 790 2148 invitans
803 2121 838 2148 ad
857 2122 1014 2156 requietem.

222 2168 322 2196 Attulit
349 2167 422 2195 enim
455 2166 523 2193 mihi
552 2171 579 2194 et
592 2174 608 2194 a
622 2165 751 2194 Simeone
765 2167 970 2200 salutationem,
989 2174 1016 2195 et

221 2214 293 2250 quod
321 2213 412 2241 dicere
437 2212 594 2247 Imperatori
623 2212 698 2245 velit,
727 2217 752 2240 te
772 2213 800 2240 in
815 2221 926 2241 carcere
948 2214 1019 2241 male

222 2258 333 2291 habere,
350 2262 378 2285 et
389 2265 404 2284 a
419 2256 533 2284 Leontio
551 2257 682 2284 humilem
699 2257 901 2285 salutationem.
919 2257 1019 2286 Passus

221 2313 294 2336 sum,
310 2304 358 2336 ait,
385 2302 578 2330 necessitatem
603 2313 609 2331 :
640 2310 695 2329 non
714 2311 757 2330 me
777 2309 887 2339 separet
914 2303 986 2332 Deus
1003 2311 1018 2331 a

222 2356 350 2378 sermone
382 2354 438 2376 tuo.
463 2347 497 2376 Et
509 2356 570 2384 ego,
607 2348 676 2381 hac,
704 2348 827 2384 inquam,
851 2350 885 2377 ab
904 2349 950 2377 illo
963 2357 1019 2377 non

223 2396 340 2432 requiro.
359 2395 514 2430 Coc-gerunt
529 2398 622 2422 autem
637 2395 712 2422 illum
735 2396 776 2423 ire
794 2395 828 2423 ad
845 2403 1018 2424 meonomnm

223 2447 250 2470 et
264 2442 409 2470 Arseninm
421 2446 449 2468 et
459 2440 593 2468 Joannem
606 2461 614 2473 ,
630 2448 662 2469 ac
676 2441 778 2475 dicere,
794 2442 867 2476 quod
888 2441 1020 2470 Dominus

223 2488 352 2516 Tarasius
375 2487 450 2514 illum
480 2486 645 2519 absolverit,
661 2491 689 2514 et
706 2487 780 2521 quod
793 2487 875 2514 modo
890 2487 1018 2515 viderim.

225 2535 259 2563 At
271 2534 308 2562 illi
332 2541 394 2561 cum
423 2540 519 2560 revera
532 2532 656 2568 colaphis
679 2533 866 2567 exploserunt.
894 2532 947 2565 Qui
961 2540 1020 2561 me-

224 2589 286 2608 cum
313 2585 356 2608 est
368 2601 375 2612 ,
404 2586 541 2615 pasaorem
559 2586 651 2606 meum
676 2586 725 2613 per
748 2585 793 2606 me
807 2578 907 2606 salutat
922 2587 1020 2614 magno

225 2627 335 2655 affectu.

441 2678 532 2707 XLIV.
547 2694 580 2699 —
591 2677 682 2714 Sergio
696 2679 807 2706 consuli.

1072 869 1132 904 ρίου
1149 877 1156 884 ·
1171 869 1213 896 ὅτι
1230 869 1275 896 διὰ
1290 869 1393 905 Κύριον
1406 871 1423 905 ὴ
1453 870 1590 902 διάλυσις.
1606 871 1662 898 Καὶ
1677 872 1727 908 οὐχ
1744 873 1786 899 ὅτι
1799 881 1865 900 τοσ-

1070 915 1144 942 οῦτοι
1161 914 1280 950 ἔστησαν
1295 916 1334 952 μὴ
1347 917 1606 952 κατακαμφθέντες,
1628 910 1706 953 μέγα
1719 918 1751 945 τὸ
1771 919 1862 952 κλέος·

1069 961 1128 988 ἀλλ’
1143 962 1168 988 εἰ
1188 962 1237 989 καὶ
1250 959 1301 994 εἷς.
1321 963 1465 998 Κρείσσων
1485 964 1540 999 γὰρ
1556 961 1598 996 εἷς
1618 964 1704 992 ποιῶν
1713 964 1743 992 τὸ
1757 964 1866 1001 θέλημα

1070 1007 1220 1044 Κυρίου,ἣ
1242 1008 1337 1044 μύριοι
1364 1009 1591 1045 παραϐαίνοντες.
1618 1011 1675 1039 Καὶ
1702 1011 1752 1038 οὐκ
1777 1012 1866 1045 αῐτιος

1069 1053 1153 1085 αὐτὸς
1170 1053 1220 1090 τῆς
1239 1054 1347 1087 λύσεως
1367 1055 1470 1089 αὐτῶν,
1484 1055 1509 1082 εί
1536 1055 1584 1083 καὶ
1603 1056 1754 1092 φλυαροῦσι
1770 1065 1864 1090 τινες·

1069 1099 1127 1126 ἀλλ’
1141 1099 1196 1134 ἐγὼ
1211 1100 1226 1127 ὀ
1240 1099 1382 1136 δύστηνος.
1396 1101 1445 1137 Είη
1467 1101 1496 1128 δὲ
1521 1103 1590 1137 ἡμῖν
1615 1102 1743 1129 κοινωνία
1755 1122 1764 1136 ,
1782 1103 1867 1139 εἴπερ

1070 1144 1172 1181 ἀνέχῃ,
1187 1145 1420 1182 ὲπᾝμφοτέροις.
1439 1147 1495 1174 Καὶ
1523 1146 1652 1174 τοσοῦτον
1678 1147 1750 1182 ἕξοις
1780 1149 1866 1181 αὐτὸς

1069 1191 1115 1218 τὸν
1133 1191 1230 1227 μισθὸν
1246 1191 1276 1219 ὲν
1301 1193 1334 1228 τῇ
1353 1192 1440 1228 ὲνθέῳ
1453 1191 1577 1220 διαλύσει
1588 1193 1643 1220 τῶν
1654 1193 1789 1229 ἀδελφῶν,
1801 1195 1869 1222 ὅσον

1070 1237 1126 1269 ἐγὼ
1138 1237 1249 1273 εὕροιμι
1264 1237 1294 1265 ὲν
1307 1239 1341 1274 τῇ
1357 1237 1428 1265 κατὰ
1442 1239 1525 1274 νόμον
1539 1239 1608 1266 Θεοῦ
1637 1239 1797 1275 καταλείψει
1814 1241 1870 1275 τῆς

1070 1283 1282 1319 Θεσσαλονίκης.
1297 1284 1366 1320 Περὶ
1388 1284 1416 1311 δὲ
1440 1284 1488 1312 τοῦ
1516 1285 1665 1320 φυλακίτου
1689 1294 1740 1321 μου
1775 1287 1871 1319 οὐδεὶς

1070 1328 1150 1362 λόγος
1160 1348 1169 1360 ,
1181 1329 1303 1356 τοιούτου
1322 1329 1406 1356 αὐτοῦ
1423 1329 1570 1365 ἀνθρώπου
1592 1330 1678 1364 ὄντος,
1692 1331 1741 1357 καὶ
1758 1331 1872 1366 συμψύ-

1071 1384 1120 1411 χου
1135 1375 1184 1402 τοῦ
1204 1376 1315 1411 Ἰωσήφ.
1327 1375 1373 1411 Μὴ
1401 1375 1552 1408 διαλείποις
1567 1376 1790 1412 ὑπερευχόμενος
1816 1376 1872 1411 τῆς

1071 1421 1263 1453 ταπεινώσεώς
1278 1431 1330 1457 μου
1356 1422 1498 1457 κραταιῶς
1509 1443 1516 1455 ,
1527 1422 1716 1458 ἀδελφοπάτορ
1731 1431 1783 1458 μου
1797 1422 1871 1450 καλὲ

1073 1468 1118 1496 καὶ
1145 1469 1288 1496 ὸσιώτατε.
1317 1469 1438 1496 Γίνωσκε
1461 1469 1625 1496 ὲνσταθέντα
1643 1469 1690 1496 τὸν
1707 1469 1870 1496 Θεόσωστον

1073 1513 1120 1541 τοῦ
1139 1513 1176 1549 μὴ
1187 1514 1350 1550 κοινωνῆσαι
1361 1514 1442 1541 αὑτὸν
1456 1515 1489 1541 ὲκ
1502 1514 1550 1541 τοῦ
1566 1514 1683 1550 ἀνιέρως
1704 1514 1873 1546 ἀνελθόντος

1073 1561 1113 1593 εἰς
1139 1560 1186 1586 τὸν
1207 1559 1302 1596 θρόνον
1319 1568 1384 1587 σου·
1405 1561 1453 1588 καὶ
1477 1560 1661 1596 ἐκδιωχθέντα
1682 1560 1818 1593 νεανικῶς
1835 1562 1873 1588 ἐκ

1072 1605 1120 1633 τοῦ
1150 1606 1333 1642 μοναστηρῐου
1364 1606 1457 1634 αὑτοῦ.
1473 1607 1506 1633 Oi
1538 1606 1604 1642 περὶ
1628 1606 1675 1634 τὸν
1698 1606 1868 1634 ’Δθανάσιον

1072 1651 1182 1685 ἀδελφοὶ
1212 1651 1304 1686 ἡμῶν,
1331 1651 1426 1687 ἀκμὴν
1453 1651 1620 1686 κρατοῦνται
1647 1652 1872 1687 περιωρισμὲνοι

1072 1688 1172 1725 ἐκεῖσεί
1195 1697 1225 1724 '0
1241 1697 1393 1733 φυλακίτης
1409 1706 1462 1733 μου
1478 1697 1604 1730 ἐξελθὼν,
1622 1698 1711 1734 ἢγαγὲ
1722 1706 1768 1730 μοι
1782 1707 1876 1733 προο-

1072 1742 1186 1778 κύνησιν
1216 1744 1249 1770 ἐκ
1276 1743 1324 1769 τοῦ
1354 1744 1526 1779 πατριάρχου
1553 1744 1690 1777 λέγοντος.
1707 1744 1779 1770 ὄτιό
1797 1743 1874 1777 Θεὸς

1073 1789 1250 1824 συγχωρήσει
1277 1796 1339 1815 σοι·
1355 1789 1415 1821 τοῦ,
1433 1789 1574 1825 ηὐχόμεθα
1600 1789 1673 1824 ἔχειν
1702 1798 1731 1815 σε
1746 1786 1798 1816 ὧδε
1826 1791 1875 1822 εἰς

1073 1834 1200 1870 βοήθειαν
1226 1834 1316 1869 ἡμῶν.
1338 1834 1480 1868 Ἐξῆλθες,
1511 1834 1559 1861 καὶ
1588 1834 1722 1866 ὲκάθισας
1745 1834 1847 1861 αὐτόθι
1863 1844 1873 1851 ο

1072 1881 1129 1913 καὶ,
1146 1881 1187 1908 ὅτι
1205 1880 1298 1915 φθονῶ
1315 1889 1356 1907 σε.
1377 1881 1433 1907 Καὶ
1457 1880 1577 1913 ἀκούσας
1592 1881 1722 1915 ἐγέλασα.
1755 1881 1794 1907 Οὐ
1811 1881 1877 1917 γὰρ

1070 1925 1106 1964 ἦν
1125 1927 1206 1962 χρεία
1226 1927 1296 1959 τέως
1320 1926 1505 1962 ἀποκριθῆναί
1521 1935 1555 1962 με
1567 1935 1575 1942 ·
1592 1927 1608 1962 ἢ
1627 1927 1718 1962 μόνον.
1734 1927 1796 1953 ὀτι
1819 1928 1879 1954 ἐὰν

1071 1972 1169 2009 φθονῇ.
1186 1972 1282 2008 ἐξέλθῃ
1298 1972 1435 2005 κάκεῖνος.
1461 1972 1617 2008 Ἐχαύνωσι
1638 1972 1668 1999 δὲ
1684 1972 1731 1999 καὶ
1746 1972 1797 2008 τὴν
1815 1981 1876 2007 φυ-

1071 2016 1157 2052 λακὴν
1181 2017 1404 2052 προτρεπόμενος
1417 2017 1456 2049 είς
1471 2017 1637 2044 ἀνάπαυσιν.
1658 2016 1794 2052 Ἐξήγαγε
1812 2019 1880 2055 γάρ

1072 2072 1120 2098 μοι
1133 2064 1179 2090 καὶ
1197 2064 1229 2089 ὲκ
1244 2063 1292 2090 τοῦ
1308 2062 1422 2098 Συμεὼν
1436 2062 1624 2099 προσκύνησιν
1634 2070 1641 2078 ’
1656 2063 1704 2090 καὶ
1718 2064 1759 2090 ὅτι
1772 2063 1881 2098 βούλε-

1070 2118 1117 2136 ται
1133 2108 1293 2145 λαλῆσαιτῷ
1303 2108 1417 2144 βασιλεῖ,
1424 2109 1466 2136 ὅτι
1477 2110 1646 2141 κεκοπίακας
1653 2110 1681 2136 ὲν
1696 2110 1729 2145 τῇ
1743 2109 1880 2147 φυλακῇ,

1071 2156 1128 2183 Καὶ
1143 2157 1176 2183 ὲκ
1195 2156 1242 2183 τοῦ
1253 2156 1381 2183 Λεοντίου
1405 2156 1644 2192 τεταπεινωμένην
1665 2156 1881 2192 προσκύνησιν,

1071 2201 1198 2236 λέγοντος
1211 2210 1217 2216 ·
1235 2202 1276 2229 ὅτι
1297 2202 1422 2237 ἀνάγκην
1447 2201 1549 2229 ἔπαθον
1559 2210 1566 2217 ·
1584 2202 1632 2228 καὶ
1645 2203 1683 2237 μὴ
1698 2203 1882 2240 συγχωρήσῃ

1073 2249 1132 2284 μεό
1147 2249 1213 2280 Θεὸς
1231 2248 1276 2275 τοῦ
1293 2248 1373 2283 λόγου
1401 2257 1460 2276 σου.
1477 2248 1533 2275 Καὶ
1549 2246 1627 2276 εἷπον
1647 2248 1688 2276 ὃτι
1708 2248 1740 2275 οὐ
1756 2248 1884 2284 χρῄζων

1071 2294 1157 2322 ταῦτα
1173 2295 1220 2322 ἀπ’
1238 2295 1515 2329 αὑτοῦ.Ὴνάγκασαν
1528 2294 1556 2321 δὲ
1571 2294 1653 2321 αὐτὸν
1674 2293 1809 2321 ἀπελθεῖν
1829 2296 1883 2329 εἷς

1070 2349 1101 2367 τε
1119 2341 1164 2368 τὸν
1177 2341 1332 2375 οἰκονόμον,
1349 2341 1397 2367 καὶ
1416 2341 1462 2368 τὸν
1479 2340 1630 2376 ’Ᾱρσένιον,
1641 2340 1692 2367 καὶ
1707 2340 1756 2367 τὸν
1777 2339 1888 2369 Ἰωάνη

1073 2395 1134 2422 νην,
1145 2386 1259 2421 λέγοντα
1273 2394 1280 2400 ·
1293 2387 1334 2413 ὅτι
1350 2387 1364 2413 ὁ
1377 2385 1457 2422 κῦρις
1471 2386 1608 2421 Ταράσιος
1622 2384 1759 2413 ἀπέλυσεν
1773 2385 1886 2414 αὐτόν·

1073 2433 1121 2459 καὶ
1136 2432 1178 2459 ὅτι
1195 2432 1259 2468 ἄρτι
1277 2431 1422 2467 ἀνέϐλεψα.
1438 2431 1494 2459 Καὶ
1513 2431 1708 2467 ἀπερρἀισαν
1724 2431 1812 2458 αὑτὸν
1836 2433 1890 2468 τῷ

1072 2477 1141 2505 Evn.
1164 2478 1193 2505 '0
1220 2478 1270 2504 σὺν
1296 2477 1358 2513 ἐμοὶ
1384 2476 1585 2513 προσαγορεύει
1612 2477 1687 2512 πόθῳ
1713 2476 1810 2514 πολλῷ
1828 2478 1891 2507 τὸν

1074 2524 1192 2560 ποιμένα
1210 2533 1261 2560 μου
1279 2524 1308 2558 ἐξ
1320 2524 1398 2559 ἐμοῦ.

1217 2678 1283 2706 ΜΔ.
1303 2694 1337 2700 μ-
1353 2678 1464 2712 Σεργίῳ
1484 2677 1596 2710 ὑπάτῳ·
1626 2675 1726 2712 law-1

631 2725 774 2750 Gratulatur
784 2725 808 2749 ei
820 2723 957 2755 dignitates
967 2724 991 2749 in
1003 2725 1059 2751 aula
1077 2733 1082 2750 :
1102 2726 1265 2756 horlaturque
1278 2727 1304 2749 ut
1320 2723 1387 2748 bene
1400 2727 1464 2755 agat.

261 2769 303 2796 'l'u
317 2769 425 2804 quidem
439 2788 446 2799 ,
471 2772 501 2795 ut
516 2767 595 2795 audio
607 2787 615 2796 .
637 2767 704 2795 alios
721 2774 754 2794 ex
765 2767 826 2795 aliis
844 2767 961 2795 honores
977 2774 1021 2795 ca-

263 2825 284 2840 "
303 2824 388 2852 Eccli.
406 2833 460 2858 xvi,
476 2825 502 2852 ὅ.

1109 2767 1196 2800 Αὐτὸς
1213 2766 1320 2803 μὲν,ὠς
1339 2765 1478 2801 μανθάνω,
1490 2764 1616 2802 ἀμείϐεις
1629 2763 1717 2800 ἀρχὰς
1730 2763 1762 2797 ἐξ
1778 2764 1901 2801 ἀρχῶν
