1926 3078
77 122 140 155 1069

678 124 946 155 EPISTULABUM
967 124 1038 154 LIB.
1060 124 1081 154 Ι.

1626 121 1695 155 1070

73 181 143 216 παρὰ
157 179 196 215 τῷ
213 179 288 207 κάτω
303 180 434 216 Καίσαρι,
451 181 499 208 καὶ
514 180 590 216 παρὰ
605 181 773 216 προαίρεσιν,
784 184 854 216 ἠγα-

915 181 994 209 iessis
1010 181 1083 216 apud
1095 181 1229 208 Casarem
1241 184 1374 213 nostrum,
1383 179 1464 214 idque
1478 185 1576 214 pmter
1589 185 1693 212 votum.

74 227 177 262 mqpéve
193 235 239 261 μοι
259 226 327 262 ὁμοῦ
343 227 390 253 καὶ
407 226 566 261 τιμιώτατε.
588 226 658 260 Ἐγὼ
679 227 707 253 δὲ
725 228 739 253 ό
761 236 856 254 ταπει-

73 274 112 305 νὸς
135 274 166 299 οὐ
197 273 383 308 διαλιμπάνω,
399 272 437 307 τῷ
458 272 516 299 ἄνω
539 274 586 299 καὶ
611 273 719 299 πάντων
748 272 855 308 βασιλΞῖ

73 319 146 353 φίλον
161 319 262 345 οἰκεῖόν
279 327 308 345 σε
321 319 355 345 δι’
370 319 512 350 εὐσεϐείας
524 318 668 354 ὑπάρχειν.
680 318 752 344 Διότι
763 319 855 352 κρεῖσ-

74 374 114 391 σον
135 364 184 391 καὶ
205 364 235 390 τὸ
256 364 402 391 πολλοστὸν
418 364 546 399 τετάχθαι
571 364 642 391 κατὰ
656 364 687 390 τὸ
706 364 857 399 ἀκρότατον

74 410 184 444 ἔσχατον
199 410 237 444 τῷ
249 409 380 445 οὐρανίῳ.
398 410 414 444 ἢ
434 410 504 436 κατὰ
526 410 555 436 τὸ
573 410 725 445 πρώτιστον
745 409 784 444 τῷ
796 410 858 435 ἐπι-

74 456 145 491 γείῳ.
165 455 291 482 Πιστεύω
310 456 338 482 δὲ
366 456 444 487 εἰδώς
474 464 521 483 σου
537 456 566 482 τὸ
593 456 788 491 φιλομέριμνον
808 456 858 491 τῆς

75 502 218 537 σωτηρίας,
235 502 319 536 μηδὲν
348 501 593 537 παραξημιοῢσθαι
616 502 656 533 είς
669 501 770 536 ψυχὴν,
788 501 857 530 ἀλλὰ

74 547 117 572 καὶ
136 545 369 582 παρακερδαίνειν
386 547 419 572 ἐκ
435 546 481 572 τοῦ
497 546 669 581 ἀξιώματος’
687 546 772 573 ὅντων
793 547 856 582 τρό-

75 601 129 619 πων
155 593 206 618 οὐκ
227 591 324 626 ὀλίγων
348 593 388 623 είς
413 591 589 618 λυσιτέλειαν.
613 592 733 627 Ἥρκεσε
750 592 805 627 γὰρ
819 591 858 626 τῷ

76 638 174 673 πτωχῷ
198 638 326 665 ὑποτελεῖ
347 638 376 664 οὐ
395 638 475 674 μόνον
498 638 582 674 ἀνοχὴ
598 638 690 674 φόρων
702 646 709 653 ·
725 638 794 665 ἀλλὰ
811 638 858 664 καὶ

73 684 131 718 ὄψις
157 684 276 718 εὐμενὴς
305 683 347 710 τοῦ
375 684 408 710 τὰ
432 683 558 719 βασιλικὰ
573 683 702 718 χρήματα
722 682 856 718 αἴροντος.

73 729 119 754 καὶ
151 728 227 763 φωνὴ
248 728 316 763 ἡπίο
333 748 341 760 ,
359 728 407 755 καὶ
428 728 549 763 φθόγγος
567 728 767 764 χαιρετιστικός
781 736 788 743 ·
811 727 859 755 καὶ

73 773 148 800 οὔπω
168 774 242 807 λέγω
265 773 342 800 λύσιν
360 773 510 809 συνδέσμου
530 774 648 807 ἀδικίας,
659 774 728 801 ἄλλα
751 783 782 800 τε
808 774 859 800 ὅσα

72 819 302 846 ἐπακολουθοῦσιν
314 819 433 855 εὐχερῶς
445 821 531 846 ποιεῖν
550 819 589 854 τῷ
603 819 714 854 ἄρχοντι
724 820 762 854 τῷ
778 820 859 855 ἀρχο-

906 227 1003 255 dilecte
1026 228 1064 255 mi
1090 227 1194 262 pariter
1217 235 1250 254 ac
1270 226 1510 255 reverendissime.
1534 227 1591 263 Ego
1631 236 1697 256 vero

907 271 1019 299 humilis
1032 276 1129 307 optare
1154 279 1208 300 non
1222 272 1319 299 desino
1329 293 1336 304 ,
1362 276 1389 299 te
1404 271 1521 299 amicum
1534 272 1695 300 familiarem

908 317 1012 344 caelesti
1035 318 1158 345 omnium
1175 317 1231 353 regi
1257 325 1305 352 pcr
1320 317 1447 352 pietatem
1465 324 1535 344 esse.
1563 317 1697 350 Quoniam

907 363 1005 390 melius
1033 368 1076 391 est
1099 363 1244 390 millesimo
1267 367 1295 390 et
1314 363 1435 390 omnium
1459 367 1596 398 postremo
1625 362 1698 397 apud

907 408 1068 441 caelestem,
1099 416 1180 442 quam
1209 408 1331 435 omnium
1360 407 1447 442 primo
1470 407 1542 441 apud
1559 412 1697 434 terrenum

908 462 998 490 regem
1021 454 1081 481 loco
1105 455 1221 482 censeri.
1245 454 1317 481 Bona
1330 458 1420 480 autem
1434 460 1481 487 spe
1496 460 1571 484 sum,
1588 460 1699 488 perspe-

908 505 982 531 ctum
1015 500 1120 527 habens
1153 500 1225 535 quod
1254 507 1347 527 curam
1374 499 1469 526 salutis
1492 506 1589 534 geras,
1625 498 1699 525 nulla

908 554 940 573 ex
970 550 1048 581 parte
1077 546 1136 574 lmdi
1166 546 1285 573 animam
1314 550 1398 578 tuam,
1421 545 1469 573 sed
1489 545 1594 572 lucrum
1617 544 1699 572 etiam

909 592 999 619 facere
1012 599 1045 619 ex
1062 592 1191 627 dignitate
1210 601 1217 620 :
1238 600 1300 619 cum
1324 591 1378 619 sint
1402 598 1457 618 non
1482 590 1562 626 pauci
1584 590 1619 618 ad
1635 598 1700 625 pro-

909 637 1055 665 ficiendum
1081 638 1165 665 modi.
1190 637 1295 666 SulIicit
1322 637 1395 665 enim
1410 636 1524 672 pauperi
1544 636 1698 668 tributario.

910 692 965 711 non
998 684 1086 712 solum
1113 684 1277 712 tributorum
1312 684 1438 712 remissio
1461 692 1468 710 :
1495 690 1589 710 verum
1617 682 1699 716 etiam

910 729 1044 764 benignus
1057 733 1183 763 aspectus
1196 728 1268 756 illius
1287 728 1332 763 qui
1346 727 1475 763 pecunias
1486 727 1574 763 regias
1588 727 1698 762 colligit.

909 777 937 800 et
952 780 1005 799 vox
1021 772 1091 799 lenis
1111 776 1138 800 et
1153 773 1257 799 salvere
1269 772 1390 807 iubentis
1405 779 1508 799 sonus:
1527 779 1559 799 ac
1578 771 1698 798 nondum

910 820 973 847 dico
1000 819 1166 847 solutionem
1186 819 1286 846 vinculi
1307 818 1467 853 iniquitatis,
1495 822 1523 845 et
1548 817 1599 845 alia
1628 826 1701 852 qua:-

73 864 157 899 μὲνῳ.
175 864 221 897 Μὴ
233 863 323 890 τοίνυν
332 853 423 898 etp-{EN
439 862 504 899 δίψῃ
517 860 546 890 εὖ
564 853 672 896 ποιεῖν,
689 853 805 891 σεαυτὸν.
815 853 860 892 διὰ

915 872 1021 900 cunque
1045 872 1060 891 a
1085 863 1209 899 principe
1231 871 1294 898 erga
1307 864 1430 891 subditos
1458 863 1516 890 ticri
1537 863 1635 890 solent.
1661 862 1701 890 Ne

71 907 119 941 τῆς
136 908 177 938 είς
193 906 303 941 ἐτέρους
319 907 504 942 χρηστότητος
525 906 668 942 ἀμελοίης,
685 907 771 942 Κύριέ
788 916 838 942 μου
849 915 858 923 ·

70 952 127 979 ἀλλ’
137 952 176 984 ὡς
190 952 300 984 συνετὸς
315 952 362 979 καὶ
378 952 455 984 είδὼς
478 952 575 988 μικρὸν
591 952 706 988 ὕστερον
718 953 860 986 ἐξελεύσε-

72 998 134 1025 σθαι
149 999 224 1033 ἡμᾶς
241 998 318 1025 τοῦδε
331 998 377 1024 τοῦ
390 998 460 1033 βίον,
475 999 558 1034 μηδὲν
569 998 633 1026 ἄλλο
648 999 826 1034 συναίροντας
841 998 858 1034 ἢ

71 1045 120 1075 τὰς
147 1043 263 1077 πράξεις
276 1052 283 1058 ·
296 1043 435 1075 τοιαύταις
461 1044 508 1070 καὶ
535 1044 722 1080 προσ-κείμεθα
735 1064 743 1076 ,
763 1043 812 1076 τὰς
831 1043 859 1070 δὲ

71 1089 118 1115 καὶ
134 1088 349 1124 θησαυρίζοιμεν
364 1098 371 1104 ·
385 1089 507 1123 δηλονότι
522 1089 572 1120 τὰς
583 1089 687 1123 ἐφόδιον
701 1090 768 1124 ἡμῖν
786 1089 859 1124 ζωῆς

71 1135 197 1167 αἰωνίου,
211 1135 259 1162 καὶ
282 1135 459 1166 ἀπολαύσεως
479 1135 644 1172 ἀπορρήτων
669 1136 780 1170 ἀγαθῶν
796 1135 861 1171 μελ-

70 1181 172 1212 λούσας
202 1180 321 1208 ἔσεσθαι.
338 1181 403 1214 Ναὶ,
423 1181 573 1216 παρακαλῶ
593 1181 624 1208 τὸ
648 1181 716 1216 ἐμὸν
735 1178 815 1216 αἷμα,
830 1181 861 1208 τὸ

69 1226 139 1261 ἐμὸν
167 1226 280 1261 πάθημα
294 1247 302 1259 ,
326 1226 356 1253 τὸ
376 1226 483 1262 ἀγαθῆς
507 1226 590 1258 ὅντως
616 1226 693 1262 ῥίζης
717 1227 861 1262 βλάστημα

71 1272 174 1306 Ἀννης
193 1271 311 1306 ἐκείνης,
328 1271 377 1307 τῆς
396 1271 458 1306 ἐμοὶ
482 1271 635 1306 σεειισμίας
652 1271 699 1298 καὶ
720 1272 860 1307 ἐρασμιω-

69 1315 158 1350 τάτης
172 1315 215 1342 ὅτι
234 1315 361 1350 μάλιστα,
381 1316 450 1342 πᾶσι
463 1315 494 1342 δὲ
509 1317 566 1347 τοῖς
580 1315 729 1351 γνωρίμοις
739 1317 862 1344 ἐπαινου-

71 1361 160 1396 μένης
178 1361 224 1388 διὰ
236 1361 398 1397 σεμνότητα,
407 1362 456 1397 τῆς
466 1362 536 1398 ἐμῆς
550 1361 588 1394 ὠς
597 1362 704 1398 ἀληθῶς
720 1363 862 1399 μακαρίας

69 1408 180 1443 μητρὸς
189 1407 396 1443 ἀμφοτέρωθεν.

914 909 997 943 igitur
1009 909 1037 935 in
1049 908 1149 940 quibus
1161 912 1239 942 potes
1254 908 1426 939 benelacere.
1444 907 1572 942 teipsnm,
1590 907 1701 934 Domine

913 954 962 986 mi,
990 957 1102 988 propter
1136 953 1286 981 bonitatem
1313 952 1340 979 in
1353 953 1432 984 alios,
1459 952 1626 988 neglexeris;
1653 951 1702 978 sed

913 1003 1041 1034 tanquam
1063 999 1184 1034 prudens
1211 1003 1239 1026 et
1251 999 1342 1026 sciens
1360 1006 1411 1026 nos
1427 1007 1460 1026 ex
1482 999 1533 1025 hac
1546 998 1602 1026 vita
1622 997 1702 1033 paulo

913 1052 976 1072 mox
997 1052 1176 1076 excessuros,
1203 1044 1270 1072 nihil
1293 1044 1366 1072 aliud
1383 1043 1539 1071 auferentes
1560 1043 1702 1071 nobiscum

913 1095 1012 1126 praeter
1026 1090 1149 1118 actiones
1164 1100 1171 1118 :
1195 1089 1222 1117 in
1237 1090 1286 1117 has
1302 1089 1415 1124 proinde
1429 1088 1616 1116 incumbamus
1630 1109 1636 1120 ,
1653 1088 1704 1115 has

911 1141 940 1163 ct
952 1136 1169 1163 thesaurizemus
1185 1144 1192 1162 :
1209 1135 1309 1170 quippe
1323 1142 1383 1170 qua:
1397 1134 1527 1161 viaticum
1545 1133 1625 1161 nobis
1641 1132 1703 1161 vitae

909 1186 1020 1209 alternae
1036 1185 1064 1209 et
1079 1181 1215 1209 fruitionis
1227 1181 1360 1209 bonorum
1371 1179 1593 1208 inenarrabilium
1605 1179 1703 1206 futura:

912 1230 986 1254 sunt.
996 1225 1053 1258 Nae.
1069 1227 1184 1254 obsecro
1203 1231 1229 1254 te
1245 1227 1405 1261 sanguinem
1419 1233 1521 1258 meum,
1537 1224 1702 1253 desiderium

913 1280 1005 1300 meum
1019 1293 1027 1305 ,
1052 1273 1131 1300 bonae
1146 1273 1258 1301 omnino
1276 1273 1374 1300 radicis
1390 1280 1501 1308 germen
1520 1272 1606 1299 Anna:
1619 1271 1702 1304 illius.

914 1326 974 1353 quae
988 1323 1015 1346 et
1027 1319 1093 1346 mihi
1106 1320 1262 1348 veneranda
1278 1325 1305 1347 et
1317 1319 1470 1347 adamanda
1487 1326 1568 1354 supra
1580 1318 1702 1350 modum,

915 1365 1044 1393 omnibus
1065 1373 1130 1393 vero
1158 1367 1203 1402 qui
1236 1374 1295 1394 eam
1323 1371 1425 1393 norunt
1454 1365 1561 1393 laudata
1592 1368 1704 1400 propter

917 1410 1105 1445 honestatem;
1123 1420 1190 1440 meae
1203 1420 1295 1440 revera
1313 1413 1399 1440 beata:
1412 1412 1507 1440 matris
1521 1412 1659 1446 utrinque.

70 1455 138 1482 Tres
152 1455 272 1489 cpiam/ie
289 1458 422 1489 sequente:
438 1453 531 1481 desunt
548 1454 575 1481 in
588 1454 661 1495 libris
678 1463 742 1495 nm.
758 1455 852 1495 quibus
861 1457 1002 1495 usisumus
1017 1466 1034 1495 :_
1042 1463 1144 1486 trimum
1167 1460 1350 1495 inscriptiones
1374 1464 1500 1487 nolantnr
1520 1459 1572 1486 ista
1600 1458 1658 1485 loco
1679 1460 1704 1484 ιι

583 1489 673 1517 ordine
687 1491 714 1517 in
729 1489 778 1518 mi.
800 1491 902 1526 collegii
916 1494 999 1520 nostri
1015 1492 1190 1522 Parisiensis.

254 1547 323 1574 ‘ME'.
333 1561 368 1566 —
383 1546 557 1581 Ναυκρατίῳ
584 1546 690 1580 τέκνῳ.

259 1591 332 1626 Μσκ.
350 1608 384 1613 -
396 1594 485 1627 Ἀννῃ
505 1593 670 1627 ἡγουμένῃ.

255 1641 319 1667 ΜΖ’.
338 1655 373 1660 -
385 1640 559 1674 Ναυκρατίῳ
572 1640 676 1673 τέκνῳ.

223 1710 332 1737 MH'.—
345 1710 512 1742 ἈθανασΙῳ
520 1710 623 1742 τέκνῳ.
638 1710 726 1745 [σιβ’.,

1126 1550 1206 1578 XLV.
1223 1567 1256 1574 —
1272 1552 1418 1579 Naturalia
1440 1553 1506 1586 ﬁlio.

1099 1596 1190 1623 XLVI.
1205 1613 1241 1618 —
1255 1597 1339 1625 Anme
1361 1598 1517 1633 propositae.

1111 1640 1215 1668 XLVII.
1233 1657 1266 1662 —
1279 1642 1427 1670 Naucratio
1440 1643 1506 1677 ﬁlio.

1115 1712 1231 1740 XLVIII.
1245 1728 1279 1733 —
1290 1713 1435 1741 Athanasio
1447 1714 1514 1748 ﬁlio.

91 1767 256 1795 Sententiam
269 1768 470 1797 Mmohianorum,
484 1767 600 1792 haeresim
611 1774 668 1793 esse
680 1768 801 1798 ostendit,
817 1771 844 1794 et
856 1768 1049 1794 orthodoxorum
1060 1771 1196 1796 certamina
1207 1771 1337 1796 describit.
1357 1772 1460 1803 (Baron.
1474 1779 1529 1797 ann.
1541 1772 1600 1804 809,
1612 1780 1636 1799 ιι.
1654 1773 1706 1805 30.)

117 1821 264 1856 Ἐνέτυχόν
282 1829 330 1847 σου
342 1822 397 1853 τοῖς
413 1821 585 1856 γράμμασιν,
605 1821 702 1855 ἀδελφὲ
719 1821 867 1856 ἠγαπημέ-

71 1877 117 1900 νε,
149 1866 340 1902 μακροθύμως
356 1874 362 1882 ·
379 1867 426 1893 καὶ
443 1866 557 1902 ἐξέστην
585 1867 633 1894 ἐπὶ
655 1869 691 1902 τῇ
714 1867 802 1903 ἀῡρὸᾳ
820 1875 867 1893 σου

74 1913 217 1948 μεταϐολῇ
235 1912 305 1939 λίαν.
328 1912 438 1947 Ἀφήσω
464 1912 495 1938 τὺ
519 1912 652 1948 πρότερον
668 1921 675 1927 ·
689 1913 730 1940 ὅτι
755 1912 866 1947 συνοψι-

72 1958 152 1990 σθείς
169 1966 216 1992 μοι
226 1956 415 1992 ὡμοφὼνησας
429 1957 536 1992 αἵρεσιν
560 1955 631 1983 εἶναι
649 1957 698 1993 τὴν
711 1958 869 1992 Μοιχειανι-

71 2004 129 2039 κὴν
140 2003 327 2039 ιῖιευδοδοξίαν¹
346 2003 456 2036 ἄγνοιαν
469 2002 687 2038 προὸαλλόμενος
697 2004 745 2030 καὶ
760 2004 809 2038 τὴν
822 2004 868 2030 ἀπ’

71 2050 167 2076 ἄλλων
186 2049 332 2083 συντυχίαν
346 2056 352 2063 ·
369 2048 425 2075 ἀλλ’
441 2049 481 2075 ὅτι
494 2057 525 2082 γε
539 2048 587 2075 κα)⁴
606 2049 675 2083 μετὰ
695 2049 780 2076 ταῦτα
801 2049 868 2076 ἀνα-

71 2095 159 2128 γνοὺς
173 2093 224 2129 τὴν
238 2093 418 2127 Πεντάλογον,
434 2093 485 2120 ἀπέ
494 2102 578 2129 1ςῃνας
592 2093 677 2129 αὐτὴν
693 2094 869 2128 πεντάφωτον

73 2137 162 2166 εἶναι.
178 2138 237 2165 Νῦν
255 2138 296 2170 δὲ,
309 2137 346 2167 ὥς
360 2138 449 2165 ἔοικεν
462 2158 468 2170 ,
486 2139 633 2170 ἀντιθέτως
647 2139 733 2174 αὐτὴν
747 2139 868 2173 ὑπολαμ-

952 1821 1047 1858 Magna
1075 1830 1137 1850 cum
1163 1824 1295 1859 patientia
1324 1824 1375 1860 legi
1395 1825 1501 1853 litteras
1521 1830 1592 1858 tuas.
1623 1826 1708 1854 frater

916 1868 1105 1897 charissime:
1134 1875 1162 1898 et
1195 1871 1273 1898 valde
1303 1871 1430 1907 obstupui
1466 1871 1499 1899 ad
1536 1873 1706 1908 repentinam

917 1915 1094 1942 mutationem
1128 1920 1212 1943 tuam.
1244 1916 1320 1944 Mitto
1349 1917 1442 1952 priora
1466 1917 1522 1949 iila.
1550 1918 1623 1953 quod
1645 1927 1707 1947 cum

920 1967 1011 1988 coram
1033 1969 1140 1988 mecum
1163 1969 1255 1993 esses.
1286 1962 1411 1990 haeresim
1432 1970 1493 1991 esse
1513 1963 1655 1992 confessus
1678 1972 1708 1992 es

920 2006 1126 2034 Machianicam
1150 2007 1244 2035 falsam
1267 2008 1446 2043 opinionem;
1477 2009 1612 2037 inscitiam
1639 2018 1708 2046 pre-

920 2051 1014 2079 dicans
1028 2057 1056 2079 et
1080 2053 1195 2080 aliorum
1214 2053 1259 2088 qui
1275 2058 1479 2082 convenerant:
1506 2059 1600 2089 postea
1625 2055 1707 2084 etiam

919 2103 981 2123 cum
997 2095 1173 2132 Pentalogum
1188 2097 1315 2133 legisses,
1330 2098 1524 2134 quintuplicem
1540 2108 1601 2128 eum
1618 2100 1707 2129 lucem

920 2149 979 2169 esse
991 2142 1184 2176 pronuntiasti.
1195 2142 1274 2171 Nunc
1289 2147 1400 2176 vero,ut
1411 2148 1532 2179 apparet,
1545 2144 1707 2182 impugnan-

73 2184 172 2215 δάνεις
189 2191 195 2198 ·
217 2183 282 2217 ὃλην
305 2191 350 2209 σου
373 2183 424 2218 τὴν
436 2183 544 2218 ὁμιλίαν
558 2184 653 2218 ὁμοίαν
670 2193 712 2211 σοι
729 2185 779 2220 τῆς
803 2185 861 2219 πρὶι

919 2187 983 2214 dum
1009 2187 1057 2215 tibi
1090 2188 1165 2216 illum
1193 2189 1400 2217 sumisztotam
1429 2190 1580 2218 orationem
1615 2195 1706 2225 tuam,

71 2229 202 2264 ἀγνοίας,
222 2229 324 2264 μᾶλλον
346 2228 374 2255 δὲ
399 2229 446 2256 καὶ
472 2229 554 2256 πλέον
567 2230 792 2265 ἀπεχθανομένην
810 2232 867 2263 τοῖς

70 2276 131 2301 ὑπὸ
152 2275 205 2310 τῆς
230 2274 422 2307 ταπεινώσεως
437 2283 486 2309 μου
508 2274 613 2310 ῥηθεῖσι
627 2275 755 2306 πνεύσας.
774 2276 828 2302 Καὶ
844 2276 868 2302 εί

71 2322 129 2356 μὲν
139 2320 210 2356 ἐμοῦ
227 2320 317 2354 λόγια,
337 2320 430 2356 ἐπειδὴ
446 2321 592 2354 σκοτεινὸς,
608 2321 684 2348 οὐδὲν
699 2321 865 2357 θαυμαστόν.

76 2366 195 2401 Ἐπειδὴ
220 2366 250 2393 δὲ
269 2365 314 2392 διὰ
337 2367 428 2401 φωνῆς
453 2367 568 2401 Κυρίου,
594 2367 750 2394 ἀποστόλων
769 2376 799 2394 τε
820 2369 868 2394 καὶ

69 2411 241 2447 προφητῶν,
256 2410 324 2446 πρὸς
334 2409 440 2442 τούτοις
454 2410 484 2437 δὲ
498 2411 544 2438 καὶ
559 2411 701 2446 θεοφόροις
730 2411 868 2446 Πατράσιν

68 2456 311 2488 ὲναποδὲδεικται,
327 2456 369 2482 ὅτι
393 2456 499 2492 αἵρεσις
514 2456 694 2492 χαλεπωτάτη
707 2465 714 2473 ·
744 2456 869 2491 βλεπέτω

70 2511 124 2529 σου
132 2503 150 2538 ἡ
160 2502 226 2528 σύνε
231 2510 284 2533 σις,
295 2502 342 2528 καὶ
355 2503 379 2528 εἰ
391 2502 513 2529 τινοσοῦν
521 2501 602 2529 ἄλλου
614 2502 869 2537 ὁμογνωμονοῦντός

70 2557 129 2579 σοι,
146 2547 203 2574 ποῦ
227 2546 414 2582 προσκρούειν
442 2547 563 2583 μέλλετε.
588 2547 624 2574 At
649 2547 704 2582 γὰρ
716 2548 780 2582 παρ’
792 2547 868 2582 ὑμῶν

68 2594 228 2628 πρπάσεις
246 2593 310 2627 περὶ
322 2592 369 2618 τοῦ
383 2592 420 2628 μὴ
436 2589 507 2620 εἶναι
522 2594 639 2628 αἵρεσιν,
654 2593 804 2628 σύγγνωτε,
820 2593 869 2619 οὐκ

40 2664 44 2667 ,
66 2638 108 2664 ἐκ
122 2636 218 2671 φωνῆς
233 2636 348 2671 Κυρίου,
363 2636 423 2663 οὐδὲ
434 2637 467 2664 ἐκ
479 2636 611 2672 στόματος
625 2638 717 2672 ἁγίων
735 2645 869 2673 προφητι-

66 2683 134 2714 κῶς
145 2683 174 2709 δὲ
186 2682 290 2713 είπείν,
308 2683 341 2709 ὲκ
352 2681 404 2718 γῆς
423 2683 587 2718 φωνοῦντων
601 2684 650 2711 καὶ
672 2684 704 2710 ὲκ
720 2683 810 2718 νόμων
821 2683 869 2710 ἁλ-

64 2730 199 2756 λωιότων
214 2749 222 2762 ,
239 2727 360 2763 πληθύος
380 2737 410 2755 τε
433 2730 482 2766 τῆς
507 2730 582 2766 φόϐῳ
600 2729 765 2766 ἀνθρωπίνῳ
781 2730 869 2756 πάντα

115 2808 138 2823 ⁸⁸
154 2807 205 2834 lsa.
227 2815 301 2841 xm,
317 2807 344 2834 ι.

919 2233 1040 2267 pristinae
1065 2233 1137 2261 illius
1170 2233 1329 2269 ignorantiae
1351 2238 1405 2262 tute
1419 2235 1545 2269 similem.
1573 2243 1605 2265 ac
1621 2237 1708 2265 multo

919 2278 1000 2306 etiam
1037 2278 1123 2314 magis
1158 2279 1285 2307 infestam
1312 2280 1475 2308 humilitatis
1508 2289 1576 2310 mea
1606 2282 1706 2316 dictis,

918 2322 1056 2350 etfutiens.
1085 2322 1120 2350 Et
1150 2323 1259 2358 quidem
1280 2324 1303 2351 si
1329 2325 1411 2352 verba
1440 2333 1499 2353 mea
1517 2327 1707 2362 essent;quia

919 2367 1052 2395 obscurus
1078 2376 1148 2401 sum,
1175 2369 1243 2396 nihil
1270 2370 1369 2397 mirum
1393 2375 1474 2398 esset.
1502 2371 1571 2399 Cum
1595 2379 1708 2400 veroex

918 2412 1027 2440 Domini
1042 2421 1109 2441 voce
1121 2434 1129 2446 ,
1161 2415 1399 2450 apostolorumque
1420 2421 1448 2443 et
1466 2417 1672 2452 prophetarum,
1692 2426 1708 2446 a

919 2458 1045 2486 Patribus
1063 2459 1145 2487 etiam
1164 2459 1220 2486 Deo
1236 2460 1323 2494 plenis
1336 2461 1552 2490 demonstratum
1568 2463 1618 2496 sit,
1650 2464 1709 2491 ha:-

921 2503 1001 2529 resim
1022 2510 1082 2530 esse
1099 2504 1286 2538 gravissimam
1301 2513 1308 2537 ;
1336 2505 1427 2534 videat
1451 2507 1594 2540 prudentia
1608 2513 1663 2540 tua.
1680 2513 1710 2536 et

920 2549 1043 2584 quisquis
1053 2549 1124 2578 alius
1141 2554 1184 2578 est
1195 2551 1240 2586 qui
1255 2556 1344 2579 tecum
1359 2546 1480 2584 sentiat:
1493 2561 1547 2588 quo
1567 2555 1706 2590 redigendi

920 2594 991 2622 sitis.
1016 2594 1184 2630 Argumenta
1206 2595 1279 2623 enim
1304 2597 1360 2630 illa,
1385 2598 1483 2632 quibus
1505 2599 1631 2627 haeresim
1653 2608 1707 2628 non

920 2645 982 2666 esse
1000 2640 1182 2672 contenditis,
1204 2640 1346 2676 ignoscite,
1360 2650 1414 2669 non
1432 2651 1465 2670 ex
1480 2643 1584 2671 Domini
1600 2645 1707 2676 verbis,

921 2691 1012 2719 neque
1024 2692 1058 2712 ex
1071 2692 1119 2713 ore
1135 2690 1230 2714 sancto
1246 2687 1406 2723 deprompta
1426 2693 1489 2716 sunt
1503 2697 1510 2722 ;
1528 2689 1586 2723 sed,
1600 2694 1630 2716 ut
1645 2697 1708 2717 cum

923 2729 1057 2765 propheta
1081 2730 1176 2766 loquar
1205 2731 1238 2763 "'.
1267 2740 1299 2760 ex
1313 2737 1384 2760 terra
1410 2733 1595 2768 clamantium,
1622 2738 1652 2762 et
1674 2740 1708 2762 ex
