1926 3078
237 91 307 127 10⁵11
806 95 836 126 S.
857 93 1055 125 THEODORI

1075 91 1250 123 STUDlT/E
1790 93 1837 126 107
1844 96 1859 126 Ξ

231 149 338 185 legibus
348 148 458 181 alienis.
470 149 700 185 multitudineque
715 150 807 178 omnia
819 151 940 178 humano
952 154 1025 178 metu

1079 149 1168 184 λέγειν
1181 149 1411 186 ἐπιτρεπομένης,
1432 150 1517 186 Φαίης
1531 151 1586 187 γὰρ
1605 152 1662 183 ὅτι,
1680 152 1779 184 πάντες
1796 155 1867 189 φίλοι

229 194 302 229 loqui
330 194 474 230 permissa.
499 195 546 222 Ais
560 195 633 222 enim
674 195 778 223 amicos
791 200 889 223 omnes
907 203 939 223 ac
953 195 1024 230 pios,

229 241 378 276 doctosque
390 240 467 275 juxta
483 245 511 268 et
524 241 649 269 indoctos
662 261 671 274 ,
684 241 806 277 percelli,
823 249 884 269 cum
900 241 1026 269 haeresim

228 287 346 314 audiunt
368 290 446 315 esse:
468 287 528 316 haec
551 293 647 316 contra
675 293 863 324 opponentes:
884 288 952 315 Cum
977 287 1026 315 ad-

229 338 355 361 versetur
390 341 482 368 nemo,
503 334 634 362 doceatve
648 335 790 367 moecharl,
822 338 849 362 et
878 334 1026 369 sacrilch

229 378 387 412 absolvere;
409 380 546 415 quomodo
564 380 709 408 haereticos
731 380 792 408 illos
807 380 1027 416 appellabimus?

228 424 458 460 Transgressores
478 426 551 453 enim
570 425 764 454 mandatorum
787 425 895 453 Domini
917 431 944 453 et
964 433 1026 453 con-

229 471 381 499 culeatores
388 477 524 499 canonum
534 471 692 499 divinorum
699 493 706 505 ,
715 477 743 499 et
754 472 902 508 sacrilegos
916 479 1025 507 aequum

229 520 271 544 est
285 516 423 552 appellare
447 524 495 545 eos
507 517 623 551 scilicet,
641 522 696 545 non
708 522 800 545 autent
811 517 963 545 haereticos.
973 517 1024 550 Qui

229 567 294 600 ergo
305 564 506 599 possimusnon
516 565 721 599 obstupeScere,
734 565 851 600 primum
858 564 1024 599 diligentiam

230 610 366 641 vestram,
382 617 443 645 quae
457 610 552 637 eadem
566 614 651 645 atque
671 610 709 637 illi
727 610 875 637 identidem
897 609 1024 644 producit

230 657 259 684 in
273 656 443 689 medium,et
458 660 522 684 vera
535 657 599 684 inde
613 660 744 692 responsa
762 656 846 684 refert
860 676 866 687 ,
883 663 945 690 quae
957 663 1024 691 pue-

231 702 270 730 rls
288 703 354 738 ipsis
369 701 536 738 persuadere
551 703 678 739 possint?
692 703 795 730 Deinde
810 710 906 730 rursus
917 703 1023 735 eadem,

230 749 305 778 velut
319 749 402 777 oblita
415 757 476 785 quae
486 749 563 785 prius
577 749 698 782 audivit,
722 748 827 785 profert
843 757 904 777 cum
919 749 1025 776 acriore

230 794 417 822 controversia
441 798 469 821 ct
501 794 719 829 reprehensione
756 798 860 826 nostra,
894 796 1024 827 tanquam

231 839 370 867 immerito
381 839 510 867 heresim
526 847 587 867 esse
603 839 782 867 aﬁirmemus.
805 839 878 872 Hoc,
893 839 1004 874 inquam
1017 859 1024 871 ,

230 888 284 919 est,
296 886 325 912 in
344 893 400 920 quo
409 885 539 913 demirari
554 893 603 914 vos
618 893 709 922 cogor.

266 927 343 964 Quod
355 938 421 959 vero
432 931 467 959 ad
484 931 559 967 ipsos
573 931 744 960 adversarios
757 932 867 963 attinet,
882 932 940 959 haec
952 932 1024 960 dico:

229 975 355 1009 Quonam
368 980 458 1011 pacto,
477 975 550 1011 quod
569 977 699 1012 Synodice
715 977 934 1012 promulgarunt,
951 975 1024 1012 quod

230 1024 430 1052 confirmarunt
443 1024 494 1051 sub
513 1026 608 1051 comm
631 1023 807 1052 anathemate
824 1023 871 1059 qui
893 1024 1024 1060 dogmati,

232 1069 283 1098 hoc
302 1074 344 1098 est
362 1070 559 1105 dispensationi
589 1070 710 1105 ipsorum
724 1077 754 1097 se
775 1075 930 1105 opponunt,
952 1069 1024 1105 quod

231 1116 380 1144 etiamnum
399 1115 522 1151 quotidie
530 1114 609 1144 factis
624 1116 690 1151 ipsis
711 1115 856 1148 docent,id
876 1116 1025 1151 praedicare

230 1162 259 1190 et
282 1161 380 1190 docere
393 1169 422 1189 se
441 1161 566 1197 negant?
584 1161 672 1194 Quam
695 1161 777 1197 igitur
789 1161 824 1189 ob
839 1169 947 1188 causam
974 1167 1027 1195 ego

233 1205 344 1236 humilis
358 1208 479 1235 inclusus
498 1207 543 1235 hic
562 1211 658 1235 teneor
672 1207 686 1234 ἲ
703 1208 757 1234 Cur
791 1207 913 1234 inclusus
944 1207 1025 1233 Pater

232 1254 312 1281 meus
343 1252 473 1280 aerumnis
506 1252 621 1280 aﬂ‘ectus
652 1257 710 1284 est.
739 1253 774 1280 ab
807 1253 868 1280 aliis
899 1258 1024 1288 segregat-

235 1299 278 1327 ius
314 1298 447 1334 primum,
480 1298 580 1326 deinde
618 1299 645 1326 in
679 1307 741 1326 eum
775 1299 898 1327 intrusus
934 1299 1023 1326 locum

234 1344 278 1372 ubi
309 1347 383 1372 nunc
410 1349 452 1372 est
469 1344 481 1371 ‘2
499 1344 555 1372 Cur
580 1345 802 1380 archiepiscopus
829 1345 950 1380 ipsorum
979 1345 1025 1380 jn-

233 1391 304 1419 dicio
323 1391 473 1426 depositus,
488 1397 516 1418 et
532 1391 559 1418 in
577 1398 624 1418 eas
638 1391 777 1426 angustias
790 1391 924 1422 redactus.
942 1395 971 1417 ut
984 1391 1025 1418 ci-

234 1435 297 1465 hum
329 1442 403 1465 certa
434 1442 562 1464 mensura
594 1441 715 1472 caperet,
743 1437 877 1465 ministris
907 1437 1022 1472 imperio

233 1483 362 1516 astrictis,
388 1486 445 1510 tum
462 1482 488 1510 in
514 1482 615 1518 palatio
627 1482 760 1516 inclusus,
776 1491 807 1510 ac
829 1489 917 1518 nuper
941 1483 1024 1509 etiam

234 1529 262 1556 in
279 1528 404 1556 exsiliunt
419 1528 546 1564 eiectus?
562 1529 617 1557 Cur
634 1529 785 1556 reverentia
798 1534 843 1556 tua
858 1537 920 1556 cum
937 1528 1027 1556 fratri-

234 1574 286 1601 bus
310 1574 440 1602 custodia
456 1575 555 1602 tradita
571 1574 772 1602 Thessalonicae
790 1583 797 1602 :
813 1579 841 1602 et
859 1574 1027 1602 Thcosostus

234 1620 396 1656 pnepositus
406 1628 439 1649 ex
454 1621 549 1649 eadem
565 1621 675 1648 civitate
688 1621 783 1656 pulsns
799 1628 860 1648 cum
876 1620 1026 1656 discipulis:

234 1672 262 1695 et
273 1667 342 1694 alter
356 1667 456 1695 ibidem
473 1667 636 1702 pmpositus
658 1666 802 1695 immodice
817 1667 1028 1694 diverberatus?

234 1713 290 1741 Cur
304 1713 468 1741 Naucratius
483 1717 512 1740 et
526 1712 656 1740 Arseuius
673 1712 771 1740 fratres
800 1717 875 1740 arcta
904 1712 1027 1740 custodia

236 1761 289 1788 huc
299 1768 384 1795 usque
394 1759 563 1789 detinentur.
578 1758 690 1794 parique
701 1759 782 1786 modo
795 1758 911 1786 Basilius
922 1763 949 1786 et
959 1758 1027 1786 Gre-

234 1806 346 1841 gorius?
361 1804 417 1833 Cur
427 1804 584 1840 Stephanus
599 1804 644 1831 ille
668 1805 777 1832 virtutis
790 1812 885 1832 amans
898 1805 1027 1839 ιιι-προεί-

236 1857 279 1879 tus
286 1859 347 1879 cum
356 1850 495 1885 discipulis
503 1850 698 1885 quinquaginta
708 1854 875 1878 suoexactus
888 1855 1028 1877 monaste-

236 1896 277 1924 rio
289 1906 296 1924 :
309 1903 371 1924 cum
387 1903 442 1923 una
456 1903 518 1923 eum
534 1900 643 1923 centum
660 1900 688 1923 et
699 1895 804 1929 decem,
816 1900 843 1923 ct
858 1904 921 1923 cum
933 1904 966 1923 eo
980 1897 1026 1931 qui

235 1942 381 1978 cpiscbpus
406 1947 469 1969 ante
501 1941 600 1973 fuerat,
634 1941 876 1978 moechosynodum
899 1946 1026 1977 tanquam

235 1987 373 2024 Evangelii
390 1987 572 2016 infractricem
584 1989 758 2015 anathemate
774 1988 942 2020 damnasset,
957 1989 1028 2016 sicut

236 2033 324 2061 missas
339 2033 415 2061 abeo
429 2033 528 2061 littera:
543 2034 759 2062 tcstantur?Cur
770 2034 904 2061 Antonius
919 2034 1027 2069 religio-

235 2079 359 2107 sissimus
376 2080 537 2115 praepositus
549 2081 577 2107 in
593 2080 743 2108 custodiam
757 2079 828 2115 apud
854 2080 1024 2108 Ammorium

235 2123 313 2151 datus
326 2144 336 2157 ,
348 2130 411 2150 cum
424 2124 518 2151 eodem
530 2126 587 2158 quo
602 2123 726 2159 superior
741 2124 823 2151 modo
833 2123 1026 2159 moechosyno-

235 2168 299 2196 dum
314 2175 369 2195 una
380 2175 442 2195 cum
456 2168 584 2197 fratribus
603 2169 660 2197 suis
673 2169 929 2197 anathematizassct
943 2169 954 2196 ?
972 2169 1026 2198 Cur
1039 2166 1067 2196 D

236 2213 400 2243 Emilianns
418 2214 504 2242 frater
518 2222 533 2242 a
544 2214 745 2243 Nicomediensi
763 2214 791 2242 in
806 2215 939 2250 Thyniam
964 2215 1025 2243 vin-

234 2263 294 2290 ctus
310 2261 411 2289 ductus
422 2265 474 2293 est,
489 2260 701 2296 verberibusque
714 2265 741 2288 et
755 2261 878 2289 ludibriis
902 2261 1026 2295 aﬂ'ectus,

235 2307 342 2343 direpto
355 2307 390 2335 ab
403 2307 436 2335 iis
450 2307 496 2342 qui
513 2307 666 2343 irruperant
680 2307 857 2340 monasterio,
871 2308 982 2343 perinde
995 2316 1028 2335 ac

236 2354 258 2380 si
273 2351 395 2380 hostium
408 2352 493 2388 spolia
508 2351 623 2380 fuissent
637 2348 648 2378 ?
667 2351 722 2379 Cur
737 2352 764 2379 in
773 2352 914 2380 Chersone
934 2360 1027 2388 perse-

235 2398 372 2426 cutionem
396 2405 493 2434 passus
516 2397 572 2425 Leo
597 2397 735 2433 piissimus
759 2397 922 2433 Episcopus,
949 2398 1028 2426 Vale-

233 2439 309 2472 lades
319 2446 512 2480 cognomento,
526 2447 554 2471 et
564 2443 699 2471 Antonius
714 2444 880 2472 reverendus
898 2445 1028 2480 praeposi-

237 2496 350 2519 tuscum
364 2489 425 2518 aliis
439 2486 546 2518 duobus
558 2490 680 2517 custodia
697 2495 791 2526 scptus
802 2490 814 2517 ’ἶ
827 2490 915 2518 Curin
931 2486 1028 2526 Lipara

236 2537 323 2564 insula
337 2537 407 2564 ultra
422 2536 540 2565 Siciliam
557 2536 643 2570 pusita
662 2535 761 2563 fratres
783 2535 867 2563 nostri
894 2535 922 2563 in
936 2541 1028 2564 custo-

236 2584 279 2612 dia
293 2583 398 2612 detenti
410 2582 421 2610 ?
435 2583 491 2611 Cur
507 2581 619 2610 Lctoius
632 2582 658 2610 in
674 2580 814 2609 Chersone
833 2585 965 2614 retentus,
983 2581 1025 2609 in-

232 2627 326 2665 deque
353 2629 404 2658 sub
429 2628 553 2656 custodia
566 2628 600 2656 ad
623 2628 815 2664 imperatorem
842 2627 954 2661 missus,
969 2633 1026 2656 tum

238 2676 356 2712 Byzantii
367 2676 394 2704 in
405 2683 543 2704 carcerem
553 2674 701 2709 conjectus,
713 2678 741 2701 et
752 2673 796 2701 alii
812 2674 913 2709 pariter
927 2675 954 2702 in
968 2683 1027 2703 mo-

236 2722 364 2751 nasteriis
379 2723 480 2750 delenti
498 2723 509 2749 ?
528 2722 619 2749 Dicam
646 2727 742 2747 rursus
766 2720 800 2748 de
826 2721 904 2748 nobis
927 2721 1023 2750 tribus.

236 2767 292 2795 Cur
311 2768 343 2794 ad
365 2767 492 2802 Agathi“
507 2765 582 2793 nobis
594 2764 637 2791 illa
651 2771 700 2798 per
716 2764 874 2798 Spatharios
887 2765 922 2792 ab
937 2765 1024 2801 impc-

1039 818 1063 848 B

1077 197 1124 223 ml.
1145 196 1278 229 εὐσεϐεῖς,
1298 197 1446 231 γνωστικοί
1459 206 1489 224 τε
1507 198 1556 225 καὶ
1570 198 1868 235 ίδιῶται,ἐκμείνονται

1077 243 1226 275 ἀκούοντες
1249 244 1289 271 δτι
1304 245 1409 279 αἵρεσις
1425 252 1431 260 ·
1448 244 1624 280 παράστασιν
1646 245 1734 273 ταῦτα
1753 248 1870 282 προϐαλ-

1076 290 1198 326 λόμενοι,
1212 291 1254 318 ὅτι
1277 291 1391 326 μηδενὸς
1410 291 1613 328 ἀνθισταμένων
1633 293 1679 320 καὶ
1697 293 1869 327 διδάσκοντος

1075 335 1124 363 τοῦ
1141 336 1279 372 μοιχεύειν
1292 337 1339 364 καὶ
1355 337 1429 364 λύειν
1444 338 1509 370 τοὺς
1526 338 1661 374 ἀνιέρους.
1679 339 1741 371 Πῶς
1758 341 1869 367 καλέσο-

1078 391 1128 418 μεν
1147 382 1246 414 αὐτοὺς
1265 384 1441 419 αίρετικούς;
1460 385 1628 420 Παραὸἀτας
1643 386 1697 421 γὰρ
1724 387 1779 414 τῶν
1793 389 1870 415 ἐντο-

1077 429 1130 455 λῶν
1150 429 1198 456 τοῢ
1213 430 1333 465 Κυρίου,
1355 430 1400 457 καὶ
1417 431 1613 467 καταπατητάς
1627 432 1681 459 τῶν
1697 432 1776 460 θείων
1791 434 1871 461 κανό-

1077 484 1140 508 νων,
1159 476 1206 503 καὶ
1216 476 1353 512 ἀνιέρους,
1366 477 1480 505 δίκαιον.
1492 478 1554 509 Πῶς
1569 476 1615 505 οὖν
1626 480 1678 506 οὐκ
1686 479 1869 507 ἔστινὲκπλα-

1081 521 1163 556 γῆναι
1188 522 1297 558 πρῶτον
1309 523 1349 554 είς
1374 523 1424 559 τὴν
1451 523 1530 558 ἡμῶν
1556 525 1716 559 ἐμμέλειαν,
1744 526 1779 552 τὰ
1801 527 1872 554 αὐτὰ

1076 568 1206 600 πολλάκις
1219 569 1299 603 δῆθεν
1312 569 1426 596 ἐκείνων
1443 571 1648 605 προσάγουσαν,
1666 572 1714 598 καὶ
1735 573 1871 599 ἀντακού-

1075 622 1158 641 ουσαν
1169 615 1285 651 τάληθῆ,
1299 615 1317 642 ἃ
1331 616 1378 642 καὶ
1393 616 1491 648 παῖδας
1505 617 1610 644 πείθειν
1627 617 1730 645 δύναιτ’
1747 619 1791 646 ἄν.
1806 618 1872 647 Εἶτα

1076 660 1154 693 αὖθις
1167 661 1202 688 τὰ
1229 662 1298 688 αὐτὰ
1311 680 1318 693 ,
1333 661 1431 698 ὥσπερ
1458 662 1659 698 ἐπιλαϐομένην
1682 664 1716 691 τὰ
1737 665 1872 701 πρότερον

1076 708 1255 740 ἀκουσθέντα,
1267 708 1428 742 ἐπάγουσαν
1446 708 1516 744 μετά
1529 709 1717 745 σφοδροτέρας
1736 710 1787 746 τῆς
1803 712 1873 739 ἀποο

1077 754 1138 790 ρίας
1151 754 1199 781 καὶ
1215 754 1362 789 καθάψεως
1375 755 1391 790 ἡ
1396 751 1455 790 μῶν
1474 754 1512 787 ὡς
1528 755 1634 789 ἀλόγως
1647 756 1782 791 λεγόντων
1794 758 1872 792 αἵρε-

1077 808 1119 825 σιν
1133 807 1140 814 ·
1158 798 1232 826 οὕτω
1251 798 1282 836 [1³.
1299 799 1392 836 τοῦτο]
1421 800 1471 835 μέν
1485 807 1527 827 τοι
1541 800 1571 827 τὺ
1592 801 1657 836 περὶ
1674 801 1747 837 ὑμᾶς
1768 802 1872 838 ἐκπληο

1079 853 1112 871 κτ
1116 853 1184 872 ικον.

1115 933 1183 968 Περὶ
1197 933 1226 960 δὲ
1242 933 1297 960 τῶν
1309 934 1448 968 ἐναντίων,
1465 935 1557 962 ἐκεῖνα
1574 935 1634 970 εξμὶ
1647 935 1734 971 λέγων
1747 945 1754 953 ι
1770 937 1844 969 Πῶς,
1856 936 1872 963 ὅ

1079 977 1217 1013 ἐκήρυξαν
1236 979 1395 1011 συνοδικῶς,
1406 980 1453 1006 καὶ
1466 979 1636 1007 ἐϐεϐαίωσαν
1654 981 1700 1008 ὑπ’
1717 981 1871 1016 ἀναθέματι

1078 1023 1133 1050 τῶν
1152 1024 1367 1051 ἀντιπιπτόντων
1392 1024 1430 1060 τῷ
1451 1025 1579 1061 δόγματι,
1604 1027 1664 1062 ἦτοι
1680 1028 1712 1062 τῇ
1728 1028 1872 1064 οἰκονομίᾳ

1079 1067 1237 1095 αὐτῶνοκαὶ
1250 1067 1290 1095 ἔτι
1307 1069 1480 1105 καθεκάστην
1495 1071 1664 1106 ἐμπράκτως
1675 1071 1870 1099 διδασκόντων·

1081 1114 1119 1149 μὴ
1134 1114 1299 1149 κηρύσσειν,
1317 1115 1385 1150 μηδὲ
1399 1116 1537 1143 διδάσκειν
1552 1117 1687 1151 λέγουσιν,
1709 1118 1780 1154 ὑπὲρ
1799 1118 1873 1150 τίνος

1079 1160 1135 1194 ἐγὼ
1147 1161 1299 1193 ότᾱπεινὺς
1317 1162 1433 1189 ἐνταῦθα
1450 1163 1646 1197 inminutae;
1666 1163 1753 1200 ’Υπὲρ
1772 1165 1846 1197 τίνος
1858 1167 1874 1192 ὁ

1079 1204 1174 1241 Πατήρ
1198 1214 1248 1241 μου
1262 1207 1275 1233 6
1290 1206 1446 1240 ἕγκλειστος
1468 1207 1709 1245 τεταλαιπώρηται
1721 1229 1729 1242 ,
1746 1218 1876 1245 μεμονω-

1080 1251 1159 1285 μένος
1174 1251 1204 1278 τὸ
1218 1252 1283 1287 πρίν
1293 1261 1299 1267 ·
1310 1252 1406 1279 ἔπειτα
1423 1253 1650 1289 παρερριμμένος
1664 1255 1693 1282 ἐν
1706 1251 1727 1288 ᾧ
1743 1255 1878 1291 περιώρι-

1080 1304 1141 1323 σται
1158 1297 1250 1333 τόπῳ;
1275 1298 1345 1333 ὑπὲρ
1370 1298 1443 1330 τίνος
1467 1299 1483 1325 ὁ
1504 1300 1723 1335 ἀρχιεπίσκοπος
1746 1300 1784 1332 ὡς
1809 1303 1875 1329 κατ’

1078 1341 1178 1374 αὐτοὺς
1190 1343 1384 1379 καθῃρημένος
1399 1344 1446 1370 καὶ
1467 1345 1496 1372 ἐν
1515 1345 1601 1381 πολλῇ
1613 1346 1779 1382 στενοχωρίᾳ
1797 1355 1877 1382 παρ-

1078 1387 1194 1424 αγγελίᾳ
1218 1397 1248 1414 τε
1270 1391 1317 1416 καὶ
1340 1389 1492 1425 ἀσφαλείᾳ·
1516 1391 1553 1423 ὡς
1581 1391 1630 1417 καὶ
1653 1392 1756 1427 τροφὴν
1779 1392 1877 1428 μέτρῳ

1078 1433 1228 1468 λαμϐάνειν
1244 1434 1336 1463 αὐτόν.
1369 1435 1652 1471 Παρακελευσθέντων
1666 1437 1721 1464 τῶν
1742 1439 1876 1473 τροφοδο-

1078 1479 1150 1505 τῶν·
1166 1477 1226 1506 εἶτα
1243 1480 1273 1506 ἐν
1295 1480 1334 1515 τῷ
1360 1480 1486 1517 παλατίῳ
1507 1481 1745 1516 μετεγκλεισθείςσ
1759 1483 1823 1518 ἀρτι
1843 1492 1877 1510 τε

1079 1527 1109 1552 ἐν
1125 1525 1201 1561 ξενίᾳ
1226 1527 1433 1562 παραρῤιφείς;
1462 1527 1532 1563 ὑπὲρ
1554 1527 1628 1560 τινος
1644 1529 1661 1564 ἡ
1679 1529 1804 1565 τιμιάτης
1825 1538 1878 1556 σου

1079 1571 1128 1597 σὺν
1154 1573 1210 1603 τοῖς
1235 1571 1362 1607 ἀδελφοῖς
1391 1573 1420 1600 ἐν
1448 1573 1634 1610 Θεσσαλονίκῃ
1663 1576 1876 1611 φρουρουμένηο

1077 1615 1234 1648 Θεόσωστός
1248 1625 1277 1643 τε
1297 1618 1310 1644 6
1326 1618 1479 1653 ἡγούμενος
1493 1619 1661 1655 διωκόμενος
1677 1620 1725 1647 σὺν
1740 1622 1796 1652 τοῖς
1813 1630 1876 1654 φοι-

1077 1663 1172 1696 τηταῖς
1188 1663 1221 1689 ἐκ
1237 1662 1289 1698 τῆς
1303 1663 1389 1698 αὐτῆς
1420 1664 1537 1697 πόλεως·
1561 1665 1654 1700 ἕτερός
1668 1674 1698 1692 τε
1719 1666 1880 1702 ἡγούμενος

1077 1707 1208 1743 ἀμέτρως
1221 1710 1405 1744 μαστιγωθεὶς
1423 1710 1478 1737 τῶν
1495 1711 1604 1745 ἐκεῖσε;
1621 1711 1690 1747 ὑπὲρ
1706 1712 1779 1744 τίνος
1795 1713 1881 1740 Ναιμ-

1077 1752 1190 1787 κράτιός
1214 1761 1245 1779 τε
1270 1754 1319 1780 καὶ
1342 1754 1482 1790 Ἀρσένιος
1503 1756 1528 1782 οἱ
1556 1755 1679 1790 ἀδελφοὶ,
1706 1757 1759 1788 ἕως
1788 1757 1881 1793 δεῦρο

1077 1797 1206 1832 ἀσφαλῶς
1221 1799 1498 1835 καταφρουρούμενοι
1508 1819 1515 1832 ,
1535 1801 1674 1833 Βασίλειός
1692 1810 1722 1827 τε
1737 1802 1784 1828 καὶ
1799 1802 1881 1838 Γρη-

1077 1843 1170 1879 γόριος
1190 1843 1338 1878 (hostium;
1362 1846 1431 1881 ὑπὲρ
1455 1847 1528 1878 τίνος
1549 1846 1686 1881 Στέφανος
1707 1847 1722 1873 6
1742 1848 1881 1883 ἐνάρετος

1077 1889 1239 1924 ἡγούμενος,
1264 1890 1313 1917 σὺν
1341 1893 1512 1927 πεντήκοντα
1536 1892 1672 1929 μαθηταῖς
1697 1898 1883 1929 μεταναστὰς

1078 1936 1110 1962 ἐκ
1129 1935 1177 1962 τοῦ
1203 1936 1305 1963 οἰκείου
1332 1939 1545 1974 φροντιστηρίου
1570 1940 1618 1966 σὺν
1633 1940 1729 1967 ἑκατόν
1745 1950 1775 1968 τε
1792 1941 1881 1976 δέκα,

1078 1981 1136 2017 ἅμα
1152 1983 1297 2018 ἐπισκόπῳ
1313 1983 1461 2019 πρότερον,
1477 1985 1688 2020 ἀναθεματικὼς
1703 1986 1753 2022 τὴν
1776 1996 1883 2023 μοιχο-

1079 2028 1200 2062 σύνοδον,
1220 2029 1258 2060 ὡς
1270 2029 1300 2056 τὸ
1316 2029 1484 2064 Εὐαγγέλιον
1498 2030 1637 2058 λύσασαν·
1659 2031 1732 2059 καθὰ
1746 2034 1883 2070 περιέχει

1077 2076 1108 2103 τὸ
1120 2076 1277 2104 ἀποσταλὲν
1294 2078 1361 2113 παρ’
1375 2078 1457 2105 αὑτοῦ
1478 2081 1684 2114 γραμματεῖον;
1709 2081 1782 2116 ὑπὲρ
1799 2083 1883 2116 τίνος

1084 2121 1228 2154 Ἀντώνιος
1243 2123 1257 2149 6
1268 2122 1468 2156 εὐλαϐέστατος
1484 2125 1649 2160 ἡγούμενος,
1663 2125 1692 2152 ἐν
1704 2128 1814 2162 φρουρᾷ
1835 2129 1883 2160 είς

1078 2167 1109 2194 τὸ
1134 2168 1302 2203 Ἀμμόριον·
1325 2169 1426 2204 ὁμοίως
1451 2169 1501 2196 τοῦ
1519 2170 1653 2206 προτέρου
1680 2171 1729 2198 σὺν
1750 2174 1784 2206 τῇ
1812 2175 1883 2201 κατ’

1081 2213 1163 2241 αὑτὸν
1178 2213 1339 2250 ἀδελφότητι
1363 2215 1572 2250 ἀναθεματικὼς
1587 2216 1637 2252 τὴν
1662 2218 1884 2253 μοιχοσύνοδον;

1082 2259 1152 2296 ὑπὲρ
1165 2260 1236 2292 τίνος
1253 2261 1278 2287 οἱ
1292 2262 1356 2297 περὶ
1369 2262 1415 2288 τὸν
1438 2262 1553 2297 ἀδελφὺν
1566 2262 1727 2298 Αίμιλιανὸν
1741 2264 1771 2290 ἐν
1787 2265 1885 2303 Θυνίςι

1081 2308 1157 2342 παρὰ
1180 2307 1228 2334 τυῦ
1248 2308 1426 2344 Νικομηδέως
1444 2309 1568 2342 δεθέντες
1587 2311 1634 2337 καὶ
1650 2311 1794 2346 ἀχθέντες,
1813 2316 1884 2341 πεῖ-

1083 2353 1133 2388 ράν
1156 2362 1186 2380 τε
1206 2354 1345 2388 μαστίγων
1362 2355 1410 2382 καὶ
1425 2356 1594 2391 ἐμπαιγμῶν
1617 2356 1765 2389 λαὸόντες·
1786 2367 1886 2387 κατα-

1081 2398 1254 2434 ληῖσαμένων
1268 2399 1323 2426 τῶν
1334 2399 1554 2427 ἐπεισπεσόντων
1564 2401 1655 2433 αὐτοῖς
1663 2401 1698 2428 τὰ
1712 2401 1764 2437 τῆς
1776 2405 1885 2440 μονῆς,

1081 2445 1118 2477 ὡς
1134 2445 1270 2480 πολεμικά
1288 2445 1415 2482 upupa;
1440 2446 1511 2483 ὑπὲρ
1532 2447 1606 2480 τινος
1631 2449 1661 2475 ἐν
1681 2448 1809 2484 Χερσῶνι
1831 2450 1885 2477 δε-

1079 2489 1229 2525 διωγμένος
1244 2490 1320 2517 Λέων
1334 2492 1349 2517 6
1363 2491 1571 2525 θεοσεσέστατος
1591 2493 1743 2526 ἐπίσκοπος
1759 2495 1792 2521 τὸ
1811 2497 1884 2524 ἐπες

1080 2536 1148 2571 κλην
1161 2535 1315 2571 Βαλελάδης
1325 2545 1333 2553 ο
1359 2537 1500 2570 Ἀντώνιός
1516 2547 1546 2565 τε
1561 2539 1575 2565 6
1590 2539 1776 2575 τετιμημένος
1788 2541 1887 2576 ἡγού-

1082 2590 1161 2616 μενος
1174 2582 1223 2609 σὺν
1247 2582 1323 2609 δυσὶν
1343 2583 1434 2616 ἀλλοις
1449 2586 1693 2621 πεφρουρημένος;
1707 2586 1780 2622 ὑπὲρ
1799 2589 1883 2621 τινος

1079 2627 1109 2652 ὲν
1123 2627 1243 2662 Λιπάρει
1257 2629 1291 2663 τῇ
1309 2629 1473 2664 ὑπερέκεινα
1495 2630 1620 2663 Σικελίας
1631 2651 1638 2664 ,
1661 2631 1774 2667 ἀδελφοὶ
1792 2634 1885 2669 ήμῶν

1079 2673 1108 2697 ἐν
1123 2672 1231 2708 φυλακῇ
1247 2673 1429 2709 τηρούμενοι;
1455 2676 1526 2713 ὑπὲρ
1541 2677 1614 2709 τίνος
1634 2678 1659 2704 οί
1676 2679 1741 2714 περὶ
1755 2680 1885 2715 Λητὸῑοιι

1079 2719 1108 2744 έν
1127 2719 1251 2754 Χερσῶνι
1275 2721 1546 2758 παραφυλαχθέντες,
1567 2724 1693 2752 κάκεῖθεν
1711 2725 1741 2751 ἐν
1761 2727 1882 2762 φυλαχῇ

1079 2765 1328 2800 παραπεμφθέντες
1352 2767 1421 2802 πρὸς
1442 2768 1488 2795 τὸν
1517 2769 1640 2804 βασιλέα,
1664 2768 1724 2797 εἶτα
1753 2772 1885 2806 φυλακν

274 2808 506 2850 δ”ιιοιιαδιεπὶπυι
541 2822 608 2849 Vide
628 2820 883 2857 Constantinopolim
910 2821 1009 2850 Christ.

1082 2846 1088 2852 .
1108 2833 1144 2855 Iv,
1163 2831 1224 2858 pay.
1241 2824 1299 2851 180.
