1926 3078
96 181 161 212 1073

706 177 975 209 EPISTOLARUM
991 177 1065 208 LIB.
1086 176 1111 207 Ι.

1655 177 1724 217 ιοτι

93 237 202 266 σθέντες
224 235 254 260 ἐν
279 235 317 268 τῷ
347 232 498 267 Βυξαντίῳ-
531 232 579 259 καὶ
611 234 824 270 συντηρούμενοι
851 235 877 260 ἐι

935 236 1024 260 ratore
1040 230 1219 259 denuntiata:
1234 229 1290 260 Vos
1310 230 1532 260 anathematizati
1562 232 1639 266 estis,
1661 237 1689 261 et
1707 240 1723 261 α

93 280 304 316 μοναστηρίοιςς
322 279 400 306 Εἴπω
422 278 506 305 πάλιν
520 279 554 305 τὰ
571 279 611 309 εὶς
624 279 699 314 ἡμᾶς
715 280 778 312 τοὺς
792 281 879 315 τρεῖς.

96 328 183 362 ’Υπὲρ
200 326 273 357 τίνος
287 326 327 357 εις
341 325 375 351 τὰ
397 324 512 358 Ἀγαθοῦ
530 324 606 359 παρὰ
620 325 668 351 τοῦ
687 325 819 360 βασιλέως
837 325 882 353 διὰ

90 373 143 399 τῶν
159 371 326 406 Σπαθαρίων
348 369 502 405 δηλωθέντα
519 370 600 405 ἡμῖν·
619 370 657 401 ὡς
680 370 759 404 ὑμεῖς
782 370 880 397 ἀναθε-

91 418 258 453 ματισμένοι
284 416 358 448 ἐστὲ,
376 416 423 442 καὶ
439 415 630 450 καθῃρημένοι
650 415 727 451 παρὰ
749 414 799 449 τῆς
818 423 879 441 συν-

89 465 166 497 όδου;
185 463 258 496 ὑπὲρ
269 462 342 494 τίνος
356 463 373 498 ἡ
389 462 430 493 εἰς
443 461 489 488 τὸν
510 461 587 495 ἆγιον
611 461 750 496 Μάμαντα
769 460 878 495 φυλακὴ

90 510 298 546 μεμονωμένων
314 508 368 535 τῶν
383 508 483 544 τριῶν;
498 507 570 543 ὑπὲρ
586 507 659 539 τινος
671 508 688 542 ἡ
706 508 796 534 ἐκεῖσε
811 516 879 542 παρ-

89 557 168 583 ουσία
192 555 247 581 τῶν
268 553 358 581 αὐτῶν
374 553 550 588 Σπαθαρίων.
577 553 625 580 σὺν
641 553 714 588 τρισὶ
728 554 783 584 τοῖς
803 552 879 588 παρὰ

89 601 136 628 τοῦ
153 600 294 633 ἀντιδόξου
315 599 525 634 ἐπιφερομένοις
551 598 792 632 ὑπαναγνωστικδν
812 598 878 625 καθ-

88 647 231 681 αιρέσεως,
246 645 295 671 καὶ
306 643 528 677 ἁναθεματίσεως
549 641 627 678 ἡμῶν
636 650 643 657 '
657 642 739 671 πάλιν
758 642 806 668 καὶ
818 642 880 668 ἐπεὶ

91 691 319 728 περιεφράξαμεν
332 690 365 716 τὰ
379 686 436 717 ὦτα
448 689 496 715 καὶ
511 688 558 715 τοῦ
571 689 704 721 ἁκοῦσαι;
720 688 790 723 ὑπὲρ
807 688 880 719 τίνος

90 738 172 772 ἡμεῖς
199 737 248 771 μὲν
263 735 397 770 ὲξόριστοι
412 734 490 765 ἄλλος
505 733 633 769 ἀλλαχοῦ,
656 733 703 760 καὶ
721 733 880 762 ὲναπὸκλειρ

90 791 166 810 στοι-
185 783 200 809 ὅ
222 790 251 808 τε
272 781 431 815 οἰκονόμος,
449 780 497 808 καὶ
513 781 528 807 ὀ
547 779 684 815 Ἀρσένιος
704 780 728 806 οι
754 779 879 814 ἀδελφοί·

87 827 211 861 διωγμὸς
223 826 252 853 δὲ
265 825 319 852 τῶν
332 825 421 852 ἄλλων
438 824 494 852 ἀπὸ
507 824 556 851 δύο
569 824 617 854 καὶ
630 824 698 851 δέκα
714 823 810 859 μιλίων
831 824 880 858 τῆς

88 871 408 902 Κωνσταντινουπόλεως
423 878 431 885 ·
459 870 497 902 ὠς
521 871 584 902 τοὺς
621 870 672 905 μὲν
699 870 728 896 ὲν
755 869 881 905 σπηλαίῳ

935 279 1039 314 synodo
1052 278 1167 313 depositi
1181 277 1257 305 ?Cur
1281 277 1326 305 illa
1344 278 1378 305 ad
1401 283 1527 307 sanctum
1559 279 1726 313 Μωωιεω

935 322 1069 356 custodia,
1083 322 1162 351 nobis
1188 322 1276 350 tribus
1303 322 1448 361 segregans
1465 323 1477 350 ?
1490 321 1546 352 Cur
1559 323 1657 356 eodem
1673 323 1724 356 ad-

935 372 1070 396 venerunt
1081 367 1163 395 iidem
1175 366 1313 402 Spatharii
1337 374 1399 396 cum
1419 367 1506 398 tribus
1520 367 1566 402 qui
1579 367 1614 399 ab
1626 368 1724 398 adver-

936 413 1008 441 sario
1041 413 1219 448 depositionis
1255 417 1281 440 et
1306 412 1595 441 excommunicationis
1624 417 1725 445 nostra:

937 459 1042 486 tabulas
1052 458 1209 490 allerebant,
1222 462 1252 485 ut
1262 458 1360 485 iterum
1371 457 1539 491 audiremus,
1552 458 1659 486 tametsi
1673 466 1724 486 au-

935 512 979 532 res
996 503 1228 532 occludebamus?
1239 503 1295 531 Cur
1307 511 1358 530 nos
1368 503 1413 530 alii
1425 503 1478 531 alio
1490 503 1601 539 relegati
1613 507 1643 531 et.
1655 511 1724 533 con-

934 550 1013 583 clusi,
1043 554 1099 577 tum
1125 557 1294 581 meonomus,
1310 553 1368 576 tum
1394 549 1525 577 Arsenius
1541 549 1638 582 fratres
1656 558 1662 576 :
1679 549 1725 579 alii

933 598 966 625 ad
981 597 1123 626 duodecim
1137 597 1170 626 ab
1185 597 1253 624 urbe
1266 595 1501 631 Constantinopoli
1513 596 1598 627 millia
1613 604 1724 632 passum

933 643 1002 679 pulsi
1017 652 1023 670 :
1037 643 1105 671 adeo
1129 648 1158 670 ut
1169 643 1279 678 quidam
1296 642 1325 670 in
1340 643 1471 677 spelunca
1487 642 1661 676 delitescant,
1671 651 1726 679 quo

933 689 1012 717 nobis
1029 689 1098 717 clam
1125 689 1291 721 ministrent,
1308 688 1376 716 laica
1391 692 1469 719 veste
1481 688 1568 721 induti
1586 697 1593 716 :
1610 688 1655 721 alii
1668 693 1726 719 toto

932 735 976 762 die
996 735 1023 762 in
1044 734 1178 769 sepulcris
1208 735 1318 766 lateant,
1339 738 1377 767 et,
1388 733 1451 770 quia
1473 733 1595 765 interdiu
1611 742 1725 776 compa-

933 789 994 808 rere
1005 788 1060 808 non
1088 781 1201 814 audent,
1224 785 1306 808 noctu
1324 780 1396 810 inter
1421 788 1451 812 se
1466 781 1656 815 concursent?
1669 782 1726 810 .Cur

932 830 1065 861 quotquot
1082 833 1097 854 a
1112 826 1244 854 militibus
1270 825 1388 853 inveniri
1418 829 1577 863 potuerunt,
1600 826 1673 864 capti
1695 830 1725 854 et

933 866 961 899 in
983 880 1107 900 carceres
1124 871 1252 907 coniecti.
1271 871 1371 900 deinde
1382 872 1417 902 ab
1440 872 1509 902 urbe
1530 872 1644 913 projecti
1660 871 1723 901 fue-

87 917 300 953 κατακρυὸῆναι
333 916 378 943 διὰ
410 917 462 951 τὴν
493 916 563 951 πρὸς
592 916 668 951 ἡμᾶς
695 915 877 948 λανθανόντως

934 918 1024 945 runt?
1042 918 1131 952 Atque
1149 923 1179 945 ut
1191 917 1268 945 initia
1283 917 1342 952 ipsa
1367 917 1559 957 perstringam.
1585 925 1636 949 cur
1660 915 1724 946 Stu-

86 963 241 995 ὁιακονίαν,
259 963 538 999 μεταμφιασαμένους
560 962 662 997 ἐσθῆτα
684 962 797 989 λαῖκῶν.
819 962 880 988 Τῶν

86 1010 116 1036 δὲ
136 1009 203 1044 ὃλην
218 1009 327 1044 ἡμέραν
343 1008 396 1035 ὑπὸ
415 1009 507 1035 πλάκα
531 1007 700 1040 ὑποδύντων,
720 1008 768 1035 καὶ
786 1007 880 1043 ιπειδὴ

87 1056 140 1081 οὐκ
164 1052 200 1090 ἦν
225 1055 256 1082 ὲν
273 1054 367 1090 ἡμέρα
391 1054 551 1089 ἐμφανίσαι,
579 1054 657 1081 νυκτὶ
682 1054 723 1085 εἰς
748 1053 881 1089 ἀλλήλους

87 1099 324 1134 περιτρεχόντωνς
351 1099 437 1134 ’Υπὲρ
460 1099 534 1131 τίνος
556 1099 581 1126 οί
603 1099 794 1134 εὑρισκόμενοι
813 1107 882 1134 κρα-

86 1144 219 1179 τούμενοι
242 1144 296 1171 ὑπὸ
318 1143 503 1180 στρατιωτῶν,
530 1143 578 1171 καὶ
605 1144 635 1170 ὲν
657 1143 696 1179 τῷ
719 1143 880 1180 πραιτωρίῳ

86 1189 304 1224 φυλακισθέντες
315 1198 321 1205 ·
345 1188 405 1216 εἶτα
420 1189 603 1225 ὲξορισθέντες
616 1190 668 1224 τῆς
684 1189 805 1223 πόλεως;
825 1189 881 1216 Καὶ

86 1236 133 1262 ἵνα
150 1235 185 1262 τὰ
206 1235 267 1261 κατ’
289 1235 377 1270 ἀρχὰς
401 1234 491 1261 εἴπω·
513 1234 584 1269 ὑπὲρ
603 1234 675 1266 τίνος
698 1234 732 1261 τὰ
754 1234 880 1262 Στουδίου

86 1282 143 1308 ὑπὸ
169 1280 282 1315 στίφους
309 1280 483 1315 στρατιωτῶν
507 1279 585 1314 ἄφνω
608 1279 776 1307 ἐπελθόντων
795 1288 880 1316 φρου-

87 1326 233 1362 ρούμενα·
258 1325 297 1357 ὡς
314 1325 382 1360 μηδὲ
403 1326 534 1352 ἀναπνεῖν
557 1325 648 1361 ἡμᾶς·
665 1326 715 1360 τήν
739 1334 768 1352 τε
789 1327 881 1352 ἐκεῖσε

85 1372 185 1406 ἄφιξιν
199 1370 247 1398 τοῦ
262 1371 381 1403 Νικαίας
403 1372 450 1398 καὶ
472 1371 669 1406 Χρυσοπόλεως
680 1392 687 1404 ,
704 1372 744 1403 εις
757 1371 787 1398 τδ
804 1371 880 1404 δέξα-

87 1419 152 1445 σθαι
175 1419 252 1454 ἡμᾶς
279 1417 328 1444 τὸν
348 1417 558 1453 μοιχοξεύκτην·
583 1417 621 1451 ὡς
649 1417 725 1452 παρὰ
743 1417 791 1444 τοῦ
811 1426 880 1453 προ-

85 1463 269 1498 ηγησαμένου
293 1462 464 1498 πατριάρχου
490 1462 678 1498 ὲπιτραπέντα
700 1463 812 1498 ποιῆσαι
830 1462 880 1497 τὴν

87 1507 300 1544 μοιχοζευξίαν;
314 1508 379 1541 Καὶ,
388 1508 475 1540 Ἐπεὶ,
491 1509 585 1544 φησὶν,
598 1508 675 1542 ἅγιος
689 1509 704 1535 ό
719 1507 879 1543 ἐπιτρέψας.

85 1554 124 1586 ὡς
138 1554 154 1580 ὁ
174 1553 371 1588 Χρυσόστομος
383 1553 462 1586 ἁγίου
476 1553 552 1583 ἐστὸν
569 1552 728 1588 οἰκονομία·
745 1553 792 1579 καὶ
805 1552 878 1585 δέξα-

87 1599 134 1626 σθε
152 1597 268 1633 ταύτην.
288 1597 375 1632 Ὑπὲρ
389 1597 460 1628 τινος
476 1598 492 1632 ὴ
505 1598 534 1624 ἐν
549 1597 627 1624 νυκτδ⁹
643 1598 723 1633 ἄρσις
734 1597 813 1634 ἡμῶν
823 1597 879 1624 τῶν

85 1645 230 1680 τεσσάρων
253 1645 285 1670 ὲκ
303 1643 358 1670 τῶν
372 1644 462 1670 ἐκεῖσε
480 1643 513 1670 δι’
528 1642 659 1678 ἄρχοντος
682 1643 729 1670 καὶ
745 1652 878 1679 στρατιω-

87 1689 152 1719 τῶν,
170 1689 219 1715 καὶ
234 1688 387 1722 ἀπαγωγῆς
402 1687 507 1724 [melius
522 1688 671 1724 ἀπαγωγὴ]
685 1689 753 1724 πρὸς
767 1689 814 1716 τὸν
828 1689 879 1716 Συ-

89 1733 165 1769 μεὼν
189 1733 236 1760 τὸν
257 1734 308 1760 οὐκ
332 1730 380 1760 οἷδ’
404 1734 478 1766 ὅπως
501 1734 587 1760 εῐπω·
614 1734 662 1761 καὶ
685 1734 719 1761 τὰ
742 1733 777 1761 δι’
795 1733 878 1762 αὑτοῦ

87 1779 166 1814 παρὰ
178 1778 226 1806 τοῦ
242 1778 375 1814 βασιλέως
387 1779 552 1814 δηλωθέντα,
569 1779 609 1811 εὶς
621 1778 652 1806 τὺ
666 1779 794 1812 δέξασθαι
806 1780 879 1816 ἡμᾶς

88 1825 327 1860 μετανενοηκότας
338 1833 345 1840 '
362 1825 410 1851 καὶ
423 1825 463 1856 εις
477 1826 546 1860 ὅπερ
559 1825 613 1857 ἓως
625 1825 704 1861 δεῦρο
717 1825 877 1861 ἐνέστημεν,

84 1870 123 1902 ὡς
134 1870 295 1905 οξκονομίας
309 1871 477 1905 γενομένηςς
504 1870 588 1905 ’Υπὲρ
610 1870 682 1901 τινος
697 1870 778 1897 πάλιν
795 1871 879 1898 κατά-

85 1919 210 1945 ιιλειστοι
224 1919 265 1949 εἰς
283 1918 329 1944 τδν
349 1918 427 1951 ἅγιον
449 1918 577 1953 Σέργιον·
598 1918 646 1946 καὶ
661 1918 742 1945 πάλιν
757 1919 805 1945 τοῦ
826 1919 876 1944 Συ-

85 1963 162 1997 μεὼν
190 1963 282 1989 ὲκεῖσε
306 1963 382 1998 παρὰ
406 1963 453 1990 τοῦ
479 1963 612 1998 βασιλέως
635 1964 728 1999 ἄφιξις
750 1965 791 1997 είς
812 1965 879 1992 αὐτὸ

84 2009 178 2035 τοῦτο.
193 2009 280 2044 ’Υπὲρ
295 2010 368 2041 τίνος
382 2011 398 2046 ἡ
413 2010 447 2037 δι’
462 2011 600 2046 ἀρχόντων
615 2011 788 2047 παράστασις
799 2012 879 2047 ἡμῶν

85 2054 115 2079 ἐν
138 2054 176 2087 τῇ
202 2052 410 2089 πολυανθρώπιρ
434 2055 545 2089 συνόδῳ,
569 2055 811 2091 συγκαθεζομένων
831 2057 878 2083 καὶ

85 2098 175 2132 τριῶν
186 2097 242 2124 τῶν
257 2099 395 2133 μεγίστων
408 2099 571 2135 ἀξιωμάτων
582 2108 590 2132 ;
613 2099 700 2135 Ὑπὲρ
713 2100 784 2133 τίνος
796 2100 852 2135 ἐγὼ
864 2102 879 2128 ὸ

84 2144 216 2175 ταπεινὸς
228 2144 319 2170 ἐκεῖσε
337 2143 583 2182 ὑϐριζόμενος,καὶ
596 2146 728 2174 κυκλόθεν
741 2155 879 2183 περιστοι-

86 2188 247 2223 χιζόμενοςς
264 2189 311 2216 καὶ
325 2190 432 2217 ἁκούων
443 2198 450 2205 ’
469 2191 527 2218 Οὐκ
549 2189 623 2227 οἶδας
637 2192 663 2218 τί
682 2192 831 2227 φλυαρεῖς,
851 2192 877 2218 τί

931 964 1041 991 dianum
1057 972 1071 991 a
1091 964 1205 991 militum
1230 971 1314 993 manu
1340 963 1432 991 subito
1459 963 1578 996 immissa
1606 970 1723 999 occupa-

932 1012 999 1041 tum,
1021 1008 1057 1036 ita
1069 1012 1098 1036 ut
1108 1008 1241 1043 respirare
1263 1007 1342 1037 nobis
1354 1008 1397 1037 vix
1411 1007 1525 1036 liceret:
1542 1012 1569 1035 et
1580 1006 1677 1040 Nicaea:
1691 1012 1722 1037 et

931 1053 1106 1089 Chrysopolis
1131 1053 1255 1088 episcopi
1270 1061 1303 1081 eo
1326 1053 1520 1087 adventarunt,
1546 1057 1575 1080 ut
1604 1052 1723 1084 adulteri

931 1099 1116 1134 copulatorem
1131 1099 1440 1135 susciperemus,veluti
1454 1099 1499 1134 qui
1516 1107 1532 1130 ο
1551 1099 1724 1135 prlecedente

930 1144 1084 1178 patriarcha
1097 1144 1190 1180 jussus
1200 1144 1326 1172 adulterii
1337 1144 1538 1179 copulationem
1552 1143 1723 1183 peregisset?

932 1189 1141 1222 EtzQuoniam,
1161 1190 1290 1223 aiebant,
1319 1194 1430 1220 sanctus
1460 1192 1506 1226 qui
1531 1189 1624 1229 jussit,
1651 1189 1723 1221 sicut

931 1234 1160 1270 Chrysostomns;
1180 1235 1266 1262 sancti
1282 1239 1325 1262 est
1338 1234 1507 1270 dispensatio
1522 1243 1529 1261 :
1546 1242 1630 1273 quare
1649 1234 1722 1263 illam

932 1281 1055 1315 recipite.
1083 1281 1138 1308 Cur
1151 1285 1234 1309 noctu
1255 1288 1306 1308 nos
1325 1286 1443 1316 quatuor
1458 1281 1522 1309 inde
1546 1281 1646 1314 sublati
1674 1289 1723 1317 per

930 1326 1028 1354 ducem
1059 1334 1091 1354 ac
1119 1326 1231 1357 milites,
1256 1331 1338 1362 atque
1368 1326 1403 1355 ad
1427 1326 1580 1359 Simeonem
1600 1326 1722 1361 abducti,

931 1379 1012 1407 quem
1035 1371 1128 1399 nescio
1144 1379 1198 1409 quo
1209 1372 1320 1400 nomine
1334 1372 1480 1407 appellem,
1497 1376 1525 1404 et
1539 1379 1600 1409 qua
1620 1379 1671 1410 per
1686 1371 1722 1399 il-

931 1416 986 1444 lum
1010 1416 1089 1444 nobis
1119 1417 1153 1445 ab
1181 1417 1344 1452 imperatore
1369 1417 1530 1454 signiﬁcata,
1559 1421 1591 1444 ut
1617 1421 1721 1446 mutua

932 1462 1067 1489 sententia
1085 1462 1120 1489 ab
1134 1462 1258 1490 instituto
1285 1462 1490 1495 desisteremus.
1506 1466 1634 1498 tanquam
1650 1462 1721 1490 facta

931 1506 1136 1541 dispensatione
1156 1515 1162 1534 :
1181 1506 1225 1536 cui
1242 1505 1279 1534 rei
1290 1507 1324 1534 ad
1335 1507 1408 1534 hunc
1421 1514 1508 1542 usque
1519 1507 1594 1535 diem
1618 1507 1721 1535 restiti-

932 1559 993 1580 mus
1007 1552 1018 1578 ?
1034 1551 1088 1579 Cur
1101 1551 1200 1579 iterum
1213 1551 1246 1581 ad
1261 1555 1388 1579 sanctum
1406 1551 1529 1591 Sergium
1544 1552 1642 1585 inclusi
1667 1553 1722 1581 fui-

904 1594 913 1602 ¹
927 1606 991 1627 mus
1003 1608 1010 1626 :
1022 1603 1050 1626 et
1062 1607 1157 1626 rursus
1171 1598 1282 1628 Simeon
1295 1598 1401 1631 eodem,
1415 1599 1528 1636 iubente
1542 1599 1720 1635 imperatore,

929 1644 1068 1679 prolectus
1079 1644 1201 1674 eamdem
1215 1645 1250 1673 ob
1259 1645 1388 1674 causam?
1398 1645 1453 1673 Cur
1462 1653 1511 1681 per
1524 1646 1607 1674 duces
1620 1653 1722 1685 reprac-

930 1690 1030 1719 sentati
1049 1698 1100 1718 nos
1129 1690 1156 1717 in
1188 1692 1293 1727 synodo
1318 1698 1473 1723 numerosa,
1489 1691 1517 1720 in
1538 1699 1590 1726 qua
1616 1696 1644 1719 et
1666 1697 1722 1723 tres

931 1736 1056 1763 maxime:
1063 1736 1209 1772 dignitates
1215 1737 1409 1767 considebant?
1422 1736 1476 1765 Cur
1482 1737 1647 1773 egohumilis
1652 1745 1720 1772 cun,-

935 1783 1079 1810 tumeliose
1093 1783 1131 1810 ibi
1142 1787 1284 1815 tractatus,
1298 1788 1325 1811 et
1339 1784 1459 1819 undique
1470 1784 1621 1817 obvallatus
1632 1785 1644 1811 2
1654 1784 1720 1815 illud

928 1829 1046 1857 subinde
1056 1829 1172 1857 audiens
1187 1838 1194 1856 :
1210 1829 1305 1858 Nescis
1319 1830 1384 1866 quid
1399 1830 1519 1868 nugeris,
1536 1830 1603 1869 quid
1620 1830 1694 1864 dicas
1709 1838 1718 1864 ;

928 1881 990 1902 cum
1004 1881 1055 1909 ego
1070 1874 1246 1906 inclamarem
1262 1884 1268 1902 :
1283 1875 1409 1903 Concidit
1421 1874 1588 1911 Praecursor,
1604 1875 1719 1909 solvitur

929 1917 1114 1954 Evangelium,
1129 1927 1184 1947 non
1194 1923 1236 1947 est
1248 1919 1434 1955 dispensatio;
1451 1924 1479 1947 et
1491 1919 1530 1947 illi
1547 1920 1649 1956 impius
1663 1920 1715 1950 ite-

929 1968 1022 1992 rarent
1037 1973 1044 1991 :
1062 1964 1231 2000 Dispensatio
1245 1969 1286 1994 est
1303 1973 1311 1998 ;
1328 1969 1409 2000 atque
1433 1965 1471 1993 ita
1491 1965 1580 1994 sancti
1605 1965 1718 2002 dispen—

926 2014 1023 2038 sarunt
1036 2013 1064 2037 et
1079 2010 1236 2044 praecedens
1252 2014 1363 2038 sanctus
1377 2010 1542 2046 patriarcha.
1559 2010 1600 2039 En
1627 2015 1714 2046 testes

928 2054 1000 2090 quod
1017 2054 1064 2081 ille
1077 2055 1193 2083 adulteri
1206 2055 1406 2090 copulationem
1430 2056 1600 2092 praeceperit.
1623 2056 1717 2090 Quan-

928 2106 1010 2134 quam
1026 2098 1064 2125 illi
1080 2106 1135 2125 non
1147 2098 1187 2126 sic
1197 2105 1256 2125 eam
1268 2098 1441 2133 appellabant
1453 2106 1461 2131 ;
1473 2098 1539 2133 quin
1551 2098 1715 2131 fremebant.

928 2148 955 2171 et
968 2144 1094 2171 dentibus
1117 2143 1277 2175 stridebant,
1299 2151 1361 2170 cum
1390 2143 1505 2171 adulteri
1531 2144 1715 2178 copulatorum

928 2190 1064 2217 audirent.
1088 2188 1144 2216 Cur
1169 2189 1314 2216 anathema
1329 2189 1372 2220 iis,
1386 2189 1432 2223 qui
1442 2193 1597 2216 sanctorum
1609 2190 1716 2225 dispen-

84 2233 188 2264 λαλεῖς.
207 2233 329 2265 Βοῶντὸς
355 2242 422 2268 μου·
439 2234 537 2262 Πίπτει
555 2235 570 2262 ὁ
592 2235 766 2271 Πρόδρομος·
783 2236 876 2262 λύεται

929 2235 1048 2262 sationes
1059 2243 1113 2262 non
1128 2234 1284 2267 admittunt,
1298 2235 1370 2262 clara
1383 2242 1450 2262 voce
1464 2234 1651 2265 denuntiatum
1667 2244 1674 2262 :
1687 2240 1715 2263 ot

83 2279 115 2305 τὸ
131 2279 318 2313 Εὐαγγέλιον·
340 2279 391 2307 οὐκ
414 2279 488 2307 ἔστιν
506 2281 665 2316 οἰκονομία·
691 2280 825 2308 κάκείνων
845 2281 874 2307 τὸ

84 2323 226 2357 ἐπιλέγειν
249 2324 327 2358 πολὺ,
355 2325 396 2351 ὅτι
418 2326 575 2361 οἰκονομία’
591 2326 639 2352 καὶ
658 2325 744 2358 οὕτως
759 2327 784 2352 οι
803 2327 877 2359 ἅγιοι

84 2369 279 2404 ᾡκονὸμησαν,
308 2370 357 2397 καὶ
377 2371 391 2396 δ
413 2371 441 2397 ὲν
457 2370 544 2404 ἁγίοις
567 2371 805 2406 προηγησάμενος.
824 2371 875 2398 Ἴδε

85 2414 230 2449 μάρτυρες
243 2415 285 2441 ὅτι
310 2415 442 2451 ἐπέτρεψε
457 2417 506 2451 τὴν
531 2416 734 2451 μοιχοζευξίαν·
756 2417 807 2444 κᾶν
825 2417 875 2444 οὐκ

83 2460 180 2493 ἔλεγον
199 2460 286 2495 αὐτὴν
304 2460 392 2493 οὕτως
404 2482 411 2493 ,
436 2462 504 2489 ἀλλὰ
518 2463 566 2489 καὶ
579 2463 608 2490 τὺ
632 2464 721 2490 εἰπεῖν
739 2463 877 2498 μοιχοζεύ-

84 2515 167 2541 κτην,
185 2506 342 2542 διεπρίοντο
365 2508 430 2539 τοὺς
443 2508 551 2540 ὀδόντας
572 2508 620 2535 τοῦ
642 2509 724 2536 οἱονεὶ
745 2510 873 2544 ῥοφῆσαι.

89 2552 178 2587 ’Υπὲρ
196 2552 269 2584 τίνος
283 2553 314 2579 τὺ
324 2553 450 2588 ἀνάθεμα
466 2555 522 2586 τοῖς
544 2555 582 2589 μὴ
597 2554 751 2590 δεχομένοις
766 2555 816 2587 τὰς
834 2556 874 2581 ol-

82 2597 217 2633 κονομιας
240 2598 295 2625 τῶν
319 2599 406 2633 ἁγίων
434 2600 585 2635 διαῆοὴτως
609 2600 796 2636 ἀνακραχθέν·
826 2600 874 2627 καὶ

81 2644 136 2677 ἐγὼ
146 2644 199 2670 σὺν
213 2644 254 2679 τῷ
266 2644 353 2680 Πατρί
367 2653 419 2680 μου
429 2646 474 2671 καὶ
482 2645 635 2681 Καλογήρῳ
649 2646 693 2672 ὑπ’
710 2646 873 2681 ἀρχοντικῆς

82 2689 176 2724 χειρὸς
202 2689 363 2724 ἀφορισθεὶς
389 2691 421 2716 ὲκ
442 2690 544 2726 μέσου·
568 2693 582 2718 ό
606 2691 634 2718 δὲ
659 2691 873 2726 ὰρλιεπίσκοπος

81 2734 307 2769 ὲναποὶειῖρθείς·
335 2736 383 2762 καὶ
403 2736 469 2763 διότι
492 2737 574 2772 μόνον
600 2737 807 2773 ἐλειτούργησεν
826 2736 873 2763 ὑπ’

80 2780 146 2814 ἐμοῦ
163 2781 353 2817 παρακληθεὶς
368 2783 406 2813 είς
416 2782 449 2810 τὰ
462 2783 642 2815 Στουδίου,ώς
655 2783 741 2814 κοινὸς
754 2782 872 2817 πρεσϐύ-

80 2833 158 2860 τερος
177 2826 356 2861 καθαιρεθεὶς
372 2829 432 2854 κατ’
447 2829 561 2862 αὑτούς;
585 2829 638 2855 Τὸν
651 2829 704 2864 γὰρ
724 2829 770 2856 ὑπ’
789 2827 872 2855 αὑτοῦ

82 2870 203 2905 Χριστοῦ
222 2871 421 2907 καθαιρεθέντα
438 2873 485 2900 καὶ
508 2874 562 2901 τῶν
577 2873 658 2901 θείων
675 2872 795 2901 κανόνων
816 2882 871 2908 μοι-

926 2288 976 2316 ego
995 2288 1057 2308 cum
1080 2285 1156 2316 patre
1167 2287 1228 2308 meo
1248 2284 1276 2308 et
1295 2279 1591 2316 Calogeroaprincipis
1602 2288 1683 2309 manu
1699 2290 1714 2307 υ

926 2326 1014 2354 medio
1028 2326 1227 2354 exterminatus
1242 2334 1250 2359 ;
1272 2326 1495 2363 archiepiscopus
1504 2318 1596 2353 autem
1607 2325 1713 2360 deposi-

926 2375 980 2403 tus,
995 2375 1078 2405 atque
1101 2371 1136 2399 ob
1151 2378 1212 2398 eam
1224 2371 1310 2398 solam
1337 2378 1457 2403 causam,
1470 2371 1542 2407 quod
1554 2378 1570 2397 a
1581 2378 1625 2398 me
1635 2378 1712 2410 roga-

925 2422 968 2445 tus
979 2417 1007 2444 in
1023 2417 1162 2445 Studianis
1173 2417 1346 2449 celebrasset,
1361 2417 1437 2444 velut
1459 2416 1613 2446 communis
1635 2424 1711 2451 pres-

924 2462 1012 2496 byter,
1026 2461 1146 2497 ipsorum
1162 2463 1296 2489 sententia
1308 2461 1468 2496 depositus?
1480 2461 1588 2489 Etenim
1603 2469 1618 2489 a
1634 2461 1712 2490 Chri-

925 2513 968 2536 sto
981 2508 1039 2543 ipso
1051 2513 1079 2536 et
1088 2508 1187 2536 divinis
1197 2508 1348 2536 canonibus
1358 2508 1511 2543 depositum
1527 2508 1654 2536 adulterii
1667 2515 1711 2536 co-

924 2553 1074 2588 pulatorem
1101 2553 1290 2585 absolverunt.
1310 2552 1450 2580 innoxium
1475 2560 1522 2588 per
1546 2553 1636 2580 omnia
1652 2561 1712 2588 pro-

924 2599 1091 2630 nuntiantes,
1104 2598 1149 2633 qui
1163 2603 1264 2626 etcum
1280 2597 1347 2633 ipsis
1363 2598 1417 2634 iam
1433 2601 1513 2625 antea
1529 2597 1708 2630 sacriﬁcabat,

923 2643 991 2670 Eum
1006 2651 1070 2670 vero
1085 2644 1130 2678 qui
1148 2643 1248 2678 deponi
1264 2651 1313 2678 per
1325 2650 1444 2671 canones
1466 2650 1521 2670 non
1532 2647 1648 2678 poterat,
1660 2643 1709 2670 de-

923 2687 1049 2722 positioni
1062 2688 1234 2721 addixerunt,
1245 2697 1324 2717 suum
1339 2689 1404 2716 illud
1426 2689 1528 2716 dictum
1544 2688 1622 2716 factis
1643 2696 1710 2717 con-

923 2733 1072 2766 ﬁrmantes,
1086 2741 1165 2769 posse
1185 2734 1336 2770 episcopos,
1352 2739 1430 2770 prout
1447 2734 1487 2762 eis
1501 2734 1588 2761 visum
1616 2734 1707 2766 fuerit,

923 2779 961 2807 uti
990 2779 1152 2807 canonibus.
1180 2779 1257 2813 Quod
1286 2781 1324 2808 illi
1334 2780 1442 2816 quidem
1463 2784 1595 2816 perpetuo
1617 2779 1653 2807 ita
1670 2779 1709 2808 fa-

923 2824 997 2852 ciunt
1010 2833 1017 2859 ;
1031 2832 1080 2852 nec
1097 2825 1149 2853 hoc
1169 2825 1263 2853 saltem
1287 2825 1461 2853 considerare
1484 2825 1616 2857 volentes.
1633 2824 1653 2852 si
1672 2824 1707 2853 iu

923 2878 966 2900 res
973 2878 1002 2899 se
1019 2871 1126 2904 habeat,
1139 2879 1217 2906 posse
1237 2871 1282 2907 qui
1301 2871 1458 2908 episcopum
1473 2870 1706 2908 deponungabet
