1926 3078
228 179 297 212 1075
824 178 855 208 S.
877 178 1030 208 ΤΗΕοΒο

1091 177 1263 209 ΒΤΗΒΙΤΕ
1796 175 1863 208 1076

224 243 305 272 quem
325 235 473 271 deponant,
485 234 615 270 ipsosmet
626 233 725 270 deponi
750 240 780 263 ut
799 236 944 272 impleatur
957 245 1025 272 apo-

1082 237 1226 272 ίοζεύκτην
1248 236 1398 272 ὴθώωσαν·
1421 235 1548 271 ἀνένοχον
1565 235 1772 271 ἀποφηνάμενοι
1791 237 1865 263 κατὰ

225 280 358 308 stolornm
375 279 515 307 oraculum
529 279 563 307 δ’.

1082 284 1163 310 πάντα
1181 283 1229 310 καὶ
1252 282 1446 317 συνιερουργὸν
1467 283 1559 314 αὐτοῖς
1576 282 1640 309 δντα
1653 282 1700 309 καὶ
1720 283 1864 318 πρότερον.

225 325 279 353 Τὸν
293 325 322 352 δέ
337 325 519 361 άκαθαίρετον
533 325 566 351 ἐκ
589 325 718 358 κανόνων,
737 325 897 361 καθαιρέσει
911 327 1080 355 Ᾰύπέϐαλον·
1115 328 1190 363 ἔργῳ
1221 328 1267 355 τὸν
1297 327 1377 361 λόγον
1401 327 1491 354 αὐτῶν
1510 326 1716 361 βεϐαιούμενοι·
1733 327 1771 359 ὡς
1787 327 1866 359 ἐξου-

227 373 289 399 σίαν
304 371 378 408 ἔχειν
402 371 467 402 τοὺς
492 371 624 407 ῑεράρχας
637 373 728 404 ,κατὰ
750 372 782 399 τδ
801 374 894 406 αὐτοῖς
913 373 1023 407 δοκοῦν,
1059 374 1211 410 κεχρῆσθαι
1232 375 1287 406 τοῖς
1315 373 1439 401 κανόσιν.
1472 373 1562 409 Ὅπερ
1583 373 1741 408 ἐνεργοῦσιν
1767 375 1808 405 εἰς
1835 374 1866 400 τὺ

227 419 272 446 ἀεί
288 427 295 434 ·
310 419 371 446 οὐδὲ
395 420 485 446 ἐκεῖνο
502 420 618 447 συνιδεῖν
643 420 800 456 βουλόμενοι
811 427 818 435 ·
833 421 885 454 ὅτι,
919 422 944 448 ει
961 421 1041 448 τοῦτό
1075 422 1159 454 ἐστιν,
1187 421 1317 456 ίεράρχην
1343 419 1551 455 καθαιροῦντες,
1563 417 1703 446 ὑπἀὐτοῦ
1719 416 1751 446 οὗ
1766 419 1864 446 καθαι-

229 465 307 502 ροῦσι
331 465 446 492 δυνατὸν
459 466 558 498 αὐτοὺς
572 467 694 499 ἐκείνους
717 467 932 503 καθαιρεθῆναι,
954 467 1144 504 πληρουμένου
1158 467 1206 493 τοῦ
1223 467 1277 493 τῶν
1293 466 1448 493 ἀποστόλων
1461 465 1563 500 λογίου.

266 510 331 538 llaec
346 518 395 538 nos
412 511 500 543 vobis,
515 511 646 547 episcopi,
661 512 695 540 de
715 513 866 541 canonibus
878 514 1024 542 constitui-

229 564 302 584 mus.
320 556 375 584 Vos
390 565 455 585 vero
475 557 502 584 in
519 558 559 585 eis
582 565 789 593 perseverantes
813 559 878 588 salvi
894 559 980 593 eritis,
998 565 1026 588 et

229 609 324 636 pacem
344 601 480 629 habebitis
492 611 499 634 ;
511 610 566 630 non
582 603 741 630 obedientes
756 607 846 631 autem
861 604 1023 639 puniemini,

229 652 258 673 et
267 651 433 682 perpetuum
450 647 520 675 inter
535 655 584 676 vos
598 648 700 675 bellum
713 648 825 683 geretis,
836 649 949 684 abjectze
960 649 1026 676 obe-

230 691 341 719 dientiaa
352 699 448 727 poenas
460 700 593 728 congruas
608 693 725 721 luentes.
750 693 805 721 Cur
820 702 881 729 qua:
897 699 958 729 post
982 702 1025 729 sy-

230 737 332 765 nodum
347 742 420 774 gesta
441 743 514 772 sunt,
527 743 554 765 et
566 738 688 766 omnium
704 739 818 767 fratrum
836 748 884 774 per
907 740 1025 775 impera-

230 788 318 811 torem
334 784 469 811 discussio
485 792 492 811 :
513 792 575 811 cum
587 785 701 817 diceret,
714 793 764 813 nos
787 786 897 820 quidem
913 786 1024 821 deposi-

1111 512 1205 539 Ταῦτα
1228 512 1276 539 καὶ
1303 512 1367 547 περὶ
1388 511 1508 538 κανόνων
1525 511 1694 547 διατετάχθω
1716 510 1781 546 ὑμῖν
1800 507 1866 546 παρ’

1073 557 1163 592 ἡμῶν,
1181 553 1204 583 ὦ
1229 556 1388 583 ἐπίσκοποι.
1407 555 1504 590 Ὑμεῖς
1527 555 1556 582 δὲ
1580 555 1743 590 ἐμμένοντες
1761 555 1864 587 αὐτοῖς,

1075 602 1232 637 σωθήσεσθε
1247 602 1294 629 καὶ
1311 602 1422 638 εἰρήνην
1437 600 1527 633 ἕξετε·
1548 600 1726 632 ἀπειθοῦντες
1740 600 1769 627 δέ
1785 599 1866 627 κολα-

1076 648 1211 684 σθήσεσθε
1221 657 1228 664 ·
1245 648 1293 675 καὶ
1317 648 1436 683 πόλεμον
1451 647 1511 682 μετ’
1529 647 1653 681 ἀλλήλων
1668 647 1754 674 ἀΐδιον
1770 646 1847 679 ἐξετε
1859 654 1867 662 ”

1077 694 1155 729 δίκην
1183 694 1234 728 τῆς
1263 694 1394 729 ἀνηκοΐας
1420 694 1471 728 τὴν
1499 694 1693 728 προσήκουσαν
1717 693 1866 725 τιννύντες.

1084 739 1171 775 ’Υπὲρ
1190 739 1263 771 τίνος
1276 740 1309 766 τὰ
1327 739 1396 774 μετὰ
1409 738 1458 774 τὴν
1475 738 1593 771 σύνοδον,
1610 738 1627 774 ἠ
1645 746 1675 764 τε
1689 738 1799 765 πάντων
1813 738 1868 765 τῶν

1078 785 1201 820 ἀδελφῶν
1228 785 1373 820 ἀνάκρισις
1395 784 1449 811 ὑπὸ
1487 784 1534 811 τοῦ
1566 784 1699 819 βασιλέως
1729 784 1865 818 λέγοντος,

231 834 284 861 tos.
299 830 432 866 synodum
448 838 512 858 vero
525 835 646 858 sanctam
661 839 732 862 esse,
743 836 792 859 eta
801 839 830 859 se
841 832 1024 868 obsignatam:

1082 832 1154 866 ἡμᾶς
1184 831 1233 867 μέν
1262 830 1483 866 καθῃρημένους,
1510 830 1559 864 τὴν
1582 829 1610 856 δὲ
1636 829 1744 856 σύνοδον
1771 829 1865 864 ἁγίαν,

231 875 345 910 perinde
368 876 444 911 quasi
467 882 623 905 sanctorum
646 877 814 912 dispensatio
828 882 901 905 esset
918 878 1024 906 adulte-

231 921 291 948 rina
305 921 450 956 copulatio,
462 925 490 948 et
502 922 675 950 indemnatus
686 923 732 958 qui
748 923 807 950 haec
820 924 980 958 peregerat?
992 923 1026 951 Et

232 975 295 995 cum
311 975 391 995 nemo
415 968 488 995 illam
511 968 687 1002 admitteret,
699 973 747 996 aut
759 969 929 1004 singulorqu
946 978 1024 997 seor-

232 1021 293 1040 sum
314 1018 361 1040 aut
386 1013 514 1041 binorum
544 1017 719 1042 ternorumve
742 1015 831 1045 simul,
855 1020 913 1042 tum
942 1015 1024 1042 etiam

233 1059 363 1094 plurium,
380 1066 428 1093 per
440 1059 604 1086 monasteria
620 1063 647 1086 et
661 1063 748 1086 castra
764 1059 891 1092 inclusio,
908 1059 1028 1086 nonnul~

234 1103 323 1130 lorum
349 1104 430 1130 etiam
456 1103 560 1139 ﬂagella
581 1108 608 1130 et
627 1104 763 1131 cruciatus
773 1106 788 1137 f;
802 1112 865 1131 cum
885 1104 940 1139 jam
969 1105 1027 1131 haec

234 1148 336 1183 ubique
354 1153 424 1176 terra
439 1149 561 1184 marique
584 1154 649 1177 nota
677 1150 733 1177 sint
755 1150 890 1185 vulgoque
914 1151 1026 1184 iactata.

235 1193 321 1226 Quam
348 1192 430 1228 igitur
446 1193 481 1220 ob
498 1200 608 1220 causam
622 1193 680 1221 haec
694 1193 785 1220 omnia
800 1198 830 1220 ut
842 1194 936 1228 paucis
950 1201 1027 1220 com-

235 1239 340 1273 plectar
353 1238 365 1264 '.'
380 1237 477 1264 Nonne
491 1237 563 1272 quod
574 1238 672 1266 adduci
686 1246 740 1265 non
765 1243 888 1273 possent,
907 1243 937 1265 ut
951 1238 1028 1266 dice-

238 1287 310 1315 rent,
325 1285 373 1308 aut
396 1282 572 1314 assentirent,
585 1282 816 1317 dispensationem
830 1282 914 1310 fuisse
941 1282 1030 1310 Evan-

237 1327 301 1364 gelii
330 1327 589 1362 transgressionem,
614 1336 693 1363 quam
727 1329 800 1357 velut
828 1329 972 1356 salutarem
1002 1332 1030 1356 et

238 1371 340 1399 sanctis
350 1380 441 1407 parem
469 1372 617 1400 adversarii
638 1374 867 1405 vociferabantur,
888 1374 934 1409 qui
953 1374 1030 1401 factis

238 1420 266 1443 et
277 1416 365 1444 verbis
378 1416 528 1444 etiamnum
538 1417 566 1444 in
577 1425 610 1445 eo
621 1419 782 1450 consistunt,
796 1419 822 1446 id
837 1419 988 1454 loquentes,
1002 1419 1029 1446 id

238 1466 351 1497 agentes
365 1462 417 1489 ista
441 1463 655 1497 persecutione?
669 1464 792 1497 Quonam
805 1464 886 1500 igitur
899 1469 977 1500 pacto
989 1465 1031 1492 di-

239 1512 314 1540 cunt.
327 1508 411 1543 quod,
429 1509 538 1536 nemine
551 1510 712 1538 adversante
741 1515 788 1538 aut
806 1511 930 1544 docente,
959 1511 1031 1546 ipsos
1044 1511 1066 1540 ϐ

239 1561 369 1582 vocemus
396 1555 540 1583 luereticos
552 1556 563 1582 ?
577 1556 738 1584 Commenta
752 1561 818 1584 sunt
827 1557 877 1584 ista
887 1565 948 1592 quae
957 1556 1032 1584 dixi-

239 1609 302 1629 mus
333 1605 361 1629 et
383 1603 499 1636 somnia,
513 1611 548 1630 an
562 1603 649 1632 vera?
663 1605 698 1631 Et
709 1605 838 1639 quoniam
856 1612 918 1632 vera
946 1608 1008 1631 Sunt
1021 1613 1030 1638 ;

239 1647 376 1682 quomodo
395 1656 449 1675 non
478 1650 577 1684 ubique
598 1650 698 1678 docent
711 1655 739 1678 et
766 1651 915 1685 praedicant
942 1651 1032 1679 verbis

239 1693 400 1729 factisque?
413 1694 467 1721 Aut
490 1696 626 1730 quomodo
652 1704 710 1728 vos,
725 1696 777 1723 illis
792 1704 847 1724 non
876 1697 1030 1729 credentes,

239 1740 435 1775 propemodum
459 1748 520 1768 cum
538 1741 604 1776 ipsis
619 1741 665 1776 qui
682 1742 740 1769 haec
753 1742 848 1769 dicunt
862 1743 940 1770 statis
958 1743 1031 1778 (sed,

240 1786 291 1814 etsi
305 1787 472 1815 tacuerimus
493 1795 554 1821 nos,
567 1788 643 1815 orbis
658 1789 716 1823 ipse
728 1789 870 1816 veritatem
896 1788 1031 1823 testatur).

241 1832 409 1859 horrendum
420 1832 519 1859 silentii
530 1832 662 1867 judicium
674 1833 700 1859 in
710 1841 757 1860 vos
765 1833 839 1868 ipsos
846 1833 1014 1860 attrahentes
1020 1834 1033 1860 τ

241 1878 425 1911 Quamobrem
443 1886 493 1913 ego
524 1877 634 1905 humilis
665 1886 746 1914 cogor
777 1886 832 1906 non
857 1879 948 1911 silere,
974 1879 1031 1906 sive

242 1924 355 1958 scripto,
369 1924 426 1951 sive
440 1923 498 1951 sine
518 1924 631 1958 scripto,
642 1924 730 1958 quoad
744 1924 814 1951 vires
841 1923 942 1957 ferunt,
956 1932 1018 1952 cum

241 1968 340 1994 timore
351 1975 383 1994 ac
396 1971 524 2000 tremore,
539 1975 602 1994 cum
618 1968 680 1995 vita:
705 1968 864 1996 discrimine
875 1977 881 1995 :
891 1969 941 1996 etsi
956 1969 1033 2004 quis-

240 2013 316 2048 piam
334 2016 455 2040 vestrum
483 2013 598 2041 fortasse
620 2021 677 2040 non
701 2014 867 2048 necessario,
889 2014 977 2042 dicam
1004 2018 1034 2043 et

240 2065 452 2093 aupervaeanee,
467 2066 510 2086 me
528 2059 586 2086 haec
603 2059 692 2086 facere
711 2059 856 2087 existimet.
909 2055 912 2059 ’

280 2157 380 2186 Verum
405 2159 438 2186 ad
466 2166 524 2186 rem
550 2159 657 2186 tandem
673 2160 763 2187 veniat
788 2159 885 2187 oratio.
911 2159 1031 2191 Ais,ne-
1048 2177 1071 2205 ῃ

243 2202 316 2230 mine
329 2202 490 2230 adversante
505 2207 553 2230 aut
576 2203 692 2231 docente
717 2203 847 2230 mmchari
870 2203 1030 2238 sacrilegos-

243 2256 297 2282 que
311 2248 462 2281 absolvere,
479 2257 533 2284 quo
543 2249 605 2284 jure
620 2249 680 2276 illos
694 2250 860 2284 appellemus
873 2250 1032 2276 lucreticos?

245 2292 375 2321 Moechari
399 2301 475 2329 ergo,
490 2298 517 2321 et
540 2294 686 2329 sacrilegos
706 2295 858 2327 absolvere,
882 2295 964 2322 verbo
994 2294 1032 2321 illi

245 2347 339 2366 revera
352 2347 407 2366 non
419 2339 537 2367 docent:
554 2347 614 2367 cum
627 2347 678 2367 nec
693 2345 788 2376 gentes
803 2349 862 2375 qu:c
878 2340 963 2375 logem
978 2348 1032 2367 non

245 2384 347 2412 habent
358 2385 489 2412 mmchari
503 2385 619 2412 doceant
635 2394 642 2412 :
662 2393 749 2420 neque
772 2394 822 2412 nos
848 2386 920 2412 nude
933 2386 984 2413 hoc
1000 2385 1033 2413 ab

246 2430 299 2457 illis
319 2429 371 2457 dici
385 2431 526 2466 posuimus
538 2440 545 2458 :
557 2432 605 2470 sed
620 2431 691 2466 quod
712 2432 892 2459 adulteriuam
919 2431 1033 2466 conjun-

246 2477 365 2504 ctioncm
393 2477 588 2512 approbantes,
605 2482 633 2505 et
647 2485 707 2512 qua:
728 2478 764 2504 illi
785 2486 891 2505 annexa
907 2483 982 2510 διιιιι,
1007 2483 1035 2505 et

246 2531 295 2558 per
312 2531 373 2550 eam
389 2523 456 2551 alias
482 2524 623 2559 Evangelii
650 2524 879 2559 transgressiones
890 2532 951 2551 cum
965 2524 1034 2550 divi-

245 2576 343 2596 norum
363 2576 498 2596 canonum
511 2569 727 2601 iufractionibus,
743 2569 889 2597 salutarem
900 2577 961 2596 esse
976 2569 1033 2597 dis-

246 2615 432 2649 pensationem
448 2615 591 2650 intorjccto
615 2616 789 2643 anathemate
805 2615 977 2649 sancientes;
992 2620 1034 2643 at-

245 2667 298 2694 que
313 2660 364 2687 hoc
380 2660 467 2694 ipsum
482 2660 509 2687 in
522 2660 580 2687 dies
600 2668 648 2695 per
659 2660 751 2688 exsilia
765 2667 942 2695 carceresque
967 2668 1035 2695 quos

245 2704 301 2731 dixi
324 2705 502 2737 vindicantes,
521 2705 697 2741 Evangelium
724 2705 856 2733 solverint
879 2713 911 2733 ex
926 2710 1036 2733 saneto-

247 2757 307 2777 ruut
331 2751 477 2783 sententia,
498 2755 526 2778 et
537 2751 637 2779 virtute
653 2751 882 2786 dispensationem
907 2751 934 2778 in
961 2751 1034 2778 onmi

246 2797 469 2832 praevaricatione
482 2797 538 2825 lleri
551 2802 696 2825 astruuut:
712 2797 887 2826 immutabilia
901 2798 946 2826 Dci
958 2806 1036 2826 man-

284 2878 306 2893 “
320 2878 384 2906 Cum.
397 2878 414 2905 8
426 2881 509 2912 apost.
526 2877 603 2912 juxta
616 2877 731 2905 Graecos.

1076 877 1342 913 ἐπισφραγισθεῖσαν
1364 876 1410 903 ὑπ’
1433 875 1530 903 αὐτοῦ·
1549 876 1586 907 ὡς
1608 875 1765 911 οἰκονομίας
1783 875 1867 910 οὔσης

1076 925 1163 959 ἁγίων
1194 925 1244 960 τῆς
1273 923 1482 959 μοιχοζευξίας,
1509 923 1555 949 καὶ
1580 923 1792 956 ἀκαταγνώστου
1819 921 1867 948 τοῦ

1075 971 1160 997 ταῦτα
1175 970 1364 1002 τετελεκότος;
1380 969 1436 996 Καὶ
1459 968 1553 1003 ἐπειδὴ
1567 968 1598 995 οὒ
1616 967 1828 1003 προσεδέξαντο·
1849 968 1866 1000 ἡ

1076 1017 1134 1048 ἐνὸς
1150 1016 1278 1047 ἑκάστου,
1290 1015 1308 1051 ἤ
1320 1015 1366 1042 καὶ
1382 1014 1451 1050 dum}
1466 1014 1524 1046 δύο,
1539 1015 1556 1050 ἢ
1570 1013 1665 1050 τριῶν,
1681 1013 1697 1050 ἢ
1713 1014 1760 1040 καὶ
1775 1013 1867 1040 πλειόο

1077 1072 1142 1095 νων,
1166 1063 1195 1089 ἓν
1226 1071 1255 1088 τε
1283 1063 1339 1093 τοῖς
1369 1060 1562 1096 μοναστηρίοις
1581 1060 1630 1086 καὶ
1653 1062 1709 1092 τοῖς
1736 1060 1867 1095 κάστροις

1078 1109 1253 1140 κατάκλεισις
1263 1116 1270 1123 ·
1282 1107 1364 1135 τινῶν
1376 1106 1405 1134 δέ
1420 1105 1605 1142 μαστιγώσεις
1620 1107 1667 1133 καὶ
1682 1106 1867 1140 κουσπισμοί⁸

1079 1153 1216 1189 πανταχοῦ
1241 1153 1293 1188 γῆς
1311 1161 1342 1179 τε
1361 1152 1408 1179 καὶ
1435 1151 1570 1186 θαλάττης
1596 1151 1869 1187 διατεθρυλλημένων

1078 1200 1198 1232 τούτων;
1220 1199 1307 1234 ’Υπὲρ
1320 1198 1390 1230 τίνος
1409 1196 1455 1225 οὖν
1470 1197 1556 1225 ταῦτα
1570 1198 1674 1231 πάντα,
1691 1198 1734 1225 ἵνα
1750 1197 1870 1225 συνελὼν

1079 1245 1166 1278 εῐπω;
1191 1245 1247 1279 Οὐχ
1271 1245 1341 1279 ὑπὲρ
1359 1244 1405 1270 τοῦ
1431 1243 1468 1279 μὴ
1491 1243 1689 1279 καταδέχεσθαι
1713 1245 1803 1271 εἰπεῖν
1821 1246 1871 1270 καὶ

1081 1291 1301 1325 συγκαταθέσθαι
1318 1291 1367 1325 τὴν
1383 1289 1540 1326 παράϐασιν
1554 1290 1602 1316 τοῦ
1618 1290 1784 1324 Εὖαγγελῐου
1796 1291 1871 1316 οἱκο-

1079 1336 1195 1371 νομίανο
1222 1336 1257 1372 ἠν
1281 1335 1318 1367 ὡς
1346 1335 1481 1371 σωτήριον
1501 1335 1549 1362 καὶ
1574 1335 1679 1369 ῐσάγιον
1706 1336 1730 1362 οι
1753 1335 1872 1362 ἐναντίοι

1080 1381 1241 1417 ἐξεϐόησαν,
1256 1381 1425 1417 ἐμπράκτως
1442 1382 1490 1408 καὶ
1506 1380 1546 1416 τῷ
1562 1380 1635 1416 λόγῳ
1652 1381 1692 1412 εἰς
1704 1381 1750 1407 τὸν
1766 1381 1872 1416 κόσμον

1080 1429 1127 1456 καὶ
1143 1428 1244 1454 είσὲτι’
1263 1427 1312 1454 καὶ
1324 1427 1377 1459 ἕως
1398 1426 1433 1454 ἂν
1458 1427 1624 1462 ἐπιμένωσιν
1641 1426 1726 1459 οὕτως
1743 1426 1871 1461 λέγοντες

1081 1475 1129 1502 καὶ
1148 1475 1315 1510 πράττοντες
1334 1473 1377 1501 διὰ
1395 1473 1441 1500 τδν
1466 1473 1602 1508 διωγμόν;
1628 1473 1690 1505 Πῶς
1713 1471 1760 1500 οὖν
1775 1482 1871 1508 φασιν,

1082 1521 1122 1548 ὅτι
1139 1520 1252 1556 μηδενὸς
1275 1519 1474 1558 ἀνθισταμένου
1499 1519 1545 1546 καὶ
1560 1519 1732 1550 διδάσκοντος
1757 1519 1872 1546 καλέσοο

1083 1575 1132 1602 μεν
1156 1566 1256 1598 αὐτοὺς
1279 1562 1604 1601 αἱρετικο6ς;Φαντασία
1629 1564 1664 1591 τὰ
1688 1564 1874 1600 προλεχοὺτα

1082 1613 1129 1639 καὶ
1143 1612 1253 1648 ὄνειροι,
1269 1611 1286 1648 ἢ
1306 1611 1414 1646 ἀληθῆ;
1433 1610 1543 1646 Ἐπειδὴ
1559 1610 1588 1637 δὲ
1601 1610 1691 1646 ἀληθῆ
1710 1630 1718 1642 ,
1737 1610 1797 1641 πῶς
1809 1610 1874 1645 οὐχὶ

1081 1658 1253 1685 διδάσκουσιν
1277 1658 1409 1685 ἑκάστοτε
1434 1657 1482 1684 καὶ
1511 1656 1694 1692 κηρύττουσιν
1721 1656 1796 1692 ἔργῳ
1825 1657 1874 1682 καὶ

1082 1704 1170 1739 Mm);
1184 1704 1200 1739 ἢ
1216 1703 1274 1736 πῶς
1289 1703 1337 1738 οὐχ
1359 1703 1439 1738 ὑμεῖς
1460 1702 1618 1737 πειθόμενοι
1640 1702 1751 1734 αὐτοῖς,
1770 1702 1874 1738 μικροῦ

1082 1750 1136 1776 δεῖν
1163 1751 1221 1785 μετ’
1245 1750 1337 1776 αὐτῶν
1361 1749 1416 1776 τῶν
1432 1749 1569 1783 λεγόντων
1585 1748 1697 1774 ἴστασθε
1721 1748 1810 1784 (ἀλλὰ
1826 1748 1876 1774 καὶ

1083 1794 1131 1820 ἐὰν
1143 1795 1225 1829 ἡμεῖς
1242 1793 1401 1828 σιωπῶμεν,
1416 1793 1450 1820 τὰ
1469 1793 1576 1828 πέρατα
1591 1792 1640 1828 βοᾷ
1656 1793 1705 1828 τὴν
1718 1793 1877 1827 ἀλήθειαν),

1083 1838 1114 1864 τὸ
1129 1838 1244 1873 φοϐερὸν
1258 1838 1308 1872 τῆς
1327 1837 1434 1873 σιωπῆς
1452 1839 1541 1872 κρῖμα
1559 1837 1602 1871 ἐφ’
1619 1836 1731 1868 ἑαυτοὺς
1747 1836 1876 1862 ἐπισπώ-

1085 1893 1180 1920 μενοι;
1197 1883 1236 1910 Δι’
1251 1884 1285 1919 ἣν
1301 1883 1391 1910 αἰτίαν
1406 1882 1462 1918 ἐγὼ
1478 1884 1492 1909 ὁ
1508 1882 1635 1914 ταπεινὸς
1658 1882 1705 1908 τοῦ
1732 1882 1769 1918 μὴ
1792 1883 1876 1916 σιγᾷν

1083 1930 1278 1965 ἀναγκάζομαι
1294 1929 1440 1965 ἐγγράφως
1458 1937 1487 1956 τε
1505 1928 1553 1955 καὶ
1567 1928 1716 1964 ἀγράφως,
1732 1927 1804 1954 κατὰ
1824 1928 1877 1963 τὴν

1082 1974 1196 2002 ἐνοῦσάν
1213 1983 1257 2009 μοι
1271 1974 1404 2008 δύναμιν,
1421 1974 1492 2008 μετά
1508 1973 1590 2008 φόϐου
1605 1973 1653 2000 καὶ
1667 1973 1769 2009 τρόμου
1780 1993 1787 2006 ,
1803 1974 1878 2009 μετὰ

1083 2020 1263 2056 παρασκευῆς
1283 2020 1399 2046 θανάτου
1410 2027 1417 2034 ·
1443 2020 1494 2046 κάν
1508 2027 1550 2050 τις
1566 2018 1643 2054 ὑμῶν
1660 2019 1724 2050 ίσως
1743 2019 1794 2046 οὐκ
1807 2021 1877 2047 ἀνα-

1082 2066 1186 2101 γκαίως
1197 2087 1204 2099 ,
1218 2065 1289 2092 εἴπω
1302 2065 1325 2092 δ’
1340 2066 1381 2092 ὅτι
1396 2065 1443 2092 καὶ
1465 2065 1668 2100 περιττολόγως
1680 2065 1765 2092 οἴεται
1785 2065 1878 2093 ταῦτα.

1083 2113 1206 2148 ἐνεργεῖν
1224 2120 1269 2147 με.

1126 2157 1196 2182 Ἀλλ’
1212 2156 1260 2182 ἐπὶ
1272 2155 1303 2182 τδ
1317 2155 1500 2192 προκείμενον
1514 2155 1528 2182 ὁ
1542 2154 1632 2189 λόγος.
1642 2154 1743 2188 Ἐφης,
1759 2153 1878 2189 μηδενὸς

1084 2202 1262 2237 ἐνισταμένου
1298 2202 1347 2228 καὶ
1380 2201 1553 2233 διδάσκοντος
1578 2199 1623 2226 τοῦ
1658 2200 1797 2236 μοιχεύειν
1828 2201 1879 2226 καὶ

1084 2248 1159 2275 λύειν
1176 2249 1239 2279 τοὺς
1255 2247 1461 2284 ἀνιέρους,πῶς
1476 2247 1595 2281 εὐλόγως
1607 2247 1759 2282 καλέσομεν
1774 2245 1879 2278 αὐτοὺς

1083 2295 1258 2330 αἱρετικούς;
1274 2295 1422 2329 Μοιχεὺειν
1445 2291 1491 2320 οὖν
1507 2294 1554 2320 καὶ
1572 2293 1646 2320 λύειν
1663 2293 1726 2324 τοὺς
1748 2292 1880 2328 ἀνιέρους

1084 2341 1123 2375 τῷ
1139 2341 1221 2375 λόγῳ,
1236 2340 1347 2375 ἀληθὲς,
1363 2340 1392 2366 οὐ
1406 2340 1595 2367 διδάσκουσιν·
1610 2339 1672 2366 ἐπεὶ
1686 2338 1754 2375 μηδὲ
1764 2339 1798 2365 τὰ
1810 2339 1879 2374 ἔθνη

1085 2387 1119 2412 τὰ
1143 2387 1179 2421 μὴ
1206 2386 1288 2420 νόμον
1310 2385 1406 2420 ἔχοντα
1431 2386 1570 2421 μοιχεύειν
1592 2386 1728 2413 διδάσκει·
1746 2385 1795 2413 καὶ
1815 2387 1880 2413 οὐδὲ

1085 2433 1166 2468 ἡμεῖς
1182 2432 1294 2467 γυμνῶς
1309 2432 1389 2459 τοῦτο
1401 2433 1535 2466 ἐκφωνεῖν
1551 2432 1649 2464 αὐτοὺς
1666 2432 1819 2467 ἐξεθέμεθα
1830 2441 1837 2447 ·
1861 2434 1880 2468 ἦ

1085 2478 1127 2504 ὅτι
1141 2478 1190 2512 τὴν
1207 2477 1396 2512 μοιχοζευξίαν
1413 2477 1587 2513 κυρώσαντες
1603 2478 1651 2504 καὶ
1673 2478 1708 2504 τὰ
1730 2478 1778 2505 σὺν
1793 2479 1880 2514 αὐτῇ,

1086 2523 1134 2550 καὶ
1154 2523 1187 2550 δι’
1203 2523 1288 2558 αὐτῆς
1304 2523 1401 2559 ἐτέρας
1427 2523 1598 2559 παραϐάσεις
1622 2523 1671 2550 τοῦ
1692 2523 1882 2559 Εὐαγγελίου,

1087 2570 1135 2597 σὺν
1157 2570 1217 2601 ταῖς
1244 2569 1299 2595 τῶν
1323 2569 1404 2596 θείων
1431 2569 1552 2596 κανόνων
1573 2568 1700 2601 λύσεσιν,
1717 2570 1884 2605 οἰκονομίαν

1086 2613 1157 2642 εἶναι
1174 2615 1305 2650 σωτήριον
1329 2615 1375 2641 ὑπ’
1395 2614 1564 2648 ἀναθέματι·
1589 2613 1637 2640 καὶ
1659 2614 1739 2640 τοῦτο
1756 2615 1885 2642 καθεκάσ

1088 2669 1154 2695 στην
1190 2659 1362 2690 ἐκδικοῦντες
1386 2658 1431 2685 διὰ
1453 2659 1508 2684 τῶν
1532 2658 1739 2694 προλεχθέντων
1762 2657 1887 2693 ἐξοριιῖιν

1088 2707 1134 2733 καὶ
1164 2705 1303 2740 φυλακῶν,
1326 2705 1357 2732 τὸ
1383 2704 1549 2738 Εὑαγγὲλιον
1574 2703 1704 2730 λελύκασι
1726 2704 1799 2731 κατὰ
1830 2705 1889 2740 τὴν

1088 2751 1179 2787 φωνὴν
1200 2751 1256 2777 τῶν
1271 2750 1357 2784 ἀγίων
1367 2759 1374 2765 ·
1389 2750 1436 2777 καὶ
1447 2750 1561 2785 δυνάμει
1582 2749 1628 2776 ἐπὶ
1644 2750 1735 2785 πάσης
1749 2751 1889 2785 παραϐά-

1088 2805 1158 2828 σεως
1179 2795 1337 2831 οἰκονομίαν
1358 2794 1480 2830 γίνεσθαι
1504 2793 1691 2821 ὑποτὲθενται·
1722 2794 1773 2826 τὰς
1799 2794 1892 2823 ἀναλ-
