1926 3078
100 178 166 210 10⁸17

707 172 978 204 EPISTOLARUM
996 172 1060 202 LIB
1090 171 1114 200 ῐ.

1655 168 1724 200 10⁸18

98 233 228 266 λοιώτους
248 232 357 264 ἐντολὰς
379 231 427 259 τοῦ
442 231 509 258 θεοῦ
533 230 739 263 ἀλλοιώσαντες,
755 230 804 257 καὶ
819 238 883 265 τρε-

939 229 998 257 data
1014 231 1150 256 variantes
1168 230 1195 255 et
1209 225 1349 254 mutabilia
1363 229 1525 254 statuentes.
1549 224 1583 252 Et
1600 226 1646 259 qui
1661 233 1725 261 pos-

98 280 169 312 πτάς
201 277 436 309 ἀποδεικνύοντες.
463 276 518 304 Καὶ
546 276 605 308 πῶς
641 275 664 302 δ’
689 275 723 303 ἂν
747 275 798 302 οὐκ
830 273 885 301 εἷεν

97 325 246 353 ἀλλοιωταὶ
260 323 311 350 καὶ
330 322 447 358 τρεπταὶ
459 341 467 354 ,
490 321 547 356 εῐγε
563 319 799 356 παραδαινόμεναι
811 320 885 346 οίκο-

98 371 191 406 νομίαι
207 370 337 405 σωτήριοι
348 389 356 401 ,
374 369 449 404 ἔργῳ
464 368 510 395 καὶ
531 367 603 402 λόγῳ
618 366 765 398 συνοδικῶς
780 366 885 400 δογμα-

98 416 239 450 τίζονται;
252 416 299 450 Μὴ
314 415 368 450 γὰρ
391 415 431 446 είς
444 413 572 440 τοσοῦτον
586 412 681 447 ψεῦδος
697 412 884 448 προκόψωσιν,

98 461 169 488 ὥστε
186 461 225 497 μὴ
240 460 331 494 λέγειν
346 459 446 490 αὐτοὺς
460 459 641 494 πεποιηκέναι
657 457 775 484 σύνοδον.
796 457 828 484 Et
849 456 887 493 μὴ

97 506 147 541 τὴν
172 504 363 541 μοιχοζευξίαν
394 505 528 539 ὀνομάσαι
557 503 715 538 οἰκονομίαν
742 503 886 539 ἰσόρροπον

98 551 201 585 ἁγίων·
225 552 250 578 εί
272 550 310 586 μὴ
332 549 532 583 ἀναθεματίσαι
543 549 608 581 τοὺς
627 548 665 585 μὴ
687 549 886 584 προσιεμένους

98 596 196 631 αὐτήν.
213 595 247 622 El
266 595 294 622 δὲ
318 595 426 629 λέγουσι
440 594 477 630 μὴ
493 593 694 629 ἀναθεματίσαι
707 614 714 626 ,
726 594 797 630 ὑπὲρ
815 594 887 625 τίνος

98 641 262 677 ἀνεϐόησαν,
283 641 348 673 Τοῖς
365 640 403 675 μὴ
417 640 573 676 δεχομένοις
592 640 643 671 τὰς
655 640 814 674 οἰκονομίας
831 638 886 665 τῶν

97 687 197 722 ἀγίων,
213 687 339 721 ἀνάθεμα
360 685 449 719 ἐστως
464 685 550 720 Δῆλον
562 685 616 721 γὰρ
631 686 683 718 ὅτι,
699 686 887 720 ἐνισταμένων

97 733 180 760 τινῶν
196 733 234 769 μὴ
249 732 387 768 δέχεσθαι.
410 733 428 768 ἡ
450 731 619 767 έκφώνησιςο
640 731 664 758 εἰ
683 732 720 767 μὴ
737 731 884 767 μεθύομεν.

97 779 166 815 Περὶ
182 779 261 810 ποίας
278 778 307 805 δὲ
328 778 486 809 ὑποθέσεως
510 777 594 813 ἄλλης
607 778 624 812 ή
642 777 784 809 ἔνστασις,
803 777 820 813 ἢ
836 777 886 812 τῆς

98 824 303 860 μοιχοζευξίας;
321 823 425 851 υὺκοῦν
445 823 573 857 ἀσφαλῶς
595 823 681 858 αὐτῆς
693 823 778 850 ἕνεκα
792 824 806 850 ὑ
818 824 885 850 ἅνα-

96 869 267 905 θεματισμός
277 878 284 885 ·
299 869 337 900 ὡς
353 868 436 903 οὔσης
459 868 529 895 κατά
543 868 593 899 τὰς
606 867 660 894 τῶν
674 868 760 901 ἀγίων
781 869 884 895 οἰκονο-

938 275 994 302 sint
1005 273 1115 301 mobilia
1130 280 1162 300 ac
1172 272 1311 300 mutabilia
1323 280 1378 299 non
1391 279 1461 303 esse.
1475 271 1497 298 si
1509 270 1654 298 salutarem
1669 271 1727 298 dis-

936 319 1127 355 pensationem
1159 325 1221 346 csse
1240 318 1349 352 quando
1376 317 1522 347 violantur,
1537 324 1566 343 re
1586 323 1618 344 ac
1643 316 1728 344 verbo

937 365 1065 400 synodice
1095 363 1214 392 docent?
1227 363 1287 390 Non
1303 362 1376 390 enim
1389 366 1443 389 tam
1457 361 1630 396 impudenter
1649 368 1725 388 men--

938 410 1049 441 tientur,
1064 413 1094 436 ut
1117 407 1249 444 synodum
1260 415 1275 434 a
1286 414 1315 434 se
1329 412 1450 434 coactam
1477 410 1596 441 negent:
1613 405 1635 433 si
1648 405 1727 433 adul-

938 455 1053 483 terinam
1070 454 1270 489 copulationcm
1286 453 1364 480 fateri
1379 452 1467 480 nolint
1495 451 1725 487 dispensationem

938 501 1039 528 sanctis
1069 509 1160 536 parem
1184 499 1346 535 appellasse,
1376 506 1427 526 nec
1442 505 1489 526 eos
1516 498 1561 533 qui
1577 492 1650 525 illam
1672 505 1728 525 non

938 545 1073 580 recipiunt
1081 545 1344 573 excommunicasse.
1355 543 1432 577 Quod
1442 543 1465 571 si
1476 543 1729 571 excommunicasse

937 596 1038 627 negant
1053 600 1060 618 :
1074 599 1204 626 quorsum
1221 591 1285 618 illud
1303 590 1490 618 exclamaruut
1505 598 1511 616 :
1529 588 1564 616 lis
1591 589 1638 624 qui
1665 597 1730 618 san—

936 641 1041 664 ctorum
1053 637 1270 672 dispensationes
1284 644 1341 664 non
1358 636 1506 671 recipiunt,
1519 636 1663 664 anathema
1675 637 1729 664 sit?

937 681 1115 716 Perspicuum
1124 686 1167 709 est
1184 682 1341 715 enim,rnm
1362 681 1550 716 recipereillas
1571 682 1653 716 aliqui
1670 682 1730 709 nol-

936 728 1004 762 lent,
1021 728 1085 755 inde
1099 732 1189 755 natam
1205 735 1265 755 esse
1280 727 1459 760 sanctionem.
1475 727 1526 754 nisi
1539 727 1607 754 ebrii
1622 735 1727 755 sumus.

936 773 1061 808 Quanam
1077 782 1142 801 vero
1157 774 1190 801 de
1203 781 1232 800 re
1246 773 1298 800 alia
1323 773 1438 807 quaestio
1466 777 1524 800 erat
1547 777 1726 808 prmterquam

935 819 970 847 de
987 819 1102 846 adulteri
1132 819 1348 854 conjunctione?
1364 817 1478 853 Propter
1503 818 1575 845 illam
1592 826 1656 854 ergo
1681 827 1729 846 ex-

938 865 1172 893 communicatio:
1192 869 1221 892 ut
1245 872 1306 899 quae
1327 864 1402 898 juxta
1422 868 1576 891 sanctorum
1589 864 1730 899 dispensa-

95 899 172 950 μίας.
192 899 295 941 ιιξιιέι
314 899 363 948 μὲν
387 899 537 948 ὲῷάμιλλος
551 913 659 946 αὐταῖς,
677 899 706 940 at
720 913 775 940 τῶν
796 913 884 948 ἁγίων

940 910 1027 937 tiones
1042 910 1112 937 facta
1130 914 1212 937 esset.
1239 910 1273 937 Et
1287 909 1394 944 quidem
1412 909 1434 936 si
1452 916 1544 936 earum
1561 910 1657 937 similis
1682 910 1727 942 sit.

93 960 252 995 οἰκονομίαι
268 959 436 994 παράνομον
454 959 478 985 εί
491 958 521 985 δὲ
534 959 559 985 οί
571 958 656 992 ἅγιοι,
672 958 703 985 οὐ
716 959 883 994 παράνομοι,

93 1008 165 1042 ὅπερ
179 1005 280 1041 ἀληθές
291 1013 299 1022 ·
324 1005 401 1032 αὐτοὶ
416 1004 670 1040 ἀνεθεματίσθησαν
686 1004 724 1040 μὴ
739 1005 885 1040 προσιέμε-

93 1061 134 1080 νοι
153 1052 204 1088 τὴν
232 1050 438 1087 μοιχοζευξίαν·
462 1051 515 1078 κᾶν
537 1051 647 1086 τέχναις
670 1050 833 1085 σοφίζωνται
850 1052 884 1078 τὰ

93 1097 201 1132 εναργῆ
219 1098 310 1132 ἀφανῆ
332 1096 477 1123 δεικνύειν.
496 1096 567 1123 Ἀλλ’
589 1097 728 1132 ἀμήχανον
748 1097 884 1132 κρυὸῆναι

93 1143 123 1169 τὸ
136 1142 262 1177 γεγονός.
278 1142 339 1168 Ὀτι
354 1141 383 1168 δὲ
399 1141 584 1176 ἀμετάϐλητοι
604 1142 633 1168 αἱ
653 1141 759 1168 ἐντολαὶ
772 1140 820 1168 τοῦ
834 1142 885 1168 Εὑ-

93 1186 227 1221 αγγελίου
241 1206 249 1219 ,
274 1185 357 1213 ἄκουε
379 1185 427 1212 τοῦ
453 1186 570 1221 μεγάλου
587 1185 727 1213 Βασιλείου
749 1186 883 1221 βοῶντος·

93 1233 173 1267 Τάχα
189 1231 306 1258 τονῶσαί
332 1239 382 1266 μου
407 1230 457 1266 τὴν
483 1231 583 1267 ψυχὴν,
611 1230 657 1258 καὶ
677 1231 885 1266 νηπτικωτέραν

93 1278 165 1313 πρὸς
178 1277 210 1304 τὺ
224 1276 325 1312 ἑφεξῆς
348 1276 519 1310 καταστῆσαι
533 1278 546 1303 ό
559 1276 662 1312 Κύριος
679 1276 827 1312 ἠϐουλήθη,
847 1276 885 1308 ὡς

95 1323 134 1358 μὴ
147 1322 298 1358 προσέχειν
308 1320 474 1356 ἀνθρώποις,
491 1320 560 1347 ἀλλὰ
572 1321 617 1348 διά
630 1321 685 1347 τῶν
699 1321 885 1355 εὖαγγελικῶν

94 1367 212 1394 ἐντολῶν
226 1365 450 1402 καταρτίζεσθαι.
466 1365 500 1392 Δῖ
511 1365 575 1392 οὔτε
595 1366 711 1401 καιροῖς,
725 1365 787 1392 οὔτε
808 1372 886 1401 περι-

95 1412 227 1439 στάσεσιν
236 1411 416 1446 ἀνθρωπίνων
422 1411 595 1446 πραγμάτων
604 1411 884 1446 συμμεταὸἀλλονται,

93 1458 154 1486 ἀλλ’
165 1456 218 1495 [ai]
228 1457 310 1484 αὑταὶ
321 1457 494 1491 διαμένουσιν
504 1464 513 1474 ·
523 1455 560 1488 ὡς
574 1457 749 1493 προήχθησαν
764 1457 818 1484 ἀπὸ
836 1456 884 1484 τοῦ

94 1503 231 1538 ἀψευδοῦς
243 1503 290 1530 καὶ
309 1502 444 1538 μακαρίου
460 1502 595 1536 στόματος
605 1522 613 1535 ,
633 1502 704 1529 οὕτω
717 1502 885 1535 διαιωνίζου-

97 1559 155 1578 σαι.
178 1550 211 1576 οι
227 1549 255 1576 δὲ
266 1549 300 1575 δι’
312 1548 437 1581 ἐναντίας
447 1549 617 1584 κηρύξαντες
630 1549 680 1584 τὴν
695 1548 882 1584 μοιχοζευξίαν

95 1594 257 1630 οίκονομίαν
271 1594 415 1630 σωτήριον,
431 1594 458 1621 τί
470 1593 560 1629 ἀλλοῆ
576 1593 697 1630 τρεπτάς
710 1594 760 1626 τάς
771 1594 884 1626 ἐντολὰς

95 1641 144 1667 τοῦ
159 1639 229 1667 θεοῦ
251 1639 439 1674 ἀπεφήναντος
456 1638 495 1673 πῆ
513 1634 567 1674 μὲν
583 1638 831 1673 μεταδαλλομένας,
845 1639 884 1675 πῆ

96 1687 125 1714 δι
137 1686 170 1712 οὐ
188 1683 426 1721 μεταῦαλλομένας
439 1703 448 1716 ,
473 1683 530 1710 ἀλλ’
546 1682 710 1719 ἐνεργούσας
726 1683 882 1718 ἀτρέπτως·

97 1732 208 1767 καιροῖς
221 1731 250 1758 δέ
264 1739 321 1757 τισι
339 1729 386 1756 καὶ
402 1729 596 1766 περιστάσεσιν
611 1728 811 1765 ἀνθρωπίναις,
828 1727 884 1755 ὥσ-

97 1786 153 1813 περ
177 1777 282 1811 ἔφασαν
303 1775 383 1803 αὐτοὶ
399 1775 465 1812 περὶ
479 1774 533 1802 τῶν
547 1774 729 1810 κρατούντων,
747 1774 884 1810 μεταϐαλ-

96 1822 228 1858 λομένας,
243 1822 291 1849 καὶ¹
307 1821 346 1857 μὴ
359 1821 399 1853 είς
411 1821 527 1856 ἀνομίαν
545 1820 732 1856 λογιζομένας,
749 1819 817 1847 ἀλλὰ
829 1820 885 1855 γὰρ

96 1868 146 1894 καὶ
160 1867 289 1894 τοσοῦτον
307 1867 384 1902 ἰσχὺν
400 1866 526 1902 ἐχούσας,
542 1865 580 1897 ὡς
597 1866 645 1892 καὶ
659 1865 723 1896 τοὺς
744 1866 781 1900 μὴ
805 1873 886 1900 προσ-

98 1913 228 1949 ιεμένους
244 1913 340 1946 αὑτὰς,
355 1913 439 1947 ἦγουν
451 1912 501 1944 τὰς
516 1911 687 1947 παραϐάσεις
698 1911 748 1943 τὰς
762 1931 770 1944 ,
785 1911 822 1943 ὥς
835 1920 886 1945 φα-

97 1969 154 1994 σιν,
173 1958 330 1993 οἰκονομίας
343 1957 398 1984 τῶν
413 1957 511 1992 ἁγίων,
527 1957 798 1993 ἀναθεματισμένους
812 1957 886 1993 παρά

96 2009 132 2044 τῇ
155 2004 306 2040 Ἐκκλησία
320 2001 407 2037 εἷναις

133 2101 273 2136 Συνῆκται
284 2096 330 2126 οὗν
347 2097 471 2125 ὲντεῦθεν
486 2096 561 2123 οὐδὲν
573 2096 677 2132 ἕτερον,
689 2096 705 2132 ἢ
723 2096 752 2123 τὺ
766 2096 812 2123 τὸν
822 2096 887 2123 Θεὸν

96 2145 217 2180 τρεπτὺν
231 2141 301 2170 εἶναι
322 2141 369 2169 καὶ
392 2141 547 2169 ἀλλοιωτόψ
571 2140 751 2176 ὁμοιουμένου
779 2141 826 2168 τοῦ
846 2141 888 2167 λέ-

97 2198 194 2225 γοντος
209 2188 249 2224 τῷ
273 2187 367 2222 οἰκείῳ
381 2186 463 2222 λόγῳ.
478 2186 509 2212 τό
530 2194 561 2212 τε
580 2186 745 2220 Εὑαγγέλιον
763 2187 888 2221 ἀόριστον

935 954 1042 990 injustae
1072 955 1183 982 luerunt
1207 960 1365 982 sanctorum
1392 954 1610 989 dispensationes
1629 964 1636 983 :
1652 961 1681 983 at
1706 956 1729 983 si

934 1001 1020 1028 sancti
1046 1000 1139 1035 injusti
1168 1008 1222 1027 non
1239 1004 1314 1031 sunt,
1328 1000 1366 1027 uti
1393 1007 1487 1026 revera
1511 1007 1565 1026 non
1578 1004 1642 1027 sunt
1656 1008 1664 1032 ;
1680 1009 1727 1028 cx-

934 1046 1126 1074 communicati
1135 1046 1173 1074 illi
1183 1046 1292 1073 fuerunt
1302 1046 1374 1081 quod
1382 1046 1562 1073 adulterinam
1581 1046 1729 1081 copulatio-

934 1100 996 1119 nem
1007 1100 1062 1120 non
1073 1091 1397 1127 recipiant,quantumvis
1407 1091 1554 1119 artiﬁciose
1563 1092 1587 1119 id
1596 1097 1686 1128 agant,
1699 1097 1729 1121 ut

937 1146 999 1173 quas
1023 1138 1165 1173 perspicua
1178 1142 1252 1169 sunt,
1280 1137 1396 1164 obscura
1423 1138 1547 1165 reddant.
1570 1138 1623 1165 Sed
1638 1139 1729 1166 occul-

936 1185 989 1211 tari
1004 1184 1098 1219 nequit
1109 1184 1181 1219 quod
1197 1183 1297 1211 factum
1312 1187 1363 1210 est.
1393 1182 1452 1211 Jam
1467 1191 1532 1211 vero
1543 1185 1614 1218 quod
1634 1185 1729 1212 immu-

936 1230 1025 1257 tabilia
1040 1230 1096 1258 sint
1119 1230 1263 1266 Evangelii
1288 1230 1425 1262 mandata,
1448 1230 1511 1258 audi
1531 1230 1659 1258 Basilium
1674 1230 1729 1258 Ma—

935 1283 1017 1310 gnum
1058 1275 1221 1302 clamantem
1243 1274 1392 1302 :Fortasse
1429 1275 1571 1303 intendere
1609 1276 1728 1304 animam

935 1327 1035 1353 meam,
1058 1320 1315 1356 vigilantioremque
1331 1321 1359 1348 in
1376 1324 1517 1356 posterum
1545 1320 1658 1348 reddere
1675 1321 1730 1348 Do-

939 1366 1035 1393 minus
1063 1366 1161 1400 voluit,
1178 1371 1208 1394 ut
1231 1366 1420 1394 hominesnon
1452 1367 1584 1400 attendat,
1611 1367 1658 1395 sed
1684 1375 1731 1399 per

935 1410 1092 1446 evangelica
1112 1411 1240 1438 mandata
1247 1411 1413 1446 perﬁciatur,
1420 1419 1480 1446 qua:
1488 1419 1540 1440 nec
1551 1412 1729 1447 temporibus.

935 1462 987 1483 nec
1004 1455 1184 1483 humanarum
1199 1464 1289 1484 rerum
1297 1457 1509 1484 circumstantiis
1516 1462 1729 1490 commutantur.

937 1509 1032 1529 verum
1055 1501 1150 1529 eadem
1162 1507 1333 1537 permanent,
1345 1502 1415 1530 sicut
1423 1510 1457 1530 ex
1473 1502 1552 1531 beato
1563 1508 1592 1531 et
1606 1503 1718 1532 minime

898 1564 920 1593 α
937 1545 1024 1574 fallaci
1048 1554 1096 1575 ore
1119 1547 1290 1582 prodierunt,
1314 1547 1354 1576 sic
1374 1549 1448 1576 omni
1476 1557 1536 1577 aevo
1553 1557 1732 1585 perseveran-

938 1591 984 1619 tia.
1008 1591 1110 1620 Contra
1131 1599 1206 1626 vero,
1219 1593 1266 1628 qui
1284 1593 1466 1621 adnlterinam
1497 1595 1730 1630 coniunctionem,

936 1636 1080 1665 salutarem
1092 1637 1320 1672 dispensationem
1326 1646 1387 1666 esse
1394 1638 1547 1668 docuerunt
1557 1648 1564 1667 :
1577 1640 1644 1675 quid
1657 1640 1732 1669 aliud

936 1682 1040 1716 dicunt,
1067 1691 1148 1718 quam
1179 1684 1318 1712 mutabilia
1347 1692 1409 1713 esse
1440 1685 1489 1713 Dei
1516 1687 1652 1719 mandata,
1670 1695 1733 1722 qua:

936 1736 1011 1756 nunc
1040 1729 1150 1764 quidem
1180 1734 1330 1764 mutentur,
1344 1737 1420 1758 nunc
1445 1731 1558 1759 minime
1578 1737 1731 1765 mutentur,

938 1774 987 1801 sed
1009 1774 1214 1802 immutabiliter
1239 1779 1380 1811 agant:et
1401 1777 1540 1804 nonnullis
1565 1779 1732 1813 temporibus

938 1825 1021 1856 atque
1035 1821 1163 1849 humanis
1176 1822 1401 1855 circumstantiis.
1417 1823 1488 1851 sicut
1498 1823 1548 1859 ipsi
1564 1823 1599 1851 de
1612 1824 1733 1860 impera-

938 1866 1043 1893 toribus
1069 1867 1197 1895 dixerunt
1224 1872 1375 1901 mutentur,
1389 1873 1417 1897 et
1432 1870 1467 1897 ad
1481 1869 1652 1904 iniquitatem
1676 1879 1732 1899 non

939 1911 1111 1946 imputentur
1127 1922 1133 1940 :
1149 1921 1258 1941 rursum
1291 1920 1382 1942 autem
1409 1919 1511 1942 tantam
1526 1915 1580 1942 vim
1601 1915 1732 1950 habeant,

939 1959 969 1982 ut
985 1956 1031 1991 qui
1045 1964 1076 1984 ea
1090 1965 1145 1985 non
1158 1959 1320 1994 suscipiunt,
1339 1959 1392 1987 hoc
1405 1964 1456 1993 est,
1482 1960 1722 1995 transgressiones,

939 2009 1009 2036 qua,
1025 2007 1055 2030 ut
1072 2003 1124 2038 ipsi
1137 2004 1224 2037 aiunt,
1242 2005 1463 2039 dispensationes
1486 2010 1550 2033 sunt
1565 2009 1732 2038 sanctorum.

939 2048 1115 2077 anathemate
1130 2049 1294 2077 damnentur
1317 2051 1352 2078 ab
1367 2051 1486 2078 Ecclesia
1499 2051 1511 2079 τ

975 2094 1014 2121 Ex
1031 2094 1074 2122 his
1084 2102 1149 2130 ergo
1166 2095 1311 2123 conﬁcitur
1327 2096 1394 2123 nihil
1413 2097 1488 2125 aliud
1498 2117 1506 2129 .
1519 2106 1600 2133 quam
1614 2101 1735 2129 mutabi-

941 2140 994 2166 lem
1010 2140 1096 2167 Deum
1115 2148 1177 2168 esse
1193 2150 1199 2168 :
1213 2145 1242 2168 ut
1257 2141 1329 2169 dicto
1341 2149 1391 2169 suo
1406 2143 1501 2171 similis
1520 2145 1556 2172 sit
1569 2146 1616 2181 qui
1635 2147 1735 2176 dixerit

941 2193 968 2215 et
982 2187 1157 2224 Evangelium
1173 2187 1332 2216 indiﬂerens
1347 2196 1408 2216 esse
1421 2189 1455 2216 ad
1474 2190 1588 2218 salutem
1604 2196 1632 2219 et
1645 2193 1736 2227 perdi-

97 2237 166 2273 πρός
180 2243 211 2262 τε
227 2233 364 2269 σωτηρίαν
377 2232 424 2259 καὶ
439 2228 668 2266 ἅπώλειαν.⁹Αρα
685 2231 739 2266 γὰρ
755 2232 802 2258 ἐπὶ
818 2231 886 2258 πάν-

939 2233 1121 2260 tionem.Num
1133 2233 1206 2260 enim
1219 2232 1246 2260 in
1259 2233 1387 2261 omnibus
1399 2234 1556 2263 hominibus
1566 2257 1574 2269 ,
1585 2240 1612 2263 et
1635 2236 1662 2264 in
1675 2245 1735 2265 om-

96 2292 151 2310 των
162 2281 328 2315 ἀνθρώπων,
344 2278 389 2306 καὶ
408 2277 455 2304 ἐπὶ
469 2277 559 2312 πάσης
572 2276 681 2312 ἐντολῆς
693 2276 887 2311 παραϐάσεως,

99 2325 252 2363 οἰκονομία·
268 2325 286 2361 ἦ
299 2325 328 2351 ἐν
339 2332 394 2350 τισι
410 2322 456 2350 καί
474 2330 546 2355 τινι;
561 2321 616 2348 Καὶ
633 2321 674 2353 τίς
691 2322 707 2357 ὴ
727 2321 889 2356 ἀποκλήρω-

100 2379 142 2402 σις
156 2371 205 2398 τοῦ
223 2370 270 2397 ἐπί
283 2378 338 2397 τισι
357 2369 406 2404 μὲν
422 2368 469 2396 καί
485 2377 538 2395 τινι
552 2365 632 2400 εἶναι,
649 2367 695 2393 ἐπὶ
709 2366 737 2393 δέ
760 2375 815 2393 τισι
842 2367 889 2393 καί

97 2425 152 2443 τινι
166 2415 296 2450 οὐδαμῶς
308 2424 316 2449 ς
332 2415 387 2442 Καὶ
401 2414 470 2450 πρὸς
482 2414 563 2440 τίνων
576 2411 632 2449 ἆρα
647 2412 695 2439 καὶ
708 2413 784 2448 παρὰ
799 2412 889 2439 πόσων

97 2465 127 2490 τὸ
146 2462 321 2497 οἰκονομεϊνς
341 2461 421 2496 Παρὰ
436 2459 571 2496 ίεραρχῶν
588 2459 686 2494 μόνων,
698 2459 714 2494 ἢ
725 2459 772 2486 καὶ
783 2459 888 2495 ἱερέων;

98 2506 252 2538 Συνοδικῶς
266 2506 284 2542 ἢ
308 2506 356 2532 καὶ
381 2505 472 2537 ίδικῶς
499 2505 636 2537 ἓκαστονς
656 2503 713 2531 Καὶ
729 2505 754 2530 εί
773 2504 819 2530 ἐπὶ
841 2504 896 2531 τῶν

99 2553 237 2589 βασιλέων
254 2551 353 2588 μόνων,
366 2551 413 2578 hri.
429 2551 479 2585 τῆς
497 2550 620 2586 μοιχείας
642 2550 725 2585 μόνης
736 2569 745 2582 ,
761 2550 778 2585 ἢ
791 2549 839 2576 καὶ
854 2550 897 2584 ἐφ’

99 2601 223 2633 ἑκάστης
251 2597 444 2633 παρανομίαςς
465 2597 520 2624 Καὶ
543 2596 602 2628 πῶς
624 2596 670 2622 ἐπὶ
691 2595 745 2622 τῶν
762 2595 896 2630 βασιλέων

99 2644 295 2681 ὑποχωροῦσιν
318 2643 411 2671 αἰτοῦ
436 2643 504 2670 Θεοῦ
528 2642 652 2676 ὲντολαί;
677 2642 693 2678 ἢ
722 2643 841 2674 πάντως,
858 2642 895 2675 ὡς

99 2693 148 2727 τῆς
168 2690 313 2727 βασιλείας
333 2689 415 2716 αὐτοῦ
430 2689 506 2720 τέλος
529 2689 654 2724 ἐχούσης·
678 2688 719 2715 ὅτι
735 2689 801 2723 μηδὲ
817 2688 892 2723 βασι-

99 2737 168 2769 λέως
197 2736 337 2772 ὑποχωρεῖ
359 2736 452 2770 νόμος,
475 2734 514 2771 μὴ
539 2734 634 2768 ἑτέρου
657 2733 788 2768 βασιλέως
810 2734 891 2761 αὐτὸν

99 2780 315 2816 διαδεχομένους
351 2779 432 2807 Ἀλλὰ
459 2780 514 2816 γὰρ
542 2779 589 2807 καὶ
614 2778 692 2805 τοῦτο
721 2779 890 2814 ἀπορητέον*

101 2827 196 2862 ἐπειδὴ
216 2835 300 2862 φησιν
313 2827 327 2853 ὸ
340 2826 411 2858 θεῖος
432 2825 604 2857 Ἀπόστολος·
626 2825 659 2852 οι
683 2823 801 2859 ἄνδρες,
818 2826 891 2860 ἁγα-

101 2870 177 2900 κᾶτε
188 2869 243 2904 τὰς
257 2869 373 2898 ἀαυτῶν
387 2869 540 2905 γυναῖκας,
558 2868 655 2901 καθὼς
667 2868 716 2896 καί
732 2870 749 2896 ὀ
765 2869 890 2905 Χριστὸς

942 2279 970 2306 ni
992 2279 1109 2306 mandati
1144 2279 1358 2314 transgressione
1384 2279 1553 2314 dispensatio
1572 2285 1626 2313 est.
1654 2290 1688 2308 an
1706 2283 1734 2309 in

941 2324 1101 2359 quibusdam
1120 2344 1126 2355 .
1143 2328 1171 2351 et
1190 2324 1217 2351 in
1227 2324 1340 2360 aliquo?
1352 2324 1385 2352 Et
1400 2332 1524 2360 quaenam
1540 2333 1599 2353 sors
1614 2326 1665 2354 ista
1681 2332 1733 2359 est,

941 2369 1006 2397 utin
1017 2369 1176 2404 quibusdam
1186 2370 1222 2397 sit
1231 2374 1259 2397 et
1271 2369 1297 2396 in
1314 2369 1415 2404 aliquo,
1427 2369 1454 2397 in
1468 2370 1603 2405 aliquibus
1611 2375 1639 2398 et
1649 2372 1676 2398 in
1687 2371 1735 2399 ali-

941 2422 996 2449 quo
1005 2422 1174 2449 nequaquam
1189 2415 1399 2450 ?Aquibusnam
1409 2422 1474 2452 ergo
1484 2436 1491 2448 ,
1498 2420 1548 2445 eta
1555 2424 1635 2452 quam
1644 2418 1736 2445 multis

947 2460 1006 2487 haec
1029 2460 1219 2495 dispensatio?
1240 2459 1282 2488 Ab
1313 2460 1434 2495 episopis
1457 2461 1533 2494 solis,
1558 2469 1593 2489 an
1620 2463 1703 2490 etiam
1720 2471 1735 2490 a

946 2505 1133 2534 sacerdotibus
1146 2506 1157 2533 'l
1169 2505 1302 2541 Synodice
1324 2513 1359 2533 an
1369 2506 1496 2541 privatim
1522 2509 1686 2542 utrumque?
1703 2508 1736 2536 Et

946 2551 971 2579 si
990 2552 1019 2580 in
1033 2551 1142 2587 regibus
1157 2556 1264 2581 tantum
1276 2571 1283 2585 ,
1298 2559 1333 2579 an
1358 2552 1386 2580 in
1405 2552 1540 2580 adulterio
1559 2553 1644 2580 solm!
1655 2561 1690 2581 an
1706 2555 1734 2582 in

946 2598 1066 2633 qualibet
1085 2598 1229 2633 iniquitate
1242 2599 1254 2625 ?
1266 2598 1300 2627 Et
1313 2598 1450 2633 quomodo
1460 2598 1488 2625 in
1501 2598 1610 2634 regibus
1626 2606 1737 2628 cessant.

947 2644 992 2671 Dei
1008 2645 1156 2672 mandata?
1171 2645 1212 2671 An
1227 2644 1339 2672 omnino
1362 2645 1438 2680 quasi
1458 2644 1539 2672 ﬁnem
1556 2645 1656 2674 habeat
1675 2647 1736 2682 ejus

942 2689 1085 2724 imperium
1106 2698 1113 2717 :
1131 2690 1350 2725 quandoquidem
1374 2698 1426 2719 nec
1450 2691 1622 2726 imperatoris
1646 2699 1735 2722 cessat

941 2735 993 2767 lex,
1009 2734 1060 2763 nisi
1077 2735 1224 2770 imperator
1236 2736 1305 2763 alter
1320 2736 1466 2764 succedat?
1482 2736 1536 2764 Sed
1547 2740 1575 2764 et
1595 2737 1647 2765 hoc
1665 2746 1735 2773 quo-

939 2787 992 2815 que
1007 2779 1189 2815 indagandum
1203 2785 1245 2809 est
1258 2790 1264 2808 :
1280 2789 1341 2810 cum
1357 2782 1431 2810 dicat
1440 2782 1551 2810 divinus
1571 2781 1733 2818 Apostolus:

946 2826 1010 2859 Viri,
1023 2826 1123 2862 diligite
1145 2835 1237 2854 uxores
1254 2833 1352 2855 veslras
1371 2829 1439 2855 sicut
1455 2833 1478 2856 et
1500 2829 1619 2857 Christus
1644 2830 1730 2858 dilexi

945 2872 1099 2905 Ecclesium,
1113 2876 1136 2900 ct
1149 2873 1260 2907 seipsum
1273 2875 1439 2910 tradiditpro
1448 2884 1490 2908 ca,
1507 2881 1534 2902 ut
1549 2875 1624 2904 illam
1639 2878 1723 2904 animi
