1926 3078
205 157 274 189 1083

797 161 828 192 S.
849 161 1049 193 THEODORI
1064 162 1238 193 STUDITJE

1765 162 1836 195 ποθι

200 214 263 249 jure
276 214 387 247 audere,
402 219 430 242 et
448 214 577 249 injustam
590 215 738 243 multorum
752 217 925 245 concordiam
937 218 991 246 dis-

1043 219 1146 253 φωνίαν
1171 218 1262 245 ἄδικον
1285 216 1408 244 λύεσθαι.
1428 217 1511 245 Ἀλλὰ
1537 217 1569 245 σὺ
1586 217 1636 253 μὶν
1654 226 1834 254 προτιμησον,

202 257 320 285 solvere.
335 257 374 284 Tu
390 265 465 290 vero,
477 258 500 285 si
516 259 622 286 videtur
635 280 643 292 ,
659 264 767 288 servato
783 260 840 289 Noe
869 262 995 290 submer-

202 310 260 331 sam
275 303 478 331 multitudinem
497 308 654 339 antepone:
675 306 740 332 mihi
764 311 853 334 autem
869 309 995 342 permitte

203 353 233 377 ut
251 357 313 377 cum
331 350 426 385 paucis
449 350 483 377 ad
506 357 597 378 arcam
613 352 766 379 eonvolem.
783 352 815 380 Et
828 361 949 387 rursum,
972 354 994 382 si

205 396 305 430 placet,
335 397 453 433 adjunge
476 402 504 425 te
530 397 696 425 multitudini
726 398 906 426 Sodomorum
924 407 994 435 :ego

201 449 267 468 vero
289 449 351 469 cum
367 442 417 470 Lot
441 444 533 477 abibo,
546 444 671 479 quamvis
694 444 768 471 solus
788 445 873 472 turbae
890 445 995 472 utiliter

206 495 237 514 se
253 487 397 516 subducat.
418 488 563 517 Enimvero
579 490 647 517 mihi
661 491 743 518 etiam
760 490 907 518 reverenda
923 490 994 517 mul-

202 532 300 565 titudo,
321 541 376 561 non
396 534 602 569 inquisitionem
623 534 739 570 fugiens,
756 535 803 562 sed
819 535 994 562 demonstra-

202 578 303 606 tionem
320 580 464 614 praebens:
477 587 530 607 non
544 587 635 607 amare
650 581 798 613 ulciscens,
815 580 863 607 sed
879 584 992 615 paterne

202 624 362 660 castigans:
385 632 440 652 non
465 626 586 653 novitate
615 626 736 661 gaudens
752 646 759 658 ,
781 626 829 653 sed
850 630 992 661 paternam

203 670 325 698 retinens
347 670 544 698 haereditatem.
567 671 718 704 Quamnam
746 679 811 699 vero
841 671 992 698 multitudi-

202 724 266 744 nem
283 717 350 744 mihi
366 717 497 752 praedicas
507 717 667 745 ?blanditiis
678 721 706 745 et
717 717 876 745 muneribus
890 718 995 745 condu-

202 762 297 790 ctam?
314 762 450 798 imperitia
478 768 507 790 et
537 763 690 799 ignorantia
722 763 846 798 captam?
873 767 948 790 metu
965 767 993 790 et

202 812 307 836 terrore
332 809 591 844 prostratam?qua:
610 809 720 837 brevem
744 809 850 842 peccati
880 816 990 837 usuram

203 858 313 881 aeterne
332 854 396 882 vita:
410 854 553 889 praetulit?
569 854 641 889 quod
655 854 732 881 multi
751 858 845 889 aperte
871 853 991 881 confessi

1045 264 1069 290 εί
1085 264 1167 295 δοκεῖ,
1181 262 1230 290 τοῦ
1244 262 1398 298 σωζομένου
1413 263 1475 290 Νῶε
1489 263 1520 290 τὸ
1535 263 1700 299 ὑποὸρύχιον
1720 265 1833 300 πλῆθος·

1045 308 1106 343 ἐμοὶ
1127 307 1157 334 δὲ
1181 306 1360 343 συγχώρησον
1385 308 1442 338 τοῖς
1464 307 1566 342 ὀλίγοις
1581 310 1614 344 τῇ
1628 309 1739 345 κιϐωτῷ
1752 318 1835 345 προσ-

1044 354 1168 389 δραμεῖν.
1185 354 1238 380 Καὶ
1261 354 1353 386 πάλιν,
1375 355 1400 381 ει
1425 354 1526 389 βούλει,
1547 355 1627 387 τάξον
1654 356 1750 384 σαυτὸν
1764 357 1834 392 μετὰ

1044 399 1097 426 τῶν
1110 399 1215 426 πολλῶν
1231 400 1260 426 ὲν
1274 399 1413 434 Σοδόμοιςο
1429 400 1485 434 ἐγὼ
1496 401 1524 427 δὲ
1542 401 1694 428 συνοδέυσω
1705 402 1744 437 τῷ
1759 401 1832 433 Λὼτ,

1044 444 1096 472 κᾶν
1113 445 1192 480 μόνος
1205 444 1259 472 τῶν
1273 445 1360 480 ὄχλων
1375 446 1569 481 συμφερόντως
1581 446 1744 482 χωρίζηται.
1758 448 1833 483 Πλὴν

1044 491 1107 526 ἐμοὶ
1130 492 1178 518 καὶ
1193 491 1295 526 πλῆθος
1310 491 1463 526 αίδέσιμον,
1480 493 1510 518 οὐ
1522 492 1554 519 τὸ
1569 493 1671 527 φεῦγον
1698 492 1832 526 ἐξέτασιν,

1044 537 1112 564 ἀλλὰ
1128 537 1159 564 τὸ
1181 537 1300 572 παρέχον
1315 537 1463 569 ἀπόδειξιν
1480 537 1509 564 οὐ
1528 537 1559 564 τὸ
1573 538 1679 574 πικρῶς
1697 539 1835 574 ἀμυνόμε-

1043 589 1099 614 νον,
1116 581 1186 608 ἀλλὰ
1199 582 1230 608 τὸ
1244 582 1385 617 πατρικῶς
1408 581 1598 617 διορθούμενον
1614 591 1621 598 ·
1639 583 1670 610 οὐ
1694 583 1725 610 τὸ
1737 585 1834 619 χαῖρον

1044 626 1218 662 καινοτομίᾳ,
1227 626 1297 655 ἀλλὰ
1311 626 1340 653 τὺ
1349 626 1484 662 φυλάσσον
1497 627 1628 663 πατρῴαν
1638 628 1832 664 κληρονομίαν.

1043 671 1122 697 Ποῖον
1133 671 1162 697 δέ
1189 680 1235 707 μοι
1254 672 1300 698 καὶ
1317 671 1418 706 πλῆθος
1433 671 1540 706 λέγεις;
1556 673 1587 699 τὸ
1604 673 1739 708 μισθωθὲν
1756 674 1835 701 κολα-

1043 716 1106 753 κείᾳ
1121 717 1168 743 καὶ
1181 717 1277 752 δώροις
1290 725 1297 750 ;
1313 717 1344 744 τδ
1364 717 1467 744 κλαπὲν
1478 718 1585 753 ἀμαθίᾳ
1599 727 1629 745 τε
1650 720 1697 746 καὶ
1715 720 1832 756 ἀγνιιίιμ

1042 762 1073 788 τὸ
1089 762 1234 794 πεπτωκὸς
1248 762 1334 797 δειλίᾳ
1347 763 1396 790 καὶ
1411 764 1485 798 φόϐῳ
1498 772 1505 796 ;
1517 764 1548 790 τὸ
1561 765 1736 800 προτιμῆσαν
1748 766 1834 801 πράσ-

1043 815 1138 842 καιρον
1160 807 1296 843 ἁμαρτίας
1321 808 1472 835 ἀπόλαυσιν
1493 808 1544 842 τῆς
1568 809 1678 836 αἰωνίου
1708 809 1800 844 ζωῆςς
1815 810 1834 838 ᾱ

1044 851 1136 878 πολλοὶ
1151 852 1276 886 φανερῶς
1297 852 1487 888 ὡμολόγησαν.
1502 853 1604 888 Πλήθει
1615 855 1645 880 τὸ
1657 854 1753 888 ψεῦδος
1769 863 1834 888 κρα-

202 902 277 925 sunt.
301 897 473 926 Multitudine
494 898 664 926 mendacium
690 897 833 926 defendis?
849 898 914 926 hinc
929 898 991 925 mali

1043 897 1150 931 τύνεις;
1172 898 1275 931 ἔδειξας
1299 899 1346 926 τοῦ
1369 898 1457 926 δεινοῦ
1472 900 1522 934 τὴν
1536 900 1671 928 ἐπίτασιν.
1687 900 1764 936 Ὅσῳ
1778 901 1834 936 γὰρ

201 942 256 969 vim
268 942 409 970 declarasti
420 950 491 978 ;quo
503 942 576 970 enim
592 943 625 970 ad
637 942 728 978 plures
738 943 838 970 malum
848 943 990 979 pertingit,

202 989 277 1013 tanto
296 986 383 1020 major
397 990 440 1014 est
450 986 600 1014 calamitas.

236 1032 274 1059 De
290 1032 333 1060 his
347 1040 411 1068 ergo
425 1032 454 1059 in
470 1033 543 1060 hunc
560 1033 681 1060 modum.
693 1032 812 1061 Caeteras
823 1037 913 1061 autem
929 1038 990 1062 tuas

200 1078 402 1114 propositiones
432 1078 558 1113 persequi
573 1086 807 1113 supervacaneum
823 1079 903 1111 foret,
919 1080 990 1107 dile-

177 1134 179 1136 ·
201 1127 255 1154 cle,
276 1127 332 1150 tum
349 1123 411 1158 quia
426 1123 535 1150 modum
555 1123 676 1158 epistola:
692 1125 836 1157 excedunt,
854 1130 912 1152 tum
925 1126 987 1159 quia

202 1172 277 1196 recto
294 1176 377 1196 sensu
405 1169 476 1196 dicta
500 1168 696 1204 accipientibus
724 1170 803 1198 obvia
826 1175 908 1198 erunt
927 1179 988 1206 quae

203 1214 340 1241 dicuntur.

401 1272 497 1300 XLIX.
507 1287 542 1293 —
568 1273 712 1301 Naucratio
726 1274 792 1305 ﬁlio.

1041 942 1151 975 πλείους
1173 943 1202 970 έν
1223 942 1262 978 τῷ
1276 942 1364 978 κακῷ,
1383 943 1503 979 τοσούτῳ
1527 944 1628 980 μείζων
1643 945 1660 980 η
1691 945 1831 980 συμφορά.

1076 1032 1154 1060 Οὕτω
1169 1032 1218 1069 μὲν
1231 1032 1264 1068 δὴ
1278 1033 1375 1061 ταῦτα.
1400 1033 1479 1062 Ἰέναι
1496 1035 1525 1062 δὲ
1541 1035 1588 1062 ἐπὶ
1606 1036 1657 1067 τὰς
1673 1035 1770 1071 ἑτέρας
1783 1044 1832 1062 σου

1041 1077 1199 1113 προτάσεις,
1214 1077 1352 1112 παρέλκον
1365 1078 1398 1105 ἂν
1418 1079 1472 1114 εἰη,
1489 1079 1626 1114 ἀγαπητὲ.
1640 1079 1685 1105 διὰ
1698 1079 1728 1105 τδ
1740 1079 1833 1105 ἐκδαί-

1042 1131 1097 1149 νειν
1121 1122 1168 1149 τοῦ
1194 1123 1294 1158 μέτρου
1311 1123 1361 1158 τῆς
1376 1123 1531 1158 ἐπιστολῆς,
1549 1124 1596 1150 καὶ
1619 1124 1705 1156 ἄλλως
1721 1124 1762 1150 ὅτι
1775 1125 1834 1155 τοῖς

1043 1169 1212 1205 εὐαισθήτως
1230 1169 1388 1205 δεχομένοις
1401 1170 1461 1202 τοὺς
1476 1170 1571 1204 λόγους
1584 1171 1760 1206 εύαπάντητα
1775 1169 1834 1197 εἷεν

1045 1216 1081 1243 τὰ
1093 1216 1240 1251 λεγόμενα.

1216 1272 1284 1301 ΜΘ⁸.
1301 1287 1334 1293 -
1347 1273 1523 1307 Ναυκρατίῳ
1534 1273 1638 1307 τέκνῳ.
1651 1272 1742 1310 [σκε’.]

202 1326 240 1352 Ad
257 1328 408 1360 elaquentiaa
420 1329 529 1355 studium
544 1329 664 1354 hortatur.
676 1329 738 1355 Tum
751 1330 845 1361 aliquot
857 1330 1010 1361 Studitarum
1021 1330 1138 1354 \‘irtulem
1161 1329 1327 1361 commendat.
1340 1329 1446 1361 Demnm
1458 1329 1593 1360 respondet
1603 1329 1751 1354 quibusdam
1760 1330 1832 1355 inter

575 1362 668 1392 rogatis
677 1361 708 1385 de
719 1359 890 1386 communione
902 1368 957 1386 cum
967 1362 1099 1386 haereticis.
1113 1361 1212 1392 (Baron.
1225 1367 1265 1384 an.
1277 1360 1333 1390 809,
1346 1367 1372 1384 n.
1386 1359 1437 1391 ιι.)

236 1410 309 1438 Dicis
332 1419 406 1439 nunc
433 1411 501 1439 mihi
528 1416 556 1439 et
578 1411 726 1439 identidem
738 1413 805 1440 alias
823 1412 988 1448 exposuisti,

202 1457 238 1484 fili
254 1457 290 1484 mi
305 1457 547 1491 desideratissime,
562 1465 617 1484 non
632 1458 760 1492 quiddam
778 1458 945 1494 superfluum
962 1462 990 1486 et

203 1504 284 1531 inane
317 1504 401 1537 dictu,
430 1504 479 1532 sed
502 1508 685 1540 opportunum
699 1510 726 1533 et
750 1505 938 1538 conveniens,
962 1508 991 1532 et

204 1549 277 1584 quod
290 1549 323 1576 ad
351 1550 495 1577 utilitatem
519 1551 602 1578 animi
623 1550 756 1583 conferat,
777 1551 848 1578 sicut
872 1555 900 1578 et
916 1558 991 1578 nunc

201 1595 277 1623 facis.
295 1595 348 1631 Ego
360 1603 424 1623 vero
443 1597 601 1632 gravitatem
618 1600 690 1624 tuam
704 1596 827 1627 laudans.
842 1596 991 1631 amplector
1004 1615 1025 1645 ε

200 1641 282 1668 etiam
298 1641 436 1669 meliorem
448 1642 545 1677 stylum
560 1646 636 1669 tuum
648 1650 742 1676 :quem
754 1642 899 1677 plurimam
912 1649 992 1669 oma-

201 1686 253 1719 bis,
268 1687 290 1714 si
306 1687 486 1722 grammaticae
503 1687 605 1714 scholia
618 1687 712 1721 legere
726 1688 859 1722 potueris.
877 1687 992 1722 Oportet

200 1733 274 1760 enim
294 1736 323 1760 ut
347 1733 455 1760 dicendi
479 1732 633 1760 facultatem
662 1741 794 1768 usumque
811 1733 932 1761 obtineat
946 1733 990 1768 qui

201 1783 302 1807 rectam
327 1779 480 1807 doctrinam
505 1779 643 1812 defendit,
661 1783 689 1807 et
715 1783 819 1806 certare
847 1779 903 1806 vult
928 1787 990 1806 cum

202 1833 284 1860 prave
303 1825 494 1853 sentientibus.
511 1825 578 1852 Nam
593 1833 654 1852 cum
673 1833 800 1861 magnum
816 1825 883 1860 quid
895 1833 927 1852 ex
940 1825 991 1853 hac

201 1871 298 1898 notitia
313 1878 342 1898 se
356 1874 496 1899 assecutos
511 1871 562 1898 rati
583 1871 743 1907 glorientur,
766 1871 829 1899 dum
852 1871 991 1899 oblectant

205 1925 254 1945 eos
273 1917 373 1952 quibus
388 1917 516 1953 pruriunt
533 1926 614 1945 aures
631 1927 638 1946 :
655 1922 869 1945 consentaneum
885 1922 926 1945 est
943 1924 990 1944 eos

200 1961 246 1996 qui
263 1967 337 1989 recta
352 1962 483 1995 sentiunt,
503 1970 554 1989 nec
569 1963 704 1990 sermonis
725 1962 830 1990 viribus
846 1962 990 1990 destitutos

201 2015 262 2035 esse
281 2027 288 2040 ,
307 2011 336 2034 ut
363 2007 500 2035 minantes
528 2006 647 2042 ipsorum
675 2007 773 2035 arietes
795 2007 933 2041 dejiciant.
951 2007 990 2035 lta

202 2052 267 2079 mihi
279 2052 368 2087 placet
382 2059 414 2079 ea
427 2052 455 2079 in
469 2059 498 2080 re
520 2052 674 2079 conﬁrmari
699 2056 737 2084 te,
753 2053 800 2079 tili.
816 2048 931 2080 Prorsus
943 2060 991 2080 au-

202 2101 256 2124 tem
275 2097 347 2132 quod
377 2097 405 2124 in
423 2102 448 2125 te
469 2098 567 2132 cupio,
594 2105 648 2125 non
682 2097 784 2132 pariter
799 2097 826 2124 in
840 2097 964 2132 quolibet
981 2106 988 2124 :

202 2146 343 2177 propterea
357 2142 428 2177 quod
439 2142 508 2169 alius
524 2143 602 2170 aliter
610 2151 639 2170 se
652 2142 749 2175 habet,
766 2142 848 2177 idque
867 2142 988 2177 expedit.

205 2188 352 2215 Dormiisse
374 2195 456 2223 porro
472 2188 541 2215 dicis
567 2188 665 2215 fratres
691 2188 847 2223 Philippum
862 2193 889 2216 et
901 2189 991 2216 Philo-

204 2241 279 2261 nem.
299 2233 332 2260 Et
355 2233 434 2266 bene,
450 2233 522 2268 quod
538 2238 653 2267 uterque
670 2233 743 2261 bono
759 2233 822 2261 fine.
837 2233 896 2261 Non
916 2234 989 2268 quod

1074 1412 1183 1448 Φθέγγῃ
1212 1411 1261 1438 καὶ
1283 1410 1413 1446 διήγησαι
1433 1419 1478 1446 μοι
1497 1411 1638 1442 ἑκάστοτε,
1658 1410 1754 1438 τέκνον
1780 1420 1834 1446 μου

1040 1457 1237 1493 περιπόθητον,
1268 1457 1345 1484 οὐδέν
1368 1466 1394 1483 τι
1415 1457 1542 1492 περιττὸν
1567 1457 1615 1484 καὶ
1636 1457 1833 1492 είκαιομυθές’

1040 1502 1098 1528 ἀλλ’
1111 1501 1241 1536 εὔκαιρον
1265 1501 1311 1528 καὶ
1338 1501 1492 1536 πρεπῶδες,
1510 1502 1557 1528 καὶ
1582 1501 1667 1537 φέρον
1681 1503 1721 1533 είς
1735 1501 1834 1536 δνησιν

1040 1547 1139 1582 ψυχῆς.
1156 1546 1252 1582 ὥσπερ
1266 1546 1314 1573 καὶ
1328 1547 1363 1573 τὰ
1382 1546 1442 1574 νῦν.
1464 1546 1534 1581 Ἐγὼ
1551 1546 1579 1573 δέ
1596 1555 1644 1573 σου
1667 1547 1698 1574 τὸ
1720 1546 1835 1574 εὔτονον

1042 1592 1172 1624 ἐπαινῶν,
1185 1592 1356 1627 ἀποδέχομαι
1367 1592 1414 1618 καὶ
1424 1591 1474 1626 τὴν
1486 1591 1694 1627 προκόπτουσαν
1702 1591 1834 1624 διάλεξιν·

1042 1637 1075 1672 ἣν
1089 1637 1137 1669 ὅτιΔ
1151 1635 1269 1670 μάλιστα
1291 1635 1416 1665 καλυνεῐς
1427 1655 1435 1668 ,
1453 1636 1501 1662 ἐὰν
1512 1635 1550 1662 τὰ
1568 1635 1619 1670 τῆς
1636 1635 1836 1672 γραμματικῆς

1043 1681 1134 1716 σχόλια
1157 1681 1276 1716 δυνηθῇς
1297 1681 1415 1708 ἐπιέναι.
1435 1681 1481 1707 Δεῖ
1498 1681 1553 1716 γὰρ
1575 1681 1622 1707 καὶ
1642 1680 1691 1715 τῆς
1711 1681 1741 1707 ὲν
1760 1680 1835 1716 λόγῳ

1041 1727 1181 1762 δυνάμεως
1203 1727 1250 1754 καὶ⁴
1268 1727 1366 1762 πείρας
1379 1727 1504 1762 μετέχειν
1518 1726 1564 1753 τὸν
1581 1726 1736 1762 ὀρθοδοξίας
1767 1727 1835 1753 ἀντ-ι

1041 1773 1182 1808 εχόμενον,
1198 1773 1246 1799 καὶ
1255 1771 1446 1806 ἀντιφέρεσθαι
1459 1773 1515 1803 τοῖς
1526 1772 1680 1804 κακοδόξοις
1697 1772 1834 1807 βουλόμε-

1041 1827 1097 1846 νον.
1119 1818 1228 1853 Ἐπειδὴ
1243 1818 1297 1853 γὰρ
1310 1819 1408 1845 ἐκεῖνοι
1423 1819 1457 1854 τῇ
1471 1817 1596 1845 ἐντεῦθεν
1610 1818 1712 1853 είδήοει
1722 1818 1832 1844 δοκοῦν-

1041 1865 1088 1896 τές
1099 1873 1126 1891 τι
1141 1864 1212 1900 μέγα
1223 1864 1306 1899 ἔχειν,
1316 1864 1560 1899 κατακομπάξουσι
1573 1865 1636 1895 τοὺς
1647 1863 1835 1898 κνηθομένους

1040 1910 1090 1942 τὰς
1103 1910 1189 1942 ἀκοὰς
1205 1910 1416 1945 γαργαλίζοντες
1427 1918 1434 1926 ·
1451 1910 1594 1937 κάλλιστον
1603 1911 1659 1941 τοῖς
1674 1909 1834 1945 ὀρθόφροσι,

1043 1955 1110 1991 μηδὲ
1122 1957 1155 1991 τῇ
1169 1955 1216 1983 τοῦ
1226 1956 1306 1989 λόγου
1324 1955 1397 1990 ίσχύῖ
1409 1954 1526 1986 ἐλλιπῶς
1538 1955 1620 1990 ἔχειν,
1631 1955 1678 1981 καὶ
1696 1955 1833 1982 mam-

1041 2001 1097 2028 λειν
1120 2001 1211 2029 αὐτῶν
1237 2001 1287 2033 τὰς
1314 2001 1477 2033 εὺθυὸόλους
1501 2000 1649 2032 ἑλεπόλεις.
1675 1999 1755 2027 Οὕτω
1786 2009 1833 2035 μοι

1041 2047 1118 2082 φίλον
1139 2047 1323 2082 δυναμοῦσθαί
1340 2055 1381 2080 σε,
1396 2047 1500 2074 τέκνον.
1518 2046 1556 2073 Οὐ
1571 2046 1679 2078 πάντως
1694 2046 1723 2073 δὲ
1745 2046 1760 2072 ὃ
1787 2046 1833 2072 ἐπὶ

1042 2094 1085 2119 σοὶ
1113 2093 1253 2128 βούλομαι,
1281 2093 1329 2120 καὶ
1343 2093 1391 2119 ἐπὶ
1407 2093 1517 2124 παντός·
1536 2092 1580 2119 διὰ
1594 2092 1625 2118 τὸ
1641 2091 1721 2118 ἄλλον
1745 2091 1833 2123 ἄλλως

1042 2138 1114 2173 ἐχειν
1138 2138 1210 2165 κατὰ
1236 2138 1292 2170 ἕξιν
1307 2146 1313 2153 ·
1331 2138 1379 2165 καὶ
1408 2137 1568 2173 συμφέρειν»
1598 2136 1771 2171 Κεκοίμηται
1791 2137 1832 2169 δὲ,

1042 2183 1121 2219 ἔφης,
1138 2184 1152 2210 ό
1178 2183 1292 2217 ἀδελφὸς
1317 2183 1460 2216 Φίλιππος,
1486 2183 1534 2210 καὶ
1556 2182 1653 2209 Φίλων.
1677 2183 1733 2209 Καὶ
1755 2180 1832 2216 εὖγε,

1041 2230 1105 2264 εὖγε
1116 2237 1124 2246 ’
1139 2230 1180 2256 ὅτι
1201 2229 1352 2265 ἀμφότεροι
1364 2229 1435 2256 τέλει
1452 2229 1557 2264 ἀγαθῷ.
1575 2229 1631 2264 οὐχ
1652 2229 1694 2256 ὃτι
1707 2228 1742 2255 τὰ
1762 2237 1832 2262 προσ

202 2288 234 2307 ea
251 2287 311 2315 quae
327 2284 391 2307 ante
407 2279 498 2311 linem,
516 2279 706 2314 vituperanda.
733 2279 878 2312 Quomodo
903 2280 987 2313 enim,

1043 2276 1131 2302 τέλεια
1153 2275 1241 2310 ψεκτὰ
1263 2275 1334 2311 (πῶς
1359 2276 1413 2311 γὰρ
1439 2275 1464 2302 οῑ
1489 2275 1671 2310 ἀπειπάμενοι
1687 2274 1783 2309 κόσμῳ
1800 2274 1832 2310 1f.

202 2334 264 2353 eum
289 2326 492 2353 renuntiassent
506 2325 617 2358 mundo,
634 2329 660 2353 et
684 2326 772 2358 carni,
790 2330 819 2353 et
832 2326 959 2362 sanguini
979 2335 987 2360 ;

202 2376 228 2399 et
247 2379 331 2399 suave
344 2371 396 2398 sibi
409 2371 572 2398 obedientiaa
592 2371 686 2406 jugum
704 2371 899 2406 imposuissent
913 2372 925 2399 ?
942 2372 989 2399 sed

202 2416 264 2451 quia
279 2419 443 2451 postremam
461 2415 659 2443 beatitudinem
678 2416 769 2451 adepti
790 2420 856 2444 sunt
879 2420 991 2452 propter

202 2461 346 2489 Dominum
361 2462 577 2496 persecutionem
592 2462 676 2496 passi,
690 2461 781 2489 alllicti
792 2483 799 2495 ,
815 2466 843 2490 et
862 2462 891 2489 in
906 2470 992 2498 angu—

202 2507 268 2535 stias
280 2506 391 2535 redacti.
409 2507 498 2542 Atque
515 2507 559 2535 bis
576 2508 669 2535 nullus
689 2511 731 2535 est
747 2508 794 2542 qui
810 2508 990 2542 contradicat,

202 2557 300 2588 praeter
313 2559 360 2580 eos
373 2552 418 2587 qui
434 2552 610 2587 Evangelium
630 2556 853 2587 contempserunt
868 2552 986 2580 infames

203 2597 356 2626 Mtechiani.
378 2597 411 2625 Et
430 2597 503 2632 quod
517 2598 552 2625 ad
577 2597 719 2624 Philonem
742 2597 852 2632 quidem
883 2597 991 2629 attinet,

204 2644 259 2671 huc
275 2651 360 2678 usque
375 2643 483 2671 laudem
510 2643 571 2678 ejus
590 2642 718 2678 prosequi
743 2642 855 2677 placuit.
883 2642 992 2679 Egregii

202 2696 267 2716 vero
285 2688 404 2724 Philippi
420 2689 505 2716 multa
516 2694 582 2716 sunt
594 2688 722 2722 praeclara
736 2687 868 2722 facinora,
885 2697 946 2724 quae
963 2694 992 2716 tu

203 2733 262 2770 ipse
279 2734 471 2770 percensuisti.
502 2733 559 2769 Ego
572 2741 637 2761 vero
650 2752 658 2765 .
678 2736 775 2768 praeter
790 2734 834 2761 illa
846 2742 906 2769 qua:
922 2734 992 2762 dicta

203 2782 268 2806 sunt
284 2797 292 2812 ,
307 2779 509 2814 simplicitatem
525 2779 584 2814 ejus
605 2783 631 2806 et
656 2777 840 2806 innocentiam
860 2778 990 2812 demiror,

203 2825 276 2859 quod
293 2825 339 2852 iraa
362 2825 482 2857 nescius,
509 2825 580 2860 quod
606 2833 661 2853 non
685 2832 791 2852 memor
817 2824 990 2860 injuriarum,

205 2870 373 2905 compaticns
384 2874 411 2898 ct
426 2877 520 2898 amans
536 2869 659 2904 fratrum,
678 2869 880 2905 obtemperans,
897 2873 924 2897 et
940 2877 991 2897 nc-

1042 2318 1156 2355 κόσμον]
1173 2319 1262 2355 σάρκα
1277 2320 1324 2346 καὶ
1336 2316 1416 2355 αἷμα,
1439 2319 1488 2346 καὶ
1501 2319 1590 2354 εὐαφῆ
1616 2319 1666 2354 τὴν
1690 2319 1740 2353 τῆς
1766 2319 1835 2345 ὐπο-

1040 2367 1128 2402 ταγῆς
1149 2366 1266 2402 ζεύγλην
1291 2367 1397 2398 ἑαυτοῖς
1422 2366 1625 2401 ὑποθέμενοις),
1642 2365 1700 2392 ἀλλ’
1716 2366 1758 2392 ὅτι
1786 2366 1835 2392 τοῦ

1041 2412 1193 2448 ἀκροτάτου
1212 2411 1389 2447 μακαρισμοῦ
1417 2411 1583 2446 τετυχήκασι
1609 2411 1653 2438 διὰ
1668 2411 1772 2446 Κύριον
1786 2411 1833 2436 δε-

1042 2458 1198 2493 διωγμένοι,
1224 2457 1387 2493 θλιὸόμενοι,
1414 2458 1462 2484 καὶ
1490 2456 1747 2492 στενοχωρούμενοι.
1778 2457 1835 2482 Καὶ

1044 2504 1112 2541 πρὸς
1125 2503 1211 2530 ταῦτα
1232 2503 1321 2536 οὐδεὶς
1337 2504 1351 2529 ὁ
1367 2503 1526 2537 ἀντιλέγων,
1546 2502 1563 2538 ἢ
1577 2503 1601 2529 οι
1615 2502 1646 2530 τὸ
1665 2501 1834 2536 Εὗαγγέλιον

1043 2549 1207 2586 ὴθετηκότες
1227 2549 1381 2584 δυσώνυμοι
1395 2549 1564 2584 Μοιχειανοί.
1579 2548 1634 2576 Καὶ
1656 2548 1696 2584 τῷ
1716 2547 1768 2582 μιν
1783 2547 1833 2574 Φί-

1040 2595 1105 2623 λωνι
1119 2595 1195 2629 φίλον
1214 2595 1295 2630 μέχρι
1309 2594 1385 2621 τοῦδε
1407 2595 1506 2629 στῆσαι
1524 2594 1571 2621 τὺν
1598 2594 1707 2621 ἔπαινον
1721 2601 1729 2610 θ
1742 2593 1779 2620 τὰ
1805 2593 1835 2620 δὲ

1041 2641 1089 2668 τοῦ
1116 2639 1200 2668 καλοῦ
1214 2641 1359 2673 Φιλίππου,
1378 2640 1464 2667 πολλὰ
1486 2639 1699 2675 κατορθώματα,
1716 2638 1734 2666 ἃ
1751 2639 1836 2669 αὐτὸς

1043 2687 1254 2723 προκατέλεξας.
1272 2687 1343 2721 Ἐγὼ
1359 2687 1398 2718 δὲ,
1423 2687 1492 2721 πρδς
1515 2688 1570 2718 τοῖς
1588 2685 1754 2722 εἰρημένοις,
1787 2686 1837 2713 καὶ

1044 2733 1075 2760 τὸ
1098 2733 1236 2760 ἄπλαστον
1263 2732 1346 2760 αὐτοῦ
1371 2733 1419 2759 καὶ
1442 2733 1571 2768 ἀκέραιον
1589 2731 1732 2767 θαυμάζω,
1758 2732 1791 2759 τό
1806 2741 1836 2758 τε

1045 2779 1191 2815 ἀόργητον,
1209 2779 1256 2806 καὶ
1279 2779 1476 2814 ἅμκησίκαχον,
1497 2778 1703 2814 φιλοσύμπαθές
1726 2786 1758 2804 τε
1788 2778 1837 2805 καὶ

1046 2825 1217 2860 φιλάδελφον,
1231 2824 1344 2859 εύήκοόν
1359 2832 1390 2851 τε
1408 2825 1454 2851 xal.
1470 2824 1645 2859 ἁνολίγωρον,
1662 2822 1710 2850 καὶ
1737 2824 1835 2850 συντό-

1048 2877 1107 2905 μως
1133 2869 1230 2902 εἰπεῖν,
1249 2869 1364 2902 ἀπαθὲς,
1379 2869 1408 2903 ἐξ
1430 2865 1460 2897 οὖ
1488 2869 1535 2897 καὶ
1561 2869 1592 2897 τὺ
1621 2869 1837 2901 τύκατάνυκτον,
