  <div class='ocr_page' id='page_1' title='image "/cluster/home/n/w/nwhite01/storage/ocr_20150623/99/njp.32101010943858/572.png"; bbox 0 0 1926 3078; ppageno 0'>
   <div class='ocr_carea' id='block_1_1' title="bbox 133 175 205 210">
    <p class='ocr_par' dir='ltr' id='par_1_1' title="bbox 133 175 205 210">
     <span class='ocr_line' id='line_1_1' title="bbox 133 175 205 210; baseline 0 0"><span class='ocrx_word' id='word_1_1' title='bbox 133 175 205 210; x_wconf 79' lang='grc'>1085</span> 
     </span>
    </p>
   </div>
   <div class='ocr_carea' id='block_1_2' title="bbox 742 184 1150 222">
    <p class='ocr_par' dir='ltr' id='par_1_2' title="bbox 742 184 1150 222">
     <span class='ocr_line' id='line_1_2' title="bbox 742 184 1150 222; baseline 0.02 -8"><span class='ocrx_word' id='word_1_2' title='bbox 742 184 1010 218; x_wconf 79' lang='lat' dir='ltr'><strong>EPISTOLARUM</strong></span> <span class='ocrx_word' id='word_1_3' title='bbox 1030 190 1105 221; x_wconf 90' lang='lat' dir='ltr'><strong>LIB.</strong></span> <span class='ocrx_word' id='word_1_4' title='bbox 1126 192 1150 222; x_wconf 90' lang='lat' dir='ltr'><strong>l-</strong></span> 
     </span>
    </p>
   </div>
   <div class='ocr_carea' id='block_1_3' title="bbox 1696 199 1764 234">
    <p class='ocr_par' dir='ltr' id='par_1_3' title="bbox 1696 199 1764 234">
     <span class='ocr_line' id='line_1_3' title="bbox 1696 199 1764 234; baseline 0.029 -2"><span class='ocrx_word' id='word_1_5' title='bbox 1696 199 1764 234; x_wconf 76' lang='lat'><strong>1086</strong></span> 
     </span>
    </p>
   </div>
   <div class='ocr_carea' id='block_1_4' title="bbox 129 222 898 288">
    <p class='ocr_par' dir='ltr' id='par_1_4' title="bbox 129 222 898 276">
     <span class='ocr_line' id='line_1_4' title="bbox 129 222 898 276; baseline 0.013 -18"><span class='ocrx_word' id='word_1_6' title='bbox 129 222 299 269; x_wconf 78' lang='grc' dir='ltr'>μισόκοσμὸν</span> <span class='ocrx_word' id='word_1_7' title='bbox 318 242 347 260; x_wconf 78' lang='grc' dir='ltr'><strong>τε</strong></span> <span class='ocrx_word' id='word_1_8' title='bbox 366 235 413 261; x_wconf 80' lang='grc' dir='ltr'>καὶ</span> <span class='ocrx_word' id='word_1_9' title='bbox 443 235 576 270; x_wconf 80' lang='grc' dir='ltr'>φιλόθεον,</span> <span class='ocrx_word' id='word_1_10' title='bbox 607 238 655 265; x_wconf 73' lang='grc' dir='ltr'>καὶ</span> <span class='ocrx_word' id='word_1_11' title='bbox 681 239 898 276; x_wconf 66' lang='grc' dir='ltr'>ἀπαρῤησίαστοπ</span> 
     </span>
    </p>
   </div>
   <div class='ocr_carea' id='block_1_5' title="bbox 950 222 1761 288">
    <p class='ocr_par' dir='ltr' id='par_1_5' title="bbox 950 222 1761 288">
     <span class='ocr_line' id='line_1_5' title="bbox 1697 222 1761 234; baseline 0.031 -2"><span class='ocrx_word' id='word_1_12' title='bbox 1697 222 1761 234; x_wconf 83' lang='grc' dir='ltr'>Ιυυυ</span> 
     </span>
     <span class='ocr_line' id='line_1_6' title="bbox 950 243 1761 288; baseline 0.016 -16"><span class='ocrx_word' id='word_1_13' title='bbox 950 243 1071 272; x_wconf 72' lang='lat' dir='ltr'><strong>iminem</strong></span> <span class='ocrx_word' id='word_1_14' title='bbox 1088 251 1280 282; x_wconf 75' lang='lat' dir='ltr'><strong>contemnens,</strong></span> <span class='ocrx_word' id='word_1_15' title='bbox 1296 253 1324 276; x_wconf 90' lang='lat' dir='ltr'><strong>et</strong></span> <span class='ocrx_word' id='word_1_16' title='bbox 1346 254 1376 278; x_wconf 88' lang='lat' dir='ltr'><strong>ut</strong></span> <span class='ocrx_word' id='word_1_17' title='bbox 1391 251 1552 286; x_wconf 87' lang='lat' dir='ltr'><strong>compendio</strong></span> <span class='ocrx_word' id='word_1_18' title='bbox 1568 254 1671 288; x_wconf 88' lang='lat' dir='ltr'><strong>dicam,</strong></span> <span class='ocrx_word' id='word_1_19' title='bbox 1688 259 1761 285; x_wconf 89' lang='lat' dir='ltr'><strong>omni</strong></span> 
     </span>
    </p>
   </div>
   <div class='ocr_carea' id='block_1_6' title="bbox 127 277 915 321">
    <p class='ocr_par' dir='ltr' id='par_1_6' title="bbox 127 277 915 321">
     <span class='ocr_line' id='line_1_7' title="bbox 127 277 915 321; baseline 0.014 -18"><span class='ocrx_word' id='word_1_20' title='bbox 127 277 199 311; x_wconf 77' lang='grc' dir='ltr'><strong>Λέγε</strong></span> <span class='ocrx_word' id='word_1_21' title='bbox 229 278 280 310; x_wconf 82' lang='grc' dir='ltr'><strong>σὺ,</strong></span> <span class='ocrx_word' id='word_1_22' title='bbox 303 277 342 310; x_wconf 84' lang='grc' dir='ltr'><strong>ὡς</strong></span> <span class='ocrx_word' id='word_1_23' title='bbox 368 280 417 306; x_wconf 70' lang='grc' dir='ltr'>καὶ</span> <span class='ocrx_word' id='word_1_24' title='bbox 440 280 610 317; x_wconf 79' lang='grc' dir='ltr'>προῦφηνας,</span> <span class='ocrx_word' id='word_1_25' title='bbox 631 283 661 310; x_wconf 81' lang='grc' dir='ltr'>τὸ</span> <span class='ocrx_word' id='word_1_26' title='bbox 686 285 841 321; x_wconf 81' lang='grc' dir='ltr'>πολύδακρυ</span> <span class='ocrx_word' id='word_1_27' title='bbox 868 287 915 314; x_wconf 85' lang='grc' dir='ltr'>τοῦ</span> 
     </span>
    </p>
   </div>
   <div class='ocr_carea' id='block_1_7' title="bbox 126 322 916 364">
    <p class='ocr_par' dir='ltr' id='par_1_7' title="bbox 126 322 916 364">
     <span class='ocr_line' id='line_1_8' title="bbox 126 322 916 364; baseline 0.014 -16"><span class='ocrx_word' id='word_1_28' title='bbox 126 322 234 358; x_wconf 75' lang='grc' dir='ltr'>ἀνδρὸς,</span> <span class='ocrx_word' id='word_1_29' title='bbox 252 324 283 350; x_wconf 81' lang='grc' dir='ltr'><strong>τὸ</strong></span> <span class='ocrx_word' id='word_1_30' title='bbox 305 324 482 360; x_wconf 84' lang='grc' dir='ltr'>φιλοπὰτριον</span> <span class='ocrx_word' id='word_1_31' title='bbox 505 327 552 354; x_wconf 81' lang='grc' dir='ltr'>καὶ</span> <span class='ocrx_word' id='word_1_32' title='bbox 572 328 778 363; x_wconf 80' lang='grc' dir='ltr'>φιλακόλουθον,</span> <span class='ocrx_word' id='word_1_33' title='bbox 797 333 845 358; x_wconf 86' lang='grc' dir='ltr'>καὶ</span> <span class='ocrx_word' id='word_1_34' title='bbox 859 333 916 364; x_wconf 80' lang='grc' dir='ltr'>τοῖς</span> 
     </span>
    </p>
   </div>
   <div class='ocr_carea' id='block_1_8' title="bbox 126 368 914 412">
    <p class='ocr_par' dir='ltr' id='par_1_8' title="bbox 126 368 914 412">
     <span class='ocr_line' id='line_1_9' title="bbox 126 368 914 412; baseline 0.013 -17"><span class='ocrx_word' id='word_1_35' title='bbox 126 368 261 401; x_wconf 75' lang='grc' dir='ltr'><strong>κινδύνοις</strong></span> <span class='ocrx_word' id='word_1_36' title='bbox 277 369 308 396; x_wconf 82' lang='grc' dir='ltr'><strong>τὸ</strong></span> <span class='ocrx_word' id='word_1_37' title='bbox 319 370 509 404; x_wconf 75' lang='grc' dir='ltr'>ἀγωνιστικὸν,</span> <span class='ocrx_word' id='word_1_38' title='bbox 530 373 577 399; x_wconf 82' lang='grc' dir='ltr'>καὶ</span> <span class='ocrx_word' id='word_1_39' title='bbox 599 375 753 406; x_wconf 83' lang='grc' dir='ltr'>σπουδαῖον,</span> <span class='ocrx_word' id='word_1_40' title='bbox 768 377 815 404; x_wconf 81' lang='grc' dir='ltr'>καὶ</span> <span class='ocrx_word' id='word_1_41' title='bbox 830 378 914 412; x_wconf 76' lang='grc' dir='ltr'><strong>ὰγόγ-</strong></span> 
     </span>
    </p>
   </div>
   <div class='ocr_carea' id='block_1_9' title="bbox 125 415 913 457">
    <p class='ocr_par' dir='ltr' id='par_1_9' title="bbox 125 415 913 457">
     <span class='ocr_line' id='line_1_10' title="bbox 125 415 913 457; baseline 0.015 -18"><span class='ocrx_word' id='word_1_42' title='bbox 125 422 227 448; x_wconf 76' lang='grc' dir='ltr'>γυστον</span> <span class='ocrx_word' id='word_1_43' title='bbox 244 415 371 447; x_wconf 82' lang='grc' dir='ltr'><strong>καθόλου,</strong></span> <span class='ocrx_word' id='word_1_44' title='bbox 389 417 436 443; x_wconf 77' lang='grc' dir='ltr'>καὶ</span> <span class='ocrx_word' id='word_1_45' title='bbox 454 418 484 444; x_wconf 72' lang='grc' dir='ltr'>τὸ</span> <span class='ocrx_word' id='word_1_46' title='bbox 496 419 578 445; x_wconf 76' lang='grc' dir='ltr'>οἱονεὶ</span> <span class='ocrx_word' id='word_1_47' title='bbox 594 420 717 453; x_wconf 77' lang='grc' dir='ltr'><strong>ἀειθαλὲς</strong></span> <span class='ocrx_word' id='word_1_48' title='bbox 732 422 781 457; x_wconf 88' lang='grc' dir='ltr'>τῆς</span> <span class='ocrx_word' id='word_1_49' title='bbox 795 423 913 450; x_wconf 63' lang='grc' dir='ltr'>’πολυαν-</span> 
     </span>
    </p>
   </div>
   <div class='ocr_carea' id='block_1_10' title="bbox 126 459 914 502">
    <p class='ocr_par' dir='ltr' id='par_1_10' title="bbox 126 459 914 502">
     <span class='ocr_line' id='line_1_11' title="bbox 126 459 914 502; baseline 0.015 -17"><span class='ocrx_word' id='word_1_50' title='bbox 126 459 190 491; x_wconf 80' lang='grc' dir='ltr'>θοῦς</span> <span class='ocrx_word' id='word_1_51' title='bbox 204 460 288 486; x_wconf 79' lang='grc' dir='ltr'>αὑτοῦ</span> <span class='ocrx_word' id='word_1_52' title='bbox 302 460 391 496; x_wconf 81' lang='grc' dir='ltr'>ψυχῆς</span> <span class='ocrx_word' id='word_1_53' title='bbox 404 463 459 488; x_wconf 82' lang='grc' dir='ltr'><strong>τῶν</strong></span> <span class='ocrx_word' id='word_1_54' title='bbox 475 464 590 498; x_wconf 82' lang='grc' dir='ltr'>ἀρετῶν,</span> <span class='ocrx_word' id='word_1_55' title='bbox 607 466 705 499; x_wconf 82' lang='grc' dir='ltr'>Καλῶς</span> <span class='ocrx_word' id='word_1_56' title='bbox 723 467 780 502; x_wconf 78' lang='grc' dir='ltr'>ἔχει</span> <span class='ocrx_word' id='word_1_57' title='bbox 805 471 852 496; x_wconf 81' lang='grc' dir='ltr'>καὶ</span> <span class='ocrx_word' id='word_1_58' title='bbox 881 470 914 497; x_wconf 83' lang='grc' dir='ltr'>τὰ</span> 
     </span>
    </p>
   </div>
   <div class='ocr_carea' id='block_1_11' title="bbox 123 503 914 550">
    <p class='ocr_par' dir='ltr' id='par_1_11' title="bbox 123 503 914 550">
     <span class='ocr_line' id='line_1_12' title="bbox 123 503 914 550; baseline 0.015 -21"><span class='ocrx_word' id='word_1_59' title='bbox 123 503 171 530; x_wconf 83' lang='grc' dir='ltr'>τοῦ</span> <span class='ocrx_word' id='word_1_60' title='bbox 188 504 302 540; x_wconf 78' lang='grc' dir='ltr'>περῤοῦ</span> <span class='ocrx_word' id='word_1_61' title='bbox 318 506 433 533; x_wconf 84' lang='grc' dir='ltr'>Γαῖα·ιοῦ</span> <span class='ocrx_word' id='word_1_62' title='bbox 449 507 598 541; x_wconf 70' lang='grc' dir='ltr'>διελθῖντος</span> <span class='ocrx_word' id='word_1_63' title='bbox 621 511 650 537; x_wconf 74' lang='grc' dir='ltr'>ἐν</span> <span class='ocrx_word' id='word_1_64' title='bbox 667 512 749 538; x_wconf 82' lang='grc' dir='ltr'>παντὶ</span> <span class='ocrx_word' id='word_1_65' title='bbox 762 512 837 549; x_wconf 85' lang='grc' dir='ltr'>τόπῳ</span> <span class='ocrx_word' id='word_1_66' title='bbox 853 523 914 550; x_wconf 85' lang='grc' dir='ltr'>σχε-</span> 
     </span>
    </p>
   </div>
   <div class='ocr_carea' id='block_1_12' title="bbox 122 549 914 593">
    <p class='ocr_par' dir='ltr' id='par_1_12' title="bbox 122 549 914 593">
     <span class='ocr_line' id='line_1_13' title="bbox 122 549 914 593; baseline 0.013 -17"><span class='ocrx_word' id='word_1_67' title='bbox 122 549 178 582; x_wconf 72' lang='grc' dir='ltr'>δδν,</span> <span class='ocrx_word' id='word_1_68' title='bbox 194 550 260 578; x_wconf 77' lang='grc' dir='ltr'>ἔνθα</span> <span class='ocrx_word' id='word_1_69' title='bbox 286 551 303 586; x_wconf 80' lang='grc' dir='ltr'>ἠ</span> <span class='ocrx_word' id='word_1_70' title='bbox 316 551 450 587; x_wconf 77' lang='grc' dir='ltr'>διασπορὰ</span> <span class='ocrx_word' id='word_1_71' title='bbox 464 554 519 580; x_wconf 83' lang='grc' dir='ltr'>τῶν</span> <span class='ocrx_word' id='word_1_72' title='bbox 543 554 675 590; x_wconf 82' lang='grc' dir='ltr'>ἀδελφῶν.</span> <span class='ocrx_word' id='word_1_73' title='bbox 694 557 748 583; x_wconf 83' lang='grc' dir='ltr'>Καὶ</span> <span class='ocrx_word' id='word_1_74' title='bbox 764 557 804 584; x_wconf 80' lang='grc' dir='ltr'>ὅτι</span> <span class='ocrx_word' id='word_1_75' title='bbox 825 558 914 593; x_wconf 75' lang='grc' dir='ltr'>ὑγιαί‹</span> 
     </span>
    </p>
   </div>
   <div class='ocr_carea' id='block_1_13' title="bbox 123 597 912 634">
    <p class='ocr_par' dir='ltr' id='par_1_13' title="bbox 123 597 912 634">
     <span class='ocr_line' id='line_1_14' title="bbox 123 597 912 634; baseline 0.013 -12"><span class='ocrx_word' id='word_1_76' title='bbox 123 605 208 628; x_wconf 83' lang='grc' dir='ltr'>νουσι,</span> <span class='ocrx_word' id='word_1_77' title='bbox 217 597 297 632; x_wconf 79' lang='grc' dir='ltr'>χάρις</span> <span class='ocrx_word' id='word_1_78' title='bbox 311 597 351 633; x_wconf 83' lang='grc' dir='ltr'>τῷ</span> <span class='ocrx_word' id='word_1_79' title='bbox 364 599 487 634; x_wconf 82' lang='grc' dir='ltr'>Δεσπότῃ</span> <span class='ocrx_word' id='word_1_80' title='bbox 503 600 562 634; x_wconf 85' lang='grc' dir='ltr'><strong>Θεῷ</strong></span> <span class='ocrx_word' id='word_1_81' title='bbox 573 607 579 614; x_wconf 94' lang='grc'><strong>·</strong></span> <span class='ocrx_word' id='word_1_82' title='bbox 595 601 636 627; x_wconf 82' lang='grc' dir='ltr'>ὃτι</span> <span class='ocrx_word' id='word_1_83' title='bbox 652 602 682 628; x_wconf 83' lang='grc' dir='ltr'>οὐ</span> <span class='ocrx_word' id='word_1_84' title='bbox 695 604 912 632; x_wconf 80' lang='grc' dir='ltr'><strong>καταπίπτουσιν</strong></span> 
     </span>
    </p>
   </div>
   <div class='ocr_carea' id='block_1_14' title="bbox 123 643 911 686">
    <p class='ocr_par' dir='ltr' id='par_1_14' title="bbox 123 643 911 686">
     <span class='ocr_line' id='line_1_15' title="bbox 123 643 911 686; baseline 0.013 -19"><span class='ocrx_word' id='word_1_85' title='bbox 123 643 152 668; x_wconf 71' lang='grc' dir='ltr'>ἐν</span> <span class='ocrx_word' id='word_1_86' title='bbox 171 644 231 674; x_wconf 81' lang='grc' dir='ltr'>ταῖς</span> <span class='ocrx_word' id='word_1_87' title='bbox 243 643 375 678; x_wconf 72' lang='grc' dir='ltr'>θλίψεσιν.</span> <span class='ocrx_word' id='word_1_88' title='bbox 391 645 458 671; x_wconf 83' lang='grc' dir='ltr'><strong>ἀλλὰ</strong></span> <span class='ocrx_word' id='word_1_89' title='bbox 472 645 572 680; x_wconf 84' lang='grc' dir='ltr'>μᾶλλον</span> <span class='ocrx_word' id='word_1_90' title='bbox 586 646 784 682; x_wconf 78' lang='grc' dir='ltr'>ἅνδρειοῦνται,</span> <span class='ocrx_word' id='word_1_91' title='bbox 792 649 856 683; x_wconf 78' lang='grc' dir='ltr'>δόξα</span> <span class='ocrx_word' id='word_1_92' title='bbox 872 651 911 686; x_wconf 83' lang='grc' dir='ltr'>τῷ</span> 
     </span>
    </p>
   </div>
   <div class='ocr_carea' id='block_1_15' title="bbox 122 688 909 729">
    <p class='ocr_par' dir='ltr' id='par_1_15' title="bbox 122 688 909 729">
     <span class='ocr_line' id='line_1_16' title="bbox 122 688 909 729; baseline 0.011 -15"><span class='ocrx_word' id='word_1_93' title='bbox 122 688 320 723; x_wconf 74' lang='grc' dir='ltr'>ἔνδυναμοῦντι</span> <span class='ocrx_word' id='word_1_94' title='bbox 344 689 443 722; x_wconf 82' lang='grc' dir='ltr'>αὐτοὺς</span> <span class='ocrx_word' id='word_1_95' title='bbox 467 691 673 726; x_wconf 69' lang='grc' dir='ltr'>Χριστῷ.’“οτι</span> <span class='ocrx_word' id='word_1_96' title='bbox 700 694 909 729; x_wconf 80' lang='grc' dir='ltr'>ἀπελαύνονται,</span> 
     </span>
    </p>
   </div>
   <div class='ocr_carea' id='block_1_16' title="bbox 123 734 910 777">
    <p class='ocr_par' dir='ltr' id='par_1_16' title="bbox 123 734 910 777">
     <span class='ocr_line' id='line_1_17' title="bbox 123 734 910 777; baseline 0.011 -17"><span class='ocrx_word' id='word_1_97' title='bbox 123 734 190 769; x_wconf 81' lang='grc' dir='ltr'>μηδὲ</span> <span class='ocrx_word' id='word_1_98' title='bbox 207 735 313 770; x_wconf 81' lang='grc' dir='ltr'><strong>σκέπης</strong></span> <span class='ocrx_word' id='word_1_99' title='bbox 327 735 484 772; x_wconf 80' lang='grc' dir='ltr'>ἀξιούμενοι</span> <span class='ocrx_word' id='word_1_100' title='bbox 499 737 576 772; x_wconf 83' lang='grc' dir='ltr'>παρά</span> <span class='ocrx_word' id='word_1_101' title='bbox 590 747 668 765; x_wconf 88' lang='grc' dir='ltr'>τινων</span> <span class='ocrx_word' id='word_1_102' title='bbox 689 741 840 775; x_wconf 79' lang='grc' dir='ltr'>μοναστῶν,</span> <span class='ocrx_word' id='word_1_103' title='bbox 860 743 910 777; x_wconf 68' lang='grc' dir='ltr'><strong>μάσ-</strong></span> 
     </span>
    </p>
   </div>
   <div class='ocr_carea' id='block_1_17' title="bbox 121 778 906 822">
    <p class='ocr_par' dir='ltr' id='par_1_17' title="bbox 121 778 906 822">
     <span class='ocr_line' id='line_1_18' title="bbox 121 778 906 822; baseline 0.013 -18"><span class='ocrx_word' id='word_1_104' title='bbox 121 778 200 805; x_wconf 80' lang='grc' dir='ltr'>λιστα</span> <span class='ocrx_word' id='word_1_105' title='bbox 216 780 375 815; x_wconf 81' lang='grc' dir='ltr'>πανδημίων</span> <span class='ocrx_word' id='word_1_106' title='bbox 398 783 657 818; x_wconf 76' lang='grc' dir='ltr'>συμπεφωνηκότων</span> <span class='ocrx_word' id='word_1_107' title='bbox 677 785 746 819; x_wconf 83' lang='grc' dir='ltr'>ὁμοῦ</span> <span class='ocrx_word' id='word_1_108' title='bbox 762 787 791 812; x_wconf 77' lang='grc' dir='ltr'>ὲν</span> <span class='ocrx_word' id='word_1_109' title='bbox 803 786 906 822; x_wconf 83' lang='grc' dir='ltr'>τούτῳ’</span> 
     </span>
    </p>
   </div>
   <div class='ocr_carea' id='block_1_18' title="bbox 122 821 909 863">
    <p class='ocr_par' dir='ltr' id='par_1_18' title="bbox 122 821 909 863">
     <span class='ocr_line' id='line_1_19' title="bbox 122 821 909 863; baseline 0.015 -16"><span class='ocrx_word' id='word_1_110' title='bbox 122 821 159 857; x_wconf 79' lang='grc' dir='ltr'>μὴ</span> <span class='ocrx_word' id='word_1_111' title='bbox 184 822 338 859; x_wconf 73' lang='grc' dir='ltr'>Θαυμάσης.</span> <span class='ocrx_word' id='word_1_112' title='bbox 368 825 545 860; x_wconf 76' lang='grc' dir='ltr'><strong>Γέγραπται·</strong></span> <span class='ocrx_word' id='word_1_113' title='bbox 574 827 627 854; x_wconf 78' lang='grc' dir='ltr'><strong>Καὶ</strong></span> <span class='ocrx_word' id='word_1_114' title='bbox 650 828 751 863; x_wconf 75' lang='grc' dir='ltr'>ἐχθροί</span> <span class='ocrx_word' id='word_1_115' title='bbox 767 831 831 858; x_wconf 61' lang='grc' dir='ltr'>«τοῦ</span> <span class='ocrx_word' id='word_1_116' title='bbox 857 821 909 859; x_wconf 50' lang='grc' dir='ltr'><strong>ἀν·-</strong></span> 
     </span>
    </p>
   </div>
   <div class='ocr_carea' id='block_1_19' title="bbox 120 867 907 910">
    <p class='ocr_par' dir='ltr' id='par_1_19' title="bbox 120 867 907 910">
     <span class='ocr_line' id='line_1_20' title="bbox 120 867 907 910; baseline 0.015 -17"><span class='ocrx_word' id='word_1_117' title='bbox 120 867 288 900; x_wconf 75' lang='grc' dir='ltr'><strong>θρώπου,οὶ</strong></span> <span class='ocrx_word' id='word_1_118' title='bbox 312 870 451 898; x_wconf 76' lang='grc' dir='ltr'>οὶκειακοὶ</span> <span class='ocrx_word' id='word_1_119' title='bbox 480 873 583 901; x_wconf 85' lang='grc' dir='ltr'>αὑτοῦ.</span> <span class='ocrx_word' id='word_1_120' title='bbox 602 874 647 908; x_wconf 85' lang='grc' dir='ltr'>Μὴ</span> <span class='ocrx_word' id='word_1_121' title='bbox 669 875 724 910; x_wconf 79' lang='grc' dir='ltr'><strong>γὰρ</strong></span> <span class='ocrx_word' id='word_1_122' title='bbox 750 876 804 903; x_wconf 64' lang='grc' dir='ltr'>τδνε</span> <span class='ocrx_word' id='word_1_123' title='bbox 820 878 907 905; x_wconf 83' lang='grc' dir='ltr'>ταῦτα</span> 
     </span>
    </p>
   </div>
   <div class='ocr_carea' id='block_1_20' title="bbox 120 914 944 955">
    <p class='ocr_par' dir='ltr' id='par_1_20' title="bbox 120 914 944 955">
     <span class='ocr_line' id='line_1_21' title="bbox 120 914 944 955; baseline 0.018 -17"><span class='ocrx_word' id='word_1_124' title='bbox 120 914 245 947; x_wconf 77' lang='grc' dir='ltr'><strong>φήσαντα</strong></span> <span class='ocrx_word' id='word_1_125' title='bbox 272 915 389 950; x_wconf 73' lang='grc' dir='ltr'>Χριστὸν</span> <span class='ocrx_word' id='word_1_126' title='bbox 417 917 463 944; x_wconf 80' lang='grc' dir='ltr'>τὸν</span> <span class='ocrx_word' id='word_1_127' title='bbox 491 918 557 945; x_wconf 82' lang='grc' dir='ltr'>Θεὸν</span> <span class='ocrx_word' id='word_1_128' title='bbox 585 921 664 955; x_wconf 73' lang='grc' dir='ltr'>ἡμῶν</span> <span class='ocrx_word' id='word_1_129' title='bbox 693 923 742 949; x_wconf 77' lang='grc' dir='ltr'>οὐκ</span> <span class='ocrx_word' id='word_1_130' title='bbox 763 918 944 952; x_wconf 79' lang='grc' dir='ltr'>ἀπώσαντοΒ</span> 
     </span>
    </p>
   </div>
   <div class='ocr_carea' id='block_1_21' title="bbox 119 961 904 1006">
    <p class='ocr_par' dir='ltr' id='par_1_21' title="bbox 119 961 904 1006">
     <span class='ocr_line' id='line_1_22' title="bbox 119 961 904 1006; baseline 0.015 -20"><span class='ocrx_word' id='word_1_131' title='bbox 119 961 142 986; x_wconf 82' lang='lat' dir='ltr'><strong>ot</strong></span> <span class='ocrx_word' id='word_1_132' title='bbox 168 961 299 995; x_wconf 77' lang='grc' dir='ltr'>τάλανες;</span> <span class='ocrx_word' id='word_1_133' title='bbox 327 964 382 990; x_wconf 74' lang='grc' dir='ltr'>Καὶ</span> <span class='ocrx_word' id='word_1_134' title='bbox 398 964 464 998; x_wconf 84' lang='grc' dir='ltr'>γοῦν</span> <span class='ocrx_word' id='word_1_135' title='bbox 495 967 579 1002; x_wconf 80' lang='grc' dir='ltr'>φησὶν</span> <span class='ocrx_word' id='word_1_136' title='bbox 594 969 608 995; x_wconf 98' lang='lat'><strong>6</strong></span> <span class='ocrx_word' id='word_1_137' title='bbox 623 969 672 1004; x_wconf 82' lang='grc' dir='ltr'>τῆς</span> <span class='ocrx_word' id='word_1_138' title='bbox 691 969 805 1006; x_wconf 83' lang='grc' dir='ltr'>βροντῆς</span> <span class='ocrx_word' id='word_1_139' title='bbox 832 972 904 1003; x_wconf 82' lang='grc' dir='ltr'>υἱός·</span> 
     </span>
    </p>
   </div>
   <div class='ocr_carea' id='block_1_22' title="bbox 119 1007 904 1051">
    <p class='ocr_par' dir='ltr' id='par_1_22' title="bbox 119 1007 904 1051">
     <span class='ocr_line' id='line_1_23' title="bbox 119 1007 904 1051; baseline 0.014 -19"><span class='ocrx_word' id='word_1_140' title='bbox 119 1007 170 1039; x_wconf 75' lang='grc' dir='ltr'><strong>Εἰς</strong></span> <span class='ocrx_word' id='word_1_141' title='bbox 201 1008 237 1034; x_wconf 83' lang='grc' dir='ltr'>τὰ</span> <span class='ocrx_word' id='word_1_142' title='bbox 259 1008 321 1036; x_wconf 82' lang='grc' dir='ltr'>ιδια</span> <span class='ocrx_word' id='word_1_143' title='bbox 335 1007 419 1046; x_wconf 75' lang='grc' dir='ltr'>ἦλθε,</span> <span class='ocrx_word' id='word_1_144' title='bbox 444 1011 538 1040; x_wconf 76' lang='grc' dir='ltr'>καίοι</span> <span class='ocrx_word' id='word_1_145' title='bbox 564 1013 634 1041; x_wconf 75' lang='grc' dir='ltr'>ἴδιοι</span> <span class='ocrx_word' id='word_1_146' title='bbox 650 1015 743 1043; x_wconf 82' lang='grc' dir='ltr'>αὐτὸν</span> <span class='ocrx_word' id='word_1_147' title='bbox 765 1017 802 1043; x_wconf 85' lang='grc' dir='ltr'>οὺ</span> <span class='ocrx_word' id='word_1_148' title='bbox 829 1024 904 1051; x_wconf 80' lang='grc' dir='ltr'>παρ-</span> 
     </span>
    </p>
   </div>
   <div class='ocr_carea' id='block_1_23' title="bbox 117 1051 238 1081">
    <p class='ocr_par' dir='ltr' id='par_1_23' title="bbox 117 1051 238 1081">
     <span class='ocr_line' id='line_1_24' title="bbox 117 1051 238 1081; baseline 0.017 -2"><span class='ocrx_word' id='word_1_149' title='bbox 117 1051 238 1081; x_wconf 66' lang='grc' dir='ltr'>ἔλαϐον.</span> 
     </span>
    </p>
   </div>
   <div class='ocr_carea' id='block_1_24' title="bbox 150 1141 904 1186">
    <p class='ocr_par' dir='ltr' id='par_1_24' title="bbox 150 1141 904 1186">
     <span class='ocr_line' id='line_1_25' title="bbox 150 1141 904 1186; baseline 0.013 -18"><span class='ocrx_word' id='word_1_150' title='bbox 150 1141 184 1168; x_wconf 78' lang='lat' dir='ltr'><strong>Ti</strong></span> <span class='ocrx_word' id='word_1_151' title='bbox 194 1142 242 1169; x_wconf 82' lang='grc' dir='ltr'>οὖν</span> <span class='ocrx_word' id='word_1_152' title='bbox 257 1143 314 1170; x_wconf 69' lang='grc' dir='ltr'>ἔστι</span> <span class='ocrx_word' id='word_1_153' title='bbox 326 1143 356 1170; x_wconf 81' lang='grc' dir='ltr'><strong>τὸ</strong></span> <span class='ocrx_word' id='word_1_154' title='bbox 366 1144 504 1180; x_wconf 71' lang='grc' dir='ltr'>διάφορον,</span> <span class='ocrx_word' id='word_1_155' title='bbox 519 1146 543 1173; x_wconf 89' lang='grc' dir='ltr'><strong>εί</strong></span> <span class='ocrx_word' id='word_1_156' title='bbox 558 1146 583 1173; x_wconf 75' lang='grc' dir='ltr'>οἱ</span> <span class='ocrx_word' id='word_1_157' title='bbox 597 1146 646 1183; x_wconf 82' lang='grc' dir='ltr'>μὲν</span> <span class='ocrx_word' id='word_1_158' title='bbox 657 1148 775 1184; x_wconf 80' lang='grc' dir='ltr'>Χριστὸν</span> <span class='ocrx_word' id='word_1_159' title='bbox 789 1151 838 1186; x_wconf 86' lang='grc' dir='ltr'>οὐχ</span> <span class='ocrx_word' id='word_1_160' title='bbox 853 1151 904 1178; x_wconf 81' lang='grc' dir='ltr'><strong>ὕπ-</strong></span> 
     </span>
    </p>
   </div>
   <div class='ocr_carea' id='block_1_25' title="bbox 116 1187 900 1228">
    <p class='ocr_par' dir='ltr' id='par_1_25' title="bbox 116 1187 900 1228">
     <span class='ocr_line' id='line_1_26' title="bbox 116 1187 900 1228; baseline 0.013 -14"><span class='ocrx_word' id='word_1_161' title='bbox 116 1187 241 1220; x_wconf 83' lang='grc' dir='ltr'>εδὲξαντο</span> <span class='ocrx_word' id='word_1_162' title='bbox 257 1189 302 1216; x_wconf 78' lang='grc' dir='ltr'><strong>τὸν</strong></span> <span class='ocrx_word' id='word_1_163' title='bbox 320 1190 469 1227; x_wconf 81' lang='grc' dir='ltr'>Λυτρωτὴν</span> <span class='ocrx_word' id='word_1_164' title='bbox 478 1192 525 1218; x_wconf 81' lang='grc' dir='ltr'>τοῦ</span> <span class='ocrx_word' id='word_1_165' title='bbox 543 1192 647 1228; x_wconf 82' lang='grc' dir='ltr'><strong>κόσμου</strong></span> <span class='ocrx_word' id='word_1_166' title='bbox 659 1202 666 1209; x_wconf 90' lang='grc'><strong>·</strong></span> <span class='ocrx_word' id='word_1_167' title='bbox 681 1196 705 1221; x_wconf 69' lang='grc' dir='ltr'>οἱ</span> <span class='ocrx_word' id='word_1_168' title='bbox 721 1195 749 1221; x_wconf 76' lang='grc' dir='ltr'>δὲ</span> <span class='ocrx_word' id='word_1_169' title='bbox 763 1196 826 1228; x_wconf 79' lang='grc' dir='ltr'>τοὺς</span> <span class='ocrx_word' id='word_1_170' title='bbox 841 1196 900 1223; x_wconf 70' lang='grc' dir='ltr'>ἕνε-</span> 
     </span>
    </p>
   </div>
   <div class='ocr_carea' id='block_1_26' title="bbox 115 1235 902 1276">
    <p class='ocr_par' dir='ltr' id='par_1_26' title="bbox 115 1235 902 1276">
     <span class='ocr_line' id='line_1_27' title="bbox 115 1235 902 1276; baseline 0.011 -16"><span class='ocrx_word' id='word_1_171' title='bbox 115 1242 161 1260; x_wconf 83' lang='grc' dir='ltr'><strong>κεν</strong></span> <span class='ocrx_word' id='word_1_172' title='bbox 176 1235 283 1261; x_wconf 81' lang='grc' dir='ltr'>ἐκείνου</span> <span class='ocrx_word' id='word_1_173' title='bbox 296 1236 344 1262; x_wconf 85' lang='grc' dir='ltr'>καὶ</span> <span class='ocrx_word' id='word_1_174' title='bbox 357 1237 402 1264; x_wconf 78' lang='grc' dir='ltr'>τοῦ</span> <span class='ocrx_word' id='word_1_175' title='bbox 416 1237 498 1264; x_wconf 75' lang='grc' dir='ltr'><strong>αὑτοῦ</strong></span> <span class='ocrx_word' id='word_1_176' title='bbox 512 1239 691 1274; x_wconf 75' lang='grc' dir='ltr'><strong>Εὑαγγεὶ.ίου,</strong></span> <span class='ocrx_word' id='word_1_177' title='bbox 705 1241 843 1276; x_wconf 73' lang='grc' dir='ltr'><strong>διωγμοὺς</strong></span> <span class='ocrx_word' id='word_1_178' title='bbox 856 1243 902 1269; x_wconf 78' lang='grc' dir='ltr'>καὶ</span> 
     </span>
    </p>
   </div>
   <div class='ocr_carea' id='block_1_27' title="bbox 115 1280 901 1321">
    <p class='ocr_par' dir='ltr' id='par_1_27' title="bbox 115 1280 901 1321">
     <span class='ocr_line' id='line_1_28' title="bbox 115 1280 901 1321; baseline 0.01 -15"><span class='ocrx_word' id='word_1_179' title='bbox 115 1280 241 1314; x_wconf 76' lang='grc' dir='ltr'>φυλακὰς</span> <span class='ocrx_word' id='word_1_180' title='bbox 256 1281 475 1316; x_wconf 71' lang='grc' dir='ltr'>ὑπομείνανταςῖ</span> <span class='ocrx_word' id='word_1_181' title='bbox 487 1283 580 1316; x_wconf 82' lang='grc' dir='ltr'>Οὐδὲν,</span> <span class='ocrx_word' id='word_1_182' title='bbox 598 1284 614 1320; x_wconf 87' lang='grc' dir='ltr'>ἢ</span> <span class='ocrx_word' id='word_1_183' title='bbox 632 1285 663 1311; x_wconf 78' lang='grc' dir='ltr'>τὸ</span> <span class='ocrx_word' id='word_1_184' title='bbox 684 1287 840 1321; x_wconf 86' lang='grc' dir='ltr'>σταυρῶσαι</span> <span class='ocrx_word' id='word_1_185' title='bbox 854 1289 901 1314; x_wconf 79' lang='grc' dir='ltr'>καὶ</span> 
     </span>
    </p>
   </div>
   <div class='ocr_carea' id='block_1_28' title="bbox 113 1325 900 1368">
    <p class='ocr_par' dir='ltr' id='par_1_28' title="bbox 113 1325 900 1368">
     <span class='ocr_line' id='line_1_29' title="bbox 113 1325 900 1368; baseline 0.01 -16"><span class='ocrx_word' id='word_1_186' title='bbox 113 1325 281 1354; x_wconf 83' lang='grc' dir='ltr'>θανατῶσαι.</span> <span class='ocrx_word' id='word_1_187' title='bbox 296 1327 343 1363; x_wconf 78' lang='grc' dir='ltr'><strong>Μὴ</strong></span> <span class='ocrx_word' id='word_1_188' title='bbox 356 1328 447 1359; x_wconf 82' lang='grc' dir='ltr'>αὐτοῖς</span> <span class='ocrx_word' id='word_1_189' title='bbox 458 1329 569 1365; x_wconf 77' lang='grc' dir='ltr'>λογισθῇ</span> <span class='ocrx_word' id='word_1_190' title='bbox 581 1331 595 1356; x_wconf 87' lang='lat'><strong>6</strong></span> <span class='ocrx_word' id='word_1_191' title='bbox 611 1329 760 1366; x_wconf 84' lang='grc' dir='ltr'>σύνδεσμος</span> <span class='ocrx_word' id='word_1_192' title='bbox 772 1332 821 1368; x_wconf 83' lang='grc' dir='ltr'>τῆς</span> <span class='ocrx_word' id='word_1_193' title='bbox 836 1333 900 1360; x_wconf 79' lang='grc' dir='ltr'>ἀνο-</span> 
     </span>
    </p>
   </div>
   <div class='ocr_carea' id='block_1_29' title="bbox 113 1371 900 1410">
    <p class='ocr_par' dir='ltr' id='par_1_29' title="bbox 113 1371 900 1410">
     <span class='ocr_line' id='line_1_30' title="bbox 113 1371 900 1410; baseline 0.01 -12"><span class='ocrx_word' id='word_1_194' title='bbox 113 1371 189 1406; x_wconf 81' lang='grc' dir='ltr'>μίας.</span> <span class='ocrx_word' id='word_1_195' title='bbox 213 1372 293 1406; x_wconf 78' lang='grc' dir='ltr'>Ἀλλ’,</span> <span class='ocrx_word' id='word_1_196' title='bbox 305 1373 343 1405; x_wconf 84' lang='grc' dir='ltr'>ὡς</span> <span class='ocrx_word' id='word_1_197' title='bbox 360 1373 485 1410; x_wconf 70' lang='grc' dir='ltr'>εἴρηκας,</span> <span class='ocrx_word' id='word_1_198' title='bbox 501 1375 539 1410; x_wconf 82' lang='grc' dir='ltr'>μὴ</span> <span class='ocrx_word' id='word_1_199' title='bbox 555 1375 685 1410; x_wconf 83' lang='grc' dir='ltr'>φέροντες</span> <span class='ocrx_word' id='word_1_200' title='bbox 698 1377 746 1409; x_wconf 79' lang='grc' dir='ltr'><strong>τὰς</strong></span> <span class='ocrx_word' id='word_1_201' title='bbox 762 1379 816 1405; x_wconf 81' lang='grc' dir='ltr'>τῶν</span> <span class='ocrx_word' id='word_1_202' title='bbox 833 1379 900 1406; x_wconf 70' lang='grc' dir='ltr'>ὑποο</span> 
     </span>
    </p>
   </div>
   <div class='ocr_carea' id='block_1_30' title="bbox 111 1419 900 1462">
    <p class='ocr_par' dir='ltr' id='par_1_30' title="bbox 111 1419 900 1462">
     <span class='ocr_line' id='line_1_31' title="bbox 111 1419 900 1462; baseline 0.01 -18"><span class='ocrx_word' id='word_1_203' title='bbox 111 1419 288 1453; x_wconf 78' lang='grc' dir='ltr'><strong>τασσομένων</strong></span> <span class='ocrx_word' id='word_1_204' title='bbox 317 1420 409 1452; x_wconf 81' lang='grc' dir='ltr'>αὐτοῖς</span> <span class='ocrx_word' id='word_1_205' title='bbox 439 1421 647 1457; x_wconf 80' lang='grc' dir='ltr'>προσκρούσεις,</span> <span class='ocrx_word' id='word_1_206' title='bbox 670 1424 717 1451; x_wconf 74' lang='grc' dir='ltr'>καὶ</span> <span class='ocrx_word' id='word_1_207' title='bbox 741 1425 778 1456; x_wconf 86' lang='grc' dir='ltr'>ὡς</span> <span class='ocrx_word' id='word_1_208' title='bbox 805 1424 838 1452; x_wconf 77' lang='grc' dir='ltr'>ἂν</span> <span class='ocrx_word' id='word_1_209' title='bbox 861 1425 900 1462; x_wconf 83' lang='grc' dir='ltr'>μὴ</span> 
     </span>
    </p>
   </div>
   <div class='ocr_carea' id='block_1_31' title="bbox 111 1465 899 1505">
    <p class='ocr_par' dir='ltr' id='par_1_31' title="bbox 111 1465 899 1505">
     <span class='ocr_line' id='line_1_32' title="bbox 111 1465 899 1505; baseline 0.009 -14"><span class='ocrx_word' id='word_1_210' title='bbox 111 1465 205 1501; x_wconf 79' lang='grc' dir='ltr'><strong>ἀνάψῃ</strong></span> <span class='ocrx_word' id='word_1_211' title='bbox 219 1465 313 1497; x_wconf 82' lang='grc' dir='ltr'>αὐτοῖς</span> <span class='ocrx_word' id='word_1_212' title='bbox 335 1466 393 1500; x_wconf 81' lang='grc' dir='ltr'><strong>φῶς</strong></span> <span class='ocrx_word' id='word_1_213' title='bbox 409 1466 548 1502; x_wconf 78' lang='grc' dir='ltr'>ἀληθείας,</span> <span class='ocrx_word' id='word_1_214' title='bbox 563 1468 622 1495; x_wconf 75' lang='grc' dir='ltr'>ἀλλ’</span> <span class='ocrx_word' id='word_1_215' title='bbox 633 1470 662 1495; x_wconf 78' lang='grc' dir='ltr'>ὲν</span> <span class='ocrx_word' id='word_1_216' title='bbox 683 1470 774 1498; x_wconf 78' lang='grc' dir='ltr'>σκότει</span> <span class='ocrx_word' id='word_1_217' title='bbox 788 1471 899 1505; x_wconf 81' lang='grc' dir='ltr'><strong>ἀγνοίας</strong></span> 
     </span>
    </p>
   </div>
   <div class='ocr_carea' id='block_1_32' title="bbox 110 1510 896 1552">
    <p class='ocr_par' dir='ltr' id='par_1_32' title="bbox 110 1510 896 1552">
     <span class='ocr_line' id='line_1_33' title="bbox 110 1510 896 1552; baseline 0.01 -16"><span class='ocrx_word' id='word_1_218' title='bbox 110 1510 338 1546; x_wconf 79' lang='grc' dir='ltr'>διαπορεύωνται,</span> <span class='ocrx_word' id='word_1_219' title='bbox 353 1513 564 1548; x_wconf 80' lang='grc' dir='ltr'>ὰποπέμπονται</span> <span class='ocrx_word' id='word_1_220' title='bbox 576 1515 639 1546; x_wconf 85' lang='grc' dir='ltr'>τοὺς</span> <span class='ocrx_word' id='word_1_221' title='bbox 656 1515 788 1550; x_wconf 81' lang='grc' dir='ltr'>ἀδελφοὺς</span> <span class='ocrx_word' id='word_1_222' title='bbox 802 1518 896 1552; x_wconf 83' lang='grc' dir='ltr'>ἡμῶν·</span> 
     </span>
    </p>
   </div>
   <div class='ocr_carea' id='block_1_33' title="bbox 111 1556 895 1597">
    <p class='ocr_par' dir='ltr' id='par_1_33' title="bbox 111 1556 895 1597">
     <span class='ocr_line' id='line_1_34' title="bbox 111 1556 895 1597; baseline 0.01 -15"><span class='ocrx_word' id='word_1_223' title='bbox 111 1556 210 1591; x_wconf 73' lang='grc' dir='ltr'>μήπως</span> <span class='ocrx_word' id='word_1_224' title='bbox 226 1556 304 1590; x_wconf 75' lang='grc' dir='ltr'>λόγος</span> <span class='ocrx_word' id='word_1_225' title='bbox 324 1558 396 1589; x_wconf 85' lang='grc' dir='ltr'>ὅσιος</span> <span class='ocrx_word' id='word_1_226' title='bbox 412 1558 541 1594; x_wconf 78' lang='grc' dir='ltr'><strong>ἀληθείας</strong></span> <span class='ocrx_word' id='word_1_227' title='bbox 558 1560 606 1586; x_wconf 77' lang='grc' dir='ltr'>καὶ</span> <span class='ocrx_word' id='word_1_228' title='bbox 624 1561 797 1597; x_wconf 80' lang='grc' dir='ltr'><strong>δικαιοσύνης</strong></span> <span class='ocrx_word' id='word_1_229' title='bbox 812 1563 895 1590; x_wconf 79' lang='grc' dir='ltr'>ἀκου-</span> 
     </span>
    </p>
   </div>
   <div class='ocr_carea' id='block_1_34' title="bbox 111 1594 932 1643">
    <p class='ocr_par' dir='ltr' id='par_1_34' title="bbox 111 1594 932 1643">
     <span class='ocr_line' id='line_1_35' title="bbox 111 1594 932 1643; baseline 0.011 -16"><span class='ocrx_word' id='word_1_230' title='bbox 111 1601 172 1633; x_wconf 74' lang='grc' dir='ltr'>στὸς</span> <span class='ocrx_word' id='word_1_231' title='bbox 203 1602 309 1636; x_wconf 83' lang='grc' dir='ltr'>αὐτοῖς,</span> <span class='ocrx_word' id='word_1_232' title='bbox 340 1603 425 1639; x_wconf 69' lang='grc' dir='ltr'>ἤγουν</span> <span class='ocrx_word' id='word_1_233' title='bbox 456 1606 659 1640; x_wconf 75' lang='grc' dir='ltr'>ὑπομνηστικὸς</span> <span class='ocrx_word' id='word_1_234' title='bbox 690 1594 812 1643; x_wconf 76' lang='grc' dir='ltr'>γένηται.</span> <span class='ocrx_word' id='word_1_235' title='bbox 841 1594 932 1636; x_wconf 68' lang='lat' dir='ltr'><strong>061C</strong></span> 
     </span>
    </p>
   </div>
   <div class='ocr_carea' id='block_1_35' title="bbox 110 1646 898 1689">
    <p class='ocr_par' dir='ltr' id='par_1_35' title="bbox 110 1646 898 1689">
     <span class='ocr_line' id='line_1_36' title="bbox 110 1646 898 1689; baseline 0.01 -16"><span class='ocrx_word' id='word_1_236' title='bbox 110 1646 202 1674; x_wconf 71' lang='grc' dir='ltr'>Ξσταιο</span> <span class='ocrx_word' id='word_1_237' title='bbox 218 1647 280 1675; x_wconf 77' lang='grc' dir='ltr'>οὐδὲ</span> <span class='ocrx_word' id='word_1_238' title='bbox 300 1648 337 1684; x_wconf 83' lang='grc' dir='ltr'>μὴ</span> <span class='ocrx_word' id='word_1_239' title='bbox 359 1649 439 1685; x_wconf 85' lang='grc' dir='ltr'>μείνῃ</span> <span class='ocrx_word' id='word_1_240' title='bbox 460 1650 477 1686; x_wconf 84' lang='grc' dir='ltr'>ἡ</span> <span class='ocrx_word' id='word_1_241' title='bbox 502 1650 584 1686; x_wconf 77' lang='grc' dir='ltr'>βουλὴ</span> <span class='ocrx_word' id='word_1_242' title='bbox 598 1651 686 1678; x_wconf 82' lang='grc' dir='ltr'>αὐτῶν</span> <span class='ocrx_word' id='word_1_243' title='bbox 703 1653 771 1689; x_wconf 78' lang='grc' dir='ltr'>αὕτη</span> <span class='ocrx_word' id='word_1_244' title='bbox 782 1661 790 1669; x_wconf 77' lang='grc'><em>”</em></span> <span class='ocrx_word' id='word_1_245' title='bbox 811 1653 868 1680; x_wconf 84' lang='grc' dir='ltr'>ἀλλ’</span> <span class='ocrx_word' id='word_1_246' title='bbox 884 1655 898 1681; x_wconf 84' lang='grc'>6</span> 
     </span>
    </p>
   </div>
   <div class='ocr_carea' id='block_1_36' title="bbox 108 1691 898 1733">
    <p class='ocr_par' dir='ltr' id='par_1_36' title="bbox 108 1691 898 1733">
     <span class='ocr_line' id='line_1_37' title="bbox 108 1691 898 1733; baseline 0.011 -15"><span class='ocrx_word' id='word_1_247' title='bbox 108 1691 189 1726; x_wconf 72' lang='grc' dir='ltr'>λόγος</span> <span class='ocrx_word' id='word_1_248' title='bbox 198 1692 248 1720; x_wconf 80' lang='grc' dir='ltr'>τοῦ</span> <span class='ocrx_word' id='word_1_249' title='bbox 261 1693 330 1721; x_wconf 80' lang='grc' dir='ltr'>Θεοῦ</span> <span class='ocrx_word' id='word_1_250' title='bbox 344 1694 373 1721; x_wconf 80' lang='grc' dir='ltr'>ὃν</span> <span class='ocrx_word' id='word_1_251' title='bbox 385 1696 570 1731; x_wconf 83' lang='grc' dir='ltr'>πεπατήκασι.</span> <span class='ocrx_word' id='word_1_252' title='bbox 581 1696 763 1733; x_wconf 77' lang='grc' dir='ltr'>λαληθήσεται</span> <span class='ocrx_word' id='word_1_253' title='bbox 775 1699 822 1726; x_wconf 84' lang='grc' dir='ltr'>καὶ</span> <span class='ocrx_word' id='word_1_254' title='bbox 837 1708 898 1726; x_wconf 79' lang='grc' dir='ltr'>στε-</span> 
     </span>
    </p>
   </div>
   <div class='ocr_carea' id='block_1_37' title="bbox 109 1738 895 1780">
    <p class='ocr_par' dir='ltr' id='par_1_37' title="bbox 109 1738 895 1780">
     <span class='ocr_line' id='line_1_38' title="bbox 109 1738 895 1780; baseline 0.011 -16"><span class='ocrx_word' id='word_1_255' title='bbox 109 1738 283 1774; x_wconf 80' lang='grc' dir='ltr'>ρεωθήσεται</span> <span class='ocrx_word' id='word_1_256' title='bbox 305 1741 344 1771; x_wconf 82' lang='grc' dir='ltr'><strong>εἰς</strong></span> <span class='ocrx_word' id='word_1_257' title='bbox 360 1741 456 1769; x_wconf 73' lang='grc' dir='ltr'>αἰῶνα.</span> <span class='ocrx_word' id='word_1_258' title='bbox 476 1742 508 1768; x_wconf 88' lang='lat'><strong>&#39;0</strong></span> <span class='ocrx_word' id='word_1_259' title='bbox 521 1743 649 1776; x_wconf 75' lang='grc' dir='ltr'>οὐρανὸς</span> <span class='ocrx_word' id='word_1_260' title='bbox 665 1743 728 1778; x_wconf 76' lang='grc' dir='ltr'><strong>γὰρ,</strong></span> <span class='ocrx_word' id='word_1_261' title='bbox 748 1745 826 1780; x_wconf 72' lang='grc' dir='ltr'>φησι,</span> <span class='ocrx_word' id='word_1_262' title='bbox 846 1745 895 1773; x_wconf 77' lang='grc' dir='ltr'>καὶ</span> 
     </span>
    </p>
   </div>
   <div class='ocr_carea' id='block_1_38' title="bbox 108 1784 897 1826">
    <p class='ocr_par' dir='ltr' id='par_1_38' title="bbox 108 1784 897 1826">
     <span class='ocr_line' id='line_1_39' title="bbox 108 1784 897 1826; baseline 0.013 -16"><span class='ocrx_word' id='word_1_263' title='bbox 108 1784 128 1818; x_wconf 76' lang='grc' dir='ltr'><strong><em>ἠ</em></strong></span> <span class='ocrx_word' id='word_1_264' title='bbox 141 1784 180 1818; x_wconf 81' lang='grc' dir='ltr'>τῆ</span> <span class='ocrx_word' id='word_1_265' title='bbox 193 1786 432 1818; x_wconf 76' lang='grc' dir='ltr'><strong>παρελεύσονται</strong></span> <span class='ocrx_word' id='word_1_266' title='bbox 441 1795 448 1803; x_wconf 92' lang='grc'><strong>·</strong></span> <span class='ocrx_word' id='word_1_267' title='bbox 465 1789 492 1814; x_wconf 83' lang='grc' dir='ltr'>οι</span> <span class='ocrx_word' id='word_1_268' title='bbox 505 1787 539 1814; x_wconf 79' lang='grc' dir='ltr'>δὲ</span> <span class='ocrx_word' id='word_1_269' title='bbox 554 1789 638 1823; x_wconf 72' lang='grc' dir='ltr'>λόγοι</span> <span class='ocrx_word' id='word_1_270' title='bbox 650 1798 710 1824; x_wconf 83' lang='grc' dir='ltr'>μου</span> <span class='ocrx_word' id='word_1_271' title='bbox 722 1792 759 1818; x_wconf 82' lang='grc' dir='ltr'>οὐ</span> <span class='ocrx_word' id='word_1_272' title='bbox 772 1791 813 1826; x_wconf 84' lang='grc' dir='ltr'>μὴ</span> <span class='ocrx_word' id='word_1_273' title='bbox 826 1800 897 1826; x_wconf 79' lang='grc' dir='ltr'>παρ·</span> 
     </span>
    </p>
   </div>
   <div class='ocr_carea' id='block_1_39' title="bbox 109 1828 894 1872">
    <p class='ocr_par' dir='ltr' id='par_1_39' title="bbox 109 1828 894 1872">
     <span class='ocr_line' id='line_1_40' title="bbox 109 1828 894 1872; baseline 0.009 -16"><span class='ocrx_word' id='word_1_274' title='bbox 109 1828 232 1857; x_wconf 62' lang='grc' dir='ltr'>ἔλθωσι.</span> <span class='ocrx_word' id='word_1_275' title='bbox 248 1831 305 1857; x_wconf 78' lang='grc' dir='ltr'><strong>Καὶ</strong></span> <span class='ocrx_word' id='word_1_276' title='bbox 329 1831 397 1868; x_wconf 83' lang='grc' dir='ltr'>πρὸς</span> <span class='ocrx_word' id='word_1_277' title='bbox 410 1831 496 1859; x_wconf 77' lang='grc' dir='ltr'>ταῦτα</span> <span class='ocrx_word' id='word_1_278' title='bbox 519 1833 561 1865; x_wconf 84' lang='grc' dir='ltr'><strong>τίς</strong></span> <span class='ocrx_word' id='word_1_279' title='bbox 579 1834 669 1866; x_wconf 81' lang='grc' dir='ltr'>ἱκανὸς</span> <span class='ocrx_word' id='word_1_280' title='bbox 686 1836 894 1872; x_wconf 75' lang='grc' dir='ltr'>ἀντιφέρεσθαι;</span> 
     </span>
    </p>
   </div>
   <div class='ocr_carea' id='block_1_40' title="bbox 109 1875 894 1918">
    <p class='ocr_par' dir='ltr' id='par_1_40' title="bbox 109 1875 894 1918">
     <span class='ocr_line' id='line_1_41' title="bbox 109 1875 894 1918; baseline 0.011 -17"><span class='ocrx_word' id='word_1_281' title='bbox 109 1875 136 1902; x_wconf 80' lang='grc' dir='ltr'>εἰ</span> <span class='ocrx_word' id='word_1_282' title='bbox 150 1875 189 1911; x_wconf 79' lang='grc' dir='ltr'>μὴ</span> <span class='ocrx_word' id='word_1_283' title='bbox 208 1877 222 1903; x_wconf 92' lang='lat'><strong>6</strong></span> <span class='ocrx_word' id='word_1_284' title='bbox 237 1875 369 1913; x_wconf 83' lang='grc' dir='ltr'>τύραννος</span> <span class='ocrx_word' id='word_1_285' title='bbox 383 1878 515 1912; x_wconf 82' lang='grc' dir='ltr'><strong>Σατανᾶς,</strong></span> <span class='ocrx_word' id='word_1_286' title='bbox 530 1880 576 1906; x_wconf 85' lang='grc' dir='ltr'>καὶ</span> <span class='ocrx_word' id='word_1_287' title='bbox 593 1881 618 1906; x_wconf 80' lang='grc' dir='ltr'>οἱ</span> <span class='ocrx_word' id='word_1_288' title='bbox 633 1881 726 1908; x_wconf 87' lang='grc' dir='ltr'>τούτου</span> <span class='ocrx_word' id='word_1_289' title='bbox 746 1882 894 1918; x_wconf 81' lang='grc' dir='ltr'><strong>ὑποφῆται,</strong></span> 
     </span>
    </p>
   </div>
   <div class='ocr_carea' id='block_1_41' title="bbox 107 1921 894 1964">
    <p class='ocr_par' dir='ltr' id='par_1_41' title="bbox 107 1921 894 1964">
     <span class='ocr_line' id='line_1_42' title="bbox 107 1921 894 1964; baseline 0.009 -16"><span class='ocrx_word' id='word_1_290' title='bbox 107 1921 157 1956; x_wconf 75' lang='grc' dir='ltr'><strong>τὴν</strong></span> <span class='ocrx_word' id='word_1_291' title='bbox 185 1923 312 1958; x_wconf 82' lang='grc' dir='ltr'>μοιχείαν</span> <span class='ocrx_word' id='word_1_292' title='bbox 336 1923 494 1959; x_wconf 77' lang='grc' dir='ltr'>οἰκονομίαν</span> <span class='ocrx_word' id='word_1_293' title='bbox 523 1925 656 1960; x_wconf 84' lang='grc' dir='ltr'>σωτήριον</span> <span class='ocrx_word' id='word_1_294' title='bbox 683 1928 715 1962; x_wconf 83' lang='grc' dir='ltr'>τῇ</span> <span class='ocrx_word' id='word_1_295' title='bbox 747 1928 894 1964; x_wconf 61' lang='grc' dir='ltr'>Ἐκκλησία</span> 
     </span>
    </p>
   </div>
   <div class='ocr_carea' id='block_1_42' title="bbox 108 1967 894 2007">
    <p class='ocr_par' dir='ltr' id='par_1_42' title="bbox 108 1967 894 2007">
     <span class='ocr_line' id='line_1_43' title="bbox 108 1967 894 2007; baseline 0.009 -14"><span class='ocrx_word' id='word_1_296' title='bbox 108 1967 229 2002; x_wconf 78' lang='grc' dir='ltr'>Χριστοῦ</span> <span class='ocrx_word' id='word_1_297' title='bbox 256 1969 456 2004; x_wconf 82' lang='grc' dir='ltr'>κεκυρωκότες,</span> <span class='ocrx_word' id='word_1_298' title='bbox 474 1971 499 1996; x_wconf 83' lang='lat' dir='ltr'><strong>ot</strong></span> <span class='ocrx_word' id='word_1_299' title='bbox 524 1972 723 2007; x_wconf 85' lang='grc' dir='ltr'>ματαιόφρονες</span> <span class='ocrx_word' id='word_1_300' title='bbox 745 1973 828 2006; x_wconf 74' lang='grc' dir='ltr'>ὅντως</span> <span class='ocrx_word' id='word_1_301' title='bbox 847 1975 894 2001; x_wconf 81' lang='grc' dir='ltr'>καὶ</span> 
     </span>
    </p>
   </div>
   <div class='ocr_carea' id='block_1_43' title="bbox 107 2013 895 2053">
    <p class='ocr_par' dir='ltr' id='par_1_43' title="bbox 107 2013 895 2053">
     <span class='ocr_line' id='line_1_44' title="bbox 107 2013 895 2053; baseline 0.008 -13"><span class='ocrx_word' id='word_1_302' title='bbox 107 2013 271 2049; x_wconf 74' lang='grc' dir='ltr'>ἑχθίστατοι.</span> <span class='ocrx_word' id='word_1_303' title='bbox 289 2015 350 2042; x_wconf 77' lang='grc' dir='ltr'>Ἐπὶ</span> <span class='ocrx_word' id='word_1_304' title='bbox 363 2016 411 2047; x_wconf 79' lang='grc' dir='ltr'><strong>τὰς</strong></span> <span class='ocrx_word' id='word_1_305' title='bbox 427 2017 576 2052; x_wconf 79' lang='grc' dir='ltr'><strong>ἐρωτήσεις</strong></span> <span class='ocrx_word' id='word_1_306' title='bbox 592 2026 638 2044; x_wconf 86' lang='grc' dir='ltr'>σου</span> <span class='ocrx_word' id='word_1_307' title='bbox 650 2018 781 2053; x_wconf 82' lang='grc' dir='ltr'><strong>τρεπτέον</strong></span> <span class='ocrx_word' id='word_1_308' title='bbox 795 2020 840 2046; x_wconf 80' lang='grc' dir='ltr'>τὸν</span> <span class='ocrx_word' id='word_1_309' title='bbox 852 2020 895 2046; x_wconf 81' lang='grc' dir='ltr'>λό-</span> 
     </span>
    </p>
   </div>
   <div class='ocr_carea' id='block_1_44' title="bbox 107 2059 893 2101">
    <p class='ocr_par' dir='ltr' id='par_1_44' title="bbox 107 2059 893 2101">
     <span class='ocr_line' id='line_1_45' title="bbox 107 2059 893 2101; baseline 0.009 -16"><span class='ocrx_word' id='word_1_310' title='bbox 107 2067 166 2093; x_wconf 83' lang='grc' dir='ltr'>γον.</span> <span class='ocrx_word' id='word_1_311' title='bbox 187 2059 277 2094; x_wconf 83' lang='grc' dir='ltr'>Ἐφης</span> <span class='ocrx_word' id='word_1_312' title='bbox 291 2059 349 2087; x_wconf 80' lang='grc' dir='ltr'><strong>ἀνθ’</strong></span> <span class='ocrx_word' id='word_1_313' title='bbox 361 2061 424 2088; x_wconf 81' lang='grc' dir='ltr'>ὅτου</span> <span class='ocrx_word' id='word_1_314' title='bbox 442 2063 456 2088; x_wconf 81' lang='grc' dir='ltr'>ὁ</span> <span class='ocrx_word' id='word_1_315' title='bbox 477 2061 547 2094; x_wconf 82' lang='grc' dir='ltr'>θεῖος</span> <span class='ocrx_word' id='word_1_316' title='bbox 559 2062 694 2098; x_wconf 82' lang='grc' dir='ltr'>Κύριλλος</span> <span class='ocrx_word' id='word_1_317' title='bbox 705 2064 840 2100; x_wconf 82' lang='grc' dir='ltr'>ᾠκονόμει</span> <span class='ocrx_word' id='word_1_318' title='bbox 856 2065 893 2101; x_wconf 87' lang='grc' dir='ltr'>μὴ</span> 
     </span>
    </p>
   </div>
   <div class='ocr_carea' id='block_1_45' title="bbox 106 2105 893 2148">
    <p class='ocr_par' dir='ltr' id='par_1_45' title="bbox 106 2105 893 2148">
     <span class='ocr_line' id='line_1_46' title="bbox 106 2105 893 2148; baseline 0.009 -16"><span class='ocrx_word' id='word_1_319' title='bbox 106 2105 304 2141; x_wconf 75' lang='grc' dir='ltr'>ἀποσχίζεσθαι</span> <span class='ocrx_word' id='word_1_320' title='bbox 313 2106 368 2134; x_wconf 80' lang='grc' dir='ltr'><strong>τῶν</strong></span> <span class='ocrx_word' id='word_1_321' title='bbox 375 2108 426 2144; x_wconf 85' lang='grc' dir='ltr'>τῆς</span> <span class='ocrx_word' id='word_1_322' title='bbox 441 2108 527 2144; x_wconf 80' lang='grc' dir='ltr'>Ἐῲας</span> <span class='ocrx_word' id='word_1_323' title='bbox 544 2110 572 2136; x_wconf 81' lang='grc' dir='ltr'>ὲν</span> <span class='ocrx_word' id='word_1_324' title='bbox 586 2109 727 2145; x_wconf 84' lang='grc' dir='ltr'>διπτύχοις</span> <span class='ocrx_word' id='word_1_325' title='bbox 741 2111 893 2148; x_wconf 78' lang='grc' dir='ltr'>ἀναφερόν-</span> 
     </span>
    </p>
   </div>
   <div class='ocr_carea' id='block_1_46' title="bbox 104 2152 890 2191">
    <p class='ocr_par' dir='ltr' id='par_1_46' title="bbox 104 2152 890 2191">
     <span class='ocr_line' id='line_1_47' title="bbox 104 2152 890 2191; baseline 0.011 -14"><span class='ocrx_word' id='word_1_326' title='bbox 104 2160 160 2178; x_wconf 73' lang='grc' dir='ltr'><strong>των</strong></span> <span class='ocrx_word' id='word_1_327' title='bbox 178 2152 224 2178; x_wconf 79' lang='grc' dir='ltr'>τὸν</span> <span class='ocrx_word' id='word_1_328' title='bbox 240 2153 376 2189; x_wconf 80' lang='grc' dir='ltr'>Θεόδωρον</span> <span class='ocrx_word' id='word_1_329' title='bbox 390 2153 435 2181; x_wconf 78' lang='grc' dir='ltr'>τὸν</span> <span class='ocrx_word' id='word_1_330' title='bbox 452 2154 640 2189; x_wconf 79' lang='grc' dir='ltr'>Μοψουεστίας</span> <span class='ocrx_word' id='word_1_331' title='bbox 655 2157 800 2191; x_wconf 66' lang='grc' dir='ltr'>αἱρετικὸν</span> <span class='ocrx_word' id='word_1_332' title='bbox 815 2159 890 2186; x_wconf 74' lang='grc' dir='ltr'>ὄντα.</span> 
     </span>
    </p>
   </div>
   <div class='ocr_carea' id='block_1_47' title="bbox 112 2196 891 2238">
    <p class='ocr_par' dir='ltr' id='par_1_47' title="bbox 112 2196 891 2238">
     <span class='ocr_line' id='line_1_48' title="bbox 112 2196 891 2238; baseline 0.012 -16"><span class='ocrx_word' id='word_1_333' title='bbox 112 2196 171 2222; x_wconf 82' lang='grc' dir='ltr'><strong>Ἐπ’</strong></span> <span class='ocrx_word' id='word_1_334' title='bbox 183 2196 218 2223; x_wconf 79' lang='grc' dir='ltr'>ἂν</span> <span class='ocrx_word' id='word_1_335' title='bbox 239 2197 373 2232; x_wconf 78' lang='grc' dir='ltr'>ὀρθότατα</span> <span class='ocrx_word' id='word_1_336' title='bbox 388 2199 436 2226; x_wconf 75' lang='grc' dir='ltr'>καὶ</span> <span class='ocrx_word' id='word_1_337' title='bbox 451 2201 619 2237; x_wconf 79' lang='grc' dir='ltr'>καιριώτατα</span> <span class='ocrx_word' id='word_1_338' title='bbox 638 2202 671 2228; x_wconf 89' lang='grc' dir='ltr'><strong>τὰ</strong></span> <span class='ocrx_word' id='word_1_339' title='bbox 682 2204 732 2238; x_wconf 76' lang='grc' dir='ltr'>τῆς</span> <span class='ocrx_word' id='word_1_340' title='bbox 750 2203 891 2236; x_wconf 71' lang='grc' dir='ltr'>εὐσεϐείας</span> 
     </span>
    </p>
   </div>
   <div class='ocr_carea' id='block_1_48' title="bbox 104 2241 930 2291">
    <p class='ocr_par' dir='ltr' id='par_1_48' title="bbox 104 2241 930 2291">
     <span class='ocr_line' id='line_1_49' title="bbox 104 2241 930 2291; baseline 0.011 -23"><span class='ocrx_word' id='word_1_341' title='bbox 104 2241 228 2277; x_wconf 72' lang='grc' dir='ltr'>δόγματα</span> <span class='ocrx_word' id='word_1_342' title='bbox 239 2244 305 2279; x_wconf 89' lang='grc' dir='ltr'>παρ’</span> <span class='ocrx_word' id='word_1_343' title='bbox 316 2245 407 2276; x_wconf 81' lang='grc' dir='ltr'>αὐτοῖς</span> <span class='ocrx_word' id='word_1_344' title='bbox 417 2245 560 2274; x_wconf 75' lang='grc' dir='ltr'>ἐσέσωστο.</span> <span class='ocrx_word' id='word_1_345' title='bbox 574 2247 651 2274; x_wconf 80' lang='grc' dir='ltr'>Οὕτω</span> <span class='ocrx_word' id='word_1_346' title='bbox 660 2248 714 2284; x_wconf 85' lang='grc' dir='ltr'><strong>γὰρ</strong></span> <span class='ocrx_word' id='word_1_347' title='bbox 726 2249 889 2284; x_wconf 81' lang='grc' dir='ltr'>γέγραπται,</span> <span class='ocrx_word' id='word_1_348' title='bbox 909 2264 930 2291; x_wconf 82' lang='lat' dir='ltr'><strong>D</strong></span> 
     </span>
    </p>
   </div>
   <div class='ocr_carea' id='block_1_49' title="bbox 105 2287 890 2330">
    <p class='ocr_par' dir='ltr' id='par_1_49' title="bbox 105 2287 890 2330">
     <span class='ocr_line' id='line_1_50' title="bbox 105 2287 890 2330; baseline 0.011 -17"><span class='ocrx_word' id='word_1_349' title='bbox 105 2287 154 2314; x_wconf 78' lang='grc' dir='ltr'>καὶ</span> <span class='ocrx_word' id='word_1_350' title='bbox 176 2288 191 2313; x_wconf 85' lang='lat'><strong>6</strong></span> <span class='ocrx_word' id='word_1_351' title='bbox 212 2288 445 2324; x_wconf 78' lang='grc' dir='ltr'>ὐπομνηματίζων</span> <span class='ocrx_word' id='word_1_352' title='bbox 459 2291 556 2325; x_wconf 80' lang='grc' dir='ltr'>ταῦτα,</span> <span class='ocrx_word' id='word_1_353' title='bbox 582 2294 596 2320; x_wconf 92' lang='lat'><strong>6</strong></span> <span class='ocrx_word' id='word_1_354' title='bbox 613 2295 641 2320; x_wconf 75' lang='grc' dir='ltr'>ὲν</span> <span class='ocrx_word' id='word_1_355' title='bbox 658 2295 747 2329; x_wconf 81' lang='grc' dir='ltr'>ἁγίοις</span> <span class='ocrx_word' id='word_1_356' title='bbox 763 2295 890 2330; x_wconf 81' lang='grc' dir='ltr'>Εὐλότιος</span> 
     </span>
    </p>
   </div>
   <div class='ocr_carea' id='block_1_50' title="bbox 103 2331 894 2375">
    <p class='ocr_par' dir='ltr' id='par_1_50' title="bbox 103 2331 894 2375">
     <span class='ocr_line' id='line_1_51' title="bbox 103 2331 894 2375; baseline 0.015 -20"><span class='ocrx_word' id='word_1_357' title='bbox 103 2331 323 2366; x_wconf 77' lang='grc' dir='ltr'>ἁρχιεπίσκοπος</span> <span class='ocrx_word' id='word_1_358' title='bbox 332 2332 535 2371; x_wconf 72' lang='grc' dir='ltr'>Ἀλεξανδρείας</span> <span class='ocrx_word' id='word_1_359' title='bbox 548 2337 577 2364; x_wconf 75' lang='grc' dir='ltr'>ὲν</span> <span class='ocrx_word' id='word_1_360' title='bbox 592 2337 631 2372; x_wconf 87' lang='grc' dir='ltr'><strong>τῷ</strong></span> <span class='ocrx_word' id='word_1_361' title='bbox 645 2339 713 2372; x_wconf 75' lang='grc' dir='ltr'><strong>Περὶ</strong></span> <span class='ocrx_word' id='word_1_362' title='bbox 723 2340 894 2375; x_wconf 77' lang='grc' dir='ltr'>οἰκονομίας</span> 
     </span>
    </p>
   </div>
   <div class='ocr_carea' id='block_1_51' title="bbox 102 2375 892 2421">
    <p class='ocr_par' dir='ltr' id='par_1_51' title="bbox 102 2375 892 2421">
     <span class='ocr_line' id='line_1_52' title="bbox 102 2375 892 2421; baseline 0.015 -20"><span class='ocrx_word' id='word_1_363' title='bbox 102 2375 189 2402; x_wconf 80' lang='grc' dir='ltr'>αὐτοῦ</span> <span class='ocrx_word' id='word_1_364' title='bbox 212 2376 301 2413; x_wconf 86' lang='grc' dir='ltr'>λόγῳ·</span> <span class='ocrx_word' id='word_1_365' title='bbox 320 2376 351 2406; x_wconf 79' lang='grc' dir='ltr'><strong>οὗ</strong></span> <span class='ocrx_word' id='word_1_366' title='bbox 376 2380 423 2407; x_wconf 74' lang='grc' dir='ltr'>καὶ</span> <span class='ocrx_word' id='word_1_367' title='bbox 447 2381 544 2416; x_wconf 83' lang='grc' dir='ltr'>χρῆσιν</span> <span class='ocrx_word' id='word_1_368' title='bbox 563 2382 712 2418; x_wconf 75' lang='grc' dir='ltr'>ὲνεθέμεϐα</span> <span class='ocrx_word' id='word_1_369' title='bbox 734 2384 764 2410; x_wconf 83' lang='grc' dir='ltr'>ὲν</span> <span class='ocrx_word' id='word_1_370' title='bbox 787 2387 821 2420; x_wconf 81' lang='grc' dir='ltr'>τῇ</span> <span class='ocrx_word' id='word_1_371' title='bbox 847 2386 892 2421; x_wconf 81' lang='grc' dir='ltr'><strong>ὑφ’</strong></span> 
     </span>
    </p>
   </div>
   <div class='ocr_carea' id='block_1_52' title="bbox 101 2422 893 2466">
    <p class='ocr_par' dir='ltr' id='par_1_52' title="bbox 101 2422 893 2466">
     <span class='ocr_line' id='line_1_53' title="bbox 101 2422 893 2466; baseline 0.014 -19"><span class='ocrx_word' id='word_1_372' title='bbox 101 2422 182 2456; x_wconf 78' lang='grc' dir='ltr'>ἡμῶν</span> <span class='ocrx_word' id='word_1_373' title='bbox 191 2423 338 2460; x_wconf 79' lang='grc' dir='ltr'>πονηθείσῃ</span> <span class='ocrx_word' id='word_1_374' title='bbox 349 2425 420 2457; x_wconf 81' lang='grc' dir='ltr'>ἰδίως</span> <span class='ocrx_word' id='word_1_375' title='bbox 429 2427 499 2461; x_wconf 81' lang='grc' dir='ltr'><strong>Περι</strong></span> <span class='ocrx_word' id='word_1_376' title='bbox 510 2427 565 2462; x_wconf 83' lang='grc' dir='ltr'>τῆς</span> <span class='ocrx_word' id='word_1_377' title='bbox 577 2429 708 2457; x_wconf 75' lang='grc' dir='ltr'>καθόλου</span> <span class='ocrx_word' id='word_1_378' title='bbox 723 2432 893 2466; x_wconf 77' lang='grc' dir='ltr'>οἰκονομίας</span> 
     </span>
    </p>
   </div>
   <div class='ocr_carea' id='block_1_53' title="bbox 100 2470 889 2506">
    <p class='ocr_par' dir='ltr' id='par_1_53' title="bbox 100 2470 889 2506">
     <span class='ocr_line' id='line_1_54' title="bbox 100 2470 889 2506; baseline 0.014 -13"><span class='ocrx_word' id='word_1_379' title='bbox 100 2470 291 2504; x_wconf 71' lang='grc' dir='ltr'>πραγματείᾳ.</span> <span class='ocrx_word' id='word_1_380' title='bbox 309 2471 365 2506; x_wconf 86' lang='grc' dir='ltr'><strong>Τὴν</strong></span> <span class='ocrx_word' id='word_1_381' title='bbox 388 2472 464 2499; x_wconf 85' lang='grc' dir='ltr'>λύσιν</span> <span class='ocrx_word' id='word_1_382' title='bbox 488 2471 535 2500; x_wconf 81' lang='grc' dir='ltr'>οὖν</span> <span class='ocrx_word' id='word_1_383' title='bbox 555 2475 634 2506; x_wconf 82' lang='grc' dir='ltr'>αὐτὸς</span> <span class='ocrx_word' id='word_1_384' title='bbox 658 2476 774 2503; x_wconf 85' lang='grc' dir='ltr'>δέδωκεν</span> <span class='ocrx_word' id='word_1_385' title='bbox 800 2477 815 2503; x_wconf 92' lang='lat'><strong>6</strong></span> <span class='ocrx_word' id='word_1_386' title='bbox 842 2478 889 2505; x_wconf 77' lang='grc' dir='ltr'>καὶ</span> 
     </span>
    </p>
   </div>
   <div class='ocr_carea' id='block_1_54' title="bbox 100 2514 887 2554">
    <p class='ocr_par' dir='ltr' id='par_1_54' title="bbox 100 2514 887 2554">
     <span class='ocr_line' id='line_1_55' title="bbox 100 2514 887 2554; baseline 0.013 -15"><span class='ocrx_word' id='word_1_387' title='bbox 100 2514 262 2549; x_wconf 82' lang='grc' dir='ltr'>ιστορήσας.</span> <span class='ocrx_word' id='word_1_388' title='bbox 280 2516 317 2542; x_wconf 80' lang='grc' dir='ltr'><strong>οὐ</strong></span> <span class='ocrx_word' id='word_1_389' title='bbox 332 2516 386 2552; x_wconf 82' lang='grc' dir='ltr'><strong>γάρ</strong></span> <span class='ocrx_word' id='word_1_390' title='bbox 405 2525 449 2544; x_wconf 89' lang='grc' dir='ltr'><strong>πω</strong></span> <span class='ocrx_word' id='word_1_391' title='bbox 461 2518 593 2554; x_wconf 81' lang='grc' dir='ltr'>ἀλλαχόσε</span> <span class='ocrx_word' id='word_1_392' title='bbox 611 2519 744 2552; x_wconf 78' lang='grc' dir='ltr'>λέλεκται,</span> <span class='ocrx_word' id='word_1_393' title='bbox 763 2522 811 2549; x_wconf 83' lang='grc' dir='ltr'>καὶ</span> <span class='ocrx_word' id='word_1_394' title='bbox 826 2523 887 2549; x_wconf 80' lang='grc' dir='ltr'>ικα-</span> 
     </span>
    </p>
   </div>
   <div class='ocr_carea' id='block_1_55' title="bbox 97 2559 887 2600">
    <p class='ocr_par' dir='ltr' id='par_1_55' title="bbox 97 2559 887 2600">
     <span class='ocr_line' id='line_1_56' title="bbox 97 2559 887 2600; baseline 0.013 -15"><span class='ocrx_word' id='word_1_395' title='bbox 97 2559 147 2586; x_wconf 79' lang='grc' dir='ltr'><strong>νὺν</strong></span> <span class='ocrx_word' id='word_1_396' title='bbox 161 2561 201 2595; x_wconf 82' lang='grc' dir='ltr'>μὴ</span> <span class='ocrx_word' id='word_1_397' title='bbox 213 2560 352 2596; x_wconf 75' lang='grc' dir='ltr'>ἐπιζητεῖν</span> <span class='ocrx_word' id='word_1_398' title='bbox 367 2563 441 2590; x_wconf 80' lang='grc' dir='ltr'>ἄλλο.</span> <span class='ocrx_word' id='word_1_399' title='bbox 457 2565 610 2600; x_wconf 81' lang='grc' dir='ltr'>Σαφηνείας</span> <span class='ocrx_word' id='word_1_400' title='bbox 621 2566 649 2592; x_wconf 83' lang='grc' dir='ltr'>δὲ</span> <span class='ocrx_word' id='word_1_401' title='bbox 661 2566 754 2593; x_wconf 73' lang='grc' dir='ltr'>ἕνεκεν</span> <span class='ocrx_word' id='word_1_402' title='bbox 769 2567 839 2595; x_wconf 73' lang='grc' dir='ltr'>ἔστω</span> <span class='ocrx_word' id='word_1_403' title='bbox 852 2570 887 2596; x_wconf 76' lang='grc' dir='ltr'><strong>τὰ</strong></span> 
     </span>
    </p>
   </div>
   <div class='ocr_carea' id='block_1_56' title="bbox 96 2606 887 2646">
    <p class='ocr_par' dir='ltr' id='par_1_56' title="bbox 96 2606 887 2646">
     <span class='ocr_line' id='line_1_57' title="bbox 96 2606 887 2646; baseline 0.014 -15"><span class='ocrx_word' id='word_1_404' title='bbox 96 2606 165 2640; x_wconf 76' lang='grc' dir='ltr'>παρ’</span> <span class='ocrx_word' id='word_1_405' title='bbox 178 2606 258 2641; x_wconf 78' lang='grc' dir='ltr'>ἡμῶν</span> <span class='ocrx_word' id='word_1_406' title='bbox 270 2607 387 2642; x_wconf 70' lang='grc' dir='ltr'>ἐχόμενα</span> <span class='ocrx_word' id='word_1_407' title='bbox 399 2609 450 2644; x_wconf 80' lang='grc' dir='ltr'>τῆς</span> <span class='ocrx_word' id='word_1_408' title='bbox 461 2610 546 2646; x_wconf 84' lang='grc' dir='ltr'>αὐτῆς</span> <span class='ocrx_word' id='word_1_409' title='bbox 560 2611 664 2643; x_wconf 76' lang='grc' dir='ltr'>ἑννοίας</span> <span class='ocrx_word' id='word_1_410' title='bbox 674 2619 681 2627; x_wconf 91' lang='grc'><strong>·</strong></span> <span class='ocrx_word' id='word_1_411' title='bbox 695 2613 736 2640; x_wconf 82' lang='grc' dir='ltr'>ὅτι</span> <span class='ocrx_word' id='word_1_412' title='bbox 749 2613 804 2640; x_wconf 86' lang='grc' dir='ltr'>τῶν</span> <span class='ocrx_word' id='word_1_413' title='bbox 815 2616 887 2642; x_wconf 85' lang='grc' dir='ltr'>οἰκο-</span> 
     </span>
    </p>
   </div>
   <div class='ocr_carea' id='block_1_57' title="bbox 96 2651 886 2694">
    <p class='ocr_par' dir='ltr' id='par_1_57' title="bbox 96 2651 886 2694">
     <span class='ocr_line' id='line_1_58' title="bbox 96 2651 886 2694; baseline 0.013 -16"><span class='ocrx_word' id='word_1_414' title='bbox 96 2651 203 2686; x_wconf 63' lang='lat' dir='ltr'><strong>vopqu</strong></span> <span class='ocrx_word' id='word_1_415' title='bbox 216 2653 245 2680; x_wconf 80' lang='grc' dir='ltr'>αι</span> <span class='ocrx_word' id='word_1_416' title='bbox 263 2654 313 2688; x_wconf 77' lang='grc' dir='ltr'>μὲν</span> <span class='ocrx_word' id='word_1_417' title='bbox 328 2655 396 2690; x_wconf 77' lang='grc' dir='ltr'>πρὸς</span> <span class='ocrx_word' id='word_1_418' title='bbox 415 2656 510 2692; x_wconf 82' lang='grc' dir='ltr'>καιρὸν</span> <span class='ocrx_word' id='word_1_419' title='bbox 523 2657 651 2692; x_wconf 80' lang='grc' dir='ltr'>γεγόνασι</span> <span class='ocrx_word' id='word_1_420' title='bbox 674 2659 748 2694; x_wconf 82' lang='grc' dir='ltr'>παρὰ</span> <span class='ocrx_word' id='word_1_421' title='bbox 762 2661 816 2687; x_wconf 86' lang='grc' dir='ltr'>τῶν</span> <span class='ocrx_word' id='word_1_422' title='bbox 832 2662 886 2688; x_wconf 86' lang='grc' dir='ltr'><strong>Πα-</strong></span> 
     </span>
    </p>
   </div>
   <div class='ocr_carea' id='block_1_58' title="bbox 96 2698 885 2741">
    <p class='ocr_par' dir='ltr' id='par_1_58' title="bbox 96 2698 885 2741">
     <span class='ocr_line' id='line_1_59' title="bbox 96 2698 885 2741; baseline 0.011 -17"><span class='ocrx_word' id='word_1_423' title='bbox 96 2698 198 2734; x_wconf 71' lang='grc' dir='ltr'>εέρων,</span> <span class='ocrx_word' id='word_1_424' title='bbox 213 2699 242 2726; x_wconf 73' lang='grc' dir='ltr'>αἱ</span> <span class='ocrx_word' id='word_1_425' title='bbox 254 2699 284 2727; x_wconf 64' lang='grc' dir='ltr'>δὲ</span> <span class='ocrx_word' id='word_1_426' title='bbox 297 2700 329 2727; x_wconf 77' lang='grc' dir='ltr'><strong>τὸ</strong></span> <span class='ocrx_word' id='word_1_427' title='bbox 342 2701 465 2737; x_wconf 83' lang='grc' dir='ltr'>διηνεκὲς</span> <span class='ocrx_word' id='word_1_428' title='bbox 476 2703 592 2738; x_wconf 70' lang='grc' dir='ltr'>ἔχουσιν.</span> <span class='ocrx_word' id='word_1_429' title='bbox 609 2701 672 2732; x_wconf 78' lang='grc' dir='ltr'>Οἷον</span> <span class='ocrx_word' id='word_1_430' title='bbox 687 2705 810 2741; x_wconf 71' lang='grc' dir='ltr'>διηνεκὲς</span> <span class='ocrx_word' id='word_1_431' title='bbox 825 2707 885 2741; x_wconf 81' lang='grc' dir='ltr'>μὲν,</span> 
     </span>
    </p>
   </div>
   <div class='ocr_carea' id='block_1_59' title="bbox 94 2743 886 2786">
    <p class='ocr_par' dir='ltr' id='par_1_59' title="bbox 94 2743 886 2786">
     <span class='ocr_line' id='line_1_60' title="bbox 94 2743 886 2786; baseline 0.011 -16"><span class='ocrx_word' id='word_1_432' title='bbox 94 2743 135 2775; x_wconf 82' lang='grc' dir='ltr'>ὡς</span> <span class='ocrx_word' id='word_1_433' title='bbox 157 2744 220 2772; x_wconf 76' lang='grc' dir='ltr'>ἀντὶ</span> <span class='ocrx_word' id='word_1_434' title='bbox 236 2745 291 2772; x_wconf 82' lang='grc' dir='ltr'><strong>τῶν</strong></span> <span class='ocrx_word' id='word_1_435' title='bbox 308 2746 486 2775; x_wconf 79' lang='grc' dir='ltr'>ὑποστάσεων</span> <span class='ocrx_word' id='word_1_436' title='bbox 499 2751 724 2785; x_wconf 79' lang='grc' dir='ltr'>παραχωρεῖσθαι</span> <span class='ocrx_word' id='word_1_437' title='bbox 746 2751 783 2778; x_wconf 81' lang='grc' dir='ltr'>τὰ</span> <span class='ocrx_word' id='word_1_438' title='bbox 798 2753 886 2786; x_wconf 80' lang='grc' dir='ltr'>πρόσ-</span> 
     </span>
    </p>
   </div>
   <div class='ocr_carea' id='block_1_60' title="bbox 94 2790 885 2833">
    <p class='ocr_par' dir='ltr' id='par_1_60' title="bbox 94 2790 885 2833">
     <span class='ocr_line' id='line_1_61' title="bbox 94 2790 885 2833; baseline 0.01 -17"><span class='ocrx_word' id='word_1_439' title='bbox 94 2798 162 2816; x_wconf 80' lang='grc' dir='ltr'><strong>ωπα</strong></span> <span class='ocrx_word' id='word_1_440' title='bbox 181 2790 252 2826; x_wconf 80' lang='grc' dir='ltr'>πρὸς</span> <span class='ocrx_word' id='word_1_441' title='bbox 266 2792 314 2818; x_wconf 83' lang='grc' dir='ltr'>τοῦ</span> <span class='ocrx_word' id='word_1_442' title='bbox 334 2793 412 2827; x_wconf 80' lang='grc' dir='ltr'>ἁγίου</span> <span class='ocrx_word' id='word_1_443' title='bbox 435 2793 595 2822; x_wconf 80' lang='grc' dir='ltr'>Ἀθανασίου</span> <span class='ocrx_word' id='word_1_444' title='bbox 609 2797 664 2828; x_wconf 87' lang='grc' dir='ltr'>τοῖς</span> <span class='ocrx_word' id='word_1_445' title='bbox 683 2796 802 2828; x_wconf 78' lang='grc' dir='ltr'>Ἰταλοῖς.</span> <span class='ocrx_word' id='word_1_446' title='bbox 814 2798 885 2833; x_wconf 86' lang='grc' dir='ltr'>Πρδς</span> 
     </span>
    </p>
   </div>
   <div class='ocr_carea' id='block_1_61' title="bbox 96 2835 883 2878">
    <p class='ocr_par' dir='ltr' id='par_1_61' title="bbox 96 2835 883 2878">
     <span class='ocr_line' id='line_1_62' title="bbox 96 2835 883 2878; baseline 0.011 -17"><span class='ocrx_word' id='word_1_447' title='bbox 96 2835 196 2870; x_wconf 71' lang='grc' dir='ltr'>καιρὸν</span> <span class='ocrx_word' id='word_1_448' title='bbox 207 2836 236 2862; x_wconf 81' lang='grc' dir='ltr'>δέ</span> <span class='ocrx_word' id='word_1_449' title='bbox 248 2845 255 2851; x_wconf 93' lang='grc'><strong>·</strong></span> <span class='ocrx_word' id='word_1_450' title='bbox 269 2835 327 2864; x_wconf 85' lang='grc' dir='ltr'>οἷον</span> <span class='ocrx_word' id='word_1_451' title='bbox 342 2837 390 2865; x_wconf 80' lang='grc' dir='ltr'><strong>τοῦ</strong></span> <span class='ocrx_word' id='word_1_452' title='bbox 411 2839 574 2867; x_wconf 80' lang='grc' dir='ltr'>Ἀποστόλου</span> <span class='ocrx_word' id='word_1_453' title='bbox 592 2841 638 2867; x_wconf 76' lang='grc' dir='ltr'><strong>ἐπὶ</strong></span> <span class='ocrx_word' id='word_1_454' title='bbox 653 2841 700 2876; x_wconf 85' lang='grc' dir='ltr'>τῆς</span> <span class='ocrx_word' id='word_1_455' title='bbox 715 2843 866 2878; x_wconf 80' lang='grc' dir='ltr'>περιτομῆς</span> <span class='ocrx_word' id='word_1_456' title='bbox 876 2852 883 2858; x_wconf 93' lang='grc'><strong>·</strong></span> 
     </span>
    </p>
   </div>
   <div class='ocr_carea' id='block_1_62' title="bbox 970 290 1762 331">
    <p class='ocr_par' dir='ltr' id='par_1_62' title="bbox 970 290 1762 331">
     <span class='ocr_line' id='line_1_63' title="bbox 970 290 1762 331; baseline 0.018 -16"><span class='ocrx_word' id='word_1_457' title='bbox 970 290 1175 323; x_wconf 70' lang='lat' dir='ltr'><strong>perturbatione</strong></span> <span class='ocrx_word' id='word_1_458' title='bbox 1204 301 1370 322; x_wconf 79' lang='lat' dir='ltr'><strong>vacuuszex</strong></span> <span class='ocrx_word' id='word_1_459' title='bbox 1395 303 1451 331; x_wconf 90' lang='lat' dir='ltr'><strong>quo</strong></span> <span class='ocrx_word' id='word_1_460' title='bbox 1476 302 1503 324; x_wconf 88' lang='lat' dir='ltr'><strong>et</strong></span> <span class='ocrx_word' id='word_1_461' title='bbox 1521 298 1564 325; x_wconf 85' lang='lat' dir='ltr'><strong>illa</strong></span> <span class='ocrx_word' id='word_1_462' title='bbox 1581 299 1669 328; x_wconf 80' lang='lat' dir='ltr'><strong>facilis</strong></span> <span class='ocrx_word' id='word_1_463' title='bbox 1685 309 1762 329; x_wconf 76' lang='lat' dir='ltr'><strong>com-</strong></span> 
     </span>
    </p>
   </div>
   <div class='ocr_carea' id='block_1_63' title="bbox 968 337 1759 383">
    <p class='ocr_par' dir='ltr' id='par_1_63' title="bbox 968 337 1759 383">
     <span class='ocr_line' id='line_1_64' title="bbox 968 337 1759 383; baseline 0.019 -21"><span class='ocrx_word' id='word_1_464' title='bbox 968 337 1091 370; x_wconf 84' lang='lat' dir='ltr'><strong>punetio,</strong></span> <span class='ocrx_word' id='word_1_465' title='bbox 1102 339 1195 366; x_wconf 92' lang='lat' dir='ltr'><strong>mundi</strong></span> <span class='ocrx_word' id='word_1_466' title='bbox 1211 340 1314 374; x_wconf 91' lang='lat' dir='ltr'><strong>odium,</strong></span> <span class='ocrx_word' id='word_1_467' title='bbox 1330 346 1358 369; x_wconf 89' lang='lat' dir='ltr'><strong>et</strong></span> <span class='ocrx_word' id='word_1_468' title='bbox 1374 350 1452 370; x_wconf 90' lang='lat' dir='ltr'><strong>amor</strong></span> <span class='ocrx_word' id='word_1_469' title='bbox 1470 344 1528 377; x_wconf 85' lang='lat' dir='ltr'><strong>Dei,</strong></span> <span class='ocrx_word' id='word_1_470' title='bbox 1541 350 1568 373; x_wconf 85' lang='lat' dir='ltr'><strong>et</strong></span> <span class='ocrx_word' id='word_1_471' title='bbox 1582 347 1608 374; x_wconf 92' lang='lat' dir='ltr'><strong>in</strong></span> <span class='ocrx_word' id='word_1_472' title='bbox 1619 347 1759 383; x_wconf 82' lang='lat' dir='ltr'><strong>loquendo</strong></span> 
     </span>
    </p>
   </div>
   <div class='ocr_carea' id='block_1_64' title="bbox 967 382 1759 422">
    <p class='ocr_par' dir='ltr' id='par_1_64' title="bbox 967 382 1759 422">
     <span class='ocr_line' id='line_1_65' title="bbox 967 382 1759 422; baseline 0.019 -15"><span class='ocrx_word' id='word_1_473' title='bbox 967 382 1134 415; x_wconf 86' lang='lat' dir='ltr'><strong>parcimonia</strong></span> <span class='ocrx_word' id='word_1_474' title='bbox 1151 389 1180 412; x_wconf 89' lang='lat' dir='ltr'><strong>et</strong></span> <span class='ocrx_word' id='word_1_475' title='bbox 1193 387 1366 415; x_wconf 84' lang='lat' dir='ltr'><strong>verecundia.</strong></span> <span class='ocrx_word' id='word_1_476' title='bbox 1382 388 1431 416; x_wconf 92' lang='lat' dir='ltr'><strong>Dic</strong></span> <span class='ocrx_word' id='word_1_477' title='bbox 1444 394 1473 417; x_wconf 87' lang='lat' dir='ltr'><strong>tu</strong></span> <span class='ocrx_word' id='word_1_478' title='bbox 1487 410 1494 422; x_wconf 90' lang='lat'><strong>,</strong></span> <span class='ocrx_word' id='word_1_479' title='bbox 1510 391 1580 419; x_wconf 92' lang='lat' dir='ltr'><strong>sicut</strong></span> <span class='ocrx_word' id='word_1_480' title='bbox 1600 382 1681 420; x_wconf 80' lang='lat' dir='ltr'><strong>etiam</strong></span> <span class='ocrx_word' id='word_1_481' title='bbox 1695 399 1759 422; x_wconf 89' lang='lat' dir='ltr'><strong>ante</strong></span> 
     </span>
    </p>
   </div>
   <div class='ocr_carea' id='block_1_65' title="bbox 966 425 1755 473">
    <p class='ocr_par' dir='ltr' id='par_1_65' title="bbox 966 425 1755 473">
     <span class='ocr_line' id='line_1_66' title="bbox 966 425 1755 473; baseline 0.02 -21"><span class='ocrx_word' id='word_1_482' title='bbox 966 425 1069 459; x_wconf 75' lang='lat' dir='ltr'><strong>dixisti,</strong></span> <span class='ocrx_word' id='word_1_483' title='bbox 1088 428 1220 465; x_wconf 88' lang='lat' dir='ltr'><strong>lacrymas</strong></span> <span class='ocrx_word' id='word_1_484' title='bbox 1236 432 1394 468; x_wconf 71' lang='lat' dir='ltr'><strong>frequentes</strong></span> <span class='ocrx_word' id='word_1_485' title='bbox 1407 435 1468 467; x_wconf 83' lang='lat' dir='ltr'><strong>viri,</strong></span> <span class='ocrx_word' id='word_1_486' title='bbox 1481 440 1508 464; x_wconf 86' lang='lat' dir='ltr'><strong>et</strong></span> <span class='ocrx_word' id='word_1_487' title='bbox 1519 444 1638 465; x_wconf 89' lang='lat' dir='ltr'><strong>amorem</strong></span> <span class='ocrx_word' id='word_1_488' title='bbox 1654 439 1755 473; x_wconf 86' lang='lat' dir='ltr'><strong>Patris,</strong></span> 
     </span>
    </p>
   </div>
   <div class='ocr_carea' id='block_1_66' title="bbox 965 475 1755 518">
    <p class='ocr_par' dir='ltr' id='par_1_66' title="bbox 965 475 1755 518">
     <span class='ocr_line' id='line_1_67' title="bbox 965 475 1755 518; baseline 0.018 -20"><span class='ocrx_word' id='word_1_489' title='bbox 965 476 993 499; x_wconf 85' lang='lat' dir='ltr'><strong>et</strong></span> <span class='ocrx_word' id='word_1_490' title='bbox 1012 475 1143 507; x_wconf 85' lang='lat' dir='ltr'><strong>sequendi</strong></span> <span class='ocrx_word' id='word_1_491' title='bbox 1159 476 1295 508; x_wconf 84' lang='lat' dir='ltr'><strong>ardorem.</strong></span> <span class='ocrx_word' id='word_1_492' title='bbox 1313 482 1340 506; x_wconf 87' lang='lat' dir='ltr'><strong>et</strong></span> <span class='ocrx_word' id='word_1_493' title='bbox 1352 479 1380 506; x_wconf 94' lang='lat' dir='ltr'><strong>in</strong></span> <span class='ocrx_word' id='word_1_494' title='bbox 1403 480 1532 514; x_wconf 84' lang='lat' dir='ltr'><strong>periculis</strong></span> <span class='ocrx_word' id='word_1_495' title='bbox 1554 481 1755 518; x_wconf 73' lang='lat' dir='ltr'><strong>fortitudinem,</strong></span> 
     </span>
    </p>
   </div>
   <div class='ocr_carea' id='block_1_67' title="bbox 964 519 1755 562">
    <p class='ocr_par' dir='ltr' id='par_1_67' title="bbox 964 519 1755 562">
     <span class='ocr_line' id='line_1_68' title="bbox 964 519 1755 562; baseline 0.018 -19"><span class='ocrx_word' id='word_1_496' title='bbox 964 521 992 544; x_wconf 89' lang='lat' dir='ltr'><strong>et</strong></span> <span class='ocrx_word' id='word_1_497' title='bbox 1005 519 1072 545; x_wconf 90' lang='lat' dir='ltr'><strong>recti</strong></span> <span class='ocrx_word' id='word_1_498' title='bbox 1086 520 1206 548; x_wconf 88' lang='lat' dir='ltr'><strong>studium</strong></span> <span class='ocrx_word' id='word_1_499' title='bbox 1221 531 1228 554; x_wconf 90' lang='lat'><strong>;</strong></span> <span class='ocrx_word' id='word_1_500' title='bbox 1242 523 1368 558; x_wconf 83' lang='lat' dir='ltr'><strong>quodque</strong></span> <span class='ocrx_word' id='word_1_501' title='bbox 1388 525 1546 554; x_wconf 84' lang='lat' dir='ltr'><strong>nullatenus</strong></span> <span class='ocrx_word' id='word_1_502' title='bbox 1559 528 1691 562; x_wconf 88' lang='lat' dir='ltr'><strong>querulus</strong></span> <span class='ocrx_word' id='word_1_503' title='bbox 1707 537 1755 557; x_wconf 88' lang='lat' dir='ltr'><strong>es-</strong></span> 
     </span>
    </p>
   </div>
   <div class='ocr_carea' id='block_1_68' title="bbox 963 565 1755 609">
    <p class='ocr_par' dir='ltr' id='par_1_68' title="bbox 963 565 1755 609">
     <span class='ocr_line' id='line_1_69' title="bbox 963 565 1755 609; baseline 0.018 -20"><span class='ocrx_word' id='word_1_504' title='bbox 963 567 1015 595; x_wconf 84' lang='lat' dir='ltr'><strong>set,</strong></span> <span class='ocrx_word' id='word_1_505' title='bbox 1032 568 1059 591; x_wconf 89' lang='lat' dir='ltr'><strong>et</strong></span> <span class='ocrx_word' id='word_1_506' title='bbox 1074 565 1145 599; x_wconf 92' lang='lat' dir='ltr'><strong>quod</strong></span> <span class='ocrx_word' id='word_1_507' title='bbox 1167 566 1290 596; x_wconf 85' lang='lat' dir='ltr'><strong>ﬂorentis</strong></span> <span class='ocrx_word' id='word_1_508' title='bbox 1313 570 1411 598; x_wconf 64' lang='lat' dir='ltr'><strong>animm</strong></span> <span class='ocrx_word' id='word_1_509' title='bbox 1428 571 1513 606; x_wconf 85' lang='lat' dir='ltr'><strong>ipsius</strong></span> <span class='ocrx_word' id='word_1_510' title='bbox 1542 573 1658 602; x_wconf 85' lang='lat' dir='ltr'><strong>virtutes</strong></span> <span class='ocrx_word' id='word_1_511' title='bbox 1676 576 1755 609; x_wconf 88' lang='lat' dir='ltr'><strong>quasi</strong></span> 
     </span>
    </p>
   </div>
   <div class='ocr_carea' id='block_1_69' title="bbox 962 608 1755 647">
    <p class='ocr_par' dir='ltr' id='par_1_69' title="bbox 962 608 1755 647">
     <span class='ocr_line' id='line_1_70' title="bbox 962 608 1755 647; baseline 0.016 -12"><span class='ocrx_word' id='word_1_512' title='bbox 962 608 1082 637; x_wconf 88' lang='lat' dir='ltr'><strong>virerent</strong></span> <span class='ocrx_word' id='word_1_513' title='bbox 1101 616 1244 646; x_wconf 90' lang='lat' dir='ltr'><strong>perpetuo.</strong></span> <span class='ocrx_word' id='word_1_514' title='bbox 1260 613 1343 642; x_wconf 82' lang='lat' dir='ltr'><strong>Recte</strong></span> <span class='ocrx_word' id='word_1_515' title='bbox 1358 623 1387 642; x_wconf 90' lang='lat' dir='ltr'><strong>se</strong></span> <span class='ocrx_word' id='word_1_516' title='bbox 1399 615 1481 644; x_wconf 80' lang='lat' dir='ltr'><strong>habet</strong></span> <span class='ocrx_word' id='word_1_517' title='bbox 1495 621 1522 644; x_wconf 88' lang='lat' dir='ltr'><strong>et</strong></span> <span class='ocrx_word' id='word_1_518' title='bbox 1534 623 1664 646; x_wconf 84' lang='lat' dir='ltr'><strong>constans</strong></span> <span class='ocrx_word' id='word_1_519' title='bbox 1675 608 1755 647; x_wconf 76' lang='lat' dir='ltr'><strong>Caia-</strong></span> 
     </span>
    </p>
   </div>
   <div class='ocr_carea' id='block_1_70' title="bbox 961 655 1752 699">
    <p class='ocr_par' dir='ltr' id='par_1_70' title="bbox 961 655 1752 699">
     <span class='ocr_line' id='line_1_71' title="bbox 961 655 1752 699; baseline 0.015 -19"><span class='ocrx_word' id='word_1_520' title='bbox 961 661 1014 681; x_wconf 91' lang='lat' dir='ltr'><strong>nus</strong></span> <span class='ocrx_word' id='word_1_521' title='bbox 1027 674 1035 685; x_wconf 87' lang='lat'><strong>,</strong></span> <span class='ocrx_word' id='word_1_522' title='bbox 1052 655 1100 689; x_wconf 92' lang='lat' dir='ltr'><strong>qui</strong></span> <span class='ocrx_word' id='word_1_523' title='bbox 1119 656 1211 684; x_wconf 84' lang='lat' dir='ltr'><strong>omnia</strong></span> <span class='ocrx_word' id='word_1_524' title='bbox 1225 665 1296 692; x_wconf 90' lang='lat' dir='ltr'><strong>pene</strong></span> <span class='ocrx_word' id='word_1_525' title='bbox 1315 659 1373 687; x_wconf 89' lang='lat' dir='ltr'><strong>loca</strong></span> <span class='ocrx_word' id='word_1_526' title='bbox 1394 663 1548 695; x_wconf 83' lang='lat' dir='ltr'><strong>percurrit,</strong></span> <span class='ocrx_word' id='word_1_527' title='bbox 1565 663 1611 690; x_wconf 89' lang='lat' dir='ltr'><strong>ubi</strong></span> <span class='ocrx_word' id='word_1_528' title='bbox 1635 664 1752 699; x_wconf 83' lang='lat' dir='ltr'><strong>dispersi</strong></span> 
     </span>
    </p>
   </div>
   <div class='ocr_carea' id='block_1_71' title="bbox 961 699 1751 741">
    <p class='ocr_par' dir='ltr' id='par_1_71' title="bbox 961 699 1751 741">
     <span class='ocr_line' id='line_1_72' title="bbox 961 699 1751 741; baseline 0.015 -16"><span class='ocrx_word' id='word_1_529' title='bbox 961 704 1025 726; x_wconf 88' lang='lat' dir='ltr'><strong>sunt</strong></span> <span class='ocrx_word' id='word_1_530' title='bbox 1048 699 1157 729; x_wconf 81' lang='lat' dir='ltr'><strong>fratres.</strong></span> <span class='ocrx_word' id='word_1_531' title='bbox 1174 701 1208 729; x_wconf 88' lang='lat' dir='ltr'><strong>Et</strong></span> <span class='ocrx_word' id='word_1_532' title='bbox 1220 704 1292 737; x_wconf 89' lang='lat' dir='ltr'><strong>quod</strong></span> <span class='ocrx_word' id='word_1_533' title='bbox 1304 705 1413 739; x_wconf 89' lang='lat' dir='ltr'><strong>valent,</strong></span> <span class='ocrx_word' id='word_1_534' title='bbox 1433 706 1518 741; x_wconf 76' lang='lat' dir='ltr'><strong>gratia</strong></span> <span class='ocrx_word' id='word_1_535' title='bbox 1537 707 1653 736; x_wconf 87' lang='lat' dir='ltr'><strong>Domino</strong></span> <span class='ocrx_word' id='word_1_536' title='bbox 1673 709 1751 737; x_wconf 89' lang='lat' dir='ltr'><strong>Deo:</strong></span> 
     </span>
    </p>
   </div>
   <div class='ocr_carea' id='block_1_72' title="bbox 959 745 1750 789">
    <p class='ocr_par' dir='ltr' id='par_1_72' title="bbox 959 745 1750 789">
     <span class='ocr_line' id='line_1_73' title="bbox 959 745 1750 789; baseline 0.016 -19"><span class='ocrx_word' id='word_1_537' title='bbox 959 745 1030 778; x_wconf 89' lang='lat' dir='ltr'><strong>quod</strong></span> <span class='ocrx_word' id='word_1_538' title='bbox 1046 745 1072 772; x_wconf 94' lang='lat' dir='ltr'><strong>in</strong></span> <span class='ocrx_word' id='word_1_539' title='bbox 1089 746 1311 777; x_wconf 89' lang='lat' dir='ltr'><strong>tribulationibus</strong></span> <span class='ocrx_word' id='word_1_540' title='bbox 1324 758 1379 778; x_wconf 88' lang='lat' dir='ltr'><strong>non</strong></span> <span class='ocrx_word' id='word_1_541' title='bbox 1394 752 1505 784; x_wconf 84' lang='lat' dir='ltr'><strong>cadunt.</strong></span> <span class='ocrx_word' id='word_1_542' title='bbox 1518 753 1566 781; x_wconf 89' lang='lat' dir='ltr'><strong>sed</strong></span> <span class='ocrx_word' id='word_1_543' title='bbox 1581 755 1673 789; x_wconf 88' lang='lat' dir='ltr'><strong>potius</strong></span> <span class='ocrx_word' id='word_1_544' title='bbox 1688 764 1750 783; x_wconf 61' lang='lat' dir='ltr'><strong>core</strong></span> 
     </span>
    </p>
   </div>
   <div class='ocr_carea' id='block_1_73' title="bbox 959 791 1750 833">
    <p class='ocr_par' dir='ltr' id='par_1_73' title="bbox 959 791 1750 833">
     <span class='ocr_line' id='line_1_74' title="bbox 959 791 1750 833; baseline 0.016 -16"><span class='ocrx_word' id='word_1_545' title='bbox 959 791 1122 820; x_wconf 82' lang='lat' dir='ltr'><strong>roborantur</strong></span> <span class='ocrx_word' id='word_1_546' title='bbox 1139 802 1146 826; x_wconf 91' lang='lat'>;</span> <span class='ocrx_word' id='word_1_547' title='bbox 1165 795 1249 829; x_wconf 78' lang='lat' dir='ltr'><strong>gloria</strong></span> <span class='ocrx_word' id='word_1_548' title='bbox 1262 796 1304 828; x_wconf 81' lang='lat' dir='ltr'><strong>ei,</strong></span> <span class='ocrx_word' id='word_1_549' title='bbox 1321 797 1366 832; x_wconf 88' lang='lat' dir='ltr'><strong>qui</strong></span> <span class='ocrx_word' id='word_1_550' title='bbox 1389 806 1437 826; x_wconf 91' lang='lat' dir='ltr'><strong>eos</strong></span> <span class='ocrx_word' id='word_1_551' title='bbox 1456 799 1602 833; x_wconf 84' lang='lat' dir='ltr'><strong>confortat,</strong></span> <span class='ocrx_word' id='word_1_552' title='bbox 1629 801 1750 830; x_wconf 87' lang='lat' dir='ltr'><strong>Christo.</strong></span> 
     </span>
    </p>
   </div>
   <div class='ocr_carea' id='block_1_74' title="bbox 957 836 1749 881">
    <p class='ocr_par' dir='ltr' id='par_1_74' title="bbox 957 836 1749 881">
     <span class='ocr_line' id='line_1_75' title="bbox 957 836 1749 881; baseline 0.016 -18"><span class='ocrx_word' id='word_1_553' title='bbox 957 836 1035 870; x_wconf 87' lang='lat' dir='ltr'><strong>Quod</strong></span> <span class='ocrx_word' id='word_1_554' title='bbox 1064 839 1246 873; x_wconf 84' lang='lat' dir='ltr'><strong>expelluntur,</strong></span> <span class='ocrx_word' id='word_1_555' title='bbox 1263 842 1299 869; x_wconf 84' lang='lat' dir='ltr'><strong>ita</strong></span> <span class='ocrx_word' id='word_1_556' title='bbox 1323 847 1352 870; x_wconf 88' lang='lat' dir='ltr'><strong>ut</strong></span> <span class='ocrx_word' id='word_1_557' title='bbox 1376 847 1448 871; x_wconf 88' lang='lat' dir='ltr'><strong>tecto</strong></span> <span class='ocrx_word' id='word_1_558' title='bbox 1471 853 1525 872; x_wconf 94' lang='lat' dir='ltr'><strong>non</strong></span> <span class='ocrx_word' id='word_1_559' title='bbox 1551 846 1749 881; x_wconf 77' lang='lat' dir='ltr'><strong>excipiantura</strong></span> 
     </span>
    </p>
   </div>
   <div class='ocr_carea' id='block_1_75' title="bbox 957 883 1747 927">
    <p class='ocr_par' dir='ltr' id='par_1_75' title="bbox 957 883 1747 927">
     <span class='ocr_line' id='line_1_76' title="bbox 957 883 1747 927; baseline 0.015 -17"><span class='ocrx_word' id='word_1_560' title='bbox 957 883 1121 918; x_wconf 85' lang='lat' dir='ltr'><strong>quibusdam</strong></span> <span class='ocrx_word' id='word_1_561' title='bbox 1148 887 1290 914; x_wconf 87' lang='lat' dir='ltr'><strong>monachis</strong></span> <span class='ocrx_word' id='word_1_562' title='bbox 1304 908 1312 921; x_wconf 94' lang='lat'><strong>,</strong></span> <span class='ocrx_word' id='word_1_563' title='bbox 1328 889 1446 916; x_wconf 86' lang='lat' dir='ltr'><strong>maxime</strong></span> <span class='ocrx_word' id='word_1_564' title='bbox 1464 890 1499 917; x_wconf 90' lang='lat' dir='ltr'><strong>ab</strong></span> <span class='ocrx_word' id='word_1_565' title='bbox 1514 890 1559 925; x_wconf 90' lang='lat' dir='ltr'><strong>iis,</strong></span> <span class='ocrx_word' id='word_1_566' title='bbox 1576 892 1621 927; x_wconf 90' lang='lat' dir='ltr'><strong>qui</strong></span> <span class='ocrx_word' id='word_1_567' title='bbox 1638 893 1666 920; x_wconf 92' lang='lat' dir='ltr'><strong>in</strong></span> <span class='ocrx_word' id='word_1_568' title='bbox 1693 894 1747 922; x_wconf 92' lang='lat' dir='ltr'><strong>hoc</strong></span> 
     </span>
    </p>
   </div>
   <div class='ocr_carea' id='block_1_76' title="bbox 958 932 1747 973">
    <p class='ocr_par' dir='ltr' id='par_1_76' title="bbox 958 932 1747 973">
     <span class='ocr_line' id='line_1_77' title="bbox 958 932 1747 973; baseline 0.014 -18"><span class='ocrx_word' id='word_1_569' title='bbox 958 936 1054 957; x_wconf 85' lang='lat' dir='ltr'><strong>omnes</strong></span> <span class='ocrx_word' id='word_1_570' title='bbox 1085 938 1138 958; x_wconf 88' lang='lat' dir='ltr'><strong>una</strong></span> <span class='ocrx_word' id='word_1_571' title='bbox 1167 932 1360 966; x_wconf 89' lang='lat' dir='ltr'><strong>conspirarunt</strong></span> <span class='ocrx_word' id='word_1_572' title='bbox 1376 942 1383 966; x_wconf 89' lang='lat'>;</span> <span class='ocrx_word' id='word_1_573' title='bbox 1397 941 1432 961; x_wconf 88' lang='lat' dir='ltr'><strong>ne</strong></span> <span class='ocrx_word' id='word_1_574' title='bbox 1447 935 1566 966; x_wconf 88' lang='lat' dir='ltr'><strong>mireris.</strong></span> <span class='ocrx_word' id='word_1_575' title='bbox 1608 937 1747 973; x_wconf 83' lang='lat' dir='ltr'><strong>Scriptum</strong></span> 
     </span>
    </p>
   </div>
   <div class='ocr_carea' id='block_1_77' title="bbox 957 975 1745 1018">
    <p class='ocr_par' dir='ltr' id='par_1_77' title="bbox 957 975 1745 1018">
     <span class='ocr_line' id='line_1_78' title="bbox 957 975 1745 1018; baseline 0.013 -17"><span class='ocrx_word' id='word_1_576' title='bbox 957 979 1014 1002; x_wconf 86' lang='lat' dir='ltr'><strong>est:</strong></span> <span class='ocrx_word' id='word_1_577' title='bbox 1027 975 1060 1002; x_wconf 84' lang='lat' dir='ltr'><strong>El</strong></span> <span class='ocrx_word' id='word_1_578' title='bbox 1071 976 1172 1003; x_wconf 81' lang='lat' dir='ltr'><strong>inimici</strong></span> <span class='ocrx_word' id='word_1_579' title='bbox 1179 977 1290 1005; x_wconf 77' lang='lat' dir='ltr'><strong>hominis</strong></span> <span class='ocrx_word' id='word_1_580' title='bbox 1301 979 1435 1007; x_wconf 72' lang='lat' dir='ltr'><strong>domestici</strong></span> <span class='ocrx_word' id='word_1_581' title='bbox 1447 981 1504 1015; x_wconf 76' lang='lat' dir='ltr'><strong>ejus</strong></span> <span class='ocrx_word' id='word_1_582' title='bbox 1513 981 1545 1008; x_wconf 80' lang='lat'><strong>&quot;‘.</strong></span> <span class='ocrx_word' id='word_1_583' title='bbox 1554 982 1648 1010; x_wconf 83' lang='lat' dir='ltr'><strong>Nonne</strong></span> <span class='ocrx_word' id='word_1_584' title='bbox 1657 983 1745 1018; x_wconf 87' lang='lat' dir='ltr'><strong>ipsum</strong></span> 
     </span>
    </p>
   </div>
   <div class='ocr_carea' id='block_1_78' title="bbox 954 1019 1746 1061">
    <p class='ocr_par' dir='ltr' id='par_1_78' title="bbox 954 1019 1746 1061">
     <span class='ocr_line' id='line_1_79' title="bbox 954 1019 1746 1061; baseline 0.013 -15"><span class='ocrx_word' id='word_1_585' title='bbox 954 1019 1000 1054; x_wconf 91' lang='lat' dir='ltr'><strong>qui</strong></span> <span class='ocrx_word' id='word_1_586' title='bbox 1013 1020 1063 1047; x_wconf 89' lang='lat' dir='ltr'><strong>hoc</strong></span> <span class='ocrx_word' id='word_1_587' title='bbox 1077 1020 1155 1054; x_wconf 78' lang='lat' dir='ltr'><strong>dixit,</strong></span> <span class='ocrx_word' id='word_1_588' title='bbox 1170 1021 1309 1050; x_wconf 84' lang='lat' dir='ltr'><strong>Christum</strong></span> <span class='ocrx_word' id='word_1_589' title='bbox 1321 1023 1405 1051; x_wconf 85' lang='lat' dir='ltr'><strong>Deum</strong></span> <span class='ocrx_word' id='word_1_590' title='bbox 1434 1029 1558 1053; x_wconf 92' lang='lat' dir='ltr'><strong>nostrum</strong></span> <span class='ocrx_word' id='word_1_591' title='bbox 1579 1028 1746 1061; x_wconf 80' lang='lat' dir='ltr'><strong>expulerunt</strong></span> 
     </span>
    </p>
   </div>
   <div class='ocr_carea' id='block_1_79' title="bbox 955 1064 1744 1102">
    <p class='ocr_par' dir='ltr' id='par_1_79' title="bbox 955 1064 1744 1102">
     <span class='ocr_line' id='line_1_80' title="bbox 955 1064 1744 1102; baseline 0.011 -11"><span class='ocrx_word' id='word_1_592' title='bbox 955 1064 1081 1092; x_wconf 88' lang='lat' dir='ltr'><strong>homines</strong></span> <span class='ocrx_word' id='word_1_593' title='bbox 1112 1066 1338 1102; x_wconf 71' lang='lat' dir='ltr'><strong>miseriiltaque</strong></span> <span class='ocrx_word' id='word_1_594' title='bbox 1374 1069 1487 1097; x_wconf 88' lang='lat' dir='ltr'><strong>tonitrui</strong></span> <span class='ocrx_word' id='word_1_595' title='bbox 1514 1070 1584 1098; x_wconf 86' lang='lat' dir='ltr'><strong>ﬁlius</strong></span> <span class='ocrx_word' id='word_1_596' title='bbox 1609 1072 1648 1100; x_wconf 85' lang='lat' dir='ltr'><strong>ait</strong></span> <span class='ocrx_word' id='word_1_597' title='bbox 1669 1081 1676 1100; x_wconf 90' lang='lat'>:</span> <span class='ocrx_word' id='word_1_598' title='bbox 1709 1072 1744 1100; x_wconf 82' lang='lat' dir='ltr'><strong>In</strong></span> 
     </span>
    </p>
   </div>
   <div class='ocr_carea' id='block_1_80' title="bbox 953 1111 1603 1150">
    <p class='ocr_par' dir='ltr' id='par_1_80' title="bbox 953 1111 1603 1150">
     <span class='ocr_line' id='line_1_81' title="bbox 953 1111 1603 1150; baseline 0.011 -14"><span class='ocrx_word' id='word_1_599' title='bbox 953 1111 1059 1145; x_wconf 80' lang='lat' dir='ltr'><strong>propria</strong></span> <span class='ocrx_word' id='word_1_600' title='bbox 1070 1112 1151 1143; x_wconf 79' lang='lat' dir='ltr'><strong>venit,</strong></span> <span class='ocrx_word' id='word_1_601' title='bbox 1166 1117 1191 1139; x_wconf 82' lang='lat' dir='ltr'><strong>et</strong></span> <span class='ocrx_word' id='word_1_602' title='bbox 1207 1113 1249 1139; x_wconf 78' lang='lat' dir='ltr'><strong>sui</strong></span> <span class='ocrx_word' id='word_1_603' title='bbox 1260 1122 1320 1140; x_wconf 82' lang='lat' dir='ltr'><strong>eum</strong></span> <span class='ocrx_word' id='word_1_604' title='bbox 1337 1122 1388 1141; x_wconf 84' lang='lat' dir='ltr'><strong>nou</strong></span> <span class='ocrx_word' id='word_1_605' title='bbox 1400 1121 1553 1150; x_wconf 80' lang='lat' dir='ltr'><strong>receperunt</strong></span> <span class='ocrx_word' id='word_1_606' title='bbox 1569 1117 1603 1143; x_wconf 85' lang='lat'><strong>&quot;.</strong></span> 
     </span>
    </p>
   </div>
   <div class='ocr_carea' id='block_1_81' title="bbox 989 1156 1743 1197">
    <p class='ocr_par' dir='ltr' id='par_1_81' title="bbox 989 1156 1743 1197">
     <span class='ocr_line' id='line_1_82' title="bbox 989 1156 1743 1197; baseline 0.011 -15"><span class='ocrx_word' id='word_1_607' title='bbox 989 1156 1132 1188; x_wconf 83' lang='lat' dir='ltr'><strong>Quodnam</strong></span> <span class='ocrx_word' id='word_1_608' title='bbox 1153 1157 1235 1193; x_wconf 78' lang='lat' dir='ltr'><strong>igitur</strong></span> <span class='ocrx_word' id='word_1_609' title='bbox 1257 1158 1404 1187; x_wconf 86' lang='lat' dir='ltr'><strong>discrimen</strong></span> <span class='ocrx_word' id='word_1_610' title='bbox 1428 1165 1480 1194; x_wconf 87' lang='lat' dir='ltr'><strong>est,</strong></span> <span class='ocrx_word' id='word_1_611' title='bbox 1506 1161 1527 1188; x_wconf 91' lang='lat' dir='ltr'><strong>si</strong></span> <span class='ocrx_word' id='word_1_612' title='bbox 1559 1161 1610 1196; x_wconf 88' lang='lat' dir='ltr'><strong>ipsi</strong></span> <span class='ocrx_word' id='word_1_613' title='bbox 1633 1162 1743 1197; x_wconf 89' lang='lat' dir='ltr'><strong>quidem</strong></span> 
     </span>
    </p>
   </div>
   <div class='ocr_carea' id='block_1_82' title="bbox 953 1200 1741 1242">
    <p class='ocr_par' dir='ltr' id='par_1_82' title="bbox 953 1200 1741 1242">
     <span class='ocr_line' id='line_1_83' title="bbox 953 1200 1741 1242; baseline 0.01 -15"><span class='ocrx_word' id='word_1_614' title='bbox 953 1200 1090 1229; x_wconf 85' lang='lat' dir='ltr'><strong>Christum</strong></span> <span class='ocrx_word' id='word_1_615' title='bbox 1113 1210 1169 1229; x_wconf 88' lang='lat' dir='ltr'><strong>non</strong></span> <span class='ocrx_word' id='word_1_616' title='bbox 1193 1210 1376 1239; x_wconf 86' lang='lat' dir='ltr'><strong>susceperunt</strong></span> <span class='ocrx_word' id='word_1_617' title='bbox 1395 1204 1602 1241; x_wconf 81' lang='lat' dir='ltr'><strong>Bedemptorem</strong></span> <span class='ocrx_word' id='word_1_618' title='bbox 1620 1208 1715 1235; x_wconf 91' lang='lat' dir='ltr'><strong>mundi</strong></span> <span class='ocrx_word' id='word_1_619' title='bbox 1734 1217 1741 1242; x_wconf 91' lang='lat'>;</span> 
     </span>
    </p>
   </div>
   <div class='ocr_carea' id='block_1_83' title="bbox 952 1245 1742 1287">
    <p class='ocr_par' dir='ltr' id='par_1_83' title="bbox 952 1245 1742 1287">
     <span class='ocr_line' id='line_1_84' title="bbox 952 1245 1742 1287; baseline 0.011 -15"><span class='ocrx_word' id='word_1_620' title='bbox 952 1245 990 1273; x_wconf 92' lang='lat' dir='ltr'><strong>illi</strong></span> <span class='ocrx_word' id='word_1_621' title='bbox 1006 1255 1070 1274; x_wconf 87' lang='lat' dir='ltr'><strong>vero</strong></span> <span class='ocrx_word' id='word_1_622' title='bbox 1084 1256 1132 1275; x_wconf 84' lang='lat' dir='ltr'><strong>eos</strong></span> <span class='ocrx_word' id='word_1_623' title='bbox 1147 1248 1194 1283; x_wconf 93' lang='lat' dir='ltr'><strong>qui</strong></span> <span class='ocrx_word' id='word_1_624' title='bbox 1216 1253 1329 1284; x_wconf 85' lang='lat' dir='ltr'><strong>propter</strong></span> <span class='ocrx_word' id='word_1_625' title='bbox 1343 1250 1483 1278; x_wconf 85' lang='lat' dir='ltr'><strong>Christum</strong></span> <span class='ocrx_word' id='word_1_626' title='bbox 1507 1256 1535 1279; x_wconf 90' lang='lat' dir='ltr'><strong>et</strong></span> <span class='ocrx_word' id='word_1_627' title='bbox 1551 1252 1636 1287; x_wconf 88' lang='lat' dir='ltr'><strong>ipsius</strong></span> <span class='ocrx_word' id='word_1_628' title='bbox 1655 1253 1742 1281; x_wconf 82' lang='lat' dir='ltr'><strong>Evan-</strong></span> 
     </span>
    </p>
   </div>
   <div class='ocr_carea' id='block_1_84' title="bbox 951 1292 1741 1335">
    <p class='ocr_par' dir='ltr' id='par_1_84' title="bbox 951 1292 1741 1335">
     <span class='ocr_line' id='line_1_85' title="bbox 951 1292 1741 1335; baseline 0.014 -18"><span class='ocrx_word' id='word_1_629' title='bbox 951 1292 1050 1328; x_wconf 80' lang='lat' dir='ltr'><strong>gelium</strong></span> <span class='ocrx_word' id='word_1_630' title='bbox 1065 1295 1271 1328; x_wconf 86' lang='lat' dir='ltr'><strong>persecutiones</strong></span> <span class='ocrx_word' id='word_1_631' title='bbox 1286 1300 1313 1323; x_wconf 91' lang='lat' dir='ltr'><strong>et</strong></span> <span class='ocrx_word' id='word_1_632' title='bbox 1322 1296 1429 1324; x_wconf 85' lang='lat' dir='ltr'><strong>vincula</strong></span> <span class='ocrx_word' id='word_1_633' title='bbox 1444 1298 1634 1327; x_wconf 88' lang='lat' dir='ltr'><strong>sustinuerunt</strong></span> <span class='ocrx_word' id='word_1_634' title='bbox 1648 1300 1660 1327; x_wconf 68' lang='grc' dir='ltr'><strong>’ἶ</strong></span> <span class='ocrx_word' id='word_1_635' title='bbox 1673 1299 1741 1335; x_wconf 64' lang='grc' dir='ltr'>μυι-</span> 
     </span>
    </p>
   </div>
   <div class='ocr_carea' id='block_1_85' title="bbox 951 1337 1740 1379">
    <p class='ocr_par' dir='ltr' id='par_1_85' title="bbox 951 1337 1740 1379">
     <span class='ocr_line' id='line_1_86' title="bbox 951 1337 1740 1379; baseline 0.011 -16"><span class='ocrx_word' id='word_1_636' title='bbox 951 1337 1018 1368; x_wconf 88' lang='lat' dir='ltr'><strong>lum,</strong></span> <span class='ocrx_word' id='word_1_637' title='bbox 1035 1338 1087 1365; x_wconf 89' lang='lat' dir='ltr'><strong>nisi</strong></span> <span class='ocrx_word' id='word_1_638' title='bbox 1108 1339 1276 1367; x_wconf 80' lang='lat' dir='ltr'><strong>cruciiixisse</strong></span> <span class='ocrx_word' id='word_1_639' title='bbox 1291 1344 1319 1367; x_wconf 87' lang='lat' dir='ltr'><strong>et</strong></span> <span class='ocrx_word' id='word_1_640' title='bbox 1333 1341 1475 1369; x_wconf 89' lang='lat' dir='ltr'><strong>occidisse.</strong></span> <span class='ocrx_word' id='word_1_641' title='bbox 1491 1343 1532 1370; x_wconf 87' lang='lat' dir='ltr'><strong>Ne</strong></span> <span class='ocrx_word' id='word_1_642' title='bbox 1554 1343 1606 1371; x_wconf 83' lang='lat' dir='ltr'><strong>illis</strong></span> <span class='ocrx_word' id='word_1_643' title='bbox 1621 1344 1740 1379; x_wconf 88' lang='lat' dir='ltr'><strong>impute-</strong></span> 
     </span>
    </p>
   </div>
   <div class='ocr_carea' id='block_1_86' title="bbox 950 1384 1742 1422">
    <p class='ocr_par' dir='ltr' id='par_1_86' title="bbox 950 1384 1742 1422">
     <span class='ocr_line' id='line_1_87' title="bbox 950 1384 1742 1422; baseline 0.011 -13"><span class='ocrx_word' id='word_1_644' title='bbox 950 1386 995 1410; x_wconf 87' lang='lat' dir='ltr'><strong>tur</strong></span> <span class='ocrx_word' id='word_1_645' title='bbox 1007 1384 1141 1419; x_wconf 78' lang='lat' dir='ltr'><strong>colligatio</strong></span> <span class='ocrx_word' id='word_1_646' title='bbox 1158 1385 1319 1420; x_wconf 83' lang='lat' dir='ltr'><strong>iniquitatis.</strong></span> <span class='ocrx_word' id='word_1_647' title='bbox 1344 1386 1407 1420; x_wconf 89' lang='lat' dir='ltr'><strong>Sed,</strong></span> <span class='ocrx_word' id='word_1_648' title='bbox 1427 1388 1498 1416; x_wconf 87' lang='lat' dir='ltr'><strong>sicut</strong></span> <span class='ocrx_word' id='word_1_649' title='bbox 1515 1389 1615 1422; x_wconf 80' lang='lat' dir='ltr'><strong>dixisti,</strong></span> <span class='ocrx_word' id='word_1_650' title='bbox 1630 1398 1686 1418; x_wconf 88' lang='lat' dir='ltr'><strong>non</strong></span> <span class='ocrx_word' id='word_1_651' title='bbox 1700 1390 1742 1418; x_wconf 71' lang='lat' dir='ltr'><strong>fe-</strong></span> 
     </span>
    </p>
   </div>
   <div class='ocr_carea' id='block_1_87' title="bbox 950 1429 1740 1470">
    <p class='ocr_par' dir='ltr' id='par_1_87' title="bbox 950 1429 1740 1470">
     <span class='ocr_line' id='line_1_88' title="bbox 950 1429 1740 1470; baseline 0.01 -16"><span class='ocrx_word' id='word_1_652' title='bbox 950 1432 1042 1455; x_wconf 89' lang='lat' dir='ltr'><strong>rentes</strong></span> <span class='ocrx_word' id='word_1_653' title='bbox 1063 1429 1233 1457; x_wconf 87' lang='lat' dir='ltr'><strong>subditorum</strong></span> <span class='ocrx_word' id='word_1_654' title='bbox 1258 1439 1370 1459; x_wconf 82' lang='lat' dir='ltr'><strong>suorum</strong></span> <span class='ocrx_word' id='word_1_655' title='bbox 1387 1432 1564 1466; x_wconf 72' lang='lat' dir='ltr'><strong>offensiones,</strong></span> <span class='ocrx_word' id='word_1_656' title='bbox 1586 1439 1614 1462; x_wconf 91' lang='lat' dir='ltr'><strong>et</strong></span> <span class='ocrx_word' id='word_1_657' title='bbox 1627 1439 1657 1462; x_wconf 89' lang='lat' dir='ltr'><strong>ut</strong></span> <span class='ocrx_word' id='word_1_658' title='bbox 1673 1435 1740 1470; x_wconf 87' lang='lat' dir='ltr'><strong>ipsis</strong></span> 
     </span>
    </p>
   </div>
   <div class='ocr_carea' id='block_1_88' title="bbox 948 1472 1739 1511">
    <p class='ocr_par' dir='ltr' id='par_1_88' title="bbox 948 1472 1739 1511">
     <span class='ocr_line' id='line_1_89' title="bbox 948 1472 1739 1511; baseline 0.01 -11"><span class='ocrx_word' id='word_1_659' title='bbox 948 1472 1039 1501; x_wconf 88' lang='lat' dir='ltr'><strong>lumen</strong></span> <span class='ocrx_word' id='word_1_660' title='bbox 1064 1475 1186 1503; x_wconf 78' lang='lat' dir='ltr'><strong>veritatis</strong></span> <span class='ocrx_word' id='word_1_661' title='bbox 1215 1483 1270 1503; x_wconf 92' lang='lat' dir='ltr'><strong>non</strong></span> <span class='ocrx_word' id='word_1_662' title='bbox 1294 1478 1468 1511; x_wconf 86' lang='lat' dir='ltr'><strong>accendatur,</strong></span> <span class='ocrx_word' id='word_1_663' title='bbox 1496 1479 1543 1506; x_wconf 85' lang='lat' dir='ltr'><strong>sed</strong></span> <span class='ocrx_word' id='word_1_664' title='bbox 1568 1479 1595 1506; x_wconf 93' lang='lat' dir='ltr'><strong>in</strong></span> <span class='ocrx_word' id='word_1_665' title='bbox 1617 1480 1739 1508; x_wconf 81' lang='lat' dir='ltr'><strong>tenebris</strong></span> 
     </span>
    </p>
   </div>
   <div class='ocr_carea' id='block_1_89' title="bbox 947 1518 1738 1557">
    <p class='ocr_par' dir='ltr' id='par_1_89' title="bbox 947 1518 1738 1557">
     <span class='ocr_line' id='line_1_90' title="bbox 947 1518 1738 1557; baseline 0.011 -12"><span class='ocrx_word' id='word_1_666' title='bbox 947 1518 1107 1554; x_wconf 70' lang='lat' dir='ltr'><strong>ignorantia:</strong></span> <span class='ocrx_word' id='word_1_667' title='bbox 1131 1521 1281 1554; x_wconf 83' lang='lat' dir='ltr'><strong>ambulent,</strong></span> <span class='ocrx_word' id='word_1_668' title='bbox 1303 1523 1438 1557; x_wconf 88' lang='lat' dir='ltr'><strong>repellunt</strong></span> <span class='ocrx_word' id='word_1_669' title='bbox 1453 1523 1552 1553; x_wconf 84' lang='lat' dir='ltr'><strong>fratres</strong></span> <span class='ocrx_word' id='word_1_670' title='bbox 1560 1530 1687 1554; x_wconf 88' lang='lat' dir='ltr'><strong>nostros:</strong></span> <span class='ocrx_word' id='word_1_671' title='bbox 1702 1534 1738 1554; x_wconf 90' lang='lat' dir='ltr'><strong>ne</strong></span> 
     </span>
    </p>
   </div>
   <div class='ocr_carea' id='block_1_90' title="bbox 949 1563 1736 1603">
    <p class='ocr_par' dir='ltr' id='par_1_90' title="bbox 949 1563 1736 1603">
     <span class='ocr_line' id='line_1_91' title="bbox 949 1563 1736 1603; baseline 0.009 -12"><span class='ocrx_word' id='word_1_672' title='bbox 949 1563 1018 1592; x_wconf 88' lang='lat' dir='ltr'><strong>forte</strong></span> <span class='ocrx_word' id='word_1_673' title='bbox 1038 1569 1160 1592; x_wconf 90' lang='lat' dir='ltr'><strong>sanctum</strong></span> <span class='ocrx_word' id='word_1_674' title='bbox 1174 1567 1295 1594; x_wconf 86' lang='lat' dir='ltr'><strong>veritatis</strong></span> <span class='ocrx_word' id='word_1_675' title='bbox 1308 1571 1336 1594; x_wconf 91' lang='lat' dir='ltr'><strong>et</strong></span> <span class='ocrx_word' id='word_1_676' title='bbox 1355 1568 1468 1602; x_wconf 70' lang='lat' dir='ltr'><strong>iustitiae</strong></span> <span class='ocrx_word' id='word_1_677' title='bbox 1483 1569 1596 1597; x_wconf 86' lang='lat' dir='ltr'><strong>verbum</strong></span> <span class='ocrx_word' id='word_1_678' title='bbox 1612 1570 1736 1603; x_wconf 87' lang='lat' dir='ltr'><strong>audiant,</strong></span> 
     </span>
    </p>
   </div>
   <div class='ocr_carea' id='block_1_91' title="bbox 948 1612 1734 1650">
    <p class='ocr_par' dir='ltr' id='par_1_91' title="bbox 948 1612 1734 1650">
     <span class='ocr_line' id='line_1_92' title="bbox 948 1612 1734 1650; baseline 0.009 -14"><span class='ocrx_word' id='word_1_679' title='bbox 948 1614 1029 1644; x_wconf 89' lang='lat' dir='ltr'><strong>atque</strong></span> <span class='ocrx_word' id='word_1_680' title='bbox 1058 1615 1291 1638; x_wconf 85' lang='lat' dir='ltr'><strong>commoueantur.</strong></span> <span class='ocrx_word' id='word_1_681' title='bbox 1311 1612 1370 1640; x_wconf 87' lang='lat' dir='ltr'><strong>Non</strong></span> <span class='ocrx_word' id='word_1_682' title='bbox 1395 1613 1433 1640; x_wconf 85' lang='lat' dir='ltr'><strong>sic</strong></span> <span class='ocrx_word' id='word_1_683' title='bbox 1459 1614 1537 1642; x_wconf 90' lang='lat' dir='ltr'><strong>erit:</strong></span> <span class='ocrx_word' id='word_1_684' title='bbox 1564 1622 1734 1650; x_wconf 81' lang='lat' dir='ltr'><strong>nequaquam</strong></span> 
     </span>
    </p>
   </div>
   <div class='ocr_carea' id='block_1_92' title="bbox 947 1657 1735 1696">
    <p class='ocr_par' dir='ltr' id='par_1_92' title="bbox 947 1657 1735 1696">
     <span class='ocr_line' id='line_1_93' title="bbox 947 1657 1735 1696; baseline 0.009 -13"><span class='ocrx_word' id='word_1_685' title='bbox 947 1657 1030 1683; x_wconf 86' lang='lat' dir='ltr'><strong>stabit</strong></span> <span class='ocrx_word' id='word_1_686' title='bbox 1045 1657 1096 1684; x_wconf 90' lang='lat' dir='ltr'><strong>hoc</strong></span> <span class='ocrx_word' id='word_1_687' title='bbox 1120 1657 1263 1685; x_wconf 89' lang='lat' dir='ltr'><strong>consilium</strong></span> <span class='ocrx_word' id='word_1_688' title='bbox 1278 1666 1372 1686; x_wconf 89' lang='lat' dir='ltr'><strong>eorum</strong></span> <span class='ocrx_word' id='word_1_689' title='bbox 1391 1660 1455 1687; x_wconf 88' lang='lat' dir='ltr'><strong>:sed</strong></span> <span class='ocrx_word' id='word_1_690' title='bbox 1473 1660 1583 1687; x_wconf 89' lang='lat' dir='ltr'><strong>verbum</strong></span> <span class='ocrx_word' id='word_1_691' title='bbox 1603 1661 1649 1688; x_wconf 86' lang='lat' dir='ltr'><strong>Dei</strong></span> <span class='ocrx_word' id='word_1_692' title='bbox 1664 1662 1735 1696; x_wconf 85' lang='lat' dir='ltr'><strong>quod</strong></span> 
     </span>
    </p>
   </div>
   <div class='ocr_carea' id='block_1_93' title="bbox 946 1702 1733 1738">
    <p class='ocr_par' dir='ltr' id='par_1_93' title="bbox 946 1702 1733 1738">
     <span class='ocr_line' id='line_1_94' title="bbox 946 1702 1733 1738; baseline 0.009 -10"><span class='ocrx_word' id='word_1_693' title='bbox 946 1702 1153 1738; x_wconf 87' lang='lat' dir='ltr'><strong>proculcarunt,</strong></span> <span class='ocrx_word' id='word_1_694' title='bbox 1189 1703 1382 1738; x_wconf 67' lang='lat' dir='ltr'><strong>prmdicahitur</strong></span> <span class='ocrx_word' id='word_1_695' title='bbox 1412 1709 1440 1732; x_wconf 91' lang='lat' dir='ltr'><strong>et</strong></span> <span class='ocrx_word' id='word_1_696' title='bbox 1467 1706 1672 1734; x_wconf 81' lang='lat' dir='ltr'><strong>conﬂrmabitnr</strong></span> <span class='ocrx_word' id='word_1_697' title='bbox 1705 1707 1733 1735; x_wconf 91' lang='lat' dir='ltr'><strong>in</strong></span> 
     </span>
    </p>
   </div>
   <div class='ocr_carea' id='block_1_94' title="bbox 946 1747 1734 1781">
    <p class='ocr_par' dir='ltr' id='par_1_94' title="bbox 946 1747 1734 1781">
     <span class='ocr_line' id='line_1_95' title="bbox 946 1747 1734 1781; baseline 0.004 -5"><span class='ocrx_word' id='word_1_698' title='bbox 946 1748 1043 1776; x_wconf 66' lang='lat' dir='ltr'><strong>Saecula</strong></span> <span class='ocrx_word' id='word_1_699' title='bbox 1057 1756 1064 1775; x_wconf 89' lang='lat'><strong>:</strong></span> <span class='ocrx_word' id='word_1_700' title='bbox 1078 1747 1176 1776; x_wconf 69' lang='lat' dir='ltr'><strong>Caelum</strong></span> <span class='ocrx_word' id='word_1_701' title='bbox 1188 1749 1266 1780; x_wconf 77' lang='lat' dir='ltr'><strong>enim,</strong></span> <span class='ocrx_word' id='word_1_702' title='bbox 1276 1749 1323 1781; x_wconf 87' lang='lat' dir='ltr'><strong>ait,</strong></span> <span class='ocrx_word' id='word_1_703' title='bbox 1339 1754 1363 1776; x_wconf 77' lang='lat' dir='ltr'><strong>et</strong></span> <span class='ocrx_word' id='word_1_704' title='bbox 1376 1755 1446 1777; x_wconf 82' lang='lat' dir='ltr'><strong>terra</strong></span> <span class='ocrx_word' id='word_1_705' title='bbox 1461 1751 1610 1778; x_wconf 74' lang='lat' dir='ltr'><strong>transibunt</strong></span> <span class='ocrx_word' id='word_1_706' title='bbox 1629 1760 1638 1779; x_wconf 80' lang='lat'><strong>.&#39;</strong></span> <span class='ocrx_word' id='word_1_707' title='bbox 1656 1753 1734 1779; x_wconf 77' lang='lat' dir='ltr'><strong>verba</strong></span> 
     </span>
    </p>
   </div>
   <div class='ocr_carea' id='block_1_95' title="bbox 945 1794 1730 1831">
    <p class='ocr_par' dir='ltr' id='par_1_95' title="bbox 945 1794 1730 1831">
     <span class='ocr_line' id='line_1_96' title="bbox 945 1794 1730 1831; baseline 0.008 -12"><span class='ocrx_word' id='word_1_708' title='bbox 945 1797 1034 1820; x_wconf 82' lang='lat' dir='ltr'><strong>autem</strong></span> <span class='ocrx_word' id='word_1_709' title='bbox 1049 1801 1107 1820; x_wconf 87' lang='lat' dir='ltr'><strong>mea</strong></span> <span class='ocrx_word' id='word_1_710' title='bbox 1121 1801 1171 1820; x_wconf 81' lang='lat' dir='ltr'><strong>non</strong></span> <span class='ocrx_word' id='word_1_711' title='bbox 1182 1794 1328 1821; x_wconf 71' lang='lat' dir='ltr'><strong>transibunt</strong></span> <span class='ocrx_word' id='word_1_712' title='bbox 1339 1795 1372 1821; x_wconf 84' lang='grc'><strong>⁶⁰.</strong></span> <span class='ocrx_word' id='word_1_713' title='bbox 1389 1795 1423 1822; x_wconf 88' lang='grc' dir='ltr'>Ει</span> <span class='ocrx_word' id='word_1_714' title='bbox 1435 1796 1496 1830; x_wconf 87' lang='lat' dir='ltr'><strong>quis</strong></span> <span class='ocrx_word' id='word_1_715' title='bbox 1510 1801 1598 1831; x_wconf 86' lang='lat' dir='ltr'><strong>potest</strong></span> <span class='ocrx_word' id='word_1_716' title='bbox 1609 1797 1651 1824; x_wconf 84' lang='lat' dir='ltr'><strong>his</strong></span> <span class='ocrx_word' id='word_1_717' title='bbox 1666 1805 1730 1825; x_wconf 88' lang='lat' dir='ltr'><strong>con-</strong></span> 
     </span>
    </p>
   </div>
   <div class='ocr_carea' id='block_1_96' title="bbox 945 1838 1733 1877">
    <p class='ocr_par' dir='ltr' id='par_1_96' title="bbox 945 1838 1733 1877">
     <span class='ocr_line' id='line_1_97' title="bbox 945 1838 1733 1877; baseline 0.004 -11"><span class='ocrx_word' id='word_1_718' title='bbox 945 1838 1078 1866; x_wconf 85' lang='lat' dir='ltr'><strong>tradicere</strong></span> <span class='ocrx_word' id='word_1_719' title='bbox 1092 1838 1103 1865; x_wconf 85' lang='lat'><strong>?</strong></span> <span class='ocrx_word' id='word_1_720' title='bbox 1117 1843 1216 1873; x_wconf 75' lang='lat' dir='ltr'><strong>praeter</strong></span> <span class='ocrx_word' id='word_1_721' title='bbox 1231 1844 1374 1874; x_wconf 86' lang='lat' dir='ltr'><strong>tyrannum</strong></span> <span class='ocrx_word' id='word_1_722' title='bbox 1393 1839 1531 1872; x_wconf 80' lang='lat' dir='ltr'><strong>Satanam,</strong></span> <span class='ocrx_word' id='word_1_723' title='bbox 1541 1842 1601 1875; x_wconf 85' lang='lat' dir='ltr'><strong>ejus</strong></span> <span class='ocrx_word' id='word_1_724' title='bbox 1610 1841 1715 1877; x_wconf 85' lang='lat' dir='ltr'><strong>discipu</strong></span> <span class='ocrx_word' id='word_1_725' title='bbox 1725 1857 1733 1862; x_wconf 89' lang='lat'><strong>-</strong></span> 
     </span>
    </p>
   </div>
   <div class='ocr_carea' id='block_1_97' title="bbox 945 1883 1731 1920">
    <p class='ocr_par' dir='ltr' id='par_1_97' title="bbox 945 1883 1731 1920">
     <span class='ocr_line' id='line_1_98' title="bbox 945 1883 1731 1920; baseline 0.005 -10"><span class='ocrx_word' id='word_1_726' title='bbox 945 1883 997 1915; x_wconf 87' lang='lat' dir='ltr'><strong>los,</strong></span> <span class='ocrx_word' id='word_1_727' title='bbox 1010 1885 1055 1919; x_wconf 89' lang='lat' dir='ltr'><strong>qui</strong></span> <span class='ocrx_word' id='word_1_728' title='bbox 1067 1885 1212 1912; x_wconf 72' lang='lat' dir='ltr'><strong>mmchiam</strong></span> <span class='ocrx_word' id='word_1_729' title='bbox 1225 1885 1454 1920; x_wconf 82' lang='lat' dir='ltr'><strong>dispensationem</strong></span> <span class='ocrx_word' id='word_1_730' title='bbox 1469 1886 1615 1914; x_wconf 84' lang='lat' dir='ltr'><strong>salutarem</strong></span> <span class='ocrx_word' id='word_1_731' title='bbox 1631 1887 1731 1914; x_wconf 88' lang='lat' dir='ltr'><strong>Christi</strong></span> 
     </span>
    </p>
   </div>
   <div class='ocr_carea' id='block_1_98' title="bbox 945 1929 1732 1965">
    <p class='ocr_par' dir='ltr' id='par_1_98' title="bbox 945 1929 1732 1965">
     <span class='ocr_line' id='line_1_99' title="bbox 945 1929 1732 1965; baseline 0.004 -9"><span class='ocrx_word' id='word_1_732' title='bbox 945 1929 1074 1957; x_wconf 72' lang='lat' dir='ltr'><strong>Ecclesia:</strong></span> <span class='ocrx_word' id='word_1_733' title='bbox 1096 1931 1256 1965; x_wconf 63' lang='lat' dir='ltr'><strong>pradicant,</strong></span> <span class='ocrx_word' id='word_1_734' title='bbox 1279 1938 1355 1957; x_wconf 78' lang='lat' dir='ltr'><strong>vanm</strong></span> <span class='ocrx_word' id='word_1_735' title='bbox 1372 1938 1465 1958; x_wconf 88' lang='lat' dir='ltr'><strong>revera</strong></span> <span class='ocrx_word' id='word_1_736' title='bbox 1490 1932 1589 1959; x_wconf 82' lang='lat' dir='ltr'><strong>mentis</strong></span> <span class='ocrx_word' id='word_1_737' title='bbox 1608 1932 1732 1959; x_wconf 84' lang='lat' dir='ltr'><strong>homines</strong></span> 
     </span>
    </p>
   </div>
   <div class='ocr_carea' id='block_1_99' title="bbox 944 1976 1732 2013">
    <p class='ocr_par' dir='ltr' id='par_1_99' title="bbox 944 1976 1732 2013">
     <span class='ocr_line' id='line_1_100' title="bbox 944 1976 1732 2013; baseline 0.003 -10"><span class='ocrx_word' id='word_1_738' title='bbox 944 1981 972 2004; x_wconf 90' lang='lat' dir='ltr'><strong>et</strong></span> <span class='ocrx_word' id='word_1_739' title='bbox 994 1976 1168 2004; x_wconf 89' lang='lat' dir='ltr'><strong>odiosissimi.</strong></span> <span class='ocrx_word' id='word_1_740' title='bbox 1186 1977 1264 2004; x_wconf 89' lang='lat' dir='ltr'><strong>Nune</strong></span> <span class='ocrx_word' id='word_1_741' title='bbox 1286 1977 1319 2004; x_wconf 87' lang='lat' dir='ltr'><strong>ad</strong></span> <span class='ocrx_word' id='word_1_742' title='bbox 1339 1976 1565 2013; x_wconf 79' lang='lat' dir='ltr'><strong>interrogationes</strong></span> <span class='ocrx_word' id='word_1_743' title='bbox 1586 1982 1645 2005; x_wconf 89' lang='lat' dir='ltr'><strong>tuas</strong></span> <span class='ocrx_word' id='word_1_744' title='bbox 1667 1985 1732 2005; x_wconf 89' lang='lat' dir='ltr'><strong>con-</strong></span> 
     </span>
    </p>
   </div>
   <div class='ocr_carea' id='block_1_100' title="bbox 945 2021 1730 2057">
    <p class='ocr_par' dir='ltr' id='par_1_100' title="bbox 945 2021 1730 2057">
     <span class='ocr_line' id='line_1_101' title="bbox 945 2021 1730 2057; baseline -0.001 -7"><span class='ocrx_word' id='word_1_745' title='bbox 945 2022 1074 2050; x_wconf 85' lang='lat' dir='ltr'><strong>vertenda</strong></span> <span class='ocrx_word' id='word_1_746' title='bbox 1088 2026 1130 2049; x_wconf 89' lang='lat' dir='ltr'><strong>est</strong></span> <span class='ocrx_word' id='word_1_747' title='bbox 1142 2022 1239 2049; x_wconf 86' lang='lat' dir='ltr'><strong>oratio.</strong></span> <span class='ocrx_word' id='word_1_748' title='bbox 1257 2021 1362 2054; x_wconf 67' lang='lat' dir='ltr'><strong>Quwris</strong></span> <span class='ocrx_word' id='word_1_749' title='bbox 1381 2029 1430 2049; x_wconf 89' lang='lat' dir='ltr'><strong>cur</strong></span> <span class='ocrx_word' id='word_1_750' title='bbox 1442 2022 1608 2057; x_wconf 87' lang='lat' dir='ltr'><strong>dispensarit</strong></span> <span class='ocrx_word' id='word_1_751' title='bbox 1623 2022 1730 2050; x_wconf 82' lang='lat' dir='ltr'><strong>divinus</strong></span> 
     </span>
    </p>
   </div>
   <div class='ocr_carea' id='block_1_101' title="bbox 943 2067 1729 2103">
    <p class='ocr_par' dir='ltr' id='par_1_101' title="bbox 943 2067 1729 2103">
     <span class='ocr_line' id='line_1_102' title="bbox 943 2067 1729 2103; baseline 0.001 -9"><span class='ocrx_word' id='word_1_752' title='bbox 943 2067 1070 2103; x_wconf 85' lang='lat' dir='ltr'><strong>Cyrillus,</strong></span> <span class='ocrx_word' id='word_1_753' title='bbox 1086 2072 1115 2094; x_wconf 92' lang='lat' dir='ltr'><strong>ut</strong></span> <span class='ocrx_word' id='word_1_754' title='bbox 1125 2074 1237 2094; x_wconf 88' lang='lat' dir='ltr'><strong>necesse</strong></span> <span class='ocrx_word' id='word_1_755' title='bbox 1252 2075 1305 2094; x_wconf 90' lang='lat' dir='ltr'><strong>non</strong></span> <span class='ocrx_word' id='word_1_756' title='bbox 1319 2072 1391 2094; x_wconf 87' lang='lat' dir='ltr'><strong>esset</strong></span> <span class='ocrx_word' id='word_1_757' title='bbox 1403 2067 1437 2094; x_wconf 88' lang='lat' dir='ltr'><strong>ab</strong></span> <span class='ocrx_word' id='word_1_758' title='bbox 1451 2067 1483 2094; x_wconf 91' lang='lat' dir='ltr'><strong>iis</strong></span> <span class='ocrx_word' id='word_1_759' title='bbox 1497 2068 1628 2102; x_wconf 83' lang='lat' dir='ltr'><strong>separari,</strong></span> <span class='ocrx_word' id='word_1_760' title='bbox 1643 2068 1688 2102; x_wconf 89' lang='lat' dir='ltr'><strong>qui</strong></span> <span class='ocrx_word' id='word_1_761' title='bbox 1702 2067 1729 2095; x_wconf 93' lang='lat' dir='ltr'><strong>in</strong></span> 
     </span>
    </p>
   </div>
   <div class='ocr_carea' id='block_1_102' title="bbox 943 2111 1729 2147">
    <p class='ocr_par' dir='ltr' id='par_1_102' title="bbox 943 2111 1729 2147">
     <span class='ocr_line' id='line_1_103' title="bbox 943 2111 1729 2147; baseline 0.001 -7"><span class='ocrx_word' id='word_1_762' title='bbox 943 2112 1054 2140; x_wconf 81' lang='lat' dir='ltr'><strong>Oriente</strong></span> <span class='ocrx_word' id='word_1_763' title='bbox 1080 2111 1257 2140; x_wconf 87' lang='lat' dir='ltr'><strong>Theodorum</strong></span> <span class='ocrx_word' id='word_1_764' title='bbox 1286 2111 1468 2147; x_wconf 57' lang='lat' dir='ltr'><strong>Mopsuestia,</strong></span> <span class='ocrx_word' id='word_1_765' title='bbox 1497 2117 1559 2140; x_wconf 86' lang='lat' dir='ltr'><strong>cum</strong></span> <span class='ocrx_word' id='word_1_766' title='bbox 1584 2113 1729 2142; x_wconf 61' lang='lat' dir='ltr'><strong>haereticus</strong></span> 
     </span>
    </p>
   </div>
   <div class='ocr_carea' id='block_1_103' title="bbox 942 2156 1728 2192">
    <p class='ocr_par' dir='ltr' id='par_1_103' title="bbox 942 2156 1728 2192">
     <span class='ocr_line' id='line_1_104' title="bbox 942 2156 1728 2192; baseline 0.003 -7"><span class='ocrx_word' id='word_1_767' title='bbox 942 2161 1025 2189; x_wconf 85' lang='lat' dir='ltr'><strong>esset,</strong></span> <span class='ocrx_word' id='word_1_768' title='bbox 1037 2156 1064 2184; x_wconf 92' lang='lat' dir='ltr'><strong>in</strong></span> <span class='ocrx_word' id='word_1_769' title='bbox 1077 2157 1211 2192; x_wconf 83' lang='lat' dir='ltr'><strong>diptychis</strong></span> <span class='ocrx_word' id='word_1_770' title='bbox 1221 2157 1480 2185; x_wconf 89' lang='lat' dir='ltr'><strong>commemorabant.</strong></span> <span class='ocrx_word' id='word_1_771' title='bbox 1496 2158 1564 2191; x_wconf 90' lang='lat' dir='ltr'><strong>Quia</strong></span> <span class='ocrx_word' id='word_1_772' title='bbox 1580 2159 1728 2187; x_wconf 86' lang='lat' dir='ltr'><strong>rectissima</strong></span> 
     </span>
    </p>
   </div>
   <div class='ocr_carea' id='block_1_104' title="bbox 941 2202 1728 2239">
    <p class='ocr_par' dir='ltr' id='par_1_104' title="bbox 941 2202 1728 2239">
     <span class='ocr_line' id='line_1_105' title="bbox 941 2202 1728 2239; baseline 0.001 -8"><span class='ocrx_word' id='word_1_773' title='bbox 941 2206 969 2231; x_wconf 87' lang='lat' dir='ltr'><strong>et</strong></span> <span class='ocrx_word' id='word_1_774' title='bbox 987 2202 1125 2237; x_wconf 90' lang='lat' dir='ltr'><strong>aptissima</strong></span> <span class='ocrx_word' id='word_1_775' title='bbox 1149 2202 1258 2236; x_wconf 83' lang='lat' dir='ltr'><strong>pietatis</strong></span> <span class='ocrx_word' id='word_1_776' title='bbox 1277 2202 1403 2238; x_wconf 79' lang='lat' dir='ltr'><strong>dogmata</strong></span> <span class='ocrx_word' id='word_1_777' title='bbox 1422 2204 1493 2238; x_wconf 85' lang='lat' dir='ltr'><strong>apud</strong></span> <span class='ocrx_word' id='word_1_778' title='bbox 1520 2204 1593 2239; x_wconf 87' lang='lat' dir='ltr'><strong>ipsos</strong></span> <span class='ocrx_word' id='word_1_779' title='bbox 1621 2208 1728 2232; x_wconf 82' lang='lat' dir='ltr'><strong>servata</strong></span> 
     </span>
    </p>
   </div>
   <div class='ocr_carea' id='block_1_105' title="bbox 943 2248 1728 2285">
    <p class='ocr_par' dir='ltr' id='par_1_105' title="bbox 943 2248 1728 2285">
     <span class='ocr_line' id='line_1_106' title="bbox 943 2248 1728 2285; baseline 0.001 -9"><span class='ocrx_word' id='word_1_780' title='bbox 943 2248 1031 2276; x_wconf 89' lang='lat' dir='ltr'><strong>fuere.</strong></span> <span class='ocrx_word' id='word_1_781' title='bbox 1057 2248 1103 2275; x_wconf 88' lang='lat' dir='ltr'><strong>Sic</strong></span> <span class='ocrx_word' id='word_1_782' title='bbox 1117 2248 1189 2275; x_wconf 89' lang='lat' dir='ltr'><strong>enim</strong></span> <span class='ocrx_word' id='word_1_783' title='bbox 1215 2248 1250 2275; x_wconf 88' lang='lat' dir='ltr'><strong>ab</strong></span> <span class='ocrx_word' id='word_1_784' title='bbox 1263 2255 1295 2275; x_wconf 92' lang='lat' dir='ltr'><strong>eo</strong></span> <span class='ocrx_word' id='word_1_785' title='bbox 1309 2248 1441 2283; x_wconf 89' lang='lat' dir='ltr'><strong>scriptum</strong></span> <span class='ocrx_word' id='word_1_786' title='bbox 1463 2254 1513 2282; x_wconf 81' lang='lat' dir='ltr'><strong>est,</strong></span> <span class='ocrx_word' id='word_1_787' title='bbox 1534 2250 1578 2285; x_wconf 86' lang='lat' dir='ltr'><strong>qui</strong></span> <span class='ocrx_word' id='word_1_788' title='bbox 1597 2250 1655 2278; x_wconf 65' lang='lat' dir='ltr'><strong>hate</strong></span> <span class='ocrx_word' id='word_1_789' title='bbox 1669 2257 1728 2277; x_wconf 90' lang='lat' dir='ltr'><strong>me-</strong></span> 
     </span>
    </p>
   </div>
   <div class='ocr_carea' id='block_1_106' title="bbox 943 2293 1728 2329">
    <p class='ocr_par' dir='ltr' id='par_1_106' title="bbox 943 2293 1728 2329">
     <span class='ocr_line' id='line_1_107' title="bbox 943 2293 1728 2329; baseline 0 -7"><span class='ocrx_word' id='word_1_790' title='bbox 943 2295 1037 2322; x_wconf 64' lang='lat' dir='ltr'><strong>moria:</strong></span> <span class='ocrx_word' id='word_1_791' title='bbox 1047 2293 1176 2329; x_wconf 89' lang='lat' dir='ltr'><strong>prodidit,</strong></span> <span class='ocrx_word' id='word_1_792' title='bbox 1200 2297 1295 2321; x_wconf 85' lang='lat' dir='ltr'><strong>sancto</strong></span> <span class='ocrx_word' id='word_1_793' title='bbox 1316 2293 1433 2329; x_wconf 79' lang='lat' dir='ltr'><strong>Eulogio</strong></span> <span class='ocrx_word' id='word_1_794' title='bbox 1457 2295 1628 2323; x_wconf 66' lang='lat' dir='ltr'><strong>Alexandria:</strong></span> <span class='ocrx_word' id='word_1_795' title='bbox 1640 2295 1728 2323; x_wconf 85' lang='lat' dir='ltr'><strong>archi-</strong></span> 
     </span>
    </p>
   </div>
   <div class='ocr_carea' id='block_1_107' title="bbox 942 2339 1728 2376">
    <p class='ocr_par' dir='ltr' id='par_1_107' title="bbox 942 2339 1728 2376">
     <span class='ocr_line' id='line_1_108' title="bbox 942 2339 1728 2376; baseline 0 -8"><span class='ocrx_word' id='word_1_796' title='bbox 942 2341 1070 2376; x_wconf 88' lang='lat' dir='ltr'><strong>episcopo</strong></span> <span class='ocrx_word' id='word_1_797' title='bbox 1087 2339 1114 2367; x_wconf 89' lang='lat' dir='ltr'><strong>in</strong></span> <span class='ocrx_word' id='word_1_798' title='bbox 1131 2340 1190 2374; x_wconf 85' lang='lat' dir='ltr'><strong>ejus</strong></span> <span class='ocrx_word' id='word_1_799' title='bbox 1202 2339 1240 2366; x_wconf 90' lang='lat' dir='ltr'><strong>De</strong></span> <span class='ocrx_word' id='word_1_800' title='bbox 1254 2340 1451 2374; x_wconf 76' lang='lat' dir='ltr'><strong>dispensatione</strong></span> <span class='ocrx_word' id='word_1_801' title='bbox 1467 2340 1535 2367; x_wconf 89' lang='lat' dir='ltr'><strong>libro</strong></span> <span class='ocrx_word' id='word_1_802' title='bbox 1549 2349 1555 2367; x_wconf 83' lang='lat'><strong>2</strong></span> <span class='ocrx_word' id='word_1_803' title='bbox 1574 2340 1652 2375; x_wconf 86' lang='lat' dir='ltr'><strong>cujus</strong></span> <span class='ocrx_word' id='word_1_804' title='bbox 1663 2348 1728 2368; x_wconf 89' lang='lat' dir='ltr'><strong>sen-</strong></span> 
     </span>
    </p>
   </div>
   <div class='ocr_carea' id='block_1_108' title="bbox 941 2385 1726 2422">
    <p class='ocr_par' dir='ltr' id='par_1_108' title="bbox 941 2385 1726 2422">
     <span class='ocr_line' id='line_1_109' title="bbox 941 2385 1726 2422; baseline 0.003 -10"><span class='ocrx_word' id='word_1_805' title='bbox 941 2385 1035 2413; x_wconf 66' lang='lat' dir='ltr'><strong>tentia:</strong></span> <span class='ocrx_word' id='word_1_806' title='bbox 1056 2393 1136 2413; x_wconf 90' lang='lat' dir='ltr'><strong>usum</strong></span> <span class='ocrx_word' id='word_1_807' title='bbox 1154 2393 1205 2413; x_wconf 91' lang='lat' dir='ltr'><strong>nos</strong></span> <span class='ocrx_word' id='word_1_808' title='bbox 1216 2393 1326 2420; x_wconf 91' lang='lat' dir='ltr'><strong>quoque</strong></span> <span class='ocrx_word' id='word_1_809' title='bbox 1345 2386 1528 2421; x_wconf 75' lang='lat' dir='ltr'><strong>explicuimus</strong></span> <span class='ocrx_word' id='word_1_810' title='bbox 1548 2385 1575 2413; x_wconf 90' lang='lat' dir='ltr'><strong>in</strong></span> <span class='ocrx_word' id='word_1_811' title='bbox 1589 2394 1622 2414; x_wconf 89' lang='lat' dir='ltr'><strong>eo</strong></span> <span class='ocrx_word' id='word_1_812' title='bbox 1633 2394 1726 2422; x_wconf 86' lang='lat' dir='ltr'><strong>opere,</strong></span> 
     </span>
    </p>
   </div>
   <div class='ocr_carea' id='block_1_109' title="bbox 940 2430 1726 2466">
    <p class='ocr_par' dir='ltr' id='par_1_109' title="bbox 940 2430 1726 2466">
     <span class='ocr_line' id='line_1_110' title="bbox 940 2430 1726 2466; baseline 0.003 -8"><span class='ocrx_word' id='word_1_813' title='bbox 940 2432 1012 2466; x_wconf 91' lang='lat' dir='ltr'><strong>quod</strong></span> <span class='ocrx_word' id='word_1_814' title='bbox 1039 2431 1213 2466; x_wconf 86' lang='lat' dir='ltr'><strong>peculiariter</strong></span> <span class='ocrx_word' id='word_1_815' title='bbox 1237 2430 1276 2458; x_wconf 85' lang='lat' dir='ltr'><strong>De</strong></span> <span class='ocrx_word' id='word_1_816' title='bbox 1297 2431 1492 2466; x_wconf 74' lang='lat' dir='ltr'><strong>dispensatione</strong></span> <span class='ocrx_word' id='word_1_817' title='bbox 1515 2432 1542 2459; x_wconf 93' lang='lat' dir='ltr'><strong>in</strong></span> <span class='ocrx_word' id='word_1_818' title='bbox 1569 2432 1726 2460; x_wconf 87' lang='lat' dir='ltr'><strong>universum</strong></span> 
     </span>
    </p>
   </div>
   <div class='ocr_carea' id='block_1_110' title="bbox 941 2476 1726 2514">
    <p class='ocr_par' dir='ltr' id='par_1_110' title="bbox 941 2476 1726 2514">
     <span class='ocr_line' id='line_1_111' title="bbox 941 2476 1726 2514; baseline 0 -9"><span class='ocrx_word' id='word_1_819' title='bbox 941 2477 1166 2512; x_wconf 86' lang='lat' dir='ltr'><strong>conscripsimus.</strong></span> <span class='ocrx_word' id='word_1_820' title='bbox 1182 2476 1352 2505; x_wconf 89' lang='lat' dir='ltr'><strong>Solutionem</strong></span> <span class='ocrx_word' id='word_1_821' title='bbox 1370 2478 1462 2513; x_wconf 86' lang='lat' dir='ltr'><strong>itaque</strong></span> <span class='ocrx_word' id='word_1_822' title='bbox 1476 2478 1499 2506; x_wconf 89' lang='lat' dir='ltr'><strong>is</strong></span> <span class='ocrx_word' id='word_1_823' title='bbox 1513 2478 1570 2514; x_wconf 90' lang='lat' dir='ltr'><strong>ipse</strong></span> <span class='ocrx_word' id='word_1_824' title='bbox 1581 2479 1665 2512; x_wconf 89' lang='lat' dir='ltr'><strong>dedit,</strong></span> <span class='ocrx_word' id='word_1_825' title='bbox 1680 2479 1726 2514; x_wconf 91' lang='lat' dir='ltr'><strong>qui</strong></span> 
     </span>
    </p>
   </div>
   <div class='ocr_carea' id='block_1_111' title="bbox 940 2522 1725 2557">
    <p class='ocr_par' dir='ltr' id='par_1_111' title="bbox 940 2522 1725 2557">
     <span class='ocr_line' id='line_1_112' title="bbox 940 2522 1725 2557; baseline 0.003 -7"><span class='ocrx_word' id='word_1_826' title='bbox 940 2523 1073 2551; x_wconf 87' lang='lat' dir='ltr'><strong>narravit.</strong></span> <span class='ocrx_word' id='word_1_827' title='bbox 1092 2522 1152 2550; x_wconf 89' lang='lat' dir='ltr'><strong>Non</strong></span> <span class='ocrx_word' id='word_1_828' title='bbox 1169 2523 1242 2550; x_wconf 92' lang='lat' dir='ltr'><strong>enim</strong></span> <span class='ocrx_word' id='word_1_829' title='bbox 1255 2523 1383 2551; x_wconf 86' lang='lat' dir='ltr'><strong>aliorsum</strong></span> <span class='ocrx_word' id='word_1_830' title='bbox 1399 2524 1500 2552; x_wconf 90' lang='lat' dir='ltr'><strong>dictum</strong></span> <span class='ocrx_word' id='word_1_831' title='bbox 1524 2529 1575 2557; x_wconf 85' lang='lat' dir='ltr'><strong>est,</strong></span> <span class='ocrx_word' id='word_1_832' title='bbox 1589 2533 1642 2552; x_wconf 83' lang='lat' dir='ltr'><strong>nec</strong></span> <span class='ocrx_word' id='word_1_833' title='bbox 1653 2525 1725 2552; x_wconf 84' lang='lat' dir='ltr'><strong>aliud</strong></span> 
     </span>
    </p>
   </div>
   <div class='ocr_carea' id='block_1_112' title="bbox 939 2568 1725 2604">
    <p class='ocr_par' dir='ltr' id='par_1_112' title="bbox 939 2568 1725 2604">
     <span class='ocr_line' id='line_1_113' title="bbox 939 2568 1725 2604; baseline 0.001 -8"><span class='ocrx_word' id='word_1_834' title='bbox 939 2569 1025 2604; x_wconf 60' lang='lat' dir='ltr'><strong>quaeri</strong></span> <span class='ocrx_word' id='word_1_835' title='bbox 1045 2576 1159 2596; x_wconf 82' lang='lat' dir='ltr'><strong>necesse</strong></span> <span class='ocrx_word' id='word_1_836' title='bbox 1173 2573 1225 2597; x_wconf 89' lang='lat' dir='ltr'><strong>est.</strong></span> <span class='ocrx_word' id='word_1_837' title='bbox 1247 2568 1313 2602; x_wconf 66' lang='lat' dir='ltr'><strong>Quae</strong></span> <span class='ocrx_word' id='word_1_838' title='bbox 1329 2574 1419 2597; x_wconf 90' lang='lat' dir='ltr'><strong>autem</strong></span> <span class='ocrx_word' id='word_1_839' title='bbox 1437 2577 1452 2596; x_wconf 89' lang='lat' dir='ltr'><strong>a</strong></span> <span class='ocrx_word' id='word_1_840' title='bbox 1464 2570 1543 2597; x_wconf 87' lang='lat' dir='ltr'><strong>nobis</strong></span> <span class='ocrx_word' id='word_1_841' title='bbox 1558 2570 1587 2597; x_wconf 91' lang='lat' dir='ltr'><strong>in</strong></span> <span class='ocrx_word' id='word_1_842' title='bbox 1602 2570 1725 2598; x_wconf 83' lang='lat' dir='ltr'><strong>eamdem</strong></span> 
     </span>
    </p>
   </div>
   <div class='ocr_carea' id='block_1_113' title="bbox 939 2615 1724 2649">
    <p class='ocr_par' dir='ltr' id='par_1_113' title="bbox 939 2615 1724 2649">
     <span class='ocr_line' id='line_1_114' title="bbox 939 2615 1724 2649; baseline 0.001 -7"><span class='ocrx_word' id='word_1_843' title='bbox 939 2615 1103 2643; x_wconf 87' lang='lat' dir='ltr'><strong>sententiam</strong></span> <span class='ocrx_word' id='word_1_844' title='bbox 1128 2615 1200 2643; x_wconf 85' lang='lat' dir='ltr'><strong>dicta</strong></span> <span class='ocrx_word' id='word_1_845' title='bbox 1223 2620 1298 2649; x_wconf 85' lang='lat' dir='ltr'><strong>sunt,</strong></span> <span class='ocrx_word' id='word_1_846' title='bbox 1325 2615 1516 2643; x_wconf 81' lang='lat' dir='ltr'><strong>declaratiOnis</strong></span> <span class='ocrx_word' id='word_1_847' title='bbox 1544 2623 1627 2643; x_wconf 89' lang='lat' dir='ltr'><strong>causa</strong></span> <span class='ocrx_word' id='word_1_848' title='bbox 1654 2616 1724 2644; x_wconf 81' lang='lat' dir='ltr'><strong>dicta</strong></span> 
     </span>
    </p>
   </div>
   <div class='ocr_carea' id='block_1_114' title="bbox 941 2661 1726 2696">
    <p class='ocr_par' dir='ltr' id='par_1_114' title="bbox 941 2661 1726 2696">
     <span class='ocr_line' id='line_1_115' title="bbox 941 2661 1726 2696; baseline 0 -8"><span class='ocrx_word' id='word_1_849' title='bbox 941 2662 1022 2689; x_wconf 84' lang='lat' dir='ltr'><strong>sint:</strong></span> <span class='ocrx_word' id='word_1_850' title='bbox 1047 2661 1269 2696; x_wconf 87' lang='lat' dir='ltr'><strong>Dispensationes</strong></span> <span class='ocrx_word' id='word_1_851' title='bbox 1288 2669 1302 2689; x_wconf 87' lang='lat' dir='ltr'><strong>a</strong></span> <span class='ocrx_word' id='word_1_852' title='bbox 1328 2661 1452 2689; x_wconf 87' lang='lat' dir='ltr'><strong>Patribus</strong></span> <span class='ocrx_word' id='word_1_853' title='bbox 1472 2661 1538 2689; x_wconf 86' lang='lat' dir='ltr'><strong>alias</strong></span> <span class='ocrx_word' id='word_1_854' title='bbox 1562 2662 1596 2689; x_wconf 87' lang='lat' dir='ltr'><strong>ad</strong></span> <span class='ocrx_word' id='word_1_855' title='bbox 1619 2666 1726 2696; x_wconf 88' lang='lat' dir='ltr'><strong>tempus</strong></span> 
     </span>
    </p>
   </div>
   <div class='ocr_carea' id='block_1_115' title="bbox 939 2707 1726 2742">
    <p class='ocr_par' dir='ltr' id='par_1_115' title="bbox 939 2707 1726 2742">
     <span class='ocr_line' id='line_1_116' title="bbox 939 2707 1726 2742; baseline 0.001 -8"><span class='ocrx_word' id='word_1_856' title='bbox 939 2707 1027 2734; x_wconf 85' lang='lat' dir='ltr'><strong>factas</strong></span> <span class='ocrx_word' id='word_1_857' title='bbox 1037 2714 1108 2739; x_wconf 85' lang='lat' dir='ltr'><strong>esse,</strong></span> <span class='ocrx_word' id='word_1_858' title='bbox 1119 2707 1186 2734; x_wconf 87' lang='lat' dir='ltr'><strong>alias</strong></span> <span class='ocrx_word' id='word_1_859' title='bbox 1200 2711 1358 2742; x_wconf 88' lang='lat' dir='ltr'><strong>perpetuam</strong></span> <span class='ocrx_word' id='word_1_860' title='bbox 1372 2707 1426 2734; x_wconf 88' lang='lat' dir='ltr'><strong>vim</strong></span> <span class='ocrx_word' id='word_1_861' title='bbox 1443 2707 1576 2735; x_wconf 89' lang='lat' dir='ltr'><strong>obtinere.</strong></span> <span class='ocrx_word' id='word_1_862' title='bbox 1592 2707 1726 2735; x_wconf 77' lang='lat' dir='ltr'><strong>Videlicet</strong></span> 
     </span>
    </p>
   </div>
   <div class='ocr_carea' id='block_1_116' title="bbox 939 2752 1725 2787">
    <p class='ocr_par' dir='ltr' id='par_1_116' title="bbox 939 2752 1725 2787">
     <span class='ocr_line' id='line_1_117' title="bbox 939 2752 1725 2787; baseline 0.001 -8"><span class='ocrx_word' id='word_1_863' title='bbox 939 2756 1070 2787; x_wconf 83' lang='lat' dir='ltr'><strong>perpetua</strong></span> <span class='ocrx_word' id='word_1_864' title='bbox 1096 2752 1206 2787; x_wconf 88' lang='lat' dir='ltr'><strong>quidem</strong></span> <span class='ocrx_word' id='word_1_865' title='bbox 1238 2753 1300 2785; x_wconf 83' lang='lat' dir='ltr'><strong>fuit,</strong></span> <span class='ocrx_word' id='word_1_866' title='bbox 1327 2760 1390 2780; x_wconf 90' lang='lat' dir='ltr'><strong>cum</strong></span> <span class='ocrx_word' id='word_1_867' title='bbox 1418 2758 1530 2780; x_wconf 86' lang='lat' dir='ltr'><strong>sanctus</strong></span> <span class='ocrx_word' id='word_1_868' title='bbox 1559 2752 1725 2781; x_wconf 84' lang='lat' dir='ltr'><strong>Athanasius</strong></span> 
     </span>
    </p>
   </div>
   <div class='ocr_carea' id='block_1_117' title="bbox 939 2798 1723 2835">
    <p class='ocr_par' dir='ltr' id='par_1_117' title="bbox 939 2798 1723 2835">
     <span class='ocr_line' id='line_1_118' title="bbox 939 2798 1723 2835; baseline 0 -9"><span class='ocrx_word' id='word_1_869' title='bbox 939 2798 1012 2826; x_wconf 84' lang='lat' dir='ltr'><strong>Italis</strong></span> <span class='ocrx_word' id='word_1_870' title='bbox 1026 2799 1172 2832; x_wconf 85' lang='lat' dir='ltr'><strong>concessit,</strong></span> <span class='ocrx_word' id='word_1_871' title='bbox 1193 2803 1223 2827; x_wconf 88' lang='lat' dir='ltr'><strong>ut</strong></span> <span class='ocrx_word' id='word_1_872' title='bbox 1242 2806 1373 2835; x_wconf 86' lang='lat' dir='ltr'><strong>personas</strong></span> <span class='ocrx_word' id='word_1_873' title='bbox 1388 2804 1551 2835; x_wconf 84' lang='lat' dir='ltr'><strong>usurparent</strong></span> <span class='ocrx_word' id='word_1_874' title='bbox 1568 2807 1618 2835; x_wconf 89' lang='lat' dir='ltr'><strong>pro</strong></span> <span class='ocrx_word' id='word_1_875' title='bbox 1638 2799 1723 2835; x_wconf 85' lang='lat' dir='ltr'><strong>hypo-</strong></span> 
     </span>
    </p>
   </div>
   <div class='ocr_carea' id='block_1_118' title="bbox 938 2844 1724 2883">
    <p class='ocr_par' dir='ltr' id='par_1_118' title="bbox 938 2844 1724 2883">
     <span class='ocr_line' id='line_1_119' title="bbox 938 2844 1724 2883; baseline 0.004 -12"><span class='ocrx_word' id='word_1_876' title='bbox 938 2844 1067 2872; x_wconf 85' lang='lat' dir='ltr'><strong>stasibus.</strong></span> <span class='ocrx_word' id='word_1_877' title='bbox 1092 2845 1132 2872; x_wconf 79' lang='lat' dir='ltr'><strong>Ad</strong></span> <span class='ocrx_word' id='word_1_878' title='bbox 1154 2849 1262 2882; x_wconf 81' lang='lat' dir='ltr'><strong>tempus</strong></span> <span class='ocrx_word' id='word_1_879' title='bbox 1276 2849 1377 2880; x_wconf 85' lang='lat' dir='ltr'><strong>autem,</strong></span> <span class='ocrx_word' id='word_1_880' title='bbox 1404 2846 1476 2874; x_wconf 81' lang='lat' dir='ltr'><strong>velut</strong></span> <span class='ocrx_word' id='word_1_881' title='bbox 1492 2846 1562 2882; x_wconf 90' lang='lat' dir='ltr'><strong>quod</strong></span> <span class='ocrx_word' id='word_1_882' title='bbox 1578 2846 1724 2883; x_wconf 87' lang='lat' dir='ltr'><strong>Apostolus</strong></span> 
     </span>
    </p>
   </div>
   <div class='ocr_carea' id='block_1_119' title="bbox 130 2893 898 2937">
    <p class='ocr_par' dir='ltr' id='par_1_119' title="bbox 130 2893 886 2933">
     <span class='ocr_line' id='line_1_120' title="bbox 130 2893 886 2933; baseline 0.011 -13"><span class='ocrx_word' id='word_1_883' title='bbox 130 2893 156 2909; x_wconf 83' lang='lat'><strong>&quot;</strong></span> <span class='ocrx_word' id='word_1_884' title='bbox 171 2893 254 2922; x_wconf 78' lang='lat' dir='ltr'><strong>Mich.</strong></span> <span class='ocrx_word' id='word_1_885' title='bbox 270 2903 318 2928; x_wconf 76' lang='lat' dir='ltr'><strong>\‘tl,</strong></span> <span class='ocrx_word' id='word_1_886' title='bbox 335 2896 351 2924; x_wconf 86' lang='lat'><strong>6</strong></span> <span class='ocrx_word' id='word_1_887' title='bbox 365 2904 371 2930; x_wconf 83' lang='lat'>;</span> <span class='ocrx_word' id='word_1_888' title='bbox 386 2897 481 2926; x_wconf 76' lang='lat' dir='ltr'><strong>Matth.</strong></span> <span class='ocrx_word' id='word_1_889' title='bbox 494 2906 521 2933; x_wconf 72' lang='grc' dir='ltr'><strong>ι,</strong></span> <span class='ocrx_word' id='word_1_890' title='bbox 535 2899 579 2927; x_wconf 75' lang='grc'><strong>56.</strong></span> <span class='ocrx_word' id='word_1_891' title='bbox 619 2899 640 2915; x_wconf 84' lang='grc'><strong>¹⁹</strong></span> <span class='ocrx_word' id='word_1_892' title='bbox 656 2898 732 2927; x_wconf 74' lang='lat' dir='ltr'><strong>Joan.</strong></span> <span class='ocrx_word' id='word_1_893' title='bbox 751 2909 770 2932; x_wconf 83' lang='grc' dir='ltr'>ι,</span> <span class='ocrx_word' id='word_1_894' title='bbox 789 2901 828 2928; x_wconf 84' lang='lat' dir='ltr'><strong>li.</strong></span> <span class='ocrx_word' id='word_1_895' title='bbox 865 2902 886 2917; x_wconf 77' lang='lat'><strong>&quot;</strong></span> 
     </span>
    </p>
   </div>
   <div class='ocr_carea' id='block_1_120' title="bbox 950 2893 1108 2937">
    <p class='ocr_par' dir='ltr' id='par_1_120' title="bbox 950 2902 1108 2937">
     <span class='ocr_line' id='line_1_121' title="bbox 950 2902 1108 2937; baseline 0.006 -8"><span class='ocrx_word' id='word_1_896' title='bbox 950 2911 966 2930; x_wconf 90' lang='lat'><strong>:.</strong></span> <span class='ocrx_word' id='word_1_897' title='bbox 982 2910 1036 2937; x_wconf 72' lang='lat' dir='ltr'><strong>ni,</strong></span> <span class='ocrx_word' id='word_1_898' title='bbox 1064 2902 1108 2931; x_wconf 78' lang='lat'><strong>35.</strong></span> 
     </span>
    </p>
   </div>
  </div>
