1926 3078
179 168 251 202 1087

775 166 805 196 S.
820 163 1016 195 THEODORI
1036 163 1208 194 STUDlT/E

1732 156 1800 188 1088

176 227 242 254 fecit
263 225 292 254 in
314 223 542 254 circumcisione;
563 221 636 257 quod
660 228 774 257 magnus
795 219 913 246 Basilius
935 218 961 245 in

1030 217 1059 244 οὗ
1073 217 1191 252 μεγάλου
1203 216 1343 243 Βασιλείου
1354 215 1400 241 ἐπὶ
1413 214 1459 241 τοῦ
1472 214 1552 248 ἁγίου
1564 214 1733 249 Πνεύματοςι
1749 215 1808 250 οἶοᾳ

175 271 279 305 Spiritu
294 274 390 298 sancto
407 280 414 298 :
432 269 507 296 velut
517 268 600 296 etiam
614 267 686 302 quod
702 274 777 294 nunc
793 266 902 293 divinus
912 265 960 299 Cy~

176 318 263 345 rillus.
289 316 354 349 Qua
375 315 409 343 ad
433 319 540 349 tempus
560 313 667 348 aliquod
686 312 766 344 facta.
782 311 850 339 nihil
866 311 965 340 habent

177 363 392 399 reprehensione
407 360 530 396 dignum,
541 367 592 387 nec
605 359 752 386 absurdum
766 357 819 385 ulla
832 365 865 385 ex
877 361 964 391 parte,

177 413 225 436 aut
252 408 401 435 illicitum:
425 406 570 433 remissum
594 409 684 432 tamen
709 404 838 439 quiddam
858 407 886 430 et
911 410 966 430 non

178 455 286 490 penitus
303 457 470 481 accuratum.
485 452 514 480 ld
528 452 669 479 enimvero
684 451 784 478 dicitur
799 450 967 485 dispensatio

178 500 213 527 ad
233 505 348 533 tempus.
365 498 458 533 Neque
470 499 546 525 enim
569 497 627 524 ﬁeri
652 501 750 531 potest,
763 501 793 524 ut
816 496 938 524 medicus
952 503 968 524 e

178 545 294 581 vestigio
314 545 439 572 morbum
454 544 488 571 ab
509 551 581 579 aegro
603 543 729 578 depellat,
748 549 837 578 neque
850 546 879 570 ut
891 542 968 570 indo-

179 593 276 619 mitum
288 600 398 626 equum,
419 595 465 618 aut
485 591 588 618 siccum
604 597 722 623 ramum,
737 590 813 618 illum
828 590 905 617 freno
919 590 969 617 ob-

180 642 349 672 sequentem,
375 637 448 664 hunc
461 641 566 665 rectum
588 636 679 663 statim
697 636 793 664 reddat
806 636 852 670 qui
870 635 897 662 in
910 635 970 663 istis

181 684 263 711 rebus
275 688 398 711 versatus
412 688 456 710 est
471 691 478 708 2
503 683 555 710 nisi
569 682 699 717 paulatim
713 682 859 709 blanditias
871 686 899 709 et
927 685 971 708 as-

181 729 358 760 sentationes,
367 732 395 756 et
406 728 501 755 molles
514 728 579 755 item
593 728 798 756 attrectationes
806 731 836 755 et
846 726 970 755 inﬂexio-

181 782 231 802 nes
243 774 381 802 adhibeat.

217 820 317 846 Eo‘dem
340 819 420 846 modo
446 819 533 847 sancti
567 820 593 846 in
609 819 861 855 dispensationibus
877 828 884 846 :
900 823 931 846 ut
944 823 972 846 et

182 863 211 891 in
237 864 287 891 hac
306 864 364 898 ipsa
385 871 500 898 magnus
519 864 644 899 Cyrillns.
670 863 872 898 Aliquantisper
897 863 971 891 enim

1020 264 1066 290 καὶ
1079 264 1109 289 τὸ
1125 264 1172 290 νῦν
1186 263 1232 289 τοῦ
1243 262 1316 289 θείου
1326 261 1472 296 Κυρίλλου.
1485 261 1519 287 Ἀ
1535 261 1616 296 μέχρι
1629 261 1702 293 τινδς
1712 261 1808 296 καιροῦ

1018 309 1158 344 γινόμενα,
1173 308 1250 334 οὐδὲν
1264 308 1320 342 ἔχει
1342 308 1371 333 τὸ
1393 306 1528 341 μεμπτὸν,
1544 306 1605 333 οὐδὲ
1631 306 1662 333 τδ
1683 307 1754 334 κατά
1780 315 1808 333 τι

1019 355 1124 390 ἀπηχὲς
1143 354 1191 381 καὶ
1207 354 1335 388 ἐκνομον·
1354 352 1500 387 ὑφειμένον
1514 353 1537 380 δ’
1553 352 1599 380 οὖν
1609 352 1683 387 ὅμως
1699 352 1746 379 καὶ
1759 353 1810 379 οὐκ

1020 400 1090 434 ἄγαν
1104 400 1228 435 ἁκριὸές,
1245 399 1332 426 Τοῦτο
1342 398 1397 434 γὰρ
1411 399 1428 433 ὴ
1442 398 1583 433 οἰκονομία
1594 399 1610 432 ἡ
1624 398 1691 433 πρὸς
1702 398 1809 433 καιρόν.

1020 446 1097 481 Μηδὲ
1119 447 1173 481 γὰρ
1190 445 1303 473 δυνατὸν
1324 444 1415 481 ἰατρὸν
1431 443 1477 471 τὸν
1492 444 1691 480 ὴρῤωοτηκότα
1713 443 1812 470 θᾶττον

1021 491 1176 522 ἀπαλλάξαι
1197 491 1248 525 τῆς
1261 490 1352 521 νόσου,
1371 489 1434 524 μήτ’
1449 488 1484 516 αὖ
1498 489 1581 515 ἵππον
1595 489 1712 523 ἀκρατῆ,
1728 488 1745 522 ἢ
1760 487 1812 522 ξη-

1023 537 1069 572 ρὸν
1082 536 1209 571 πτόρθον,
1226 536 1271 562 τὸν
1298 536 1347 571 μὲν
1372 534 1522 569 εὐχάλινον,
1547 534 1593 560 τὸν
1613 534 1642 562 δὲ
1662 533 1813 567 εὐθύτομον

1022 581 1139 617 ἐξαυτῆς
1166 581 1399 616 καταστήσασθαι,
1425 581 1449 607 εί
1473 580 1510 616 μὴ
1532 581 1587 612 τοῖς
1613 579 1684 606 κατὰ
1714 579 1813 613 μικρὸν

1023 627 1199 661 ποππυσμοῖς
1214 635 1245 653 τε
1266 626 1315 653 καλ⁵
1333 626 1532 661 κολακεύμασι,
1552 625 1689 660 μαλακαῖς
1711 632 1740 650 τε
1764 623 1814 650 καὶ

1022 672 1183 708 ἐπικλήσεσι
1202 673 1355 707 χρώμενον,
1378 671 1424 697 τὸν
1453 670 1507 697 τῶν
1528 669 1658 696 τοιούτων
1683 668 1814 704 ἐμπειρό-

1022 726 1104 745 τατον
1107 738 1113 746 ι

1059 817 1138 844 Οὖτω
1154 817 1206 844 κὰν
1225 817 1280 848 τοῖς
1293 816 1380 850 ἁγίοις
1393 817 1421 843 ὲν
1436 816 1495 848 ταῖς
1511 815 1677 850 οἰκονομίαις
1687 824 1694 832 '
1716 816 1752 847 ὡς
1767 817 1815 843 καὶ

1024 862 1152 897 Κυρίλλῳ
1169 865 1209 897 τῷ
1227 862 1337 897 μεγάλῳ
1360 861 1389 888 ὲν
1411 861 1490 896 τῷδε.
1512 861 1619 896 Μικρὸν
1634 861 1689 896 γὰρ
1705 862 1813 892 πάντως

183 906 314 933 sustinuit
328 906 505 935 Orientalium
528 908 693 939 tarditatem,
706 915 753 935 seu
764 908 860 935 vitium
874 907 969 940 animi,

1030 908 1136 944 ινέμενε
1147 908 1201 935 τῶν
1215 909 1393 935 ’Λνατολικῶν
1400 909 1429 935 τὺ
1442 907 1600 943 βραδύνουν,
1612 907 1628 941 ἢ
1642 907 1812 942 προσπαθὲς,

184 958 215 980 ιιι
230 953 387 980 haereticum
405 961 459 980 non
475 953 663 981 existimarent
677 961 751 985 eum.
765 953 812 988 qui
829 953 972 981 haereticus

183 999 271 1034 reipsa
288 1004 355 1026 erat.
372 999 443 1032 Quid
458 999 531 1026 enim
560 999 649 1034 potius
663 1003 765 1034 ageret,
781 1007 844 1027 cum
873 999 969 1026 ortho-

184 1045 281 1072 doxam
292 1045 329 1072 illi
343 1045 423 1072 ﬁdem
436 1044 636 1080 proﬁterentur,
646 1045 673 1071 iu
689 1045 739 1071 hoc
751 1044 832 1072 etiam
841 1045 900 1080 ipso
909 1052 972 1072 eum

184 1098 264 1126 quem
285 1091 545 1124 commemorabam,
575 1091 836 1118 anathematizantes
850 1091 863 1117 ?
878 1090 974 1119 Omnis

185 1137 319 1172 siquidem
342 1138 388 1172 qui
413 1138 583 1165 orthodoxus
605 1142 648 1165 est
662 1138 689 1165 in
705 1138 843 1171 omnibus,
862 1145 973 1165 omnem

185 1183 357 1215 haereticum.
374 1183 396 1210 si
412 1183 503 1211 minus
521 1185 615 1216 verbo,
631 1188 658 1211 at
677 1184 779 1211 virtute
793 1183 975 1211 anathemati-

185 1231 239 1254 zat.
268 1227 365 1254 Postea
381 1235 446 1254 vero
460 1235 522 1254 cum
549 1229 669 1261 perfecta
689 1227 755 1262 ipsis
769 1235 847 1254 mens
861 1227 974 1259 aﬂ‘ulsit,

186 1276 254 1300 tunc
276 1280 339 1300 cum
356 1272 409 1300 illis
423 1281 455 1300 ex
470 1281 548 1308 aequo
564 1273 590 1299 in
604 1273 732 1300 omnibus
743 1279 852 1300 sanctus
863 1273 974 1302 coaluit.

187 1319 284 1345 Annon
298 1322 327 1345 et
343 1325 395 1345 nos
417 1317 489 1345 idem
503 1318 594 1345 facere
613 1317 739 1345 videmur
752 1318 764 1345 ?
776 1318 822 1353 qui
837 1318 975 1346 interdum

188 1363 325 1391 nonnullis
338 1370 432 1390 eorum
445 1363 491 1398 qui
501 1363 642 1390 nobiscum
655 1363 789 1395 sentiunt,
806 1364 832 1390 in
843 1372 873 1391 re
887 1364 976 1399 aliqua

186 1409 414 1444 discrepantibus,
429 1408 455 1436 in
475 1417 528 1444 qua
544 1417 598 1436 non
615 1417 713 1445 magna
726 1409 763 1437 sit
775 1409 911 1441 molestia.
926 1418 977 1445 pa-

188 1463 305 1490 rumque
317 1463 332 1482 a
349 1462 456 1483 summo
469 1455 532 1490 jure
551 1455 708 1483 discedatur
723 1463 730 1488 ;
746 1455 867 1490 ipsorum
879 1456 978 1484 nihilo-

189 1499 518 1529 minus‘communionem
536 1501 717 1533 admittimus,
733 1509 769 1529 ne
784 1506 896 1536 propter
920 1502 979 1529 exi-

189 1555 271 1582 guum
279 1547 428 1582 quidpiam,
441 1548 512 1582 quod
524 1548 603 1582 paulo
611 1552 674 1583 post
682 1548 778 1583 corrigi
790 1552 880 1583 queat.
891 1553 976 1576 totum

190 1593 347 1620 amittamus
365 1602 371 1619 :
398 1594 469 1628 quod
491 1593 600 1629 quidem
616 1593 804 1628 imperitorum
818 1597 901 1625 esset.
921 1601 976 1621 non

191 1645 282 1668 autem
303 1647 397 1668 eorum
417 1641 463 1676 qui
478 1641 681 1676 dispensatores
707 1646 771 1668 sunt
784 1642 976 1677 mysteriorum

193 1686 250 1714 Dei.
266 1687 322 1714 Hoc
347 1687 428 1722 igitur
440 1692 482 1714 est
507 1687 540 1714 ad
557 1691 665 1722 tempus
677 1694 818 1714 sermones
833 1695 978 1723 moresque

192 1733 348 1767 dispensare
372 1733 399 1760 in
421 1733 532 1768 judicio.
562 1736 590 1759 et
612 1732 736 1765 veritate,
753 1740 785 1760 ac
808 1733 867 1768 lege
885 1742 891 1760 :
921 1741 978 1760 non

193 1782 283 1806 autem
300 1779 326 1805 in
344 1778 487 1812 iniquitate
502 1785 535 1805 ac
550 1777 692 1806 mendacio
709 1777 736 1804 in
752 1778 921 1806 universum.
940 1778 979 1806 Ne

194 1823 299 1859 linguas
312 1828 424 1851 exeraut
438 1823 490 1851 hoc
503 1823 562 1851 loco
577 1823 720 1851 Mmchiani
738 1832 745 1856 ;
759 1831 848 1859 neque
865 1825 916 1852 via:
929 1825 979 1852 du-

194 1877 252 1896 cem
269 1874 364 1904 putent
379 1877 440 1896 eum
452 1869 498 1904 qui
512 1869 661 1904 praecipitet
676 1878 682 1901 ;
697 1877 747 1897 nec
759 1869 980 1906 gubernatorem,

194 1914 240 1949 qui
260 1914 398 1949 demergat
415 1922 422 1945 ;
447 1921 497 1941 nec
510 1914 628 1948 denique
643 1914 787 1947 medicum,
808 1915 855 1949 qui
872 1915 982 1943 morbos

196 1960 325 1992 inducat;
341 1959 434 1994 quales
446 1959 499 1994 ipsi
520 1959 604 1987 fuisse
620 1960 756 1993 videntur,
773 1961 819 1996 qui
835 1968 896 1988 cum
912 1969 982 1989 nun-

195 2006 248 2034 cho
270 2005 397 2033 meechati
428 2009 502 2038 sunt,
530 2013 592 2033 cum
615 2006 801 2033 adulterorum
826 2007 983 2041 copulatore

196 2052 333 2079 adulteros
353 2051 561 2086 copulaverunt,
574 2059 636 2079 cum
653 2052 699 2079 Dei
715 2056 873 2080 accusatore
898 2053 983 2080 Deum

196 2101 404 2126 accusaverunt.
424 2104 486 2124 cum
504 2097 643 2132 Evangelii
666 2097 838 2125 destructore
860 2097 984 2134 Evange-

197 2143 263 2169 lium
275 2142 523 2170 condestruxerunt
537 2150 613 2170 more
624 2143 740 2170 canino:
754 2143 794 2170 sic
808 2143 882 2172 enim
895 2144 985 2179 aptius

197 2188 271 2222 loqui
283 2188 370 2215 liceat.
381 2187 539 2216 Dioscorum
549 2193 638 2216 autem
647 2188 859 2216 Alexandrinum
875 2189 985 2217 haereti-

1024 954 1090 989 πρὺς
1104 955 1134 981 τὸ
1147 955 1283 989 αἱρετικὸν
1302 955 1339 990 μὴ
1357 954 1558 989 ὑπολαμϐάνειν
1575 954 1621 980 τδν
1637 954 1721 986 ὅντως
1734 954 1812 988 σίρι-

1022 1000 1108 1026 τικόν.
1122 1000 1155 1026 Τί
1166 1000 1220 1036 γὰρ
1234 997 1269 1035 ἦν
1280 1000 1343 1027 ἄλλο
1355 1000 1386 1026 τὺ
1399 999 1575 1034 μεσολαϐοὗν,
1596 999 1638 1026 ἐπ’
1655 999 1688 1026 ἂν
1700 999 1811 1034 690056-

1024 1044 1077 1077 ξως
1096 1045 1246 1080 ἐκήρυττον
1272 1045 1322 1081 τὴν
1351 1045 1455 1077 πίστιν,
1478 1046 1530 1072 κάν
1557 1045 1643 1080 τούτῳ
1665 1045 1746 1072 αὑτὸν
1767 1045 1814 1071 τ“ν

1025 1093 1262 1127 μνημονευόμενον
1290 1093 1381 1123 αὐτοῖς
1404 1092 1670 1128 ἀναθεματίζοντεςς
1703 1091 1814 1127 Ἐπειδὴ

1025 1138 1079 1169 πᾶς
1090 1138 1239 1173 δρθοθοξῶν
1262 1139 1331 1165 κατὰ
1345 1139 1446 1170 πάντα,
1467 1139 1556 1166 πάντα
1573 1139 1711 1174 αίρετικδν
1732 1139 1814 1165 δυνά-

1027 1190 1083 1218 μει.
1100 1183 1152 1210 κᾶν
1171 1183 1202 1210 οὐ
1218 1183 1333 1218 ῥήματι,
1348 1183 1552 1219 ἀναθεματίζει.
1567 1184 1683 1210 Ἔπειτα
1703 1185 1747 1210 ὅτε
1763 1184 1814 1211 αὐ-

1025 1229 1082 1259 τοῖς
1094 1228 1195 1262 ἀνῆψεν
1210 1229 1224 1254 ό
1235 1228 1338 1260 τέλειος
1356 1228 1429 1261 νοῦς,
1443 1229 1502 1256 τότε
1524 1229 1617 1260 αὐτοῖς
1632 1228 1815 1264 συναφθέντος

1026 1273 1096 1300 κατὰ
1107 1273 1195 1300 πάντα
1211 1273 1258 1300 τοῦ
1270 1273 1348 1307 ἁγίου
1360 1273 1436 1304 ῐσως.
1445 1274 1481 1300 Ἣ
1495 1273 1556 1308 οὐχι
1569 1274 1617 1300 καὶ
1625 1275 1706 1309 ἡμεῖς
1718 1274 1749 1300 τὸ
1761 1273 1812 1300 αὕ-

1026 1317 1056 1344 τὸ
1070 1317 1211 1350 ποιοῦντες
1221 1318 1389 1353 φαινόμεθα;
1408 1318 1485 1345 Ἐσθ“
1498 1319 1544 1345 ὅτε
1562 1319 1644 1345 τινῶν
1655 1319 1816 1353 ὁμογνωμό-

1027 1371 1081 1390 νων
1098 1364 1162 1398 ἡμῖν
1185 1363 1256 1390 κατά
1278 1371 1304 1389 τι
1327 1363 1550 1399 διαφερομένων·
1564 1363 1628 1390 ἔνθα
1643 1364 1673 1390 οὺ
1695 1364 1763 1390 πολὺ
1785 1363 1816 1390 τδ

1027 1409 1138 1442 λυποῦν,
1158 1409 1175 1444 ἢ
1191 1408 1303 1441 ἑξιστῶν
1315 1411 1362 1444 τῆς
1372 1409 1515 1444 ἀκριϐείας
1525 1417 1532 1426 ·
1550 1410 1597 1436 καὶ
1612 1410 1686 1444 ὅμως
1700 1409 1815 1436 καταδε-

1028 1456 1132 1491 χόμεθα
1148 1456 1198 1491 τὴν
1215 1455 1283 1490 πρὸς
1297 1456 1394 1487 αὐτοὺς
1408 1457 1553 1483 κοινωνίαν
1565 1465 1572 1472 ·
1595 1456 1640 1484 ἵνα
1658 1457 1695 1491 μὴ
1711 1456 1753 1483 διὰ
1770 1465 1816 1491 μι-

1029 1501 1094 1536 κρόν
1116 1509 1143 1527 τι
1170 1501 1267 1536 μικρὸν
1292 1500 1405 1536 ὕστερον
1428 1501 1576 1536 δυνάμενον
1599 1493 1818 1537 κατορθωθῆναι,

1029 1545 1205 1579 ἀπολέσωμεν
1218 1546 1250 1573 τὸ
1263 1547 1330 1573 πᾶν·
1343 1545 1425 1573 τοῦτο
1435 1546 1463 1573 δὲ
1473 1546 1603 1582 ἀτέχνων,
1616 1547 1663 1573 καὶ
1672 1546 1702 1573 οὐ
1716 1555 1819 1581 μυστη-

1030 1589 1095 1625 ρίων
1110 1589 1178 1617 Θεοῦ
1190 1591 1351 1626 οἰκονόμων.
1365 1590 1493 1618 Τοιοῦτον
1511 1591 1562 1626 μὲν
1585 1591 1615 1618 τὸ
1639 1591 1708 1627 πρὸς
1724 1591 1820 1626 καιρὸν

1026 1636 1178 1672 οἰκονομεῖν
1201 1637 1265 1668 τοὺς
1285 1637 1382 1671 λόγους
1399 1637 1446 1664 καὶ
1466 1637 1529 1669 τοὺς
1543 1637 1660 1672 τρόπους
1679 1637 1709 1664 ἐν
1728 1637 1818 1672 κρίσει

1028 1683 1075 1709 καὶ
1091 1683 1206 1718 ἀληθείᾳ
1224 1684 1271 1710 καὶ
1288 1683 1377 1718 νόμῳ·
1393 1683 1451 1710 ἀλλ’
1468 1683 1519 1710 οὐκ
1539 1684 1569 1710 ἐν
1588 1684 1748 1719 παρανομίᾳ
1770 1683 1819 1710 καὶ

1027 1728 1120 1762 ψεύδει
1131 1728 1162 1755 τὸ
1174 1729 1297 1756 καθόλου.
1313 1728 1358 1764 Μὴ
1375 1729 1623 1764 προϐαλλέσθωσαν
1634 1730 1683 1762 τὰς
1693 1729 1820 1763 γλώσσας

1028 1774 1054 1801 ot
1069 1774 1223 1809 Metxstavo't
1236 1773 1352 1801 ἐνταῦθα
1360 1782 1367 1789 ·
1379 1775 1447 1809 μηδὲ
1456 1774 1502 1801 τὸν
1513 1774 1694 1810 χειραγωγὸν,
1704 1782 1758 1809 κρη
1764 1783 1820 1808 μνι-

1030 1821 1096 1856 στὴν
1119 1820 1284 1847 οίέσθωσαν·
1305 1821 1371 1856 μηδὲ
1393 1822 1440 1847 τδν
1459 1820 1820 1856 κυϐερνήτην,καταποντι-

1028 1866 1189 1901 στήν.Μηδ’
1211 1866 1244 1893 ἃν
1264 1866 1310 1892 τὸν
1337 1866 1439 1902 ίατρδν,
1463 1866 1621 1893 νοσοποιόνο
1642 1862 1718 1901 ᾧπερ
1742 1867 1821 1893 αὐτοὶ

1030 1911 1221 1948 ὼμοιώθησαν,
1234 1913 1272 1947 τῷ
1289 1912 1376 1948 μοιχῷ
1391 1912 1655 1947 συμμοιχεύσαντες,
1670 1912 1709 1947 τῷ
1729 1920 1822 1947 μοιχο-

1031 1957 1132 1993 ζεύκτῃ
1148 1957 1336 1990 συζεύξαντες,
1351 1956 1390 1992 τῷ
1402 1957 1595 1992 θεοκοιτηγόρῳ
1608 1956 1822 1992 συνθεοκατηγο-

1033 2004 1177 2039 ρήσαντες,
1188 2004 1227 2039 τῷ
1240 2003 1450 2039 εὺαγγελιολύτῃ
1463 2003 1823 2037 συνευαγγελιολυτήσαντες

1033 2049 1170 2081 κυνικῶς⁸
1186 2049 1256 2076 οὕτω
1278 2049 1332 2084 γὰρ
1358 2049 1462 2084 φράσαι
1486 2049 1658 2083 οἰκειότερον.
1678 2048 1824 2083 Διόσκορον

1033 2096 1062 2123 δὲ
1080 2095 1142 2127 ποῦ,
1157 2095 1174 2131 ἢ
1195 2095 1265 2126 πῶς,
1283 2095 1328 2121 τδν
1347 2094 1552 2130 Ἀλεξανδρείας
1567 2094 1705 2130 αἱρετικὸν
1720 2094 1824 2129 Κύριλ-

1034 2141 1079 2173 λος
1091 2142 1105 2167 ό
1122 2141 1193 2172 θεῖος
1206 2141 1330 2174 ἐδέξατο,
1346 2140 1386 2172 ὥς
1403 2149 1486 2175 φασιν
1499 2141 1522 2167 oi
1539 2140 1708 2175 Μοιχειανοὶ,
1722 2141 1746 2166 οι
1758 2139 1824 2175 τιερλ⁸

1034 2187 1065 2213 τδ
1083 2186 1141 2221 φῶς
1163 2187 1305 2218 σκοτεινοὶ,
1330 2187 1356 2213 ot
1380 2186 1527 2221 κατήγοροι
1548 2185 1603 2212 τῶν
1622 2184 1726 2218 ἁγίων;
1752 2183 1823 2211 Οὔτε

197 2242 259 2261 cum
279 2234 400 2266 ubinam,
407 2239 457 2262 aut
467 2235 602 2269 quomodo
613 2234 722 2262 divinus
730 2235 846 2270 Cyrillus
855 2236 975 2271 suscepit

1037 2231 1170 2267 ἠκούσθη,
1189 2231 1252 2258 οὔτε
1269 2231 1350 2266 φύσιν
1374 2231 1431 2266 ἔχει
1456 2231 1486 2257 τὸ
1510 2230 1608 2266 ψεῦδος
1630 2230 1735 2257 αὐτῶν·
1755 2229 1824 2256 διότι

198 2285 228 2307 ιιι
242 2280 387 2307 Mcechiani
400 2279 506 2310 dicunt,
519 2279 546 2306 in
561 2279 650 2307 media
662 2279 723 2307 luce
737 2280 812 2312 caeci,
826 2285 982 2307 sanctorum

197 2326 386 2353 criminatores
402 2326 413 2352 ?
425 2333 476 2352 nec
486 2325 609 2353 auditum
617 2325 644 2352 id
658 2333 790 2360 unquam,
803 2334 854 2353 nec
865 2325 982 2360 speciem

199 2371 281 2398 ullam
295 2371 377 2398 habet
391 2370 504 2397 istorum
514 2370 684 2397 mendacium
697 2379 705 2403 ;
719 2378 780 2397 cum
794 2370 930 2405 posterior
941 2370 984 2397 ille

197 2416 291 2444 divino
302 2415 402 2451 Cyrillo
425 2414 515 2442 fuerit.
532 2414 656 2448 Quonam
670 2414 752 2450 igitur
768 2414 850 2442 modo
863 2421 926 2441 eum
937 2414 983 2449 qui

198 2467 261 2498 post
277 2462 363 2489 sancti
382 2461 486 2489 obitum
506 2461 652 2489 hmreticus
673 2461 794 2488 innotuit
808 2465 932 2495 tempore
945 2460 984 2487 la-

199 2508 338 2536 trocinalis
354 2507 498 2542 Ephesinze
510 2507 616 2543 synodi,
630 2510 693 2542 post
714 2506 821 2533 tertiam
838 2510 960 2533 sanctam
976 2513 983 2538 ;

199 2554 244 2582 ille
260 2559 380 2586 sanctus,
393 2553 448 2588 jam
464 2552 524 2581 coeli
546 2553 626 2580 sedes
638 2552 765 2587 adeptus.
787 2551 928 2587 suscepit?
941 2551 987 2579 Sic

201 2607 298 2634 nempe
310 2599 489 2632 mentiuntur,
509 2598 760 2629 fabulastexentes,
778 2601 809 2624 ut
822 2596 986 2632 simplicium

200 2646 306 2673 animas
317 2649 497 2680 aucupentur.

234 2691 366 2724 Quocirca
381 2690 455 2718 omni
479 2694 538 2717 arte
557 2696 590 2717 ac
605 2687 720 2716 scientia
743 2687 869 2722 satagite,
885 2692 916 2714 ut
926 2694 985 2715 ser-

200 2742 311 2772 pentem
325 2740 353 2764 et
366 2743 432 2764 voce
448 2735 606 2770 serpentina
619 2734 763 2769 loquentes
777 2733 986 2768 declinetis,per

201 2790 270 2817 quos
296 2782 437 2817 perierunt
449 2789 530 2816 quam
549 2779 659 2816 plurimi
670 2787 686 2806 a
699 2779 875 2815 generatione
891 2778 918 2806 in
940 2786 985 2814 ge-

203 2827 382 2855 nerationem.
403 2827 441 2855 De
460 2828 522 2855 aliis
540 2835 606 2854 vero
627 2825 888 2861 interrogationibus
911 2825 986 2852 tuis:

206 2873 234 2900 Si
252 2873 397 2907 episcopus
420 2872 629 2909 Moschusynodo
644 2879 697 2900 non
711 2870 878 2903 interfuerit,
894 2874 987 2898 vocet-

1039 2277 1267 2312 μεταγενέστερός
1287 2277 1346 2303 ἐστι
1373 2276 1420 2303 τοῦ
1444 2276 1516 2303 θείου
1534 2275 1680 2311 Κυρίλλου.
1700 2275 1764 2307 Πῶς
1776 2273 1824 2301 οὖν

1036 2322 1082 2348 τὸν
1098 2321 1167 2357 μετὰ
1182 2323 1311 2357 κοίμησιν
1324 2321 1371 2348 τοῦ
1385 2321 1464 2356 ἁγίου
1481 2321 1666 2356 γνωρισθέντα
1684 2319 1825 2355 αἱρετικὸν

1037 2368 1066 2394 ὲν
1088 2367 1177 2403 καιρῷ
1201 2368 1250 2401 τῆς
1274 2368 1425 2402 λῃστρικῆς
1446 2367 1556 2393 συνόδου
1571 2367 1603 2393 ὲν
1619 2365 1736 2401 Ἐφέσῳ,
1755 2365 1824 2401 μετὰ

1036 2412 1086 2448 τὴν
1104 2413 1198 2448 τρίτην
1218 2413 1265 2439 καὶ
1290 2412 1388 2446 ἁγίαν,
1415 2412 1495 2443 αὐτὸς
1521 2412 1536 2438 6
1559 2412 1637 2446 ἅγιος
1660 2411 1768 2444 ἐδέξατο
1790 2411 1823 2436 τὰ

1037 2458 1210 2492 ὑπερκὸσμιοι
1234 2457 1343 2492 λαχώνς
1371 2456 1451 2484 Οὕτω
1472 2457 1650 2492 ψευδοεποῦσι
1675 2456 1826 2492 μυθαρευό-

1038 2512 1132 2538 μενοι,
1152 2503 1227 2535 ὅπως
1248 2503 1402 2539 θηρεύσωσι
1429 2502 1518 2538 ψυχὰς
1541 2502 1687 2538 ἀφελότητι
1709 2510 1824 2537 πορευο-

1039 2549 1132 2585 μένας.

1074 2685 1123 2712 Διὰ
1134 2685 1212 2712 τοῦτο
1224 2684 1366 2720 τεχνοῠσθε
1380 2684 1427 2710 καὶ
1442 2682 1610 2718 γνωρίζεσθε
1628 2681 1699 2708 κατὰ
1715 2681 1806 2708 πάντα
1817 2690 1823 2697 ·

1040 2731 1084 2758 ἵνα
1103 2731 1149 2757 τὸν
1172 2731 1233 2765 ὖφιν
1247 2732 1294 2758 καὶ
1307 2731 1369 2762 τοὺς
1385 2729 1554 2764 ὁφιοφώνους
1573 2727 1710 2763 φεύγοιτε,
1726 2727 1770 2760 ἐφ’
1784 2725 1826 2758 οἷς

1039 2777 1181 2808 ὠλέκοντο,
1198 2778 1239 2804 ὅτι
1258 2777 1373 2812 μάλιστα
1396 2776 1519 2802 πλεῖστοι
1539 2775 1596 2802 ἀπὸ
1610 2773 1710 2809 γενεῶν
1725 2773 1764 2804 είς
1776 2781 1824 2806 γι-

1040 2823 1112 2854 νεάς.
1132 2822 1199 2857 Περὶ
1222 2822 1251 2849 δὲ
1274 2822 1328 2848 τῶν
1346 2821 1434 2849 ἄλλων
1451 2821 1591 2847 πεύσεων·
1608 2819 1638 2845 Εἰ
1650 2820 1664 2845 ὸ
1676 2818 1826 2849 ἐπίσκοπος

1040 2867 1089 2903 οὐχ
1106 2866 1220 2903 εὓρηται
1246 2868 1284 2898 είς
1300 2866 1349 2900 τὴν
1374 2865 1572 2900 μοιχοσύνοδον,
1590 2863 1685 2898 καλοῖη
1696 2863 1724 2890 δὲ
1739 2863 1826 2899 αὐτὴν
