1926 3078
176 108 240 142 1091

767 103 797 132 S.
813 97 1011 132 THEODORI
1030 96 1205 128 STUDIT/E

1731 87 1802 121 1092

173 175 234 196 sum
249 175 257 200 ;
272 164 427 195 communis
441 169 531 192 tamen
551 166 671 198 quaestus
687 159 776 188 studio
795 156 960 186 conferenda
973 180 975 183 .

1027 161 1086 188 μως
1101 152 1145 179 διά
1159 151 1190 178 τδ
1204 150 1281 186 κοινῇ
1296 147 1438 185 συμφέρον
1455 144 1626 174 είσενεκτέον
1641 143 1691 170 καὶ
1705 143 1755 170 νῦν
1767 144 1803 171 τὰ

171 214 323 241 etiamnum
342 218 403 246 qua
426 216 582 245 possItmus.
608 207 728 241 Quaestio
741 210 786 233 tua
798 205 832 232 de
843 201 963 239 Digamis

175 259 226 286 fuit
240 267 248 292 ;
261 257 332 293 quod
343 257 377 284 de
390 263 486 283 eorum
500 253 693 289 conjunctione
703 251 856 279 dubitattnu
870 247 963 280 fuerit,

175 304 338 333 coronarine
365 303 436 330 sicut
460 300 614 335 monagami
638 300 767 331 debeant,
796 295 916 325 annon?
937 298 966 322 et

175 358 294 387 quonam
314 354 405 385 pacto,
430 348 453 376 si
467 347 577 382 quidem
593 346 645 373 hoc
670 345 728 377 ﬁat,
751 343 964 387 coniungantur,

177 385 318 424 sacerdote
338 394 397 421 illos
414 392 527 420 minime
546 391 710 426 copulante:
730 388 829 415 famam
846 393 919 418 esse,
932 385 966 412 ab

178 440 254 475 impii
273 437 445 467 Constantini
460 435 629 471 temporibus
652 433 803 461 obtinuisse
817 434 967 459 consuetu-

178 486 269 513 dinem
285 485 406 520 digamos
422 481 581 514 coronandi,
598 488 631 508 ex
650 479 749 514 triplici
767 478 826 512 ejus
841 475 967 510 coniugio

179 536 268 558 natam
281 538 289 562 -,
302 537 363 556 cum
379 527 503 563 superior
519 531 582 554 ante
595 526 670 552 illum
688 523 819 552 memoria
835 529 891 549 non
905 521 967 548 fue-

180 577 227 604 rit.
250 576 304 611 Ego
325 582 401 606 vero,
424 574 489 609 quin
518 571 674 600 verisimilis
701 578 733 598 ea
752 569 824 597 fama
845 568 889 600 sit,
911 575 968 594 non

181 629 316 657 repugno.
341 620 476 647 Caeterum
487 619 589 646 debent
603 617 727 644 veritatis
739 615 854 643 studiosi
868 621 924 641 non
936 621 969 640 ex

182 672 286 694 temere
302 665 408 701 vulgata
434 664 515 696 fama,
529 670 619 698 neque
632 670 665 690 ex
680 662 801 689 humana
824 663 971 687 consuetu-

181 712 254 744 dine,
278 718 368 738 rerum
381 709 460 736 ﬁdem
472 709 595 743 accipere
613 716 620 740 ;
634 707 682 734 sed
694 714 729 734 ex
742 705 807 741 ipsis
819 703 972 739 sacrigﬁt-

183 757 249 784 tcris
260 760 288 783 et
305 759 415 790 paterna
433 758 514 788 atque
531 752 664 781 canonica
677 751 833 779 traditione.
850 749 971 784 Digamia

182 810 247 837 ergo
274 800 406 836 permissa
429 799 504 826 haud
527 797 609 826 dubie
632 797 711 825 fuita
724 800 819 824 sancto
831 795 970 830 Apostolo,

182 851 211 874 et
222 854 270 881 per
286 846 375 881 ipsum
386 853 401 873 a
418 845 537 872 Christo.
555 843 654 871 Verum
671 843 730 870 hinc
744 842 786 869 lex
807 849 862 868 non
875 845 926 873 est,
941 844 972 867 ut

183 892 333 927 Gregorius
343 890 496 926 Theologus
510 889 558 922 ait,
567 888 614 916 sed
629 887 796 923 indulgentia
808 895 815 913 :
828 886 972 921 indulgen-

185 938 222 965 tia
231 942 321 965 autem
335 943 506 971 nequaquam
521 937 548 963 in
560 942 594 963 eo
607 934 729 962 cernitur
737 933 809 968 quod
821 932 973 968 reprehen-

184 983 261 1011 sione
269 987 297 1010 et
311 982 389 1018 culpa
402 985 494 1009 careat
505 989 511 1008 :
522 980 569 1016 qui
580 980 653 1007 enim
665 983 694 1007 et
706 986 787 1014 quam
798 978 834 1005 ob
841 985 950 1005 causam
961 977 974 1004 ἵ

184 1029 232 1057 sed
259 1028 305 1055 ubi
336 1027 533 1060 succumbitur,
558 1032 690 1060 noxzuque
714 1024 796 1052 aliine
820 1028 872 1057 est,
899 1022 973 1059 quod

185 1075 283 1110 agitur.
299 1073 356 1101 Hoc
369 1073 443 1100 enim
457 1072 547 1107 ipsum
563 1071 673 1099 divinus
691 1070 839 1105 Apostolus
853 1069 974 1096 insinua-

186 1120 236 1152 vit,
250 1127 311 1146 cum
324 1118 427 1146 diceret
439 1127 447 1145 :
462 1117 492 1145 Si
502 1126 530 1145 se
543 1125 594 1144 non
608 1117 753 1148 continent,
773 1114 913 1142 nubant“.
929 1114 974 1142 ln-

186 1165 354 1193 continentia
377 1164 479 1199 quippe
502 1171 563 1198 quae
582 1162 749 1190 fortitudinis
770 1162 854 1189 robur
872 1160 973 1192 amisit,

186 1211 265 1238 victae
290 1213 486 1245 prostrataque
507 1212 551 1236 est
565 1213 680 1236 naturae.
702 1206 750 1235 His
765 1206 880 1242 permoti
890 1205 974 1233 divini

186 1253 282 1282 Patres
306 1253 428 1289 digamos
444 1253 533 1289 poenis
555 1253 741 1288 subiecerunt,
763 1253 791 1279 in
816 1250 974 1279 Laodicensi

188 1300 299 1334 quidem
314 1299 409 1334 synodi
430 1298 572 1326 indeﬁnite
583 1299 618 1330 ",
631 1305 695 1326 cum
713 1298 827 1325 dicunt:
842 1297 879 1325 Ut
891 1304 975 1331 parvo

190 1349 313 1379 tempore
335 1349 432 1372 exacto
447 1349 545 1372 vacent
568 1344 739 1371 orationibus
754 1348 782 1370 et
798 1343 910 1378 jejuniis
927 1350 934 1368 :
949 1346 977 1369 et

189 1390 340 1417 secundum
367 1389 563 1425 indulgentiam
591 1389 811 1417 communionem
836 1388 912 1415 reddi
935 1387 976 1415 eis

189 1435 378 1463 decrevimus:
401 1443 516 1471 magnus
536 1442 602 1463 vero
617 1434 731 1462 Basilius
752 1434 863 1461 deﬁnite
877 1434 908 1460 “.
931 1433 977 1460 Sic

189 1481 262 1509 enim
276 1481 314 1508 ait
327 1490 335 1509 :
352 1481 391 1510 De
406 1481 529 1517 trigamis
551 1486 579 1509 et
592 1480 739 1516 polygamis
754 1480 879 1508 eumdem
893 1486 976 1506 cano-
990 1498 1012 1529 Ο

190 1535 253 1555 nem
268 1527 433 1555 deﬁnierunt
447 1527 551 1560 Patres,
567 1527 697 1554 nimirum
714 1534 794 1561 quem
806 1525 834 1553 in
849 1525 976 1561 digamis,

191 1574 367 1609 proportione
379 1582 497 1603 :annum
512 1575 585 1603 enim
600 1575 628 1603 in
646 1574 761 1611 digamis
776 1583 782 1601 :
799 1575 826 1601 in
840 1573 900 1600 aliis
914 1580 979 1600 vero

191 1621 260 1648 duos
283 1629 378 1649 annos.
406 1621 484 1649 Patet
499 1621 581 1657 igitur
603 1629 636 1649 ex
662 1622 695 1649 iis
718 1628 778 1656 qua:
804 1620 875 1648 dicta
905 1624 979 1653 sunt,

191 1666 315 1702 digamiae
328 1671 455 1702 tanquam
464 1667 588 1695 obnoxiae
598 1667 754 1702 impositam
765 1674 873 1701 poenam
883 1665 979 1693 fuisse.

191 1711 338 1747 Propterea
361 1713 433 1740 enim
451 1717 479 1740 et
497 1713 583 1740 sancti
606 1713 700 1740 Patres
722 1712 817 1748 synodi
837 1713 980 1740 Neocaesa-

191 1758 290 1785 riensis
305 1757 327 1774 ⁸⁷
351 1759 507 1794 presbytero
531 1758 741 1792 interdixerunt,
767 1766 801 1786 ne
827 1758 855 1785 in
880 1757 981 1792 digami

193 1803 297 1839 nuptiis
311 1804 448 1840 epuletur.

230 1932 400 1963 Cum~enim.
416 1931 555 1968 inquiunt,
573 1931 733 1967 pmnitentia
748 1932 872 1966 digamus
891 1934 980 1966 egeat,

191 1981 254 2016 quis
277 1981 329 2008 erit
347 1980 488 2015 presbyter
502 1980 549 2014 qui
572 1987 622 2014 per
640 1978 795 2006 convivium
815 1986 980 2005 consensum

195 2027 315 2062 praebeat
338 2025 437 2053 talibus
460 2025 583 2060 nuptiis?
603 2024 674 2057 Quid
699 2032 764 2059 ergo
783 2031 815 2051 ex
840 2024 882 2050 his
908 2022 981 2050 aliud

194 2072 349 2100 necessario
360 2071 511 2103 conﬁcitur,
527 2079 607 2106 quam
620 2071 721 2106 primas
736 2070 845 2105 quidem
861 2070 980 2104 nuptias,

195 2121 225 2144 ut
239 2124 300 2152 quae
311 2117 419 2151 proprie
433 2117 477 2143 lex
491 2116 557 2149 sint,
572 2116 671 2143 merito
683 2114 809 2143 coronari
828 2122 843 2141 a
856 2115 982 2142 sacerdo-

1014 198 1086 225 κατά
1104 197 1230 232 δύναμιν.
1251 195 1284 222 Ἦ
1297 193 1433 230 ἐρώτησίς
1445 201 1492 220 σου
1511 191 1576 226 περὶ
1587 191 1642 217 τῶν
1656 189 1782 225 διγάμων
1793 197 1802 204 ·

1014 245 1057 272 ὅτι
1080 241 1340 280 ἀμφισϐητούμενον
1357 241 1414 267 ἐστι
1432 239 1497 274 περὶ
1512 239 1564 273 τῆς
1581 237 1731 270 συναφείας
1753 236 1805 263 αὐ-

1015 289 1080 322 τῶν,
1094 287 1150 324 ἆρα
1170 286 1367 322 στεφανοῦσθαι
1380 285 1479 317 αὐτοὺς
1490 304 1498 316 ,
1511 283 1548 315 ὡς
1565 282 1676 310 ἐπὶτῶν
1689 281 1806 317 μονογά-

1018 343 1092 370 μων,
1106 334 1123 368 ἢ
1152 334 1211 369 μή;
1229 332 1278 359 καὶ
1297 332 1371 365 πῶς,
1401 330 1448 357 ὲάν
1475 329 1554 356 τοῦτο
1579 328 1744 363 γενήσεται,
1761 326 1806 361 εῐη

1017 379 1163 413 συνάφεια,
1190 379 1227 414 μὴ
1247 377 1299 404 ὑπὸ
1312 377 1358 403 τοῦ
1377 376 1475 412 ἱερέως
1492 374 1683 409 ζευγνυμένων
1696 373 1806 404 αὑτῶνς

1016 426 1058 453 ὃτι
1090 424 1203 460 φέρεται
1231 423 1310 458 λόγος
1336 422 1389 451 ἀπὸ
1415 421 1469 448 τῶν
1493 420 1608 456 ἡμερῶν
1622 418 1669 446 τοῦ
1691 418 1807 450 ἀσεϐοῦς

1018 469 1223 499 Κωνσταντίνου
1240 469 1379 504 κρατῆσαι
1397 467 1448 502 τὴν
1471 466 1615 501 συνήθειαν
1630 464 1678 491 τοῦ
1695 464 1809 500 διγαμι-

1017 516 1066 544 κοῦ
1086 514 1307 551 στεφανώματος,
1317 515 1349 540 ἐκ
1363 512 1411 540 τοῦ
1424 512 1484 539 κατ’
1493 511 1575 538 αὐτὸν
1585 510 1808 546 τριγαμήματος·

1019 562 1081 589 ἐπεὶ
1101 562 1139 597 μὴ
1158 559 1227 588 εἶναι
1244 561 1274 587 έν
1289 561 1348 591 τοῖς
1361 559 1421 594 ῖπρδ
1444 557 1528 585 αὑτοῦ
1544 557 1662 592 χρόνοις.
1689 555 1760 590 Ἐγὼ
1780 556 1811 583 δὲ

1019 608 1092 644 ἔχειν
1105 607 1153 643 μὲν
1165 607 1212 634 τὸν
1225 606 1303 641 λόγον
1318 605 1349 632 τὺ
1361 605 1457 632 πιστὸν
1469 603 1595 631 ἐντεῦθεν
1610 603 1660 630 οὐκ
1681 603 1811 630 ἀποδοκι-

1022 652 1111 688 μάζω.
1126 653 1172 679 Δεῖ
1187 652 1215 678 δὲ
1236 652 1310 686 ὅμως
1324 651 1380 681 τοῖς
1395 649 1523 684 ἀληθείας
1545 649 1675 685 ἐρασταῖς
1688 668 1696 681 ,
1713 647 1751 683 μὴ
1778 648 1811 674 ὲκ

1021 698 1118 732 φορᾶς,
1142 696 1180 728 ὡς
1202 695 1289 730 ἔτυχε.
1307 694 1402 729 λόγου,
1418 694 1435 728 ἢ
1465 693 1612 728 συνηθείας
1636 692 1812 728 ἀνθρωπίνης

1022 743 1183 771 πιστοῦσθαι
1195 742 1229 768 τὰ
1243 741 1394 777 πράγματα
1405 748 1412 755 '
1421 739 1515 772 ἀλλ’ὲξ
1528 739 1612 774 αὐτῆς
1626 739 1674 774 τῆς
1683 738 1813 765 θεοπνεύ‹

1025 797 1088 816 στου
1107 788 1229 823 Γραφῆς,
1243 787 1289 813 καὶ
1306 786 1357 821 τῆς
1366 785 1506 820 [ἰατρικῆς
1518 784 1565 811 καὶ
1581 783 1725 818 κανονικῆς
1738 782 1814 809 ἐκδό-

1024 843 1101 866 σεως.
1109 834 1142 860 Ἦ
1151 834 1200 868 μὲν
1208 830 1254 859 οὖν
1262 831 1376 866 διγαμία
1385 829 1616 866 παρακεχώρηται
1627 828 1747 863 δηλονότι
1760 827 1813 855 om

1023 879 1069 907 τοῦ
1087 879 1160 915 ἱεροῦ
1179 878 1354 910 Ἀποστόλου,
1370 877 1417 903 καὶ
1431 876 1465 903 δι’
1479 875 1561 902 αὐτοῦ
1578 875 1653 910 παρὰ
1666 874 1785 910 Χριστοῦ
1803 881 1810 889 ·

1027 925 1058 952 οὐ
1089 925 1142 961 μὴν
1170 924 1262 959 νόμος,
1278 923 1372 958 ὥσπερ
1390 923 1403 949 ὁ
1418 921 1551 955 Θεολόγος
1570 919 1729 956 Γρηγορίος,
1743 919 1814 946 ἀλλά

1025 970 1199 1007 συγχώρησις
1216 978 1223 985 ·
1255 968 1430 1004 συγχώρησις
1456 967 1485 994 δὲ
1513 967 1563 994 οὐκ
1591 966 1638 992 ἐπὶ
1666 965 1813 1000 ἀμέμπτου

1023 1018 1070 1045 καὶ
1098 1017 1249 1044 ἀπταίστου
1279 1015 1377 1049 γένοιτ’
1391 1014 1424 1040 ἄν
1442 1022 1449 1028 ·
1479 1013 1537 1044 πῶς
1563 1012 1628 1048 γὰρ,
1652 1012 1699 1038 καὶ
1716 1011 1812 1044 διατί;

1024 1064 1080 1091 ἀλλ’
1095 1064 1141 1090 ἐπὶ
1153 1063 1239 1098 ἥττης
1255 1061 1328 1092 τινος
1345 1061 1393 1087 καὶ
1419 1059 1559 1094 ἁλωσίμου
1575 1058 1724 1094 δράματος.
1742 1057 1815 1084 Αὐτὸ

1024 1110 1079 1145 γὰρ
1103 1108 1182 1136 τοῦτο
1204 1109 1217 1135 ὸ
1233 1107 1304 1139 θεῖος
1323 1105 1485 1136 Ἀπόστολος
1512 1105 1623 1140 ᾐνίξατο
1656 1102 1762 1130 εἰπών·
1780 1103 1816 1130 El

1025 1157 1080 1183 οὐκ
1105 1153 1344 1189 ἐγκρατεύονται,
1364 1150 1599 1186 γαμησάτωσαν.
1616 1149 1649 1175 Ἦ
1674 1148 1703 1175 δὲ
1725 1149 1816 1184 ἀκρα-

1026 1202 1071 1229 σία
1091 1201 1120 1228 ab
1134 1200 1234 1236 κράτος
1248 1199 1295 1234 τῆς
1320 1198 1444 1234 ἀνδρείας
1466 1196 1635 1228 ἀπολέσασα,
1649 1195 1734 1230 ἥττης
1755 1194 1816 1221 ἐστὶ

1025 1247 1074 1274 καὶ
1094 1244 1281 1277 ἀπο-πτώσεως
1307 1244 1430 1278 ἔκγονον.
1449 1241 1591 1268 Ἐντεῦθεν
1607 1240 1776 1276 ὁρμηθέντες
1791 1239 1817 1266 οἰ

1027 1292 1093 1319 θεῖοι
1122 1291 1255 1326 Πατέρες,
1285 1288 1419 1324 ἐπιτιμίῳ
1443 1286 1579 1313 ὑπέὸαλον
1594 1287 1656 1317 τοὺς
1668 1285 1818 1320 διγάμους,

1026 1339 1051 1364 οἱ
1077 1337 1127 1372 μὲν
1145 1336 1195 1371 τῆς
1217 1337 1244 1362 ὲν
1259 1334 1406 1368 Λαοδικείᾳ
1425 1333 1536 1360 σύνοδον
1553 1331 1700 1367 ἀορίστως,
1711 1330 1756 1356 διά
1770 1328 1818 1356 τοῦ

1026 1384 1114 1410 είπεῑν
1127 1390 1134 1398 ·
1159 1381 1266 1415 Ὀλίγου
1288 1380 1385 1416 χρόνου
1400 1378 1582 1414 παρελθόντος
1601 1377 1650 1402 καὶ
1667 1375 1819 1410 σχολάσαν-

1026 1438 1076 1460 ἰας
1090 1429 1118 1455 ἐν
1132 1428 1193 1458 ταῖς
1207 1427 1376 1462 προσευχαῖς
1389 1425 1438 1452 καὶ
1450 1423 1599 1459 νηστείαις,
1611 1422 1682 1448 κατά
1693 1419 1819 1454 συγγνώ-

1030 1482 1084 1510 μην
1100 1472 1275 1500 ἀποδίδοσθαι
1290 1471 1383 1502 αὺτοῖς
1398 1470 1448 1504 τὴν
1468 1469 1612 1496 κοινωνίαν
1627 1466 1770 1502 ὼρίσαμεν
1785 1473 1793 1481 ’
1805 1466 1821 1492 δ

1029 1520 1058 1546 δὲ
1078 1520 1163 1554 μέγας
1177 1517 1316 1548 Βασίλειος
1328 1516 1498 1552 ὡρισμένως.
1512 1515 1581 1550 Φησὶ
1593 1513 1645 1549 γάρ
1657 1520 1663 1527 ·
1683 1512 1751 1547 Περὶ
1761 1520 1821 1547 τρι-

1029 1565 1127 1601 γάμων
1147 1564 1195 1590 καὶ
1208 1563 1373 1597 πολυγάμων
1389 1561 1435 1588 τὸν
1456 1560 1537 1587 αὐτὸν
1560 1559 1664 1594 ὥρισαν
1679 1557 1781 1585 κανόνα
1795 1557 1821 1583 οι

1030 1610 1164 1646 Πατέρες,
1180 1609 1301 1644 δηλονότι
1315 1607 1347 1634 ὃν
1372 1607 1420 1634 καὶ
1439 1607 1485 1633 ἐπὶ
1500 1605 1556 1632 τῶν
1576 1605 1711 1639 διγάμων,
1727 1603 1821 1630 ἀναλό-

1030 1665 1087 1692 γως
1101 1665 1108 1672 ·
1123 1655 1247 1683 ἐνιαυτὸν
1268 1654 1317 1690 μὲν
1331 1653 1385 1688 γὰρ
1403 1653 1450 1679 ἐπὶ
1468 1653 1522 1678 τῶν
1537 1651 1661 1686 διγάμων
1674 1659 1681 1665 ·
1698 1650 1774 1677 ἄλλοι
1791 1648 1820 1675 δὲ

1029 1703 1076 1730 δύο
1088 1703 1146 1738 ἐτη.
1158 1701 1298 1728 Δέδεικται
1315 1701 1404 1726 τοίνυν
1419 1700 1451 1725 ὲκ
1463 1698 1518 1725 τῶν
1539 1698 1687 1733 ῥηθέντων,
1708 1695 1746 1727 ὡς
1767 1695 1820 1722 ὑπὸ

1030 1749 1060 1776 τὸ
1074 1748 1204 1775 πταιστδν
1221 1747 1350 1781 γεγονυῖα
1372 1747 1388 1780 ἠ
1406 1744 1523 1779 διγαμία
1545 1744 1652 1779 εἰλήφει
1676 1742 1707 1768 τὸ
1730 1741 1822 1769 ὲπιτί-

1032 1803 1102 1829 μιον.
1116 1793 1164 1820 Διὰ
1188 1793 1268 1819 τοῦτο
1294 1791 1349 1826 γὰρ
1373 1791 1419 1818 καὶ
1443 1791 1467 1816 oi
1489 1790 1540 1824 τῆς
1565 1789 1593 1815 ὲν
1618 1787 1823 1823 Νεοκαισαρείᾳ.

1031 1839 1141 1865 συνόδου
1157 1838 1231 1871 ἅγιοι
1248 1837 1371 1872 Πατέρες
1389 1835 1524 1870 ἀπεῖρξαν
1540 1834 1588 1861 καὶ
1600 1833 1646 1860 τοῦ
1663 1833 1824 1868 έστιαθῆναι

1033 1883 1223 1920 πρεσϐύτερον
1236 1883 1276 1914 εἰς
1292 1880 1473 1916 διγαμοῦντος
1489 1880 1589 1914 γάμον.

1067 1930 1212 1964 Λέγοντες,
1221 1928 1298 1954 Ἐπεὶ⁸
1309 1928 1454 1963 μετάνοιαν
1467 1925 1610 1956 αἰτοῦντος·
1619 1923 1664 1951 τοῦ
1677 1923 1826 1958 διγαμοῦν-

1030 1984 1086 2008 τος,
1106 1975 1147 2006 τίς
1164 1974 1242 2001 ἐσται
1261 1974 1274 2000 ὁ
1291 1972 1476 2008 πρεσϐύτερος
1498 1971 1512 1997 ὁ
1531 1971 1575 1996 διὰ
1596 1970 1645 2004 τῆς
1676 1970 1826 2000 ἑστιάσεως

1033 2020 1300 2056 συγκατατιθέμενος
1310 2018 1492 2052 τοῖςγάμοις;
1510 2017 1542 2043 Τί
1559 2016 1607 2043 οὖν
1622 2016 1652 2042 τὸ
1669 2023 1825 2050 συμπεραιο

1033 2069 1145 2103 νόμενον
1173 2066 1204 2099 ἐξ
1227 2065 1400 2100 ἀναγκαίους
1419 2064 1481 2090 Ὅτι
1494 2064 1508 2090 ό
1525 2062 1574 2098 μὲν
1597 2061 1706 2097 πρῶτος
1723 2061 1824 2095 γάμος,

1036 2114 1074 2145 ὡς
1096 2113 1199 2148 κυρίως
1222 2111 1261 2138 ὣν
1290 2111 1384 2145 νόμος.
1419 2109 1532 2140 εἰκότως
1556 2107 1742 2141 ἐστεφάνωται
1773 2106 1827 2133 ὑπὸ

194 2163 234 2190 tio
247 2151 322 2190 velut
336 2162 450 2189 intactas
473 2165 502 2189 et
516 2161 714 2194 immaculatas,
731 2165 859 2195 tanquam
879 2167 894 2187 a
913 2160 975 2187 libi-

1033 2159 1083 2194 τῆς
1117 2158 1278 2193 ἱερωσύνης,
1309 2156 1347 2186 ὼς
1375 2155 1525 2187 ἀνέπαφος,
1557 2153 1595 2184 ὼς
1623 2153 1757 2187 ἄρρυπος,
1787 2151 1827 2182 ὡς

193 2207 266 2234 dinis
286 2211 350 2234 nota
375 2206 530 2234 immunes:
545 2210 627 2241 atque
648 2206 684 2233 ob
707 2206 777 2233 hanc
797 2213 906 2232 causam
929 2212 979 2232 ceu

195 2253 300 2288 peccati
314 2253 441 2280 victrices
461 2253 606 2280 coronari?
623 2252 662 2279 Ex
675 2260 730 2287 quo
749 2252 873 2287 sequitur
887 2255 916 2278 et
936 2258 980 2278 sa-

193 2307 302 2326 crorum
318 2299 501 2334 participatio,
518 2299 632 2333 ejusque
645 2298 690 2333 qui
707 2299 858 2330 coronavit,
883 2302 912 2326 et
930 2305 981 2325 cu-

192 2345 346 2381 juscunque
371 2345 485 2373 alterius
505 2345 671 2377 sacerdotis,
700 2345 728 2372 in
754 2345 853 2372 talibus
875 2343 980 2379 nuptiis

193 2391 368 2418 comessatio.
399 2389 635 2423 Quemadmodum
662 2390 689 2417 in
703 2390 776 2418 Cana
791 2389 906 2417 Galilzere
926 2389 980 2416 Do-

194 2436 286 2463 minus
308 2440 336 2463 et
352 2435 424 2463 Deus
445 2440 539 2463 noster
558 2436 693 2470 prandere
715 2435 843 2471 dignatus
860 2439 913 2466 est,
932 2442 981 2470 per

195 2490 274 2509 suum
294 2481 359 2509 illud
381 2482 536 2509 convivium
550 2481 681 2517 nuptialia
699 2481 815 2516 prandia
829 2480 920 2508 omnia
932 2480 980 2508 be-

196 2526 336 2554 nedicens.
360 2526 431 2559 Quin
447 2532 475 2554 et
495 2527 646 2553 coronariae
667 2525 851 2560 impositionis
866 2525 983 2552 benedi-

194 2572 315 2600 ctionem
335 2572 499 2607 anticipans,
515 2581 546 2599 ea
564 2572 683 2607 primum
697 2576 840 2606 parentem
856 2575 983 2598 nostrum

195 2618 280 2646 Adam
302 2618 444 2653 impertiit.
464 2617 622 2651 Quomodo?
635 2617 669 2644 Et
689 2617 787 2644 creavit
811 2617 879 2643 Deus
899 2617 984 2644 hami-

198 2673 256 2691 nem
272 2672 282 2691 :
296 2664 331 2690 ad
349 2664 492 2699 imaginem
511 2664 559 2691 Dei
572 2664 671 2691 creavit
695 2663 781 2694 illum,
799 2663 944 2690 masculum
958 2667 983 2690 et

196 2711 321 2745 feminam
336 2712 435 2738 creavit
450 2718 493 2738 eos
507 2710 710 2745 :benedixitque
722 2709 777 2736 illis
792 2709 872 2742 Deus,
885 2713 909 2736 et
922 2710 961 2736 nit
972 2717 983 2737 :

196 2754 322 2789 Crescite,
344 2761 370 2783 et
396 2756 623 2792 multiplicamini,
646 2760 671 2783 et
697 2755 795 2790 replete
820 2759 928 2788 terram,
957 2760 982 2782 et

1033 2205 1170 2235 ἀνάλωτος
1186 2201 1308 2238 πορνικῷ
1324 2201 1417 2233 πάθει,
1433 2200 1480 2227 καὶ
1496 2199 1541 2226 δια
1562 2198 1640 2225 τοῦτο
1660 2197 1697 2229 ὡς
1712 2197 1827 2232 νικητὴς

1032 2251 1083 2286 τῆς
1097 2249 1235 2286 ἁμαρτίας
1257 2247 1491 2282 κατεστεμμένος.
1512 2245 1570 2279 Ἐφ’
1582 2242 1604 2279 ᾧ
1629 2244 1724 2271 ἕπεται
1741 2244 1758 2279 ή
1772 2243 1828 2270 τῶν

1032 2298 1212 2332 ἀγιασμάτων
1238 2295 1392 2332 μετάληψις
1405 2316 1412 2327 ,
1426 2296 1472 2322 καὶ
1485 2295 1502 2330 ἡ
1526 2293 1573 2320 τοῦ
1592 2292 1827 2327 στεφανώσαντος,

1033 2344 1080 2371 καὶ
1105 2343 1205 2374 παντὸς
1227 2342 1307 2369 ἀλλον
1334 2340 1523 2377 ἱερατικοῢ,ἐν
1549 2339 1589 2374 τῷ
1610 2338 1723 2372 τοιούτῳ
1745 2337 1830 2371 γάμῳ

1033 2390 1164 2420 ἑστίασις.
1180 2388 1260 2416 Καθά
1273 2389 1319 2415 καὶ
1335 2389 1349 2415 ό
1361 2387 1465 2423 Κύριος
1478 2387 1524 2413 καὶ
1537 2385 1604 2418 Θεὸς
1619 2385 1697 2421 ἡμῶν
1709 2385 1738 2410 ἐν
1749 2384 1830 2418 Κανᾷ

1033 2436 1084 2470 τῆς
1109 2434 1253 2465 Γαλιλαίας
1280 2434 1399 2468 ἠξίωσεν
1420 2432 1577 2468 ἀριστῆσαι,
1589 2431 1634 2458 διά
1659 2431 1711 2465 τῆς
1736 2431 1829 2456 ἐκεῖσε

1035 2480 1183 2511 ἑστιάσεως
1211 2480 1299 2507 πάντα
1310 2479 1342 2516 [ί.
1360 2479 1414 2505 πᾶν
1429 2477 1470 2514 τὸ]
1492 2477 1610 2512 γαμικὸν
1633 2477 1744 2512 ἄριστον
1760 2484 1830 2503 κατ-

1036 2526 1291 2561 ευλογήσας.¹Λλλά
1316 2526 1362 2552 καὶ
1375 2525 1426 2559 τῆς
1454 2523 1618 2558 στεφανικῆς
1639 2523 1766 2559 ἀρμογῆς
1782 2523 1831 2548 αὖ·

1035 2573 1081 2605 τδς
1110 2571 1255 2607 προλαὸὼν
1279 2571 1329 2607 τὴν
1353 2570 1478 2604 εὐλογίαν
1494 2570 1571 2596 ἔθετο
1588 2569 1635 2596 ἐπὶ
1647 2570 1694 2595 τοῦ
1712 2569 1830 2603 ἁρχιπά-

1032 2627 1110 2653 τορος
1126 2618 1309 2653 ἡμῶνἎδάμ·
1327 2617 1400 2649 πῶς
1419 2617 1475 2644 Καὶ
1490 2615 1638 2649 ἐποίησεν
1657 2616 1673 2642 ό
1688 2615 1761 2647 Θεὸς
1777 2614 1830 2641 τὸν

1031 2663 1378 2698 ἄνθρωπον-κατέίκόνα
1388 2662 1462 2689 Θεοῦ
1473 2661 1620 2695 ἐποίησεν
1627 2660 1832 2694 αὑτὸν,ἆρσεν

1031 2711 1079 2738 καί
1088 2711 1166 2745 θῆλυ
1174 2711 1320 2744 ἐποίησεν
1327 2709 1449 2742 αὐτούς·
1459 2709 1507 2736 καὶ
1517 2708 1687 2742 εὐλόγησεν
1693 2705 1806 2739 αὐτοὺς
1815 2706 1833 2733 δ

1031 2756 1224 2791 Θεὸς,λέγ·ων·
1232 2753 1468 2788 Adliciunt)er
1483 2753 1686 2788 πληθύνεσθε,
1695 2752 1743 2779 καὶ
1751 2753 1832 2785 πλη-

231 2811 254 2827 ⁸⁸
267 2811 277 2838 I
293 2811 355 2840 Cor.
370 2820 417 2846 vtt,
432 2812 458 2840 9.
496 2812 518 2828 ⁸⁸
531 2811 614 2840 Laod.
635 2819 696 2840 can.
714 2811 740 2839 l.
777 2811 800 2828 “
810 2810 838 2839 In
851 2810 937 2846 Epist.
951 2811 984 2840 ad
997 2811 1169 2847 Amphiloclt.
1182 2818 1244 2840 can.
1262 2811 1287 2838 4.
1324 2810 1347 2827 ⁸⁷
1360 2809 1428 2839 Cau.
1442 2809 1465 2837 7.
