1926 3078
88 91 157 124 1093

702 92 969 124 EPISTOLARUM
990 93 1065 124 LIB.
1081 93 1094 122 Ι
1099 115 1105 122 .

1644 85 1714 119 1094

81 145 201 180 mare
213 143 270 177 τὴν
279 144 348 178 γῆν,
356 144 406 172 καί
421 145 674 180 κατακυριεύσατε
685 145 789 180 αὐτῆς.
802 146 877 181 Αὕτη
891 171 893 174 ,

945 146 1103 173 ominamim'
1121 145 1179 180 ejus
1188 144 1222 172 ⁸⁸.
1245 143 1309 172 Haec
1328 143 1410 179 igitur
1433 141 1590 171 benedictio
1608 141 1715 176 copulae

87 190 133 218 οὖν
156 192 174 226 ἡ
189 190 302 225 εὐλογία
314 191 367 226 τῆς
380 193 502 227 γαμικῆς
526 193 683 227 συναφείας,
702 193 750 227 ἀφ’
759 189 794 228 ἦς
825 193 879 220 πᾶ-

87 246 122 265 σα
149 236 307 271 εὐλογιστία
335 237 523 273 μονογαμικῆς
547 238 722 271 συζεύξεως·
741 239 802 266 ἐπεὶ
832 239 879 266 καὶ

88 283 245 318 μονόγαμος
280 281 376 318 ’Δδάμ.
401 282 595 319 Ἐπιτηρητέον
619 284 646 310 δὲ
658 284 700 311 ὅτι
719 285 767 311 καὶ
780 285 797 319 ἡ
819 292 880 311 στε-

88 327 192 363 φανικὴ
224 327 369 363 ἐπίκλησις
401 328 507 354 ἐκεῖθεν
559 328 708 364 ῶρμηται’
739 329 789 365 τὴν
831 329 880 356 τοῦ

91 372 201 408 πρώτου
235 372 382 408 ἀνθρώπου
409 372 572 405 διάπλασιν,
602 373 650 399 καὶ
677 373 745 409 πρὸς
770 373 819 409 τὴν
848 374 880 400 ὲκ

89 419 211 454 πλευρᾶς
227 419 310 446 αὑτοῦ
329 419 448 453 γυναῖκα
463 418 588 452 σύζευξιν
605 419 879 454 ὑπομνηματίζουσα.

95 465 126 492 ὐ
150 465 180 491 δὲ
201 463 331 499 δεύτερος
349 464 449 498 γάμος,
479 465 503 490 εί
525 464 572 490 καὶ
591 464 811 500 συγκεχώρηται,
823 464 880 491 ἀλλ’

91 509 296 544 ὲπιτετίμηται.
310 509 373 541 Πῶς
394 509 450 544 γὰρ
472 508 505 536 ἂν
520 509 566 535 καὶ
581 510 776 543 στεφανώσεως
794 509 879 542 ἄξιος,

92 553 220 590 ἡττηθεὶς
232 573 239 586 ,
260 553 316 580 ἀλλ’
335 553 364 580 οὺ
381 553 513 588 νικήσας;
534 553 576 585 τίς
592 553 620 579 δὲ
640 553 687 580 καὶ
710 554 725 580 ό
742 553 881 588 στεφανώ-

93 608 147 626 σων
165 598 263 625 τοῦτον
284 597 481 633 πρεσϐύτερος,
495 598 525 630 ὃς
538 599 649 625 καὶτοῦ
673 599 768 630 ἀπλῶς
788 599 882 625 ἑστια-

94 645 172 679 θῆναι
185 645 214 671 ὲν
227 643 267 679 τῷ
281 643 429 670 κατάὑτὺν
443 644 547 679 ἀρίστῳ
557 645 700 680 Πατρικῶς
711 644 880 678 κεκώλυται;

95 690 152 721 sui»;
173 690 202 716 δὲ
221 690 270 717 καὶ
289 689 396 724 μεθέξει
410 691 460 725 τῆς
484 690 560 722 θείας
572 690 747 723 κοινωνίας,ό
764 691 798 717 δι’
814 691 882 717 αὐτὸ

94 735 174 762 τοῦτο
196 735 341 771 είργμένος
357 735 447 771 χρόνῳ
467 736 507 762 ἐνὶ
532 737 579 763 καὶ
597 736 658 762 δυσὶ
673 736 729 763 τῶν
744 736 882 771 ἀγιασμά-

95 791 164 816 nov;
187 782 261 814 τίνος
282 782 311 809 δὲ
332 783 348 817 ἢ
366 783 424 814 οἵας
442 784 492 818 τῆς
513 783 703 819 εὐλογιστικῆς
728 785 883 820 προσευχῆς

95 827 241 862 γινομένης
256 828 302 854 ἐπὶ
314 827 365 862 τῆς
376 828 524 863 συναφείας
537 829 631 862 αὑτοῦ,
654 830 692 864 μὴ
704 829 788 864 οὔσης
799 830 884 866 ἀλλης

97 873 174 908 παρά
187 874 239 907 τὴν
253 873 319 908 μίαν
331 874 379 909 τῆς
394 876 582 910 μονογαμικῆς
604 875 650 901 καὶ
672 875 802 911 πρώτης;
817 877 885 903 Συν-

99 919 182 953 ῆκται
196 917 243 946 οὖν
264 921 297 946 ὲκ
318 920 427 947 πάντων
443 920 590 956 Γραφικῶς
612 929 642 948 τε
666 922 712 948 καὶ
729 921 884 957 Πατρικῶς,

98 965 233 1000 ἀμέτοχον
257 963 329 992 εἶναι
350 966 562 1002 στεφανώματος
578 967 627 1003 τὴν
648 968 865 1004 δευτερογαμίαν
877 977 884 983 ·

98 1011 140 1037 διὰ
167 1011 247 1038 τοῦτο
265 1011 326 1038 οὐδὲ
342 1012 395 1038 ὑπὸ
415 1012 462 1040 τοῦ
481 1013 577 1048 ἱερέως
597 1013 786 1049 ζευγνυμένην
798 1022 805 1029 ⁸
818 1014 887 1041 ἀλλὰ

101 1056 152 1090 μὴν
178 1056 240 1083 οὐδὲ
263 1058 503 1093 παραδεδομένην·
523 1059 584 1086 τότε
601 1059 630 1086 δὲ
657 1060 886 1095 προσδεχομένην,

98 1101 220 1136 ὁπηνίκα
234 1102 277 1137 εἴη
291 1102 430 1138 πλήρωσις
442 1104 489 1131 τοῦ
503 1105 626 1131 ὁπωσοῦν
640 1105 711 1132 κατά
720 1105 770 1140 τὴν
786 1105 888 1141 ἱερατι-

99 1146 150 1181 κὴν
178 1145 341 1180 δοκιμασίαν
371 1147 494 1179 δοθέντος
523 1149 682 1184 ἐπιτιμίουο
699 1150 761 1185 μεθ’
772 1150 807 1185 ἢν
832 1149 889 1182 ἕξει

99 1190 130 1224 ιι.
142 1189 227 1226 ἕξειν]
245 1191 293 1218 καὶ
309 1192 363 1218 τῶν
379 1192 460 1219 θείων
479 1193 574 1228 δώρων
599 1193 650 1230 τὴν
673 1194 825 1230 μετάληψιν
845 1195 889 1221 ὲν-

98 1236 196 1262 τεῦθεν
219 1237 433 1272 εὐλογουμένους
449 1239 566 1272 αὐτοὺς,
584 1239 666 1267 οἱονεὶ
677 1240 716 1272 ὡς
728 1240 776 1268 ἐπὶ
791 1249 890 1275 στεφα-

99 1282 228 1318 νώματος
240 1291 247 1298 ·
264 1284 335 1310 κατά
358 1284 486 1321 δεύτερον
511 1285 600 1320 λόγον,
617 1286 686 1321 μετά
704 1286 889 1323 συγχώρησιν.

101 1328 220 1362 Εὑλογία
246 1330 299 1364 γὰρ
324 1329 353 1356 τὸ
376 1329 474 1365 δῶρον,
489 1330 641 1365 τηνικαῦτα
663 1332 712 1358 καὶ
742 1332 890 1366 συναφείας

100 1374 178 1409 παρὰ
189 1373 237 1400 τοῦ
260 1375 355 1410 ἱερέως
375 1370 475 1411 δεῖγμα
490 1384 497 1391 ·
516 1376 610 1404 ἔκτοτε
635 1377 672 1413 μὴ
696 1377 891 1413 κεκωλυμένου

100 1418 178 1452 αὖτῷ
201 1419 392 1446 συνεστιᾶσθαι
419 1421 477 1452 τοῖς
506 1420 705 1457 διγαμήσασιν’
722 1421 760 1454 ὡς
775 1422 891 1449 ἐπὶτῶν

929 191 1071 226 nuptialis,
1096 199 1129 219 ex
1152 198 1206 226 qua
1228 189 1384 218 benedictio
1406 188 1496 216 omnis
1518 187 1714 223 monogamica:

929 237 1146 272 coniunctionis;
1164 243 1341 271 monogamus
1358 235 1490 270 siquidem
1505 233 1602 262 Adam.
1614 232 1716 261 Obser-

928 283 1048 310 vandum
1063 291 1128 311 vero
1153 288 1195 310 est
1214 282 1278 310 inde
1294 289 1402 317 quoque
1420 285 1507 308 ortam
1525 287 1585 307 csse
1600 287 1716 307 corona-

929 329 999 356 riam
1024 328 1238 361 invocationem,
1264 335 1325 364 quae
1349 327 1431 363 primi
1456 326 1574 354 hominis
1597 325 1716 353 creatio.

930 382 1005 408 nem,
1021 374 1201 410 eiusdemque
1215 382 1277 402 cum
1292 373 1408 401 muliere
1423 381 1455 400 ex
1472 372 1545 400 illius
1557 377 1633 399 costa
1649 379 1715 406 pro-

930 421 1011 448 ducta
1043 420 1266 455 coniunctionem
1300 422 1490 454 repraesentat.
1520 418 1556 445 At
1588 417 1717 445 secundat

930 467 1033 502 nuptiae
1060 466 1167 494 tametsi
1196 466 1402 501 permittuntur.
1432 472 1513 499 pmna
1537 463 1715 499 castigantur.

931 511 1073 545 Quomodo
1088 511 1160 539 enim
1182 512 1359 539 coronatione
1380 510 1470 545 dignas
1492 513 1567 540 sunt,
1580 516 1641 543 quae
1660 515 1715 536 non

930 558 1055 590 vincunt,
1075 558 1122 586 sed
1136 557 1294 585 vincuntur.
1320 556 1387 589 Quis
1403 563 1485 591 porro
1508 555 1651 590 presbyter
1669 561 1718 582 eas

931 608 1055 636 coronet,
1079 611 1142 630 cum
1159 603 1203 630 vel
1219 603 1246 630 in
1266 610 1360 629 earum
1376 601 1499 637 prandiis
1511 599 1616 635 epulari
1635 607 1650 627 a
1666 600 1719 627 Pa-

932 650 1021 677 tribus
1035 649 1232 684 prohibeatur?
1244 649 1296 682 Qui
1310 656 1376 676 vero
1397 648 1498 675 divinae
1516 645 1718 674 communionis

932 695 1070 730 particeps
1080 696 1126 727 sit,
1138 695 1184 729 qui
1195 695 1246 722 hoc
1256 694 1368 722 nomine
1380 701 1435 721 uno
1446 697 1529 727 atque
1541 692 1629 719 altero
1643 699 1718 718 anno

933 748 949 768 a
967 741 1051 768 sacris
1065 741 1191 768 arcetur?
1210 740 1265 767 Aut
1278 747 1402 775 quaenam
1415 739 1536 774 qualisve
1548 737 1718 765 benedictio—

934 787 977 814 nis
986 787 1107 822 precatio
1122 787 1150 814 in
1167 793 1261 814 earum
1273 785 1469 820 conjunctione
1482 788 1640 819 usurpetur.
1656 790 1719 811 eum

935 833 986 860 alia
1009 832 1084 860 nulla
1107 833 1143 860 sit
1168 837 1268 866 praeter
1290 839 1350 858 eam
1379 838 1440 866 quae
1469 831 1497 857 in
1524 829 1621 865 primis
1641 833 1668 856 et
1691 828 1719 856 in

934 877 1131 913 monogamicis
1160 876 1320 904 adhibetur?
1343 876 1491 903 Ostensum
1515 883 1580 910 ergo
1607 881 1721 909 prorsus

935 928 977 951 est
995 931 1027 950 ex
1041 930 1179 950 sacrarum
1190 922 1353 949 Litterarum
1366 921 1533 956 Patrumque
1545 920 1719 952 auctoritate,

935 971 1061 1003 expertes
1076 974 1184 995 corona
1196 967 1330 994 secundas
1345 967 1455 1002 nuptias
1467 973 1537 998 esse,
1553 971 1580 994 et
1594 970 1721 1001 propter-

935 1022 968 1041 ea
999 1021 1034 1041 ne
1063 1021 1078 1040 a
1104 1013 1247 1040 sacerdote
1270 1013 1380 1047 quidem
1402 1011 1535 1047 copulari.
1563 1010 1722 1043 Quinetiam

936 1066 1027 1094 neque
1040 1059 1189 1087 extraditas
1204 1058 1264 1086 illas
1281 1058 1375 1091 fuisse,
1397 1058 1444 1086 sed
1467 1062 1524 1085 tum
1548 1057 1657 1085 demum
1678 1056 1725 1084 ad-

937 1104 1045 1136 missas,
1072 1111 1134 1131 cum
1163 1103 1270 1138 expleta
1299 1102 1381 1130 fuerit
1404 1103 1577 1130 sacerdotum
1606 1101 1724 1130 arbitrio

938 1150 1061 1185 iniuncta
1075 1149 1236 1185 poenitentia
1250 1157 1258 1175 :
1275 1152 1417 1184 postquam
1446 1152 1475 1175 et
1490 1147 1644 1175 divinorum
1662 1154 1722 1174 mu-

938 1203 1037 1223 nerum
1053 1194 1288 1229 participationem
1309 1193 1446 1225 obtinent,
1471 1192 1589 1227 indeque
1608 1192 1724 1219 benedi-

939 1246 1039 1270 cuntur
1047 1242 1121 1269 velut
1129 1241 1156 1268 in
1168 1240 1354 1273 coronatione,
1363 1239 1494 1267 inferiore
1503 1239 1620 1274 quodam
1630 1238 1724 1269 modo,

941 1292 1002 1323 post
1026 1287 1234 1323 indulgentiam.
1257 1286 1417 1314 Benedictio
1441 1285 1514 1313 enim
1539 1289 1583 1312 est
1611 1291 1725 1316 munus,

942 1338 999 1361 tum
1015 1333 1096 1361 etiam
1111 1338 1139 1361 et
1161 1332 1299 1368 specimen
1322 1331 1522 1367 coniunctionis
1542 1338 1591 1366 per
1605 1329 1728 1357 sacerdo

943 1385 1007 1412 tem,
1024 1379 1096 1415 quod
1111 1387 1143 1406 ex
1159 1386 1192 1407 eo
1206 1383 1329 1414 tempore
1342 1386 1398 1406 non
1410 1378 1590 1414 prohibeatur
1603 1384 1664 1404 cum
1682 1376 1727 1408 iis,

942 1425 989 1460 qui
1008 1425 1042 1452 ad
1059 1425 1194 1452 secundas
1211 1424 1322 1459 nuptias
1342 1424 1500 1456 convolant,
1518 1423 1657 1455 convesci,
1671 1428 1729 1450 non

103 1465 279 1511 μονογάμων.
297 1466 352 1492 Καὶ
371 1465 443 1493 οὕτω
454 1467 530 1502 νόμῳ
547 1468 666 1503 ὁρμᾶται
693 1468 892 1504 συγχωρητικῷ

944 1478 1025 1498 secus
1043 1474 1124 1504 atque
1138 1477 1199 1497 cum
1214 1468 1395 1504 monogamis.
1416 1469 1504 1502 Atque
1518 1468 1571 1495 hoc
1590 1466 1672 1494 modo
1687 1466 1730 1494 di-

102 1509 119 1544 ή
147 1509 264 1545 διγαμία
279 1531 287 1544 ,
303 1511 374 1538 κατὰ
399 1512 444 1538 τὸν
474 1513 651 1539 Ἀπόστολον·
664 1514 839 1548 γινώσκουσσ.
859 1515 895 1541 τά

102 1555 244 1591 δευτερεῖα
271 1556 344 1591 ἔχειν
367 1557 417 1592 τῆς
443 1558 629 1593 μονογαμίας·
656 1559 703 1586 καὶ
726 1559 764 1594 μὴ
789 1558 896 1593 ἀλόγως

103 1602 154 1636 τῆς
167 1600 281 1636 πρώτης
293 1600 461 1637 ἐπιζητοῦσα
475 1602 509 1629 τὰ
524 1602 698 1638 δικαιώματα
710 1623 718 1637 ,
732 1603 804 1639 ἅπερ
829 1612 896 1639 προ-

104 1647 250 1682 απήλαυκε
255 1668 261 1674 .

140 1692 228 1726 Quin;
242 1692 265 1718 δ’
276 1692 309 1720 ἄν
317 1700 325 1708 ·
341 1693 396 1721 Καὶ
408 1693 467 1725 πῶς
479 1693 593 1721 ἔλθωσιν
607 1695 655 1722 ἐπὶ
666 1696 716 1731 τὴν
727 1695 876 1731 συνάφειαν
888 1705 895 1730 ;

107 1737 171 1767 Τοῖς
188 1737 372 1772 ἀνθρωπίνοις
396 1739 565 1774 καθήκουσιν
579 1739 674 1776 ὥσπερ
691 1741 738 1768 καὶ
756 1742 782 1768 ot
803 1742 898 1777 τρίγα-

109 1791 155 1817 μοι
174 1783 222 1810 καὶ
236 1783 391 1819 πολύγαμοι
406 1793 414 1801 ·
427 1785 500 1812 οὕτω
515 1786 570 1821 γὰρ
583 1786 714 1822 κέκληται
729 1788 745 1823 ἡ
765 1788 835 1822 μετὰ
849 1788 898 1824 τὴν

107 1829 205 1864 τρίτην
225 1830 292 1865 πρὸς
307 1831 362 1858 τῶν
377 1831 518 1867 Πατέρων.
535 1833 569 1858 Ἢ
585 1833 832 1868 στεφανούσθωσαν
848 1835 898 1861 κά-

109 1878 208 1905 κεῖνοι,
231 1876 302 1904 ’Δλλ¹
318 1877 404 1909 δντως
419 1879 436 1913 ἡ
462 1878 533 1912 ἄγαν
557 1878 679 1910 διάλυσις
695 1879 750 1906 τῶν
766 1879 899 1913 κανόνων,

113 1922 216 1957 μᾶλλον
251 1923 281 1950 δὲ
323 1923 371 1950 τοῦ
407 1923 573 1959 Εὑαγγελίου
588 1944 596 1957 ,
624 1925 654 1951 οὐ
686 1925 820 1961 διγάμους
853 1926 900 1954 νῦν

111 1968 161 1994 καὶ
204 1969 377 2004 τριγάμους,
410 1970 477 1997 ἀλλά
506 1970 554 1997 καὶ
587 1970 701 2005 μοιχοὺς
748 1972 901 2006 στεφανοῦ-

113 2013 177 2040 σθαι
212 2014 265 2041 ὑπὸ
298 2015 353 2042 τῶν
385 2015 481 2051 ἱερέων
503 2016 672 2051 πεποίηκεν·
688 2017 726 2049 ὠς
757 2018 806 2045 καὶ
837 2018 901 2050 τοὺς

112 2060 146 2093 τῇ
164 2059 265 2094 ἀντοχῇ
282 2058 330 2085 τοῦ
341 2059 415 2086 θείου
432 2059 514 2094 νόμου
534 2059 572 2096 μὴ
600 2061 630 2087 ὲν
649 2060 737 2097 τούτῳ
756 2070 901 2097 συναιρου-

115 2105 216 2139 μένους
240 2105 388 2138 διώκουσα,
407 2106 455 2132 καὶ
483 2106 730 2142 ἀναθεματίζουσα,
762 2107 799 2139 ὡς
823 2108 901 2135 ἀλλο-

114 2151 208 2185 τρίους
237 2150 367 2186 Χριστοῦ,
385 2151 448 2184 τοὺς
469 2151 539 2187 ὑπὲρ
567 2151 677 2187 ἐντολῆς
700 2152 748 2179 καὶ
772 2151 942 2188 ἀληθείαςῙ)

115 2198 200 2224 αὐτοῦ
224 2197 430 2234 ἐνισταμένους.
446 2199 591 2235 Ἐκστηθι,
607 2200 716 2236 οὐρανὲ,
731 2200 778 2227 ὲπὶ
789 2200 878 2235 τούτῳ
895 2209 903 2216 ·

114 2244 151 2270 τὰ
167 2244 224 2270 ἄνω
236 2244 322 2278 κάτω,
338 2245 354 2280 ἡ
369 2245 527 2282 δικαιοσύνη
543 2246 655 2282 ἀνομία,
671 2246 701 2273 τὸ
718 2246 776 2281 φῶς
788 2247 884 2278 σκότος
897 2266 904 2278 ,

116 2291 146 2325 ἐξ
163 2288 201 2318 ὧν
215 2293 238 2318 oi
251 2292 408 2327 Motxstavo‘t
422 2292 533 2327 λέγουσι
547 2294 595 2320 καὶ
609 2293 769 2328 πράττουσι,
785 2293 907 2321 δείκνυνο

116 2345 173 2364 ται.
189 2337 276 2364 Τοῦτο
289 2339 347 2369 τοῖς
359 2339 469 2373 τυφλοῖς
482 2339 530 2366 καὶ
544 2340 648 2373 κωφοῖς
661 2339 734 2366 κατά
742 2338 842 2375 ψυχὴν,
859 2339 907 2365 καὶ

117 2382 245 2409 ἐντεῦθεν
256 2383 304 2410 τοῦ
326 2383 513 2419 ’Δντιχρίστου
526 2384 560 2411 τὰ
575 2384 700 2420 πρόλαόα
716 2385 842 2420 φέρουσι.
850 2384 905 2411 Τά-

120 2437 157 2464 χα
172 2429 196 2456 δ’
212 2428 246 2456 ἂν
262 2430 373 2456 κάκεῖνο
394 2430 485 2462 εἴποις
496 2437 503 2444 “
524 2431 556 2458 Εἰ
570 2430 601 2457 τὸ
624 2430 654 2457 εν
673 2430 755 2466 μέρος
774 2430 816 2465 εἴη
834 2439 907 2464 παρ-

120 2475 199 2502 θένον
211 2495 220 2508 ,
238 2475 297 2507 πῶς
315 2476 424 2510 λέγουσί
438 2484 521 2509 τινες,
536 2476 573 2508 ὼς
596 2476 627 2503 τδ
653 2476 702 2511 μὲν
729 2475 909 2512 στεφανοῦται

120 2522 150 2548 ὲν
166 2522 201 2557 τῇ
215 2521 331 2557 κεφαλῇ,
350 2522 382 2548 τὺ
399 2522 429 2549 δὲ
447 2521 501 2549 ἀπὸ
513 2522 621 2556 γάμου,
635 2523 663 2549 ὲν
677 2522 717 2558 τῷ
731 2522 800 2558 ὤμῳ
811 2542 818 2555 ,
833 2530 911 2549 γενος

123 2566 210 2602 μένης
227 2566 277 2602 τῆς
291 2568 459 2602 νέφανικῆς
470 2566 552 2602 εὐχῆς
568 2574 576 2599 ;
590 2567 644 2594 Καί
657 2575 702 2602 μοι
715 2566 784 2602 πρὸς
798 2567 834 2602 τῇ
849 2567 912 2593 ἀτο-

122 2612 185 2648 πίᾳ,
200 2612 242 2639 ἔτι
271 2613 320 2640 καὶ
337 2613 442 2647 γελοῖον
456 2613 591 2647 φαίνεται.
609 2612 728 2639 Διδόσθω
742 2612 796 2648 γὰρ
811 2620 911 2648 τριγα-

128 2659 202 2693 μεῖν·
217 2659 265 2685 καὶ
281 2658 334 2684 ποῦ
357 2658 449 2694 τεθείη
462 2659 477 2685 ὁ
490 2659 640 2694 στέφανος
656 2658 685 2685 ὲν
699 2659 732 2692 τῇ
749 2658 831 2694 χειρὶ,
843 2658 860 2693 ἢ
873 2658 914 2690 είς

123 2705 156 2730 τὸ
169 2704 235 2738 γόνυ
250 2712 258 2738 ;
274 2705 332 2738 εῐγε
351 2705 399 2732 καὶ
413 2706 429 2740 ἡ
444 2705 593 2740 γημαμένη
608 2702 665 2731 εἷεν
677 2704 732 2731 ἀπὸ
747 2703 873 2739 χηρείας,
884 2704 913 2731 ὲν

125 2751 165 2786 τῷ
180 2750 248 2786 ὤμῳ
268 2751 313 2779 τὸν
330 2751 461 2787 στέφανον
479 2751 596 2785 δέξεται,
611 2751 716 2778 "Arena.
729 2749 825 2777 ταῦτα.

167 2807 188 2823 ’⁸
197 2808 267 2836 Gen.
281 2816 300 2841 ι,
313 2807 360 2835 27.

946 1517 1033 1553 gamia
1051 1517 1109 1552 lege
1130 1516 1215 1543 utitur
1242 1515 1429 1551 indulgentiae,
1449 1515 1525 1549 juxta
1548 1513 1707 1548 Apostolum
1721 1522 1730 1540 ;

945 1570 1096 1598 agnoscens
1109 1561 1241 1589 secundas
1255 1569 1284 1588 se
1299 1568 1314 1588 a
1328 1559 1498 1595 monogamia
1513 1563 1604 1594 partes
1618 1562 1729 1585 tenere:

946 1617 997 1637 nec
1017 1607 1151 1635 immerito
1177 1613 1304 1642 quaarcns
1326 1605 1474 1641 primarum
1492 1604 1565 1640 jura,
1593 1611 1654 1639 quae
1675 1602 1732 1638 iam

946 1660 1010 1683 ante
1026 1654 1157 1690 percepit.

982 1702 1095 1735 Quaeres
1122 1699 1238 1727 forsitan
1262 1697 1400 1733 quomodo
1425 1703 1491 1732 ergo
1518 1695 1732 1730 coniungantur.

949 1746 1081 1774 Humanis
1098 1744 1193 1772 ciliciis
1212 1744 1282 1771 sicut
1304 1747 1332 1770 et
1355 1741 1460 1777 trignmi
1477 1745 1506 1768 et
1519 1740 1657 1776 polygami
1671 1748 1678 1766 :
1694 1738 1734 1765 sic

949 1794 1023 1822 enim
1039 1792 1134 1819 Patres
1147 1794 1247 1818 vocant
1264 1796 1312 1816 eos
1325 1788 1371 1823 qui
1383 1788 1453 1815 ultra
1464 1787 1560 1814 tertias
1574 1784 1734 1820 procedunt.

949 1841 1004 1868 Aut
1021 1842 1096 1866 certe
1117 1840 1284 1864 coronentur
1307 1834 1388 1862 etiam
1413 1833 1468 1860 isti.
1489 1831 1635 1859 Enimvero
1651 1837 1736 1857 cano-

950 1893 1016 1914 num
1028 1883 1174 1912 immodica
1190 1880 1345 1912 subversio,
1360 1879 1404 1907 vel
1415 1878 1506 1914 potius
1519 1875 1669 1912 Evangelii,
1681 1882 1737 1902 non

950 1933 1072 1968 digamos
1084 1937 1160 1958 nunc
1171 1932 1198 1957 et
1213 1928 1351 1963 trigamos,
1367 1925 1414 1954 sed
1436 1929 1464 1953 et
1476 1923 1600 1952 moechos
1613 1920 1739 1950 coronari

951 1967 1017 2005 fecit
1029 1983 1045 2003 a
1059 1973 1246 2003 sacerdotibus
1262 1982 1270 1999 :
1283 1979 1345 2007 quae
1363 1975 1391 1998 et
1410 1970 1470 1998 illos
1489 1968 1676 2005 persequitur,
1691 1967 1738 2002 qui

952 2030 1003 2059 pro
1013 2022 1071 2057 lege
1083 2020 1174 2048 divina
1187 2021 1350 2054 pugnantes,
1365 2016 1523 2044 consentire
1534 2015 1563 2042 in
1576 2021 1609 2042 eo
1623 2013 1737 2041 nolunt:

952 2073 981 2096 et
994 2067 1179 2097 anathemate,
1195 2064 1269 2092 velut
1282 2070 1299 2090 a
1317 2061 1427 2090 Christo
1439 2060 1553 2093 alienos,
1568 2060 1680 2087 damnat
1692 2066 1740 2086 eos

953 2114 1000 2149 qni
1013 2120 1061 2148 pro
1076 2112 1136 2146 eius
1150 2109 1277 2138 mandato
1291 2116 1323 2136 ac
1339 2107 1454 2135 veritate
1469 2106 1624 2141 insurgunt.
1641 2104 1741 2132 Obstu-

955 2166 1051 2196 pesces
1071 2164 1156 2192 super
1169 2156 1233 2188 hoc,
1255 2155 1355 2182 caelum
1370 2163 1377 2181 :
1391 2160 1490 2188 supera
1511 2152 1624 2180 deosum
1636 2149 1742 2186 iustitia

955 2204 1095 2239 iniquitas,
1108 2203 1155 2229 lux
1168 2201 1299 2233 tenebrat,
1320 2206 1354 2226 ex
1366 2198 1399 2226 iis
1417 2197 1477 2233 quae
1489 2196 1633 2225 Moechiani
1647 2196 1743 2223 dicunt

956 2255 984 2278 et
995 2253 1088 2285 agunt,
1108 2254 1169 2275 esse
1183 2245 1407 2280 comprobantur.
1424 2244 1487 2271 Haec
1502 2242 1582 2270 cacis
1603 2246 1632 2269 et
1651 2245 1744 2268 mente

957 2295 1053 2330 captis,
1065 2298 1146 2328 atque
1158 2292 1220 2320 ideo
1234 2289 1395 2318 Antichristi
1410 2287 1562 2324 primordia
1574 2285 1743 2322 gerentibus.

958 2341 1063 2369 Forsan
1084 2344 1112 2367 et
1129 2339 1181 2366 hoc
1205 2337 1300 2365 dices:
1317 2336 1346 2364 Si
1362 2335 1473 2371 quidem
1487 2341 1551 2370 pars
1569 2333 1655 2361 altera
1668 2332 1745 2367 virgo

958 2387 1003 2419 sit,
1027 2387 1186 2416 coronatur,
1204 2385 1236 2410 ut
1250 2381 1375 2409 nonnulli
1394 2381 1500 2411 dicunt,
1517 2379 1576 2406 haec
1591 2377 1699 2413 quidem
1715 2377 1743 2404 in

958 2430 1064 2466 capite;
1082 2429 1167 2456 altera
1186 2434 1251 2455 vero
1263 2434 1324 2462 quae
1336 2425 1440 2460 nuptiis
1453 2425 1510 2459 iam
1529 2422 1673 2459 perfuncta
1692 2426 1745 2454 est,

960 2477 988 2504 in
1003 2476 1127 2507 humero,
1144 2474 1209 2501 dum
1225 2471 1367 2500 coronaria
1380 2471 1502 2507 precatio
1516 2470 1666 2505 peragitur.
1680 2467 1748 2495 Mihi

961 2529 1028 2550 vero
1050 2528 1105 2548 non
1128 2519 1215 2547 solum
1241 2518 1401 2550 absurdum,
1427 2516 1475 2544 sed
1498 2515 1645 2542 ridiculum
1665 2514 1749 2541 etiam

963 2568 1016 2596 hoc
1030 2567 1148 2594 videtur.
1172 2564 1280 2592 Etenim
1297 2563 1410 2591 tertium
1433 2560 1550 2589 nubenti
1572 2560 1684 2587 ubinam
1700 2567 1749 2594 po-

964 2617 1046 2641 netur
1059 2609 1178 2639 corona?
1193 2610 1224 2642 in
1239 2616 1332 2640 manu,
1355 2615 1390 2634 an
1406 2606 1440 2634 ad
1459 2605 1549 2641 genu?
1562 2612 1623 2632 cum
1642 2611 1673 2631 ea
1688 2611 1750 2638 qua:

963 2659 1045 2687 vidua
1063 2657 1153 2689 nubit,
1173 2655 1201 2683 in
1222 2655 1339 2683 humero
1358 2656 1516 2681 coronetur.
1540 2650 1664 2679 Absurda
1685 2654 1750 2677 sunt

965 2705 1015 2734 ista
1032 2709 1155 2740 prorsus.
