  <div class='ocr_page' id='page_1' title='image "/cluster/home/n/w/nwhite01/storage/ocr_20150623/99/njp.32101010943858/577.png"; bbox 0 0 1926 3078; ppageno 0'>
   <div class='ocr_carea' id='block_1_1' title="bbox 206 89 276 122">
    <p class='ocr_par' dir='ltr' id='par_1_1' title="bbox 206 89 276 122">
     <span class='ocr_line' id='line_1_1' title="bbox 206 89 276 122; baseline 0.014 -1"><span class='ocrx_word' id='word_1_1' title='bbox 206 89 276 122; x_wconf 80' lang='grc'><strong>1095</strong></span> 
     </span>
    </p>
   </div>
   <div class='ocr_carea' id='block_1_2' title="bbox 803 91 1240 123">
    <p class='ocr_par' dir='ltr' id='par_1_2' title="bbox 803 91 1240 123">
     <span class='ocr_line' id='line_1_2' title="bbox 803 91 1240 123; baseline 0.009 -3"><span class='ocrx_word' id='word_1_2' title='bbox 803 92 833 122; x_wconf 92' lang='lat' dir='ltr'><strong>S.</strong></span> <span class='ocrx_word' id='word_1_3' title='bbox 855 91 1050 121; x_wconf 82' lang='lat' dir='ltr'><strong>TIlEODORI</strong></span> <span class='ocrx_word' id='word_1_4' title='bbox 1067 92 1240 123; x_wconf 64' lang='lat' dir='ltr'><strong>STUDlTxE</strong></span> 
     </span>
    </p>
   </div>
   <div class='ocr_carea' id='block_1_3' title="bbox 1776 90 1847 123">
    <p class='ocr_par' dir='ltr' id='par_1_3' title="bbox 1776 90 1847 123">
     <span class='ocr_line' id='line_1_3' title="bbox 1776 90 1847 123; baseline 0 -1"><span class='ocrx_word' id='word_1_5' title='bbox 1776 90 1847 123; x_wconf 80' lang='lat'><strong>1096</strong></span> 
     </span>
    </p>
   </div>
   <div class='ocr_carea' id='block_1_4' title="bbox 238 144 999 183">
    <p class='ocr_par' dir='ltr' id='par_1_4' title="bbox 238 144 998 182">
     <span class='ocr_line' id='line_1_4' title="bbox 238 144 998 182; baseline 0.003 -9"><span class='ocrx_word' id='word_1_6' title='bbox 238 144 307 178; x_wconf 85' lang='lat' dir='ltr'><strong>Quis</strong></span> <span class='ocrx_word' id='word_1_7' title='bbox 327 151 393 172; x_wconf 88' lang='lat' dir='ltr'><strong>vero</strong></span> <span class='ocrx_word' id='word_1_8' title='bbox 410 152 539 172; x_wconf 85' lang='lat' dir='ltr'><strong>coronam</strong></span> <span class='ocrx_word' id='word_1_9' title='bbox 561 145 701 181; x_wconf 85' lang='lat' dir='ltr'><strong>imponct?</strong></span> <span class='ocrx_word' id='word_1_10' title='bbox 719 150 747 174; x_wconf 87' lang='lat' dir='ltr'><strong>et</strong></span> <span class='ocrx_word' id='word_1_11' title='bbox 766 147 904 182; x_wconf 87' lang='lat' dir='ltr'><strong>quomodo</strong></span> <span class='ocrx_word' id='word_1_12' title='bbox 926 147 998 174; x_wconf 51' lang='lat' dir='ltr'><strong>indiv</strong></span> 
     </span>
    </p>
   </div>
   <div class='ocr_carea' id='block_1_5' title="bbox 1051 144 1846 183">
    <p class='ocr_par' dir='ltr' id='par_1_5' title="bbox 1085 147 1846 183">
     <span class='ocr_line' id='line_1_5' title="bbox 1085 147 1846 183; baseline -0.001 -9"><span class='ocrx_word' id='word_1_13' title='bbox 1085 148 1133 180; x_wconf 84' lang='grc' dir='ltr'>Τίς</span> <span class='ocrx_word' id='word_1_14' title='bbox 1155 149 1184 176; x_wconf 75' lang='grc' dir='ltr'>δὲ</span> <span class='ocrx_word' id='word_1_15' title='bbox 1209 150 1224 175; x_wconf 82' lang='grc' dir='ltr'><strong>ό</strong></span> <span class='ocrx_word' id='word_1_16' title='bbox 1250 148 1411 182; x_wconf 74' lang='grc' dir='ltr'>στεφανῶνς</span> <span class='ocrx_word' id='word_1_17' title='bbox 1429 148 1477 175; x_wconf 74' lang='grc' dir='ltr'>καὶ</span> <span class='ocrx_word' id='word_1_18' title='bbox 1498 147 1556 178; x_wconf 84' lang='grc' dir='ltr'><strong>πῶς</strong></span> <span class='ocrx_word' id='word_1_19' title='bbox 1577 147 1593 182; x_wconf 91' lang='grc' dir='ltr'><strong>ἡ</strong></span> <span class='ocrx_word' id='word_1_20' title='bbox 1610 147 1756 182; x_wconf 78' lang='grc' dir='ltr'><strong>ἀμέριστος</strong></span> <span class='ocrx_word' id='word_1_21' title='bbox 1776 147 1846 183; x_wconf 77' lang='grc' dir='ltr'>εὐχὴ</span> 
     </span>
    </p>
   </div>
   <div class='ocr_carea' id='block_1_6' title="bbox 204 191 996 227">
    <p class='ocr_par' dir='ltr' id='par_1_6' title="bbox 204 191 996 227">
     <span class='ocr_line' id='line_1_6' title="bbox 204 191 996 227; baseline 0.004 -8"><span class='ocrx_word' id='word_1_22' title='bbox 204 192 263 219; x_wconf 89' lang='lat' dir='ltr'><strong>visa</strong></span> <span class='ocrx_word' id='word_1_23' title='bbox 291 191 448 219; x_wconf 67' lang='lat' dir='ltr'><strong>benedictio</strong></span> <span class='ocrx_word' id='word_1_24' title='bbox 473 191 631 220; x_wconf 79' lang='lat' dir='ltr'><strong>dividetur?</strong></span> <span class='ocrx_word' id='word_1_25' title='bbox 647 201 710 227; x_wconf 87' lang='lat' dir='ltr'><strong>pars</strong></span> <span class='ocrx_word' id='word_1_26' title='bbox 737 194 842 227; x_wconf 76' lang='lat' dir='ltr'><strong>altera,</strong></span> <span class='ocrx_word' id='word_1_27' title='bbox 869 199 899 222; x_wconf 88' lang='lat' dir='ltr'><strong>ut</strong></span> <span class='ocrx_word' id='word_1_28' title='bbox 928 194 996 222; x_wconf 83' lang='lat' dir='ltr'><strong>labis</strong></span> 
     </span>
    </p>
   </div>
   <div class='ocr_carea' id='block_1_7' title="bbox 204 236 998 271">
    <p class='ocr_par' dir='ltr' id='par_1_7' title="bbox 204 236 998 271">
     <span class='ocr_line' id='line_1_7' title="bbox 204 236 998 271; baseline 0.004 -7"><span class='ocrx_word' id='word_1_29' title='bbox 204 243 304 271; x_wconf 83' lang='lat' dir='ltr'><strong>expers</strong></span> <span class='ocrx_word' id='word_1_30' title='bbox 319 236 484 271; x_wconf 75' lang='lat' dir='ltr'><strong>victrixque,</strong></span> <span class='ocrx_word' id='word_1_31' title='bbox 508 237 699 271; x_wconf 81' lang='lat' dir='ltr'><strong>benedicetur,</strong></span> <span class='ocrx_word' id='word_1_32' title='bbox 725 239 811 266; x_wconf 87' lang='lat' dir='ltr'><strong>altera</strong></span> <span class='ocrx_word' id='word_1_33' title='bbox 835 247 891 266; x_wconf 93' lang='lat' dir='ltr'><strong>non</strong></span> <span class='ocrx_word' id='word_1_34' title='bbox 915 239 998 267; x_wconf 83' lang='lat' dir='ltr'><strong>item?</strong></span> 
     </span>
    </p>
   </div>
   <div class='ocr_carea' id='block_1_8' title="bbox 204 283 997 321">
    <p class='ocr_par' dir='ltr' id='par_1_8' title="bbox 204 283 997 321">
     <span class='ocr_line' id='line_1_8' title="bbox 204 283 997 321; baseline 0.005 -11"><span class='ocrx_word' id='word_1_35' title='bbox 204 283 329 310; x_wconf 73' lang='lat' dir='ltr'><strong>Ridicule</strong></span> <span class='ocrx_word' id='word_1_36' title='bbox 344 290 399 314; x_wconf 87' lang='lat' dir='ltr'><strong>res,</strong></span> <span class='ocrx_word' id='word_1_37' title='bbox 419 288 446 311; x_wconf 85' lang='lat' dir='ltr'><strong>et</strong></span> <span class='ocrx_word' id='word_1_38' title='bbox 460 292 521 318; x_wconf 56' lang='lat' dir='ltr'><strong>quae.</strong></span> <span class='ocrx_word' id='word_1_39' title='bbox 538 284 595 312; x_wconf 85' lang='lat' dir='ltr'><strong>ﬁeri</strong></span> <span class='ocrx_word' id='word_1_40' title='bbox 616 285 691 312; x_wconf 90' lang='lat' dir='ltr'><strong>nullo</strong></span> <span class='ocrx_word' id='word_1_41' title='bbox 707 286 789 313; x_wconf 94' lang='lat' dir='ltr'><strong>modo</strong></span> <span class='ocrx_word' id='word_1_42' title='bbox 807 286 903 321; x_wconf 88' lang='lat' dir='ltr'><strong>possit.</strong></span> <span class='ocrx_word' id='word_1_43' title='bbox 921 286 997 320; x_wconf 88' lang='lat' dir='ltr'><strong>Quo-</strong></span> 
     </span>
    </p>
   </div>
   <div class='ocr_carea' id='block_1_9' title="bbox 203 329 996 368">
    <p class='ocr_par' dir='ltr' id='par_1_9' title="bbox 203 329 996 368">
     <span class='ocr_line' id='line_1_9' title="bbox 203 329 996 368; baseline 0.005 -12"><span class='ocrx_word' id='word_1_44' title='bbox 203 329 287 357; x_wconf 83' lang='lat' dir='ltr'><strong>modo</strong></span> <span class='ocrx_word' id='word_1_45' title='bbox 307 337 360 357; x_wconf 82' lang='lat' dir='ltr'><strong>una</strong></span> <span class='ocrx_word' id='word_1_46' title='bbox 382 331 606 358; x_wconf 84' lang='lat' dir='ltr'><strong>communionem</strong></span> <span class='ocrx_word' id='word_1_47' title='bbox 625 332 752 367; x_wconf 88' lang='lat' dir='ltr'><strong>accipiet,</strong></span> <span class='ocrx_word' id='word_1_48' title='bbox 773 333 857 360; x_wconf 83' lang='lat' dir='ltr'><strong>altera</strong></span> <span class='ocrx_word' id='word_1_49' title='bbox 875 333 996 368; x_wconf 87' lang='lat' dir='ltr'><strong>privabi-</strong></span> 
     </span>
    </p>
   </div>
   <div class='ocr_carea' id='block_1_10' title="bbox 204 377 997 415">
    <p class='ocr_par' dir='ltr' id='par_1_10' title="bbox 204 377 997 415">
     <span class='ocr_line' id='line_1_10' title="bbox 204 377 997 415; baseline 0.006 -12"><span class='ocrx_word' id='word_1_50' title='bbox 204 379 260 407; x_wconf 87' lang='lat' dir='ltr'><strong>tur.</strong></span> <span class='ocrx_word' id='word_1_51' title='bbox 281 377 384 412; x_wconf 88' lang='lat' dir='ltr'><strong>quippe</strong></span> <span class='ocrx_word' id='word_1_52' title='bbox 397 384 458 411; x_wconf 75' lang='lat' dir='ltr'><strong>quae</strong></span> <span class='ocrx_word' id='word_1_53' title='bbox 480 377 670 412; x_wconf 75' lang='lat' dir='ltr'><strong>pmnitentiam</strong></span> <span class='ocrx_word' id='word_1_54' title='bbox 692 380 775 414; x_wconf 82' lang='lat' dir='ltr'><strong>agat?</strong></span> <span class='ocrx_word' id='word_1_55' title='bbox 788 379 866 412; x_wconf 82' lang='lat' dir='ltr'><strong>Quod</strong></span> <span class='ocrx_word' id='word_1_56' title='bbox 890 380 912 408; x_wconf 94' lang='lat' dir='ltr'><strong>si</strong></span> <span class='ocrx_word' id='word_1_57' title='bbox 934 388 997 415; x_wconf 82' lang='lat' dir='ltr'><strong>pars</strong></span> 
     </span>
    </p>
   </div>
   <div class='ocr_carea' id='block_1_11' title="bbox 203 421 997 460">
    <p class='ocr_par' dir='ltr' id='par_1_11' title="bbox 203 421 997 460">
     <span class='ocr_line' id='line_1_11' title="bbox 203 421 997 460; baseline 0.006 -12"><span class='ocrx_word' id='word_1_58' title='bbox 203 421 256 449; x_wconf 88' lang='lat' dir='ltr'><strong>ista</strong></span> <span class='ocrx_word' id='word_1_59' title='bbox 267 421 308 449; x_wconf 84' lang='lat' dir='ltr'><strong>vir</strong></span> <span class='ocrx_word' id='word_1_60' title='bbox 316 422 363 454; x_wconf 88' lang='lat' dir='ltr'><strong>sit.</strong></span> <span class='ocrx_word' id='word_1_61' title='bbox 378 423 517 450; x_wconf 81' lang='lat' dir='ltr'><strong>virautem</strong></span> <span class='ocrx_word' id='word_1_62' title='bbox 529 427 611 458; x_wconf 80' lang='lat' dir='ltr'><strong>caput</strong></span> <span class='ocrx_word' id='word_1_63' title='bbox 624 423 756 456; x_wconf 83' lang='lat' dir='ltr'><strong>mulieris,</strong></span> <span class='ocrx_word' id='word_1_64' title='bbox 769 429 796 452; x_wconf 90' lang='lat' dir='ltr'><strong>et</strong></span> <span class='ocrx_word' id='word_1_65' title='bbox 806 430 897 460; x_wconf 88' lang='lat' dir='ltr'><strong>partes</strong></span> <span class='ocrx_word' id='word_1_66' title='bbox 910 426 997 453; x_wconf 72' lang='lat' dir='ltr'><strong>ambae</strong></span> 
     </span>
    </p>
   </div>
   <div class='ocr_carea' id='block_1_12' title="bbox 204 467 996 506">
    <p class='ocr_par' dir='ltr' id='par_1_12' title="bbox 204 467 996 506">
     <span class='ocr_line' id='line_1_12' title="bbox 204 467 996 506; baseline 0.005 -12"><span class='ocrx_word' id='word_1_67' title='bbox 204 467 232 494; x_wconf 92' lang='lat' dir='ltr'><strong>in</strong></span> <span class='ocrx_word' id='word_1_68' title='bbox 249 475 334 494; x_wconf 92' lang='lat' dir='ltr'><strong>unum</strong></span> <span class='ocrx_word' id='word_1_69' title='bbox 349 475 449 503; x_wconf 86' lang='lat' dir='ltr'><strong>corpus</strong></span> <span class='ocrx_word' id='word_1_70' title='bbox 462 469 648 501; x_wconf 60' lang='lat' dir='ltr'><strong>adhaerentes;</strong></span> <span class='ocrx_word' id='word_1_71' title='bbox 667 470 842 505; x_wconf 82' lang='lat' dir='ltr'><strong>participabit</strong></span> <span class='ocrx_word' id='word_1_72' title='bbox 861 471 996 506; x_wconf 89' lang='lat' dir='ltr'><strong>reliquum</strong></span> 
     </span>
    </p>
   </div>
   <div class='ocr_carea' id='block_1_13' title="bbox 203 516 996 550">
    <p class='ocr_par' dir='ltr' id='par_1_13' title="bbox 203 516 996 550">
     <span class='ocr_line' id='line_1_13' title="bbox 203 516 996 550; baseline 0.006 -10"><span class='ocrx_word' id='word_1_73' title='bbox 203 521 312 548; x_wconf 87' lang='lat' dir='ltr'><strong>corpus.</strong></span> <span class='ocrx_word' id='word_1_74' title='bbox 327 518 410 548; x_wconf 91' lang='lat' dir='ltr'><strong>caput</strong></span> <span class='ocrx_word' id='word_1_75' title='bbox 423 518 515 542; x_wconf 85' lang='lat' dir='ltr'><strong>autem</strong></span> <span class='ocrx_word' id='word_1_76' title='bbox 535 517 727 550; x_wconf 81' lang='lat' dir='ltr'><strong>nequaquam?</strong></span> <span class='ocrx_word' id='word_1_77' title='bbox 744 516 887 544; x_wconf 91' lang='lat' dir='ltr'><strong>Dividetur</strong></span> <span class='ocrx_word' id='word_1_78' title='bbox 901 517 996 545; x_wconf 79' lang='lat' dir='ltr'><strong>confe-</strong></span> 
     </span>
    </p>
   </div>
   <div class='ocr_carea' id='block_1_14' title="bbox 203 559 998 599">
    <p class='ocr_par' dir='ltr' id='par_1_14' title="bbox 203 559 998 599">
     <span class='ocr_line' id='line_1_14' title="bbox 203 559 998 599; baseline 0.008 -14"><span class='ocrx_word' id='word_1_79' title='bbox 203 559 268 586; x_wconf 86' lang='lat' dir='ltr'><strong>stim</strong></span> <span class='ocrx_word' id='word_1_80' title='bbox 295 559 369 594; x_wconf 87' lang='lat' dir='ltr'><strong>quod</strong></span> <span class='ocrx_word' id='word_1_81' title='bbox 395 568 550 589; x_wconf 81' lang='lat' dir='ltr'><strong>connexum</strong></span> <span class='ocrx_word' id='word_1_82' title='bbox 577 566 640 595; x_wconf 84' lang='lat' dir='ltr'><strong>est,</strong></span> <span class='ocrx_word' id='word_1_83' title='bbox 666 563 701 590; x_wconf 87' lang='lat' dir='ltr'><strong>ab</strong></span> <span class='ocrx_word' id='word_1_84' title='bbox 727 563 788 597; x_wconf 89' lang='lat' dir='ltr'><strong>ipso</strong></span> <span class='ocrx_word' id='word_1_85' title='bbox 811 563 858 598; x_wconf 89' lang='lat' dir='ltr'><strong>qui</strong></span> <span class='ocrx_word' id='word_1_86' title='bbox 887 565 998 599; x_wconf 90' lang='lat' dir='ltr'><strong>copulat</strong></span> 
     </span>
    </p>
   </div>
   <div class='ocr_carea' id='block_1_15' title="bbox 204 605 996 644">
    <p class='ocr_par' dir='ltr' id='par_1_15' title="bbox 204 605 996 644">
     <span class='ocr_line' id='line_1_15' title="bbox 204 605 996 644; baseline 0.008 -13"><span class='ocrx_word' id='word_1_87' title='bbox 204 605 362 638; x_wconf 85' lang='lat' dir='ltr'><strong>sacerdote;</strong></span> <span class='ocrx_word' id='word_1_88' title='bbox 381 606 433 633; x_wconf 86' lang='lat' dir='ltr'><strong>hoc</strong></span> <span class='ocrx_word' id='word_1_89' title='bbox 448 607 559 642; x_wconf 89' lang='lat' dir='ltr'><strong>quidem</strong></span> <span class='ocrx_word' id='word_1_90' title='bbox 584 615 618 635; x_wconf 86' lang='lat' dir='ltr'><strong>ex</strong></span> <span class='ocrx_word' id='word_1_91' title='bbox 633 609 823 640; x_wconf 81' lang='lat' dir='ltr'><strong>concessione,</strong></span> <span class='ocrx_word' id='word_1_92' title='bbox 849 609 871 636; x_wconf 92' lang='lat' dir='ltr'><strong>si</strong></span> <span class='ocrx_word' id='word_1_93' title='bbox 886 610 996 644; x_wconf 88' lang='lat' dir='ltr'><strong>quidem</strong></span> 
     </span>
    </p>
   </div>
   <div class='ocr_carea' id='block_1_16' title="bbox 205 649 997 688">
    <p class='ocr_par' dir='ltr' id='par_1_16' title="bbox 205 649 997 688">
     <span class='ocr_line' id='line_1_16' title="bbox 205 649 997 688; baseline 0.008 -12"><span class='ocrx_word' id='word_1_94' title='bbox 205 649 287 676; x_wconf 86' lang='lat' dir='ltr'><strong>detur</strong></span> <span class='ocrx_word' id='word_1_95' title='bbox 303 654 334 678; x_wconf 87' lang='lat' dir='ltr'><strong>ut</strong></span> <span class='ocrx_word' id='word_1_96' title='bbox 346 650 372 678; x_wconf 88' lang='lat' dir='ltr'><strong>id</strong></span> <span class='ocrx_word' id='word_1_97' title='bbox 388 650 487 684; x_wconf 78' lang='lat' dir='ltr'><strong>faciat;</strong></span> <span class='ocrx_word' id='word_1_98' title='bbox 506 657 588 686; x_wconf 86' lang='lat' dir='ltr'><strong>caput</strong></span> <span class='ocrx_word' id='word_1_99' title='bbox 603 653 677 680; x_wconf 85' lang='lat' dir='ltr'><strong>enim</strong></span> <span class='ocrx_word' id='word_1_100' title='bbox 692 653 809 688; x_wconf 78' lang='lat' dir='ltr'><strong>finisque</strong></span> <span class='ocrx_word' id='word_1_101' title='bbox 824 655 997 688; x_wconf 89' lang='lat' dir='ltr'><strong>conjunctio-</strong></span> 
     </span>
    </p>
   </div>
   <div class='ocr_carea' id='block_1_17' title="bbox 205 695 997 734">
    <p class='ocr_par' dir='ltr' id='par_1_17' title="bbox 205 695 997 734">
     <span class='ocr_line' id='line_1_17' title="bbox 205 695 997 734; baseline 0.006 -13"><span class='ocrx_word' id='word_1_102' title='bbox 205 695 249 722; x_wconf 89' lang='lat' dir='ltr'><strong>nis</strong></span> <span class='ocrx_word' id='word_1_103' title='bbox 259 699 302 722; x_wconf 75' lang='lat' dir='ltr'><strong>est</strong></span> <span class='ocrx_word' id='word_1_104' title='bbox 316 701 441 724; x_wconf 82' lang='lat' dir='ltr'><strong>sanctum</strong></span> <span class='ocrx_word' id='word_1_105' title='bbox 457 701 485 724; x_wconf 87' lang='lat' dir='ltr'><strong>et</strong></span> <span class='ocrx_word' id='word_1_106' title='bbox 498 697 610 725; x_wconf 88' lang='lat' dir='ltr'><strong>unicum</strong></span> <span class='ocrx_word' id='word_1_107' title='bbox 625 705 726 732; x_wconf 88' lang='lat' dir='ltr'><strong>corpus</strong></span> <span class='ocrx_word' id='word_1_108' title='bbox 741 705 774 725; x_wconf 86' lang='lat' dir='ltr'><strong>ac</strong></span> <span class='ocrx_word' id='word_1_109' title='bbox 788 699 899 734; x_wconf 79' lang='lat' dir='ltr'><strong>sanguis</strong></span> <span class='ocrx_word' id='word_1_110' title='bbox 914 699 997 726; x_wconf 91' lang='lat' dir='ltr'><strong>Chri-</strong></span> 
     </span>
    </p>
   </div>
   <div class='ocr_carea' id='block_1_18' title="bbox 205 740 996 780">
    <p class='ocr_par' dir='ltr' id='par_1_18' title="bbox 205 740 996 780">
     <span class='ocr_line' id='line_1_18' title="bbox 205 740 996 780; baseline 0.006 -13"><span class='ocrx_word' id='word_1_111' title='bbox 205 740 263 768; x_wconf 83' lang='lat' dir='ltr'><strong>sti?</strong></span> <span class='ocrx_word' id='word_1_112' title='bbox 279 745 326 768; x_wconf 89' lang='lat' dir='ltr'><strong>aut</strong></span> <span class='ocrx_word' id='word_1_113' title='bbox 345 741 482 769; x_wconf 87' lang='lat' dir='ltr'><strong>ambobus</strong></span> <span class='ocrx_word' id='word_1_114' title='bbox 496 741 652 777; x_wconf 83' lang='lat' dir='ltr'><strong>impertiet;</strong></span> <span class='ocrx_word' id='word_1_115' title='bbox 669 743 722 771; x_wconf 89' lang='lat' dir='ltr'><strong>Sed</strong></span> <span class='ocrx_word' id='word_1_116' title='bbox 741 744 881 772; x_wconf 81' lang='lat' dir='ltr'><strong>mittamus</strong></span> <span class='ocrx_word' id='word_1_117' title='bbox 901 745 996 780; x_wconf 93' lang='lat' dir='ltr'><strong>loqua-</strong></span> 
     </span>
    </p>
   </div>
   <div class='ocr_carea' id='block_1_19' title="bbox 204 786 994 822">
    <p class='ocr_par' dir='ltr' id='par_1_19' title="bbox 204 786 994 822">
     <span class='ocr_line' id='line_1_19' title="bbox 204 786 994 822; baseline 0.005 -8"><span class='ocrx_word' id='word_1_118' title='bbox 204 786 328 814; x_wconf 80' lang='lat' dir='ltr'><strong>citatem.</strong></span> <span class='ocrx_word' id='word_1_119' title='bbox 352 787 410 815; x_wconf 86' lang='lat' dir='ltr'><strong>Erit</strong></span> <span class='ocrx_word' id='word_1_120' title='bbox 432 787 505 815; x_wconf 91' lang='lat' dir='ltr'><strong>enim</strong></span> <span class='ocrx_word' id='word_1_121' title='bbox 530 788 582 816; x_wconf 89' lang='lat' dir='ltr'><strong>iste</strong></span> <span class='ocrx_word' id='word_1_122' title='bbox 605 789 752 817; x_wconf 77' lang='lat' dir='ltr'><strong>manifesto</strong></span> <span class='ocrx_word' id='word_1_123' title='bbox 775 798 830 817; x_wconf 90' lang='lat' dir='ltr'><strong>non</strong></span> <span class='ocrx_word' id='word_1_124' title='bbox 857 791 994 822; x_wconf 80' lang='lat' dir='ltr'><strong>sacerdos,</strong></span> 
     </span>
    </p>
   </div>
   <div class='ocr_carea' id='block_1_20' title="bbox 204 832 998 870">
    <p class='ocr_par' dir='ltr' id='par_1_20' title="bbox 204 832 998 870">
     <span class='ocr_line' id='line_1_20' title="bbox 204 832 998 870; baseline 0.006 -11"><span class='ocrx_word' id='word_1_125' title='bbox 204 832 253 859; x_wconf 81' lang='lat' dir='ltr'><strong>sed</strong></span> <span class='ocrx_word' id='word_1_126' title='bbox 283 833 438 860; x_wconf 86' lang='lat' dir='ltr'><strong>divinarum</strong></span> <span class='ocrx_word' id='word_1_127' title='bbox 469 833 696 861; x_wconf 87' lang='lat' dir='ltr'><strong>constitutionum</strong></span> <span class='ocrx_word' id='word_1_128' title='bbox 728 840 934 870; x_wconf 84' lang='lat' dir='ltr'><strong>transgressor,</strong></span> <span class='ocrx_word' id='word_1_129' title='bbox 965 843 998 864; x_wconf 84' lang='lat' dir='ltr'><strong>ac</strong></span> 
     </span>
    </p>
   </div>
   <div class='ocr_carea' id='block_1_21' title="bbox 206 878 999 916">
    <p class='ocr_par' dir='ltr' id='par_1_21' title="bbox 206 878 999 916">
     <span class='ocr_line' id='line_1_21' title="bbox 206 878 999 916; baseline 0.005 -12"><span class='ocrx_word' id='word_1_130' title='bbox 206 878 322 912; x_wconf 85' lang='lat' dir='ltr'><strong>proinde</strong></span> <span class='ocrx_word' id='word_1_131' title='bbox 336 878 396 913; x_wconf 88' lang='lat' dir='ltr'><strong>ipso</strong></span> <span class='ocrx_word' id='word_1_132' title='bbox 414 878 564 913; x_wconf 88' lang='lat' dir='ltr'><strong>privandus</strong></span> <span class='ocrx_word' id='word_1_133' title='bbox 576 879 749 913; x_wconf 84' lang='lat' dir='ltr'><strong>sacerdotio;</strong></span> <span class='ocrx_word' id='word_1_134' title='bbox 766 884 797 907; x_wconf 83' lang='lat' dir='ltr'><strong>ut</strong></span> <span class='ocrx_word' id='word_1_135' title='bbox 816 881 860 908; x_wconf 90' lang='lat' dir='ltr'><strong>cui</strong></span> <span class='ocrx_word' id='word_1_136' title='bbox 876 888 912 908; x_wconf 87' lang='lat' dir='ltr'><strong>ne</strong></span> <span class='ocrx_word' id='word_1_137' title='bbox 929 889 999 916; x_wconf 87' lang='lat' dir='ltr'><strong>epu-</strong></span> 
     </span>
    </p>
   </div>
   <div class='ocr_carea' id='block_1_22' title="bbox 206 923 1001 960">
    <p class='ocr_par' dir='ltr' id='par_1_22' title="bbox 206 923 1001 960">
     <span class='ocr_line' id='line_1_22' title="bbox 206 923 1001 960; baseline 0.005 -9"><span class='ocrx_word' id='word_1_138' title='bbox 206 923 255 951; x_wconf 81' lang='lat' dir='ltr'><strong>lari</strong></span> <span class='ocrx_word' id='word_1_139' title='bbox 277 924 388 959; x_wconf 72' lang='lat' dir='ltr'><strong>quidem</strong></span> <span class='ocrx_word' id='word_1_140' title='bbox 414 924 441 952; x_wconf 90' lang='lat' dir='ltr'><strong>in</strong></span> <span class='ocrx_word' id='word_1_141' title='bbox 468 925 569 952; x_wconf 84' lang='lat' dir='ltr'><strong>talibus</strong></span> <span class='ocrx_word' id='word_1_142' title='bbox 590 925 694 960; x_wconf 81' lang='lat' dir='ltr'><strong>nuptiis</strong></span> <span class='ocrx_word' id='word_1_143' title='bbox 723 925 818 958; x_wconf 88' lang='lat' dir='ltr'><strong>liceat,</strong></span> <span class='ocrx_word' id='word_1_144' title='bbox 841 927 942 954; x_wconf 88' lang='lat' dir='ltr'><strong>nedum</strong></span> <span class='ocrx_word' id='word_1_145' title='bbox 970 931 1001 955; x_wconf 86' lang='lat' dir='ltr'><strong>ut</strong></span> 
     </span>
    </p>
   </div>
   <div class='ocr_carea' id='block_1_23' title="bbox 204 970 1000 1006">
    <p class='ocr_par' dir='ltr' id='par_1_23' title="bbox 204 970 1000 1006">
     <span class='ocr_line' id='line_1_23' title="bbox 204 970 1000 1006; baseline 0.004 -9"><span class='ocrx_word' id='word_1_146' title='bbox 204 974 311 997; x_wconf 85' lang='lat' dir='ltr'><strong>tantum</strong></span> <span class='ocrx_word' id='word_1_147' title='bbox 328 970 419 998; x_wconf 84' lang='lat' dir='ltr'><strong>scelus</strong></span> <span class='ocrx_word' id='word_1_148' title='bbox 436 970 600 998; x_wconf 73' lang='lat' dir='ltr'><strong>committat.</strong></span> <span class='ocrx_word' id='word_1_149' title='bbox 616 971 687 1004; x_wconf 82' lang='lat' dir='ltr'><strong>Quid</strong></span> <span class='ocrx_word' id='word_1_150' title='bbox 704 979 779 1006; x_wconf 82' lang='lat' dir='ltr'><strong>ergo,</strong></span> <span class='ocrx_word' id='word_1_151' title='bbox 796 972 883 1005; x_wconf 85' lang='lat' dir='ltr'><strong>dices,</strong></span> <span class='ocrx_word' id='word_1_152' title='bbox 899 973 1000 1001; x_wconf 82' lang='lat' dir='ltr'><strong>amittit</strong></span> 
     </span>
    </p>
   </div>
   <div class='ocr_carea' id='block_1_24' title="bbox 206 1016 999 1052">
    <p class='ocr_par' dir='ltr' id='par_1_24' title="bbox 206 1016 999 1052">
     <span class='ocr_line' id='line_1_24' title="bbox 206 1016 999 1052; baseline 0.005 -9"><span class='ocrx_word' id='word_1_153' title='bbox 206 1023 270 1051; x_wconf 89' lang='lat' dir='ltr'><strong>pars</strong></span> <span class='ocrx_word' id='word_1_154' title='bbox 293 1016 433 1052; x_wconf 75' lang='lat' dir='ltr'><strong>virginalis</strong></span> <span class='ocrx_word' id='word_1_155' title='bbox 462 1016 605 1045; x_wconf 82' lang='lat' dir='ltr'><strong>victricem</strong></span> <span class='ocrx_word' id='word_1_156' title='bbox 635 1025 767 1045; x_wconf 82' lang='lat' dir='ltr'><strong>coronam</strong></span> <span class='ocrx_word' id='word_1_157' title='bbox 793 1026 856 1046; x_wconf 87' lang='lat' dir='ltr'><strong>cum</strong></span> <span class='ocrx_word' id='word_1_158' title='bbox 883 1019 999 1047; x_wconf 89' lang='lat' dir='ltr'><strong>benedi-</strong></span> 
     </span>
    </p>
   </div>
   <div class='ocr_carea' id='block_1_25' title="bbox 204 1062 1000 1099">
    <p class='ocr_par' dir='ltr' id='par_1_25' title="bbox 204 1062 1000 1099">
     <span class='ocr_line' id='line_1_25' title="bbox 204 1062 1000 1099; baseline 0.003 -9"><span class='ocrx_word' id='word_1_159' title='bbox 204 1062 316 1095; x_wconf 87' lang='lat' dir='ltr'><strong>ctione;</strong></span> <span class='ocrx_word' id='word_1_160' title='bbox 338 1069 371 1090; x_wconf 84' lang='lat' dir='ltr'><strong>ac</strong></span> <span class='ocrx_word' id='word_1_161' title='bbox 386 1070 445 1090; x_wconf 80' lang='lat' dir='ltr'><strong>non</strong></span> <span class='ocrx_word' id='word_1_162' title='bbox 464 1063 568 1091; x_wconf 84' lang='lat' dir='ltr'><strong>evincit</strong></span> <span class='ocrx_word' id='word_1_163' title='bbox 588 1063 680 1098; x_wconf 85' lang='lat' dir='ltr'><strong>potius</strong></span> <span class='ocrx_word' id='word_1_164' title='bbox 699 1071 763 1099; x_wconf 85' lang='lat' dir='ltr'><strong>pars</strong></span> <span class='ocrx_word' id='word_1_165' title='bbox 783 1072 839 1092; x_wconf 89' lang='lat' dir='ltr'><strong>non</strong></span> <span class='ocrx_word' id='word_1_166' title='bbox 861 1064 946 1097; x_wconf 85' lang='lat' dir='ltr'><strong>victa,</strong></span> <span class='ocrx_word' id='word_1_167' title='bbox 969 1069 1000 1092; x_wconf 90' lang='lat' dir='ltr'><strong>ut</strong></span> 
     </span>
    </p>
   </div>
   <div class='ocr_carea' id='block_1_26' title="bbox 205 1107 999 1143">
    <p class='ocr_par' dir='ltr' id='par_1_26' title="bbox 205 1107 999 1143">
     <span class='ocr_line' id='line_1_26' title="bbox 205 1107 999 1143; baseline 0.005 -8"><span class='ocrx_word' id='word_1_168' title='bbox 205 1107 287 1135; x_wconf 85' lang='lat' dir='ltr'><strong>simul</strong></span> <span class='ocrx_word' id='word_1_169' title='bbox 306 1108 496 1142; x_wconf 84' lang='lat' dir='ltr'><strong>benedicatur,</strong></span> <span class='ocrx_word' id='word_1_170' title='bbox 516 1109 597 1136; x_wconf 87' lang='lat' dir='ltr'><strong>simul</strong></span> <span class='ocrx_word' id='word_1_171' title='bbox 610 1115 770 1143; x_wconf 84' lang='lat' dir='ltr'><strong>coronetur,</strong></span> <span class='ocrx_word' id='word_1_172' title='bbox 784 1115 812 1138; x_wconf 87' lang='lat' dir='ltr'><strong>et</strong></span> <span class='ocrx_word' id='word_1_173' title='bbox 825 1111 999 1139; x_wconf 86' lang='lat' dir='ltr'><strong>communio-</strong></span> 
     </span>
    </p>
   </div>
   <div class='ocr_carea' id='block_1_27' title="bbox 205 1153 1000 1191">
    <p class='ocr_par' dir='ltr' id='par_1_27' title="bbox 205 1153 1000 1191">
     <span class='ocr_line' id='line_1_27' title="bbox 205 1153 1000 1191; baseline 0.004 -11"><span class='ocrx_word' id='word_1_174' title='bbox 205 1160 269 1180; x_wconf 85' lang='lat' dir='ltr'><strong>nem</strong></span> <span class='ocrx_word' id='word_1_175' title='bbox 285 1153 366 1181; x_wconf 89' lang='lat' dir='ltr'><strong>simul</strong></span> <span class='ocrx_word' id='word_1_176' title='bbox 383 1154 501 1189; x_wconf 79' lang='lat' dir='ltr'><strong>accipiat</strong></span> <span class='ocrx_word' id='word_1_177' title='bbox 515 1161 579 1189; x_wconf 88' lang='lat' dir='ltr'><strong>pars</strong></span> <span class='ocrx_word' id='word_1_178' title='bbox 592 1154 676 1182; x_wconf 82' lang='lat' dir='ltr'><strong>altera</strong></span> <span class='ocrx_word' id='word_1_179' title='bbox 689 1162 738 1190; x_wconf 91' lang='lat' dir='ltr'><strong>per</strong></span> <span class='ocrx_word' id='word_1_180' title='bbox 750 1155 897 1191; x_wconf 77' lang='lat' dir='ltr'><strong>digamiam</strong></span> <span class='ocrx_word' id='word_1_181' title='bbox 911 1155 1000 1183; x_wconf 82' lang='lat' dir='ltr'><strong>victa?</strong></span> 
     </span>
    </p>
   </div>
   <div class='ocr_carea' id='block_1_28' title="bbox 206 1199 1000 1232">
    <p class='ocr_par' dir='ltr' id='par_1_28' title="bbox 206 1199 1000 1232">
     <span class='ocr_line' id='line_1_28' title="bbox 206 1199 1000 1232; baseline 0.003 -5"><span class='ocrx_word' id='word_1_182' title='bbox 206 1199 236 1227; x_wconf 91' lang='lat' dir='ltr'><strong>Si</strong></span> <span class='ocrx_word' id='word_1_183' title='bbox 251 1199 289 1227; x_wconf 86' lang='lat' dir='ltr'><strong>ita</strong></span> <span class='ocrx_word' id='word_1_184' title='bbox 305 1203 391 1232; x_wconf 80' lang='lat' dir='ltr'><strong>esset,</strong></span> <span class='ocrx_word' id='word_1_185' title='bbox 412 1200 549 1228; x_wconf 81' lang='lat' dir='ltr'><strong>sancitum</strong></span> <span class='ocrx_word' id='word_1_186' title='bbox 565 1208 632 1228; x_wconf 84' lang='lat' dir='ltr'><strong>sane</strong></span> <span class='ocrx_word' id='word_1_187' title='bbox 647 1200 746 1229; x_wconf 78' lang='lat' dir='ltr'><strong>fuisset</strong></span> <span class='ocrx_word' id='word_1_188' title='bbox 761 1201 873 1229; x_wconf 85' lang='lat' dir='ltr'><strong>Patrum</strong></span> <span class='ocrx_word' id='word_1_189' title='bbox 886 1202 1000 1230; x_wconf 83' lang='lat' dir='ltr'><strong>canoni-</strong></span> 
     </span>
    </p>
   </div>
   <div class='ocr_carea' id='block_1_29' title="bbox 207 1245 1000 1284">
    <p class='ocr_par' dir='ltr' id='par_1_29' title="bbox 207 1245 1000 1284">
     <span class='ocr_line' id='line_1_29' title="bbox 207 1245 1000 1284; baseline 0.005 -12"><span class='ocrx_word' id='word_1_190' title='bbox 207 1245 260 1273; x_wconf 86' lang='lat' dir='ltr'><strong>bus</strong></span> <span class='ocrx_word' id='word_1_191' title='bbox 274 1255 282 1273; x_wconf 91' lang='lat'><strong>:</strong></span> <span class='ocrx_word' id='word_1_192' title='bbox 295 1245 345 1273; x_wconf 84' lang='lat' dir='ltr'><strong>sed</strong></span> <span class='ocrx_word' id='word_1_193' title='bbox 359 1246 508 1274; x_wconf 86' lang='lat' dir='ltr'><strong>discrimen</strong></span> <span class='ocrx_word' id='word_1_194' title='bbox 520 1247 626 1275; x_wconf 90' lang='lat' dir='ltr'><strong>nullum</strong></span> <span class='ocrx_word' id='word_1_195' title='bbox 641 1247 743 1275; x_wconf 81' lang='lat' dir='ltr'><strong>factum</strong></span> <span class='ocrx_word' id='word_1_196' title='bbox 757 1252 811 1276; x_wconf 86' lang='lat' dir='ltr'><strong>est.</strong></span> <span class='ocrx_word' id='word_1_197' title='bbox 827 1247 907 1281; x_wconf 83' lang='lat' dir='ltr'><strong>Quod</strong></span> <span class='ocrx_word' id='word_1_198' title='bbox 917 1248 1000 1284; x_wconf 90' lang='lat' dir='ltr'><strong>igitur</strong></span> 
     </span>
    </p>
   </div>
   <div class='ocr_carea' id='block_1_30' title="bbox 207 1290 1000 1321">
    <p class='ocr_par' dir='ltr' id='par_1_30' title="bbox 207 1290 1000 1321">
     <span class='ocr_line' id='line_1_30' title="bbox 207 1290 1000 1321; baseline 0.003 -3"><span class='ocrx_word' id='word_1_199' title='bbox 207 1290 319 1318; x_wconf 85' lang='lat' dir='ltr'><strong>Patrum</strong></span> <span class='ocrx_word' id='word_1_200' title='bbox 340 1292 499 1320; x_wconf 86' lang='lat' dir='ltr'><strong>testimonio</strong></span> <span class='ocrx_word' id='word_1_201' title='bbox 511 1292 634 1320; x_wconf 86' lang='lat' dir='ltr'><strong>decisum</strong></span> <span class='ocrx_word' id='word_1_202' title='bbox 656 1300 713 1320; x_wconf 87' lang='lat' dir='ltr'><strong>non</strong></span> <span class='ocrx_word' id='word_1_203' title='bbox 735 1297 777 1321; x_wconf 82' lang='lat' dir='ltr'><strong>est</strong></span> <span class='ocrx_word' id='word_1_204' title='bbox 793 1300 844 1320; x_wconf 90' lang='lat' dir='ltr'><strong>nec</strong></span> <span class='ocrx_word' id='word_1_205' title='bbox 863 1293 1000 1321; x_wconf 86' lang='lat' dir='ltr'><strong>constitu-</strong></span> 
     </span>
    </p>
   </div>
   <div class='ocr_carea' id='block_1_31' title="bbox 208 1337 998 1375">
    <p class='ocr_par' dir='ltr' id='par_1_31' title="bbox 208 1337 998 1375">
     <span class='ocr_line' id='line_1_31' title="bbox 208 1337 998 1375; baseline 0.004 -11"><span class='ocrx_word' id='word_1_206' title='bbox 208 1341 278 1369; x_wconf 86' lang='lat' dir='ltr'><strong>tum,</strong></span> <span class='ocrx_word' id='word_1_207' title='bbox 299 1337 390 1365; x_wconf 85' lang='lat' dir='ltr'><strong>inanis</strong></span> <span class='ocrx_word' id='word_1_208' title='bbox 413 1339 576 1375; x_wconf 68' lang='lat' dir='ltr'><strong>arrogantia:</strong></span> <span class='ocrx_word' id='word_1_209' title='bbox 590 1343 634 1367; x_wconf 84' lang='lat' dir='ltr'><strong>est</strong></span> <span class='ocrx_word' id='word_1_210' title='bbox 656 1339 683 1367; x_wconf 88' lang='lat' dir='ltr'><strong>id</strong></span> <span class='ocrx_word' id='word_1_211' title='bbox 699 1339 833 1375; x_wconf 85' lang='lat' dir='ltr'><strong>cogitare,</strong></span> <span class='ocrx_word' id='word_1_212' title='bbox 855 1343 884 1367; x_wconf 89' lang='lat' dir='ltr'><strong>et</strong></span> <span class='ocrx_word' id='word_1_213' title='bbox 895 1339 998 1373; x_wconf 82' lang='lat' dir='ltr'><strong>dicere,</strong></span> 
     </span>
    </p>
   </div>
   <div class='ocr_carea' id='block_1_32' title="bbox 207 1382 1000 1422">
    <p class='ocr_par' dir='ltr' id='par_1_32' title="bbox 207 1382 1000 1422">
     <span class='ocr_line' id='line_1_32' title="bbox 207 1382 1000 1422; baseline 0.003 -12"><span class='ocrx_word' id='word_1_214' title='bbox 207 1387 236 1411; x_wconf 91' lang='lat' dir='ltr'><strong>et</strong></span> <span class='ocrx_word' id='word_1_215' title='bbox 255 1382 356 1411; x_wconf 80' lang='lat' dir='ltr'><strong>facere.</strong></span> <span class='ocrx_word' id='word_1_216' title='bbox 378 1382 435 1420; x_wconf 79' lang='lat' dir='ltr'><strong>Ego</strong></span> <span class='ocrx_word' id='word_1_217' title='bbox 447 1391 513 1412; x_wconf 84' lang='lat' dir='ltr'><strong>vero</strong></span> <span class='ocrx_word' id='word_1_218' title='bbox 534 1385 576 1413; x_wconf 85' lang='lat' dir='ltr'><strong>sic</strong></span> <span class='ocrx_word' id='word_1_219' title='bbox 598 1385 698 1418; x_wconf 79' lang='lat' dir='ltr'><strong>sentio,</strong></span> <span class='ocrx_word' id='word_1_220' title='bbox 713 1385 775 1421; x_wconf 79' lang='lat' dir='ltr'><strong>jure</strong></span> <span class='ocrx_word' id='word_1_221' title='bbox 797 1390 903 1421; x_wconf 86' lang='lat' dir='ltr'><strong>partem</strong></span> <span class='ocrx_word' id='word_1_222' title='bbox 917 1385 1000 1422; x_wconf 82' lang='lat' dir='ltr'><strong>virgi—</strong></span> 
     </span>
    </p>
   </div>
   <div class='ocr_carea' id='block_1_33' title="bbox 208 1429 1000 1467">
    <p class='ocr_par' dir='ltr' id='par_1_33' title="bbox 208 1429 1000 1467">
     <span class='ocr_line' id='line_1_33' title="bbox 208 1429 1000 1467; baseline 0.004 -11"><span class='ocrx_word' id='word_1_223' title='bbox 208 1429 298 1456; x_wconf 81' lang='lat' dir='ltr'><strong>nalem</strong></span> <span class='ocrx_word' id='word_1_224' title='bbox 313 1429 494 1466; x_wconf 66' lang='lat' dir='ltr'><strong>monogamia:</strong></span> <span class='ocrx_word' id='word_1_225' title='bbox 514 1430 567 1459; x_wconf 89' lang='lat' dir='ltr'><strong>ritu</strong></span> <span class='ocrx_word' id='word_1_226' title='bbox 584 1431 701 1466; x_wconf 84' lang='lat' dir='ltr'><strong>privari;</strong></span> <span class='ocrx_word' id='word_1_227' title='bbox 719 1435 750 1460; x_wconf 83' lang='lat' dir='ltr'><strong>ut</strong></span> <span class='ocrx_word' id='word_1_228' title='bbox 770 1431 813 1459; x_wconf 91' lang='lat' dir='ltr'><strong>cui</strong></span> <span class='ocrx_word' id='word_1_229' title='bbox 825 1431 936 1467; x_wconf 81' lang='lat' dir='ltr'><strong>liquerit</strong></span> <span class='ocrx_word' id='word_1_230' title='bbox 951 1439 1000 1467; x_wconf 87' lang='lat' dir='ltr'><strong>per</strong></span> 
     </span>
    </p>
   </div>
   <div class='ocr_carea' id='block_1_34' title="bbox 207 1472 999 1512">
    <p class='ocr_par' dir='ltr' id='par_1_34' title="bbox 207 1472 999 1512">
     <span class='ocr_line' id='line_1_34' title="bbox 207 1472 999 1512; baseline 0.006 -13"><span class='ocrx_word' id='word_1_231' title='bbox 207 1472 333 1508; x_wconf 76' lang='lat' dir='ltr'><strong>ejusdem</strong></span> <span class='ocrx_word' id='word_1_232' title='bbox 345 1474 450 1502; x_wconf 83' lang='lat' dir='ltr'><strong>ordinis</strong></span> <span class='ocrx_word' id='word_1_233' title='bbox 461 1480 618 1504; x_wconf 84' lang='lat' dir='ltr'><strong>consortem</strong></span> <span class='ocrx_word' id='word_1_234' title='bbox 630 1476 677 1504; x_wconf 88' lang='lat' dir='ltr'><strong>illo</strong></span> <span class='ocrx_word' id='word_1_235' title='bbox 691 1476 744 1504; x_wconf 89' lang='lat' dir='ltr'><strong>l‘rui</strong></span> <span class='ocrx_word' id='word_1_236' title='bbox 759 1485 766 1504; x_wconf 70' lang='grc' dir='ltr'>ε</span> <span class='ocrx_word' id='word_1_237' title='bbox 780 1477 999 1512; x_wconf 84' lang='lat' dir='ltr'><strong>quandoquidem</strong></span> 
     </span>
    </p>
   </div>
   <div class='ocr_carea' id='block_1_35' title="bbox 208 1520 1002 1558">
    <p class='ocr_par' dir='ltr' id='par_1_35' title="bbox 208 1520 1002 1558">
     <span class='ocr_line' id='line_1_35' title="bbox 208 1520 1002 1558; baseline 0.006 -13"><span class='ocrx_word' id='word_1_238' title='bbox 208 1526 308 1553; x_wconf 89' lang='lat' dir='ltr'><strong>purum</strong></span> <span class='ocrx_word' id='word_1_239' title='bbox 331 1527 404 1554; x_wconf 93' lang='lat' dir='ltr'><strong>puro</strong></span> <span class='ocrx_word' id='word_1_240' title='bbox 418 1520 496 1557; x_wconf 86' lang='lat' dir='ltr'><strong>jungi</strong></span> <span class='ocrx_word' id='word_1_241' title='bbox 518 1522 607 1554; x_wconf 81' lang='lat' dir='ltr'><strong>decet.</strong></span> <span class='ocrx_word' id='word_1_242' title='bbox 633 1525 662 1549; x_wconf 88' lang='lat' dir='ltr'><strong>et</strong></span> <span class='ocrx_word' id='word_1_243' title='bbox 685 1521 821 1558; x_wconf 86' lang='lat' dir='ltr'><strong>virginem</strong></span> <span class='ocrx_word' id='word_1_244' title='bbox 841 1522 951 1558; x_wconf 79' lang='lat' dir='ltr'><strong>virgini,</strong></span> <span class='ocrx_word' id='word_1_245' title='bbox 973 1527 1002 1550; x_wconf 88' lang='lat' dir='ltr'><strong>et</strong></span> 
     </span>
    </p>
   </div>
   <div class='ocr_carea' id='block_1_36' title="bbox 209 1565 1001 1604">
    <p class='ocr_par' dir='ltr' id='par_1_36' title="bbox 209 1565 1001 1604">
     <span class='ocr_line' id='line_1_36' title="bbox 209 1565 1001 1604; baseline 0.005 -12"><span class='ocrx_word' id='word_1_246' title='bbox 209 1565 341 1593; x_wconf 87' lang='lat' dir='ltr'><strong>victorem</strong></span> <span class='ocrx_word' id='word_1_247' title='bbox 365 1566 476 1594; x_wconf 75' lang='lat' dir='ltr'><strong>victori.</strong></span> <span class='ocrx_word' id='word_1_248' title='bbox 502 1565 609 1595; x_wconf 84' lang='lat' dir='ltr'><strong>Decidit</strong></span> <span class='ocrx_word' id='word_1_249' title='bbox 631 1572 726 1595; x_wconf 88' lang='lat' dir='ltr'><strong>autem</strong></span> <span class='ocrx_word' id='word_1_250' title='bbox 746 1568 793 1603; x_wconf 87' lang='lat' dir='ltr'><strong>qui</strong></span> <span class='ocrx_word' id='word_1_251' title='bbox 818 1575 874 1595; x_wconf 91' lang='lat' dir='ltr'><strong>non</strong></span> <span class='ocrx_word' id='word_1_252' title='bbox 900 1568 1001 1604; x_wconf 89' lang='lat' dir='ltr'><strong>virgini</strong></span> 
     </span>
    </p>
   </div>
   <div class='ocr_carea' id='block_1_37' title="bbox 207 1611 1001 1650">
    <p class='ocr_par' dir='ltr' id='par_1_37' title="bbox 207 1611 1001 1650">
     <span class='ocr_line' id='line_1_37' title="bbox 207 1611 1001 1650; baseline 0.004 -11"><span class='ocrx_word' id='word_1_253' title='bbox 207 1611 332 1647; x_wconf 76' lang='lat' dir='ltr'><strong>copulari</strong></span> <span class='ocrx_word' id='word_1_254' title='bbox 353 1612 451 1646; x_wconf 77' lang='lat' dir='ltr'><strong>voluit,</strong></span> <span class='ocrx_word' id='word_1_255' title='bbox 478 1617 506 1640; x_wconf 89' lang='lat' dir='ltr'><strong>et</strong></span> <span class='ocrx_word' id='word_1_256' title='bbox 528 1613 692 1648; x_wconf 76' lang='lat' dir='ltr'><strong>virginalem</strong></span> <span class='ocrx_word' id='word_1_257' title='bbox 707 1614 822 1650; x_wconf 87' lang='lat' dir='ltr'><strong>gloriam</strong></span> <span class='ocrx_word' id='word_1_258' title='bbox 845 1622 877 1641; x_wconf 91' lang='lat' dir='ltr'><strong>ea</strong></span> <span class='ocrx_word' id='word_1_259' title='bbox 895 1615 1001 1642; x_wconf 77' lang='lat' dir='ltr'><strong>ratione</strong></span> 
     </span>
    </p>
   </div>
   <div class='ocr_carea' id='block_1_38' title="bbox 208 1657 1000 1694">
    <p class='ocr_par' dir='ltr' id='par_1_38' title="bbox 208 1657 1000 1694">
     <span class='ocr_line' id='line_1_38' title="bbox 208 1657 1000 1694; baseline 0.003 -9"><span class='ocrx_word' id='word_1_260' title='bbox 208 1657 410 1686; x_wconf 84' lang='lat' dir='ltr'><strong>dehonestare?</strong></span> <span class='ocrx_word' id='word_1_261' title='bbox 422 1666 503 1694; x_wconf 89' lang='lat' dir='ltr'><strong>quam</strong></span> <span class='ocrx_word' id='word_1_262' title='bbox 519 1666 554 1686; x_wconf 90' lang='lat' dir='ltr'><strong>ne</strong></span> <span class='ocrx_word' id='word_1_263' title='bbox 571 1659 667 1686; x_wconf 88' lang='lat' dir='ltr'><strong>habuit</strong></span> <span class='ocrx_word' id='word_1_264' title='bbox 677 1659 786 1694; x_wconf 86' lang='lat' dir='ltr'><strong>quidem</strong></span> <span class='ocrx_word' id='word_1_265' title='bbox 803 1659 928 1692; x_wconf 81' lang='lat' dir='ltr'><strong>fortasse,</strong></span> <span class='ocrx_word' id='word_1_266' title='bbox 943 1663 1000 1692; x_wconf 86' lang='lat' dir='ltr'><strong>aut,</strong></span> 
     </span>
    </p>
   </div>
   <div class='ocr_carea' id='block_1_39' title="bbox 207 1703 1001 1740">
    <p class='ocr_par' dir='ltr' id='par_1_39' title="bbox 207 1703 1001 1740">
     <span class='ocr_line' id='line_1_39' title="bbox 207 1703 1001 1740; baseline 0 -8"><span class='ocrx_word' id='word_1_267' title='bbox 207 1711 270 1732; x_wconf 87' lang='lat' dir='ltr'><strong>cum</strong></span> <span class='ocrx_word' id='word_1_268' title='bbox 287 1703 413 1736; x_wconf 82' lang='lat' dir='ltr'><strong>haberet,</strong></span> <span class='ocrx_word' id='word_1_269' title='bbox 431 1704 531 1732; x_wconf 80' lang='lat' dir='ltr'><strong>vitioso</strong></span> <span class='ocrx_word' id='word_1_270' title='bbox 547 1712 611 1740; x_wconf 78' lang='lat' dir='ltr'><strong>erga</strong></span> <span class='ocrx_word' id='word_1_271' title='bbox 625 1705 763 1740; x_wconf 86' lang='lat' dir='ltr'><strong>digamum</strong></span> <span class='ocrx_word' id='word_1_272' title='bbox 776 1705 877 1733; x_wconf 83' lang='lat' dir='ltr'><strong>aﬂ&#39;ectu</strong></span> <span class='ocrx_word' id='word_1_273' title='bbox 889 1713 1001 1740; x_wconf 89' lang='lat' dir='ltr'><strong>quoquo</strong></span> 
     </span>
    </p>
   </div>
   <div class='ocr_carea' id='block_1_40' title="bbox 207 1749 1001 1785">
    <p class='ocr_par' dir='ltr' id='par_1_40' title="bbox 207 1749 1001 1785">
     <span class='ocr_line' id='line_1_40' title="bbox 207 1749 1001 1785; baseline 0.004 -8"><span class='ocrx_word' id='word_1_274' title='bbox 207 1750 290 1777; x_wconf 87' lang='lat' dir='ltr'><strong>modo</strong></span> <span class='ocrx_word' id='word_1_275' title='bbox 304 1750 451 1785; x_wconf 87' lang='lat' dir='ltr'><strong>depressit.</strong></span> <span class='ocrx_word' id='word_1_276' title='bbox 466 1749 558 1783; x_wconf 84' lang='lat' dir='ltr'><strong>Quare</strong></span> <span class='ocrx_word' id='word_1_277' title='bbox 579 1758 635 1778; x_wconf 93' lang='lat' dir='ltr'><strong>non</strong></span> <span class='ocrx_word' id='word_1_278' title='bbox 651 1751 733 1779; x_wconf 92' lang='lat' dir='ltr'><strong>modo</strong></span> <span class='ocrx_word' id='word_1_279' title='bbox 756 1759 811 1779; x_wconf 90' lang='lat' dir='ltr'><strong>non</strong></span> <span class='ocrx_word' id='word_1_280' title='bbox 825 1752 934 1785; x_wconf 89' lang='lat' dir='ltr'><strong>evehet,</strong></span> <span class='ocrx_word' id='word_1_281' title='bbox 952 1752 1001 1780; x_wconf 87' lang='lat' dir='ltr'><strong>sed</strong></span> 
     </span>
    </p>
   </div>
   <div class='ocr_carea' id='block_1_41' title="bbox 207 1795 1001 1833">
    <p class='ocr_par' dir='ltr' id='par_1_41' title="bbox 207 1795 1001 1833">
     <span class='ocr_line' id='line_1_41' title="bbox 207 1795 1001 1833; baseline 0.003 -10"><span class='ocrx_word' id='word_1_282' title='bbox 207 1795 296 1831; x_wconf 91' lang='lat' dir='ltr'><strong>ipsum</strong></span> <span class='ocrx_word' id='word_1_283' title='bbox 312 1803 423 1831; x_wconf 81' lang='lat' dir='ltr'><strong>quoque</strong></span> <span class='ocrx_word' id='word_1_284' title='bbox 443 1796 580 1831; x_wconf 83' lang='lat' dir='ltr'><strong>deprimet</strong></span> <span class='ocrx_word' id='word_1_285' title='bbox 603 1796 638 1824; x_wconf 90' lang='lat' dir='ltr'><strong>ad</strong></span> <span class='ocrx_word' id='word_1_286' title='bbox 656 1804 764 1832; x_wconf 63' lang='lat' dir='ltr'><strong>potnam</strong></span> <span class='ocrx_word' id='word_1_287' title='bbox 782 1798 867 1832; x_wconf 82' lang='lat' dir='ltr'><strong>partis</strong></span> <span class='ocrx_word' id='word_1_288' title='bbox 889 1798 1001 1833; x_wconf 86' lang='lat' dir='ltr'><strong>nuptias</strong></span> 
     </span>
    </p>
   </div>
   <div class='ocr_carea' id='block_1_42' title="bbox 209 1842 1001 1879">
    <p class='ocr_par' dir='ltr' id='par_1_42' title="bbox 209 1842 1001 1879">
     <span class='ocr_line' id='line_1_42' title="bbox 209 1842 1001 1879; baseline 0.004 -10"><span class='ocrx_word' id='word_1_289' title='bbox 209 1843 345 1870; x_wconf 83' lang='lat' dir='ltr'><strong>iterantis.</strong></span> <span class='ocrx_word' id='word_1_290' title='bbox 369 1843 432 1870; x_wconf 60' lang='lat' dir='ltr'><strong>Hec</strong></span> <span class='ocrx_word' id='word_1_291' title='bbox 449 1850 464 1870; x_wconf 91' lang='lat' dir='ltr'><strong>a</strong></span> <span class='ocrx_word' id='word_1_292' title='bbox 489 1850 532 1870; x_wconf 90' lang='lat' dir='ltr'><strong>me</strong></span> <span class='ocrx_word' id='word_1_293' title='bbox 553 1850 604 1878; x_wconf 88' lang='lat' dir='ltr'><strong>pro</strong></span> <span class='ocrx_word' id='word_1_294' title='bbox 626 1842 732 1871; x_wconf 89' lang='lat' dir='ltr'><strong>viribus</strong></span> <span class='ocrx_word' id='word_1_295' title='bbox 751 1848 860 1879; x_wconf 86' lang='lat' dir='ltr'><strong>reperta</strong></span> <span class='ocrx_word' id='word_1_296' title='bbox 886 1850 914 1872; x_wconf 87' lang='lat' dir='ltr'><strong>et</strong></span> <span class='ocrx_word' id='word_1_297' title='bbox 928 1844 1001 1872; x_wconf 82' lang='lat' dir='ltr'><strong>dicta</strong></span> 
     </span>
    </p>
   </div>
   <div class='ocr_carea' id='block_1_43' title="bbox 209 1888 1000 1925">
    <p class='ocr_par' dir='ltr' id='par_1_43' title="bbox 209 1888 1000 1925">
     <span class='ocr_line' id='line_1_43' title="bbox 209 1888 1000 1925; baseline 0.001 -9"><span class='ocrx_word' id='word_1_298' title='bbox 209 1893 284 1919; x_wconf 84' lang='lat' dir='ltr'><strong>sunt.</strong></span> <span class='ocrx_word' id='word_1_299' title='bbox 308 1888 344 1916; x_wconf 87' lang='lat' dir='ltr'><strong>ﬁli</strong></span> <span class='ocrx_word' id='word_1_300' title='bbox 366 1889 485 1924; x_wconf 79' lang='lat' dir='ltr'><strong>egregie.</strong></span> <span class='ocrx_word' id='word_1_301' title='bbox 502 1888 581 1922; x_wconf 87' lang='lat' dir='ltr'><strong>Quod</strong></span> <span class='ocrx_word' id='word_1_302' title='bbox 598 1889 620 1916; x_wconf 93' lang='lat' dir='ltr'><strong>si</strong></span> <span class='ocrx_word' id='word_1_303' title='bbox 648 1889 697 1916; x_wconf 85' lang='lat' dir='ltr'><strong>tibi</strong></span> <span class='ocrx_word' id='word_1_304' title='bbox 713 1889 754 1917; x_wconf 87' lang='lat' dir='ltr'><strong>vel</strong></span> <span class='ocrx_word' id='word_1_305' title='bbox 780 1890 857 1917; x_wconf 75' lang='lat' dir='ltr'><strong>alteri</strong></span> <span class='ocrx_word' id='word_1_306' title='bbox 880 1890 1000 1925; x_wconf 88' lang='lat' dir='ltr'><strong>cuipiam</strong></span> 
     </span>
    </p>
   </div>
   <div class='ocr_carea' id='block_1_44' title="bbox 210 1934 1002 1971">
    <p class='ocr_par' dir='ltr' id='par_1_44' title="bbox 210 1934 1002 1971">
     <span class='ocr_line' id='line_1_44' title="bbox 210 1934 1002 1971; baseline 0.004 -10"><span class='ocrx_word' id='word_1_307' title='bbox 210 1934 302 1962; x_wconf 83' lang='lat' dir='ltr'><strong>verius</strong></span> <span class='ocrx_word' id='word_1_308' title='bbox 313 1935 387 1962; x_wconf 85' lang='lat' dir='ltr'><strong>aliud</strong></span> <span class='ocrx_word' id='word_1_309' title='bbox 401 1935 537 1967; x_wconf 76' lang='lat' dir='ltr'><strong>videatur,</strong></span> <span class='ocrx_word' id='word_1_310' title='bbox 551 1935 633 1962; x_wconf 91' lang='lat' dir='ltr'><strong>modo</strong></span> <span class='ocrx_word' id='word_1_311' title='bbox 647 1943 681 1962; x_wconf 78' lang='lat' dir='ltr'><strong>ex</strong></span> <span class='ocrx_word' id='word_1_312' title='bbox 697 1935 838 1971; x_wconf 86' lang='lat' dir='ltr'><strong>Scriptura</strong></span> <span class='ocrx_word' id='word_1_313' title='bbox 855 1941 960 1964; x_wconf 86' lang='lat' dir='ltr'><strong>tantum</strong></span> <span class='ocrx_word' id='word_1_314' title='bbox 974 1942 1002 1964; x_wconf 88' lang='lat' dir='ltr'><strong>et</strong></span> 
     </span>
    </p>
   </div>
   <div class='ocr_carea' id='block_1_45' title="bbox 208 1980 1002 2014">
    <p class='ocr_par' dir='ltr' id='par_1_45' title="bbox 208 1980 1002 2014">
     <span class='ocr_line' id='line_1_45' title="bbox 208 1980 1002 2014; baseline 0.005 -8"><span class='ocrx_word' id='word_1_315' title='bbox 208 1987 242 2006; x_wconf 76' lang='lat' dir='ltr'><strong>ex</strong></span> <span class='ocrx_word' id='word_1_316' title='bbox 261 1985 375 2014; x_wconf 85' lang='lat' dir='ltr'><strong>paterna</strong></span> <span class='ocrx_word' id='word_1_317' title='bbox 392 1985 474 2014; x_wconf 87' lang='lat' dir='ltr'><strong>atque</strong></span> <span class='ocrx_word' id='word_1_318' title='bbox 487 1980 619 2007; x_wconf 85' lang='lat' dir='ltr'><strong>canonica</strong></span> <span class='ocrx_word' id='word_1_319' title='bbox 636 1981 798 2014; x_wconf 87' lang='lat' dir='ltr'><strong>traditione;</strong></span> <span class='ocrx_word' id='word_1_320' title='bbox 812 1983 1002 2011; x_wconf 84' lang='lat' dir='ltr'><strong>consentiente</strong></span> 
     </span>
    </p>
   </div>
   <div class='ocr_carea' id='block_1_46' title="bbox 208 2026 1000 2062">
    <p class='ocr_par' dir='ltr' id='par_1_46' title="bbox 208 2026 1000 2062">
     <span class='ocr_line' id='line_1_46' title="bbox 208 2026 1000 2062; baseline 0.005 -10"><span class='ocrx_word' id='word_1_321' title='bbox 208 2033 271 2053; x_wconf 77' lang='lat' dir='ltr'><strong>cum</strong></span> <span class='ocrx_word' id='word_1_322' title='bbox 289 2026 331 2053; x_wconf 87' lang='lat' dir='ltr'><strong>his</strong></span> <span class='ocrx_word' id='word_1_323' title='bbox 346 2027 451 2061; x_wconf 86' lang='lat' dir='ltr'><strong>privata</strong></span> <span class='ocrx_word' id='word_1_324' title='bbox 464 2034 526 2062; x_wconf 64' lang='lat' dir='ltr'><strong>quae</strong></span> <span class='ocrx_word' id='word_1_325' title='bbox 539 2027 651 2054; x_wconf 86' lang='lat' dir='ltr'><strong>accedat</strong></span> <span class='ocrx_word' id='word_1_326' title='bbox 669 2027 753 2054; x_wconf 86' lang='lat' dir='ltr'><strong>animi</strong></span> <span class='ocrx_word' id='word_1_327' title='bbox 771 2028 979 2056; x_wconf 87' lang='lat' dir='ltr'><strong>ratiocinatione</strong></span> <span class='ocrx_word' id='word_1_328' title='bbox 993 2039 1000 2057; x_wconf 86' lang='lat'><strong>:</strong></span> 
     </span>
    </p>
   </div>
   <div class='ocr_carea' id='block_1_47' title="bbox 208 2071 1002 2108">
    <p class='ocr_par' dir='ltr' id='par_1_47' title="bbox 208 2071 1002 2108">
     <span class='ocr_line' id='line_1_47' title="bbox 208 2071 1002 2108; baseline 0.005 -10"><span class='ocrx_word' id='word_1_329' title='bbox 208 2071 296 2106; x_wconf 79' lang='lat' dir='ltr'><strong>parati</strong></span> <span class='ocrx_word' id='word_1_330' title='bbox 312 2076 342 2099; x_wconf 81' lang='lat' dir='ltr'><strong>et</strong></span> <span class='ocrx_word' id='word_1_331' title='bbox 365 2080 414 2099; x_wconf 84' lang='lat' dir='ltr'><strong>nos</strong></span> <span class='ocrx_word' id='word_1_332' title='bbox 438 2079 534 2099; x_wconf 85' lang='lat' dir='ltr'><strong>sumus</strong></span> <span class='ocrx_word' id='word_1_333' title='bbox 547 2072 663 2107; x_wconf 86' lang='lat' dir='ltr'><strong>pedibus</strong></span> <span class='ocrx_word' id='word_1_334' title='bbox 680 2073 768 2108; x_wconf 88' lang='lat' dir='ltr'><strong>sequi,</strong></span> <span class='ocrx_word' id='word_1_335' title='bbox 788 2079 816 2101; x_wconf 89' lang='lat' dir='ltr'><strong>et</strong></span> <span class='ocrx_word' id='word_1_336' title='bbox 835 2074 924 2101; x_wconf 88' lang='lat' dir='ltr'><strong>aliena</strong></span> <span class='ocrx_word' id='word_1_337' title='bbox 940 2075 1002 2103; x_wconf 81' lang='lat' dir='ltr'><strong>luce</strong></span> 
     </span>
    </p>
   </div>
   <div class='ocr_carea' id='block_1_48' title="bbox 209 2118 998 2157">
    <p class='ocr_par' dir='ltr' id='par_1_48' title="bbox 209 2118 998 2157">
     <span class='ocr_line' id='line_1_48' title="bbox 209 2118 998 2157; baseline 0.008 -13"><span class='ocrx_word' id='word_1_338' title='bbox 209 2118 350 2151; x_wconf 83' lang='lat' dir='ltr'><strong>illustrari,</strong></span> <span class='ocrx_word' id='word_1_339' title='bbox 366 2118 437 2147; x_wconf 87' lang='lat' dir='ltr'><strong>lucis</strong></span> <span class='ocrx_word' id='word_1_340' title='bbox 453 2118 505 2154; x_wconf 90' lang='lat' dir='ltr'><strong>ipsi</strong></span> <span class='ocrx_word' id='word_1_341' title='bbox 522 2126 617 2146; x_wconf 88' lang='lat' dir='ltr'><strong>revera</strong></span> <span class='ocrx_word' id='word_1_342' title='bbox 635 2126 718 2153; x_wconf 85' lang='lat' dir='ltr'><strong>quam</strong></span> <span class='ocrx_word' id='word_1_343' title='bbox 735 2121 853 2148; x_wconf 77' lang='lat' dir='ltr'><strong>maxime</strong></span> <span class='ocrx_word' id='word_1_344' title='bbox 874 2126 998 2157; x_wconf 81' lang='lat' dir='ltr'><strong>egentes.</strong></span> 
     </span>
    </p>
   </div>
   <div class='ocr_carea' id='block_1_49' title="bbox 503 2175 706 2203">
    <p class='ocr_par' dir='ltr' id='par_1_49' title="bbox 503 2175 706 2203">
     <span class='ocr_line' id='line_1_49' title="bbox 503 2175 706 2203; baseline 0 -1"><span class='ocrx_word' id='word_1_345' title='bbox 503 2175 546 2202; x_wconf 89' lang='lat' dir='ltr'><strong>Ll.</strong></span> <span class='ocrx_word' id='word_1_346' title='bbox 560 2190 593 2195; x_wconf 88' lang='lat'><strong>—-</strong></span> <span class='ocrx_word' id='word_1_347' title='bbox 603 2176 706 2203; x_wconf 80' lang='lat' dir='ltr'><strong>Eidem.</strong></span> 
     </span>
    </p>
   </div>
   <div class='ocr_carea' id='block_1_50' title="bbox 1050 193 1843 230">
    <p class='ocr_par' dir='ltr' id='par_1_50' title="bbox 1050 193 1843 230">
     <span class='ocr_line' id='line_1_50' title="bbox 1050 193 1843 230; baseline -0.003 -9"><span class='ocrx_word' id='word_1_348' title='bbox 1050 194 1248 230; x_wconf 81' lang='grc' dir='ltr'>μερισθήσεται</span> <span class='ocrx_word' id='word_1_349' title='bbox 1264 203 1271 227; x_wconf 91' lang='lat'><strong>;</strong></span> <span class='ocrx_word' id='word_1_350' title='bbox 1290 195 1406 230; x_wconf 80' lang='grc' dir='ltr'>θάτερον</span> <span class='ocrx_word' id='word_1_351' title='bbox 1420 194 1474 220; x_wconf 83' lang='grc' dir='ltr'><strong>τῶν</strong></span> <span class='ocrx_word' id='word_1_352' title='bbox 1490 193 1592 228; x_wconf 81' lang='grc' dir='ltr'>μερῶν,</span> <span class='ocrx_word' id='word_1_353' title='bbox 1610 193 1647 224; x_wconf 87' lang='grc' dir='ltr'>ὼς</span> <span class='ocrx_word' id='word_1_354' title='bbox 1663 193 1843 228; x_wconf 81' lang='grc' dir='ltr'>ἀκηλίδωτον,</span> 
     </span>
    </p>
   </div>
   <div class='ocr_carea' id='block_1_51' title="bbox 1047 238 1845 274">
    <p class='ocr_par' dir='ltr' id='par_1_51' title="bbox 1047 238 1845 274">
     <span class='ocr_line' id='line_1_51' title="bbox 1047 238 1845 274; baseline -0.003 -8"><span class='ocrx_word' id='word_1_355' title='bbox 1047 240 1095 266; x_wconf 78' lang='grc' dir='ltr'><strong>καὶ</strong></span> <span class='ocrx_word' id='word_1_356' title='bbox 1121 240 1251 273; x_wconf 85' lang='grc' dir='ltr'>νικῆσαν.</span> <span class='ocrx_word' id='word_1_357' title='bbox 1268 239 1466 274; x_wconf 80' lang='grc' dir='ltr'>εὐλογούμενον</span> <span class='ocrx_word' id='word_1_358' title='bbox 1482 246 1489 254; x_wconf 89' lang='grc'>·</span> <span class='ocrx_word' id='word_1_359' title='bbox 1508 238 1625 272; x_wconf 86' lang='grc' dir='ltr'>θάτερον</span> <span class='ocrx_word' id='word_1_360' title='bbox 1650 238 1678 264; x_wconf 85' lang='grc' dir='ltr'>δὲ</span> <span class='ocrx_word' id='word_1_361' title='bbox 1709 238 1746 273; x_wconf 87' lang='grc' dir='ltr'>μή</span> <span class='ocrx_word' id='word_1_362' title='bbox 1763 247 1771 270; x_wconf 86' lang='grc'>;</span> <span class='ocrx_word' id='word_1_363' title='bbox 1787 239 1845 265; x_wconf 83' lang='grc' dir='ltr'>τῶν</span> 
     </span>
    </p>
   </div>
   <div class='ocr_carea' id='block_1_52' title="bbox 1047 282 1846 319">
    <p class='ocr_par' dir='ltr' id='par_1_52' title="bbox 1047 282 1846 319">
     <span class='ocr_line' id='line_1_52' title="bbox 1047 282 1846 319; baseline -0.003 -9"><span class='ocrx_word' id='word_1_364' title='bbox 1047 283 1162 319; x_wconf 77' lang='grc' dir='ltr'><strong>γελοίων</strong></span> <span class='ocrx_word' id='word_1_365' title='bbox 1179 286 1226 311; x_wconf 72' lang='grc' dir='ltr'><strong>καὶ</strong></span> <span class='ocrx_word' id='word_1_366' title='bbox 1247 284 1409 319; x_wconf 74' lang='grc' dir='ltr'>ἀμηχάνων.</span> <span class='ocrx_word' id='word_1_367' title='bbox 1430 283 1492 314; x_wconf 85' lang='grc' dir='ltr'><strong>Πῶς</strong></span> <span class='ocrx_word' id='word_1_368' title='bbox 1504 283 1535 309; x_wconf 85' lang='grc' dir='ltr'>τὸ</span> <span class='ocrx_word' id='word_1_369' title='bbox 1552 282 1603 317; x_wconf 80' lang='grc' dir='ltr'><strong>μέν</strong></span> <span class='ocrx_word' id='word_1_370' title='bbox 1618 282 1646 309; x_wconf 81' lang='grc' dir='ltr'>ἓν</span> <span class='ocrx_word' id='word_1_371' title='bbox 1671 283 1780 318; x_wconf 77' lang='grc' dir='ltr'><strong>μεθέξει</strong></span> <span class='ocrx_word' id='word_1_372' title='bbox 1793 285 1846 318; x_wconf 80' lang='grc' dir='ltr'>τῆς</span> 
     </span>
    </p>
   </div>
   <div class='ocr_carea' id='block_1_53' title="bbox 1048 329 1844 365">
    <p class='ocr_par' dir='ltr' id='par_1_53' title="bbox 1048 329 1844 365">
     <span class='ocr_line' id='line_1_53' title="bbox 1048 329 1844 365; baseline -0.003 -8"><span class='ocrx_word' id='word_1_373' title='bbox 1048 331 1206 362; x_wconf 81' lang='grc' dir='ltr'><strong>κοινωνίας,</strong></span> <span class='ocrx_word' id='word_1_374' title='bbox 1227 331 1258 357; x_wconf 76' lang='grc' dir='ltr'>τὸ</span> <span class='ocrx_word' id='word_1_375' title='bbox 1268 331 1297 357; x_wconf 81' lang='grc' dir='ltr'><strong>δέ</strong></span> <span class='ocrx_word' id='word_1_376' title='bbox 1313 331 1408 365; x_wconf 79' lang='grc' dir='ltr'>ἕτερον</span> <span class='ocrx_word' id='word_1_377' title='bbox 1424 329 1455 356; x_wconf 82' lang='grc' dir='ltr'>οὕ</span> <span class='ocrx_word' id='word_1_378' title='bbox 1469 337 1477 345; x_wconf 68' lang='grc' dir='ltr'><strong>ο</strong></span> <span class='ocrx_word' id='word_1_379' title='bbox 1493 330 1610 364; x_wconf 68' lang='grc' dir='ltr'>ἐπείπερ</span> <span class='ocrx_word' id='word_1_380' title='bbox 1623 330 1652 355; x_wconf 83' lang='grc' dir='ltr'><strong>ἐν</strong></span> <span class='ocrx_word' id='word_1_381' title='bbox 1669 329 1820 364; x_wconf 71' lang='grc' dir='ltr'><strong>ἐπιτιμίοις</strong></span> <span class='ocrx_word' id='word_1_382' title='bbox 1835 338 1844 362; x_wconf 82' lang='lat'><strong>;</strong></span> 
     </span>
    </p>
   </div>
   <div class='ocr_carea' id='block_1_54' title="bbox 1047 373 1843 410">
    <p class='ocr_par' dir='ltr' id='par_1_54' title="bbox 1047 373 1843 410">
     <span class='ocr_line' id='line_1_54' title="bbox 1047 373 1843 410; baseline 0 -10"><span class='ocrx_word' id='word_1_383' title='bbox 1047 374 1105 408; x_wconf 74' lang='grc' dir='ltr'>εἴγε</span> <span class='ocrx_word' id='word_1_384' title='bbox 1118 375 1166 401; x_wconf 79' lang='grc' dir='ltr'><strong>καὶ</strong></span> <span class='ocrx_word' id='word_1_385' title='bbox 1183 375 1226 410; x_wconf 70' lang='grc' dir='ltr'>εἴη</span> <span class='ocrx_word' id='word_1_386' title='bbox 1237 374 1316 401; x_wconf 79' lang='grc' dir='ltr'>τοῦτο</span> <span class='ocrx_word' id='word_1_387' title='bbox 1333 376 1347 401; x_wconf 75' lang='grc' dir='ltr'>ὑ</span> <span class='ocrx_word' id='word_1_388' title='bbox 1365 375 1435 410; x_wconf 85' lang='grc' dir='ltr'>ἀνήρ</span> <span class='ocrx_word' id='word_1_389' title='bbox 1447 382 1455 391; x_wconf 70' lang='grc' dir='ltr'><strong><em>ο</em></strong></span> <span class='ocrx_word' id='word_1_390' title='bbox 1466 374 1536 409; x_wconf 78' lang='grc' dir='ltr'>ἀνὴρ</span> <span class='ocrx_word' id='word_1_391' title='bbox 1564 373 1671 409; x_wconf 74' lang='grc' dir='ltr'>κεφαλὴ</span> <span class='ocrx_word' id='word_1_392' title='bbox 1694 375 1825 408; x_wconf 77' lang='grc' dir='ltr'>γυναικός</span> <span class='ocrx_word' id='word_1_393' title='bbox 1836 382 1843 388; x_wconf 90' lang='grc'>·</span> 
     </span>
    </p>
   </div>
   <div class='ocr_carea' id='block_1_55' title="bbox 1048 419 1845 456">
    <p class='ocr_par' dir='ltr' id='par_1_55' title="bbox 1048 419 1845 456">
     <span class='ocr_line' id='line_1_55' title="bbox 1048 419 1845 456; baseline -0.001 -9"><span class='ocrx_word' id='word_1_394' title='bbox 1048 421 1094 447; x_wconf 81' lang='grc' dir='ltr'><strong>καὶ</strong></span> <span class='ocrx_word' id='word_1_395' title='bbox 1110 422 1149 452; x_wconf 81' lang='grc' dir='ltr'>εἰς</span> <span class='ocrx_word' id='word_1_396' title='bbox 1162 420 1191 447; x_wconf 85' lang='grc' dir='ltr'>ἓν</span> <span class='ocrx_word' id='word_1_397' title='bbox 1203 421 1282 456; x_wconf 84' lang='grc' dir='ltr'>σῶμα</span> <span class='ocrx_word' id='word_1_398' title='bbox 1298 420 1383 455; x_wconf 80' lang='grc' dir='ltr'>ἄμφω</span> <span class='ocrx_word' id='word_1_399' title='bbox 1397 421 1431 447; x_wconf 84' lang='grc' dir='ltr'><strong>τά</strong></span> <span class='ocrx_word' id='word_1_400' title='bbox 1448 420 1614 447; x_wconf 81' lang='grc' dir='ltr'><strong>συνελθόντα</strong></span> <span class='ocrx_word' id='word_1_401' title='bbox 1628 427 1634 434; x_wconf 94' lang='grc'><strong>·</strong></span> <span class='ocrx_word' id='word_1_402' title='bbox 1654 419 1845 454; x_wconf 50' lang='grc' dir='ltr'>μεταλήψεται</span> 
     </span>
    </p>
   </div>
   <div class='ocr_carea' id='block_1_56' title="bbox 1047 465 1845 502">
    <p class='ocr_par' dir='ltr' id='par_1_56' title="bbox 1047 465 1845 502">
     <span class='ocr_line' id='line_1_56' title="bbox 1047 465 1845 502; baseline -0.001 -10"><span class='ocrx_word' id='word_1_403' title='bbox 1047 466 1077 493; x_wconf 80' lang='grc' dir='ltr'>τὸ</span> <span class='ocrx_word' id='word_1_404' title='bbox 1087 466 1179 493; x_wconf 76' lang='grc' dir='ltr'>λοιπὸν</span> <span class='ocrx_word' id='word_1_405' title='bbox 1195 467 1284 501; x_wconf 80' lang='grc' dir='ltr'>σῶμα·</span> <span class='ocrx_word' id='word_1_406' title='bbox 1300 467 1316 501; x_wconf 88' lang='grc' dir='ltr'><strong>ἡ</strong></span> <span class='ocrx_word' id='word_1_407' title='bbox 1331 466 1435 502; x_wconf 76' lang='grc' dir='ltr'>κεφαλὴ</span> <span class='ocrx_word' id='word_1_408' title='bbox 1451 467 1480 493; x_wconf 80' lang='grc' dir='ltr'><strong>δέ</strong></span> <span class='ocrx_word' id='word_1_409' title='bbox 1496 466 1527 492; x_wconf 79' lang='grc' dir='ltr'>οὕ</span> <span class='ocrx_word' id='word_1_410' title='bbox 1537 475 1543 498; x_wconf 91' lang='grc'>;</span> <span class='ocrx_word' id='word_1_411' title='bbox 1555 465 1728 501; x_wconf 79' lang='grc' dir='ltr'><strong>τμηθήσεται</strong></span> <span class='ocrx_word' id='word_1_412' title='bbox 1740 465 1770 492; x_wconf 79' lang='grc' dir='ltr'><strong>τὺ</strong></span> <span class='ocrx_word' id='word_1_413' title='bbox 1779 466 1845 496; x_wconf 73' lang='grc' dir='ltr'>ζευ-</span> 
     </span>
    </p>
   </div>
   <div class='ocr_carea' id='block_1_57' title="bbox 1048 512 1845 548">
    <p class='ocr_par' dir='ltr' id='par_1_57' title="bbox 1048 512 1845 548">
     <span class='ocr_line' id='line_1_57' title="bbox 1048 512 1845 548; baseline -0.003 -8"><span class='ocrx_word' id='word_1_414' title='bbox 1048 513 1111 548; x_wconf 87' lang='grc' dir='ltr'><strong>χθέν</strong></span> <span class='ocrx_word' id='word_1_415' title='bbox 1122 514 1203 546; x_wconf 76' lang='grc' dir='ltr'>εὐθὺς</span> <span class='ocrx_word' id='word_1_416' title='bbox 1217 513 1262 540; x_wconf 79' lang='grc' dir='ltr'><strong>ὑπ’</strong></span> <span class='ocrx_word' id='word_1_417' title='bbox 1277 514 1359 540; x_wconf 75' lang='grc' dir='ltr'>αὑτοῦ</span> <span class='ocrx_word' id='word_1_418' title='bbox 1374 513 1420 540; x_wconf 78' lang='grc' dir='ltr'>τοῦ</span> <span class='ocrx_word' id='word_1_419' title='bbox 1435 513 1618 544; x_wconf 77' lang='grc' dir='ltr'><strong>συνάπτοντος</strong></span> <span class='ocrx_word' id='word_1_420' title='bbox 1633 513 1729 548; x_wconf 79' lang='grc' dir='ltr'><strong>ἱερέως</strong></span> <span class='ocrx_word' id='word_1_421' title='bbox 1742 520 1750 528; x_wconf 76' lang='grc' dir='ltr'><strong><em>ο</em></strong></span> <span class='ocrx_word' id='word_1_422' title='bbox 1763 512 1845 538; x_wconf 71' lang='grc' dir='ltr'>τοῦτό</span> 
     </span>
    </p>
   </div>
   <div class='ocr_carea' id='block_1_58' title="bbox 1046 557 1844 594">
    <p class='ocr_par' dir='ltr' id='par_1_58' title="bbox 1046 557 1844 594">
     <span class='ocr_line' id='line_1_58' title="bbox 1046 557 1844 594; baseline -0.003 -9"><span class='ocrx_word' id='word_1_423' title='bbox 1046 567 1079 593; x_wconf 85' lang='grc' dir='ltr'><strong>γε</strong></span> <span class='ocrx_word' id='word_1_424' title='bbox 1097 559 1168 585; x_wconf 69' lang='grc' dir='ltr'>κατὰ</span> <span class='ocrx_word' id='word_1_425' title='bbox 1187 558 1372 594; x_wconf 82' lang='grc' dir='ltr'><strong>συγχώρησιν,</strong></span> <span class='ocrx_word' id='word_1_426' title='bbox 1386 558 1508 589; x_wconf 79' lang='grc' dir='ltr'>δοθέντος</span> <span class='ocrx_word' id='word_1_427' title='bbox 1525 558 1605 593; x_wconf 72' lang='grc' dir='ltr'>τυχὸν</span> <span class='ocrx_word' id='word_1_428' title='bbox 1627 560 1714 584; x_wconf 78' lang='grc' dir='ltr'>ποιεῖν</span> <span class='ocrx_word' id='word_1_429' title='bbox 1746 557 1844 584; x_wconf 67' lang='grc' dir='ltr'>αὐτόν’</span> 
     </span>
    </p>
   </div>
   <div class='ocr_carea' id='block_1_59' title="bbox 1047 604 1846 640">
    <p class='ocr_par' dir='ltr' id='par_1_59' title="bbox 1047 604 1846 640">
     <span class='ocr_line' id='line_1_59' title="bbox 1047 604 1846 640; baseline -0.001 -9"><span class='ocrx_word' id='word_1_430' title='bbox 1047 605 1194 639; x_wconf 79' lang='grc' dir='ltr'>κεφάλαιον</span> <span class='ocrx_word' id='word_1_431' title='bbox 1207 605 1262 640; x_wconf 74' lang='grc' dir='ltr'><strong>γὰρ</strong></span> <span class='ocrx_word' id='word_1_432' title='bbox 1276 606 1321 632; x_wconf 79' lang='grc' dir='ltr'><strong>καὶ</strong></span> <span class='ocrx_word' id='word_1_433' title='bbox 1332 605 1407 636; x_wconf 74' lang='grc' dir='ltr'>τέλος</span> <span class='ocrx_word' id='word_1_434' title='bbox 1418 606 1468 639; x_wconf 85' lang='grc' dir='ltr'><strong>τῆς</strong></span> <span class='ocrx_word' id='word_1_435' title='bbox 1479 604 1597 637; x_wconf 76' lang='grc' dir='ltr'><strong>ζεύξεως</strong></span> <span class='ocrx_word' id='word_1_436' title='bbox 1607 605 1637 630; x_wconf 74' lang='grc' dir='ltr'>τὸ</span> <span class='ocrx_word' id='word_1_437' title='bbox 1649 604 1726 638; x_wconf 75' lang='grc' dir='ltr'>ἅγιον</span> <span class='ocrx_word' id='word_1_438' title='bbox 1742 605 1790 630; x_wconf 77' lang='grc' dir='ltr'><strong>καὶ</strong></span> <span class='ocrx_word' id='word_1_439' title='bbox 1801 605 1846 630; x_wconf 78' lang='grc' dir='ltr'>ἐν·</span> 
     </span>
    </p>
   </div>
   <div class='ocr_carea' id='block_1_60' title="bbox 1048 648 1844 686">
    <p class='ocr_par' dir='ltr' id='par_1_60' title="bbox 1048 648 1844 686">
     <span class='ocr_line' id='line_1_60' title="bbox 1048 648 1844 686; baseline -0.001 -9"><span class='ocrx_word' id='word_1_440' title='bbox 1048 653 1118 678; x_wconf 84' lang='grc' dir='ltr'>ιαῖον</span> <span class='ocrx_word' id='word_1_441' title='bbox 1141 650 1221 686; x_wconf 87' lang='grc' dir='ltr'>σῶμα</span> <span class='ocrx_word' id='word_1_442' title='bbox 1243 652 1291 677; x_wconf 72' lang='grc' dir='ltr'><strong>καὶ</strong></span> <span class='ocrx_word' id='word_1_443' title='bbox 1311 648 1380 686; x_wconf 68' lang='grc' dir='ltr'>αἷμα</span> <span class='ocrx_word' id='word_1_444' title='bbox 1394 650 1558 685; x_wconf 80' lang='grc' dir='ltr'>Χριστοῦ-ἧ</span> <span class='ocrx_word' id='word_1_445' title='bbox 1571 651 1673 685; x_wconf 73' lang='grc' dir='ltr'>ἀμφοῖν</span> <span class='ocrx_word' id='word_1_446' title='bbox 1696 650 1844 685; x_wconf 72' lang='grc' dir='ltr'>μεταδοίης</span> 
     </span>
    </p>
   </div>
   <div class='ocr_carea' id='block_1_61' title="bbox 1048 696 1845 732">
    <p class='ocr_par' dir='ltr' id='par_1_61' title="bbox 1048 696 1845 732">
     <span class='ocr_line' id='line_1_61' title="bbox 1048 696 1845 732; baseline -0.001 -9"><span class='ocrx_word' id='word_1_447' title='bbox 1048 697 1102 723; x_wconf 83' lang='grc' dir='ltr'>Καί</span> <span class='ocrx_word' id='word_1_448' title='bbox 1113 705 1143 732; x_wconf 85' lang='grc' dir='ltr'>γε</span> <span class='ocrx_word' id='word_1_449' title='bbox 1152 697 1351 732; x_wconf 79' lang='grc' dir='ltr'><strong>ἀπηλλάγμεθα</strong></span> <span class='ocrx_word' id='word_1_450' title='bbox 1359 697 1630 732; x_wconf 72' lang='grc' dir='ltr'>ἀδολεσγίας.¹Έσται</span> <span class='ocrx_word' id='word_1_451' title='bbox 1638 697 1693 731; x_wconf 76' lang='grc' dir='ltr'><strong>γὰρ</strong></span> <span class='ocrx_word' id='word_1_452' title='bbox 1704 696 1845 731; x_wconf 66' lang='grc' dir='ltr'>ἀριδήλως</span> 
     </span>
    </p>
   </div>
   <div class='ocr_carea' id='block_1_62' title="bbox 1047 742 1844 778">
    <p class='ocr_par' dir='ltr' id='par_1_62' title="bbox 1047 742 1844 778">
     <span class='ocr_line' id='line_1_62' title="bbox 1047 742 1844 778; baseline -0.001 -9"><span class='ocrx_word' id='word_1_453' title='bbox 1047 743 1194 774; x_wconf 84' lang='grc' dir='ltr'>ὁτοιοῦτος</span> <span class='ocrx_word' id='word_1_454' title='bbox 1204 743 1252 778; x_wconf 82' lang='grc' dir='ltr'><strong>οὐχ</strong></span> <span class='ocrx_word' id='word_1_455' title='bbox 1269 743 1369 778; x_wconf 76' lang='grc' dir='ltr'>ἱερεὺς,</span> <span class='ocrx_word' id='word_1_456' title='bbox 1389 742 1458 770; x_wconf 87' lang='grc' dir='ltr'><strong>ἀλλά</strong></span> <span class='ocrx_word' id='word_1_457' title='bbox 1483 742 1650 778; x_wconf 73' lang='grc' dir='ltr'>παραϐάτης</span> <span class='ocrx_word' id='word_1_458' title='bbox 1677 742 1732 768; x_wconf 82' lang='grc' dir='ltr'>τῶν</span> <span class='ocrx_word' id='word_1_459' title='bbox 1761 742 1844 768; x_wconf 81' lang='grc' dir='ltr'>θείων</span> 
     </span>
    </p>
   </div>
   <div class='ocr_carea' id='block_1_63' title="bbox 1048 787 1846 823">
    <p class='ocr_par' dir='ltr' id='par_1_63' title="bbox 1048 787 1846 823">
     <span class='ocr_line' id='line_1_63' title="bbox 1048 787 1846 823; baseline -0.001 -8"><span class='ocrx_word' id='word_1_460' title='bbox 1048 788 1206 821; x_wconf 79' lang='grc' dir='ltr'><strong>διατάξεων,</strong></span> <span class='ocrx_word' id='word_1_461' title='bbox 1226 789 1273 815; x_wconf 80' lang='grc' dir='ltr'><strong>καὶ</strong></span> <span class='ocrx_word' id='word_1_462' title='bbox 1287 788 1332 815; x_wconf 74' lang='grc' dir='ltr'><strong>διὰ</strong></span> <span class='ocrx_word' id='word_1_463' title='bbox 1349 788 1429 815; x_wconf 59' lang='grc' dir='ltr'>τοῦτο</span> <span class='ocrx_word' id='word_1_464' title='bbox 1443 788 1492 814; x_wconf 69' lang='grc' dir='ltr'><strong>καὶ</strong></span> <span class='ocrx_word' id='word_1_465' title='bbox 1503 789 1555 823; x_wconf 81' lang='grc' dir='ltr'>τῆς</span> <span class='ocrx_word' id='word_1_466' title='bbox 1570 787 1724 822; x_wconf 80' lang='grc' dir='ltr'>ἱερωσύνης</span> <span class='ocrx_word' id='word_1_467' title='bbox 1735 787 1846 814; x_wconf 77' lang='grc' dir='ltr'>ἔκπτω-</span> 
     </span>
    </p>
   </div>
   <div class='ocr_carea' id='block_1_64' title="bbox 1049 833 1845 869">
    <p class='ocr_par' dir='ltr' id='par_1_64' title="bbox 1049 833 1845 869">
     <span class='ocr_line' id='line_1_64' title="bbox 1049 833 1845 869; baseline -0.001 -9"><span class='ocrx_word' id='word_1_468' title='bbox 1049 842 1093 865; x_wconf 86' lang='grc' dir='ltr'><strong>τος</strong></span> <span class='ocrx_word' id='word_1_469' title='bbox 1104 842 1111 848; x_wconf 95' lang='grc'><strong>·</strong></span> <span class='ocrx_word' id='word_1_470' title='bbox 1125 833 1206 860; x_wconf 76' lang='grc' dir='ltr'>ὁπότε</span> <span class='ocrx_word' id='word_1_471' title='bbox 1217 833 1278 860; x_wconf 79' lang='grc' dir='ltr'>οὐδὲ</span> <span class='ocrx_word' id='word_1_472' title='bbox 1290 834 1449 868; x_wconf 77' lang='grc' dir='ltr'>ἐστιαθῆναι</span> <span class='ocrx_word' id='word_1_473' title='bbox 1465 833 1506 869; x_wconf 85' lang='grc' dir='ltr'>τῷ</span> <span class='ocrx_word' id='word_1_474' title='bbox 1523 833 1639 868; x_wconf 72' lang='grc' dir='ltr'>τοιούτῳ</span> <span class='ocrx_word' id='word_1_475' title='bbox 1651 833 1734 868; x_wconf 85' lang='grc' dir='ltr'>γάμῳ</span> <span class='ocrx_word' id='word_1_476' title='bbox 1752 841 1845 867; x_wconf 75' lang='grc' dir='ltr'>παρα-</span> 
     </span>
    </p>
   </div>
   <div class='ocr_carea' id='block_1_65' title="bbox 1049 877 1843 915">
    <p class='ocr_par' dir='ltr' id='par_1_65' title="bbox 1049 877 1843 915">
     <span class='ocr_line' id='line_1_65' title="bbox 1049 877 1843 915; baseline -0.001 -9"><span class='ocrx_word' id='word_1_477' title='bbox 1049 879 1218 915; x_wconf 79' lang='grc' dir='ltr'>κεχώρηται,</span> <span class='ocrx_word' id='word_1_478' title='bbox 1250 879 1300 915; x_wconf 85' lang='grc' dir='ltr'><strong>οὺχ</strong></span> <span class='ocrx_word' id='word_1_479' title='bbox 1325 880 1367 907; x_wconf 81' lang='grc' dir='ltr'>ὅτι</span> <span class='ocrx_word' id='word_1_480' title='bbox 1395 879 1524 906; x_wconf 81' lang='grc' dir='ltr'>τοσοῦτον</span> <span class='ocrx_word' id='word_1_481' title='bbox 1548 879 1696 914; x_wconf 78' lang='grc' dir='ltr'>ἀνομῆσαι.</span> <span class='ocrx_word' id='word_1_482' title='bbox 1727 879 1761 905; x_wconf 74' lang='grc' dir='ltr'>Τί</span> <span class='ocrx_word' id='word_1_483' title='bbox 1777 877 1843 911; x_wconf 74' lang='grc' dir='ltr'>οὖν,</span> 
     </span>
    </p>
   </div>
   <div class='ocr_carea' id='block_1_66' title="bbox 1049 924 1843 960">
    <p class='ocr_par' dir='ltr' id='par_1_66' title="bbox 1049 924 1843 960">
     <span class='ocr_line' id='line_1_66' title="bbox 1049 924 1843 960; baseline -0.003 -8"><span class='ocrx_word' id='word_1_484' title='bbox 1049 925 1144 960; x_wconf 82' lang='grc' dir='ltr'>φαίης,</span> <span class='ocrx_word' id='word_1_485' title='bbox 1156 925 1290 952; x_wconf 83' lang='grc' dir='ltr'>ἀπόλλυσι</span> <span class='ocrx_word' id='word_1_486' title='bbox 1303 925 1334 951; x_wconf 79' lang='grc' dir='ltr'>τὸ</span> <span class='ocrx_word' id='word_1_487' title='bbox 1349 925 1516 960; x_wconf 67' lang='grc' dir='ltr'>παρθενικὴν</span> <span class='ocrx_word' id='word_1_488' title='bbox 1533 925 1616 960; x_wconf 74' lang='grc' dir='ltr'>μέρος</span> <span class='ocrx_word' id='word_1_489' title='bbox 1632 925 1678 951; x_wconf 79' lang='grc' dir='ltr'>τὸν</span> <span class='ocrx_word' id='word_1_490' title='bbox 1701 924 1843 960; x_wconf 71' lang='grc' dir='ltr'>νικητικὸν</span> 
     </span>
    </p>
   </div>
   <div class='ocr_carea' id='block_1_67' title="bbox 1050 970 1842 1007">
    <p class='ocr_par' dir='ltr' id='par_1_67' title="bbox 1050 970 1842 1007">
     <span class='ocr_line' id='line_1_67' title="bbox 1050 970 1842 1007; baseline -0.001 -9"><span class='ocrx_word' id='word_1_491' title='bbox 1050 972 1183 1007; x_wconf 72' lang='grc' dir='ltr'>στέφανον</span> <span class='ocrx_word' id='word_1_492' title='bbox 1206 972 1255 998; x_wconf 77' lang='grc' dir='ltr'><strong>σὺν</strong></span> <span class='ocrx_word' id='word_1_493' title='bbox 1280 972 1313 1007; x_wconf 77' lang='grc' dir='ltr'>τῇ</span> <span class='ocrx_word' id='word_1_494' title='bbox 1330 971 1496 1006; x_wconf 70' lang='grc' dir='ltr'>εὐλογιστίᾳ,</span> <span class='ocrx_word' id='word_1_495' title='bbox 1511 972 1559 998; x_wconf 77' lang='grc' dir='ltr'><strong>καὶ</strong></span> <span class='ocrx_word' id='word_1_496' title='bbox 1581 971 1631 998; x_wconf 81' lang='grc' dir='ltr'><strong>οὐκ</strong></span> <span class='ocrx_word' id='word_1_497' title='bbox 1646 971 1744 1006; x_wconf 77' lang='grc' dir='ltr'>ἐκνικᾷ</span> <span class='ocrx_word' id='word_1_498' title='bbox 1756 970 1787 997; x_wconf 78' lang='grc' dir='ltr'><strong>τὺ</strong></span> <span class='ocrx_word' id='word_1_499' title='bbox 1804 971 1842 1005; x_wconf 83' lang='grc' dir='ltr'>μὴ</span> 
     </span>
    </p>
   </div>
   <div class='ocr_carea' id='block_1_68' title="bbox 1049 1017 1843 1054">
    <p class='ocr_par' dir='ltr' id='par_1_68' title="bbox 1049 1017 1843 1054">
     <span class='ocr_line' id='line_1_68' title="bbox 1049 1017 1843 1054; baseline -0.004 -9"><span class='ocrx_word' id='word_1_500' title='bbox 1049 1017 1166 1054; x_wconf 74' lang='grc' dir='ltr'>ἡττηθὲν</span> <span class='ocrx_word' id='word_1_501' title='bbox 1183 1017 1293 1053; x_wconf 74' lang='grc' dir='ltr'>μᾶλλον,</span> <span class='ocrx_word' id='word_1_502' title='bbox 1310 1017 1476 1053; x_wconf 87' lang='grc' dir='ltr'>συλλογῆσαι</span> <span class='ocrx_word' id='word_1_503' title='bbox 1488 1017 1536 1044; x_wconf 78' lang='grc' dir='ltr'><strong>καὶ</strong></span> <span class='ocrx_word' id='word_1_504' title='bbox 1557 1017 1775 1051; x_wconf 76' lang='grc' dir='ltr'>συστεφανῶσαι,</span> <span class='ocrx_word' id='word_1_505' title='bbox 1795 1017 1843 1043; x_wconf 79' lang='grc' dir='ltr'><strong>καὶ</strong></span> 
     </span>
    </p>
   </div>
   <div class='ocr_carea' id='block_1_69' title="bbox 1051 1061 1846 1099">
    <p class='ocr_par' dir='ltr' id='par_1_69' title="bbox 1051 1061 1846 1099">
     <span class='ocr_line' id='line_1_69' title="bbox 1051 1061 1846 1099; baseline -0.004 -9"><span class='ocrx_word' id='word_1_506' title='bbox 1051 1063 1287 1099; x_wconf 70' lang='grc' dir='ltr'>συμμεθίξαιτῆς</span> <span class='ocrx_word' id='word_1_507' title='bbox 1300 1063 1456 1095; x_wconf 77' lang='grc' dir='ltr'>κοινωνίας,</span> <span class='ocrx_word' id='word_1_508' title='bbox 1473 1061 1562 1097; x_wconf 86' lang='grc' dir='ltr'>ἐαυτῷ</span> <span class='ocrx_word' id='word_1_509' title='bbox 1578 1062 1608 1089; x_wconf 82' lang='grc' dir='ltr'><strong>τδ</strong></span> <span class='ocrx_word' id='word_1_510' title='bbox 1631 1061 1782 1097; x_wconf 74' lang='grc' dir='ltr'>ἡττημένον</span> <span class='ocrx_word' id='word_1_511' title='bbox 1800 1061 1846 1087; x_wconf 76' lang='grc' dir='ltr'><strong>διὰ</strong></span> 
     </span>
    </p>
   </div>
   <div class='ocr_carea' id='block_1_70' title="bbox 1048 1105 1843 1145">
    <p class='ocr_par' dir='ltr' id='par_1_70' title="bbox 1048 1105 1843 1145">
     <span class='ocr_line' id='line_1_70' title="bbox 1048 1105 1843 1145; baseline -0.004 -9"><span class='ocrx_word' id='word_1_512' title='bbox 1048 1109 1099 1145; x_wconf 82' lang='grc' dir='ltr'>τῆς</span> <span class='ocrx_word' id='word_1_513' title='bbox 1114 1109 1245 1145; x_wconf 84' lang='grc' dir='ltr'>διγαμίας</span> <span class='ocrx_word' id='word_1_514' title='bbox 1259 1109 1344 1145; x_wconf 81' lang='grc' dir='ltr'>μέρος</span> <span class='ocrx_word' id='word_1_515' title='bbox 1356 1117 1364 1141; x_wconf 91' lang='grc'>;</span> <span class='ocrx_word' id='word_1_516' title='bbox 1377 1109 1407 1135; x_wconf 81' lang='lat' dir='ltr'><strong>El</strong></span> <span class='ocrx_word' id='word_1_517' title='bbox 1419 1105 1453 1143; x_wconf 79' lang='grc' dir='ltr'>ἦν</span> <span class='ocrx_word' id='word_1_518' title='bbox 1471 1108 1561 1139; x_wconf 84' lang='grc' dir='ltr'>τοῦτο,</span> <span class='ocrx_word' id='word_1_519' title='bbox 1579 1107 1708 1142; x_wconf 78' lang='grc' dir='ltr'>ἐτυπὼθη</span> <span class='ocrx_word' id='word_1_520' title='bbox 1719 1106 1752 1133; x_wconf 76' lang='grc' dir='ltr'>ἄν</span> <span class='ocrx_word' id='word_1_521' title='bbox 1764 1107 1843 1143; x_wconf 84' lang='grc' dir='ltr'><strong>παρά</strong></span> 
     </span>
    </p>
   </div>
   <div class='ocr_carea' id='block_1_71' title="bbox 1048 1153 1844 1190">
    <p class='ocr_par' dir='ltr' id='par_1_71' title="bbox 1048 1153 1844 1190">
     <span class='ocr_line' id='line_1_71' title="bbox 1048 1153 1844 1190; baseline -0.004 -8"><span class='ocrx_word' id='word_1_522' title='bbox 1048 1155 1104 1182; x_wconf 82' lang='grc' dir='ltr'>τῶν</span> <span class='ocrx_word' id='word_1_523' title='bbox 1121 1154 1266 1190; x_wconf 75' lang='grc' dir='ltr'>Πατρικῶν</span> <span class='ocrx_word' id='word_1_524' title='bbox 1281 1155 1402 1181; x_wconf 81' lang='grc' dir='ltr'>κανόνων</span> <span class='ocrx_word' id='word_1_525' title='bbox 1415 1161 1422 1169; x_wconf 90' lang='grc'><strong>·</strong></span> <span class='ocrx_word' id='word_1_526' title='bbox 1437 1153 1496 1182; x_wconf 64' lang='grc' dir='ltr'>ἀλλ’</span> <span class='ocrx_word' id='word_1_527' title='bbox 1510 1153 1560 1181; x_wconf 77' lang='grc' dir='ltr'><strong>οὐκ</strong></span> <span class='ocrx_word' id='word_1_528' title='bbox 1585 1153 1707 1188; x_wconf 69' lang='grc' dir='ltr'>ἐγεγόνει</span> <span class='ocrx_word' id='word_1_529' title='bbox 1723 1161 1766 1185; x_wconf 86' lang='grc' dir='ltr'><strong>τις</strong></span> <span class='ocrx_word' id='word_1_530' title='bbox 1782 1153 1844 1180; x_wconf 81' lang='grc' dir='ltr'>δια-</span> 
     </span>
    </p>
   </div>
   <div class='ocr_carea' id='block_1_72' title="bbox 1050 1197 1844 1237">
    <p class='ocr_par' dir='ltr' id='par_1_72' title="bbox 1050 1197 1844 1237">
     <span class='ocr_line' id='line_1_72' title="bbox 1050 1197 1844 1237; baseline -0.004 -9"><span class='ocrx_word' id='word_1_531' title='bbox 1050 1201 1132 1237; x_wconf 80' lang='grc' dir='ltr'>φορά.</span> <span class='ocrx_word' id='word_1_532' title='bbox 1152 1201 1185 1228; x_wconf 84' lang='grc'><strong>’0</strong></span> <span class='ocrx_word' id='word_1_533' title='bbox 1201 1200 1229 1227; x_wconf 78' lang='grc' dir='ltr'>δὶ</span> <span class='ocrx_word' id='word_1_534' title='bbox 1243 1200 1296 1227; x_wconf 76' lang='grc' dir='ltr'><strong>ὑπὸ</strong></span> <span class='ocrx_word' id='word_1_535' title='bbox 1309 1201 1451 1236; x_wconf 78' lang='grc' dir='ltr'>Πατρικὴς</span> <span class='ocrx_word' id='word_1_536' title='bbox 1477 1199 1632 1235; x_wconf 82' lang='grc' dir='ltr'>μαρτυρίας</span> <span class='ocrx_word' id='word_1_537' title='bbox 1655 1197 1720 1236; x_wconf 78' lang='grc' dir='ltr'>μὴῇ</span> <span class='ocrx_word' id='word_1_538' title='bbox 1734 1199 1844 1232; x_wconf 81' lang='grc' dir='ltr'>διακρι-</span> 
     </span>
    </p>
   </div>
   <div class='ocr_carea' id='block_1_73' title="bbox 1049 1246 1846 1281">
    <p class='ocr_par' dir='ltr' id='par_1_73' title="bbox 1049 1246 1846 1281">
     <span class='ocr_line' id='line_1_73' title="bbox 1049 1246 1846 1281; baseline -0.005 -6"><span class='ocrx_word' id='word_1_539' title='bbox 1049 1247 1096 1275; x_wconf 72' lang='grc' dir='ltr'>θὲν</span> <span class='ocrx_word' id='word_1_540' title='bbox 1117 1247 1166 1274; x_wconf 64' lang='grc' dir='ltr'><strong>καὶ</strong></span> <span class='ocrx_word' id='word_1_541' title='bbox 1190 1247 1368 1274; x_wconf 79' lang='grc' dir='ltr'>ὑποτυπωθέν</span> <span class='ocrx_word' id='word_1_542' title='bbox 1379 1267 1386 1279; x_wconf 83' lang='grc'><strong>,</strong></span> <span class='ocrx_word' id='word_1_543' title='bbox 1403 1246 1584 1281; x_wconf 80' lang='grc' dir='ltr'>κενεμϐατείν</span> <span class='ocrx_word' id='word_1_544' title='bbox 1607 1247 1667 1273; x_wconf 83' lang='grc' dir='ltr'>ἐστι</span> <span class='ocrx_word' id='word_1_545' title='bbox 1680 1246 1728 1272; x_wconf 78' lang='grc' dir='ltr'><strong>καὶ</strong></span> <span class='ocrx_word' id='word_1_546' title='bbox 1743 1246 1846 1271; x_wconf 70' lang='grc' dir='ltr'>ἐννοεῖν</span> 
     </span>
    </p>
   </div>
   <div class='ocr_carea' id='block_1_74' title="bbox 1050 1291 1846 1329">
    <p class='ocr_par' dir='ltr' id='par_1_74' title="bbox 1050 1291 1846 1329">
     <span class='ocr_line' id='line_1_74' title="bbox 1050 1291 1846 1329; baseline -0.004 -8"><span class='ocrx_word' id='word_1_547' title='bbox 1050 1294 1097 1321; x_wconf 75' lang='grc' dir='ltr'><strong>καὶ</strong></span> <span class='ocrx_word' id='word_1_548' title='bbox 1110 1293 1201 1328; x_wconf 78' lang='grc' dir='ltr'>λέγειν</span> <span class='ocrx_word' id='word_1_549' title='bbox 1214 1293 1262 1320; x_wconf 75' lang='grc' dir='ltr'><strong>καὶ</strong></span> <span class='ocrx_word' id='word_1_550' title='bbox 1276 1293 1420 1329; x_wconf 82' lang='grc' dir='ltr'>πράττειν.</span> <span class='ocrx_word' id='word_1_551' title='bbox 1447 1291 1519 1327; x_wconf 87' lang='grc' dir='ltr'><strong>Ἐγὼ</strong></span> <span class='ocrx_word' id='word_1_552' title='bbox 1534 1292 1563 1319; x_wconf 77' lang='grc' dir='ltr'>δὲ</span> <span class='ocrx_word' id='word_1_553' title='bbox 1579 1292 1668 1319; x_wconf 75' lang='grc' dir='ltr'>ἐκεῖνό</span> <span class='ocrx_word' id='word_1_554' title='bbox 1684 1301 1757 1327; x_wconf 84' lang='grc' dir='ltr'>φημι</span> <span class='ocrx_word' id='word_1_555' title='bbox 1774 1300 1781 1307; x_wconf 69' lang='grc' dir='ltr'>δ</span> <span class='ocrx_word' id='word_1_556' title='bbox 1802 1292 1846 1318; x_wconf 86' lang='grc' dir='ltr'>ὃτι</span> 
     </span>
    </p>
   </div>
   <div class='ocr_carea' id='block_1_75' title="bbox 1050 1337 1846 1373">
    <p class='ocr_par' dir='ltr' id='par_1_75' title="bbox 1050 1337 1846 1373">
     <span class='ocr_line' id='line_1_75' title="bbox 1050 1337 1846 1373; baseline -0.004 -7"><span class='ocrx_word' id='word_1_557' title='bbox 1050 1339 1164 1370; x_wconf 76' lang='grc' dir='ltr'><strong>εἰκότως</strong></span> <span class='ocrx_word' id='word_1_558' title='bbox 1187 1339 1221 1365; x_wconf 83' lang='grc' dir='ltr'>ἂν</span> <span class='ocrx_word' id='word_1_559' title='bbox 1244 1338 1275 1365; x_wconf 87' lang='grc' dir='ltr'><strong>τδ</strong></span> <span class='ocrx_word' id='word_1_560' title='bbox 1297 1337 1468 1373; x_wconf 81' lang='grc' dir='ltr'>παρθενικδν</span> <span class='ocrx_word' id='word_1_561' title='bbox 1494 1338 1578 1373; x_wconf 74' lang='grc' dir='ltr'>μέρος</span> <span class='ocrx_word' id='word_1_562' title='bbox 1594 1337 1780 1372; x_wconf 75' lang='grc' dir='ltr'>ἀποτυγχάνει</span> <span class='ocrx_word' id='word_1_563' title='bbox 1794 1337 1846 1371; x_wconf 84' lang='grc' dir='ltr'>τῆς</span> 
     </span>
    </p>
   </div>
   <div class='ocr_carea' id='block_1_76' title="bbox 1052 1382 1846 1420">
    <p class='ocr_par' dir='ltr' id='par_1_76' title="bbox 1052 1382 1846 1420">
     <span class='ocr_line' id='line_1_76' title="bbox 1052 1382 1846 1420; baseline -0.004 -9"><span class='ocrx_word' id='word_1_564' title='bbox 1052 1383 1243 1420; x_wconf 79' lang='grc' dir='ltr'>μονογαμικῆς</span> <span class='ocrx_word' id='word_1_565' title='bbox 1269 1383 1447 1418; x_wconf 77' lang='grc' dir='ltr'>παραδόσεως</span> <span class='ocrx_word' id='word_1_566' title='bbox 1461 1389 1468 1397; x_wconf 92' lang='grc'>·</span> <span class='ocrx_word' id='word_1_567' title='bbox 1483 1382 1544 1415; x_wconf 71' lang='grc' dir='ltr'>ἐξὸν</span> <span class='ocrx_word' id='word_1_568' title='bbox 1567 1383 1622 1418; x_wconf 84' lang='grc' dir='ltr'><strong>γὰρ</strong></span> <span class='ocrx_word' id='word_1_569' title='bbox 1642 1382 1676 1410; x_wconf 82' lang='grc' dir='ltr'><strong>δι’</strong></span> <span class='ocrx_word' id='word_1_570' title='bbox 1691 1382 1846 1417; x_wconf 85' lang='grc' dir='ltr'>ὁμοταγοῦς</span> 
     </span>
    </p>
   </div>
   <div class='ocr_carea' id='block_1_77' title="bbox 1050 1428 1846 1465">
    <p class='ocr_par' dir='ltr' id='par_1_77' title="bbox 1050 1428 1846 1465">
     <span class='ocr_line' id='line_1_77' title="bbox 1050 1428 1846 1465; baseline -0.004 -8"><span class='ocrx_word' id='word_1_571' title='bbox 1050 1430 1202 1457; x_wconf 80' lang='grc' dir='ltr'>ἀπόνασθαι</span> <span class='ocrx_word' id='word_1_572' title='bbox 1228 1429 1332 1465; x_wconf 71' lang='grc' dir='ltr'>ταύτης</span> <span class='ocrx_word' id='word_1_573' title='bbox 1346 1437 1353 1444; x_wconf 91' lang='grc'><strong>·</strong></span> <span class='ocrx_word' id='word_1_574' title='bbox 1375 1429 1469 1465; x_wconf 79' lang='grc' dir='ltr'>ἐπειδὴ</span> <span class='ocrx_word' id='word_1_575' title='bbox 1501 1429 1623 1465; x_wconf 79' lang='grc' dir='ltr'>καθαρὸν</span> <span class='ocrx_word' id='word_1_576' title='bbox 1649 1428 1762 1464; x_wconf 79' lang='grc' dir='ltr'>καθαρῷ</span> <span class='ocrx_word' id='word_1_577' title='bbox 1781 1437 1846 1455; x_wconf 80' lang='grc' dir='ltr'>συν-</span> 
     </span>
    </p>
   </div>
   <div class='ocr_carea' id='block_1_78' title="bbox 1013 1473 1846 1523">
    <p class='ocr_par' dir='ltr' id='par_1_78' title="bbox 1013 1473 1846 1523">
     <span class='ocr_line' id='line_1_78' title="bbox 1013 1473 1846 1523; baseline -0.005 -20"><span class='ocrx_word' id='word_1_578' title='bbox 1013 1490 1036 1523; x_wconf 75' lang='lat' dir='ltr'><strong><em>C</em></strong></span> <span class='ocrx_word' id='word_1_579' title='bbox 1053 1475 1228 1506; x_wconf 70' lang='grc' dir='ltr'>απτέον,·›ιαὶ</span> <span class='ocrx_word' id='word_1_580' title='bbox 1257 1474 1394 1510; x_wconf 79' lang='grc' dir='ltr'>παρθένον</span> <span class='ocrx_word' id='word_1_581' title='bbox 1423 1473 1564 1509; x_wconf 82' lang='grc' dir='ltr'>παρθένῳ,</span> <span class='ocrx_word' id='word_1_582' title='bbox 1582 1474 1630 1500; x_wconf 80' lang='grc' dir='ltr'><strong>καὶ</strong></span> <span class='ocrx_word' id='word_1_583' title='bbox 1656 1474 1775 1523; x_wconf 66' lang='grc' dir='ltr'>νικῶντα</span> <span class='ocrx_word' id='word_1_584' title='bbox 1804 1473 1846 1507; x_wconf 83' lang='grc' dir='ltr'>τῷ</span> 
     </span>
    </p>
   </div>
   <div class='ocr_carea' id='block_1_79' title="bbox 1052 1519 1846 1556">
    <p class='ocr_par' dir='ltr' id='par_1_79' title="bbox 1052 1519 1846 1556">
     <span class='ocr_line' id='line_1_79' title="bbox 1052 1519 1846 1556; baseline -0.006 -6"><span class='ocrx_word' id='word_1_585' title='bbox 1052 1522 1164 1550; x_wconf 81' lang='grc' dir='ltr'>νικῶντι</span> <span class='ocrx_word' id='word_1_586' title='bbox 1175 1526 1188 1538; x_wconf 72' lang='grc' dir='ltr'><strong>ὀ</strong></span> <span class='ocrx_word' id='word_1_587' title='bbox 1205 1521 1356 1549; x_wconf 71' lang='grc' dir='ltr'>ἀποπίπτει</span> <span class='ocrx_word' id='word_1_588' title='bbox 1372 1520 1401 1547; x_wconf 83' lang='grc' dir='ltr'><em>δέ</em></span> <span class='ocrx_word' id='word_1_589' title='bbox 1431 1529 1473 1552; x_wconf 89' lang='grc' dir='ltr'><strong>τις</strong></span> <span class='ocrx_word' id='word_1_590' title='bbox 1501 1519 1538 1556; x_wconf 87' lang='grc' dir='ltr'>μὴ</span> <span class='ocrx_word' id='word_1_591' title='bbox 1563 1519 1692 1556; x_wconf 86' lang='grc' dir='ltr'>παρθένῳ</span> <span class='ocrx_word' id='word_1_592' title='bbox 1714 1519 1846 1554; x_wconf 79' lang='grc' dir='ltr'>ἐθελήσας</span> 
     </span>
    </p>
   </div>
   <div class='ocr_carea' id='block_1_80' title="bbox 1053 1565 1847 1604">
    <p class='ocr_par' dir='ltr' id='par_1_80' title="bbox 1053 1565 1847 1604">
     <span class='ocr_line' id='line_1_80' title="bbox 1053 1565 1847 1604; baseline -0.004 -9"><span class='ocrx_word' id='word_1_593' title='bbox 1053 1568 1224 1604; x_wconf 82' lang='grc' dir='ltr'>συναφθῆναι</span> <span class='ocrx_word' id='word_1_594' title='bbox 1241 1576 1248 1584; x_wconf 90' lang='grc'><strong>·</strong></span> <span class='ocrx_word' id='word_1_595' title='bbox 1274 1567 1425 1594; x_wconf 77' lang='grc' dir='ltr'>κάντεῦθεν</span> <span class='ocrx_word' id='word_1_596' title='bbox 1454 1567 1584 1602; x_wconf 76' lang='grc' dir='ltr'>ἀτιμάζοι</span> <span class='ocrx_word' id='word_1_597' title='bbox 1615 1567 1646 1593; x_wconf 85' lang='grc' dir='ltr'>τὸ</span> <span class='ocrx_word' id='word_1_598' title='bbox 1677 1565 1847 1600; x_wconf 73' lang='grc' dir='ltr'>παρθενιχδν</span> 
     </span>
    </p>
   </div>
   <div class='ocr_carea' id='block_1_81' title="bbox 1053 1611 1847 1650">
    <p class='ocr_par' dir='ltr' id='par_1_81' title="bbox 1053 1611 1847 1650">
     <span class='ocr_line' id='line_1_81' title="bbox 1053 1611 1847 1650; baseline -0.005 -9"><span class='ocrx_word' id='word_1_599' title='bbox 1053 1615 1133 1646; x_wconf 80' lang='grc' dir='ltr'>κλέος</span> <span class='ocrx_word' id='word_1_600' title='bbox 1146 1623 1153 1629; x_wconf 93' lang='grc'><strong>·</strong></span> <span class='ocrx_word' id='word_1_601' title='bbox 1169 1614 1184 1640; x_wconf 83' lang='grc' dir='ltr'><strong>δ</strong></span> <span class='ocrx_word' id='word_1_602' title='bbox 1201 1613 1267 1650; x_wconf 74' lang='grc' dir='ltr'>μηδὲ</span> <span class='ocrx_word' id='word_1_603' title='bbox 1281 1611 1339 1648; x_wconf 80' lang='grc' dir='ltr'><strong>εἷχε</strong></span> <span class='ocrx_word' id='word_1_604' title='bbox 1352 1613 1433 1648; x_wconf 84' lang='grc' dir='ltr'>τυχόν</span> <span class='ocrx_word' id='word_1_605' title='bbox 1448 1621 1455 1628; x_wconf 90' lang='grc'>·</span> <span class='ocrx_word' id='word_1_606' title='bbox 1477 1613 1494 1648; x_wconf 75' lang='grc' dir='ltr'><strong>ἡ</strong></span> <span class='ocrx_word' id='word_1_607' title='bbox 1511 1613 1558 1639; x_wconf 77' lang='grc' dir='ltr'><strong>καὶ</strong></span> <span class='ocrx_word' id='word_1_608' title='bbox 1574 1612 1654 1647; x_wconf 77' lang='grc' dir='ltr'>ἔχων,</span> <span class='ocrx_word' id='word_1_609' title='bbox 1671 1613 1704 1646; x_wconf 76' lang='grc' dir='ltr'><strong>τῇ</strong></span> <span class='ocrx_word' id='word_1_610' title='bbox 1719 1619 1847 1647; x_wconf 84' lang='grc' dir='ltr'>προσπα-</span> 
     </span>
    </p>
   </div>
   <div class='ocr_carea' id='block_1_82' title="bbox 1052 1656 1847 1696">
    <p class='ocr_par' dir='ltr' id='par_1_82' title="bbox 1052 1656 1847 1696">
     <span class='ocr_line' id='line_1_82' title="bbox 1052 1656 1847 1696; baseline -0.005 -10"><span class='ocrx_word' id='word_1_611' title='bbox 1052 1659 1152 1696; x_wconf 85' lang='grc' dir='ltr'>θητικῇ</span> <span class='ocrx_word' id='word_1_612' title='bbox 1168 1659 1260 1694; x_wconf 85' lang='grc' dir='ltr'>σχέσει</span> <span class='ocrx_word' id='word_1_613' title='bbox 1276 1658 1324 1685; x_wconf 81' lang='grc' dir='ltr'><strong>τοῦ</strong></span> <span class='ocrx_word' id='word_1_614' title='bbox 1345 1657 1525 1693; x_wconf 81' lang='grc' dir='ltr'>διγαμοῡντος</span> <span class='ocrx_word' id='word_1_615' title='bbox 1548 1657 1610 1683; x_wconf 84' lang='grc' dir='ltr'>καθ’</span> <span class='ocrx_word' id='word_1_616' title='bbox 1623 1656 1728 1683; x_wconf 77' lang='grc' dir='ltr'>οἱονοῦν</span> <span class='ocrx_word' id='word_1_617' title='bbox 1743 1657 1847 1691; x_wconf 78' lang='grc' dir='ltr'>τρόπον</span> 
     </span>
    </p>
   </div>
   <div class='ocr_carea' id='block_1_83' title="bbox 1052 1702 1846 1739">
    <p class='ocr_par' dir='ltr' id='par_1_83' title="bbox 1052 1702 1846 1739">
     <span class='ocr_line' id='line_1_83' title="bbox 1052 1702 1846 1739; baseline -0.006 -7"><span class='ocrx_word' id='word_1_618' title='bbox 1052 1705 1196 1732; x_wconf 74' lang='grc' dir='ltr'>κατέϐαλε,</span> <span class='ocrx_word' id='word_1_619' title='bbox 1209 1705 1272 1732; x_wconf 71' lang='grc' dir='ltr'>Κάχ</span> <span class='ocrx_word' id='word_1_620' title='bbox 1282 1704 1379 1731; x_wconf 86' lang='grc' dir='ltr'>τούτου</span> <span class='ocrx_word' id='word_1_621' title='bbox 1392 1704 1423 1731; x_wconf 75' lang='grc' dir='ltr'>οὐ</span> <span class='ocrx_word' id='word_1_622' title='bbox 1442 1703 1543 1739; x_wconf 85' lang='grc' dir='ltr'>μᾶλλον</span> <span class='ocrx_word' id='word_1_623' title='bbox 1563 1703 1667 1736; x_wconf 79' lang='grc' dir='ltr'>ἀνάξει,</span> <span class='ocrx_word' id='word_1_624' title='bbox 1693 1702 1760 1729; x_wconf 78' lang='grc' dir='ltr'><strong>ἀλλά</strong></span> <span class='ocrx_word' id='word_1_625' title='bbox 1778 1711 1846 1728; x_wconf 80' lang='grc' dir='ltr'>κατ-</span> 
     </span>
    </p>
   </div>
   <div class='ocr_carea' id='block_1_84' title="bbox 1055 1747 1847 1784">
    <p class='ocr_par' dir='ltr' id='par_1_84' title="bbox 1055 1747 1847 1784">
     <span class='ocr_line' id='line_1_84' title="bbox 1055 1747 1847 1784; baseline -0.005 -7"><span class='ocrx_word' id='word_1_626' title='bbox 1055 1750 1116 1782; x_wconf 78' lang='grc' dir='ltr'>άξει</span> <span class='ocrx_word' id='word_1_627' title='bbox 1127 1750 1211 1777; x_wconf 77' lang='grc' dir='ltr'>αὑτὸν</span> <span class='ocrx_word' id='word_1_628' title='bbox 1225 1751 1266 1781; x_wconf 79' lang='grc' dir='ltr'><strong>είς</strong></span> <span class='ocrx_word' id='word_1_629' title='bbox 1279 1750 1309 1776; x_wconf 78' lang='grc' dir='ltr'>τὸ</span> <span class='ocrx_word' id='word_1_630' title='bbox 1323 1749 1462 1784; x_wconf 86' lang='grc' dir='ltr'>ἐπιτίμιον</span> <span class='ocrx_word' id='word_1_631' title='bbox 1477 1748 1524 1775; x_wconf 82' lang='grc' dir='ltr'>τοῦ</span> <span class='ocrx_word' id='word_1_632' title='bbox 1536 1747 1717 1782; x_wconf 79' lang='grc' dir='ltr'>διγαμοῦντος</span> <span class='ocrx_word' id='word_1_633' title='bbox 1735 1747 1847 1782; x_wconf 81' lang='grc' dir='ltr'>μέρους.</span> 
     </span>
    </p>
   </div>
   <div class='ocr_carea' id='block_1_85' title="bbox 1052 1789 1848 1830">
    <p class='ocr_par' dir='ltr' id='par_1_85' title="bbox 1052 1789 1848 1830">
     <span class='ocr_line' id='line_1_85' title="bbox 1052 1789 1848 1830; baseline -0.006 -7"><span class='ocrx_word' id='word_1_634' title='bbox 1052 1797 1146 1823; x_wconf 80' lang='grc' dir='ltr'>Ταῦτά</span> <span class='ocrx_word' id='word_1_635' title='bbox 1161 1805 1207 1830; x_wconf 89' lang='grc' dir='ltr'><strong>μοι</strong></span> <span class='ocrx_word' id='word_1_636' title='bbox 1221 1795 1292 1822; x_wconf 80' lang='grc' dir='ltr'><strong>κατά</strong></span> <span class='ocrx_word' id='word_1_637' title='bbox 1302 1795 1333 1822; x_wconf 77' lang='grc' dir='ltr'>τὸ</span> <span class='ocrx_word' id='word_1_638' title='bbox 1345 1794 1460 1821; x_wconf 79' lang='grc' dir='ltr'>δυνατὸν</span> <span class='ocrx_word' id='word_1_639' title='bbox 1474 1793 1589 1830; x_wconf 74' lang='grc' dir='ltr'>ἐῦρηται</span> <span class='ocrx_word' id='word_1_640' title='bbox 1603 1794 1649 1820; x_wconf 77' lang='grc' dir='ltr'><strong>καὶ</strong></span> <span class='ocrx_word' id='word_1_641' title='bbox 1663 1793 1789 1819; x_wconf 79' lang='grc' dir='ltr'>λέλεκται</span> <span class='ocrx_word' id='word_1_642' title='bbox 1804 1813 1811 1823; x_wconf 86' lang='grc'><strong>,</strong></span> <span class='ocrx_word' id='word_1_643' title='bbox 1825 1789 1848 1818; x_wconf 79' lang='grc' dir='ltr'>ὦ</span> 
     </span>
    </p>
   </div>
   <div class='ocr_carea' id='block_1_86' title="bbox 1053 1838 1848 1876">
    <p class='ocr_par' dir='ltr' id='par_1_86' title="bbox 1053 1838 1848 1876">
     <span class='ocr_line' id='line_1_86' title="bbox 1053 1838 1848 1876; baseline -0.006 -8"><span class='ocrx_word' id='word_1_644' title='bbox 1053 1842 1104 1868; x_wconf 83' lang='grc' dir='ltr'>παῖ</span> <span class='ocrx_word' id='word_1_645' title='bbox 1125 1841 1200 1868; x_wconf 79' lang='grc' dir='ltr'>καλέ.</span> <span class='ocrx_word' id='word_1_646' title='bbox 1217 1841 1247 1868; x_wconf 83' lang='grc' dir='ltr'>Εἰ</span> <span class='ocrx_word' id='word_1_647' title='bbox 1273 1841 1302 1868; x_wconf 87' lang='grc' dir='ltr'><strong>δέ</strong></span> <span class='ocrx_word' id='word_1_648' title='bbox 1327 1849 1368 1867; x_wconf 86' lang='grc' dir='ltr'><strong>σοι</strong></span> <span class='ocrx_word' id='word_1_649' title='bbox 1391 1840 1495 1876; x_wconf 78' lang='grc' dir='ltr'>ἑτέρως</span> <span class='ocrx_word' id='word_1_650' title='bbox 1510 1840 1582 1874; x_wconf 70' lang='grc' dir='ltr'>ἔχειν</span> <span class='ocrx_word' id='word_1_651' title='bbox 1597 1840 1672 1866; x_wconf 81' lang='grc' dir='ltr'>δοκεῖ</span> <span class='ocrx_word' id='word_1_652' title='bbox 1686 1838 1815 1873; x_wconf 78' lang='grc' dir='ltr'>τάληθὲς,</span> <span class='ocrx_word' id='word_1_653' title='bbox 1831 1838 1848 1872; x_wconf 78' lang='grc' dir='ltr'><strong>ἡ</strong></span> 
     </span>
    </p>
   </div>
   <div class='ocr_carea' id='block_1_87' title="bbox 1051 1885 1848 1922">
    <p class='ocr_par' dir='ltr' id='par_1_87' title="bbox 1051 1885 1848 1922">
     <span class='ocr_line' id='line_1_87' title="bbox 1051 1885 1848 1922; baseline -0.005 -8"><span class='ocrx_word' id='word_1_654' title='bbox 1051 1895 1104 1914; x_wconf 91' lang='grc' dir='ltr'>τινι</span> <span class='ocrx_word' id='word_1_655' title='bbox 1127 1887 1209 1922; x_wconf 84' lang='grc' dir='ltr'>ἄλλῳ,</span> <span class='ocrx_word' id='word_1_656' title='bbox 1226 1887 1307 1920; x_wconf 89' lang='grc' dir='ltr'>μόνον</span> <span class='ocrx_word' id='word_1_657' title='bbox 1333 1888 1364 1913; x_wconf 80' lang='grc' dir='ltr'>ἐκ</span> <span class='ocrx_word' id='word_1_658' title='bbox 1394 1887 1535 1922; x_wconf 74' lang='grc' dir='ltr'>Γραφικῆς</span> <span class='ocrx_word' id='word_1_659' title='bbox 1561 1885 1608 1912; x_wconf 61' lang='grc' dir='ltr'><strong>καὶ</strong></span> <span class='ocrx_word' id='word_1_660' title='bbox 1635 1886 1776 1920; x_wconf 78' lang='grc' dir='ltr'>[ἰατρικῆς</span> <span class='ocrx_word' id='word_1_661' title='bbox 1797 1886 1848 1911; x_wconf 72' lang='grc' dir='ltr'><strong>καὶ</strong></span> 
     </span>
    </p>
   </div>
   <div class='ocr_carea' id='block_1_88' title="bbox 1052 1931 1849 1970">
    <p class='ocr_par' dir='ltr' id='par_1_88' title="bbox 1052 1931 1849 1970">
     <span class='ocr_line' id='line_1_88' title="bbox 1052 1931 1849 1970; baseline -0.005 -10"><span class='ocrx_word' id='word_1_662' title='bbox 1052 1936 1198 1970; x_wconf 82' lang='grc' dir='ltr'>κανονικῆς</span> <span class='ocrx_word' id='word_1_663' title='bbox 1222 1933 1438 1968; x_wconf 79' lang='grc' dir='ltr'>παραστάσεως,</span> <span class='ocrx_word' id='word_1_664' title='bbox 1458 1933 1648 1967; x_wconf 81' lang='grc' dir='ltr'>συνεπομένης</span> <span class='ocrx_word' id='word_1_665' title='bbox 1673 1931 1780 1962; x_wconf 75' lang='grc' dir='ltr'>τούτοις</span> <span class='ocrx_word' id='word_1_666' title='bbox 1799 1931 1849 1956; x_wconf 80' lang='grc' dir='ltr'>καὶ</span> 
     </span>
    </p>
   </div>
   <div class='ocr_carea' id='block_1_89' title="bbox 1051 1978 1849 2021">
    <p class='ocr_par' dir='ltr' id='par_1_89' title="bbox 1051 1978 1849 2021">
     <span class='ocr_line' id='line_1_89' title="bbox 1051 1978 1849 2021; baseline -0.015 -9"><span class='ocrx_word' id='word_1_667' title='bbox 1051 1985 1101 2021; x_wconf 85' lang='grc' dir='ltr'>τῆς</span> <span class='ocrx_word' id='word_1_668' title='bbox 1114 1982 1220 2010; x_wconf 79' lang='grc' dir='ltr'>οἴκοθεν</span> <span class='ocrx_word' id='word_1_669' title='bbox 1236 1978 1455 2015; x_wconf 80' lang='grc' dir='ltr'>ὄιανοηματικῆς</span> <span class='ocrx_word' id='word_1_670' title='bbox 1469 1978 1618 2009; x_wconf 86' lang='grc' dir='ltr'>ἐπιδόσεως</span> <span class='ocrx_word' id='word_1_671' title='bbox 1632 1986 1638 1992; x_wconf 92' lang='grc'>·</span> <span class='ocrx_word' id='word_1_672' title='bbox 1653 1978 1701 2004; x_wconf 79' lang='grc' dir='ltr'><strong>καὶ</strong></span> <span class='ocrx_word' id='word_1_673' title='bbox 1717 1978 1798 2012; x_wconf 74' lang='grc' dir='ltr'>ἡμεῖς</span> <span class='ocrx_word' id='word_1_674' title='bbox 1816 1985 1849 2009; x_wconf 80' lang='grc' dir='ltr'>γε</span> 
     </span>
    </p>
   </div>
   <div class='ocr_carea' id='block_1_90' title="bbox 1053 2022 1850 2066">
    <p class='ocr_par' dir='ltr' id='par_1_90' title="bbox 1053 2022 1850 2066">
     <span class='ocr_line' id='line_1_90' title="bbox 1053 2022 1850 2066; baseline -0.014 -8"><span class='ocrx_word' id='word_1_675' title='bbox 1053 2028 1243 2066; x_wconf 84' lang='grc' dir='ltr'>ποδηγηθῆναι</span> <span class='ocrx_word' id='word_1_676' title='bbox 1258 2026 1376 2060; x_wconf 69' lang='grc' dir='ltr'>ἕτοιμοι,</span> <span class='ocrx_word' id='word_1_677' title='bbox 1387 2024 1434 2051; x_wconf 79' lang='grc' dir='ltr'><strong>καὶ</strong></span> <span class='ocrx_word' id='word_1_678' title='bbox 1445 2023 1637 2059; x_wconf 79' lang='grc' dir='ltr'>ἐλλαμφθῆναι</span> <span class='ocrx_word' id='word_1_679' title='bbox 1649 2023 1784 2058; x_wconf 77' lang='grc' dir='ltr'>πρόθυμοι</span> <span class='ocrx_word' id='word_1_680' title='bbox 1797 2022 1850 2056; x_wconf 75' lang='grc' dir='ltr'>τῆς</span> 
     </span>
    </p>
   </div>
   <div class='ocr_carea' id='block_1_91' title="bbox 1052 2071 1850 2114">
    <p class='ocr_par' dir='ltr' id='par_1_91' title="bbox 1052 2071 1850 2114">
     <span class='ocr_line' id='line_1_91' title="bbox 1052 2071 1850 2114; baseline -0.011 -9"><span class='ocrx_word' id='word_1_681' title='bbox 1052 2078 1116 2114; x_wconf 81' lang='grc' dir='ltr'>παρ’</span> <span class='ocrx_word' id='word_1_682' title='bbox 1132 2077 1220 2104; x_wconf 77' lang='grc' dir='ltr'>ἄλλων</span> <span class='ocrx_word' id='word_1_683' title='bbox 1231 2073 1386 2111; x_wconf 77' lang='grc' dir='ltr'>δᾳδουχίας,</span> <span class='ocrx_word' id='word_1_684' title='bbox 1400 2072 1502 2105; x_wconf 79' lang='grc' dir='ltr'>ἐνδεεῖς</span> <span class='ocrx_word' id='word_1_685' title='bbox 1516 2071 1606 2108; x_wconf 79' lang='grc' dir='ltr'>φωτὸς</span> <span class='ocrx_word' id='word_1_686' title='bbox 1622 2072 1793 2106; x_wconf 81' lang='grc' dir='ltr'>ὑπάρχοντες</span> <span class='ocrx_word' id='word_1_687' title='bbox 1808 2071 1850 2096; x_wconf 77' lang='grc' dir='ltr'>ὅτι</span> 
     </span>
    </p>
   </div>
   <div class='ocr_carea' id='block_1_92' title="bbox 1055 2124 1184 2161">
    <p class='ocr_par' dir='ltr' id='par_1_92' title="bbox 1055 2124 1184 2161">
     <span class='ocr_line' id='line_1_92' title="bbox 1055 2124 1184 2161; baseline -0.031 -9"><span class='ocrx_word' id='word_1_688' title='bbox 1055 2124 1184 2161; x_wconf 78' lang='grc' dir='ltr'>μάλιστα.</span> 
     </span>
    </p>
   </div>
   <div class='ocr_carea' id='block_1_93' title="bbox 1303 2173 1669 2210">
    <p class='ocr_par' dir='ltr' id='par_1_93' title="bbox 1303 2173 1669 2210">
     <span class='ocr_line' id='line_1_93' title="bbox 1303 2173 1669 2210; baseline -0.003 -8"><span class='ocrx_word' id='word_1_689' title='bbox 1303 2174 1450 2207; x_wconf 75' lang='grc' dir='ltr'><strong>ΝΑ’.-Τῷ</strong></span> <span class='ocrx_word' id='word_1_690' title='bbox 1461 2174 1552 2207; x_wconf 80' lang='grc' dir='ltr'>αὐτῷ.</span> <span class='ocrx_word' id='word_1_691' title='bbox 1566 2173 1669 2210; x_wconf 75' lang='grc' dir='ltr'><strong>[σκο¹.]</strong></span> 
     </span>
    </p>
   </div>
   <div class='ocr_carea' id='block_1_94' title="bbox 208 2231 1847 2267">
    <p class='ocr_par' dir='ltr' id='par_1_94' title="bbox 208 2231 1847 2267">
     <span class='ocr_line' id='line_1_94' title="bbox 208 2231 1847 2267; baseline -0.002 -9"><span class='ocrx_word' id='word_1_692' title='bbox 208 2233 382 2259; x_wconf 80' lang='lat' dir='ltr'><strong>Confessorum</strong></span> <span class='ocrx_word' id='word_1_693' title='bbox 394 2234 498 2264; x_wconf 85' lang='lat' dir='ltr'><strong>aliquot,</strong></span> <span class='ocrx_word' id='word_1_694' title='bbox 510 2232 534 2257; x_wconf 91' lang='lat' dir='ltr'><strong>in</strong></span> <span class='ocrx_word' id='word_1_695' title='bbox 549 2233 632 2267; x_wconf 58' lang='lat' dir='ltr'><strong>primis</strong></span> <span class='ocrx_word' id='word_1_696' title='bbox 646 2235 771 2264; x_wconf 74' lang='lat' dir='ltr'><strong>Eutliymii</strong></span> <span class='ocrx_word' id='word_1_697' title='bbox 787 2236 970 2267; x_wconf 79' lang='lat' dir='ltr'><strong>abbatis,ﬁdem</strong></span> <span class='ocrx_word' id='word_1_698' title='bbox 991 2242 1018 2264; x_wconf 86' lang='lat' dir='ltr'><strong>et</strong></span> <span class='ocrx_word' id='word_1_699' title='bbox 1038 2237 1209 2267; x_wconf 84' lang='lat' dir='ltr'><strong>constantiam,</strong></span> <span class='ocrx_word' id='word_1_700' title='bbox 1228 2235 1352 2266; x_wconf 86' lang='lat' dir='ltr'><strong>simulque</strong></span> <span class='ocrx_word' id='word_1_701' title='bbox 1372 2233 1564 2267; x_wconf 70' lang='lat' dir='ltr'><strong>Mmchianorum</strong></span> <span class='ocrx_word' id='word_1_702' title='bbox 1582 2231 1700 2256; x_wconf 68' lang='lat' dir='ltr'><strong>sawitiam</strong></span> <span class='ocrx_word' id='word_1_703' title='bbox 1721 2231 1847 2263; x_wconf 73' lang='lat' dir='ltr'><strong>exponit:</strong></span> 
     </span>
    </p>
   </div>
   <div class='ocr_carea' id='block_1_95' title="bbox 468 2264 999 2301">
    <p class='ocr_par' dir='ltr' id='par_1_95' title="bbox 468 2264 999 2301">
     <span class='ocr_line' id='line_1_95' title="bbox 468 2264 999 2301; baseline 0.013 -13"><span class='ocrx_word' id='word_1_704' title='bbox 468 2268 520 2288; x_wconf 90' lang='lat' dir='ltr'><strong>tum</strong></span> <span class='ocrx_word' id='word_1_705' title='bbox 534 2264 666 2296; x_wconf 62' lang='lat' dir='ltr'><strong>proposita;</strong></span> <span class='ocrx_word' id='word_1_706' title='bbox 677 2267 708 2290; x_wconf 89' lang='lat' dir='ltr'><strong>de</strong></span> <span class='ocrx_word' id='word_1_707' title='bbox 719 2267 843 2293; x_wconf 84' lang='lat' dir='ltr'><strong>homicidii</strong></span> <span class='ocrx_word' id='word_1_708' title='bbox 856 2264 936 2300; x_wconf 62' lang='lat' dir='ltr'><strong>pinnis</strong></span> <span class='ocrx_word' id='word_1_709' title='bbox 948 2277 999 2301; x_wconf 66' lang='lat' dir='ltr'><strong>quis</strong></span> 
     </span>
    </p>
   </div>
   <div class='ocr_carea' id='block_1_96' title="bbox 1051 2264 1584 2301">
    <p class='ocr_par' dir='ltr' id='par_1_96' title="bbox 1051 2264 1584 2300">
     <span class='ocr_line' id='line_1_96' title="bbox 1051 2264 1584 2300; baseline -0.015 -5"><span class='ocrx_word' id='word_1_710' title='bbox 1051 2264 1079 2295; x_wconf 37' lang='lat' dir='ltr'><strong>ini</strong></span> <span class='ocrx_word' id='word_1_711' title='bbox 1091 2264 1237 2300; x_wconf 71' lang='lat' dir='ltr'><strong>respondet.</strong></span> <span class='ocrx_word' id='word_1_712' title='bbox 1253 2264 1353 2298; x_wconf 81' lang='lat' dir='ltr'><strong>(Baron.</strong></span> <span class='ocrx_word' id='word_1_713' title='bbox 1366 2273 1406 2291; x_wconf 86' lang='lat' dir='ltr'><strong>an.</strong></span> <span class='ocrx_word' id='word_1_714' title='bbox 1423 2265 1479 2294; x_wconf 77' lang='lat'><strong>809,</strong></span> <span class='ocrx_word' id='word_1_715' title='bbox 1494 2271 1519 2289; x_wconf 78' lang='grc' dir='ltr'>ιι.</span> <span class='ocrx_word' id='word_1_716' title='bbox 1533 2264 1584 2295; x_wconf 73' lang='grc' dir='ltr'><strong>Η.)</strong></span> 
     </span>
    </p>
   </div>
   <div class='ocr_carea' id='block_1_97' title="bbox 244 2317 999 2357">
    <p class='ocr_par' dir='ltr' id='par_1_97' title="bbox 244 2317 999 2355">
     <span class='ocr_line' id='line_1_97' title="bbox 244 2317 999 2355; baseline 0.009 -10"><span class='ocrx_word' id='word_1_717' title='bbox 244 2318 308 2345; x_wconf 87' lang='lat' dir='ltr'><strong>Tria</strong></span> <span class='ocrx_word' id='word_1_718' title='bbox 326 2318 384 2346; x_wconf 69' lang='lat' dir='ltr'><strong>haec</strong></span> <span class='ocrx_word' id='word_1_719' title='bbox 405 2317 433 2345; x_wconf 90' lang='lat' dir='ltr'><strong>iu</strong></span> <span class='ocrx_word' id='word_1_720' title='bbox 455 2326 499 2346; x_wconf 88' lang='lat' dir='ltr'><strong>me</strong></span> <span class='ocrx_word' id='word_1_721' title='bbox 513 2318 666 2346; x_wconf 79' lang='lat' dir='ltr'><strong>elIeceruut</strong></span> <span class='ocrx_word' id='word_1_722' title='bbox 679 2319 776 2347; x_wconf 61' lang='lat' dir='ltr'><strong>litteras</strong></span> <span class='ocrx_word' id='word_1_723' title='bbox 793 2325 855 2355; x_wconf 58' lang='grc' dir='ltr'>ιω»,</span> <span class='ocrx_word' id='word_1_724' title='bbox 875 2322 912 2350; x_wconf 85' lang='lat' dir='ltr'><strong>ﬁli</strong></span> <span class='ocrx_word' id='word_1_725' title='bbox 929 2323 999 2352; x_wconf 87' lang='lat' dir='ltr'><strong>desi-</strong></span> 
     </span>
    </p>
   </div>
   <div class='ocr_carea' id='block_1_98' title="bbox 1051 2317 1855 2357">
    <p class='ocr_par' dir='ltr' id='par_1_98' title="bbox 1090 2317 1855 2357">
     <span class='ocr_line' id='line_1_98' title="bbox 1090 2317 1855 2357; baseline -0.009 -8"><span class='ocrx_word' id='word_1_726' title='bbox 1090 2323 1160 2357; x_wconf 85' lang='grc' dir='ltr'>Τρία</span> <span class='ocrx_word' id='word_1_727' title='bbox 1173 2321 1260 2348; x_wconf 80' lang='grc' dir='ltr'>ταῦτα</span> <span class='ocrx_word' id='word_1_728' title='bbox 1277 2321 1399 2347; x_wconf 84' lang='grc' dir='ltr'>πέπονθα</span> <span class='ocrx_word' id='word_1_729' title='bbox 1422 2319 1452 2345; x_wconf 84' lang='grc' dir='ltr'><strong>ἐν</strong></span> <span class='ocrx_word' id='word_1_730' title='bbox 1468 2319 1524 2350; x_wconf 83' lang='grc' dir='ltr'>τοῖς</span> <span class='ocrx_word' id='word_1_731' title='bbox 1555 2317 1675 2353; x_wconf 80' lang='grc' dir='ltr'>παροῦσί</span> <span class='ocrx_word' id='word_1_732' title='bbox 1695 2325 1742 2343; x_wconf 84' lang='grc' dir='ltr'><strong>σου</strong></span> <span class='ocrx_word' id='word_1_733' title='bbox 1758 2317 1855 2353; x_wconf 72' lang='grc' dir='ltr'>γράμο</span> 
     </span>
    </p>
   </div>
   <div class='ocr_carea' id='block_1_99' title="bbox 210 2364 1004 2401">
    <p class='ocr_par' dir='ltr' id='par_1_99' title="bbox 210 2364 1004 2401">
     <span class='ocr_line' id='line_1_99' title="bbox 210 2364 1004 2401; baseline 0.006 -9"><span class='ocrx_word' id='word_1_734' title='bbox 210 2365 304 2392; x_wconf 84' lang='lat' dir='ltr'><strong>derate</strong></span> <span class='ocrx_word' id='word_1_735' title='bbox 320 2374 326 2392; x_wconf 92' lang='lat'><strong>:</strong></span> <span class='ocrx_word' id='word_1_736' title='bbox 341 2364 422 2392; x_wconf 88' lang='lat' dir='ltr'><strong>simul</strong></span> <span class='ocrx_word' id='word_1_737' title='bbox 442 2365 516 2392; x_wconf 91' lang='lat' dir='ltr'><strong>cnim</strong></span> <span class='ocrx_word' id='word_1_738' title='bbox 542 2365 681 2401; x_wconf 86' lang='lat' dir='ltr'><strong>obstupui,</strong></span> <span class='ocrx_word' id='word_1_739' title='bbox 706 2366 858 2396; x_wconf 85' lang='lat' dir='ltr'><strong>admiratus</strong></span> <span class='ocrx_word' id='word_1_740' title='bbox 880 2376 952 2401; x_wconf 82' lang='lat' dir='ltr'><strong>sum.</strong></span> <span class='ocrx_word' id='word_1_741' title='bbox 975 2375 1004 2397; x_wconf 89' lang='lat' dir='ltr'><strong>et</strong></span> 
     </span>
    </p>
   </div>
   <div class='ocr_carea' id='block_1_100' title="bbox 210 2411 1004 2451">
    <p class='ocr_par' dir='ltr' id='par_1_100' title="bbox 210 2411 1004 2451">
     <span class='ocr_line' id='line_1_100' title="bbox 210 2411 1004 2451; baseline 0.005 -12"><span class='ocrx_word' id='word_1_742' title='bbox 210 2411 319 2439; x_wconf 87' lang='lat' dir='ltr'><strong>cantavi</strong></span> <span class='ocrx_word' id='word_1_743' title='bbox 335 2420 342 2438; x_wconf 91' lang='lat'><strong>:</strong></span> <span class='ocrx_word' id='word_1_744' title='bbox 356 2411 476 2446; x_wconf 88' lang='lat' dir='ltr'><strong>primum</strong></span> <span class='ocrx_word' id='word_1_745' title='bbox 491 2416 605 2447; x_wconf 84' lang='lat' dir='ltr'><strong>propter</strong></span> <span class='ocrx_word' id='word_1_746' title='bbox 627 2412 736 2448; x_wconf 87' lang='lat' dir='ltr'><strong>impios,</strong></span> <span class='ocrx_word' id='word_1_747' title='bbox 756 2413 872 2442; x_wconf 88' lang='lat' dir='ltr'><strong>alterum</strong></span> <span class='ocrx_word' id='word_1_748' title='bbox 890 2421 1004 2451; x_wconf 88' lang='lat' dir='ltr'><strong>propter</strong></span> 
     </span>
    </p>
   </div>
   <div class='ocr_carea' id='block_1_101' title="bbox 210 2457 1003 2497">
    <p class='ocr_par' dir='ltr' id='par_1_101' title="bbox 210 2457 1003 2497">
     <span class='ocr_line' id='line_1_101' title="bbox 210 2457 1003 2497; baseline 0.006 -13"><span class='ocrx_word' id='word_1_749' title='bbox 210 2458 280 2493; x_wconf 86' lang='lat' dir='ltr'><strong>pios,</strong></span> <span class='ocrx_word' id='word_1_750' title='bbox 301 2457 413 2485; x_wconf 86' lang='lat' dir='ltr'><strong>tertium</strong></span> <span class='ocrx_word' id='word_1_751' title='bbox 431 2462 546 2493; x_wconf 83' lang='lat' dir='ltr'><strong>propter</strong></span> <span class='ocrx_word' id='word_1_752' title='bbox 560 2458 646 2485; x_wconf 90' lang='lat' dir='ltr'><strong>Deum</strong></span> <span class='ocrx_word' id='word_1_753' title='bbox 660 2459 706 2494; x_wconf 91' lang='lat' dir='ltr'><strong>qui</strong></span> <span class='ocrx_word' id='word_1_754' title='bbox 721 2461 880 2488; x_wconf 87' lang='lat' dir='ltr'><strong>corroborat</strong></span> <span class='ocrx_word' id='word_1_755' title='bbox 894 2469 942 2489; x_wconf 89' lang='lat' dir='ltr'><strong>eos</strong></span> <span class='ocrx_word' id='word_1_756' title='bbox 956 2461 1003 2497; x_wconf 91' lang='lat' dir='ltr'><strong>qui</strong></span> 
     </span>
    </p>
   </div>
   <div class='ocr_carea' id='block_1_102' title="bbox 212 2503 1003 2542">
    <p class='ocr_par' dir='ltr' id='par_1_102' title="bbox 212 2503 1003 2542">
     <span class='ocr_line' id='line_1_102' title="bbox 212 2503 1003 2542; baseline 0.005 -11"><span class='ocrx_word' id='word_1_757' title='bbox 212 2503 240 2532; x_wconf 92' lang='lat' dir='ltr'><strong>in</strong></span> <span class='ocrx_word' id='word_1_758' title='bbox 259 2503 320 2540; x_wconf 86' lang='lat' dir='ltr'><strong>ejus</strong></span> <span class='ocrx_word' id='word_1_759' title='bbox 336 2503 395 2540; x_wconf 86' lang='lat' dir='ltr'><strong>lege</strong></span> <span class='ocrx_word' id='word_1_760' title='bbox 414 2504 581 2532; x_wconf 88' lang='lat' dir='ltr'><strong>innituntur.</strong></span> <span class='ocrx_word' id='word_1_761' title='bbox 595 2503 629 2532; x_wconf 85' lang='lat' dir='ltr'><strong>Et</strong></span> <span class='ocrx_word' id='word_1_762' title='bbox 641 2505 675 2533; x_wconf 90' lang='lat' dir='ltr'><strong>de</strong></span> <span class='ocrx_word' id='word_1_763' title='bbox 690 2513 768 2534; x_wconf 88' lang='lat' dir='ltr'><strong>sacro</strong></span> <span class='ocrx_word' id='word_1_764' title='bbox 784 2507 896 2542; x_wconf 86' lang='lat' dir='ltr'><strong>quidem</strong></span> <span class='ocrx_word' id='word_1_765' title='bbox 915 2508 1003 2535; x_wconf 84' lang='lat' dir='ltr'><strong>Atha—</strong></span> 
     </span>
    </p>
   </div>
   <div class='ocr_carea' id='block_1_103' title="bbox 210 2551 1003 2587">
    <p class='ocr_par' dir='ltr' id='par_1_103' title="bbox 210 2551 1003 2587">
     <span class='ocr_line' id='line_1_103' title="bbox 210 2551 1003 2587; baseline 0.004 -9"><span class='ocrx_word' id='word_1_766' title='bbox 210 2551 289 2579; x_wconf 88' lang='lat' dir='ltr'><strong>nasio</strong></span> <span class='ocrx_word' id='word_1_767' title='bbox 319 2558 382 2579; x_wconf 91' lang='lat' dir='ltr'><strong>meo</strong></span> <span class='ocrx_word' id='word_1_768' title='bbox 393 2551 427 2585; x_wconf 80' lang='lat'><strong>“,</strong></span> <span class='ocrx_word' id='word_1_769' title='bbox 450 2551 567 2587; x_wconf 84' lang='lat' dir='ltr'><strong>ejusque</strong></span> <span class='ocrx_word' id='word_1_770' title='bbox 590 2552 673 2580; x_wconf 87' lang='lat' dir='ltr'><strong>sociis</strong></span> <span class='ocrx_word' id='word_1_771' title='bbox 693 2553 946 2587; x_wconf 80' lang='lat' dir='ltr'><strong>desideratissimis,</strong></span> <span class='ocrx_word' id='word_1_772' title='bbox 969 2561 1003 2581; x_wconf 88' lang='lat' dir='ltr'><strong>ac</strong></span> 
     </span>
    </p>
   </div>
   <div class='ocr_carea' id='block_1_104' title="bbox 210 2595 1005 2634">
    <p class='ocr_par' dir='ltr' id='par_1_104' title="bbox 210 2595 1005 2634">
     <span class='ocr_line' id='line_1_104' title="bbox 210 2595 1005 2634; baseline 0.003 -10"><span class='ocrx_word' id='word_1_773' title='bbox 210 2596 245 2624; x_wconf 92' lang='lat' dir='ltr'><strong>de</strong></span> <span class='ocrx_word' id='word_1_774' title='bbox 262 2595 412 2625; x_wconf 79' lang='lat' dir='ltr'><strong>fortissimo</strong></span> <span class='ocrx_word' id='word_1_775' title='bbox 435 2596 500 2625; x_wconf 88' lang='lat' dir='ltr'><strong>item</strong></span> <span class='ocrx_word' id='word_1_776' title='bbox 523 2604 586 2625; x_wconf 90' lang='lat' dir='ltr'><strong>meo</strong></span> <span class='ocrx_word' id='word_1_777' title='bbox 603 2596 765 2631; x_wconf 85' lang='lat' dir='ltr'><strong>Theososto,</strong></span> <span class='ocrx_word' id='word_1_778' title='bbox 793 2602 822 2626; x_wconf 90' lang='lat' dir='ltr'><strong>et</strong></span> <span class='ocrx_word' id='word_1_779' title='bbox 836 2598 869 2626; x_wconf 89' lang='lat' dir='ltr'><strong>de</strong></span> <span class='ocrx_word' id='word_1_780' title='bbox 885 2603 1005 2634; x_wconf 86' lang='lat' dir='ltr'><strong>septem-</strong></span> 
     </span>
    </p>
   </div>
   <div class='ocr_carea' id='block_1_105' title="bbox 211 2642 1004 2678">
    <p class='ocr_par' dir='ltr' id='par_1_105' title="bbox 211 2642 1004 2678">
     <span class='ocr_line' id='line_1_105' title="bbox 211 2642 1004 2678; baseline 0.003 -8"><span class='ocrx_word' id='word_1_781' title='bbox 211 2642 301 2671; x_wconf 86' lang='lat' dir='ltr'><strong>decim</strong></span> <span class='ocrx_word' id='word_1_782' title='bbox 325 2643 385 2678; x_wconf 86' lang='lat' dir='ltr'><strong>ejus</strong></span> <span class='ocrx_word' id='word_1_783' title='bbox 407 2643 528 2671; x_wconf 86' lang='lat' dir='ltr'><strong>strenuis</strong></span> <span class='ocrx_word' id='word_1_784' title='bbox 547 2644 705 2677; x_wconf 89' lang='lat' dir='ltr'><strong>comitibus,</strong></span> <span class='ocrx_word' id='word_1_785' title='bbox 729 2652 792 2672; x_wconf 90' lang='lat' dir='ltr'><strong>cum</strong></span> <span class='ocrx_word' id='word_1_786' title='bbox 811 2645 877 2672; x_wconf 82' lang='lat' dir='ltr'><strong>satis</strong></span> <span class='ocrx_word' id='word_1_787' title='bbox 900 2645 1004 2672; x_wconf 88' lang='lat' dir='ltr'><strong>dictum</strong></span> 
     </span>
    </p>
   </div>
   <div class='ocr_carea' id='block_1_106' title="bbox 211 2690 1005 2725">
    <p class='ocr_par' dir='ltr' id='par_1_106' title="bbox 211 2690 1005 2725">
     <span class='ocr_line' id='line_1_106' title="bbox 211 2690 1005 2725; baseline 0.003 -9"><span class='ocrx_word' id='word_1_788' title='bbox 211 2690 247 2717; x_wconf 87' lang='lat' dir='ltr'><strong>sit</strong></span> <span class='ocrx_word' id='word_1_789' title='bbox 268 2690 294 2716; x_wconf 92' lang='lat' dir='ltr'><strong>in</strong></span> <span class='ocrx_word' id='word_1_790' title='bbox 313 2690 382 2717; x_wconf 86' lang='lat' dir='ltr'><strong>meis</strong></span> <span class='ocrx_word' id='word_1_791' title='bbox 404 2690 438 2717; x_wconf 92' lang='lat' dir='ltr'><strong>ad</strong></span> <span class='ocrx_word' id='word_1_792' title='bbox 453 2690 514 2717; x_wconf 90' lang='lat' dir='ltr'><strong>illos</strong></span> <span class='ocrx_word' id='word_1_793' title='bbox 533 2690 666 2725; x_wconf 88' lang='lat' dir='ltr'><strong>epistolis,</strong></span> <span class='ocrx_word' id='word_1_794' title='bbox 683 2690 867 2718; x_wconf 89' lang='lat' dir='ltr'><strong>omittendum</strong></span> <span class='ocrx_word' id='word_1_795' title='bbox 890 2695 932 2718; x_wconf 89' lang='lat' dir='ltr'><strong>est</strong></span> <span class='ocrx_word' id='word_1_796' title='bbox 953 2691 1005 2719; x_wconf 91' lang='lat' dir='ltr'><strong>hoc</strong></span> 
     </span>
    </p>
   </div>
   <div class='ocr_carea' id='block_1_107' title="bbox 211 2735 1006 2772">
    <p class='ocr_par' dir='ltr' id='par_1_107' title="bbox 211 2735 1006 2772">
     <span class='ocr_line' id='line_1_107' title="bbox 211 2735 1006 2772; baseline 0.001 -10"><span class='ocrx_word' id='word_1_797' title='bbox 211 2735 274 2763; x_wconf 87' lang='lat' dir='ltr'><strong>loco</strong></span> <span class='ocrx_word' id='word_1_798' title='bbox 290 2745 296 2764; x_wconf 92' lang='lat'><strong>:</strong></span> <span class='ocrx_word' id='word_1_799' title='bbox 312 2736 439 2771; x_wconf 82' lang='lat' dir='ltr'><strong>quamvis</strong></span> <span class='ocrx_word' id='word_1_800' title='bbox 453 2736 574 2772; x_wconf 83' lang='lat' dir='ltr'><strong>longiore</strong></span> <span class='ocrx_word' id='word_1_801' title='bbox 590 2736 664 2772; x_wconf 87' lang='lat' dir='ltr'><strong>digni</strong></span> <span class='ocrx_word' id='word_1_802' title='bbox 685 2737 741 2764; x_wconf 87' lang='lat' dir='ltr'><strong>sint</strong></span> <span class='ocrx_word' id='word_1_803' title='bbox 753 2737 878 2765; x_wconf 85' lang='lat' dir='ltr'><strong>oratione</strong></span> <span class='ocrx_word' id='word_1_804' title='bbox 900 2744 932 2764; x_wconf 89' lang='lat' dir='ltr'><strong>ac</strong></span> <span class='ocrx_word' id='word_1_805' title='bbox 946 2737 1006 2764; x_wconf 84' lang='lat' dir='ltr'><strong>lau-</strong></span> 
     </span>
    </p>
   </div>
   <div class='ocr_carea' id='block_1_108' title="bbox 212 2781 1001 2817">
    <p class='ocr_par' dir='ltr' id='par_1_108' title="bbox 212 2781 1001 2817">
     <span class='ocr_line' id='line_1_108' title="bbox 212 2781 1001 2817; baseline 0.003 -8"><span class='ocrx_word' id='word_1_806' title='bbox 212 2781 311 2815; x_wconf 82' lang='lat' dir='ltr'><strong>dibus;</strong></span> <span class='ocrx_word' id='word_1_807' title='bbox 335 2782 381 2817; x_wconf 91' lang='lat' dir='ltr'><strong>qui</strong></span> <span class='ocrx_word' id='word_1_808' title='bbox 405 2782 537 2810; x_wconf 88' lang='lat' dir='ltr'><strong>divinitus</strong></span> <span class='ocrx_word' id='word_1_809' title='bbox 566 2791 598 2810; x_wconf 88' lang='lat' dir='ltr'><strong>ac</strong></span> <span class='ocrx_word' id='word_1_810' title='bbox 620 2783 726 2810; x_wconf 78' lang='lat' dir='ltr'><strong>fortiter</strong></span> <span class='ocrx_word' id='word_1_811' title='bbox 754 2783 941 2816; x_wconf 87' lang='lat' dir='ltr'><strong>decertarunt,</strong></span> <span class='ocrx_word' id='word_1_812' title='bbox 973 2789 1001 2811; x_wconf 87' lang='lat' dir='ltr'><strong>et</strong></span> 
     </span>
    </p>
   </div>
   <div class='ocr_carea' id='block_1_109' title="bbox 247 2829 700 2864">
    <p class='ocr_par' dir='ltr' id='par_1_109' title="bbox 247 2829 700 2864">
     <span class='ocr_line' id='line_1_109' title="bbox 247 2829 700 2864; baseline 0 -8"><span class='ocrx_word' id='word_1_813' title='bbox 247 2829 271 2844; x_wconf 85' lang='lat'>&quot;</span> <span class='ocrx_word' id='word_1_814' title='bbox 286 2829 350 2856; x_wconf 72' lang='lat' dir='ltr'><strong>Vide</strong></span> <span class='ocrx_word' id='word_1_815' title='bbox 365 2836 457 2864; x_wconf 81' lang='lat' dir='ltr'><strong>supra,</strong></span> <span class='ocrx_word' id='word_1_816' title='bbox 471 2830 551 2864; x_wconf 80' lang='lat' dir='ltr'><strong>epist.</strong></span> <span class='ocrx_word' id='word_1_817' title='bbox 569 2830 603 2856; x_wconf 75' lang='grc'><strong>45</strong></span> <span class='ocrx_word' id='word_1_818' title='bbox 615 2834 640 2856; x_wconf 89' lang='lat' dir='ltr'><strong>ct</strong></span> <span class='ocrx_word' id='word_1_819' title='bbox 656 2829 700 2856; x_wconf 67' lang='grc'><strong>48.</strong></span> 
     </span>
    </p>
   </div>
   <div class='ocr_carea' id='block_1_110' title="bbox 1059 2363 1853 2405">
    <p class='ocr_par' dir='ltr' id='par_1_110' title="bbox 1059 2363 1853 2405">
     <span class='ocr_line' id='line_1_110' title="bbox 1059 2363 1853 2405; baseline -0.009 -10"><span class='ocrx_word' id='word_1_820' title='bbox 1059 2377 1138 2404; x_wconf 87' lang='grc' dir='ltr'>μασι,</span> <span class='ocrx_word' id='word_1_821' title='bbox 1154 2367 1274 2399; x_wconf 82' lang='grc' dir='ltr'>ποθητὺν</span> <span class='ocrx_word' id='word_1_822' title='bbox 1285 2365 1395 2392; x_wconf 83' lang='grc' dir='ltr'>τέκνον·</span> <span class='ocrx_word' id='word_1_823' title='bbox 1410 2363 1478 2400; x_wconf 81' lang='grc' dir='ltr'>ὁμοῦ</span> <span class='ocrx_word' id='word_1_824' title='bbox 1490 2372 1519 2390; x_wconf 85' lang='grc' dir='ltr'><strong>τε</strong></span> <span class='ocrx_word' id='word_1_825' title='bbox 1531 2363 1690 2405; x_wconf 60' lang='grc' dir='ltr'>ἐξεπλάγην</span> <span class='ocrx_word' id='word_1_826' title='bbox 1702 2382 1709 2394; x_wconf 88' lang='grc'><strong>,</strong></span> <span class='ocrx_word' id='word_1_827' title='bbox 1724 2363 1853 2398; x_wconf 71' lang='grc' dir='ltr'>ἠγάσθην</span> 
     </span>
    </p>
   </div>
   <div class='ocr_carea' id='block_1_111' title="bbox 1056 2409 1853 2449">
    <p class='ocr_par' dir='ltr' id='par_1_111' title="bbox 1056 2409 1853 2449">
     <span class='ocr_line' id='line_1_111' title="bbox 1056 2409 1853 2449; baseline -0.009 -8"><span class='ocrx_word' id='word_1_828' title='bbox 1056 2423 1086 2441; x_wconf 86' lang='grc' dir='ltr'>τε</span> <span class='ocrx_word' id='word_1_829' title='bbox 1098 2433 1106 2446; x_wconf 85' lang='lat'><strong>,</strong></span> <span class='ocrx_word' id='word_1_830' title='bbox 1124 2413 1172 2441; x_wconf 76' lang='grc' dir='ltr'>καὶ</span> <span class='ocrx_word' id='word_1_831' title='bbox 1185 2411 1241 2449; x_wconf 66' lang='lat' dir='ltr'><strong>ﬁco.</strong></span> <span class='ocrx_word' id='word_1_832' title='bbox 1250 2421 1256 2427; x_wconf 84' lang='lat'>&#39;</span> <span class='ocrx_word' id='word_1_833' title='bbox 1270 2412 1300 2438; x_wconf 75' lang='grc' dir='ltr'>τδ</span> <span class='ocrx_word' id='word_1_834' title='bbox 1317 2412 1366 2446; x_wconf 79' lang='grc' dir='ltr'>μὲν</span> <span class='ocrx_word' id='word_1_835' title='bbox 1377 2411 1422 2438; x_wconf 80' lang='grc' dir='ltr'><strong>διὰ</strong></span> <span class='ocrx_word' id='word_1_836' title='bbox 1432 2411 1496 2442; x_wconf 80' lang='grc' dir='ltr'>τοὺς</span> <span class='ocrx_word' id='word_1_837' title='bbox 1508 2409 1686 2445; x_wconf 87' lang='grc' dir='ltr'>παρανόμους</span> <span class='ocrx_word' id='word_1_838' title='bbox 1697 2417 1704 2424; x_wconf 88' lang='grc'>·</span> <span class='ocrx_word' id='word_1_839' title='bbox 1723 2409 1752 2435; x_wconf 83' lang='grc' dir='ltr'>τὸ</span> <span class='ocrx_word' id='word_1_840' title='bbox 1766 2409 1794 2435; x_wconf 83' lang='grc' dir='ltr'>δὲ</span> <span class='ocrx_word' id='word_1_841' title='bbox 1806 2409 1853 2435; x_wconf 70' lang='grc' dir='ltr'><strong>διὰ</strong></span> 
     </span>
    </p>
   </div>
   <div class='ocr_carea' id='block_1_112' title="bbox 1059 2455 1853 2494">
    <p class='ocr_par' dir='ltr' id='par_1_112' title="bbox 1059 2455 1853 2494">
     <span class='ocr_line' id='line_1_112' title="bbox 1059 2455 1853 2494; baseline -0.009 -7"><span class='ocrx_word' id='word_1_842' title='bbox 1059 2460 1123 2492; x_wconf 81' lang='grc' dir='ltr'>τοὺς</span> <span class='ocrx_word' id='word_1_843' title='bbox 1138 2459 1286 2494; x_wconf 75' lang='grc' dir='ltr'>εὐνόμους·</span> <span class='ocrx_word' id='word_1_844' title='bbox 1304 2458 1335 2484; x_wconf 78' lang='grc' dir='ltr'>τὸ</span> <span class='ocrx_word' id='word_1_845' title='bbox 1350 2457 1443 2492; x_wconf 86' lang='grc' dir='ltr'>τρίτον</span> <span class='ocrx_word' id='word_1_846' title='bbox 1459 2456 1503 2483; x_wconf 76' lang='grc' dir='ltr'><strong>διὰ</strong></span> <span class='ocrx_word' id='word_1_847' title='bbox 1519 2456 1566 2483; x_wconf 75' lang='grc' dir='ltr'>τὸν</span> <span class='ocrx_word' id='word_1_848' title='bbox 1592 2455 1764 2490; x_wconf 75' lang='grc' dir='ltr'>δυναμοῦντα</span> <span class='ocrx_word' id='word_1_849' title='bbox 1783 2455 1853 2481; x_wconf 76' lang='grc' dir='ltr'>Θεὸν</span> 
     </span>
    </p>
   </div>
   <div class='ocr_carea' id='block_1_113' title="bbox 1056 2501 1852 2540">
    <p class='ocr_par' dir='ltr' id='par_1_113' title="bbox 1056 2501 1852 2540">
     <span class='ocr_line' id='line_1_113' title="bbox 1056 2501 1852 2540; baseline -0.008 -7"><span class='ocrx_word' id='word_1_850' title='bbox 1056 2507 1120 2538; x_wconf 78' lang='grc' dir='ltr'>τοὺς</span> <span class='ocrx_word' id='word_1_851' title='bbox 1138 2507 1168 2532; x_wconf 81' lang='grc' dir='ltr'><strong>ἐν</strong></span> <span class='ocrx_word' id='word_1_852' title='bbox 1180 2505 1218 2540; x_wconf 85' lang='grc' dir='ltr'>τῷ</span> <span class='ocrx_word' id='word_1_853' title='bbox 1237 2505 1314 2540; x_wconf 86' lang='grc' dir='ltr'>νόμῳ</span> <span class='ocrx_word' id='word_1_854' title='bbox 1332 2503 1416 2530; x_wconf 72' lang='grc' dir='ltr'>αὐτοῦ</span> <span class='ocrx_word' id='word_1_855' title='bbox 1445 2502 1683 2538; x_wconf 79' lang='grc' dir='ltr'>ἐπερειδομένους.</span> <span class='ocrx_word' id='word_1_856' title='bbox 1709 2501 1766 2528; x_wconf 74' lang='grc' dir='ltr'><strong>Καὶ</strong></span> <span class='ocrx_word' id='word_1_857' title='bbox 1787 2502 1852 2536; x_wconf 75' lang='grc' dir='ltr'>περὶ</span> 
     </span>
    </p>
   </div>
   <div class='ocr_carea' id='block_1_114' title="bbox 1057 2547 1853 2589">
    <p class='ocr_par' dir='ltr' id='par_1_114' title="bbox 1057 2547 1853 2589">
     <span class='ocr_line' id='line_1_114' title="bbox 1057 2547 1853 2589; baseline -0.008 -10"><span class='ocrx_word' id='word_1_858' title='bbox 1057 2553 1108 2589; x_wconf 80' lang='grc' dir='ltr'>μὲν</span> <span class='ocrx_word' id='word_1_859' title='bbox 1121 2551 1169 2579; x_wconf 81' lang='grc' dir='ltr'>τοῦ</span> <span class='ocrx_word' id='word_1_860' title='bbox 1183 2551 1257 2586; x_wconf 76' lang='grc' dir='ltr'>ίεροῦ</span> <span class='ocrx_word' id='word_1_861' title='bbox 1274 2559 1325 2586; x_wconf 88' lang='grc' dir='ltr'><strong>μου</strong></span> <span class='ocrx_word' id='word_1_862' title='bbox 1352 2549 1525 2582; x_wconf 81' lang='grc' dir='ltr'>’Δθανασίου,</span> <span class='ocrx_word' id='word_1_863' title='bbox 1551 2549 1600 2575; x_wconf 78' lang='grc' dir='ltr'>καὶ</span> <span class='ocrx_word' id='word_1_864' title='bbox 1623 2548 1676 2575; x_wconf 62' lang='grc' dir='ltr'><strong>τῶι</strong></span> <span class='ocrx_word' id='word_1_865' title='bbox 1703 2548 1752 2574; x_wconf 83' lang='grc' dir='ltr'>σὺν</span> <span class='ocrx_word' id='word_1_866' title='bbox 1774 2547 1853 2582; x_wconf 76' lang='grc' dir='ltr'>αὐτῷ</span> 
     </span>
    </p>
   </div>
   <div class='ocr_carea' id='block_1_115' title="bbox 1055 2594 1851 2634">
    <p class='ocr_par' dir='ltr' id='par_1_115' title="bbox 1055 2594 1851 2634">
     <span class='ocr_line' id='line_1_115' title="bbox 1055 2594 1851 2634; baseline -0.008 -9"><span class='ocrx_word' id='word_1_867' title='bbox 1055 2597 1246 2634; x_wconf 75' lang='grc' dir='ltr'>τριποθήτωνο</span> <span class='ocrx_word' id='word_1_868' title='bbox 1280 2596 1321 2624; x_wconf 75' lang='grc' dir='ltr'>ἔτι</span> <span class='ocrx_word' id='word_1_869' title='bbox 1353 2596 1407 2632; x_wconf 83' lang='grc' dir='ltr'>μὴν</span> <span class='ocrx_word' id='word_1_870' title='bbox 1427 2596 1474 2623; x_wconf 72' lang='grc' dir='ltr'><strong>καὶ</strong></span> <span class='ocrx_word' id='word_1_871' title='bbox 1497 2594 1545 2622; x_wconf 78' lang='grc' dir='ltr'>τοῦ</span> <span class='ocrx_word' id='word_1_872' title='bbox 1573 2594 1779 2630; x_wconf 78' lang='grc' dir='ltr'>ἁνδρικωτάτου</span> <span class='ocrx_word' id='word_1_873' title='bbox 1797 2602 1851 2629; x_wconf 85' lang='grc' dir='ltr'><strong>μου</strong></span> 
     </span>
    </p>
   </div>
   <div class='ocr_carea' id='block_1_116' title="bbox 1056 2641 1850 2678">
    <p class='ocr_par' dir='ltr' id='par_1_116' title="bbox 1056 2641 1850 2678">
     <span class='ocr_line' id='line_1_116' title="bbox 1056 2641 1850 2678; baseline -0.005 -7"><span class='ocrx_word' id='word_1_874' title='bbox 1056 2644 1226 2676; x_wconf 78' lang='grc' dir='ltr'>Θεοσώστου,</span> <span class='ocrx_word' id='word_1_875' title='bbox 1249 2643 1300 2678; x_wconf 84' lang='grc' dir='ltr'>τῆς</span> <span class='ocrx_word' id='word_1_876' title='bbox 1320 2651 1350 2670; x_wconf 85' lang='grc' dir='ltr'><strong>τε</strong></span> <span class='ocrx_word' id='word_1_877' title='bbox 1367 2642 1450 2669; x_wconf 82' lang='grc' dir='ltr'>αὑτοῦ</span> <span class='ocrx_word' id='word_1_878' title='bbox 1467 2641 1760 2672; x_wconf 73' lang='grc' dir='ltr'>δυοπεντεκαιδεχάδος</span> <span class='ocrx_word' id='word_1_879' title='bbox 1788 2641 1850 2667; x_wconf 81' lang='grc' dir='ltr'>θεο-</span> 
     </span>
    </p>
   </div>
   <div class='ocr_carea' id='block_1_117' title="bbox 1059 2686 1851 2722">
    <p class='ocr_par' dir='ltr' id='par_1_117' title="bbox 1059 2686 1851 2722">
     <span class='ocr_line' id='line_1_117' title="bbox 1059 2686 1851 2722; baseline -0.006 -5"><span class='ocrx_word' id='word_1_880' title='bbox 1059 2689 1172 2722; x_wconf 76' lang='grc' dir='ltr'>σθενοῦς</span> <span class='ocrx_word' id='word_1_881' title='bbox 1188 2689 1312 2721; x_wconf 83' lang='grc' dir='ltr'>συνοδίας</span> <span class='ocrx_word' id='word_1_882' title='bbox 1323 2698 1330 2705; x_wconf 75' lang='grc'><strong><em>³</em></strong></span> <span class='ocrx_word' id='word_1_883' title='bbox 1351 2689 1389 2720; x_wconf 83' lang='grc' dir='ltr'><strong>ὡς</strong></span> <span class='ocrx_word' id='word_1_884' title='bbox 1400 2690 1429 2715; x_wconf 81' lang='grc' dir='ltr'><strong>ἐν</strong></span> <span class='ocrx_word' id='word_1_885' title='bbox 1440 2689 1496 2720; x_wconf 83' lang='grc' dir='ltr'>τοῖς</span> <span class='ocrx_word' id='word_1_886' title='bbox 1510 2688 1579 2720; x_wconf 78' lang='grc' dir='ltr'>πρὸς</span> <span class='ocrx_word' id='word_1_887' title='bbox 1605 2686 1705 2718; x_wconf 78' lang='grc' dir='ltr'>αὐτούς</span> <span class='ocrx_word' id='word_1_888' title='bbox 1719 2695 1766 2722; x_wconf 87' lang='grc' dir='ltr'><strong>μοι</strong></span> <span class='ocrx_word' id='word_1_889' title='bbox 1779 2695 1851 2720; x_wconf 79' lang='grc' dir='ltr'>γρα-</span> 
     </span>
    </p>
   </div>
   <div class='ocr_carea' id='block_1_118' title="bbox 1059 2732 1852 2772">
    <p class='ocr_par' dir='ltr' id='par_1_118' title="bbox 1059 2732 1852 2772">
     <span class='ocr_line' id='line_1_118' title="bbox 1059 2732 1852 2772; baseline -0.008 -8"><span class='ocrx_word' id='word_1_890' title='bbox 1059 2739 1149 2772; x_wconf 85' lang='grc' dir='ltr'>φεῖσιν</span> <span class='ocrx_word' id='word_1_891' title='bbox 1163 2736 1257 2764; x_wconf 80' lang='grc' dir='ltr'>ἱκανοῦ</span> <span class='ocrx_word' id='word_1_892' title='bbox 1277 2735 1365 2768; x_wconf 83' lang='grc' dir='ltr'>όντος,</span> <span class='ocrx_word' id='word_1_893' title='bbox 1377 2735 1472 2762; x_wconf 82' lang='grc' dir='ltr'>ἐατέον</span> <span class='ocrx_word' id='word_1_894' title='bbox 1489 2733 1609 2760; x_wconf 84' lang='grc' dir='ltr'>ἐνταῦθα</span> <span class='ocrx_word' id='word_1_895' title='bbox 1623 2732 1715 2767; x_wconf 84' lang='grc' dir='ltr'>λέγειν</span> <span class='ocrx_word' id='word_1_896' title='bbox 1726 2740 1733 2747; x_wconf 80' lang='grc'><em>’</em></span> <span class='ocrx_word' id='word_1_897' title='bbox 1751 2734 1776 2759; x_wconf 87' lang='grc' dir='ltr'>εἰ</span> <span class='ocrx_word' id='word_1_898' title='bbox 1803 2735 1852 2758; x_wconf 78' lang='grc' dir='ltr'><strong>καὶ</strong></span> 
     </span>
    </p>
   </div>
   <div class='ocr_carea' id='block_1_119' title="bbox 1054 2778 1852 2816">
    <p class='ocr_par' dir='ltr' id='par_1_119' title="bbox 1054 2778 1852 2816">
     <span class='ocr_line' id='line_1_119' title="bbox 1054 2778 1852 2816; baseline -0.008 -6"><span class='ocrx_word' id='word_1_899' title='bbox 1054 2784 1095 2810; x_wconf 84' lang='grc' dir='ltr'><strong>ὅτι</strong></span> <span class='ocrx_word' id='word_1_900' title='bbox 1108 2783 1240 2810; x_wconf 83' lang='grc' dir='ltr'>πλειόνων</span> <span class='ocrx_word' id='word_1_901' title='bbox 1259 2782 1360 2810; x_wconf 83' lang='grc' dir='ltr'>δέοιντο</span> <span class='ocrx_word' id='word_1_902' title='bbox 1374 2781 1462 2816; x_wconf 85' lang='grc' dir='ltr'>λόγων</span> <span class='ocrx_word' id='word_1_903' title='bbox 1493 2782 1538 2808; x_wconf 77' lang='grc' dir='ltr'><strong>καὶ</strong></span> <span class='ocrx_word' id='word_1_904' title='bbox 1553 2779 1688 2807; x_wconf 74' lang='grc' dir='ltr'>ἐπαίνωνο</span> <span class='ocrx_word' id='word_1_905' title='bbox 1705 2778 1788 2811; x_wconf 83' lang='grc' dir='ltr'>θείως</span> <span class='ocrx_word' id='word_1_906' title='bbox 1803 2779 1852 2805; x_wconf 71' lang='grc' dir='ltr'><strong>καὶ</strong></span> 
     </span>
    </p>
   </div>
  </div>
