1926 3078
43 123 103 154 109Ἱ

643 122 912 152 EPISTOLAIlUM
935 121 1008 151 LIB.
1035 121 1060 150 Ι.

1600 116 1669 149 1098

40 178 188 215 ἀθλητικῶς
201 178 426 214 διηγωνισμένοι,
449 179 497 206 καὶ
513 179 553 205 ἐτι
583 179 824 213 ἐναγωνιζόμενοι.

877 185 953 205 nunc
975 182 1085 212 quoque
1111 175 1262 202 decertant.
1291 173 1345 201 Seu
1376 173 1455 200 venio
1478 172 1512 200 ad
1536 174 1669 200 sermonis

45 225 105 252 Ἐπὶ
119 224 149 251 δὲ
164 225 211 251 τὸν
226 224 366 258 κολοφῶνα
381 224 428 251 τοῦ
445 224 526 258 λόγου
545 223 665 259 μέτειμι.
683 224 731 255 Τίς
749 223 820 250 οὕτω

42 271 139 306 ἀκήκοε
155 269 252 304 σχεδὸν
263 269 409 305 παράνομα
432 269 480 296 καὶ
492 269 596 296 ἑκτοπα
611 270 791 303 Χριστιανὸς,
807 269 825 297 ἃ

43 315 92 341 ὑπὸ
104 315 160 341 τῶν
169 313 337 348 δυσωνύμων
350 313 522 348 Μοιχειανῶν
536 312 695 348 γεγένηται,
706 312 824 347 λεγομέ-

39 369 90 387 νων
106 360 155 396 μὲν
174 359 322 394 ἱεραρκῶν,
347 358 434 386 ὅντων
461 359 491 385 δὲ
516 358 632 394 ἀνιέρων
657 358 710 385 ὑπὸ
733 357 825 393 πάσης

38 405 219 440 ἀποστολικῆς
231 405 278 431 καὶ
290 405 432 440 Πατρικῆς
452 406 554 440 φωνῆς,
570 405 618 431 καὶ
635 405 700 432 ἄνευ
715 404 765 439 τῆς
783 405 824 431 αἱ-

40 452 155 485 ρεσιωςς
182 449 301 477 Τύπτων
315 449 387 476 οὕτω
403 449 446 481 τίς
473 449 589 483 τέτυφεν
603 448 757 485 ἀνθρώπων
767 469 775 482 ,
793 450 824 476 οὐ

39 497 105 530 λέγω
122 495 306 531 Χριστιανικὴ
319 495 389 530 χεὶρ,
399 494 469 522 ἀλλὰ
482 494 637 530 βαρόαρική
648 501 655 509 ·
667 494 708 526 δὶς
717 495 826 522 ἑκατον-

37 544 97 570 τάσι
111 543 182 579 πρὸς
196 542 329 577 ἑξήκοντα
345 541 393 568 καὶ
420 540 450 573 ἓξ
475 541 628 576 μαστίγων,
644 538 704 568 εἶτα
723 542 782 576 μετ’
794 540 826 568 οὐ

38 589 114 621 πολὺ,
129 588 170 620 δὶς
183 587 230 614 δύο
244 586 572 622 ὲκατοντάσιβουνεύρων
586 587 633 613 ἐπὶ
646 587 701 614 τῶν
713 587 806 615 νώτων
817 595 824 602 ·

37 635 72 667 ὡς
80 634 274 669 όγενναίόςγε
282 633 511 668 ἀρχιεπίσκοπος,
523 632 626 668 μᾶλλον
639 633 669 660 δὲ
684 633 826 669 ἀλλοτριο-

37 681 188 711 animm;
207 678 424 714 Θεσσαλονίκης,
447 678 495 705 καὶ
514 678 546 705 οὐ
564 678 620 705 τῶν
634 678 770 712 ἁγιλαίων
783 687 825 705 τι-

37 726 78 759 νὰ,
88 725 156 752 ἀλλὰ
169 724 337 761 μονάζοντα,
351 726 399 752 καὶ
413 724 509 752 τοῦτον
516 724 680 760 ἡγούμενον,
690 726 739 752 καὶ
754 725 827 760 μάλα

37 772 80 798 τὸν
90 771 301 802 εὐλαϐέστατον,
317 770 438 805 τοῦνομα
460 770 609 806 Εὑθύμιον,
620 770 666 798 τὸν
687 771 736 805 τῆς
746 771 826 797 εὐθυ-

39 818 102 852 μίας
117 817 205 849 ὅντως
218 816 382 852 φερώνυμον
395 825 403 849 ;
424 816 537 852 Ἐξέστη
551 817 598 843 ἐπὶ
612 817 700 852 τούτῳ
718 817 733 843 ὸ
746 817 828 852 οὐρα-

37 863 96 894 νόςο
115 863 165 889 καὶ
181 861 281 897 ἔφριξα
290 862 346 896 ἐγὼ
359 863 374 888 ὸ
387 862 471 894 τάλας
484 871 491 878 ·
508 861 585 896 οἶμαι
600 862 630 889 δὲ
649 863 698 890 καὶ
716 863 772 894 πᾶς
784 871 826 895 τις

36 905 88 932 τῶν
103 905 259 940 ἀνθρώπων
273 905 323 941 τὴν
337 906 455 941 φυσικὴν
466 906 625 942 ἡμερότητα
638 915 668 934 τε
680 907 728 934 καὶ
747 907 826 943 ἐλεη-

38 951 157 985 μοσύνην
172 951 254 986 ἔχων,
270 953 318 979 καὶ
331 951 451 979 ἀκούων.
474 953 523 984 Ὃς
534 953 576 984 εις
599 952 685 980 τύπον
703 953 825 989 Χριστοῦ

35 996 150 1030 ὀφείλων
166 996 284 1030 κεῖσθαι,
301 998 348 1024 καὶ
375 998 545 1033 τυπτόμενος
571 998 610 1034 μὴ
632 998 825 1034 ἀντιτύπτεινι,

36 1043 81 1068 καὶ
94 1042 149 1069 τῶν
160 1043 266 1077 θηρίων
281 1043 421 1080 ὠμότερος
446 1045 557 1079 γέγονεν
567 1065 574 1078 ,
588 1044 620 1072 οὗ
638 1046 666 1072 τί
683 1054 734 1073 που
754 1046 826 1081 ῐχνος

35 1088 232 1123 Χριστιανικὸν
248 1089 351 1124 φέρων,
366 1089 467 1116 πολλοῦ
480 1098 511 1124 γε
524 1091 612 1117 εἰπεῖν
622 1090 790 1126 ιεραρχικόν.

62 1134 120 1160 Καὶ
131 1134 203 1169 ὑπὲρ
214 1134 286 1165 τινος
295 1135 309 1160 ό
322 1134 543 1170 δαρμός;ἶνατδν
551 1135 598 1162 τοῦ
607 1135 727 1170 Χριστοῦ
740 1136 826 1171 ἀθλη-

32 1179 81 1213 τὴν
94 1179 183 1215 πείσῃ
195 1179 343 1207 συνθέσθαι
359 1180 509 1216 ἀναφέρειν
526 1180 608 1208 αὐτὸν
625 1181 663 1212 ὼς
681 1182 825 1217 ἰεράρχην.

39 1226 108 1252 Ἀλλ’
117 1226 142 1252 ὣ
152 1226 203 1261 τῆς
216 1226 407 1261 γενναιότητος
413 1226 460 1252 καὶ
472 1225 668 1262 κραταιότητος
675 1226 722 1252 τοῦ
739 1227 826 1262 μάκα-

34 1279 79 1306 ρος
92 1272 99 1298 ε
114 1270 198 1298 Οὕτω
210 1271 267 1306 γὰρ
280 1271 385 1298 δίκαιον
399 1273 501 1298 εἰπεῖν·
519 1270 562 1297 ὅτι
579 1272 626 1299 καὶ
640 1272 710 1307 μετὰ
726 1273 825 1301 τοσαύ-

30 1325 80 1348 τας
91 1316 257 1351 πληγὰςκαὶ
268 1317 384 1352 αἵματος
391 1317 469 1352 ἁγίου
481 1318 570 1353 ῥύσιν,
585 1319 624 1350 ὡς
638 1319 826 1354 φοινίσσεσθαι

30 1362 64 1388 τὰ
74 1362 209 1397 πέλματα
225 1362 281 1389 τῶν
296 1363 385 1390 ποδῶν
410 1363 466 1390 τῶν
483 1364 573 1391 ἐκεῖσε
606 1365 759 1400 παρόντων,
778 1367 827 1393 καὶ

30 1407 116 1434 οἱονεὶ
132 1407 345 1442 πηλοποιεῖσθαι
370 1408 402 1435 τδ
428 1409 583 1445 πορφύρεον
599 1410 717 1446 κονὶαμα
732 1411 773 1442 εις
787 1412 827 1438 οἰ-

32 1453 155 1488 κοδομὴν
179 1453 231 1487 τῆς
252 1453 301 1480 τοῦ
324 1454 393 1481 Θεοῦ
412 1453 579 1489 Ἑκκλησίας
592 1463 600 1472 ’
631 1456 758 1492 κείμενος
774 1457 826 1493 ἤδη

874 223 1066 258 colophouem.
1081 221 1148 254 Quis
1165 227 1285 255 unquam
1300 219 1369 247 adeo
1390 218 1484 253 iniqua
1509 222 1537 245 et
1551 219 1668 246 absurda

874 269 1049 298 Christianus
1071 268 1188 300 audivit,
1207 275 1239 295 ac
1261 271 1338 302 gesta
1358 270 1424 294 sunt
1441 273 1458 293 a
1471 264 1585 293 nefariis
1601 263 1669 292 Mm-

874 315 993 347 chianis,
1015 315 1128 343 nomine
1144 313 1294 349 episcopis,
1319 320 1350 340 re
1367 317 1458 339 autem
1474 310 1615 346 sacrilegis
1635 319 1667 338 ex

875 361 951 390 omni
975 361 1164 396 apostolorum
1185 364 1214 388 et
1236 359 1348 386 Patrum
1369 358 1537 390 testimonio,
1559 357 1667 384 etiamsi

875 407 1002 435 haeresim
1022 405 1162 441 excipias?
1188 405 1332 432 Hominem
1356 404 1506 431 verberans
1527 402 1588 437 quis
1614 410 1668 429 un-

875 460 956 487 quam
977 452 1018 480 sic
1031 451 1131 480 cecidit
1144 460 1151 478 :
1165 458 1221 478 non
1241 449 1398 477 Christiana
1417 448 1479 476 dico
1495 455 1603 478 manus.
1619 447 1667 474 sed

875 497 958 525 etiam
972 497 1129 529 barbarica;
1152 496 1195 523 bis
1217 499 1329 523 centum
1343 494 1484 529 sexaginta
1506 500 1554 520 sex
1571 492 1668 520 verbe-

877 550 948 573 rum.
972 549 1005 569 ac
1024 549 1081 570 non
1109 541 1196 569 multo
1222 546 1294 575 post,
1321 539 1365 567 bis
1393 539 1519 566 ducentis
1543 538 1668 565 boiarum

876 589 978 616 ictibus
990 588 1019 616 in
1029 588 1160 616 humeros
1176 586 1304 614 inﬂictis?
1319 590 1356 613 ut.
1368 591 1518 620 generosus
1533 583 1667 616 archiepi-

876 625 987 669 scopus,
1010 641 1059 662 seu
1081 633 1172 668 potius
1192 631 1433 666 allotriepiscopus
1452 628 1666 661 Thessalonice,

875 688 932 708 non
946 681 1101 716 gregarium
1112 679 1281 715 quempiam,
1298 679 1346 706 sed
1358 677 1536 709 monachum,
1550 682 1668 714 eumque

876 726 1066 761 praepositum,
1097 730 1125 752 et
1146 724 1258 760 quidem
1286 722 1533 759 religiosissimum,
1564 720 1668 755 Euthy-

876 772 974 804 mium,
988 771 1079 799 securi
1090 770 1212 805 rectique
1223 769 1318 802 animi,
1329 776 1426 797 revera
1439 766 1544 795 nomini
1555 773 1669 801 respon-

875 817 1005 846 dentem?
1031 816 1147 851 Expavit
1167 817 1267 844 ctelum
1291 815 1346 843 hoc
1370 813 1551 849 spectaculo:
1568 815 1597 839 et
1618 819 1670 846 ego

876 864 961 892 miser
973 862 1089 891 audiens
1104 862 1245 895 inhorrui;
1262 866 1290 889 et
1309 867 1430 892 mecum,
1446 859 1556 894 opinor.
1572 865 1670 886 omnes

876 909 977 945 quibus
995 908 1095 943 aliquis
1119 915 1216 935 sensus
1237 911 1281 935 est
1299 905 1479 934 humanitatis
1509 909 1538 931 et
1564 903 1670 930 miseri-

876 954 989 982 cordiae.
1005 952 1093 986 Quem
1107 952 1141 980 ad
1155 951 1258 979 Christi
1272 949 1430 983 exemplum
1444 947 1571 983 componi
1586 955 1669 982 opor-

877 1000 963 1032 tebat,
978 1003 1007 1026 et
1023 1005 1185 1033 percussum
1200 1005 1257 1024 non
1275 998 1470 1031 repercutere;
1487 994 1511 1021 is
1524 993 1670 1020 immanior

877 1045 943 1073 feris
957 1044 1078 1072 exstitit:
1090 1043 1195 1071 nullum
1211 1040 1360 1069 Christiani
1376 1039 1521 1075 vestigium
1535 1038 1668 1070 retinens.

878 1091 979 1120 nedum
991 1090 1126 1126 episcopi.

911 1138 945 1166 Et
959 1138 1137 1173 quamobrem
1161 1137 1219 1164 haac
1237 1135 1395 1164 dilaniatio?
1407 1134 1444 1162 Ut
1457 1133 1560 1162 Christi
1580 1132 1668 1161 athle-

877 1188 931 1211 tam
951 1192 986 1212 eo
1007 1184 1141 1219 impellat,
1158 1188 1187 1211 ut
1208 1183 1298 1218 ipsum
1323 1185 1522 1210 commemoret
1538 1184 1667 1214 tanquam

876 1229 1048 1265 episcopum.
1065 1229 1130 1262 Sed,
1152 1237 1168 1256 ο
1185 1229 1283 1256 fortem
1296 1232 1379 1262 atque
1395 1226 1529 1255 invictum
1543 1225 1668 1253 animum

876 1276 966 1304 beati!
996 1277 1038 1304 sic
1061 1275 1135 1303 enim
1161 1275 1235 1310 loqui
1259 1281 1369 1309 aequum
1384 1276 1426 1300 est
1441 1280 1448 1299 :
1462 1271 1528 1307 quia
1546 1275 1608 1306 post
1629 1276 1670 1298 tot

876 1321 969 1358 plagas
984 1324 1144 1356 tantamque
1163 1320 1269 1356 profusi
1289 1319 1363 1347 sacri
1386 1317 1528 1353 sanguinis
1550 1316 1667 1351 copiam,

877 1371 908 1394 ut
932 1366 1102 1403 tingerentur
1132 1365 1281 1394 astantium
1310 1363 1435 1399 vestigia,
1463 1367 1493 1390 et
1516 1363 1544 1390 in
1574 1362 1669 1389 limum

876 1411 1078 1446 quodammodo
1089 1413 1280 1439 concresceret
1294 1416 1449 1445 purpureus
1467 1408 1513 1435 ille
1529 1407 1620 1443 pulvis
1634 1407 1669 1434 ad

876 1456 1086 1485 aediﬁcationem
1104 1456 1234 1484 Ecclesiae
1248 1455 1313 1489 Dei;
1337 1462 1401 1483 cum
1417 1454 1457 1482 sic
1474 1454 1580 1489 jaceret
1599 1461 1670 1488 pene

33 1498 122 1534 βραχὺ
136 1498 242 1531 ἄπνους
251 1500 299 1526 καὶ
306 1499 423 1534 ἄφωνος,
439 1501 487 1527 καὶ
504 1501 654 1537 ἐρωτηθεὶς
669 1501 745 1537 παρὰ
771 1502 824 1530 τῶν

877 1503 1011 1530 exanimis
1025 1507 1053 1530 et
1067 1502 1194 1538 elinguis,
1210 1502 1399 1535 instarentque
1410 1504 1531 1528 tortores
1544 1503 1575 1526 ut
1591 1507 1669 1527 com-

32 1544 178 1571 πλαστῶν
196 1545 379 1580 μνημονεύειν
392 1546 440 1574 τὸν
454 1547 588 1582 τύραννόν
602 1555 684 1582 φημι,
706 1547 764 1574 ἀλλ’
777 1548 824 1574 οὐκ

878 1553 1042 1576 memoraret
1071 1553 1214 1582 tyrannum
1239 1546 1368 1579 dixerim,
1395 1553 1451 1574 non
1479 1545 1669 1580 archiepisco—

30 1590 255 1626 ἀρχιεπίσκοπον
265 1599 272 1606 ·
290 1592 340 1625 Οὐ,
363 1593 446 1627 φησὶν
457 1594 471 1620 ὁ
486 1593 622 1629 μακάριος
635 1601 642 1609 ’
657 1595 728 1620 οὕτω
744 1593 824 1630 μέχρι

878 1603 959 1631 pum;
976 1595 1100 1629 minime,
1112 1595 1150 1622 ait
1166 1595 1264 1622 beatus
1278 1604 1285 1622 ;
1301 1601 1335 1620 eo
1344 1592 1427 1620 modo
1438 1599 1524 1627 prope
1536 1599 1621 1626 usque
1636 1591 1670 1618 ad

31 1635 155 1663 θανάτου
172 1636 268 1672 σχεδὸν
282 1637 313 1663 οὔ
329 1638 509 1675 παρατρέψας
524 1639 570 1665 τὸν
585 1639 648 1666 νοῦν
658 1648 665 1655 ·
680 1640 711 1666 οὐ
727 1648 824 1676 παρεκ-

880 1645 995 1669 mortem
1013 1648 1190 1676 perseverans
1206 1639 1340 1667 immobili
1361 1639 1454 1666 animo
1470 1637 1578 1673 ﬁxoque
1592 1637 1619 1664 in
1637 1637 1671 1664 iis

32 1680 128 1712 κλίνας
143 1689 170 1707 τι
183 1681 238 1707 τῶν
249 1681 398 1716 ὀρθοδόξως
410 1683 591 1718 ἐγνωσμένων
614 1685 700 1720 αὐτῷ.
722 1686 824 1721 Μικροί

878 1694 940 1721 quae
958 1690 1033 1714 recte
1048 1686 1133 1713 semel
1155 1686 1324 1713 decreverat.
1342 1684 1418 1712 Pene
1435 1684 1582 1712 omiseram
1598 1684 1670 1718 quod

30 1724 64 1772 σὴ
79 1725 249 1761 παρέδραμέ
266 1735 300 1762 με
315 1727 462 1761 ἀναγκαῖόν
475 1736 517 1754 τι·
533 1728 575 1754 ὅτι
592 1729 640 1756 καὶ
653 1730 668 1756 ὁ
693 1730 757 1762 ναὸς
780 1731 824 1757 τοῦ

880 1732 907 1759 in
922 1731 1017 1767 primis
1031 1731 1237 1760 observandum
1257 1739 1264 1757 :
1278 1730 1411 1766 templum
1426 1730 1516 1765 ipsum
1532 1729 1581 1756 Dei
1601 1737 1671 1764 prae-

30 1771 102 1798 Θεοῦ
133 1772 306 1807 πραιτώριον
333 1773 430 1808 γέγονε
455 1774 612 1802 Πιλατικόν.
642 1775 747 1803 Ἐκεϊσε
774 1777 824 1812 γὰρ

880 1778 981 1805 torium
994 1778 1095 1805 factum
1107 1777 1193 1804 fuisse
1213 1776 1358 1804 Pilaticum
1371 1785 1378 1803 :
1393 1776 1430 1804 ibi
1446 1775 1532 1808 enim,
1549 1775 1602 1803 hoc
1617 1780 1670 1807 est,

28 1817 114 1852 ἔφης,
135 1818 197 1852 ἦτοι
211 1818 251 1849 εἰς
261 1818 307 1845 τδν
322 1818 468 1853 λεγόμενον
484 1819 532 1846 τοῦ
556 1819 740 1857 Ἀρχαγγέλου
757 1821 824 1858 ἱερὸν

881 1823 908 1851 in
928 1831 1005 1851 sacra
1024 1831 1105 1859 quam
1120 1826 1220 1851 vocant
1234 1822 1396 1858 Arcbangeli
1412 1822 1482 1856 aede,
1496 1822 1671 1850 verberatum

27 1863 116 1898 δόμον
133 1862 271 1897 τετύφθαι
297 1863 344 1891 τὸν
359 1865 503 1900 μάρτυρα¹
521 1865 550 1892 ὃν
567 1867 591 1892 οἱ
614 1866 665 1901 μὲν
679 1866 824 1901 Ιὰτίθασσοι

880 1873 1027 1904 martyrem
1051 1868 1138 1896 fuisse
1164 1868 1216 1900 ais,
1241 1875 1323 1903 quem
1351 1867 1538 1903 implacabiles
1562 1867 1672 1902 quidem

26 1909 153 1944 τιμωροὶ
166 1908 262 1935 εἴασαν
274 1909 404 1946 ἡμιθανῆ·
418 1911 460 1942 τὶς
468 1911 496 1938 δὲ
504 1911 726 1947 Χριστομίμητος
738 1913 824 1939 λαϐὼν

880 1915 1023 1943 carniﬁces
1047 1915 1254 1943 scmimortuum
1276 1914 1466 1949 reliquerunt:
1482 1912 1583 1941 Christi
1608 1921 1673 1941 vero

27 1955 79 1980 ἐπὶ
93 1955 143 1981 τὸν
161 1953 228 1980 ῐδιον
247 1951 338 1981 οἷκον·
360 1956 408 1983 καὶ
424 1957 485 1989 ταῖς
507 1957 693 1993 ἀμορραγίαις
718 1958 766 1985 καὶ
786 1959 824 1992 ξε-

882 1961 1003 1988 imitator
1016 1961 1126 1996 quidem
1142 1960 1169 1988 in
1187 1961 1298 1988 domum
1312 1967 1389 1987 suam
1403 1967 1467 1987 eum
1484 1959 1588 1996 recepit
1601 1968 1606 1986 :
1622 1960 1672 1986 ad-

28 2000 222 2035 σμοσαρκιαις
243 2002 423 2036 προσπλὰσας
438 2002 534 2030 κώδιον
549 2003 632 2039 ἀρνοῦ
643 2004 824 2039 ἁρτισφαγοῦς

882 2013 1011 2042 motaque
1039 2007 1073 2034 ad
1098 2005 1243 2034 deﬁuentis
1270 2006 1376 2033 cruoris
1401 2006 1552 2040 iacensque
1581 2005 1672 2033 carnis

24 2047 218 2083 ἑξωοπύρησε
241 2048 288 2075 τὸν
310 2048 411 2082 ἄνδρα·
431 2048 530 2083 μικρὸν
551 2048 580 2075 δὲ
596 2050 643 2076 καὶ
658 2050 728 2076 κατὰ
743 2050 824 2085 βραχί

881 2053 975 2088 plagas
999 2059 1096 2080 recens
1110 2051 1227 2087 jugulati
1247 2051 1309 2087 agni
1325 2051 1463 2087 pellicula,
1482 2051 1572 2079 virum
1597 2051 1671 2080 refo-

25 2093 222 2129 ὰναρῤὡσας.
247 2093 423 2127 ἐξαπέστειλε
447 2094 534 2129 λάθρα
561 2094 604 2122 διὰ
621 2094 670 2130 τὴν
694 2094 824 2122 καλοῦσαι

882 2098 1004 2131 cillavit;
1020 2097 1178 2132 viribusque
1190 2096 1320 2132 paulatim
1334 2096 1503 2124 conﬁrmatis
1516 2097 1586 2125 clam
1603 2098 1673 2125 emi-

23 2139 166 2174 ἐντολήν·
180 2139 350 2173 πεφευγότος
375 2138 423 2166 τοῦ
453 2139 581 2171 θανέντος
596 2139 649 2175 ἤδη
669 2140 717 2167 καὶ
738 2149 824 2176 παρα-

882 2143 928 2176 sit.
944 2146 1076 2171 evocante
1100 2142 1238 2170 mandato.
1259 2142 1298 2169 lta
1312 2142 1400 2170 evasit
1414 2142 1460 2178 qui
1478 2143 1533 2178 jam
1548 2148 1672 2171 mortuus

22 2185 118 2216 ὣξως
130 2183 327 2220 ὲξεγερθέντος
342 2185 382 2216 εις
392 2185 493 2220 στήλην
501 2185 657 2222 όρθοδοξίας
671 2186 718 2212 καὶ
733 2187 824 2222 θρίαμ-

883 2195 953 2221 erat,
979 2193 1008 2216 et
1034 2188 1196 2215 mirabiliter
1228 2187 1327 2215 revixit
1355 2188 1391 2215 ad
1420 2188 1580 2216 orthodoxa
1609 2189 1670 2216 ﬁdei

22 2230 78 2256 εον
92 2230 151 2257 τῶν
169 2229 337 2262 κακοδόξων.
351 2228 384 2256 Τί
404 2229 508 2257 τούτων
527 2230 724 2264 ἀσεσέστερονς
737 2231 779 2262 τίς
799 2231 824 2257 δὲ

884 2233 1038 2269 praesidium
1063 2233 1287 2268 triumphumque
1308 2232 1344 2260 de
1365 2233 1512 2262 haereticis.
1532 2233 1605 2267 Quid
1628 2234 1672 2261 his

22 2276 112 2311 παρὰ
125 2275 278 2309 ὸρθοδόξων
289 2275 330 2307 εἰς
351 2275 492 2311 αἱρετικὸν
523 2276 637 2303 τοιαῦτα
664 2276 806 2312 πέπρακεν
820 2286 824 2310 ;

884 2279 996 2314 impium
1024 2278 1109 2314 magis
1136 2286 1198 2306 esse
1224 2278 1331 2314 possit?
1352 2279 1420 2312 Quis
1446 2279 1618 2308 orthodoxns
1644 2280 1671 2307 in

29 2321 111 2347 Ἀλλ’
124 2322 172 2349 ἴνα
182 2322 254 2357 φανῇ
264 2320 412 2348 κάντεῦθεν
422 2321 512 2348 αὐτῶν
523 2322 604 2357 ἡλίκη
616 2323 633 2357 ή
648 2322 761 2350 ἀσέϐεια
773 2323 824 2350 τῶν

884 2325 1044 2352 haereticum
1057 2324 1121 2352 talia
1139 2332 1257 2359 unquam
1271 2325 1412 2353 exercuit?
1425 2324 1479 2353 Sed
1493 2329 1524 2353 ut
1544 2325 1609 2353 hinc
1622 2333 1671 2360 ap-

21 2367 352 2402 Μοιχειανιζόντων,καὶ
364 2367 407 2400 τις
415 2367 488 2399 τινος
500 2367 637 2403 μαθητὴς,
647 2369 765 2404 Χριστοῦ
781 2369 824 2404 μὲν

883 2374 992 2405 pareret
1003 2373 1104 2405 quanta
1123 2369 1158 2397 sit
1178 2368 1394 2399 Mcecbianorum
1410 2369 1547 2405 impietas.
1570 2374 1598 2398 et
1610 2370 1673 2405 quis

21 2414 37 2439 ὁ
52 2413 236 2447 τυπτόμενος
248 2412 308 2439 κατ’
327 2412 409 2439 αὐτὸν
426 2412 475 2439 καὶ
496 2413 599 2448 φέρων,
626 2413 752 2441 διαὸόλου
772 2414 802 2441 δὲ
816 2415 824 2441 ὲ

882 2415 961 2450 cujus
979 2414 1017 2441 sit
1032 2414 1204 2449 discipulus:
1219 2413 1321 2442 Christi
1344 2414 1475 2442 nimirum
1496 2415 1520 2443 is
1540 2415 1587 2452 qui
1608 2422 1672 2443 ver-

19 2460 158 2487 τῦπτων.
171 2458 250 2485 Οὕτω
266 2458 397 2494 ἱεράρχης
411 2459 460 2486 καὶ
472 2457 549 2485 ἔνθεν
559 2459 686 2494 ἐκφοϐεῖν
701 2460 824 2496 βουλόμε-

883 2460 959 2491 bera,
985 2464 1016 2487 ut
1037 2459 1173 2493 Christus,
1193 2460 1316 2494 pertulit,
1338 2460 1438 2488 diaboli
1461 2465 1552 2489 autem
1578 2461 1601 2489 is
1624 2462 1672 2497 qui

21 2514 87 2537 νος,
103 2505 153 2531 καὶ
170 2504 287 2531 ἐκδικῶν
303 2503 338 2531 τὰ
361 2503 422 2531 κατ’
438 2504 530 2532 αὐτόν.
548 2501 586 2531 Οὗ
601 2505 768 2541 ρυσθείημεν
780 2507 830 2541 τῆς

23 2550 161 2586 μερίδος,
179 2549 290 2584 ἀδελφὲ,
305 2549 353 2576 τοῦ
367 2549 398 2576 δὲ
421 2549 532 2586 πρώτου
560 2550 656 2586 εἴημεν
684 2552 734 2578 σὺν
745 2552 829 2578 πᾶσιν

22 2594 178 2622 εὐσεϐέσι.
188 2595 245 2621 Καὶ
259 2594 309 2628 ἴδε,
331 2593 430 2629 Κύριε,
446 2594 545 2630 Κύριε,
564 2595 614 2630 τὴν
627 2595 749 2623 κάκωσιν
762 2597 828 2623 ταύ-

22 2649 91 2675 την.
108 2640 160 2668 ’καὶ
175 2641 269 2674 φεῖσαι
284 2639 332 2666 τοῦ
345 2639 412 2666 λαοῦ
431 2648 479 2666 σου
491 2648 499 2657 ο
517 2641 693 2676 πρυτανέυων
713 2643 827 2678 εἰρήνην

21 2686 197 2722 ιρθοᾰξιας
210 2687 245 2721 τῇ
258 2685 320 2713 καθ’
334 2686 410 2721 ἡμᾶς
423 2685 582 2722 Ἐκκλησία.
595 2687 679 2714 Οὐδὲν
693 2688 748 2723 γὰρ
762 2689 829 2723 ἡμῖν

23 2734 129 2766 λέγειν
141 2732 208 2759 ἄλλο
225 2732 294 2767 πρὸς
304 2732 339 2759 τὰ
356 2731 478 2766 παρόντα
491 2740 498 2746 ο
523 2732 593 2767 μετὰ
613 2733 660 2759 τοῦ
681 2734 726 2759 καὶ
741 2734 828 2760 πάντα

19 2779 133 2814 φέρειν
151 2778 226 2813 ρᾴως
240 2778 312 2813 ὑπὲρ
323 2777 370 2804 τοῦ
382 2778 516 2813 ὀνόματος
532 2778 626 2805 αὑτοῦ.

195 2870 332 2900 Parnm.
357 2870 379 2899 G
387 2878 416 2899 ιι.
438 2868 542 2899 XCIX.

883 2505 1047 2533 verberavit.
1065 2504 1111 2532 Sic
1123 2505 1266 2540 episcopos
1279 2505 1342 2533 inde
1353 2506 1436 2534 etiam
1450 2510 1589 2534 exterrere
1603 2507 1671 2540 vult,

881 2557 966 2585 seque
985 2550 1075 2585 ipsum
1091 2549 1196 2577 ulcisci.
1215 2549 1280 2584 Ejus
1296 2553 1389 2585 partes
1410 2549 1556 2584 fugiamus,
1576 2549 1672 2581 frater.
1697 2554 1701 2557 '

880 2595 966 2630 priori
989 2603 1051 2622 cum
1080 2594 1209 2622 omnibus
1239 2594 1292 2628 piis
1320 2594 1503 2622 adhaerentes.
1532 2593 1565 2621 Et
1597 2588 1691 2633 videﬁ

881 2641 1006 2674 Domine,
1021 2641 1146 2675 Domine,
1169 2641 1342 2669 vexationem
1363 2641 1455 2673 istam,
1478 2645 1506 2668 et
1529 2649 1611 2676 parce
1623 2633 1688 2677 po-'

881 2688 946 2724 pulo
959 2693 1006 2716 tuo
1021 2696 1028 2715 :
1045 2691 1128 2716 rectae
1143 2687 1205 2716 ﬁdei
1222 2695 1316 2723 pacem
1333 2687 1364 2715 in
1385 2686 1510 2715 Ecclesia
1526 2695 1586 2722 qua:
1601 2688 1673 2722 apud

881 2742 932 2761 nos
952 2740 993 2761 est
1014 2735 1064 2769 pro
1088 2738 1133 2761 tua
1152 2738 1287 2769 potestate
1309 2732 1485 2761 conﬁrmans.
1502 2733 1576 2760 Nihil
1599 2732 1671 2760 enim

879 2780 953 2808 aliud
963 2780 1054 2808 dicere
1072 2787 1217 2814 possumus
1231 2780 1305 2807 circa
1317 2786 1348 2806 ea
1359 2786 1420 2814 quae
1429 2778 1601 2814 impendent,
1615 2779 1669 2805 nisi

881 2824 954 2858 quod
981 2824 1072 2852 omnia
1084 2824 1203 2852 libenter
1212 2831 1262 2859 pro
1277 2824 1338 2859 cjus
1350 2823 1461 2851 nomine
1476 2823 1657 2857 perferemus.
