1926 3078
258 132 324 164 109')

850 134 881 164 S.
902 133 954 163 ΤΠ
961 133 1102 164 EODORY
1117 135 1290 165 STUDITAE

1822 135 1895 168 1100

291 188 331 214 'l‘u
354 194 430 219 vero,
453 186 500 219 ﬁli,
518 185 688 219 charissima,
717 187 824 214 tametsi
845 187 909 215 alibi
927 189 1047 216 custodi-

1135 190 1170 215 Σὺ
1183 190 1223 227 δὲ,
1233 187 1256 216 ὦ
1270 190 1366 217 τέκνον
1383 199 1434 225 μου
1442 190 1630 226 ἠγαπημένον,
1645 190 1669 217 εί
1681 190 1728 217 καὶ
1741 199 1896 226 μετεφρου·

257 233 304 265 ris,
336 237 366 260 ut
395 233 513 264 indicas,
542 232 728 268 gaudezquia
754 233 846 268 plures
871 233 918 260 tibi
942 241 1051 261 coronae

257 283 398 307 texuntur.
417 277 451 305 Et
464 286 621 313 quanquam
635 278 765 306 Leontius
778 278 928 313 discipulus
940 279 1005 306 olim
1015 280 1049 310 ’°,

257 332 332 352 nunc
346 328 471 359 negator,
490 323 543 351 illis
559 325 652 359 praesit
668 324 745 358 locis,
769 325 796 351 in
812 325 913 359 quibus
928 325 1051 353 inclusus

259 371 377 403 teneris;
394 371 463 398 nihil
478 372 579 398 mirere
597 380 604 399 :
619 372 671 399 hoc
687 372 760 398 enim
775 376 884 406 tempus
901 376 942 399 est
956 371 1051 407 longa-

259 417 393 445 nimitatis
418 417 477 450 Dei,
507 422 537 444 ut
561 421 761 453 cognoscantur
790 417 880 450 electi,
903 423 931 445 et
957 422 1052 454 regnet

260 463 333 491 illius
347 463 446 490 Tabeel
466 464 494 490 in
510 463 650 490 Bethleem
661 463 695 490 “.
711 463 749 491 De
767 471 800 491 eo
815 468 907 491 autem
922 463 969 499 qui
984 471 1052 491 con-

261 509 350 537 fessus
366 513 409 536 est
421 514 449 536 et
462 517 570 544 poenam
587 510 745 544 postulavit,
762 514 836 539 recte
850 510 968 546 irrogata
986 514 1028 538 est
1043 518 1050 536 :

261 553 366 589 tibique
382 554 531 586 assentior,
549 555 595 589 qui
611 555 712 582 dixeris
734 556 770 588 ei,
787 556 811 582 si
831 556 900 583 nolit
917 556 952 584 ob
966 557 1052 583 inter-

261 600 348 627 fectos
363 600 458 628 hostes
470 608 579 635 pinnam
594 601 698 633 subire,
716 609 768 630 nec
781 602 815 629 ab
826 602 975 630 occidendo
989 602 1052 629 abs-

261 646 347 672 tineat
367 653 374 672 :
391 651 418 673 et
436 653 487 673 nos
507 646 617 680 quidem
635 651 712 682 extra
737 647 872 682 judicium
894 656 998 675 sumus.
1023 648 1052 674 Si

260 699 328 720 vero
345 691 475 719 Ecclesiae
490 693 644 720 canonibus
667 693 746 720 subdi
764 694 850 726 malit,
874 694 991 721 duorum
1012 693 1053 720 al-

263 743 350 765 terum
369 738 420 773 ipsi
438 738 594 773 eligendum
618 742 674 772 est;
699 743 729 766 ut
750 745 796 766 aut
821 740 900 766 laude
921 738 1054 766 alliciatur

261 785 334 818 quod
349 783 532 816 interfecerit.
543 789 592 812 aut
611 785 670 811 sine
689 791 770 819 ptena
786 792 841 812 non
862 789 982 812 maneat.
998 783 1053 811 Ne-

263 837 317 864 que
333 833 423 855 lamen
441 828 542 855 idcirco
555 829 632 863 prius
650 829 849 863 repudiandum
863 833 915 861 est,
928 828 1053 856 laudibus

266 860 339 902 enim
353 874 427 909 digni
442 877 515 904 sunt.
532 860 563 900 ut
573 874 611 901 ait
621 860 728 902 divinus
741 874 820 902 Pater
832 884 839 902 :
849 875 896 901 sed
911 874 1052 902 subeunda
1067 860 1089 889 Β

263 925 306 947 est
316 920 399 947 etiam
413 919 466 946 illis
476 927 557 954 poena
570 928 576 946 :
587 920 806 955 quandoquidem
818 925 845 947 et
855 919 901 946 Dei
915 923 1053 954 spectator

263 966 328 992 olim
347 965 440 992 Moses
459 969 642 992 revertentem
655 973 671 992 a
684 965 755 993 bello
768 965 977 992 Madianitarum
990 973 1053 992 cum

264 1013 377 1040 victoria
417 1011 547 1047 populum
578 1011 659 1038 Israel
690 1016 796 1047 septem
830 1011 926 1039 diebus
956 1012 1054 1039 castris

264 1058 392 1091 exclusit,
406 1065 422 1084 a
435 1058 490 1085 lico
505 1057 577 1084 baud
592 1057 674 1084 dubie
693 1061 843 1092 permotus.
864 1057 903 1084 sie
918 1056 1032 1092 loquens
1045 1066 1052 1084 ε

264 1104 355 1131 Omnis
369 1104 413 1139 qui
436 1103 560 1130 occiderit
580 1103 722 1134 hominem,
742 1102 782 1129 vel
795 1103 908 1129 occisum
929 1102 1053 1138 tetigerit,

266 1149 421 1176 (mirabitur
437 1149 481 1174 die
499 1148 576 1174 tertio
600 1151 624 1174 et
646 1147 768 1181 septimo,
790 1155 835 1174 vos
852 1151 877 1174 et
898 1147 988 1181 prmia
1009 1155 1055 1174 ve-

264 1199 321 1220 ura
332 1194 367 1220 ".
387 1192 466 1219 Unde
487 1192 623 1219 excitatus
642 1199 702 1219 mea
715 1191 824 1226 quidem
846 1191 982 1218 sententia
995 1197 1055 1218 ma-

267 1247 338 1275 gnus
355 1238 471 1266 Basilius
480 1239 514 1269 ",
534 1238 577 1265 vel
591 1238 681 1272 potius
695 1245 710 1264 a
731 1238 786 1264 Deo
806 1237 922 1270 aﬂlatus,
944 1237 1055 1264 triennii

266 1291 377 1319 poenam
408 1283 521 1318 irrogat,
544 1287 572 1310 et.
599 1283 680 1310 docet
705 1283 936 1317 quemadmodum
962 1282 985 1309 is
1008 1282 1056 1316 qui

266 1331 370 1364 irrogat
383 1328 534 1363 dispenset.
547 1327 716 1364 Contingens
729 1328 831 1363 quippe
845 1332 874 1355 et
886 1335 942 1355 non
957 1335 1055 1355 neces-

267 1375 350 1407 saria,
366 1382 415 1408 pro
432 1374 473 1402 rei
490 1374 623 1409 subjectae
639 1374 729 1406 modo,
748 1374 842 1401 talium
856 1373 986 1409 irrogatio
1002 1377 1054 1400 est.

268 1420 335 1448 Vale
357 1421 385 1447 in
415 1420 543 1453 Domino,
569 1419 607 1447 ﬁli
634 1419 672 1447 mi
701 1420 901 1452 desiderabilis,
934 1426 985 1455 pro
1012 1426 1056 1446 me

266 1470 412 1501 peccatore
435 1465 600 1500 deprecans,
619 1470 647 1493 et
669 1473 718 1501 pro
731 1473 764 1493 eo
778 1465 825 1500 qui
841 1471 868 1493 te
887 1473 941 1493 una
958 1466 1057 1493 salutat

267 1513 367 1540 dilecto
379 1512 435 1540 tilio
449 1520 521 1546 meo,
539 1513 624 1540 fratre
638 1517 730 1540 autem
744 1517 801 1545 tuo,
817 1512 959 1548 Gregorio.

472 1613 528 1640 Lll.
543 1628 578 1634 —
588 1613 712 1648 Philippo
724 1613 847 1640 diacono.

1103 235 1188 271 ρήθης
1205 236 1407 271 ἐτέρωθι,καθὰ
1421 237 1572 271 ὲσήμανας,
1583 237 1663 272 χαῖρε
1676 244 1683 252 ο
1699 237 1739 263 δτι
1754 237 1778 263 oi
1792 238 1895 271 στέφα-

1102 281 1141 308 νοί
1158 290 1205 308 σου
1219 282 1328 314 πλείους
1355 282 1513 309 πλέκονται.
1530 282 1585 308 Καὶ
1606 283 1631 308 εί
1660 283 1707 309 καὶ
1737 283 1866 314 Λεόντιος
1880 284 1895 309 ό

1101 327 1168 353 ποτὲ
1186 328 1326 363 μαθητὴς,
1349 327 1397 354 νῦν
1421 327 1450 354 δὲ
1472 327 1607 363 ἀρνητὴς,
1625 327 1821 362 ἠγουμενεύσει
1836 327 1894 354 τῶν

1101 373 1131 399 ὲν
1142 372 1184 405 οἷς
1199 371 1224 400 εἴ
1237 373 1449 409 κεκλεισμένας,
1466 373 1503 409 μὴ
1523 373 1680 408 Θαυμάσῃς·
1699 373 1796 408 καιρὸς
1810 374 1825 399 ὁ
1837 381 1894 399 πα-

1103 418 1158 454 ρὼν
1172 412 1366 454 μακροθυμίας
1379 418 1456 451 Θεοῦ,
1467 419 1515 445 καὶ
1530 419 1605 449 ὅπως
1616 419 1641 444 οἱ
1655 418 1761 453 δόκιμοι
1773 419 1893 452 φανῶσι,

1101 465 1150 491 καὶ
1163 464 1206 491 ἶνα
1218 464 1288 500 ἄρξῃ
1298 465 1313 491 ὁ
1328 465 1383 496 υἱὸς
1400 464 1507 500 Ταὸεὴλ
1527 464 1578 499 τῆς
1604 464 1740 500 Βηθλεέμ.
1756 464 1826 499 Περὶ
1844 464 1895 491 τοῦ

1102 509 1334 545 ἑξαγορεύσαντος
1346 510 1392 537 καὶ
1407 509 1591 545 αἰτησαμένου
1598 510 1628 536 τδ
1636 509 1785 544 ἐπιτίμιον,
1801 510 1895 541 καλῶς

1103 555 1230 582 δέδοται·
1248 555 1376 591 σύμφημι
1387 555 1417 582 δέ
1432 563 1472 581 σοι
1495 555 1599 581 εἰπόντι
1620 554 1706 589 αὐτῷ,
1734 555 1759 581 εί
1774 555 1813 590 μὴ
1828 555 1895 581 δού-

1102 600 1176 628 λοιτο
1198 601 1422 636 ἐπιτιμιάζεσθαι
1446 601 1475 627 ὲν
1500 600 1539 636 τῷ
1561 600 1666 627 κτένειν
1683 600 1809 635 ἐχθροὺς,
1826 600 1897 635 μηδὲ

1103 646 1264 682 ἀφιστάσθω
1277 646 1326 673 τοῦ
1337 646 1444 673 κτένεω
1456 654 1463 662 ³
1477 646 1523 672 καὶ
1536 646 1617 680 ἡμεῖς
1627 654 1659 680 γε
1675 646 1728 677 ἐξω
1746 646 1895 681 κρίματος.

1102 692 1135 718 Et
1153 691 1182 718 δὲ
1196 692 1283 718 ἕλοιτο
1297 691 1460 718 ὑποπίπτειν
1482 692 1539 723 τοῖς
1565 693 1615 727 τῆς
1634 691 1797 726 Ἐκκλησίας
1811 691 1897 717 κανό-

1104 746 1157 770 σιν,
1169 737 1199 764 ἓν
1214 738 1272 764 τοῖν
1298 737 1371 764 δυοῖν
1395 737 1505 773 αἱρετὸν
1521 737 1616 773 αὐτῷ’
1628 737 1645 772 ἢ
1660 737 1781 764 κτενόντι
1803 738 1895 763 ἐπιτι-

1105 783 1220 818 μᾶσθαι,
1234 783 1251 818 ἢ
1267 782 1305 818 μὴ
1318 783 1410 818 μένειν
1419 783 1629 818 ἀνεπιτίμητον.
1653 783 1708 810 Καὶ
1718 783 1748 809 οὺ
1756 782 1800 809 διὰ
1815 782 1897 809 τοῦτο

1103 830 1133 855 τὺ
1150 829 1257 864 πρῶτον
1285 828 1443 864 διαὸλητὲον
1459 837 1466 844 ·
1482 829 1601 856 ἐπαίνων
1628 828 1682 864 γὰρ
1704 828 1790 862 ἄξιοι·
1812 828 1850 860 ὡς
1882 829 1897 854 ό

1104 875 1174 906 θεῖός
1187 883 1253 910 φησι
1262 875 1358 910 Πατήρ
1369 882 1376 889 ·
1401 875 1470 902 ἀλλὰ
1491 875 1608 909 ληπτέον
1624 875 1716 905 αὐτοῖς
1730 874 1779 901 καὶ
1790 874 1822 901 τὸ
1836 875 1896 900 em-

1103 922 1194 957 τίμιον
1207 931 1214 938 ·
1227 921 1289 949 ἐπεὶ
1300 922 1348 949 καὶ
1361 921 1446 948 πάλαι
1467 921 1571 956 Μωσῆς
1582 923 1597 947 ὁ
1614 921 1732 955 Θεόπτης
1759 921 1897 955 ὑποστρέ-

1103 966 1194 1002 ψαντα
1215 966 1260 993 τδν
1292 965 1400 1001 Ἰσραὴλ
1422 967 1454 992 ἐκ
1479 965 1526 992 τοῦ
1557 965 1628 992 κατὰ
1649 965 1704 992 τῶν
1720 965 1896 992 Μαδιανιτων

1105 1011 1224 1046 πολέμου
1237 1011 1306 1047 μετὰ
1320 1012 1410 1047 νίκης,
1426 1011 1550 1046 ἀφορίζει
1573 1010 1627 1043 ἔξω
1645 1011 1695 1046 τῆς
1717 1011 1896 1045 παρεμϐολῆς

1105 1058 1175 1084 ἑπτὰ
1188 1058 1307 1093 ἡμέρας,
1332 1058 1365 1084 ἐκ
1389 1057 1458 1084 Θεοῦ
1471 1057 1594 1092 δηλονότι
1617 1057 1791 1093 κινούμενος,
1807 1057 1897 1091 λέγων

1104 1102 1202 1134 οὕτως·
1213 1102 1299 1135 Πᾶςό
1309 1102 1426 1130 ἀνελὼν
1441 1102 1559 1138 ψυχὴν,
1574 1102 1622 1129 καὶ
1648 1103 1819 1137 ἁπτόμενος
1843 1102 1898 1128 τοῦ

1105 1147 1301 1183 τετρωμένου,
1327 1148 1543 1182 ἁτ-νισθήσεται
1567 1147 1604 1182 τῇ
1621 1147 1716 1182 ἡμέρᾳ
1737 1147 1774 1181 τῇ
1799 1148 1897 1182 τρίτῃ,

1105 1193 1155 1221 καὶ
1168 1193 1206 1227 τῇ
1219 1193 1316 1228 ἡμέρα
1324 1193 1361 1228 τῇ
1372 1193 1495 1228 ἐϐδόμῃ,
1507 1193 1592 1228 ὑμεῖς
1608 1193 1659 1220 καὶ
1675 1193 1694 1226 ἠ
1703 1194 1899 1228 αιχμιιλωσία

1106 1239 1200 1274 ὑμῶν.
1220 1239 1303 1266 Ὅθεν
1320 1248 1366 1274 μοι
1382 1239 1455 1266 δοκεῖ
1470 1240 1484 1265 ὁ
1507 1240 1594 1274 μέγας
1615 1239 1754 1270 Βασίλειος
1766 1239 1899 1274 ἀφορμη-

1107 1285 1174 1317 θεὶς,
1189 1285 1289 1320 μᾶλλον
1302 1285 1330 1311 δὲ
1348 1284 1551 1317 θεοπνευσθεὶς,
1562 1285 1656 1312 δίδωσι
1669 1284 1699 1310 τὸ
1708 1284 1759 1319 τῆς
1773 1285 1901 1318 τριετίας

1107 1329 1257 1365 ἐπιτίμιον,
1271 1330 1318 1356 καὶ
1331 1329 1368 1360 ὡς
1383 1329 1416 1357 ἂν
1431 1330 1599 1364 οίκονομήση
1613 1330 1628 1355 6
1653 1329 1753 1360 διδούς.
1774 1328 1900 1363 Ἐνδεχο-

1108 1374 1176 1410 μένη
1189 1373 1243 1409 γὰρ
1255 1373 1303 1401 καὶ
1324 1373 1374 1401 οὐκ
1385 1375 1540 1409 ἀναγκαίως
1556 1374 1626 1401 κατά
1639 1375 1670 1401 τὸ
1687 1374 1815 1409 κείμενον
1829 1374 1900 1400 πάν-

1107 1429 1162 1452 τως
1176 1421 1193 1455 ή
1210 1419 1265 1446 τῶν
1282 1419 1412 1447 τοιούτων
1425 1420 1509 1452 δόσις.
1531 1420 1658 1456 Ἐῥρωσο
1678 1421 1707 1447 ὲν
1733 1420 1842 1456 Κυρίῳ,
1857 1420 1901 1446 uti

1109 1473 1161 1500 μου
1177 1464 1291 1500 meme,
1306 1465 1454 1501 εὐχόμενος
1477 1466 1543 1500 περὶ
1555 1465 1622 1501 ἐμοῦ
1646 1465 1693 1492 τοῦ
1718 1465 1900 1500 ἀμαρτωλοῦ,

1068 1525 1090 1556 C
1107 1511 1155 1537 καὶ
1166 1509 1549 1556 τοῦγσυμπροσαγορεὺοντός
1577 1519 1608 1538 σε
1632 1510 1775 1547 ἀγαπητοῦ
1801 1511 1900 1537 τέκνου

1108 1564 1170 1591 μου,
1189 1555 1236 1582 σοῦ
1253 1556 1281 1583 δὲ
1293 1556 1420 1590 ἀδελφοῦ,
1433 1557 1597 1592 Γρηγορίου.

1245 1610 1302 1638 ΝΒ.
1319 1626 1354 1632 -
1362 1612 1500 1644 Φιλίππῳ
1508 1612 1649 1645 Διακόνῳ.

268 1672 305 1698 De
322 1675 379 1697 voto
389 1672 490 1703 puellae,
505 1678 560 1702 quae
571 1677 661 1701 sponso
674 1673 810 1702 sgrotante
822 1669 1055 1724 voverzilsleumgm

1107 1667 1336 1723 ἐῖὶῐῗὲσὲίζτὶριὶαηιεὶ
1345 1673 1454 1701 aegrotus
1462 1671 1658 1701 convalesceret,
1670 1674 1766 1702 postea,
1788 1671 1831 1697 ubi
1841 1679 1901 1698 con-

978 1718 986 1730 ,
1002 1717 1131 1724 νν...........
1142 1717 1208 1723 ...,..,..
1215 1717 1219 1722 .
1227 1717 1254 1724 ..-

305 1757 364 1784 Noli
381 1756 548 1788 existimare,
566 1755 608 1783 vir
622 1759 726 1787 sancte,
743 1762 786 1781 me
802 1753 902 1781 ostium
917 1753 1056 1788 poeniten-

269 1802 314 1828 tite
329 1801 475 1832 claudere;
490 1799 702 1827 Novatianorum
716 1800 789 1826 enim
804 1799 830 1826 id
845 1799 985 1834 proprium
996 1803 1056 1831 est;

270 1847 319 1874 sed
335 1847 408 1873 nolle
426 1845 530 1880 peccati
545 1845 645 1872 ostium
663 1844 768 1879 aperire
780 1843 942 1871 volentibus.
958 1842 1057 1869 Annon

269 1892 344 1919 enim
375 1891 510 1926 ejusmodi
540 1894 583 1917 est
611 1890 684 1925 quod
708 1889 845 1924 prioribus
876 1888 975 1916 litteris
1004 1888 1058 1915 tuis

271 1936 418 1965 indicasti?
430 1936 550 1971 puellam
560 1943 621 1970 qua:
634 1941 728 1962 votum
744 1938 867 1967 voverat,
881 1941 921 1966 se,
934 1933 1058 1968 quamvis

271 1989 391 2017 sponsus
411 1980 627 2011 Convalesceret,
648 1979 758 2007 Christo
772 1983 921 2014 nupturam
937 1986 944 2005 :
958 1977 1058 2005 deinde

270 2031 415 2062 postquam
430 2033 446 2051 ε
471 2024 567 2052 morbo
583 2024 686 2058 ille‘est
708 2029 858 2056 recreatus,
879 2030 942 2050 cum
964 2029 1008 2054 eo,
1024 2021 1058 2048 ad

272 2069 432 2106 posterioris
457 2069 552 2104 sponsi
575 2072 775 2103 contemptum,
792 2067 914 2102 copulari
929 2067 1008 2099 velle.
1031 2071 1059 2094 et

271 2115 422 2143 remedium
437 2115 470 2142 ad
483 2115 509 2142 id
523 2122 657 2149 quaerere.
668 2113 833 2141 Rectissime
848 2113 932 2148 igitur
944 2119 1059 2146 respon-

271 2162 362 2189 dimus
379 2161 445 2193 tibi;
463 2168 514 2187 nec
528 2160 607 2187 aliter
620 2159 780 2194 responderi
798 2163 886 2194 potest
897 2158 932 2185 ab
950 2165 993 2190 eo,
1012 2157 1058 2192 qui

269 2216 303 2235 ea
325 2214 386 2242 quae
407 2206 441 2233 ad
461 2205 546 2232 Deum
567 2209 704 2240 spectant,
723 2205 884 2232 hominibus
900 2209 1057 2239 anteponat.

270 2253 339 2286 Quis
361 2252 436 2279 enim
459 2251 484 2278 ei
507 2258 617 2285 poenam
644 2250 756 2285 irroget,
784 2251 830 2286 qui
848 2251 982 2283 nondum,
1003 2250 1057 2278 nisi

268 2298 423 2330 voluntate,
446 2295 587 2331 peccavit?
607 2295 663 2322 Aut
682 2295 743 2330 quis
763 2295 885 2323 medicus
905 2299 969 2323 ante
987 2302 1060 2322 mor-

271 2344 337 2371 bum
352 2342 523 2370 curationem
540 2341 687 2375 adhibeat;
700 2349 732 2368 ac
746 2349 802 2369 non
818 2341 908 2376 potius
930 2349 945 2368 a
965 2341 1059 2368 morbo

1141 1752 1187 1788 Μὴ
1201 1753 1257 1779 οτου
1275 1760 1320 1788 με,
1337 1749 1360 1779 ὦ
1375 1752 1431 1788 ῑερὲ
1447 1753 1525 1789 ἆνερ,
1539 1752 1641 1780 κλείειν
1665 1753 1715 1790 τὴν
1730 1753 1822 1789 πύλην
1851 1755 1902 1790 τῆς

1108 1797 1272 1832 μετανοίας’
1302 1798 1484 1826 Νανατιανῶν
1514 1798 1569 1834 γὰρ
1594 1799 1625 1825 τὸ
1643 1798 1738 1834 ἔργον⁸
1763 1799 1836 1826 ἀλλὰ
1863 1801 1903 1835 μὴ

1108 1842 1252 1878 βούλεσθαι
1265 1843 1386 1877 ἀνοίγειν
1401 1843 1486 1879 θύραν
1499 1845 1549 1880 τῆς
1571 1845 1710 1881 ἁμαρτίας
1728 1847 1787 1877 τοῖς
1803 1845 1903 1882 βουλο-

1108 1889 1211 1924 μένοις.
1233 1890 1269 1916 Ἣ
1285 1889 1340 1925 γὰρ
1353 1890 1413 1925 οὐχὶ
1436 1889 1558 1917 τοιοῦτον
1582 1891 1652 1926 ὅπερ
1667 1891 1712 1918 διὰ
1728 1891 1785 1918 τῶν
1798 1892 1903 1927 προτέ-

1108 1942 1162 1970 ρων
1189 1942 1238 1961 σου
1251 1935 1425 1970 γραμμάτων
1446 1935 1619 1971 δεδήλωκας;
1648 1936 1678 1963 τὸ
1705 1937 1757 1972 τὴν
1785 1938 1904 1964 νεάνιδα

1107 1979 1259 2016 εὐξαμένην
1272 1980 1365 2016 εὐχὴν,
1393 1982 1418 2008 ει
1443 1981 1491 2008 καὶ
1507 1982 1697 2018 ἀναῤῥωσθείη
1713 1983 1727 2010 ό
1754 1984 1903 2019 μνήστωρ,

1108 2026 1297 2062 νυμφευθῆναι
1318 2026 1431 2063 Χριστῷ
1448 2034 1456 2042 ⁸
1471 2025 1532 2055 εἶτα
1544 2028 1639 2064 ἐπειδὴ
1655 2029 1810 2063 ἀνέσφηλεν
1826 2031 1906 2057 ἐκεῖ·

1108 2081 1164 2105 νος,
1181 2072 1329 2099 ἐθέλουσαν
1350 2072 1426 2108 αὺτῷ
1439 2073 1619 2109 συναφθῆναι,
1635 2074 1680 2101 ἐπ’
1704 2075 1835 2110 ἀθετήσει
1854 2076 1905 2103 τοῦ

1108 2117 1251 2152 δευτέρου,
1266 2118 1362 2152 ζητεῖν
1383 2119 1452 2154 πρὸς
1463 2119 1543 2146 τοῦτο
1556 2119 1637 2154 ἴαμα.
1650 2119 1789 2146 Κάλλιστα
1807 2122 1904 2148 τοίνυν

1109 2161 1301 2198 ἀπεκρίθημέν
1314 2171 1373 2189 σοι’
1387 2164 1436 2190 καὶ
1452 2164 1501 2199 οὐχ
1515 2161 1572 2191 οἷόν
1588 2172 1618 2190 τε
1632 2159 1721 2196 ἄλλως
1738 2165 1903 2193 ἀποδιδόναι

1108 2206 1196 2241 λόγον,
1211 2207 1256 2234 τδν
1271 2206 1424 2243 ἀνθρώπων
1438 2208 1473 2236 τὰ
1487 2208 1556 2236 Θεοῦ
1573 2209 1766 2244 προκρίνοντα.
1779 2209 1831 2241 Τίς
1849 2211 1902 2247 γὰρ

1110 2252 1143 2278 ἂν
1155 2252 1202 2278 καὶ
1215 2252 1274 2288 δοίη
1289 2252 1427 2288 ἐπιτίμιον
1442 2253 1481 2288 τῷ
1503 2252 1586 2289 μήπω
1617 2255 1803 2290 ἡμαρτηκότι,
1830 2257 1901 2292 πλὴι

1109 2297 1157 2323 τοῦ
1178 2297 1342 2332 βούλεσθαι;
1359 2299 1394 2325 Ἣ
1409 2299 1450 2330 τίς
1468 2299 1561 2334 ἰατρὸς
1579 2300 1631 2335 πρὸ
1649 2300 1728 2327 νόσου
1753 2303 1845 2335 μοτοί,
1859 2302 1900 2330 καὶ

1109 2341 1171 2377 οὐχὶ
1189 2342 1291 2377 μᾶλλον
1311 2342 1400 2378 εἴργει
1417 2343 1456 2379 μὴ
1486 2344 1648 2379 νοσηλεῦσαι
1669 2344 1715 2372 τὸν
1747 2345 1795 2371 ἐπὶ
1822 2347 1899 2373 τοῦτι

272 2391 365 2416 arceat
389 2395 452 2414 eum
474 2386 519 2421 qui
545 2393 577 2413 eo
597 2393 678 2413 ruere
702 2386 848 2413 videbatur
857 2386 898 2412 "‘I
918 2385 1055 2413 Medicinae

1111 2387 1244 2420 ῥέποντα;
1261 2387 1316 2414 Καί
1330 2396 1363 2421 γε
1381 2388 1503 2423 ἰατρείας
1516 2389 1590 2423 ὄρος,
1603 2389 1620 2424 ἢ
1645 2389 1694 2424 τὴν
1723 2389 1898 2424 ὑπάρχουσα

273 2434 407 2470 siquidem
432 2441 533 2461 munus
556 2437 609 2465 est,
633 2436 681 2459 aut
706 2437 868 2466 praesentem
894 2437 1058 2458 conservare

273 2481 429 2512 sanitatem,
443 2485 491 2507 aut
507 2479 647 2506 absentem
668 2485 805 2505 revocare.
824 2476 978 2504 Absurdum
995 2482 1060 2502 vero

273 2531 325 2560 est,
338 2527 459 2561 ignosce,
472 2525 597 2552 morbum
613 2523 659 2558 qui
672 2530 727 2551 non
747 2524 792 2554 sit,
808 2522 856 2550 sed
872 2522 963 2548 animo
975 2521 1061 2556 ﬁnga-

274 2578 330 2605 tur,
351 2577 479 2608 tanquam
495 2572 516 2598 si
543 2579 639 2598 revera
661 2574 744 2602 esset,
759 2576 854 2596 curare
870 2577 876 2594 :
893 2576 944 2595 nec
963 2567 1061 2595 medici

275 2619 301 2646 id
316 2626 396 2653 opus,
410 2617 458 2645 sed
470 2616 647 2648 cadaverarii,
662 2615 689 2642 in
705 2617 829 2641 morbum
845 2615 932 2648 ipsum
947 2614 974 2641 id
988 2613 1061 2648 quod

275 2664 371 2692 morbo
385 2663 515 2690 intactum
526 2661 617 2688 adhuc
628 2665 670 2688 est
682 2659 822 2694 impellere
834 2659 980 2686 molientis.
994 2658 1059 2686 Tale

276 2715 387 2744 prorsus
405 2707 503 2743 puellae
516 2705 656 2742 negotium
674 2703 825 2732 existimes.
846 2703 968 2731 Necdum
984 2703 1055 2736 dico,

311 2797 334 2813 τθ
345 2795 412 2823 Vide
426 2802 518 2830 supra,
534 2794 614 2830 epist.
630 2794 665 2822 45
679 2798 706 2822 et
718 2794 800 2830 infra,
818 2793 866 2821 lib.
877 2801 912 2830 ιι,
925 2793 1008 2828 epist.
1021 2792 1079 2830 3i._
1105 2792 1128 2809 "
1141 2792 1194 2822 lsa.
1211 2801 1262 2828 vn,
1279 2792 1306 2820 6.

551 2802 614 2856 ιὲιει.
630 2802 665 2822 ιο
679 2802 706 2822 et
718 2802 800 2827 Intra,
819 2802 866 2821 III).
881 2802 912 2826 ιι,
925 2802 1008 2828 epist.
1021 2802 1066 2820 οι.

574 2850 581 2863 ,
598 2830 628 2856 Η
640 2849 647 2862 ,
664 2830 707 2857 15.
745 2829 862 2858 "Cone.
877 2829 961 2857 Neoc.
975 2836 1036 2857 can.
1066 2828 1094 2855 ι.

278 2830 464 2865 Amphiloch.,
476 2837 538 2858 can.
553 2830 581 2863 8,
598 2830 628 2856 Η
640 2849 647 2862 ,
664 2830 707 2857 15.

1112 2431 1219 2465 ὑγίειαν
1231 2431 1425 2466 περιφυλάξαι,
1439 2432 1455 2468 ἢ
1468 2433 1517 2468 τὴν
1531 2433 1656 2461 ἀποῦσαν
1669 2434 1897 2464 ἀναγαλέσασθαι

1114 2477 1230 2511 Ἀλογον
1244 2477 1283 2509 δὲ,
1299 2477 1449 2512 σύγγνωθι,
1467 2478 1498 2505 τδ
1517 2479 1555 2514 μὴ
1579 2479 1629 2514 ήδη
1654 2479 1810 2514 παροῦσαν,
1836 2481 1896 2508 dini

1116 2521 1320 2558 μελετωμένην,
1336 2523 1471 2558 ἰατρεύειν
1485 2524 1523 2555 ὡς
1549 2521 1646 2550 οὖσαν·
1669 2524 1700 2550 οὑ
1716 2524 1772 2559 γὰρ
1798 2525 1895 2560 ἰατροῦ

1115 2566 1185 2593 ἀλλὰ
1199 2567 1393 2601 πτωματιστοῦ
1408 2568 1440 2594 τὸ
1453 2568 1555 2603 δρᾶμα,
1570 2568 1755 2603 ὑφελκομένου
1781 2577 1894 2604 προσεμ

1118 2611 1239 2647 παρῆναι
1254 2612 1294 2644 είς
1308 2612 1394 2644 πάθος
1417 2613 1482 2640 αὐτὸ
1510 2614 1540 2640 τὸ
1567 2614 1607 2640 ἔτι
1629 2613 1747 2644 ἀπαθές.
1773 2613 1893 2642 Τοιοῦτιι

1112 2657 1168 2684 οῐου
1184 2658 1231 2684 καὶ
1245 2658 1338 2693 τὸτῆς
1364 2659 1471 2691 παιδός.
1502 2660 1558 2687 Καὶ
1578 2659 1655 2686 οὔπω
1677 2659 1761 2694 λέγω,
1790 2659 1834 2686 ὅτι
1863 2666 1892 2689 aq

1110 2704 1141 2730 τδ
1166 2704 1272 2738 ἀγαθόν
1286 2713 1313 2732 τι
1332 2705 1518 2741 ἐνθυμηθῆναι
1534 2714 1614 2739 τινα,
1635 2705 1673 2742 μὴ
1684 2705 1765 2733 τοῦτο
1783 2706 1827 2737 τίς
1858 2707 1891 2735 πί

1364 2793 1386 2810 "
1397 2792 1477 2822 Num.
1492 2801 1568 2829 un,
1591 2794 1635 2822 15.
1683 2795 1706 2811 ⁷⁸
1716 2793 1748 2822 In
1764 2793 1855 2829 Epist.
1875 2802 1889 2823 I
