1926 3078
59 109 125 141 1101

670 85 945 137 EPIS’I‘OLARUM
957 103 1033 133 LIB.
1055 102 1080 132 1.

1627 99 1694 132 11οῖ

57 175 106 201 ρας
132 165 248 199 ἄγοντα,
263 164 375 200 ὑφέξειν
402 165 502 201 κρῖμα,
515 163 589 192 καθὰ
599 164 614 191 ὁ
629 163 700 196 θεῖος
713 163 853 194 Βασίλειος

907 160 986 187 etiam
1006 166 1081 191 eum,
1103 158 1148 193 qui
1165 157 1230 185 boni
1254 157 1356 192 aliquid
1371 157 1508 193 cogitarit,
1530 157 1552 185 si
1569 159 1604 185 ad
1625 158 1693 185 elle-

55 211 210 246 διωρίσατο.

97 295 232 323 Ὲνταῦθα
255 295 285 322 δὲ
297 295 377 323 οἱονεὶ
392 296 438 323 καὶ
464 295 544 331 ἔργον
559 295 699 331 προῦϐηκε
725 295 756 322 τὸ
787 294 850 330 Bou-

57 343 150 369 λευθὲν
163 343 208 369 διὰ
216 342 269 377 τῆς
276 343 412 378 αἰτήσεως
419 343 465 369 καὶ
475 342 552 373 θείας
570 342 734 375 συντάξεως.
741 341 848 368 Φείδοι-

59 389 104 415 σθε
131 389 190 421 οὖν,
207 385 231 416 ὦ
245 388 413 424 φιλούμενοι,
436 389 471 415 τὰ
484 388 599 416 τοιαῦτα
615 382 725 420 παίζειν
743 395 750 403 ·
764 387 849 415 ἀκού-

57 444 132 466 οντες
144 435 191 461 τοῦ
206 435 333 469 λέγοντος
346 443 354 450 ⁸
375 435 504 469 Ἀγαθὸν
514 435 558 470 μὴ
570 435 728 468 εὔξασθαι,
756 434 777 468 ἢ
797 434 848 461 εὔ-

58 482 167 512 ξασθαι
184 481 234 507 καί
245 480 289 515 μὴ
305 480 483 509 ἀποδοῦναι.
496 496 532 501 -
551 481 626 515 οὐχὶ
638 481 734 516 μένον
761 480 850 515 ἔμενέ

57 534 115 558 σοι,
129 527 215 562 φησί;
242 527 273 554 Τί
286 526 331 553 ὅτι
346 527 468 560 ἐψεύσω
484 526 526 559 τῷ
540 527 691 561 Πνεύματι
706 525 746 558 τῷ
757 526 849 561 ἀτίῳ;

57 572 112 599 Καὶ
125 572 156 598 τὸ
173 571 239 606 ἑξῆς
251 572 368 606 πάρειμι
385 571 429 597 διὰ
442 571 473 597 τὸ
490 570 644 606 δύσφημον.
659 571 714 598 Καὶ
741 571 791 606 οὐχ
806 570 849 597 ὅτι

56 617 305 652 καταφρονητικῶς
318 617 372 652 ἐχω
387 617 437 652 τῆς
452 617 546 649 παιδός
562 625 570 633 ’
588 617 715 652 φείδομαι
730 617 785 652 γὰρ
799 617 850 644 au-

56 663 116 697 τῆς,
134 663 173 694 ὡς
188 664 239 697 τῆς
255 663 341 698 κόρης
358 671 410 697 μου
426 662 474 689 τοῦ
494 662 635 697 ὀφθαλμοῦ
646 671 653 677 ·
669 663 716 689 καὶ
736 663 770 690 δι’
784 663 850 689 ἐαυ-

56 707 105 743 τὴν
119 708 272 742 ἐφιεμένην
290 708 323 734 ἐκ
337 707 385 742 τῆς
399 707 539 739 εὐτελείας
555 716 606 743 μου
623 707 824 744 θεραπεύεσθαι
840 717 847 724 ·

56 753 104 779 καὶ
122 753 169 780 διὰ
186 753 237 789 τὴν
257 753 357 788 κυρίαν
372 753 422 788 τὴν
446 753 565 789 μητέρα,
583 754 617 789 ἢν
636 754 708 781 σέϐω
725 755 774 782 καὶ
800 763 850 781 πε-

57 799 157 834 ριέπω,
172 799 211 830 ὡς
224 798 275 835 τὴν
290 799 360 835 ἐμὴν
375 799 451 826 ὁσίαν
468 800 593 835 μητέραο
621 799 690 827 ἀλλὰ
715 801 747 826 τὸ
763 801 850 835 κρῖμα

903 212 978 235 ctum
1005 214 1062 234 non
1089 206 1240 242 perducat,
1267 204 1374 240 judicio
1396 211 1492 240 poenas
1519 204 1693 237 subiturum,

902 252 1132 289 quemadmodum
1151 259 1167 278 a
1183 250 1276 278 divino
1288 249 1388 278 Basilio
1403 254 1446 278 est
1459 250 1614 278 deﬁnitum.

939 298 990 325 llic
1018 305 1085 325 vero
1109 297 1192 324 etiam
1222 303 1292 331 opus
1316 295 1518 330 quodammodo
1543 296 1694 330 processit,

903 344 1088 372 deliberatum
1112 350 1161 378 per
1175 342 1386 378 postulationem
1410 341 1588 376 divinamque
1611 350 1695 376 spon—

904 391 1020 418 sionem.
1037 389 1144 417 Parcite
1166 389 1261 424 igitur,
1285 387 1466 421 dilectissimi,
1489 388 1517 415 in
1542 389 1624 415 rebus
1645 389 1697 416 liu-

902 437 1023 473 jusmodi
1041 436 1137 464 ludere
1152 445 1158 463 :
1174 435 1318 463 audientes
1333 435 1410 462 illum
1428 435 1475 470 qui
1493 429 1561 462 dicit
1577 445 1584 462 :
1600 435 1696 462 Melius

904 487 942 510 eat
958 490 1010 510 non
1024 490 1125 513 vovere,
1142 489 1223 516 quam
1241 485 1299 516 post
1313 484 1401 507 votum
1416 481 1547 514 promissu
1568 488 1619 507 non
1636 481 1682 507 red
1689 495 1696 500 -

903 530 964 557 dere
989 530 1022 555 ⁷⁵.
1038 543 1072 549 -—
1089 527 1185 554 Nonne
1211 534 1320 553 manens
1346 525 1393 553 tibi
1419 526 1561 559 manebat,
1591 525 1698 560 inquit?

903 583 986 610 quare
1001 575 1125 601 mentitus
1141 581 1167 600 es
1180 572 1293 607 Spiritui
1305 571 1448 599 sancto"?
1464 571 1497 599 Et
1513 571 1586 606 quod
1603 570 1697 606 sequi-

904 623 958 653 tur,
978 618 1102 646 horroris
1122 625 1204 645 causa
1224 615 1413 652 praetermitto.
1435 615 1530 650 Neque
1551 616 1610 643 haec
1624 616 1697 647 dico,

904 665 978 700 quod
993 664 1113 699 puellam
1126 669 1274 698 asperner;
1291 669 1374 697 parco
1390 661 1464 689 enim
1480 661 1528 694 illi,
1543 666 1574 689 ιιι
1589 662 1697 696 pupillae

903 711 976 739 oculi
1001 710 1055 738 mei
1073 720 1080 738 :
1097 714 1156 737 tum
1171 710 1258 744 ipsius
1277 715 1370 742 causa,
1386 716 1449 736 cum
1469 716 1485 735 a
1507 709 1697 736 mediocritate

904 764 964 783 mea
980 760 1094 790 exoptet
1109 754 1273 787 remedium,
1289 758 1347 781 tum
1367 753 1489 781 Dominae
1505 754 1600 781 matris
1613 761 1696 788 quam

903 809 1022 830 veneror
1035 806 1062 829 CI.
1076 801 1137 829 COIO
1151 805 1279 835 tanquam
1300 804 1422 827 sanctam
1443 804 1559 827 matrem
1581 808 1670 827 meam
1688 810 1694 827 ἰ

56 843 202 876 δεδοικὼς,
225 843 240 869 ὂ
254 844 409 879 παρασταίη
424 843 454 870 ὲν
480 844 573 879 ἡμέρα
604 844 722 879 κρίσεως
747 845 853 880 ἑκάστῳ

907 847 954 874 sed
968 846 1102 882 judicium
1124 845 1319 877 reformidans,
1336 845 1408 880 quod
1433 845 1462 872 in
1479 845 1523 872 die
1536 845 1630 880 judicii
1653 853 1698 881 pa-

56 890 95 926 τῷ
118 899 149 917 τε
159 889 300 925 ἐρωτῶντι
332 890 381 917 καὶ
405 889 445 925 τῷ
479 889 689 925 ἀποκρινομένῳ
714 890 773 922 ’ὡς
807 891 856 917 ἐκ-

57 936 191 970 φευκτέον
208 936 292 970 μέχρι
307 935 354 962 καὶ
367 935 453 970 ἀργοῦ
482 935 530 961 τοῦ
561 936 690 970 τυχόντος
719 937 854 972 ῥήματος,

62 982 99 1018 μὴ
124 981 224 1008 δώσειν
238 982 313 1016 ἡμᾶς
328 981 406 1014 λόγον
423 980 463 1016 τῷ
477 981 620 1016 ἀδεκάστῳ
631 984 725 1017 κριτῇ.
749 983 781 1009 El
803 982 854 1018 μὲν

56 1025 103 1053 οὖν
119 1027 205 1061 μήπω
220 1026 348 1057 ἔζευκται
362 1026 378 1060 ἡ
395 1025 486 1056 νεᾶνις
498 1045 506 1057 ,
528 1027 542 1052 ὁ
563 1027 646 1058 αὐτὸς
665 1027 732 1062 ἡμῖν
760 1027 851 1062 λόγος,

57 1072 105 1098 καὶ
115 1072 167 1098 οὐκ
185 1071 266 1102 ἄλλος
288 1070 410 1098 ἐναντίον
425 1070 494 1097 Θεοῦ
513 1072 560 1098 καὶ
574 1071 726 1107 ἀνθρώπων
742 1081 749 1088 ·
762 1072 791 1100 ὃν
806 1073 853 1100 καὶ

57 1119 131 1153 ὑμᾶς
145 1117 322 1144 εὐλαϐεῖσθαι
335 1115 434 1152 χρεών.
460 1117 492 1143 Ει
509 1117 539 1143 δὲ
574 1118 766 1151 συνέζευκται,
797 1118 849 1153 φεῦ

55 1163 105 1198 τῆς
121 1163 194 1198 ἐμῆς
209 1163 400 1198 ταλαιπωρίας
415 1162 422 1190 l
439 1162 588 1198 δηλωτέον,
606 1163 654 1190 κα)⁸
677 1164 740 1191 τότε
765 1164 851 1191 δώσο-

57 1218 108 1244 μεν
125 1209 158 1235 τὺ
174 1208 313 1243 ἐπιτίμιον
327 1216 334 1223 ·
352 1208 430 1235 οὐδὲν
441 1209 496 1243 γὰρ
512 1208 702 1244 ἀθεράπευτον
726 1212 784 1243 τοῖς
811 1212 853 1238 ία-

55 1256 140 1290 θῆναι
153 1255 338 1290 βουλομένοις.

56 1355 122 1382 NI".
136 1370 172 1376 -—
181 1356 531 1392 Etegcdrmldrarrtbo'tn,
547 1358 597 1385 καί
614 1359 677 1392 τοῖς
688 1358 750 1386 σὺν
759 1357 850 1391 αὐτῷ.

410 1403 503 1440 [σνθ’.]

904 897 995 920 ratum
1009 897 1051 920 est
1066 892 1215 926 unicuique
1227 896 1255 918 et
1269 891 1450 927 interroganti
1461 895 1489 918 et
1501 892 1696 927 respondenti;

903 939 975 974 quod
1000 945 1052 966 nec
1074 937 1265 973 subterfugere
1287 937 1362 970 licet,
1385 937 1533 972 quominus
1557 945 1643 972 usque
1662 939 1696 965 ad

903 985 1044 1021 quodlibet
1070 985 1185 1012 verbum
1214 984 1334 1012 otiosum
1367 985 1503 1012 rationem
1537 985 1697 1020 incorrupto

901 1031 987 1067 judici
1006 1031 1198 1058 reddamus".
1215 1030 1318 1063 Quare,
1342 1030 1364 1057 si
1387 1031 1477 1066 puella
1497 1030 1619 1058 nondum
1639 1039 1697 1057 ma-

904 1075 1034 1103 trimonio
1050 1081 1093 1104 est
1104 1076 1263 1111 conjuncta,
1284 1076 1337 1103 hoc
1356 1076 1444 1111 ipsum
1461 1076 1578 1104 dicimus
1596 1081 1623 1104 et
1639 1084 1695 1103 non

905 1122 980 1149 aliud
1000 1129 1092 1149 coram
1109 1122 1165 1149 Deo
1188 1127 1216 1149 et
1233 1121 1402 1155 hominibus,
1420 1122 1492 1157 quod
1510 1126 1538 1149 et
1559 1129 1609 1150 vos
1625 1122 1696 1157 aequi

904 1167 1028 1202 bonique
1048 1167 1195 1195 consulere
1219 1171 1338 1202 oportet.
1365 1166 1413 1194 Sin
1439 1171 1530 1194 autem
1552 1167 1608 1202 jam
1628 1174 1697 1194 con-

901 1214 998 1248 juncta
1017 1217 1070 1246 est,
1098 1221 1115 1240 ο
1140 1213 1330 1241 infelicitatem
1355 1214 1461 1241 meam!
1486 1213 1696 1248 significandum

905 1264 957 1290 est,
974 1262 1001 1286 et
1015 1263 1081 1286 tunc
1096 1266 1204 1293 poenam
1228 1259 1405 1295 injungemus
1421 1268 1427 1285 :
1443 1259 1513 1286 nihil
1533 1259 1607 1287 enim
1623 1260 1698 1288 insa-

909 1305 1000 1332 nabile
1016 1309 1058 1331 est
1076 1304 1110 1331 iis
1121 1304 1170 1339 qui
1186 1305 1275 1332 sanari
1292 1305 1398 1333 volunt.

961 1360 1027 1389 LIII.
1042 1377 1077 1382 —
1091 1360 1225 1396 Stephano
1246 1362 1346 1395 lectori,
1364 1367 1389 1389 et
1404 1362 1438 1388 iis
1453 1363 1495 1389 cui
1515 1370 1574 1389 cum
1587 1363 1644 1390 illo.

434 1460 484 1485 Cur
493 1467 506 1484 a
519 1460 612 1485 Tarasil
623 1461 796 1485 communione
809 1459 964 1486 abstinuerit.
981 1460 1083 1491 (Baron.
1096 1466 1136 1484 an.
1149 1459 1204 1490 809,
1218 1467 1243 1484 n.
1260 1460 1312 1491 45.)

95 1514 255 1549 Γράμματα
268 1513 404 1549 ἐδεξάμην
430 1514 480 1549 τῆς
511 1514 640 1549 θεοζήλου
657 1515 768 1550 ἀγάπης
788 1522 835 1541 σου
847 1521 853 1528 '

943 1514 1043 1548 Accepi
1067 1513 1172 1541 litteras
1190 1513 1274 1541 Deum
1294 1514 1449 1542 aemulantis
1465 1514 1608 1543 cltaritatis
1625 1520 1676 1543 tua-
1691 1525 1697 1542 :

56 1562 94 1596 τῇ
111 1561 162 1596 μὲν
175 1561 318 1595 ἐπιγραφῇ
333 1560 363 1593 ἐξ
379 1559 438 1591 ἑνὸς
451 1579 458 1592 ,
474 1561 508 1595 τῇ
524 1559 552 1586 δὲ
566 1559 681 1594 δυνάμει
705 1561 738 1586 ὲκ
763 1559 857 1594 διαφό-

58 1615 116 1642 ρων
133 1605 291 1640 προσώπων
314 1605 516 1640 ἐπεσταλμένα.
545 1606 608 1633 Εἴτε
632 1606 698 1640 γοῦν
723 1605 753 1639 ἐξ
784 1606 854 1637 ἐνὸς,

58 1653 116 1678 εἴτε
137 1652 171 1678 ἐκ
187 1651 329 1684 πλειόνων,
355 1650 497 1686 ὀφειλέτης
522 1651 580 1685 εἰμὶ
608 1650 768 1686 ἐρωτηθεὶς,
795 1650 856 1676 καθ’

58 1698 122 1725 ὅσον
136 1695 194 1724 οἶόν
209 1706 240 1723 τε
253 1698 286 1733 τῇ
312 1697 418 1732 ἀμαθίᾳ
435 1705 501 1731 μου,
519 1696 660 1730 ἀξιόλογον
673 1696 724 1732 τὴν
741 1696 857 1731 ἀπόκρι-

60 1753 105 1770 σιν
121 1743 286 1770 ἁποδοῦναι.
302 1743 415 1769 .Ἐκεῖνο
432 1743 461 1769 δέ
479 1751 524 1778 μοι
541 1743 661 1777 πρῶτον,
675 1742 716 1768 ὅτι
734 1738 771 1769 ὧν
786 1750 855 1768 κατ-

58 1789 209 1825 επᾳδὸμην
241 1788 318 1823 παρὰ
340 1789 390 1824 τῆς
417 1788 610 1824 πολυυμνήτου
641 1787 764 1822 γλώττης
797 1796 856 1819 σου,

58 1837 136 1869 ξένος
155 1836 212 1871 ἐγὼ
228 1835 349 1863 ἐπαίνων
364 1835 528 1871 ἁμαρτωλὸς
545 1835 689 1871 ὑπάρχων,
708 1835 755 1862 καὶ
769 1834 857 1861 ἀκατ-

56 1883 184 1918 όρθωτον
211 1883 257 1910 τὸν
271 1882 329 1917 βίον
344 1882 526 1918 κεκτημένος.
541 1881 611 1908 Είδέ
629 1891 656 1908 τι
671 1882 777 1916 γέγονε,
788 1881 856 1908 Θεοῦ

56 1930 88 1956 τὸ
103 1929 204 1964 δῶρον,
215 1928 260 1956 διὰ
288 1929 337 1964 μὲν
350 1930 401 1964 τῆς
433 1927 481 1954 τοῦ
507 1927 690 1963 γεννήσαντὸς
717 1936 750 1962 με
777 1926 858 1953 πνεύ-

58 1984 125 2010 ματι
143 1974 255 2010 Πατρδς
271 1974 486 2010 κεχαρισμένον,
514 1974 549 2000 δι’
566 1973 644 2008 ὑμῶν
662 1973 691 2000 δὲ
723 1973 778 1999 τῶν
808 1973 858 2007 τῆς

59 2021 207 2052 εὐσεϐείας
222 2021 346 2056 ἐραστῶν
363 2020 502 2055 ἱκετηρίας
517 2020 584 2055 πρὸς
614 2019 645 2046 τὺ
666 2011 739 2054 ηὲξῆς
768 2019 856 2055 φυλα-

58 2067 232 2102 χθησόμενον
251 2067 422 2101 ἀπήμαντον.
447 2065 579 2100 Δεύτερον
595 2066 645 2092 οὐκ
657 2062 705 2092 οἶδ’
720 2066 796 2096 ὃπως
809 2064 858 2099 τὴν

59 2112 213 2148 ἐξηγορίαν
229 2113 399 2147 ποιήσομαι·
414 2111 452 2146 μὴ
468 2110 602 2146 εὐκρινῶς
617 2110 801 2146 προαχθείσης
809 2110 858 2145 τῆς

59 2158 199 2189 πεύσεως.
218 2157 310 2188 Ὀλως
340 2157 370 2183 τὸ
394 2157 560 2192 ζητούμενον
579 2157 618 2188 είς
648 2156 785 2191 Ταράσιον
811 2155 858 2182 τὸν

58 2203 312 2240 πατριαρχήσαντα
334 2203 527 2238 περιίστασθαι
543 2202 767 2237 ὑπολελόγισμαι.
784 2201 854 2235 Ἐγὼ

59 2251 111 2285 μὲν
125 2247 174 2276 οὖν
202 2249 250 2276 καὶ
279 2247 401 2275 ἔκπαλαι
430 2248 495 2284 περὶ
521 2247 569 2274 τοῦ
592 2247 775 2282 προταθέντος
806 2247 857 2273 οὐκ

58 2294 172 2330 ἀμελῶς
187 2294 279 2329 ἔσχον,
294 2293 380 2320 πολλὰ
407 2293 574 2329 συντραφεὶς
609 2294 638 2319 ἐν
659 2291 781 2328 ἐμαυτῷ,
810 2292 857 2318 καὶ

58 2340 263 2376 ἀναθεωρήσας
278 2339 332 2366 τῶν
352 2340 526 2374 πραγμάτων
559 2339 609 2371 τὰς
639 2339 778 2371 ἐκϐάσεις.
801 2339 858 2365 Καὶ

62 2388 158 2420 μέντοι
174 2387 223 2413 καὶ
239 2385 304 2417 τοὺς
317 2385 388 2422 ὑπὲρ
403 2386 451 2412 τοῦ
481 2385 565 2412 καλοῦ
580 2385 785 2421 ἐνισταμένους,
810 2384 857 2411 καὶ

59 2433 169 2464 πολλοῖς
179 2432 287 2468 χρόνοις
299 2431 540 2468 τληπαθήσαντας,
551 2433 579 2458 ἐν
588 2432 692 2466 ἐπαίνῳ
704 2432 752 2458 καὶ
762 2430 858 2458 ἀποδο-

61 2480 107 2514 χῆς
116 2478 192 2513 λόγῳ
202 2478 258 2513 ἔχω
270 2486 277 2492 ·
285 2479 316 2504 οὐ
327 2479 380 2513 μὴν
390 2478 575 2511 παντάπασιν,
591 2478 629 2509 ὼς
640 2477 768 2512 δηλώσων
781 2477 859 2512 ἐρχο-

62 2535 121 2560 μαι,
133 2525 221 2552 καὶτὸ
230 2524 586 2560 κτήσασθαιὸμογνώμονας
593 2523 716 2558 ἐφίεμαι.
730 2523 792 2554 Πῶς
801 2523 856 2558 γὰρ

59 2571 101 2604 οὔ,
118 2569 301 2606 τηλικούτους
323 2569 467 2605 ἀνδρικοὺς
486 2569 530 2595 ἐπ’
545 2568 689 2604 εὐσεϐείᾳ,
706 2567 832 2602 δεδειγμέ
846 2582 858 2587 -

58 2626 122 2649 νους
135 2625 144 2650 ;

100 2663 186 2691 Ἀλλὰ
201 2662 273 2698 μετὰ
286 2661 335 2689 τοῦ
349 2663 399 2698 τῆς
413 2662 543 2698 ἀληθείας
558 2661 639 2696 λόγου
652 2682 659 2694 ,
677 2661 725 2688 καὶ
746 2660 796 2695 τῆς
816 2660 859 2686 ἒν-

58 2708 213 2744 saxeam—,4
236 2708 284 2734 καὶ
309 2708 502 2743 προσηκούσης
524 2708 676 2743 δυνάμεως.
705 2705 859 2740 Τοιγαροῦν

59 2751 112 2781 ὧδε
135 2755 240 2790 φαίημι
257 2763 265 2771 ·
291 2754 324 2781 Τί
342 2755 372 2781 τὸ
393 2754 446 2789 τὴν
460 2755 593 2789 διαφορὰν
623 2753 691 2790 πρὸς
721 2752 858 2788 Ταράσιον

98 2810 121 2826 ⁷⁵
132 2809 227 2838 Eccle.
241 2819 265 2842 v,
284 2811 311 2837 4.
350 2811 372 2826 ⁷⁸
382 2811 442 2838 Act.
463 2819 488 2843 ν,
503 2811 529 2843 ’5,
546 2811 572 2837 4.
611 2811 631 2826 ⁷⁷
645 2810 740 2837 Matth.
758 2818 806 2842 χιι,
827 2810 872 2836 56.

907 1559 1087 1594 inscriptione
1111 1559 1222 1594 quidem
1253 1565 1383 1594 tanquam
1408 1560 1443 1587 ab
1467 1567 1538 1594 uno;
1563 1562 1698 1588 sententia

908 1612 975 1632 vero
989 1609 1119 1638 tanquam
1134 1612 1148 1630 a
1160 1604 1278 1632 diversis
1291 1605 1402 1632 missas.
1417 1604 1480 1632 Sive
1492 1605 1574 1641 igitur
1584 1606 1619 1633 ab
1631 1615 1697 1638 uno,

907 1650 965 1677 sive
983 1657 998 1676 a
1021 1649 1162 1684 pluribus,
1177 1649 1264 1676 debeo
1281 1649 1478 1685 interrogatus,
1498 1651 1588 1686 quoad
1612 1651 1698 1686 impe-

907 1696 970 1723 ritia
999 1703 1060 1723 mea
1088 1700 1196 1730 potest,
1229 1696 1509 1731 congruentissimum
1536 1705 1698 1732 responsmn

906 1741 982 1767 dare.
998 1740 1121 1767 Primum
1137 1747 1202 1775 ergo
1215 1740 1316 1775 quibus
1338 1747 1381 1768 me
1394 1741 1581 1771 .Zceleberrima
1607 1742 1698 1778 lingua

909 1790 954 1812 tua
977 1785 1104 1812 laudibus
1121 1786 1274 1818 exornavit,
1298 1785 1333 1812 ab
1356 1785 1390 1812 iis
1410 1793 1461 1821 ego
1478 1786 1557 1822 longe
1579 1793 1701 1815 remotus

907 1838 979 1862 sum,
1005 1838 1068 1858 cum
1085 1834 1213 1866 peccator
1229 1831 1293 1864 sim,
1321 1835 1350 1858 et
1375 1831 1458 1858 vitam
1484 1838 1562 1866 agam
1587 1833 1700 1859 minime

908 1877 1083 1905 laudabilem.
1101 1877 1129 1904 Si
1146 1877 1211 1912 quid
1234 1882 1325 1904 autem
1343 1877 1370 1904 in
1390 1885 1433 1905 me
1454 1883 1506 1911 est,
1523 1878 1575 1906 hoc
1591 1878 1637 1906 Dei
1653 1879 1702 1906 do-

909 1931 974 1950 num
993 1928 1045 1955 est,
1064 1923 1125 1957 ejus
1141 1923 1187 1958 qui
1205 1930 1248 1950 me
1271 1923 1371 1958 spiritu
1396 1923 1491 1958 genuit
1505 1922 1594 1951 Patris
1611 1924 1700 1958 preci-

908 1968 960 1995 bus
978 1968 1123 2000 tributum,
1138 1969 1211 2003 quod
1235 1973 1262 1995 et
1281 1968 1380 1996 vestris
1395 1968 1441 2003 qui
1460 1968 1587 2003 pietatem
1610 1970 1700 1996 colitis

909 2014 1156 2049 supplicationibus
1170 2014 1305 2049 integrum
1321 2014 1454 2049 deinceps
1468 2016 1699 2043 conservandum.

909 2060 1012 2087 Deinde
1044 2068 1099 2095 quo
1124 2065 1202 2095 pacto
1242 2060 1421 2094 respondeam
1446 2061 1550 2094 nescio,
1584 2062 1701 2089 interro-

910 2106 1017 2142 gatione
1033 2106 1105 2133 haud
1130 2108 1196 2133 satis
1219 2111 1311 2140 aperte
1327 2107 1473 2141 explicata.
1490 2106 1607 2136 Omnino
1626 2116 1700 2144 quat-

910 2154 1027 2180 stionem
1045 2152 1078 2180 ad
1105 2151 1249 2179 Tarasium
1277 2152 1342 2179 olim
1359 2153 1544 2188 patriarcham
1563 2155 1702 2189 pertinere

909 2199 1024 2234 eonjeci.
1046 2198 1182 2233 Equidem
1207 2199 1258 2226 hac
1283 2199 1317 2226 de
1335 2206 1364 2225 re
1380 2199 1519 2234 proposita
1538 2199 1699 2234 jamdudmn

907 2253 962 2273 non
979 2246 1039 2272 sine
1055 2252 1121 2272 cura
1146 2244 1198 2277 fui,
1223 2245 1310 2272 multa
1333 2253 1440 2272 mecum
1467 2246 1559 2273 animo
1576 2254 1700 2278 versans,

907 2296 935 2318 et
952 2291 998 2325 qui
1014 2290 1125 2318 futurus
1151 2296 1224 2319 esset
1249 2299 1342 2318 rerum
1367 2296 1484 2319 eventus
1508 2292 1698 2319 considerans.

908 2337 976 2364 Nam
1000 2344 1049 2364 eos
1062 2341 1147 2369 certe,
1164 2337 1210 2372 qui
1230 2345 1282 2372 pro
1309 2342 1384 2365 recto
1398 2338 1585 2371 decertarunt,
1609 2341 1637 2365 et
1651 2338 1700 2366 diu

908 2383 1001 2418 gravia
1016 2383 1140 2418 perpessi
1156 2388 1231 2415 sunt,
1253 2391 1420 2418 magnopere
1436 2384 1519 2412 laudo
1536 2388 1564 2411 et
1579 2385 1701 2420 comple-

909 2434 1062 2456 ειυς-ιιιοη
1090 2433 1184 2456 tamen
1214 2436 1422 2464 usquequaque,
1449 2434 1480 2457 ut
1510 2438 1572 2458 mox
1600 2431 1699 2462 dicam,

908 2473 1113 2500 consentientes
1126 2480 1174 2500 eos
1187 2473 1289 2501 habere
1300 2474 1391 2501 velim.
1403 2474 1503 2507 Quidni
1516 2479 1608 2502 autem
1618 2475 1629 2501 ?
1639 2482 1700 2502 cum

909 2520 978 2546 adeo
993 2523 1120 2546 strenuos
1134 2526 1163 2547 se
1178 2527 1228 2554 pro
1241 2520 1344 2554 pietate
1357 2520 1536 2554 praebuerint.

946 2661 998 2690 Sed
1015 2666 1106 2690 tamen
1126 2670 1188 2691 cum
1205 2663 1328 2691 veritatis
1344 2663 1440 2695 verbo,
1453 2667 1481 2691 et
1491 2668 1629 2699 quatenus
1643 2664 1701 2692 ﬁeri

909 2708 972 2735 licet
988 2713 1016 2736 et
1029 2709 1168 2736 convenit.
1183 2709 1220 2736 Ut
1239 2716 1304 2744 ergo
1316 2709 1348 2736 ad
1363 2716 1421 2736 rem
1437 2710 1558 2741 veniam,
1577 2717 1701 2744 quaenam

910 2762 993 2782 causa
1005 2754 1056 2782 fuit
1069 2762 1117 2783 cur
1133 2763 1148 2782 a
1165 2754 1278 2782 Tarasio
1293 2755 1526 2783 dissenserimus?
1542 2755 1638 2784 Fides?
1653 2756 1698 2782 Λι-
