1926 3078
239 141 307 173 1103

829 139 860 168 S.
877 136 1075 167 THEODORI
1095 135 1269 167 STUDITIE

1793 133 1859 165 1104

238 199 283 233 qui
301 198 389 233 palam
404 197 512 233 quidem
527 195 697 223 orthodoxus
709 200 776 228 erat,
793 202 886 222 sacras
902 194 1029 230 synodos-

1081 193 1166 219 τοιοίἳν
1182 193 1249 228 ἡμῖν
1271 191 1341 228 [βοά.
1368 190 1431 226 Reg.
1453 190 1549 227 ὕμῖν];
1574 191 1690 224 Πίστιςς
1717 191 1774 218 Καὶ
1802 191 1863 218 ὅσον

238 243 414 278 sequebatur.
435 247 463 270 t-t
484 249 546 269 cum
564 241 624 268 aliis
641 240 805 276 patriarchis
826 239 1026 269 conscntiebat,

239 293 265 316 et
288 288 435 315 maximum
463 292 543 314 antea
565 294 613 321 pro
638 286 690 313 lide
719 290 860 312 certamen
888 285 1028 311 sustinue-

240 339 338 361 rat.....
349 334 487 360 Eorumne
503 332 548 367 qui
565 333 599 359 ab
618 332 715 359 haeresi
740 331 949 358 revertebantur
964 337 1027 357 sus-

239 379 347 414 ceptio?
372 378 407 405 At
422 386 477 404 non
491 378 525 405 ab
543 378 588 404 illo
601 377 660 404 hrec
673 376 793 412 primum
810 376 934 403 instituta
946 384 952 403 :
964 383 1027 402 eum

240 433 254 451 a
276 425 378 452 sanctis
396 424 524 451 Patribus
543 423 641 458 triplici
665 423 747 450 modo
764 422 885 456 suscepti
908 421 1025 452 fuerint.

240 471 282 498 vel
306 470 419 505 repetito
439 469 585 504 baptismo,
608 472 639 495 ut
664 467 815 502 Pepuzeni;
840 467 882 495 vel
900 474 950 502 pro
974 466 1026 494 olei

240 516 410 548 unctionem,
426 520 456 542 ut
478 514 586 547 Ariani;
610 514 654 540 vel
676 522 726 549 per
747 513 863 548 propria:
883 513 1026 540 sententia:

241 561 461 594 detestationem,
477 564 506 587 ut
522 559 692 587 Nestoriani.

275 691 317 717 An
333 691 467 718 ordinatio
482 697 530 725 per
540 690 695 725 pecuniam,
709 697 769 724 qua:
782 689 809 716 in
825 688 1025 724 depositionem

242 735 396 763 necessario
424 735 563 762 incurrit?
592 734 638 761 Nat
664 734 691 762 id
711 741 823 769 prorsus
851 741 946 761 verum
961 737 1024 760 est:

242 786 307 808 tunc
321 781 393 808 enim
408 785 532 816 pastores
544 780 596 807 visi
614 784 679 807 sunt
702 780 759 815 lupi
780 787 904 814 rapaces,
930 778 1024 806 altaria

240 825 338 852 effossa
365 829 438 858 sunt,
473 825 572 852 divina:
601 825 722 860 reliquim
748 825 884 852 dedecore
908 824 1024 856 affectae,

241 870 309 897 sacri
328 870 389 897 libri
404 870 503 898 exusti.
520 870 589 903 Quid
606 864 704 905 plura?
720 871 779 905 ipsa
802 870 904 898 Christi
925 870 1023 906 imago,
1039 859 1063 889 Β

242 920 341 950 praeter
358 915 423 942 alias
451 915 647 947 sanctissimas,
671 916 868 943 contumeliose
893 916 985 943 habita
1000 921 1027 944 et

241 961 409 989 conculcata.
429 961 459 988 Et
475 961 535 996 quis
546 961 620 989 brevi
638 963 763 990 oratione
781 962 924 997 complecti
934 967 1026 997 queat,

241 1015 301 1042 quae
317 1007 424 1042 longam
450 1007 636 1034 narrationem
664 1008 834 1043 requirunt?
857 1008 928 1041 Quid
953 1009 1026 1043 quod

242 1061 325 1088 porro
341 1061 460 1088 sequens
474 1054 630 1089 patriarcha
643 1062 674 1082 cx
691 1055 815 1083 saeculari
828 1056 862 1082 ad
881 1056 1027 1091 episcopa-

243 1099 295 1126 lem
315 1099 476 1134 dignitatem
499 1105 612 1134 repente
638 1105 794 1134 provectus,
828 1100 944 1128 idoneus
970 1108 1026 1127 non

241 1143 294 1170 fuit
304 1143 350 1177 qui
364 1151 413 1178 pro
428 1143 527 1178 spiritu
545 1149 677 1178 quantum
694 1145 759 1172 satis
778 1150 837 1172 erat
855 1145 1029 1173 decertaret?

241 1188 307 1215 Inde
321 1189 448 1216 scandala
463 1197 470 1215 :
490 1189 554 1216 inde
567 1190 611 1217 illa
628 1197 689 1224 quze
711 1191 766 1225 jam
784 1198 834 1218 nos
850 1191 1027 1224 conturbant,

242 1233 374 1267 originem
404 1239 591 1268 sumpserunt.
611 1233 666 1262 Vos
693 1235 786 1269 itaque
812 1242 867 1269 quo
886 1236 948 1263 sitis
965 1243 1028 1270 erga

243 1280 318 1306 illum
332 1280 433 1311 animo,
454 1280 579 1307 novistis.
593 1280 649 1307 Nos
671 1287 748 1312 vero,
765 1285 795 1307 ut
821 1281 959 1316 sigillatim
980 1289 1027 1309 eos

243 1324 289 1358 qui
309 1324 424 1358 pecunia
443 1324 559 1351 ordinati
585 1324 705 1356 fuerant,
729 1324 907 1351 audiebamus
930 1327 965 1351 ab
984 1325 1029 1351 illo

242 1377 297 1397 non
313 1369 420 1397 admitti
438 1369 472 1397 ad
491 1369 723 1401 communionem,
746 1377 901 1404 quanquam
919 1377 975 1397 non
991 1370 1028 1398 ita

242 1415 458 1447 existimabatur,
473 1415 640 1442 conveniens
659 1422 720 1442 esse
732 1415 862 1442 duximus
878 1416 952 1450 pacis
972 1422 1029 1443 stu-

242 1461 288 1488 dio
319 1461 493 1488 concordiam
522 1468 584 1488 cum
608 1468 641 1488 eo
664 1462 806 1489 retinere:
834 1461 967 1496 siquidem
994 1462 1029 1489 ad

242 1506 325 1538 hanc,
339 1507 428 1541 quoad
443 1506 514 1539 licet,
534 1506 762 1541 propendendum
779 1512 832 1539 est,
856 1512 886 1535 ut
900 1512 928 1535 et
939 1507 1029 1535 Theo-
1042 1522 1064 1552 ρ

242 1552 320 1588 logus
344 1552 384 1579 ait
395 1552 435 1585 7";
453 1560 486 1579 ac
504 1552 552 1579 ubi
573 1552 733 1580 offensionis
760 1552 880 1588 suspicio
901 1558 954 1586 est,
971 1561 1030 1580 me-

242 1594 295 1622 lius
310 1599 352 1622 est
376 1595 504 1622 assentiri
533 1603 614 1630 quam
643 1597 814 1631 pertinacem
839 1604 911 1624 esse.
937 1596 1031 1632 Neque

242 1648 308 1667 vero
333 1640 382 1675 ipsi
402 1648 451 1668 vos
475 1641 509 1668 de
539 1641 709 1669 conscientia
738 1646 828 1669 vestra
857 1643 1029 1678 depellimus.

242 1685 352 1721 Vosque
365 1686 485 1714 vicissim
506 1686 532 1714 id
551 1695 566 1714 a
583 1687 663 1714 nobis
680 1688 707 1714 in
718 1695 747 1715 re
761 1688 833 1716 haud
852 1689 962 1724 penitus
974 1698 1030 1717 ma-

243 1731 343 1758 nifesta
358 1739 393 1758 ne
412 1731 531 1766 exigite:
550 1731 773 1766 quandoquidem
797 1737 824 1760 et
850 1741 976 1768 persona,
1003 1739 1031 1761 et

244 1782 362 1812 tempus,
383 1781 410 1804 ct
427 1777 595 1811 experientia
611 1778 759 1806 conciliare
779 1779 847 1806 solet
861 1787 920 1812 eos,
936 1780 982 1814 qui
997 1780 1031 1808 de

243 1823 341 1850 iisdem
356 1823 438 1850 rebus
453 1831 508 1850 non
519 1823 615 1850 eadem
630 1824 794 1851 sentiebant.

279 1868 333 1895 Sed
355 1876 486 1903 quorsum
510 1868 560 1895 ista
577 1868 610 1895 ad
638 1868 759 1896 divinutn
790 1869 954 1897 Germanum
985 1878 1030 1898 re-

243 1912 347 1948 gressio
361 1913 372 1939 ?
387 1916 417 1939 ut
430 1912 493 1939 inde
507 1920 620 1947 prorsus
643 1913 778 1941 ordinatio
790 1919 939 1948 repetatur.
960 1915 1028 1949 Quid

243 1959 327 1992 enim,
341 1958 375 1985 de
391 1958 477 1985 tribus
492 1957 538 1992 qui
567 1957 705 1993 interjecti
736 1958 847 1986 fuerunt
870 1960 1004 1988 haereticis
1018 1961 1029 1987 ?

242 2003 371 2031 nullusne
397 2007 449 2036 est,
463 2002 508 2038 qui
533 2002 568 2029 ab
583 2002 637 2030 illis
650 2003 790 2031 ordinatus
805 2012 859 2031 non
873 2005 965 2035 fuerit.
982 2010 1030 2032 aut

242 2049 277 2076 ab
293 2050 326 2077 iis
340 2056 410 2084 quos
434 2048 472 2076 illi
489 2049 661 2081 ordinarant,
675 2050 833 2077 transmissa
846 2058 928 2085 porro
943 2059 1029 2086 usque

243 2094 277 2122 ad
294 2094 436 2122 Tarasium
451 2095 646 2122 ordinatione?
664 2094 750 2126 Quam
772 2096 851 2123 multi
873 2103 904 2123 ex
922 2097 1029 2124 oriente

244 2144 271 2167 et
285 2139 428 2167 occidente
441 2143 469 2166 et
483 2139 612 2174 aquilone
623 2144 651 2166 et
664 2139 731 2166 mari
746 2145 880 2167 venerunt
895 2141 941 2168 illo
958 2145 1028 2168 tem-

1080 239 1112 265 ἐκ
1125 239 1172 265 τοῦ
1188 237 1356 273 προφανοῦς,
1377 237 1528 272 ὸρθόδοξος,
1543 237 1604 268 ταῖς
1628 245 1658 262 τε
1686 236 1779 270 ἁγίαις
1802 245 1866 263 συν-

1079 284 1148 315 όδοις
1159 282 1363 319 ἠκολουθηκὼς,
1377 282 1423 308 καὶ
1438 281 1628 317 ὀμοφρονὴσας
1642 282 1698 312 τοῖς
1715 281 1804 312 ἄλλοις
1815 289 1868 308 πα-

1077 328 1241 364 τριάρχαις·
1273 328 1477 362 ἀγωνισάμενος
1509 327 1627 361 μάλιστα
1648 325 1719 360 ὑπὲρ
1745 325 1866 358 πίστεως

1077 373 1108 403 τὸ
1122 374 1263 409 πρότερον.
1289 373 1321 399 'H
1346 372 1400 398 τῶν
1423 371 1452 403 ἑξ
1476 371 1611 406 αἱρέσεως
1636 370 1867 406 ὑποστρεψάντων

1078 419 1235 454 παραδοχῆς
1247 418 1301 445 Kal.
1313 418 1361 452 οὺχ
1380 417 1425 444 ὑπ’
1441 416 1524 444 αὐτοῦ
1534 415 1765 450 καινοτομηθεῖσα
1777 423 1784 430 ·
1799 418 1845 450 πρ
1855 425 1869 447 ς

1077 464 1131 499 γὰρ
1143 464 1197 491 τῶν
1212 464 1299 498 ἁγίων
1320 463 1451 498 Πατέρων
1483 462 1587 497 τριχῶς
1614 460 1846 496 παραδεχομένων
1860 469 1866 475 ·

1077 510 1093 544 ἢ
1115 508 1158 535 διὰ
1176 507 1406 543 ἀναῦαπτισμοῦ,
1425 506 1463 537 ὡς
1491 507 1508 541 ἡ
1535 505 1590 532 τῶν
1621 504 1820 539 Πεπουζηνῶν·
1853 504 1870 538 ἦ

1077 554 1121 580 διὰ
1141 553 1258 589 χρίσεως
1283 553 1380 589 μύρου,
1396 552 1435 583 ὡς
1465 552 1482 586 ἡ
1506 551 1561 577 τῶν
1594 550 1763 585 ’Δρειανῶν-
1792 549 1806 583 ἡ
1833 548 1871 575 δι’

1076 598 1299 634 ἀναθεματισμοῠ
1319 599 1370 633 τῆς
1383 597 1491 629 οἰκείας
1517 596 1615 632 δόξης,
1633 595 1672 628 ὡς
1696 595 1713 630 ἡ
1729 594 1785 622 τῶν
1813 595 1872 621 Νε-

1077 644 1237 678 στοριανῶν.
1774 643 1779 646 ’

1117 690 1149 716 Ἦ
1167 690 1196 716 ὲν
1213 690 1333 726 χρήμασι
1360 688 1525 724 χειροτονία,
1543 688 1605 723 ἠτις
1623 687 1773 714 ὑποπίπτει
1798 688 1873 714 κατὰ

1076 734 1106 762 τὸ
1121 735 1267 768 ἀναγκαῖον
1280 734 1456 770 καθαιρέσει;
1471 734 1536 767 Ναὶ,
1553 732 1706 768 πανάληθες
1717 741 1725 748 ·
1741 733 1788 759 καὶ
1804 733 1873 766 γοῦν

1076 780 1226 815 τηνικαῦτα
1250 779 1381 815 ποιμένες
1401 779 1478 806 λύκοι
1503 779 1598 814 βαρεῖς
1623 777 1754 813 ὤφθησαν
1769 786 1776 793 ·
1801 786 1873 804 κατ-

1076 825 1200 862 ετκάφθη
1228 826 1409 862 θυσιαστήρια
1423 834 1432 842 ·
1446 825 1573 860 ἠτιμώθη
1589 824 1648 851 θεῖα
1677 823 1792 858 λείψανα
1804 830 1812 838 ·
1827 823 1873 858 βί-

1077 871 1134 897 ὃλοι
1152 873 1221 908 ἱεραὶ
1243 871 1463 907 ἐνεπρήσθησαν.
1484 871 1516 897 Τί
1532 869 1614 896 πλέον
1632 877 1640 903 ;
1655 869 1724 904 αὺτή
1748 869 1764 904 ἡ
1787 870 1874 896 εἰκὼν

1077 916 1124 943 τοῦ
1154 916 1273 951 Χριστοῦ
1293 916 1363 952 πρὸς
1389 916 1484 947 ἄλλαις
1511 914 1696 945 σεπτοτάταις
1725 913 1872 947 ἐνύδριστο

1078 962 1125 988 καὶ
1138 962 1358 997 κατεπεπάτητο.
1372 961 1426 988 Καὶ
1442 960 1484 992 τίς
1500 960 1533 987 ἂν
1547 961 1577 987 ὲν
1591 959 1675 994 ὀλίγῳ
1690 958 1820 990 διεξέλθοι
1835 958 1872 984 τὰ

1079 1007 1189 1042 μακρᾶς
1203 1007 1324 1042 ίστορίας
1341 1006 1474 1041 δεόμενα;
1497 1004 1578 1031 Ἀλλὰ
1594 1004 1619 1030 τί
1637 1004 1679 1030 ὅτι
1692 1004 1706 1030 ό
1720 1003 1872 1037 μετέπειτα

1078 1053 1210 1088 πρόεδρος
1222 1053 1254 1079 ἐκ
1271 1051 1321 1086 τῆς
1344 1051 1481 1087 κοσμικῆς
1494 1050 1560 1085 ὕλης
1577 1049 1675 1076 θᾶττον
1697 1050 1738 1080 είς
1762 1049 1795 1075 τὸ
1820 1047 1873 1082 τῆς

1079 1097 1220 1133 ίεραρχίας
1235 1096 1343 1131 ἀξίωμα
1361 1095 1476 1131 προϐὰς,
1493 1095 1543 1131 οὐχ
1553 1091 1609 1126 οἶός
1621 1102 1650 1121 τε
1666 1094 1778 1128 γέγονεν
1790 1093 1875 1129 ὕπερ”

1081 1143 1202 1178 μαχῆσαι
1243 1141 1344 1173 ἱκανῶς
1369 1140 1416 1168 τοῦ
1452 1140 1630 1175 πνεύματος;
1666 1139 1809 1166 Ἐντεῦθεν
1837 1141 1873 1167 τὰ

1079 1188 1227 1215 σκάνδαλα·
1257 1187 1361 1214 ἐκεῖθεν
1373 1186 1421 1213 καὶ
1439 1187 1474 1213 τὰ
1488 1187 1539 1222 ἠδη
1555 1186 1725 1221 ταράττοντα
1755 1185 1809 1221 τήν
1826 1187 1872 1212 al-

1078 1234 1136 1260 τίαν
1151 1233 1270 1268 εἴληφεν.
1279 1233 1374 1268 ’Υμεῖς
1386 1232 1435 1268 μὲν
1447 1230 1506 1264 οὖν,
1514 1233 1626 1264 ὄπωςτὰ
1637 1232 1705 1267 πρὸς
1713 1232 1795 1258 αὑτὸν
1801 1232 1876 1268 ἔχοι-

1078 1286 1118 1310 τε,
1133 1278 1200 1305 ἴστε.
1209 1279 1303 1313 Ἡμεῖς
1317 1277 1494 1312 δὲ,ὲπειδήὲν
1502 1277 1540 1312 τῷ
1548 1277 1628 1311 μέρει
1641 1276 1695 1304 τῶν
1707 1277 1737 1303 ὲν
1750 1277 1876 1312 χρήμασι

1079 1323 1321 1358 χειροτονηθέντων
1335 1323 1473 1358 ἠκούομεν
1482 1322 1546 1358 παρ’
1559 1322 1641 1349 αὑτοῦ
1655 1322 1694 1358 μή
1709 1322 1874 1357 προσίεσθαι

1079 1369 1178 1400 αὐτοὺς
1191 1369 1232 1400 εἰς
1242 1369 1394 1402 κοινωνίαν,
1409 1368 1514 1403 κᾶνούχ
1529 1367 1615 1400 οὕτως
1628 1368 1768 1394 ὑπενοεῖτο
1777 1387 1785 1399 ,
1805 1376 1876 1402 συμ-

1080 1414 1162 1449 φέρον
1177 1414 1340 1449 ἡγησάμεθα
1355 1413 1400 1441 διὰ
1411 1413 1440 1440 τὸ
1455 1414 1503 1450 τῆς
1518 1415 1630 1450 εἰρήνης
1645 1413 1727 1440 καλὸν
1742 1414 1795 1448 τήν
1806 1415 1877 1449 πρὸς

1079 1461 1161 1488 αὑτὸν
1179 1461 1306 1495 ὁμόνοιαν
1323 1469 1331 1478 σ
1360 1460 1478 1495 ἐπείπερ
1510 1459 1578 1494 φησὶ
1603 1460 1652 1486 καὶ
1682 1460 1697 1485 ὁ
1722 1459 1874 1493 Θεολόγος·

1082 1507 1153 1540 Ἕως
1167 1507 1237 1540 ἐξὸν,
1254 1506 1415 1534 ἀποκλιτέον
1433 1506 1500 1541 πρὸς
1515 1506 1628 1541 ταύτην.
1641 1506 1699 1532 Καὶ
1712 1503 1743 1532 οὗ
1771 1506 1803 1532 τδ
1828 1506 1877 1532 λυ-

1084 1552 1152 1580 ποῦν
1173 1553 1296 1585 ὑπόνοια,
1326 1552 1429 1587 βέλτιον
1451 1553 1501 1587 τῆς
1517 1552 1662 1584 αὐθαδείας
1688 1553 1705 1588 ἡ
1733 1553 1878 1587 συγκατά-

1082 1599 1167 1631 Θεσις.
1183 1599 1239 1626 Καὶ
1252 1598 1314 1626 οὔτε
1330 1600 1411 1634 ἡμεῖς
1425 1599 1596 1634 καθέλκομεν
1613 1599 1685 1633 ὑμᾶς
1708 1598 1759 1634 τῆς
1786 1607 1880 1625 συνει-

1081 1643 1185 1679 δήσεως
1202 1652 1210 1659 ·
1227 1644 1289 1680 μηδ’
1301 1644 1381 1670 αὐτοὶ
1395 1644 1558 1679 ὰπαιτοίητε
1569 1645 1644 1679 ἡμᾶς
1659 1644 1709 1679 τῆς
1721 1644 1751 1671 οὺ
1765 1653 1879 1680 προφα-

1081 1689 1145 1721 νοῦς
1162 1691 1227 1725 ἡμῖν
1252 1689 1446 1724 διαγνώσεως·
1463 1689 1557 1725 ἐπειδὴ
1580 1691 1628 1717 καὶ
1650 1690 1798 1726 πρόσωπον
1829 1691 1881 1718 καὶ

1082 1735 1177 1771 χρόνος
1192 1736 1239 1763 καὶ
1256 1738 1338 1772 πεῖρα
1351 1735 1523 1763 διαλλάττειν
1541 1736 1612 1762 ποιεῖ
1625 1737 1688 1769 τοὺς
1707 1737 1745 1773 μή
1758 1737 1807 1764 ἐπὶ
1819 1738 1880 1764 τῶν

1081 1781 1171 1808 αὐτῶν
1185 1781 1315 1814 ὡσαύτως
1330 1782 1497 1817 φθάσαντας.

1122 1870 1202 1897 ’Δλλὰ
1215 1871 1256 1903 τίς
1269 1873 1283 1898 ὁ
1299 1872 1368 1908 πρὸς
1382 1872 1428 1899 τὸν
1442 1872 1513 1900 Θεῖον
1527 1873 1667 1909 Γερμανδν
1684 1875 1879 1913 ἀναποδισμὺς

1081 1915 1129 1943 καὶ
1142 1917 1171 1943 τὸ
1185 1917 1289 1944 ἐκεῖθεν
1305 1919 1337 1944 ἐκ
1348 1918 1448 1950 παντὸς
1462 1919 1554 1954 ζητεῖν
1567 1919 1618 1956 τὴν
1631 1921 1801 1956 χειροτονίαν
1817 1931 1826 1956 ;
1842 1923 1882 1955 Τί

1080 1962 1135 1998 γὰρ
1145 1963 1192 1990 καὶ
1199 1964 1222 1989 οί
1230 1964 1258 1990 ὲν
1267 1964 1342 1999 μέσῳ
1354 1966 1427 2000 τρεῖς
1437 1965 1585 2000 αἱρετικοί;
1599 1967 1649 1993 οὐκ
1658 1967 1714 1995 ἐστι
1730 1977 1773 2000 τις
1783 1970 1822 2005 μὴ
1832 1965 1884 1996 ὑπ’

1079 2007 1170 2033 αὐτῶν
1184 2009 1394 2044 χειροτονηθεὶς,
1411 2009 1427 2044 ἡ
1441 2010 1473 2036 ὲκ
1480 2010 1533 2036 τῶν
1541 2010 1609 2046 πρὸς
1618 2012 1707 2038 αὐτῶν
1720 2021 1886 2050 χειροτονη-

1081 2051 1191 2086 θέντων,
1214 2054 1284 2081 κατὰ
1299 2055 1411 2082 κάθοδον
1427 2056 1508 2091 μέχρι
1524 2057 1663 2092 Ταρισίου
1688 2059 1887 2096 ἀμειϐομένης

1080 2099 1129 2133 τῆς
1144 2100 1329 2134 χειροτονίας;
1346 2101 1427 2128 Πόσοι
1443 2101 1475 2133 ἐξ
1489 2103 1631 2130 ἀνατολῶν
1647 2104 1694 2130 καὶ
1705 2103 1819 2140 δυσμῶν
1828 2108 1885 2134 καὶ

1082 2143 1168 2179 βορρᾶ
1184 2145 1232 2172 καὶ
1244 2144 1381 2180 θαλάσσης
1396 2146 1496 2181 ἥκασιν
1521 2147 1551 2174 ὲν
1564 2148 1603 2184 τῷ
1619 2148 1734 2183 μεταξὺ,
1752 2151 1802 2177 καὶ
1816 2159 1887 2178 συν-

243 2185 318 2220 poris
327 2185 427 2220 spatio,
445 2188 627 2220 susceptoque
654 2185 806 2212 sacerdotio
833 2185 962 2214 Ecclesia:
977 2194 1029 2215 no-

1082 2191 1207 2225 ἡφθησαν
1225 2190 1269 2217 διὰ
1299 2192 1441 2224 κοινωνίας
1465 2193 1498 2228 τῇ
1530 2193 1592 2220 καθ’
1621 2195 1695 2230 ἡμᾶς
1726 2195 1888 2234 Ἐκκλησία.

244 2235 306 2258 sine
332 2238 381 2266 per
410 2230 633 2258 communionem
660 2229 799 2264 conjuncti
830 2229 967 2258 luerunt?
997 2231 1031 2259 Et

243 2284 324 2311 quam
340 2276 420 2303 multi
450 2275 511 2303 sine
533 2275 649 2310 pecunia
679 2275 797 2303 ordinati
827 2280 884 2303 tum
909 2276 1029 2310 fuerunt,

243 2322 471 2355 ordinaruntque,
487 2320 612 2355 quamvis
627 2320 718 2348 forent
733 2321 854 2348 haeretici
867 2321 879 2348 ?
895 2321 941 2348 Dei
952 2322 1032 2350 unius

243 2368 359 2395 esthaac
372 2367 464 2394 omnia
489 2375 582 2400 nosse,
602 2375 657 2394 non
693 2371 784 2394 autem
813 2367 933 2394 hominis
959 2367 1032 2395 allir-

243 2419 340 2440 mare:
358 2419 508 2447 omnesque
537 2416 681 2447 propterea
723 2413 861 2448 depositas
896 2413 1032 2441 arbitrari.

244 2458 298 2486 Sed
326 2458 456 2493 quoniam
481 2458 609 2486 homines
637 2466 742 2491 sumus,
770 2459 911 2486 hominum
944 2466 1032 2492 more,

244 2511 348 2538 qumso,
377 2511 422 2530 res
441 2503 638 2538 inspiciamus:
656 2510 690 2530 eo
707 2503 781 2538 quod
805 2503 888 2531 homo
914 2504 1030 2536 vultum,

245 2550 317 2578 Deus
333 2558 397 2578 vero
411 2557 459 2577 cor
473 2550 596 2583 intuetur
610 2549 649 2576 ’σε
668 2557 699 2576 ac
716 2549 887 2576 solummodo
909 2550 1033 2585 exigatur

244 2596 300 2623 oris
327 2595 474 2628 confessio,
494 2595 603 2630 quando
625 2602 684 2621 eam
709 2594 818 2621 mentiri
837 2602 893 2620 non
924 2594 1031 2629 liquet:

244 2641 394 2668 secundum
407 2647 488 2675 quam
506 2644 533 2667 et
546 2639 673 2666 Tarasius
688 2638 886 2666 ordinationem
896 2639 1032 2674 suscepit:

244 2686 280 2713 ob
295 2693 377 2721 quam
396 2690 424 2713 et
448 2685 499 2712 viri
526 2684 668 2720 diligentes
697 2691 729 2710 ac
754 2683 874 2719 religiosi
898 2684 945 2719 qui
973 2691 1030 2712 tum

244 2735 334 2763 erant,
359 2735 386 2758 et
401 2730 514 2758 Tarasio
528 2738 558 2757 se
571 2729 774 2764 conjunxcrunt
789 2733 817 2756 et
839 2736 901 2757 cum
917 2737 949 2757 eo
963 2737 1030 2757 con-

245 2778 389 2801 senserunt
405 2782 412 2800 :
429 2778 457 2801 et
477 2778 588 2809 repente
611 2777 672 2808 post
690 2773 822 2809 synodum
836 2773 1029 2801 discessionem

286 2840 397 2878 "Gr-eg.
416 2843 494 2877 Naz.,
507 2847 577 2871 orat.
592 2843 635 2876 Η,
654 2851 716 2879 pag.
731 2843 795 2872 225.
835 2844 858 2888 ’ξ’
871 2844 880 2871 l
894 2843 959 2878 Reg.
977 2853 1032 2878 xvi,
1049 2846 1075 2873 7.

1085 2236 1234 2271 ῑερωμένοι
1248 2244 1255 2270 ;
1271 2237 1327 2264 Καὶ
1341 2237 1397 2264 ὅσοι
1414 2238 1480 2265 ἄνευ
1508 2240 1657 2275 χρημάτων
1683 2243 1815 2277 τηνικάδε
1832 2254 1888 2271 κε-

1083 2281 1297 2317 χειροτόνηνται,
1311 2284 1358 2310 καὶ
1373 2286 1623 2321 κεχειροτονήκασι,
1642 2287 1694 2314 κᾶν
1728 2289 1860 2324 ᾐρέτιζον
1876 2300 1887 2324 ;

1085 2327 1178 2353 Ταῦτα
1192 2328 1282 2354 πάντα
1296 2328 1364 2355 Θεοῦ
1383 2329 1464 2364 μόνον
1477 2330 1633 2366 γινώσκειν,
1643 2333 1692 2359 καὶ
1705 2333 1756 2360 οὐκ
1772 2335 1890 2372 ἀνθρὼ-

1086 2378 1138 2396 που
1151 2370 1383 2399 διαϐεϐαιοῦσθαι.
1401 2372 1457 2398 Καὶ
1473 2373 1518 2400 διὰ
1532 2374 1612 2401 τοῦτο
1625 2375 1733 2408 πάντας
1749 2370 1889 2414 καθῃρη-

1090 2415 1189 2450 μένους
1201 2415 1415 2451 ὑπολαμϐάνειν.
1434 2416 1505 2445 Ἀλλ’
1518 2419 1580 2445 ἐπεὶ
1594 2419 1734 2456 ἄνθρωποι
1750 2442 1758 2455 ,
1774 2422 1815 2454 ὠς
1831 2424 1891 2450 ἇν-

1086 2460 1202 2496 θρωποι,
1217 2463 1381 2498 παρακαλῶ,
1401 2464 1436 2491 τὰ
1454 2464 1608 2500 πράγματα
1620 2467 1779 2501 κατίδωμεν
1789 2477 1797 2483 ·
1810 2468 1890 2497 διότι

1085 2506 1228 2541 ἄνθρωπος
1244 2508 1285 2539 είς
1301 2509 1458 2544 πρόσωπον,
1479 2511 1545 2542 Θεὸς
1557 2511 1585 2538 δὲ
1615 2512 1656 2543 είς
1679 2513 1797 2549 καρδίαν
1815 2515 1889 2550 ὁρᾷ,

1086 2551 1134 2577 καὶ
1154 2553 1169 2586 ἡ
1195 2552 1240 2580 διὰ
1270 2554 1406 2590 στόματος
1430 2556 1562 2591 ὁμολογία
1586 2558 1667 2592 μόνον
1695 2559 1889 2594 ἀπαιτείσοω,

1087 2597 1167 2632 ἡνίκα
1182 2598 1216 2625 ἂν
1232 2599 1270 2635 μή
1286 2601 1436 2635 προφανῶς
1461 2602 1640 2638 διαψεύδηται
1652 2611 1660 2618 ·
1677 2603 1740 2630 καθ’
1769 2605 1804 2639 ἡν
1831 2607 1892 2632 καὶ

1088 2643 1227 2678 Ταράσιος
1241 2645 1291 2681 τὴν
1308 2647 1477 2682 χειροτονίαν
1490 2648 1599 2681 ἐδέξατο
1609 2656 1616 2664 ⁸
1635 2646 1704 2685 ὲφ“ᾖ
1716 2649 1765 2675 καὶ
1780 2651 1805 2676 ei
1816 2651 1890 2678 τότε

1082 2689 1204 2725 ζηλωταὶ
1220 2692 1266 2718 καὶ
1281 2693 1416 2728 ἁκριόεῖς,
1431 2695 1478 2721 καὶ
1505 2695 1635 2730 συνῆλθον
1659 2695 1792 2731 Ταρασίῳ
1804 2716 1812 2727 ,
1830 2699 1893 2724 καὶ

1081 2735 1299 2772 ὡμογνωμόνουν
1309 2745 1316 2753 '
1335 2739 1383 2765 καὶ
1398 2739 1494 2772 ϐᾶττον
1511 2740 1580 2774 μετὰ
1592 2740 1643 2775 τὴν
1662 2740 1773 2767 σύνοδον
1788 2742 1892 2776 διηνέ-ρ

1081 2779 1186 2816 χθησαν
1203 2781 1271 2816 πρὸς
1285 2783 1317 2818 τῇ
1347 2783 1487 2818 παραδοχῇ
1506 2785 1566 2810 κατ’
1581 2785 1681 2816 αὐτοὺς
1702 2785 1753 2820 τῆς
1768 2786 1797 2812 ὲν
1808 2786 1891 2821 χρή-
