1926 3078
80 157 149 188 1105

692 152 963 184 EPISTOLARUM
980 152 1054 183 LIB.
1070 152 1095 182 Ι.

1641 150 1708 182 1106

80 221 148 248 μασι
165 210 334 246 χειροτονίας
343 218 362 235 ε.
375 209 423 237 καὶ
435 209 469 235 δι’
484 209 552 237 ἄλλα
565 209 628 236 τινὰ
638 209 795 244 ζητήματα.
817 208 867 235 "Av

922 208 1053 238 fecerunt,
1068 205 1104 233 ob
1120 208 1286 238 susceptam,
1305 207 1336 230 ut
1364 202 1431 237 ipsis
1447 202 1537 230 visum
1552 207 1605 236 est,
1624 211 1708 237 pecu—

77 258 158 285 τοῦτό
168 265 200 291 γε
213 256 286 284 οὕτω
299 256 390 291 δοκοίη
408 253 438 283 εὖ
454 256 527 290 [χειν
549 256 595 281 καὶ
622 255 686 290 ὑμῖν
702 262 709 269 ·
724 255 772 282 καὶ
798 254 867 289 πρὸς

76 303 108 330 τὸ
126 303 190 337 ἑξῆς
207 300 382 336 βαδιούμεθα.
399 299 492 326 Ταῦτα
505 299 560 334 γὰρ
583 300 631 326 καὶ
648 299 702 326 ἀπὸ
728 299 867 334 Ταρασίου

78 348 164 384 μέχρι
183 347 230 373 τοῦ
245 346 325 381 δεῦρο
338 346 512 381 λεχθήσεται.
527 345 560 372 Τί
575 346 603 372 δὲ
613 346 644 372 τὸ
657 345 866 380 συμπέρασμα;

77 394 115 420 Ἰῖὸ
129 393 185 420 ἀπὸ
201 392 302 424 παντὸς
318 392 416 427 ἱερέως
434 391 613 426 ἀδιαὸλήτου,
632 390 702 417 κατὰ
717 390 762 417 τὸν
775 390 869 417 Θεολό-

77 448 126 473 γον
140 439 187 466 καὶ
198 438 402 474 Χρυσόστομον,
421 436 557 472 μετέχειν.
575 437 603 464 '0
618 437 671 471 μὲν
685 437 749 472 γὰρ,
765 436 847 471 φησιν
858 444 867 452 ·

79 486 172 512 Ἔστω
195 493 238 511 σοι
255 484 309 516 πᾶς
322 483 480 515 ἀξιόπιστος
495 484 536 514 εἰς
555 482 605 517 τὴν
622 482 769 517 κάθαρσιν,
787 481 868 517 μόνον

76 529 149 556 ἔστω
179 537 222 561 τις
252 529 308 556 τῶν
337 527 482 564 ὲγκρίτων,
508 527 556 554 καὶ
579 527 617 562 μὴ
644 527 784 562 προδήλως
807 534 869 553 κατ-

77 575 269 610 εγνωσμένων,
278 574 346 610 μηδὲ
361 574 416 600 τῶν
423 573 472 608 τῆς
483 573 600 604 πίστεως
608 572 767 607 ἀλλοτρίων.
785 573 815 598 ‘0
825 572 865 604 δὲ,

77 620 281 656 Περιεργάζου,
294 619 536 654 πολυπραγμόνειο
565 619 595 645 οὺ
627 618 681 653 γὰρ
699 617 839 650 ἀκίνδυνος
850 619 867 653 ἡ

75 666 254 698 ἀνεξέταστος
270 665 408 702 κοινωνία.
427 665 496 700 Περὶ
511 664 564 700 γὰρ
581 663 709 700 μεγάλων
734 664 749 690 ὁ
777 663 869 691 κίνδυο

76 720 135 744 νος.

118 841 330 877 Ἐκζητὴσωμεν
356 841 447 869 τοίνυν
473 842 520 869 καὶ
555 841 867 876 πολυπραγμονήσωμεν

75 888 141 922 παρ’
158 873 354 921 audeant-Ops»;
372 886 538 921 κοινωνῆσαι
556 894 564 901 ·
583 887 607 913 ει
626 873 676 922 τῆν
689 873 784 912 πίστιν
800 873 866 920 ὁμο·
881 873 903 902 Β

74 930 171 965 λογοίη
183 929 278 965 ὀρθὴν,
294 930 319 956 εί
333 930 371 965 μὴ
383 930 507 965 χρήμασι
529 930 749 966 κεχειροτόνηται
763 938 770 946 ·
791 931 815 956 εί
829 930 866 966 μή

75 985 101 1002 τι
130 975 196 1002 ἄλλο
213 976 269 1002 τῶν
294 975 366 1002 κατὰ
391 975 437 1002 τὸν
456 975 513 1010 βίον
526 976 610 1002 αὐτοῦ
637 976 867 1010 ὑποπτευομένων

75 1022 123 1048 καὶ
139 1021 320 1056 ὴκουσμινων
335 1020 491 1056 σφαλερῶν,
505 1019 618 1056 ἀληθές.
633 1021 664 1047 El
693 1020 721 1047 δὲ
748 1021 789 1048 ὅτι
817 1021 868 1055 τὴν

75 1067 249 1103 χειροτονίαν
274 1067 466 1103 καταγομένην
482 1067 538 1103 ἔχει
555 1067 610 1093 ἀπὸ
621 1067 669 1093 τοῦ
683 1067 781 1100 δεῖνος,
811 1067 867 1093 εἶτε

75 1112 107 1144 ἐξ
133 1111 286 1148 αἰρετικοῦ,
303 1113 358 1138 εἴτε
371 1113 404 1139 ὲκ
417 1113 733 1148 χρηματοχειροτονήτου
746 1120 753 1127 ·
785 1111 868 1144 αὐτὸς

73 1159 103 1185 δὲ
118 1158 182 1185 οὔτε
210 1158 359 1194 αίρετικδς,
377 1157 439 1185 οὔτε
461 1159 489 1185 ὲν
511 1158 612 1192 γνώσει
639 1159 672 1185 ὲκ
695 1158 868 1194 χρηματολή-

75 1213 156 1234 ιιι-του,
173 1203 224 1230 εἴτ’
246 1204 293 1231 οὖν
317 1203 494 1239 Σιμωνιανοῦ,
512 1204 768 1239 κεχειροτονημένος
780 1211 787 1219 ·
803 1205 867 1238 ὀμο-

74 1250 170 1285 λογοίη
184 1250 206 1276 δ’
224 1250 300 1285 ὅμως
312 1250 361 1285 τὴν
375 1250 465 1276 πᾶσαν
481 1249 622 1285 ἀλήθειαν,
651 1250 702 1285 τήν
722 1258 752 1276 τε
775 1250 868 1277 πίστιν

74 1295 223 1328 φυλάττειν
237 1295 284 1321 καὶ
298 1295 359 1326 τοὺς
376 1295 492 1326 κανόνας
503 1294 717 1330 ἀπαρατρώτους
732 1303 739 1311 ·
753 1296 817 1328 τούς
833 1304 864 1322 τε

75 1340 139 1366 κατ’
166 1340 316 1376 ἀμφότερα
326 1349 484 1377 παρατετρα
490 1341 609 1376 μμένους
625 1340 845 1376 ἀποδαλλύμενος
858 1349 866 1357 ·

75 1386 167 1418 οὐδεὶς
185 1387 252 1421 ἡμῖν
265 1385 342 1420 λόγος
354 1385 462 1421 ἀποχῆς
487 1386 555 1421 πρὸς
567 1386 658 1412 αὐτόν.
693 1386 867 1420 Ἀκατάγνω-

77 1438 141 1460 στος
163 1429 247 1464 γαρὸ
265 1429 384 1461 τοιοῦτος
413 1429 483 1456 κατὰ
514 1430 578 1461 τοὺς
609 1429 868 1465 προδεδηλωμένους

76 1475 185 1508 ἁγίους,
204 1475 252 1500 καὶ
271 1474 305 1501 δι’
318 1474 408 1501 αὐτῶν
432 1474 504 1501 κατὰ
525 1474 643 1506 πάντας.
671 1474 751 1501 Οὕτω
777 1474 868 1501 τοίνυν

918 252 1033 280 niariam
1045 250 1257 280 ordinationem.
1270 253 1298 276 et
1313 248 1379 276 alias
1390 249 1520 283 quasdam
1531 249 1706 283 quaestiones.

919 298 948 325 Si
965 298 1017 325 hoc
1028 297 1109 325 vobis
1129 296 1225 329 etiam,
1243 299 1317 322 recte
1342 294 1444 322 habere
1465 294 1608 322 videatur:
1624 294 1659 321 ad
1675 301 1708 322 ea

918 351 979 378 quae
997 346 1148 378 sequuntur
1160 348 1315 376 pergamus.
1334 339 1465 368 Dicentur
1478 339 1553 367 enim
1569 344 1596 367 et
1606 347 1637 367 ea
1647 347 1708 374 quas

919 393 981 424 post
997 389 1139 416 'l‘arasium
1153 388 1208 415 huc
1222 394 1317 422 usque.
1333 385 1403 419 Quid
1416 390 1506 413 autem
1518 393 1552 414 ex
1571 386 1614 413 his
1630 386 1708 414 colli-

918 435 1009 471 gitur?
1023 435 1059 462 Ut
1072 443 1088 462 a
1102 441 1266 469 quocunque
1283 433 1423 461 sacerdote
1439 433 1485 467 qui
1494 432 1707 467 reprehensione

918 486 1006 514 vacet,
1022 488 1055 508 ex
1069 480 1201 515 Theologi
1212 484 1240 507 et
1252 478 1439 514 Cbrysostomi
1464 478 1610 510 sententia.
1632 485 1667 505 ne
1681 482 1708 505 te

919 534 1058 562 segreges.
1073 526 1142 553 Nam
1165 525 1211 553 ille
1236 524 1347 560 quidem
1364 524 1402 551 ait
1418 532 1424 550 :
1450 524 1570 557 Quilibet
1588 524 1636 551 tibi
1649 523 1708 551 ido-

917 579 987 600 neus
1000 577 1059 600 esto
1069 571 1102 599 ad
1116 571 1317 607 purgationem,
1331 570 1482 598 dummodo
1498 569 1534 597 sit
1557 577 1591 597 ex
1607 570 1707 604 probo-

918 627 979 646 rum
995 625 1121 650 numero,
1134 625 1190 645 non
1205 625 1238 644 ex
1251 617 1387 645 damnatis
1400 616 1556 649 manifesto,
1569 624 1660 651 neque
1675 625 1708 644 ex

918 664 952 691 iis
966 663 1014 698 qui
1028 671 1043 691 a
1057 662 1111 690 ﬁde
1125 667 1190 690 sunt
1204 662 1298 690 alieni.
1319 661 1369 690 Hic
1383 669 1449 688 vero
1467 662 1505 688 ait
1518 670 1526 688 :
1551 661 1659 697 Satagc,
1680 666 1709 690 ct

917 707 998 735 anxie
1008 706 1136 742 inquire:
1154 714 1208 734 non
1224 707 1298 734 enim
1322 705 1445 741 periculo
1467 710 1547 734 vacat
1571 714 1632 741 quae
1648 707 1708 734 sine

920 753 1099 788 inquisitione
1128 753 1159 780 ﬁt
1181 752 1350 780 communio.
1375 752 1414 780 De
1436 760 1466 780 re
1486 753 1587 788 quippe
1610 760 1707 789 magna

918 799 1082 834 periculum.

953 845 1149 880 Investigemus
1174 852 1240 880 ergo
1265 849 1293 871 et
1320 844 1437 871 sollicite
1459 844 1546 871 simus
1565 852 1627 872 cum
1652 852 1708 879 quo

919 890 999 917 nobis
1009 889 1266 917 communicandum
1291 889 1336 921 sit,
1350 896 1416 915 num
1428 893 1531 916 rectam
1549 888 1628 916 [idem
1643 897 1707 924 pro-

919 934 1047 967 ﬁteatur;
1063 942 1128 961 num
1140 933 1256 969 pecunia
1271 933 1307 961 sit
1317 933 1479 966 ordinatus;
1494 934 1616 968 nunquid
1632 935 1707 961 aliud

917 987 1024 1012 eorum,
1039 987 1100 1014 quae
1115 979 1191 1006 illum
1207 978 1235 1005 in
1266 978 1320 1006 vita
1337 979 1509 1006 commisisse
1528 979 1570 1006 vel
1589 979 1708 1014 suspicio

918 1027 960 1054 vel
974 1025 1044 1053 fama
1066 1028 1120 1056 est.
1142 1032 1238 1053 verum
1252 1024 1297 1052 sit.
1313 1023 1342 1051 Si
1365 1028 1456 1052 autem
1479 1025 1543 1059 quia
1561 1025 1707 1053 deductam

919 1069 1001 1097 habet
1012 1068 1213 1096 ordinationem
1229 1068 1263 1096 ab
1277 1068 1370 1103 aliquo
1383 1068 1513 1096 heretico
1529 1077 1578 1096 seu
1597 1077 1644 1104 per
1660 1078 1707 1104 pe—

919 1114 1028 1141 cuniam
1042 1114 1167 1141 ordinato
1181 1111 1193 1145 ;’
1206 1121 1268 1140 cum
1284 1113 1342 1148 ipse
1358 1113 1471 1140 interim
1489 1121 1540 1141 uec
1562 1113 1708 1141 hmreticus

919 1159 1018 1192 sit,nec
1029 1159 1120 1186 sciens
1131 1159 1272 1186 ordinatus
1279 1159 1314 1186 ab
1325 1159 1435 1186 homine
1448 1160 1562 1194 pecunia
1568 1165 1706 1195 corrupto.

919 1205 946 1232 id
959 1210 1001 1232 est
1016 1204 1188 1232 Simoniaco:
1204 1213 1313 1232 omnem
1328 1209 1418 1233 autem
1435 1206 1575 1233 veritatem
1584 1211 1612 1233 et
1628 1206 1707 1233 ﬁdem

920 1254 948 1277 et
962 1257 1081 1277 canones
1097 1250 1216 1278 illibatos
1232 1257 1342 1278 servare
1361 1251 1531 1285 proﬁteatur.
1551 1255 1578 1278 ct
1601 1258 1648 1278 eos
1661 1251 1707 1286 qui

919 1295 1049 1323 alterutro
1064 1295 1211 1323 deﬂectunt
1228 1296 1340 1330 rejicere
1363 1305 1370 1323 :
1394 1297 1469 1324 nulla
1484 1296 1561 1324 nobis
1586 1297 1655 1325 ratio
1668 1302 1709 1324 est

917 1341 953 1367 ab
971 1340 1017 1368 illo
1029 1341 1197 1368 discedendi.
1208 1341 1232 1368 Is
1241 1341 1313 1368 enim
1324 1341 1477 1376 inculpatus
1487 1347 1540 1374 est,
1552 1342 1629 1376 juxta
1646 1350 1710 1370 sau-

918 1388 978 1411 ctos
992 1383 1072 1411 modo
1090 1384 1223 1417 laudatos,
1237 1389 1264 1412 et
1279 1392 1327 1419 per
1342 1385 1402 1412 illos
1417 1386 1495 1420 juxta
1507 1387 1630 1413 omnium
1646 1394 1709 1414 sen-

923 1429 1050 1456 tentiam.
1070 1428 1116 1457 Sic
1130 1437 1194 1465 ergo
1210 1434 1237 1457 et
1262 1438 1313 1457 nos
1328 1432 1573 1464 communicamus,
1589 1437 1616 1459 et
1633 1433 1709 1459 vobis

919 1477 949 1499 ut
964 1472 1034 1500 idem
1050 1472 1156 1500 faciatis
1168 1479 1295 1502 auctores
1305 1482 1410 1502 sumus.
1427 1476 1547 1510 Alioqui,
1558 1477 1581 1503 si
1593 1477 1711 1511 amplius

75 1522 124 1548 καὶ
145 1520 340 1555 κοινωνοῦμεν,
361 1519 485 1556 κα¹ιὺμίν
498 1520 584 1547 ταυτὺ
600 1521 686 1547 ποιεῖν
715 1520 867 1555 συμῦεδου-

922 1518 1085 1552 inquiratur,
1101 1520 1294 1554 exploduntur,
1311 1524 1340 1548 ut
1353 1520 1570 1548 demonstratum
1589 1526 1642 1554 est,
1659 1522 1710 1549 l‘a-

75 1566 198 1602 λεύμεοα
216 1566 295 1603 υἷες.
314 1566 374 1594 cod.
398 1567 423 1593 εί
448 1567 499 1593 οὐκ
513 1566 696 1601 ἀκουσόμεθα.
713 1566 735 1594 si
755 1574 805 1593 non
820 1575 869 1593 au-

75 1612 164 1648 ditis].
183 1612 262 1639 Ἐπεὶ
272 1613 296 1639 ει
312 1612 505 1648 περισσότερον
520 1611 694 1647 διηρεύνηται
704 1611 857 1647 ,ἀποκρούε

76 1666 122 1684 ται
137 1658 199 1692 μὲν,
217 1657 255 1689 ὡς
279 1656 424 1690 δέδεικται,
439 1657 474 1684 τὰ
488 1656 542 1684 τῶν
556 1657 686 1692 Πατέρων
713 1657 870 1692 παραγγέλ-

78 1712 154 1739 ματα
170 1711 178 1718 ·
197 1703 360 1739 ἔκλιμπάνει
377 1703 406 1729 δὲ
428 1702 555 1730 τοσοῦτον
579 1703 609 1729 τὸ
641 1703 691 1737 τῆς
720 1703 870 1738 ἱερωσύνης

76 1749 177 1785 δῶρον,
192 1748 236 1783 ἐφ’
249 1744 308 1782 ᾦτὺ
317 1748 476 1784 Χριστιανοὶ
492 1747 635 1775 καλεῖσθαι
650 1747 748 1783 ἔχομεν
759 1755 766 1763 ·
781 1747 819 1779 ὡς
829 1748 869 1779 είς

78 1793 192 1829 ὲῦνικὴν
206 1794 280 1828 ἡμᾶς
305 1793 470 1828 μεταπεσεῖν
491 1792 620 1829 λατρείαν
635 1800 641 1807 ·
658 1792 727 1828 ὅπερ
755 1792 867 1820 ἄτοπον.

78 1838 152 1874 Πρὸς
167 1838 198 1865 τό
210 1846 243 1873 γε
258 1839 308 1865 καὶ
322 1838 565 1874 ἀκριὸευομὲνους,
578 1837 649 1864 οὕτω
664 1837 733 1873 μηδὲ
744 1838 772 1864 ἐν
789 1837 869 1864 Δύσει

78 1884 128 1910 καὶ
145 1883 276 1919 ’Δνατολῇ
291 1883 475 1918 ἀφικομένους
492 1883 630 1918 εὑρίσκειν
641 1883 671 1910 τὸ
683 1882 851 1918 ζητούμενον
861 1902 868 1916 ,

76 1929 272 1965 ἀναδρομάδην
286 1929 511 1965 καθαιρουμένων
526 1929 636 1956 πάντων
645 1928 689 1955 διὰ
713 1928 763 1964 τῆς
786 1929 869 1965 ἀλλη-

78 1975 178 2010 λούχου
207 1975 497 2010 συλλειτουργήσεως·
537 1973 633 2009 ἐπειδὴ
656 1974 803 2010 προφανῶς
830 1974 869 2010 τῷ

85 2021 234 2056 Ῥωμαίων
247 2021 372 2057 προέδρῳ
389 2021 434 2047 ἐπὶ
448 2021 586 2056 Ταρασίου
601 2021 815 2055 συνιεράτενσαν
841 2021 866 2047 οί

79 2068 112 2094 ἑκ
127 2067 214 2094 τῶνδε
223 2067 427 2102 ἁποκρισιάριοι
435 2067 635 2098 ἀποσταλέντες
645 2074 652 2082 ·
664 2066 791 2093 κάκείνου
799 2066 870 2101 τάχα

79 2115 138 2145 τοῖς
147 2112 199 2148 τῆς
219 2112 305 2148 Ἐῲας
318 2113 383 2140 ’καὶ
396 2113 499 2148 φροῦδα
509 2112 633 2139 ἐντεῦθεν
643 2113 678 2139 τὰ
691 2112 741 2147 τῆς
756 2111 870 2147 ζερωσύ-

80 2169 131 2195 ν-ης
146 2167 153 2174 ·
166 2159 182 2186 δ
196 2158 439 2195 ἀπαγορεύσαντες
466 2158 586 2191 πάντως,
609 2157 813 2192 καταδεξάμεθα
839 2158 869 2184 ὲν

81 2205 120 2240 τῷ
147 2204 343 2240 προειρημένῳ
367 2203 438 2231 κατὰ
468 2203 533 2235 τοὺς
559 2202 652 2237 ἁγίους
681 2203 774 2238 μέτρῳ
802 2202 908 2237 στῆ-Ι)

79 2259 137 2276 ναι.

115 2294 193 2321 Διότι
207 2293 294 2320 πολλὰ
309 2293 409 2329 συνέϐη
425 2293 474 2320 καὶ
490 2292 635 2328 ωμὸαίνει
648 2293 762 2319 τοιαῦτα
776 2301 868 2327 παρα-

79 2341 219 2376 πτώματα
234 2340 264 2366 ὶν
274 2340 308 2375 τῇ
325 2339 475 2375 Ἐκκλησία
488 2347 494 2353 -
506 2339 524 2365 ἃ
534 2338 622 2370 οὐδεὶς
633 2338 687 2364 τῶν
713 2337 800 2372 ἁγίων
823 2337 868 2364 εὖ-

82 2394 165 2421 ρηται
182 2384 256 2411 οὕτω
267 2384 444 2420 διερευνήσας
454 2392 460 2398 “
477 2385 518 2411 ὅτι
530 2384 600 2419 μηδὲ
615 2380 670 2410 οἶόν
681 2391 723 2415 τε,
738 2382 801 2409 οὔτε
815 2383 870 2418 μὴν

79 2431 217 2458 ἐκδέδωκε
233 2430 378 2465 φυλάττειν
393 2430 477 2464 ἡμᾶς.
494 2429 571 2464 Ἔχει
597 2428 646 2464 μὲν
671 2427 749 2455 ταῦθ’
771 2427 868 2460 οὕτως.

79 2477 152 2511 Περὶ
167 2476 198 2502 δὲ
209 2475 257 2502 τοῦ
273 2475 504 2510 προύργιαίτερον
521 2475 588 2509 ἡμῖν
598 2473 670 2501 εἶναι
695 2474 746 2508 τῆς
777 2482 870 2508 μοιχο-

79 2521 207 2557 χιιρὼτου
220 2520 330 2547 συνόδου
345 2521 394 2556 τὴν
407 2519 467 2546 καθ’
483 2520 557 2555 ἡμᾶς
579 2518 652 2555 [cod.
684 2518 751 2554 Reg.
775 2519 846 2554 ὑμᾶς
861 2517 869 2554 ]

79 2569 209 2596 ἔνστασιν
226 2587 234 2599 ,
262 2566 426 2602 τεθαύμακα
468 2566 589 2598 ἀκούσας
610 2574 617 2580 ·
648 2565 776 2592 τοσοῦτον
815 2565 870 2600 γὰρ

79 2613 282 2650 προτιμοτέρα,
295 2613 358 2640 ὅσον
373 2611 555 2647 ἀποπολικῆς
570 2611 662 2647 φωνῆς
672 2612 689 2646 ὴ
731 2611 868 2646 Κυριακή.

116 2702 174 2730 Καὶ
188 2701 265 2728 οὔπω
278 2700 351 2736 λέγω
363 2700 404 2728 ὅτι
415 2701 551 2736 Ταράσιος
561 2699 610 2726 οὐκ
621 2698 752 2734 ἐκήρυξεν
764 2699 792 2725 ὲν
806 2699 872 2734 χρή-

81 2759 150 2785 μασι
164 2747 388 2784 χειροτονεῖσθαι.
412 2747 493 2774 ’Δλλὰ
507 2747 554 2774 καὶ
569 2747 632 2778 τοὺς
653 2746 790 2777 τοιούτους
806 2747 871 2781 ὀμο-

80 2795 170 2829 λογῶν
187 2794 226 2829 μὴ
239 2793 366 2829 δέχεσθαι
383 2793 453 2820 κατὰ
469 2792 499 2820 τὸ
514 2792 664 2828 προφανές·
680 2789 731 2818 ὧδε
744 2791 771 2818 δὲ
786 2792 873 2826 δόγμα

82 2839 155 2866 κατά
166 2847 194 2867 τε
212 2838 258 2866 τοῦ
275 2837 456 2873 Εὑαγγελίον,
473 2837 520 2865 τοῦ
543 2846 572 2864 τε
588 2837 755 2873 Προδρόμυυ,
776 2837 828 2863 τῶν
844 2845 871 2863 τε

923 1567 992 1590 trum
1007 1564 1158 1596 monita,et
1180 1565 1286 1592 irritum
1309 1565 1338 1592 ﬁt
1354 1565 1451 1601 ingens
1475 1566 1539 1593 illud
1565 1567 1710 1594 sacerdotii

922 1617 1034 1641 munus,
1052 1617 1099 1644 per
1110 1610 1182 1645 quod
1205 1610 1424 1638 Christianorum
1456 1620 1556 1640 nomen
1583 1612 1711 1648 adipisci-

923 1661 1003 1680 mur:
1022 1659 1050 1681 ut
1077 1655 1111 1681 ad
1130 1655 1257 1682 ellmicos
1273 1656 1342 1684 ritus
1366 1657 1457 1684 delabi
1486 1665 1536 1684 nos
1559 1662 1710 1692 oporteat:

921 1699 993 1734 quod
1008 1705 1050 1727 est
1071 1701 1228 1729 absurdum.
1250 1702 1434 1738 Praatcrquam
1457 1704 1530 1738 quod
1558 1704 1595 1731 ita
1620 1705 1711 1740 inqui-

922 1749 1024 1779 rentes,
1041 1751 1069 1774 et
1084 1747 1118 1774 ad
1133 1748 1302 1776 occidentem
1331 1754 1413 1784 atque
1436 1750 1469 1777 ad
1487 1750 1619 1778 orientem
1647 1759 1710 1786 pro-

921 1790 1018 1825 gressi,
1039 1799 1174 1826 nusquam
1195 1793 1336 1828 reperiunt
1352 1794 1425 1828 quod
1437 1800 1571 1829 quarunt,
1583 1796 1710 1822 omnibus

922 1845 1030 1864 sursum
1061 1846 1155 1865 versus
1185 1839 1331 1873 depositis,
1358 1844 1469 1875 propter
1494 1845 1616 1867 mutuam
1637 1841 1710 1868 inter

921 1883 995 1918 ipsos
1013 1892 1152 1914 sacrorum
1174 1885 1354 1913 societatem:
1373 1886 1596 1921 quandoquidem
1617 1887 1705 1914 mani-

921 1928 1019 1956 festum
1038 1935 1089 1962 est,
1119 1929 1223 1957 Tarasii
1243 1931 1411 1965 temporibus
1432 1932 1622 1966 apocrisiarios
1644 1932 1709 1960 hinc

921 1974 1020 2002 missos
1032 1983 1107 2003 sacra
1121 1976 1258 2011 peregisse
1276 1984 1339 2004 cum
1367 1977 1490 2005 Romano
1512 1978 1645 2011 antistite,
1665 1984 1709 2006 at-

920 2026 973 2053 que
985 2019 1066 2054 hujus
1081 2019 1197 2047 fortasse
1206 2028 1269 2048 cum
1285 2022 1482 2049 orientalibus:
1504 2023 1619 2058 indeque
1633 2031 1708 2051 cassa

921 2069 962 2092 est
981 2064 1070 2092 omnis
1086 2066 1155 2093 ratio
1170 2066 1314 2094 sacerdotii
1328 2075 1335 2093 :
1350 2068 1422 2101 quod
1439 2069 1553 2096 omnino
1572 2077 1705 2104 respuen-

922 2114 974 2143 tcs,
992 2110 1019 2137 in
1031 2111 1162 2145 praedicta
1182 2112 1335 2140 secundum
1349 2118 1460 2142 sanctos
1474 2114 1532 2150 lege
1556 2120 1629 2143 stare
1651 2123 1708 2142 am-

921 2155 1082 2190 plectemur.

955 2290 1024 2324 Quia
1053 2291 1146 2319 multze
1164 2291 1339 2328 contigerunt
1365 2297 1585 2328 contmguntque
1612 2292 1708 2327 hujus-

921 2337 993 2364 modi
1013 2337 1179 2366 otl‘ensiones
1201 2339 1228 2366 in
1244 2339 1376 2371 Ecclesia,
1391 2346 1458 2374 quas
1482 2339 1572 2365 nullus
1587 2346 1707 2373 unquam

920 2386 1077 2409 sanctorum
1093 2382 1129 2410 ita
1161 2383 1269 2411 curiose
1294 2383 1437 2419 indagasse
1469 2384 1588 2419 legitur:
1613 2391 1646 2411 ac
1674 2391 1708 2411 ne

922 2426 978 2453 ﬁeri
994 2427 1103 2461 quidem
1120 2427 1145 2455 id
1164 2428 1267 2462 possit:
1286 2436 1371 2463 quare
1391 2437 1442 2456 nec
1464 2430 1543 2457 nobis
1557 2420 1707 2457 observan-

921 2471 985 2498 dum
1013 2473 1192 2501 tradiderunt.
1209 2474 1298 2508 Atque
1311 2475 1369 2502 hzec
1396 2475 1422 2501 in
1441 2476 1513 2503 hunc
1528 2476 1649 2504 modum.
1671 2477 1709 2504 Dc

922 2517 973 2544 hac
982 2525 1046 2544 vero
1057 2519 1235 2546 contentione
1250 2524 1355 2552 nostra,
1369 2520 1440 2554 quod
1453 2520 1545 2548 utilior
1556 2521 1634 2548 nobis
1653 2530 1707 2549 nou

922 2564 957 2591 sit
970 2572 1051 2599 quam
1067 2566 1186 2600 synodus
1206 2573 1267 2600 quae
1281 2566 1398 2593 mmchis
1410 2566 1608 2600 patrocinatur,
1626 2567 1708 2594 mira-

923 2614 966 2637 tus
993 2617 1054 2637 sum
1068 2617 1130 2638 cum
1144 2611 1253 2638 audivi:
1272 2615 1347 2638 tanto
1361 2611 1434 2638 enim
1460 2611 1505 2638 illa
1516 2612 1707 2646 praestabilior,
1751 2645 1754 2648 ν

921 2660 1024 2690 quanto
1040 2655 1146 2683 Domini
1159 2664 1208 2684 vox
1228 2657 1402 2691 apostolicam
1420 2657 1566 2684 antecedit.

958 2700 1050 2735 Neque
1064 2701 1091 2729 id
1104 2705 1209 2728 tantum
1227 2702 1304 2734 dico,
1319 2710 1373 2729 nou
1387 2702 1503 2729 edixisse
1519 2701 1662 2729 Tarasium
1679 2707 1710 2729 ut

923 2754 971 2781 per
984 2747 1129 2781 pecuniam
1144 2747 1279 2774 ordinatio
1293 2748 1369 2774 ﬁeret
1386 2756 1392 2774 :
1408 2747 1455 2775 sed
1469 2746 1618 2781 professum
1647 2754 1708 2773 esse

924 2799 953 2819 se
971 2791 1038 2818 tales
1053 2799 1106 2818 non
1122 2792 1257 2826 recipere,
1278 2792 1347 2818 sicut
1360 2792 1447 2826 palam
1459 2797 1510 2819 est.
1527 2791 1605 2818 Nunc
1617 2797 1707 2819 autem

924 2837 1021 2872 dogma
1038 2837 1167 2866 adversus
1181 2837 1356 2873 Evangelium
1369 2842 1396 2865 ct
1410 2837 1607 2866 l‘raecursorcm
1621 2842 1649 2866 et
1662 2845 1709 2865 ca-
