1926 3078
202 147 270 178 1107

800 147 830 176 S.
850 146 1048 178 THEODORI
1069 147 1243 177 STUDlT/E

1772 148 1844 181 1108

201 213 299 236 nones,
316 201 446 239 synodice
463 210 512 237 per
536 202 664 230 adulterii
687 203 855 238 copulatoris
878 211 994 238 suscep-

1057 205 1176 238 ιανόνων,
1193 205 1340 236 συνοδικῶς
1354 205 1398 232 διὰ
1410 205 1460 240 τῆς
1476 205 1524 233 τοῦ
1544 205 1738 242 μοιχοζεύκτου
1750 216 1846 244 παρα-

203 250 304 278 tionem
336 246 536 283 promulgatum
567 250 623 279 est,
649 247 739 274 scelus
762 247 995 281 dispensationem

202 303 262 323 esse
290 294 426 325 sanciens,
451 300 483 320 ac
510 293 654 327 episcopos
683 296 712 319 et
739 292 907 323 sacerdotes.
933 300 996 320 cum

202 340 333 371 libuerit;
353 339 548 366 auctoritatem
562 337 590 365 in
606 345 728 365 canones
745 337 870 365 habere:
886 345 934 366 eos
950 339 997 373 qui

201 387 296 414 eadem
313 394 366 412 non
382 385 515 417 sentiunt,
529 384 766 412 anathematizans
781 389 809 411 et
832 384 900 411 diris
915 385 998 412 devo-

202 439 268 458 vens
282 451 289 463 ,
310 434 339 457 ut
354 430 440 457 scitis.
464 428 521 456 Hoc
538 429 782 456 lconomachorum
798 428 895 456 haeresi
909 449 916 460 ,
946 429 999 456 etsi

202 477 354 512 posterius,
375 481 402 503 at
414 484 469 502 non
486 476 576 503 levius
588 475 725 502 videbitur
738 475 781 510 pie
797 474 999 502 consideranti-

203 526 254 552 bus
276 534 282 551 :
307 531 424 559 quorum
444 523 573 558 precibus
593 523 724 550 Dominus
741 522 841 549 malum
859 522 1000 557 depellens

203 571 348 606 pristinam
364 578 459 605 pacem
476 570 572 596 reddat
588 569 716 596 Ecclesia:
732 576 798 596 suae.
815 568 998 603 Praeterquam

202 617 287 652 quod,
310 621 341 644 ut
363 616 495 651 scripsisti
511 635 518 648 ,
543 615 660 642 alterum
678 615 712 641 ab
727 614 814 642 altero
833 614 955 649 pellitur,
971 619 1000 641 et

202 663 252 690 sibi
266 661 532 697 cohaerentcognitio
543 666 569 688 et
584 660 723 696 abrogatio
737 660 848 687 scoleris
860 667 916 694 quo
929 667 1001 695 prm-

204 714 245 735 ler
266 708 353 742 legem
373 707 444 735 facta
463 707 622 741 conjunctio
643 711 694 734 est.
719 706 884 733 Incolumem
906 710 934 733 et
951 713 1001 740 pro

205 754 356 781 humilitate
371 757 463 781 nostra
482 758 616 786 orantem,
632 760 695 780 cum
709 756 764 779 tota
782 751 886 779 familia
902 751 997 779 Domi-

203 808 257 828 nus
277 805 304 827 te
321 803 485 833 conservet,
507 799 658 827 amicorum
679 799 766 835 prime
779 819 786 831 ,
809 803 837 826 et
854 798 1000 826 zelantium

204 854 336 874 maxime.

401 915 466 942 LIV.
487 931 519 935 —
535 915 617 942 Anna:
637 915 796 950 pra-positw.

1050 250 1131 286 δοχῆς
1144 250 1346 286 ὲκπεφώνηται,
1364 250 1492 285 βεϐαιοῦν
1511 251 1561 288 τὴν
1583 253 1756 288 παρανομίαν
1771 255 1846 281 οικο-

1050 295 1158 330 νομίαν,
1174 295 1238 326 τούς
1251 304 1281 322 τε
1298 296 1429 330 ίεράρχας
1447 296 1494 323 καὶ
1509 297 1594 332 ἱερεῖς
1607 297 1707 324 ὁπόταν
1725 297 1847 332 βούλων-

1048 349 1094 367 ται
1111 341 1280 373 ὲξουσιάζειν
1301 342 1355 368 τῶν
1371 342 1505 369 κανόνων·
1527 343 1575 369 καὶ
1597 343 1661 374 τοὺς
1683 343 1721 379 μὴ
1745 344 1846 371 ταυτὸν

1049 387 1216 422 φρονοῦντας
1227 388 1427 422 ἀναθεματίζον
1439 388 1487 414 καὶ
1495 389 1703 424 ἐκσκορακίζον,
1715 389 1847 425 καθάπερ

1050 434 1118 460 ἴστε.
1142 433 1228 460 Τοῦτο
1254 433 1367 466 καὶτῆς
1382 434 1567 469 Εἰκονομὰχου
1590 435 1733 469 αἱρέσεως,
1750 436 1775 461 εί
1797 436 1848 462 καὶ

1049 478 1188 514 δεύτερον,
1203 478 1262 505 ἀλλ’
1277 479 1328 505 οὐκ
1341 478 1452 506 ἔλαττον
1463 480 1520 508 τοῖς
1534 479 1657 511 εὐσεϐῶς
1669 479 1847 515 ἀναθεωροῦ-

1051 532 1105 551 etv.
1124 521 1175 551 ’Ὧν
1190 525 1205 550 ό
1221 524 1324 559 Κύριος
1351 526 1412 556 ταῖς
1437 525 1531 560 εὐχαῖς
1557 524 1681 552 ἐκποδὼν
1704 525 1734 552 τὺ
1759 525 1848 552 κακὸν

1051 570 1121 604 ἄρας
1136 569 1319 604 πρυτανεὺσοι
1337 570 1450 605 εἰρήνην
1466 571 1504 602 ὡς
1520 570 1550 597 τὸ
1567 570 1697 606 ἀπαρχῆς
1710 571 1744 606 τῇ
1760 569 1848 596 αὐτοῦ

1052 615 1211 651 Ἐκκλησίᾳ.
1224 615 1297 651 Πλὴν
1315 616 1366 647 ὃτι,
1385 616 1455 643 καθὰ
1471 616 1623 651 γέγραφας,
1647 616 1772 651 θάτερον,
1793 616 1849 642 ὑπὸ

1052 661 1167 696 θατέρου
1194 661 1332 696 βάλλεται,
1350 662 1395 688 καὶ
1423 661 1564 697 διάλληλος
1588 663 1605 698 ὴ
1628 662 1777 696 ἐπίγνωσις
1799 662 1850 689 καὶ

1052 705 1130 737 λύσις
1158 706 1209 741 τῆς
1232 706 1422 742 ἀνομοδέσμου
1439 707 1576 742 πράξεως.
1595 707 1779 743 Ἐρρωμένον,
1797 706 1851 733 καὶ

1052 751 1201 786 εὐχόμενον
1216 752 1288 787 ὑπὲρ
1304 752 1353 787 τῆς
1367 751 1558 783 ταπεινώσεως
1576 752 1655 787 ἡμῶν
1669 751 1817 779 πανέστιον
1835 752 1851 778 6

1053 796 1156 832 Κύριός
1170 805 1200 823 σε
1211 797 1394 832 διαφυλάξοιε,
1409 797 1493 833 φίλων
1505 797 1707 834 πρώτιστεριαὶ
1718 797 1850 833 ζηλωτῶν

1054 843 1197 879 κράτιστε.

1230 911 1293 938 NA’.
1312 912 1448 946 -Ἅννῃ
1462 911 1628 947 ἡγουμένη.
1651 911 1740 948 [σοδ’.]

763 973 858 998 Laudat
869 974 924 1005 ejus
933 974 1053 1005 pietatem
1064 976 1123 1002 erga
1134 969 1276 995 monachos.

240 1027 310 1060 Quid
325 1026 454 1054 distulisti
469 1027 502 1054 ad
520 1034 571 1054 nos
584 1027 717 1058 scribere,
733 1034 766 1053 ac
781 1026 817 1054 de
833 1026 915 1053 rebus
936 1033 1002 1053 san-

1089 1022 1123 1049 Τί
1141 1022 1295 1049 ὑπεστείλω
1308 1021 1356 1048 τοῦ
1372 1022 1489 1058 γράφειν
1509 1021 1558 1049 κιιιλ⁸
1576 1022 1721 1057 γνωρίζειν
1735 1023 1802 1058 ἡμῖν
1814 1023 1849 1050 τὰ

205 1071 309 1100 ctitatis
330 1076 383 1099 tuae
409 1072 550 1099 indicare?
573 1070 627 1099 Nos
645 1079 711 1098 vero
724 1071 811 1098 multo
828 1070 921 1098 minus
937 1077 1001 1105 pro-

207 1121 299 1151 pterea
313 1116 478 1143 desistemus
491 1135 498 1147 ,
521 1115 621 1150 partim
639 1115 750 1150 quidem
767 1115 831 1150 quia
846 1115 949 1142 humile
970 1122 1001 1142 os

178 1188 180 1190 .
206 1167 330 1190 nostrum
352 1162 408 1196 jam
433 1161 519 1188 semel
537 1161 712 1196 aperuimus;
733 1161 831 1196 partim
854 1161 889 1188 ob
912 1161 1002 1188 zelum

207 1213 285 1236 tuum
302 1208 442 1240 divinum,
456 1211 484 1234 et
496 1207 638 1234 ardentem
658 1207 799 1242 pietatem.
820 1207 908 1234 Audio
928 1207 1003 1234 enim

208 1258 234 1280 te
251 1252 369 1280 assiduis
384 1260 449 1288 erga
465 1251 564 1279 fratres
584 1256 694 1280 nostros
713 1252 855 1280 beneﬁciis
871 1260 926 1280 non
943 1253 1004 1280 fati-

207 1299 287 1334 gari,
304 1299 357 1326 huc
373 1298 491 1333 illucque
506 1298 719 1331 circumeundo,
739 1304 766 1326 et
780 1299 891 1326 obvium
905 1307 1003 1334 quem~

207 1353 262 1380 que
273 1345 414 1372 tractando
431 1345 653 1379 perhumaniter,
669 1345 822 1380 votivisque
837 1345 929 1373 verbis
943 1350 1004 1372 tan-

207 1399 289 1426 quam
304 1391 407 1419 Christi
426 1391 582 1418 ministrum
597 1391 800 1426 prosequendo.
817 1390 839 1419 0
854 1392 1006 1426 pulcherri-

208 1445 281 1466 mam
295 1438 367 1465 hanc
386 1442 459 1465 tuam
475 1438 685 1472 occupationem
699 1439 705 1465 l
721 1445 738 1465 ο
754 1437 912 1473 vigilantem
927 1438 953 1464 in
969 1438 1005 1465 di-

208 1484 279 1511 vinis
292 1484 375 1511 rebus
390 1491 496 1510 sacram
511 1483 630 1510 animam
645 1487 719 1510 tuam
733 1484 739 1510 l
755 1484 849 1518 Neque
860 1484 932 1511 enim
949 1484 1006 1511 sola

209 1534 274 1558 sunt
292 1530 342 1557 ista
357 1535 384 1557 et
398 1529 495 1562 unica;
517 1525 564 1557 sed
593 1529 665 1557 fetus
682 1530 796 1557 aliarum
814 1530 963 1563 virtutum,
978 1534 1006 1557 et

209 1573 385 1602 fecunditatis
396 1579 449 1602 tum
462 1574 613 1609 spiritualis
627 1575 800 1611 propagines.
810 1575 945 1608 Quoniam
955 1583 1007 1603 nec

209 1618 268 1646 fieri
283 1623 373 1654 potest
386 1625 416 1646 ut
430 1626 486 1646 non
502 1619 571 1646 bene
585 1619 724 1654 oleat,qui
739 1624 876 1654 unguenta
888 1619 1006 1646 circum-

209 1666 280 1692 ierat
294 1673 300 1692 :
321 1673 410 1700 neque
426 1669 454 1692 ut
471 1673 526 1692 non
545 1665 636 1693 luceat
653 1666 700 1700 qui
721 1665 808 1693 facem
822 1669 921 1700 gestet.
937 1665 1006 1693 llinc

209 1710 292 1746 igitur
306 1718 502 1746 usquequaque
519 1710 729 1746 dignoscuntur,
743 1718 776 1737 ac
788 1710 961 1745 potissimum
977 1710 1005 1738 in

211 1757 454 1791 persccutionibus
469 1765 519 1792 pro
534 1757 646 1784 Christo
656 1777 663 1789 ,
678 1757 791 1791 quinam
808 1757 865 1783 sint
878 1756 1008 1784 sanctita-

211 1802 246 1829 tis
260 1807 413 1835 amatores,
433 1807 462 1830 et
480 1802 550 1830 beati
566 1810 573 1834 ;
591 1802 704 1836 quinam
725 1806 820 1829 contra
837 1801 955 1836 improbi
981 1804 1009 1829 et

211 1847 340 1875 bonitatis
355 1853 481 1883 expertes
495 1857 501 1875 :
523 1848 700 1883 quantumvis
715 1847 845 1876 interiora
866 1851 941 1875 recte
957 1847 1008 1875 ba-

210 1894 287 1926 bere,
302 1899 415 1922 externa
432 1894 524 1930 specie
541 1894 789 1922 assimulent.......

433 1960 488 1991 LV.
503 1977 538 1982 -—
548 1961 632 1988 Iremr.
646 1961 777 1996 patricia‘.

1052 1068 1103 1103 τῆς
1119 1068 1259 1104 όσιότητός
1282 1076 1349 1100 σου;
1373 1068 1469 1103 Ἡμεῖς
1485 1068 1514 1095 δὲ
1531 1068 1575 1095 διὰ
1591 1067 1669 1094 τοῦτο
1690 1068 1791 1104 μᾶλλον
1817 1069 1849 1096 οὑ

1052 1114 1237 1149 διαλείψομεν.
1260 1113 1296 1140 Τὸ
1319 1114 1369 1148 μὲν
1391 1113 1434 1140 διὰ
1460 1113 1491 1140 τὸ
1511 1113 1585 1147 ἅπαξ
1610 1115 1683 1149 ἡμᾶς
1699 1115 1804 1147 ἀνοῖξαι
1820 1115 1851 1142 τὸ

1053 1160 1181 1188 ταπεινὸν
1199 1160 1286 1196 στόμα
1298 1168 1305 1176 ο
1323 1160 1354 1186 τὸ
1372 1160 1400 1186 δὲ
1416 1159 1460 1186 διὰ
1473 1159 1520 1186 τὸν
1539 1160 1608 1187 κατά
1623 1161 1689 1187 Θεὸν
1706 1169 1753 1188 σου
1768 1161 1851 1197 ζῆλον

1054 1205 1103 1233 καὶ
1115 1205 1268 1240 πυρίπνουν
1281 1205 1421 1232 εὐσέϐεαν.
1436 1205 1611 1240 Πυνθάνομαι
1624 1205 1679 1241 γάρ
1690 1215 1719 1233 σε
1731 1206 1852 1242 ἄληκτον

1054 1251 1127 1287 ἔχειν
1140 1251 1172 1278 τδ
1188 1251 1254 1287 περὶ
1271 1251 1336 1283 τοὺς
1348 1251 1480 1286 ἀδελφοὺς
1490 1251 1569 1286 ἡμῶν
1577 1252 1762 1287 εὐποιητικιν,
1774 1253 1852 1280 ἐνθεν

1055 1297 1183 1324 κάκεῖθεν
1199 1297 1391 1334 περιθέουσαν,
1411 1298 1458 1324 καὶ
1476 1298 1593 1326 ἕκαστον
1609 1299 1654 1326 τὸν
1669 1300 1852 1335 παρατυγχά-

1055 1352 1136 1370 νοντα
1152 1343 1330 1379 δεξιουμένην
1345 1343 1557 1380 φιλανθρώπως,
1573 1345 1621 1372 καὶ
1638 1346 1695 1377 τοῖς
1711 1345 1853 1376 εὐκταίοις

1057 1390 1160 1425 ῥήμασι
1172 1390 1414 1425 παραπέμπουσαν
1426 1390 1465 1422 ὡς
1476 1391 1595 1426 Χριστοῦ
1609 1390 1742 1418 διάκονον.
1758 1392 1792 1419 Ὢ
1803 1392 1852 1427 τῆς

1057 1436 1207 1472 καλλίστης
1223 1445 1270 1463 σου
1286 1437 1388 1472 ταύτης
1404 1437 1614 1474 πραγματείας]
1638 1437 1660 1464 ὣ
1682 1438 1731 1473 τῆς
1747 1446 1852 1473 γρηγοο

1058 1482 1158 1517 ρούσης
1171 1489 1219 1507 σου
1236 1482 1300 1516 περὶ
1316 1481 1350 1508 τὰ
1362 1481 1419 1508 θεῖα
1433 1482 1509 1517 ἱερᾶς
1524 1482 1629 1518 ψυχῆςῐ
1644 1482 1681 1509 Οὐ
1697 1482 1752 1518 γὰρ
1767 1483 1853 1517 ὀρφα-

1057 1527 1121 1554 νικὰ
1137 1526 1234 1554 ταῦτα.
1256 1527 1452 1562 ’Λποκυήματα
1467 1527 1495 1554 δὲ
1511 1528 1612 1562 ἐτέρων
1631 1527 1749 1563 ἀρετῶν,
1767 1528 1852 1564 ἤγουν

1059 1572 1243 1608 προὸλήματα
1272 1572 1323 1607 τῆς
1353 1572 1543 1608 πνευματικῆς
1569 1581 1616 1599 σου
1641 1573 1851 1608 πολυκαρπίας·

1058 1618 1120 1644 ἐπεὶ
1134 1618 1195 1645 οὐδὲ
1209 1615 1265 1645 οἷόν
1279 1626 1309 1644 τε
1330 1617 1368 1654 μὴ
1384 1618 1494 1645 εὐωδεῖν
1509 1619 1555 1645 τὸν
1566 1619 1765 1654 ἐπιφερόμενον
1779 1619 1854 1654 ἀρώ-

1061 1672 1150 1700 ματα·
1172 1664 1241 1700 μηδέ
1269 1664 1473 1700 λαμπαδουχεῖν
1499 1665 1546 1692 τὸν
1565 1665 1734 1700 φωτοφόρον.
1749 1665 1854 1692 Διαδεί-

1058 1719 1171 1738 κνυνται
1192 1710 1284 1738 τοίνυν
1308 1710 1434 1737 ἐντεῦθεν
1458 1711 1574 1737 πάντοτε
1597 1711 1644 1738 καὶ
1663 1713 1785 1745 πάντως,
1806 1711 1854 1738 καὶ

1058 1755 1177 1791 μάλιστα
1194 1757 1224 1783 ἐν
1236 1757 1293 1787 τοῖς
1306 1757 1376 1792 ὑπὲρ
1388 1757 1507 1792 Χριστοῦ
1522 1757 1662 1792 διωγμοῖς,
1676 1757 1749 1788 τινες
1765 1757 1790 1783 οἱ
1804 1757 1854 1792 τῆς

1058 1802 1197 1836 ὁσιότητος
1219 1802 1334 1839 ἐρασταὶ
1349 1802 1396 1828 καὶ
1413 1801 1540 1835 θεὸλσιοι,
1554 1802 1602 1828 καὶ
1617 1802 1690 1833 τινες
1714 1802 1740 1828 οι
1753 1802 1855 1836 φαυλό-

1058 1856 1139 1884 τητος
1151 1848 1198 1874 καὶ
1210 1847 1409 1884 ἀμοιράγαθοι·
1424 1847 1476 1875 κᾶν
1486 1847 1524 1882 τῷ
1534 1846 1587 1880 ἔξω
1600 1849 1721 1884 σχήματι
1732 1847 1767 1874 τὰ
1780 1847 1856 1876 ἔνδον

1059 1892 1150 1925 καλῶς
1165 1892 1238 1929 ἔχειν
1252 1893 1498 1929 ὑποπλαττόμενοι.
1505 1913 1522 1920 ..
1533 1894 1584 1929 (Ι).

1220 1959 1283 1987 ΝΕ’.
1300 1959 1456 1995 -Ειρήνῃ
1473 1961 1626 1996 πατρικιφέ

618 2019 650 2045 Ut
666 2019 777 2044 scribere
796 2021 892 2051 pergat.
906 2019 970 2044 Tum
983 2018 1015 2043 de
1026 2018 1085 2043 ﬁlia:
1097 2018 1181 2043 morbo
1192 2017 1321 2042 dolentem
1333 2018 1437 2042 solatur.

247 2073 344 2100 Philtri
363 2073 504 2109 cujusdam
522 2073 575 2100 vim
596 2073 679 2101 habet
694 2064 847 2100 litterarum
859 2072 1006 2101 collocutio

211 2119 339 2147 atYectum
355 2119 520 2154 ingencrans
533 2119 560 2146 in
575 2120 674 2147 animis
684 2119 835 2146 amantium
853 2128 858 2146 :
876 2124 1006 2153 tantoque

211 2164 298 2200 magis
313 2185 321 2197 ,
339 2168 443 2199 quanto
459 2164 541 2192 fuerit
561 2166 695 2192 sermonis
712 2164 924 2192 communicatio
950 2164 1006 2191 fre-

211 2209 339 2244 quentior
354 2229 361 2242 ,
387 2209 504 2236 latentes
527 2209 627 2236 amoris
649 2209 782 2236 scintillas
805 2208 1006 2243 quodammodo

212 2256 404 2287 exsuscitans,
431 2260 460 2282 et
481 2263 607 2290 magnam
637 2254 840 2289 conjunctionis
867 2254 1007 2281 benevola:

213 2302 348 2330 ﬂammam
367 2301 528 2329 incendens.
558 2301 653 2328 Simile
672 2301 800 2336 quiddam
821 2305 847 2328 et
879 2300 907 2327 ln
928 2300 1008 2328 nobis

215 2348 364 2375 humilibus
384 2347 476 2374 ell'ecit
492 2345 607 2381 epistula
627 2346 768 2373 suavitatis
783 2350 852 2377 tum,
877 2345 1007 2380 spiritua-

213 2395 265 2421 lem
282 2393 342 2427 ejus
357 2392 575 2420 benevolentiam
593 2391 778 2426 multiplicans
790 2411 797 2423 .
815 2391 1008 2425 memoriieqne

1095 2071 1275 2108 Φιλτροποιόν
1287 2080 1314 2098 τι
1328 2072 1446 2107 πρᾶγμα
1460 2072 1477 2107 ὴ
1491 2073 1674 2109 γραμματικὴ
1689 2074 1857 2110 προσφώνη-

1061 2128 1113 2152 σις,
1131 2119 1225 2154 σχέσιν
1255 2118 1407 2154 ἐμποιοῦσα
1432 2119 1495 2150 ταῖς
1517 2119 1618 2155 ψυχαῖς
1640 2119 1696 2146 τῶν
1713 2119 1855 2156 ἐρώντων.

1061 2165 1117 2193 Καὶ
1135 2164 1261 2192 τοσοῦτον
1276 2164 1353 2200 [Reg.
1371 2165 1433 2192 cod.
1454 2165 1612 2200 τοσαύτην],
1624 2165 1734 2201 ὅσῳπερ
1755 2165 1791 2192 ἂν
1808 2166 1858 2193 καὶ

1061 2209 1186 2245 πυκνάζῃ
1210 2210 1227 2245 ἡ
1251 2209 1364 2244 ὁμιλία¹
1389 2209 1472 2236 οἱονεὶ
1493 2210 1717 2237 ἀνασκαλεύουσα
1733 2210 1800 2241 τοὺς
1814 2211 1858 2237 ἐν-

1061 2254 1260 2289 αποκειμένους
1275 2254 1425 2289 ἐρωτικοὺς
1437 2254 1598 2290 σπινθῆρας,
1615 2255 1662 2281 καὶ
1682 2254 1785 2290 πολλὴν
1805 2255 1858 2289 τὴν

1060 2299 1238 2335 ἁγαπητικὴν
1249 2299 1370 2326 διάθεσιν
1385 2299 1564 2326 ἀνακαίουσα.
1582 2300 1715 2326 Τοσοῦτόν
1725 2308 1752 2326 τι
1767 2300 1816 2326 καὶ
1826 2301 1859 2326 ἐν

1061 2347 1128 2381 ἡμῖν
1144 2347 1201 2377 τοῖς
1213 2346 1351 2378 ταπεινοῖς
1365 2345 1554 2381 ἀπειργάσατο
1568 2346 1584 2380 ἡ
1601 2337 1732 2381 ἐπιστολὴ
1743 2347 1794 2381 τῆς
1807 2347 1859 2382 ἐμ-

1064 2392 1175 2427 μελείας
1189 2400 1247 2424 σου,
1265 2391 1508 2419 πλυπλασιάσασα
1529 2392 1579 2427 τὴν
1600 2392 1793 2426 πνευματικὴν
1811 2400 1858 2426 φι-

215 2438 341 2473 sgniculis
356 2437 540 2473 vegetioribus
565 2437 698 2464 insidens.
721 2437 804 2464 Utere
824 2436 915 2472 igitur,
928 2436 1004 2470 pien-

1061 2438 1121 2465 λίαν
1135 2437 1231 2471 αὐτῆς,
1240 2438 1288 2463 καὶ
1298 2438 1332 2464 τά
1344 2437 1393 2471 τῆς
1407 2437 1517 2473 μνήμης
1527 2436 1730 2472 ἐμπυρεύματα
1739 2437 1860 2472 ἀκμαιό-

215 2483 320 2510 lissima
336 2483 451 2510 Domina
463 2504 471 2516 ,
495 2483 548 2510 hoc
560 2483 662 2511 amoris
676 2483 842 2518 pharmaco;
864 2489 896 2509 ac
918 2482 952 2509 de
966 2487 1010 2509 tua

215 2531 374 2559 valetudine
389 2535 418 2558 et
432 2530 616 2565 prosperitate
634 2529 716 2556 nobis
730 2527 863 2562 signiﬁca.
879 2527 1012 2555 Novimus

217 2578 290 2605 enim
312 2581 447 2612 perpetuo
475 2576 610 2603 virentem
633 2574 743 2602 virtutis
770 2578 823 2600 tua:
848 2572 960 2605 ﬂorem,
984 2578 1012 2600 et

219 2623 328 2658 pietatis
342 2621 539 2650 abundantiam
555 2628 587 2648 ex
603 2620 636 2646 iis
649 2627 709 2654 qum
724 2618 896 2648 audivimus,
910 2622 938 2644 et
951 2625 1012 2652 qua:

219 2676 292 2696 nunc
309 2669 392 2696 etiam
409 2668 538 2696 audimus
553 2675 560 2694 :
581 2671 609 2693 et
619 2665 720 2700 quibus
735 2671 785 2691 nos
802 2664 853 2699 ipsi
871 2663 1013 2691 beneﬁciis

220 2716 309 2745 allecti
332 2723 427 2744 sumus
446 2719 474 2743 et
490 2713 622 2742 atlicimur
643 2712 811 2739 etiamnum:
836 2710 893 2737 sive
918 2717 1011 2737 vocem

1060 2491 1128 2516 τερα
1143 2481 1313 2514 ἐνιζάνουσα.
1326 2481 1392 2516 Χρῶ
1407 2481 1564 2517 τοιγαροῦν,
1580 2481 1779 2515 θεοσεσεστάτη
1797 2482 1858 2508 Κυ-

1062 2528 1120 2564 ρία.
1139 2527 1180 2563 τῷ
1203 2527 1370 2563 ἀγαπητικῷ
1393 2527 1462 2562 τῷδε
1486 2527 1642 2562 φαρμάκῳ”
1665 2527 1712 2554 καὶ
1738 2526 1859 2562 γνὼριζε

1061 2575 1128 2609 ἡμῖν
1147 2573 1182 2600 τὰ
1197 2574 1246 2609 τῆς
1258 2573 1367 2606 εὐεξίας
1383 2574 1431 2601 καὶ
1442 2572 1595 2609 εὐπραξίας
1610 2581 1668 2600 σου.
1683 2573 1781 2608 Ἰσμεν
1803 2573 1861 2607 γὰρ

1061 2620 1092 2646 τὺ
1103 2619 1164 2646 κατ’
1178 2619 1279 2654 ἀρετήν
1296 2628 1343 2645 σου
1357 2618 1483 2650 ἀειθαλὲς
1494 2620 1540 2651 καὶ
1555 2618 1714 2655 ποριστικὸν
1727 2619 1767 2650 εἰς
1781 2618 1861 2644 εὐσέ-

1066 2665 1144 2691 6ειαν
1157 2664 1186 2698 ἐξ
1199 2661 1236 2691 ὧν
1248 2673 1279 2691 τε
1293 2665 1464 2700 ἀκηκόαμεν,
1481 2665 1528 2691 καὶ
1543 2664 1627 2692 εἰσέτι
1639 2664 1794 2698 ἀκούομεν*
1810 2663 1861 2690 καὶ

1068 2711 1115 2745 ἀφ’
1126 2707 1165 2738 ὦν
1183 2711 1263 2746 ἡμεῖς
1276 2710 1353 2737 αὐτοὶ
1382 2709 1411 2737 εὖ
1428 2709 1605 2746 πεπόνθαμεν
1634 2709 1682 2737 καὶ
1697 2709 1841 2746 πάσχομεν
1851 2717 1859 2724 ·

983 2789 1098 2818 ΝΟΤΛΞ.

262 2858 300 2892 (1)
319 2857 423 2884 Desunt
447 2854 589 2888 nonnulla,
606 2857 635 2881 ut
651 2852 787 2887 conjicere
809 2856 848 2879 est
865 2859 896 2880 c.\
916 2851 1004 2885 spatio
1023 2857 1109 2878 vacuo
1127 2850 1152 2877 in
1172 2850 1237 2885 ltcg.
1255 2850 1314 2877 cod.
