1926 3078
92 155 162 186 1109

695 151 962 181 El’ISTOLARUM
977 150 1049 180 LIB.
1069 149 1094 179 Ι.

1636 148 1705 179 1110

89 213 145 240 εἴτε
167 210 344 245 δανειζομένη
371 210 420 244 τὴν
441 210 549 244 φωνήν
574 208 628 235 εἴτε
651 208 697 235 καὶ
719 208 748 242 ἐξ
771 209 874 240 οίκείας

927 207 1058 235 mutueris
1069 206 1196 238 alienam,
1206 206 1263 232 sive
1271 205 1362 240 lingua
1373 205 1480 240 propria
1487 205 1597 240 loquare
1607 213 1614 237 ;
1625 213 1706 240 quam

88 259 213 294 γλώττης
239 255 428 290 φθεγγομένη”
455 254 494 286 ὡς
516 255 597 289 ἡμεῖς
619 263 651 288 γε
671 254 748 290 ἡδείᾳ
768 254 872 289 ταύτην

89 304 140 339 μᾶ)
146 305 191 330 λον
204 302 335 336 ἐπαίομεν
350 300 479 332 διαθέσει,
490 299 520 326 ού
533 299 604 334 ψιλῷ
614 299 673 334 ἤχῳ
683 299 871 334 προσέχοντες·

86 351 135 377 καὶ
149 349 208 384 ἃμα
223 348 311 374 ἐκεῖνο
325 346 514 381 γινώσκοντες,
530 346 568 377 ὡς
580 345 668 377 οὐδεὶς
679 345 766 377 οὕτως
778 346 874 373 είκονί-

88 404 144 422 σειε
172 395 272 429 ψυχὴν,
296 393 334 424 ὡς
361 393 375 419 ὁ
393 392 458 427 παρ’
481 391 566 426 αὐτῆς
587 391 690 427 προῖὼν
709 391 797 426 λόγος,
820 392 873 419 κᾶν

86 441 179 472 ὁποῖός
201 439 261 466 ποτ’
277 438 311 465 ἂν
329 437 384 472 εἴη.
399 437 467 473 Περὶ
482 436 532 471 τῆς
547 436 645 471 κυρίας
664 436 714 470 τῆς
737 436 873 472 θυγατρός

88 496 136 513 σου
151 487 194 513 ὅτι
205 486 316 519 γέγονεν
331 483 403 510 οὕτω
415 482 556 518 μαθόντες,
568 481 719 516 ὴνιάθημεν
729 489 736 496 ·
750 480 831 516 εὐχὴν
844 481 873 508 δὲ

88 532 181 563 ποίαν,
199 531 216 565 ἢ
232 529 414 564 ἁπομύρισμα
428 525 484 554 οἷον
500 527 588 562 δῶμεν
602 527 760 562 ἁμαρτωλοὶ
771 527 873 561 τυγχά-

87 584 198 607 νοντεςς
210 574 284 609 Πλὴν
296 574 384 600 ἐκεῖνο
393 571 508 598 πέπεισο
521 579 528 587 ·
544 571 586 597 ὅτι
597 571 676 597 οὐδὲν
690 570 828 605 ἰσχύουσιν
844 571 872 597 αι

87 621 213 648 τοιαῦται
237 618 404 654 περιεργίαι,
430 618 454 643 ei
479 617 549 652 μήγε
573 617 653 651 ἡμεῖς
668 616 757 651 δῶμεν
781 616 873 651 χώραν

87 665 243 701 ἀπροσεξίᾳ
255 664 318 691 τινί.
339 663 383 694 Ὠς
397 662 452 696 γὰρ
462 662 510 696 οὐχ
524 659 579 688 οἷόν
594 669 624 687 τε
637 661 719 687 τόπον
735 661 793 688 τινὰ
806 661 874 696 ἡλίῳ

88 710 344 746 περιλαμπόμενον,
368 707 398 734 τὸ
418 707 555 733 ἀντίθετον
578 707 673 737 σκότος
692 706 871 738 εἰσδέξασθαι·

87 757 177 787 οὓτως
195 755 255 781 οὐδὲ
267 754 409 789 ἄνθρωπον
423 751 487 787 θείῳ
502 751 582 785 φωτὶ,
601 751 684 786 ἧγουν
702 751 808 778 συνέσει
826 751 874 778 καὶ

89 802 179 837 ἀρετῇ
190 799 406 834 ἐπερειδόμενον,
423 797 520 824 παθεῖν
532 805 559 823 τι
575 796 628 823 τῶν
644 795 746 823 σκαιῶν
757 796 803 822 καὶ
816 797 874 822 δαι-

93 845 212 881 μονικῶν
237 842 481 880 μαγγανευμάτων.
503 841 602 875 ἰαθείη
622 840 711 867 τοίνυν
725 841 742 875 ἡ
759 842 823 872 παῖς
844 841 873 867 ὲν

923 261 975 281 nos
996 253 1087 287 utique
1105 252 1185 287 longe
1199 251 1321 279 dulciore
1342 259 1425 278 sensu
1449 251 1619 286 excipimus,
1637 251 1708 277 haud

923 299 997 327 nudo
1007 307 1076 327 sono
1090 298 1189 326 intenti
1203 306 1210 330 ;
1227 297 1274 325 sed
1289 297 1340 324 hoc
1357 296 1437 323 simul
1451 297 1633 331 intelligentes
1645 316 1652 327 ,
1668 296 1710 322 ni-

924 345 962 373 hil
976 345 1096 372 animum
1109 343 1148 371 sic
1163 343 1330 378 exprimere.
1347 348 1377 370 ut
1390 343 1423 370 ab
1439 350 1471 370 eo
1484 343 1626 377 prodiens,
1643 350 1710 377 qua-

924 390 1067 424 liscunque
1087 389 1198 417 tandem
1221 388 1265 415 illa
1280 388 1334 419 sit,
1360 388 1458 415 oratio.
1476 387 1515 414 De
1528 387 1637 414 domina
1655 388 1708 414 filia

924 440 980 468 tua,
996 435 1068 470 quod
1080 435 1105 462 ei
1120 434 1228 465 accidit,
1243 434 1288 460 ubi
1308 433 1463 465 didicimus,
1482 433 1647 460 indoluimus
1665 441 1710 460 ve—

925 481 1089 508 hementer:
1114 487 1246 514 quasnam
1268 486 1334 506 vero
1355 485 1465 512 preces,
1490 482 1538 505 aut
1558 479 1709 512 cuiusmodi

924 525 1044 553 lenimen
1067 525 1255 559 impertiamus
1276 531 1327 551 nos
1346 524 1392 558 qui
1413 528 1571 558 peccatores
1592 525 1711 551 sumus?

924 571 1116 599 Verumtamen
1131 570 1171 597 sic
1179 570 1226 597 tibi
1236 570 1410 605 persuadeas,
1423 570 1525 596 nullam
1538 570 1591 597 vim
1609 570 1710 597 habere

923 616 1076 644 istiusmodi
1100 615 1249 646 molestias.
1277 616 1328 642 nisi
1352 615 1455 642 aditum
1481 615 1588 649 ipsimet
1618 623 1711 642 socor—

924 663 968 690 dia
982 663 1071 697 aliqua
1089 661 1294 696 patefaciamus.
1311 661 1548 693 Quemadmodum
1563 661 1635 688 enim
1651 661 1710 688 fieri

924 707 1039 741 nequit,
1061 710 1091 733 ut
1111 706 1188 733 locus
1207 706 1343 740 quispiam
1363 704 1428 732 solis
1443 704 1526 731 radiis
1541 705 1710 735 illustratus.

925 752 1076 779 contrarias
1091 750 1218 778 tenebras
1233 750 1377 782 admittat,
1409 750 1448 777 sic
1467 742 1561 784 neque.
1575 751 1656 778 homo
1671 751 1712 778 di-

925 795 988 822 vino
1000 795 1103 822 lumine
1116 814 1124 826 ,
1147 795 1200 822 hoc
1218 798 1260 822 est
1282 794 1426 829 prudentia
1450 798 1477 821 et
1496 794 1596 821 virtute
1614 795 1712 830 nixus,

923 841 1034 868 sinistra
1057 841 1111 868 ulla
1126 840 1256 868 daemonis
1272 839 1365 868 fraude
1380 839 1440 866 laedi
1457 844 1556 874 potest.
1580 839 1712 867 Convalc-

91 891 205 926 ὀνόματι
219 889 323 924 Κυρίου
339 887 387 914 τοῦ
409 885 605 923 θεραπεύοντος
627 886 716 912 πᾶσαν
731 886 807 913 νόσον
828 886 874 913 καὶ

927 890 985 913 seat
994 894 1058 922 ergo
1069 886 1156 920 puella
1169 886 1196 913 in
1214 886 1326 913 nomine
1334 887 1450 919 Domini,
1460 887 1506 921 qui
1518 890 1596 914 sanat
1603 893 1712 914 omnem

90 938 184 964 πᾶσαν
201 935 335 971 μαλακίαν
345 942 353 949 ·
369 933 416 960 καὶ
428 932 498 959 ἔστω
514 931 575 966 χεὶρ
587 931 654 958 Θεοῦ
670 931 873 967 περιιπταμένη

927 931 1048 958 morbum
1060 935 1088 958 et
1101 931 1259 966 languorem
1272 938 1381 959 omnem
1403 940 1410 958 :
1434 936 1461 959 et
1477 940 1574 960 manus
1594 932 1643 960 Dei
1658 933 1712 960 cir-

87 983 138 1010 καὶ
147 979 345 1012 ἐπισκιάζουσα
355 979 404 1013 τὴν
415 977 500 1012 αὐτῆς
510 977 641 1012 κεφαλὴν,
649 977 695 1003 καὶ
702 976 874 1003 ἀποσοὼῦσα

927 981 1032 1004 cumeat
1054 981 1135 1012 atque
1156 977 1300 1004 obumbret
1322 982 1403 1012 caput
1429 978 1501 1006 illius
1516 999 1523 1011 ,
1551 984 1579 1005 et
1603 978 1712 1005 noxium

88 1030 182 1056 πᾶσαν
195 1027 334 1061 ἐνέργειαν
349 1023 500 1059 βλαπτικήν
511 1031 518 1038 ·
543 1022 581 1053 ὡς
602 1021 634 1048 ἃν
648 1021 800 1048 ἐὐεκτοῦσα
824 1022 872 1048 σὺν

927 1021 981 1049 vim
996 1028 1105 1048 omnem
1124 1021 1260 1056 depellat;
1283 1025 1324 1054 ut,
1348 1030 1409 1050 cum
1431 1023 1474 1058 pia
1495 1027 1592 1056 matre,
1605 1024 1712 1050 incolu-

89 1074 176 1110 μητρὶ
186 1072 307 1107 θεοφόὀῳ
321 1069 432 1105 ἀποδοίη
445 1069 494 1100 τὰς
503 1067 585 1103 εὐχὰς
595 1067 679 1102 αὐτῆς
692 1067 874 1102 χαριστηρίως

927 1068 978 1095 mis
1004 1071 1067 1095 vota
1085 1075 1133 1094 sua
1151 1067 1266 1095 Domino
1285 1076 1348 1096 cum
1368 1069 1513 1104 gratiarum
1532 1069 1637 1097 actione
1651 1069 1712 1096 red—

86 1120 128 1155 τῷ
144 1119 251 1154 Κυρίῳ.

85 1187 160 1220 NG’.
177 1199 214 1205 -—
231 1183 374 1222 Ἀντωνίῳ
395 1180 551 1222 ἡγουμένῳ
563 1180 629 1222 fc}?
654 1180 739 1214 ἁγίου
750 1180 874 1222 [Iret-pay:

318 1214 366 1244 καὶ
384 1214 446 1249 τοῖς
463 1214 524 1243 σὺν
536 1215 627 1248 αὐτῷ.
773 1214 877 1251 [σιιςα]

925 1114 980 1142 dat.

928 1182 995 1213 LVI.
1010 1200 1045 1205 —
1059 1184 1174 1212 Antonio
1196 1184 1443 1232 prwpoiitqllsancti
1463 1184 1557 1232 Petri].
1573 1189 1598 1211 et
1620 1185 1653 1212 iis
1668 1185 1713 1220 qui

1252 1227 1310 1245 cum
1329 1219 1385 1246 illo.

86 1276 183 1302 Suadet.
194 1279 222 1301 ut
232 1281 293 1307 pace
310 1272 427 1299 Ecclesiae
435 1272 483 1302 jam
495 1278 539 1303 per
549 1271 724 1303 imperatorem
733 1272 874 1327 constituta

927 1280 942 1328 In:
959 1275 1107 1335 paslliiarcha,
1120 1273 1386 1307 dictiseonditionibus,
1403 1275 1592 1300 communicent.
1609 1274 1712 1306 (Baron.

122 1359 179 1390 Τὰς
194 1359 227 1384 ὲκ
243 1356 342 1391 πολλῆς
358 1355 472 1389 συνοχῆς
483 1354 530 1381 καὶ
545 1353 662 1388 θλίψεως
677 1354 791 1389 καρδίας
809 1362 878 1389 γρα-

89 1406 187 1440 φείσας
213 1403 280 1438 ἡμῖν
308 1400 454 1431 ἐπιστολὰς
475 1399 552 1434 παρά
574 1399 623 1433 τῆς
646 1400 783 1434 πατρικῆς
801 1399 878 1434 ὑμῶν

88 1450 247 1485 ἁγιωσύνης
269 1447 425 1482 δεξάμενοι·
451 1446 512 1472 ὅσον
531 1444 767 1480 κατεστενάξαμεν
790 1445 817 1472 τί
838 1445 879 1471 δεῖ

88 1497 136 1523 καὶ
152 1496 256 1529 λέγειν,
270 1493 423 1527 ἀδελφικοϊς
435 1490 599 1525 σπλάγχνοις
610 1490 778 1525 κινούμενοι,
791 1491 816 1517 εῑ
831 1491 878 1517 καὶ

87 1541 196 1573 ἀνάξιοι
209 1539 391 1574 τυγχάνομεν,
407 1537 454 1563 καὶ
467 1536 499 1562 ὲκ
514 1535 714 1566 ταυτοπαθείας
730 1535 780 1585 τὴν
796 1543 876 1570 περι·
890 1556 912 1585 c

88 1588 203 1622 πόνησιν
221 1584 299 1620 ὑμῶν
319 1580 510 1617 στοχαζόμενοί
527 1589 557 1606 τε
572 1580 618 1606 καὶ
631 1579 876 1614 συνυφιστάμενοι;

87 1634 150 1661 οὐδὲ
164 1632 219 1667 γὰρ
234 1631 325 1661 ἄλλοις
336 1629 394 1655 ἐστι
406 1627 588 1662 γνωρίζεσθαι
602 1627 632 1653 τὸ
643 1625 782 1661 ὀδυνηρὸν,
795 1625 812 1660 ἢ
823 1627 878 1657 τοῖς

87 1676 266 1714 ὁμοιοπαθῶς
282 1676 339 1706 τοῖς
354 1674 445 1705 αὐτοῖς
459 1671 629 1708 ὲνεχομὲνοις
642 1671 784 1706 λυπηροῖς.
807 1670 877 1697 Ἀλλ’

88 1726 117 1751 αἱ
145 1721 279 1758 ἁμαρτίαι
300 1719 378 1755 ἡμῶν
396 1718 523 1745 τοσοῦτον
546 1716 700 1751 ὲπλήθυναν
717 1716 745 1742 ὲν
761 1716 795 1751 τῇ
807 1723 877 1751 παρ-

89 1769 159 1804 ούσῃ
184 1767 268 1802 γενεᾷ
291 1766 342 1800 τῆς
366 1765 488 1799 ἀνομίας,
502 1761 581 1798 [Cod.
595 1761 662 1796 Reg.
681 1760 730 1796 τὴν
749 1760 877 1796 ἀνομίαν]

87 1813 224 1847 ψυγείσης
247 1811 298 1845 τῆς
314 1810 422 1844 ἀγάπης
437 1808 509 1834 κατὰ
527 1807 573 1834 τὸν
596 1805 642 1833 τοῦ
656 1806 759 1841 Κυρίου
782 1805 859 1840 λόγον
869 1814 876 1822 ι

89 1860 161 1886 ὥστε
176 1859 242 1888 τοὺς
259 1855 415 1890 ὀφε’λοντας
427 1852 545 1880 διαλύειν
568 1852 605 1879 τὰ
621 1851 712 1878 σκῶλα
730 1851 776 1878 καὶ
791 1859 876 1886 προσ-

89 1905 232 1938 κόμματα,
242 1901 355 1932 τούτους
371 1900 405 1927 τὰ
429 1899 475 1926 ἴσα
495 1899 512 1934 ἢ
527 1898 597 1932 τάχα
609 1897 657 1924 καὶ
669 1897 807 1932 δεινότερα
821 1899 877 1928 τοῖς

88 1952 118 1976 ὲν
135 1950 195 1980 ταῖς
212 1946 312 1980 ἔξωθεν
328 1945 424 1980 ἀρχαῖς
449 1943 523 1969 ἐστιν
542 1941 608 1978 όρᾷν
624 1942 802 1976 πράττοντας.
826 1942 875 1967 Δε-

89 1993 237 2030 σμωτήριά
249 2000 328 2025 φατε,
340 1988 501 2023 ἀπαγωγὰς,
523 1988 700 2022 ὀνειδισμοὺς,
728 1987 874 2021 διωγμοὺς,

88 2041 137 2068 καὶ
149 2038 326 2074 περιστάσεις
339 2035 498 2070 ὑφεστάναι,
513 2033 559 2061 καὶ
570 2033 609 2059 ἐτι
620 2032 793 2068 ὑφίστασθαι,
801 2032 876 2067 παρὰ

87 2085 145 2111 τῶν
168 2082 342 2113 κρατούντων
361 2080 410 2111 τὰς
424 2077 585 2113 Ἐκκλησίας
602 2076 650 2103 τοῦ
663 2076 745 2103 Θεοῦ”
766 2077 812 2102 καὶ
827 2076 876 2111 οὐχ

87 2130 130 2155 ὅτι
145 2112 216 2161 ὑπὲρ
231 2124 340 2158 ἐντολῆς
352 2122 532 2157 ἐνιστάμενοι,
545 2120 614 2147 ἀλλά
629 2121 676 2146 καὶ
689 2119 712 2145 εἰ
727 2118 875 2149 ὲαλωκότες

88 2172 138 2209 ἦτε
165 2174 196 2199 ὲν
219 2170 442 2206 παραπτώμασιν
468 2165 660 2202 ἀνθρωπίνοις,
687 2164 812 2198 οὐδαμῶς
842 2163 876 2191 τὰ

87 2219 203 2246 τοιαῦτα
231 2215 376 2244 πανθάνειν
400 2213 459 2246 ἐξὸν
484 2210 518 2248 ἦν
546 2211 610 2245 ὑμῖν
634 2211 708 2245 παρᾶ
739 2209 875 2245 ποιμένων

88 2264 177 2291 Θεοῦ·
205 2263 242 2297 μὴ
263 2262 337 2294 ὃτιγε
360 2259 430 2294 ὑπὲρ
451 2256 580 2292 ἀληθείας
595 2254 747 2282 διαθλοῦσιν
760 2263 766 2270 ·
782 2251 823 2285 οἷς
844 2254 874 2281 τδ

89 2306 262 2335 ἐπαινεῖσθαι
283 2305 329 2331 καὶ
351 2301 550 2338 μακαρίζεσθαι
579 2298 796 2334 κεχρεώστηται’
827 2298 875 2324 καὶ

87 2354 177 2380 ταῦτα
190 2351 230 2387 τῷ
246 2348 381 2385 μοναδικῷ
395 2345 685 2380 κατακεκοσμημένοις
699 2343 876 2378 ἐπαγγέλμα-

88 2407 126 2424 τι.
144 2398 194 2423 Ἐκ
203 2395 258 2422 τῶν
271 2394 360 2429 ἔργων
374 2392 464 2418 αὐτῶν
478 2389 661 2424 ἐπιγνώσεσθε
677 2389 785 2421 αὐτοὺς,
798 2389 850 2423 ἔφη
862 2390 876 2415 ὁ

50 2458 65 2477 1
88 2440 204 2476 Κύριος.
220 2439 257 2465 Οὐ
272 2438 358 2473 δήπου
371 2436 491 2463 τοιοῦτον
505 2434 579 2469 παρά
591 2435 648 2464 τοῖς
663 2434 752 2466 ἁγίοις
765 2433 877 2467 ἐγνωρί-

89 2486 155 2521 σθη·
184 2483 340 2510 τούναντίον
359 2481 388 2508 δὲ
404 2481 482 2507 αὐτοὶ
503 2479 602 2514 μᾶλλον
627 2478 791 2510 πεπονθότες
807 2478 876 2504 ἐδεί-

89 2538 187 2557 κνυντο
195 2527 383 2562 διδασκόμενοι
395 2525 472 2560 παρὰ
485 2524 534 2558 τῆς
546 2522 728 2557 ἀποστολικῆς
743 2523 845 2557 φωνῆς.
856 2523 873 2557 ἥ

89 2582 158 2608 φησι
171 2572 238 2607 περὶ
250 2570 298 2598 τοῦ
309 2569 410 2605 Κυρίου
420 2576 427 2583 '
443 2569 492 2601 Ὃς
503 2567 796 2601 λοιδορούμενοςόὺκ
805 2567 874 2594 άντ-

88 2618 244 2652 ειῑοιδόρεν
254 2615 380 2649 πάσχων
390 2615 447 2641 οὐκ
453 2613 578 2647 ’ἠπείλει-
588 2612 703 2647 παρεῖχε
714 2611 743 2638 δὲ
755 2612 875 2646 εὐμενῶς

960 1357 1029 1384 Cum
1047 1357 1176 1392 epistolas
1193 1362 1298 1386 vestras
1311 1365 1410 1394 magno
1427 1365 1489 1385 cum
1507 1358 1591 1385 animi
1612 1365 1714 1392 angore

926 1407 953 1430 et
969 1402 1114 1430 afﬂictione
1130 1403 1164 1430 ad
1179 1411 1229 1431 nos
1244 1404 1360 1438 scriptas
1389 1411 1404 1430 a
1427 1408 1542 1438 paterna
1570 1403 1714 1430 sanctitate

925 1451 1016 1474 vestra
1044 1448 1244 1482 accepissemus
1267 1468 1275 1480 ,
1306 1451 1474 1482 quantopere
1500 1447 1714 1482 ingemuerimus

925 1492 989 1527 quid
1002 1493 1095 1520 dicere
1112 1493 1227 1525 attinet,
1252 1492 1378 1520 fraternis
1399 1492 1549 1520 visceribus
1565 1492 1692 1520 commoti
1706 1513 1713 1523 .

928 1537 1033 1564 tametsi
1050 1537 1154 1572 indigni
1171 1537 1274 1570 simus,
1301 1544 1333 1564 ex
1355 1537 1434 1572 parili
1457 1544 1575 1565 maerore
1592 1537 1713 1565 dolorem

929 1588 1049 1610 vestrum
1070 1583 1254 1615 aestimantes,
1280 1587 1361 1618 atque
1386 1591 1438 1610 una
1460 1583 1645 1610 sustinentes?
1660 1583 1716 1610 Nec

929 1628 1002 1655 enim
1019 1627 1080 1655 aliis
1095 1628 1158 1655 licet
1174 1628 1311 1655 molestias
1326 1628 1461 1655 mstimare
1475 1648 1482 1661 ,
1507 1635 1587 1662 quam
1614 1628 1647 1655 iis
1667 1628 1714 1662 qui

928 1672 1171 1700 consimilialIectu
1194 1673 1290 1700 iisdem
1309 1672 1442 1700 molestiis
1457 1678 1604 1706 anguntur.
1621 1672 1714 1699 Enim—
1735 1698 1738 1701 .

928 1725 993 1744 vero
1007 1721 1116 1752 peccata
1131 1722 1223 1745 nostra
1239 1726 1323 1753 usque
1338 1718 1406 1745 adeo
1429 1719 1455 1745 in
1475 1718 1526 1745 hoc
1539 1719 1638 1745 sreculo
1659 1718 1712 1745 ini-

926 1762 1056 1797 quitatem
1071 1768 1267 1798 exaggerarunt
1281 1763 1474 1798 refrigescente
1489 1782 1496 1794 ,
1509 1763 1586 1798 juxta
1604 1764 1709 1790 Domini

926 1807 1007 1834 verba
1022 1807 1056 1841 ⁸⁵,
1071 1808 1220 1840 charitatc;
1244 1812 1287 1840 ut,
1302 1808 1347 1842 qui
1360 1807 1522 1835 offendicula
1540 1812 1567 1835 et
1585 1806 1713 1836 scandala

926 1859 1065 1879 removere
1078 1852 1235 1886 debebant,
1254 1860 1300 1880 eos
1317 1852 1410 1880 videre
1439 1853 1474 1880 sit
1499 1853 1574 1887 paria
1595 1861 1628 1881 ac
1653 1854 1709 1880 for—

926 1900 996 1923 tasse
1011 1896 1131 1931 graviora
1145 1897 1266 1924 externis
1280 1897 1483 1932 magistratibus
1500 1898 1599 1926 facere.
1617 1899 1713 1926 Carce-

926 1949 969 1969 res
980 1942 1081 1974 dicitis,
1096 1943 1202 1974 exsilia,
1219 1943 1329 1977 probra,
1346 1943 1557 1977 persecutiones,
1569 1948 1597 1970 ct
1612 1951 1712 1972 atrum-

925 1995 975 2014 nas
991 1987 1154 2016 sustinuisse
1167 1996 1215 2015 vos
1227 2009 1234 2020 ,
1258 1996 1290 2016 ac
1305 1989 1452 2016 etiamnum
1474 1990 1608 2017 sustinere
1628 1990 1662 2017 ab
1681 1991 1714 2018 iis

925 2033 971 2067 qui
995 2033 1131 2060 Ecclesias
1157 2033 1204 2060 Dei
1232 2033 1429 2069 moderantur:
1458 2042 1526 2069 quos
1549 2043 1602 2062 non
1626 2036 1713 2063 solum

925 2084 974 2111 pro
991 2078 1120 2104 mandato
1131 2067 1297 2112 "pugnantes,
1314 2079 1362 2106 sed
1376 2086 1410 2106 ne
1424 2079 1446 2106 si
1461 2067 1570 2114 quidem
1586 2081 1714 2107 humanis

925 2120 1087 2148 Criminibus
1104 2121 1145 2148 rei
1158 2122 1275 2155 essetis,
1292 2122 1353 2149 talia
1370 2131 1488 2159 unquam
1509 2131 1525 2150 a
1541 2124 1587 2152 Dei
1601 2126 1714 2160 pastori:

926 2166 1099 2200 bus-perpeti
1122 2166 1163 2194 fas
1180 2172 1271 2200 esset,
1296 2168 1396 2195 nedum
1415 2176 1465 2204 pro
1479 2170 1592 2198 veritate
1604 2175 1713 2199 certan-

927 2215 968 2238 tes
979 2230 986 2242 ,
1005 2211 1103 2245 quibus
1118 2212 1177 2239 laus
1190 2212 1304 2240 debetur
1319 2217 1347 2240 et
1362 2214 1502 2242 beatitudo
1517 2222 1524 2241 :
1542 2220 1622 2250 atque
1636 2217 1712 2243 insu-

927 2263 977 2292 per
1001 2257 1151 2284 monastica
1175 2257 1344 2291 professione
1368 2259 1468 2286 ornati.
1496 2270 1505 2285 ι
1523 2260 1561 2286 Ex
1585 2261 1713 2295 operibus

927 2309 1022 2328 eorum
1049 2303 1230 2336 cognoscetis
1249 2311 1297 2331 eos
1311 2326 1317 2337 ,
1334 2314 1343 2330 ι
1374 2305 1413 2332 ait
1434 2305 1565 2333 Dominus
1577 2306 1609 2332 ⁸¹.
1636 2307 1711 2333 Haud

928 2354 993 2374 sane
1005 2347 1067 2375 talia
1082 2349 1110 2375 in
1122 2349 1223 2376 sanctis
1235 2354 1355 2384 spectata
1372 2354 1453 2383 sunt;
1471 2351 1537 2385 quin
1553 2351 1602 2385 ipsi
1620 2356 1713 2378 contra

929 2393 983 2426 pati
1002 2393 1090 2427 potius
1104 2394 1154 2421 visi
1171 2399 1236 2422 sunt
1251 2414 1258 2426 ,
1279 2395 1427 2429 apostolica
1443 2404 1509 2423 voce
1525 2397 1612 2424 edocti
1626 2417 1633 2430 ,
1652 2405 1713 2432 qua:

930 2437 964 2464 de
978 2436 1091 2465 Domino
1107 2438 1147 2465 sic
1159 2439 1197 2466 ait
1211 2447 1219 2466 :
1240 2439 1292 2472 Qui
1309 2447 1368 2466 cum
1382 2442 1581 2468 malediceretur
1592 2451 1642 2469 non
1654 2451 1711 2469 ma-

930 2481 1056 2508 ledicebat
1071 2490 1080 2508 :
1105 2490 1166 2509 cum
1191 2488 1327 2518 pateretur
1353 2493 1405 2511 non
1430 2487 1640 2513 comminabatur
1665 2486 1688 2502 "
1704 2507 1712 2520 ,

929 2526 1068 2560 praebebat
1087 2531 1177 2554 autem
1198 2528 1302 2563 placide
1321 2529 1442 2557 divinam
1466 2531 1601 2559 maxillam
1616 2539 1713 2565 percu-

929 2569 1006 2597 tienti
1022 2570 1055 2598 ⁸³.
1080 2570 1152 2599 Hinc
1166 2572 1268 2601 Christi
1292 2578 1416 2608 pastores
1432 2574 1487 2601 noti
1510 2583 1518 2602 :
1543 2575 1616 2602 illine
1631 2576 1713 2602 alieni

928 2624 1056 2652 episcopi.

89 2664 128 2698 τῷ
154 2662 262 2689 παίοντι
286 2660 334 2687 καὶ
358 2658 406 2694 τὴν
427 2658 502 2685 θείαν
532 2657 656 2691 σιαγόνα.
684 2656 825 2683 Ἐντεῦθεν
854 2659 877 2684 οἱ
914 2663 1042 2696 ποιμένες
1077 2663 1196 2698 Χριστοῦ
1215 2663 1362 2700 γνώριμοι·
1389 2664 1515 2692 κάκεῖθεν
1532 2665 1555 2691 oi
1578 2665 1715 2704 ἀλλοτριο-

91 2711 250 2737 “iamnon.

132 2754 214 2782 Ἀλλὰ,
229 2753 253 2779 τί
270 2752 311 2778 δεῖ
330 2752 424 2778 παθεῖν
437 2759 444 2784 ;
464 2750 533 2778 κατά
547 2749 594 2785 τὴν
609 2748 782 2784 ὲνσκήψασαν
797 2750 826 2776 ἐν
842 2753 872 2786 τῇ

124 2843 146 2858 ³⁸
163 2843 258 2870 Matth.
277 2850 348 2874 xxxv,
370 2843 410 2868 12.
448 2842 470 2858 θι
486 2843 581 2870 Matth.
599 2851 645 2874 vn,
663 2844 703 2871 10.
743 2843 763 2858 “‘
786 2844 792 2869 Ι
811 2843 884 2870 1ὐιι·.
904 2852 933 2875 ιι,
951 2844 994 2870 '23.

963 2753 1014 2781 Sed
1029 2754 1117 2788 qualia
1134 2755 1188 2789 pati
1206 2763 1316 2784 necesse
1339 2761 1379 2784 cst
1392 2756 1403 2784 ?
1417 2757 1451 2784 ob
1475 2757 1643 2794 ingruentem
1664 2758 1714 2786 huc

1034 2844 1054 2859 κί’
1073 2844 1138 2871 Luc.
1155 2853 1191 2878 γι,
1208 2845 1252 2872 20'.
