1926 3078
94 177 158 211 1081

700 175 968 207 EPISTOLARUM
986 177 1060 207 LIB.
1081 176 1106 207 ῐ.

1657 173 1727 206 1082

90 239 137 269 Δὸς
148 234 196 263 οὖν
213 235 304 267 αὐτὸς,
317 235 396 270 εἴπερ
410 235 493 270 ἔχεις,
509 235 541 262 ὲκ
556 234 636 262 θείων
651 236 758 270 φωνῶν,
779 236 820 262 ὅτι
833 235 881 271 οὐχ

935 235 1005 263 Doce
1024 243 1088 263 vero
1101 240 1141 267 tu,
1164 234 1185 262 si
1202 238 1289 269 potes,
1300 241 1332 261 ex
1345 232 1445 260 divinis
1460 231 1569 261 Litteris
1599 233 1726 261 haeresim

91 284 206 318 αἵρεσις·
223 282 269 309 καὶ
285 282 321 317 μή
339 290 385 316 μοι
408 281 509 316 πλῆθος
523 282 646 319 ὲποίσῃς,
660 283 727 318 μηδὲ
747 282 813 312 τοὺς
832 291 877 308 νυ-

90 329 230 364 κτερινοὺς
247 327 384 359 θεοσεϐεῖς
399 326 487 362 αῠχει,
503 327 670 360 γνωστικούς
681 336 711 354 τε
727 327 773 359 οὓς
788 327 878 361 λέγεις

89 375 134 402 καὶ
160 372 270 404 ἰδιώτας
299 372 347 399 καὶ
365 372 470 406 φίλους.
499 373 531 399 Εἰ
546 373 600 408 γὰρ
616 373 752 405 θεοσεδεῖς
764 394 770 404 ,
793 373 843 400 ποῦ
860 374 877 409 ἠ

90 420 247 456 παῤῥησία;
277 419 331 445 Καὶ
347 420 371 445 εί
385 418 532 453 γνωστιχοὶ
558 419 615 453 (καὶ
631 419 679 454 οὐχ
702 420 741 446 ὅτι
755 420 805 446 οὐχ
825 420 878 446 εἰσὶ

89 467 170 501 λέγω·
189 465 313 501 ὁμολογῶ
329 465 384 500 γὰρ
397 465 513 497 πολλοὺς
526 466 574 492 καὶ
588 466 658 501 ὑπὲρ
674 466 724 501 ἐμὲ
748 466 795 492 τὸν
812 465 880 493 ἰδιώ-

89 520 147 547 την·
156 511 215 538 ἀλλ’
225 511 305 546 εἰπερ
318 510 422 536 ἐθουσιν
434 510 586 545 ἀλήθειαν),
602 510 709 543 δείξωσι
722 511 881 545 γνωστικῶς

89 558 116 591 ἐξ
127 557 215 591 αὑτῆς
228 557 277 591 τῆς
291 555 434 590 ἀληθείας⁷
449 557 496 582 καὶ
511 557 563 592 μὴν
578 557 625 583 καὶ
645 557 677 583 ἐκ
690 557 880 592 παραδειγμά-

88 612 153 633 των,
174 602 203 635 ἐξ
218 601 395 637 ἁρμοζόντων
413 601 452 632 δὲ,
465 602 533 628 ἀλλὰ
548 602 585 637 μὴ
602 602 631 634 ἐξ
643 602 818 637 ἀσυμϐάτων,
834 603 880 629 καὶ

89 647 260 675 ὑπεναντίων
286 649 319 682 τῇ
336 647 451 682 ἀληθείᾳ
479 648 525 673 καὶ
544 649 601 679 τοῖς
621 648 811 679 ἀποστολικοῖς
834 650 881 674 καὶ

91 693 241 728 Πατρικοῖς
256 691 360 718 κανόσι.
388 692 443 717 Καὶ
459 693 483 717 εξ
499 692 571 726 φίλοι
586 692 657 719 κατὰ
671 692 747 724 Θεὸν,
763 692 821 724 πῶς
847 693 879 727 τῇ

88 738 219 773 κοινωνίᾳ
233 737 287 764 τῶν
299 737 461 771 ἑτεροδίξων
471 737 661 770 κοινωνοῦντες
672 746 679 768 ς
693 738 730 764 Οὐ
742 738 796 773 γὰρ
808 737 880 772 φίλοι

88 784 112 810 οἱ
123 783 240 810 τοιοῦτοι
254 782 377 816 ἀληθινοὶ
388 782 434 809 καὶ
447 782 548 808 πιστοί.
567 782 687 817 Πρόσεχε
700 780 756 814 οὖν,
769 782 879 816 ἁδελφὲ,

88 829 114 856 τί
133 831 148 856 ὑ
165 828 237 860 θεῖος
252 828 391 859 Βασίλειος
407 828 480 862 λέγει
495 828 564 863 πρὸς
577 828 641 860 τοὺς
652 829 681 854 ὲν
698 827 796 863 πλήθει
821 827 881 862 κρι-

87 883 185 906 νοντας
196 874 246 908 τὴν
258 873 398 907 ἀλήθειαν.

932 289 986 309 non
1016 289 1076 309 esse
1096 285 1146 308 :et
1162 287 1196 307 ne
1213 279 1279 307 mihi
1295 278 1496 306 multitudinem
1517 278 1647 313 objicias,
1676 286 1729 306 nec

933 331 1084 353 nocturnos
1099 325 1146 352 Dei
1166 324 1284 352 cultores
1305 323 1403 359 iactes,
1427 323 1575 358 doctusque
1585 330 1654 357 quos
1674 323 1728 355 ais.

930 377 957 400 et
971 372 1083 399 amicos.
1101 371 1169 398 Nam
1183 371 1205 397 si
1220 370 1304 398 Deum
1315 369 1420 402 colunt,
1436 369 1482 396 ubi
1494 369 1624 404 loquendi
1639 369 1726 397 liber-

930 418 994 445 tas?
1014 418 1045 445 Et
1058 438 1066 450 ,
1084 417 1106 444 si
1134 416 1217 449 docti,
1242 423 1331 450 neque
1356 423 1407 450 ego
1427 414 1534 442 inﬁcior
1560 415 1627 442 tales
1641 422 1723 442 esse:

932 464 1031 491 multos
1055 464 1127 491 enim
1145 462 1279 491 conﬁteor
1293 471 1336 490 me
1363 463 1489 497 imperito
1512 462 1666 490 doctiores:
1681 462 1729 489 sed

931 511 953 537 si
969 510 1108 537 veritatem
1124 514 1228 541 tenent,
1244 509 1362 536 scienter
1385 508 1533 536 ostendant
1558 515 1590 535 ex
1610 508 1667 543 ipsa
1681 515 1731 535 ve-

932 556 1022 587 ritate,
1041 561 1122 590 atque
1135 556 1203 583 adeo
1227 555 1262 582 ab
1276 555 1418 590 exemplis,
1438 555 1510 590 aptis
1525 554 1598 585 dico,
1614 555 1661 582 sed
1673 562 1728 581 non

932 610 963 630 ex
988 602 1094 634 alienis,
1111 602 1312 636 contrariisque
1327 601 1445 633 veritati,
1460 604 1488 628 et
1506 600 1665 636 apostolicis
1676 608 1726 635 pa-

933 648 1072 682 ternisque
1088 647 1249 674 canonibus.
1266 646 1308 679 Et,
1328 647 1349 673 si
1365 646 1449 673 amici
1462 645 1612 673 secundum
1630 645 1727 676 Deum.

932 693 1069 728 quomodo
1099 693 1290 720 haereticorum
1317 691 1504 719 communioni
1536 691 1729 726 participant?

931 740 1023 774 Neque
1037 739 1109 766 enim
1122 743 1185 766 sunt
1198 739 1264 766 tales
1281 738 1360 765 amici
1374 738 1430 765 veri
1445 742 1474 764 et
1489 737 1594 764 fideles.
1610 737 1729 765 Attende

932 785 1033 820 itaque,
1055 785 1139 812 frater
1157 804 1164 816 ,
1182 785 1245 819 quid
1263 785 1372 811 divinus
1400 783 1515 811 Basilius
1531 783 1590 819 (‘24)
1612 784 1685 811 dicat
1699 784 1727 811 in

933 839 981 859 eos
998 831 1045 866 qui
1060 831 1202 858 veritatem
1219 830 1370 857 metiuntur
1384 837 1417 857 ex
1433 830 1618 858 multitudine.

128 921 158 946 ὐ
177 921 216 955 μὴ
233 919 349 954 τολμῶν,
364 919 443 953 φησι,
462 918 554 944 δοῦναι
570 917 648 951 λόγον
664 919 715 954 τῆς
731 919 880 954 προκειμέ-

969 919 1020 952 Qui
1035 919 1069 946 de
1086 918 1173 954 posita
1186 918 1338 953 quastione
1349 937 1357 950 ,
1377 917 1425 951 ait,
1455 917 1586 945 rationem
1613 918 1728 945 reddere

86 974 136 1000 νης
158 966 309 1001 ζητήσεως.
333 964 400 1000 μηδὲ
416 964 541 1000 εὐπορῶν
567 963 743 997 ἀποδείξεως,
772 965 819 992 καὶ
836 966 879 993 διὰ

86 1012 167 1038 τοῦτο
184 1010 366 1044 καταφεύγων
382 1011 421 1042 εἰς
435 1010 549 1044 πλῆθος,
567 1010 696 1045 ὁμολογεῖ
709 1011 757 1046 τὴν
782 1009 879 1047 ἧτταν,

85 1057 123 1088 ὡς
142 1056 220 1083 οὐδὲν
238 1056 307 1091 ἔχων
333 1055 490 1091 παρρησίας
503 1056 621 1090 ἑφόδιον.
636 1057 689 1083 Kal
698 1057 764 1091 μεθ’
776 1057 878 1091 ἕτερα·

932 974 987 993 non
1000 965 1092 996 audet,
1112 969 1139 991 et
1153 965 1196 992 cui
1210 971 1267 991 non
1283 963 1404 999 suppetit
1422 963 1620 990 demonstratio
1630 983 1636 995 ,
1649 963 1728 990 ideo«

934 1019 988 1046 que
1010 1010 1164 1046 perfugium
1180 1009 1262 1036 habet
1288 1009 1315 1036 in
1330 1009 1503 1036 multitudine
1517 1017 1524 1041 ;
1538 1009 1560 1036 is
1573 1016 1602 1036 se
1623 1009 1726 1036 victum

931 1057 1041 1089 fatetur,
1058 1059 1087 1083 ut
1105 1055 1152 1090 qui
1168 1055 1273 1082 nullum
1290 1054 1388 1082 habeat
1404 1054 1509 1081 ﬁducia:
1523 1054 1724 1088 adjumentum.

87 1102 210 1135 Δειξάτω
231 1110 276 1137 μοι
289 1101 387 1133 κάλλος
403 1101 533 1136 ἀληθείας
550 1102 602 1128 κᾶν
617 1100 669 1134 εἶς,
683 1102 730 1129 καὶ
748 1102 881 1138 σύντομος

933 1103 965 1130 El
979 1108 1037 1136 post
1054 1102 1110 1128 alia
1125 1110 1134 1129 :
1150 1100 1282 1128 Ostendat
1300 1100 1366 1127 mihi
1388 1100 1432 1127 vel
1446 1108 1519 1127 unus
1545 1099 1727 1134 pulchritudi-

87 1149 170 1180 εὐθὺς
188 1148 205 1183 ή
222 1148 318 1175 πειθώ.
338 1148 443 1183 Πλῆθος
460 1147 488 1174 δὲ
502 1148 587 1183 χωρὶς
603 1148 767 1182 ἀποδείξεως
784 1149 881 1176 αὐθεν-

933 1156 993 1175 nem
1009 1147 1140 1179 veritatis,
1156 1150 1183 1173 et
1202 1149 1325 1181 prompta
1337 1152 1398 1172 mox
1418 1145 1472 1172 erit
1485 1145 1637 1180 persuasio.
1655 1144 1726 1172 Mul-

86 1193 162 1226 τοῦν,
186 1194 305 1228 φοϐῆσαι
331 1193 380 1228 μὲν
408 1193 510 1224 ἱκανὸν,
540 1193 633 1220 πεῖσαι
649 1193 678 1219 δὲ
702 1193 830 1228 οὐδαμοῦ.
844 1195 881 1221 Ἦ

933 1193 1019 1221 titndo
1031 1198 1122 1220 autem
1138 1192 1198 1219 sine
1223 1191 1456 1218 demonstratione
1468 1191 1658 1219 auctoritatem
1672 1191 1725 1218 sibi

86 1239 171 1266 πόσαι
186 1238 317 1274 μυριάδες
330 1238 456 1265 πείσουσι
471 1246 505 1272 με
523 1237 572 1274 τὴν
586 1238 693 1274 ήμέραν
707 1238 792 1266 νύκτα
804 1240 881 1275 νομί-

933 1239 1084 1271 vindicans,
1098 1242 1201 1265 terrere
1222 1237 1330 1272 quidem
1350 1241 1437 1272 potesl
1454 1257 1461 1268 ,
1482 1237 1644 1271 persuadere
1670 1245 1724 1264 non

88 1295 145 1317 σαι,
164 1285 181 1320 ἢ
197 1284 228 1311 τδ
255 1283 373 1319 χαλκοῦν
399 1284 520 1319 νόμισμα
547 1283 666 1319 χρυσοῦν
692 1284 803 1316 εἰδέναι,
833 1285 880 1312 καὶ⁸

933 1289 1032 1320 potest.
1058 1284 1113 1310 Aut
1128 1288 1194 1318 quot
1214 1282 1355 1310 hominum
1380 1281 1514 1317 myriadcs
1525 1281 1594 1308 mihi
1610 1290 1725 1316 persua-

87 1330 160 1358 οὕτω
183 1329 324 1364 δέχεσθαι,
349 1329 366 1364 ἢ
392 1329 553 1364 προσίεσθαι
569 1329 731 1365 δηλητήριον
747 1331 880 1366 πρόδηλον

933 1330 1023 1362 deant,
1039 1333 1069 1356 ut
1081 1328 1154 1356 diem
1171 1333 1282 1355 noctth
1304 1331 1412 1362 putem,
1430 1326 1471 1354 vel
1489 1330 1516 1353 ut
1530 1334 1632 1354 aarcum
1646 1333 1726 1353 num-

88 1377 148 1402 ἀντὶ
170 1374 341 1408 καταλλήλου
371 1375 491 1410 τροφῆςς
510 1373 576 1401 Εἶτα
593 1376 696 1410 γηΐνων
723 1375 772 1410 μὲν
800 1376 880 1403 ἕνεκα

933 1381 1005 1401 mum
1028 1381 1078 1409 pro
1105 1381 1188 1400 aureo
1204 1373 1317 1400 habeam
1333 1377 1361 1399 et
1377 1371 1510 1408 accipiam
1527 1390 1534 1402 ,
1552 1372 1594 1399 vel
1620 1377 1725 1399 certum

90 1422 264 1457 πραγμάτων
279 1420 330 1447 οὐκ
349 1419 568 1456 αίδεσθησόμεθα
579 1420 683 1455 πλῆθος
693 1420 878 1456 ψευδομένων·

933 1425 1066 1447 venenum
1076 1418 1199 1446 hauriam
1219 1425 1269 1453 pro
1280 1417 1345 1446 cibo
1360 1417 1531 1453 congruenti?
1549 1417 1619 1453 Ergo
1639 1421 1728 1445 terre-

88 1468 224 1504 οὐρανίων
237 1468 267 1494 δὲ
281 1468 363 1503 χάριν
373 1468 517 1502 δογμάτων
527 1468 659 1504 νεύμασιν
674 1469 880 1503 ἀναποδείκτως

933 1470 1028 1490 narum
1046 1463 1155 1498 quidem
1170 1469 1260 1490 rerum
1270 1469 1351 1490 causa
1360 1462 1562 1490 multitudinem
1570 1462 1638 1489 nihil
1650 1469 1728 1490 vere-

88 1512 276 1547 ἀιιολουθήσω·
289 1512 345 1539 τῶν
361 1513 446 1540 πάλαι
461 1514 507 1541 καὶ
520 1514 661 1549 πρόπαλαι
682 1514 751 1550 μετὰ
779 1516 878 1551 πολλῆς

933 1509 980 1538 bor
1006 1510 1029 1537 si
1058 1509 1230 1542 mentiatur;
1251 1509 1278 1536 in
1296 1509 1455 1537 cmlestibus
1487 1514 1577 1538 autem
1609 1509 1726 1537 decretis

90 1558 264 1595 συμφωνίας,
278 1559 326 1586 καὶ
341 1559 392 1594 τῆς
406 1559 460 1586 τῶν
479 1559 564 1594 ἁγίων
579 1560 696 1594 Γραφῶν
715 1561 879 1597 μαρτυρίας,

933 1555 1082 1590 simplicem
1096 1555 1200 1590 absque
1228 1554 1460 1582 demonstratione
1480 1559 1577 1582 nutum
1597 1562 1695 1589 sequar
1713 1563 1722 1588 ;

90 1605 299 1640 παραδοθέντων
328 1605 536 1640 ἀναχωρήσας;
564 1605 622 1633 οὐκ
646 1606 804 1642 ἠκούσαμεν
833 1607 880 1634 τοῦ

933 1597 1016 1629 abiis
1033 1602 1165 1629 recedens
1178 1608 1239 1636 quae
1250 1600 1306 1635 jam
1321 1600 1384 1627 olim
1415 1608 1512 1635 magno
1530 1608 1668 1628 consensu
1690 1608 1722 1627 ex

91 1651 196 1687 Κυρίου
210 1650 348 1684 λέγοντος
370 1650 482 1677 Πολλοὶ
497 1651 615 1684 κλητοὶ,
639 1651 734 1686 ὀλίγοι
747 1651 783 1679 δὲ
802 1652 881 1680 ἐκλε-

933 1647 1087 1675 divinorum
1110 1646 1275 1681 scriptorum
1293 1646 1449 1674 testimonio
1476 1646 1575 1674 tradita
1595 1646 1727 1674 fuerunt?

90 1697 157 1724 κτοι
164 1705 174 1730 ;
185 1696 243 1723 Καὶ
261 1695 343 1724 πάλιν
357 1704 364 1711 ·
382 1696 478 1731 Στενὴ
490 1697 539 1724 καὶ
553 1697 733 1732 τεθλιμμένη
746 1698 766 1731 ἡ
780 1698 849 1732 ὁδὸς
861 1699 880 1732 ἠ

933 1692 993 1720 Non
1023 1692 1177 1720 audivimus
1199 1691 1346 1719 Dominum
1362 1691 1498 1720 dicentem
1510 1701 1518 1719 :
1531 1691 1613 1720 Multi
1630 1692 1726 1725 uocati,

90 1743 254 1776 ἀπάγουσα
269 1743 313 1775 αις
335 1741 395 1777 τὴν
409 1741 497 1776 ζωὴν,
511 1743 559 1769 καὶ
575 1742 672 1777 ὀλίγοι
695 1743 776 1770 εἰσιν
787 1745 815 1771 οι
830 1746 881 1771 εὑ-

933 1738 1011 1773 pauci
1025 1746 1084 1765 vero
1099 1737 1174 1765 electi
1188 1737 1221 1764 ".
1235 1736 1268 1764 Et
1283 1737 1382 1765 iterum
1400 1747 1406 1764 :
1423 1739 1542 1772 Angusta
1554 1743 1578 1765 et
1595 1742 1670 1765 arcta
1687 1745 1726 1765 est

87 1789 252 1823 ρίσκοντες
268 1787 384 1822 αὐτήν;
395 1788 445 1819 Τίς
457 1788 506 1815 οὖν
527 1788 582 1815 τῶν
595 1786 625 1815 εὖ
643 1788 814 1823 φρονούντων
832 1790 881 1817 οὐκ

933 1784 975 1811 uia
996 1791 1054 1818 qua:
1067 1784 1140 1810 ducit
1160 1783 1196 1810 ad
1211 1783 1350 1811 vitiumet
1367 1784 1445 1818 pauci
1461 1784 1579 1819 suntqui
1592 1785 1726 1811 inueniunt

90 1833 201 1870 εὔχεται
215 1834 270 1860 τῶν
287 1833 385 1868 ὀλίγων
398 1831 468 1861 εἶναι
481 1834 535 1860 τῶν
548 1835 592 1862 διὰ
605 1835 654 1869 τῆς
669 1835 766 1870 στενῆς
780 1836 880 1863 εἰσιόν-

933 1837 993 1857 eam
1007 1829 1052 1856 ὀἳ
1066 1829 1134 1863 Quis
1148 1837 1212 1865 ergo
1228 1837 1302 1857 sana:
1314 1829 1414 1857 mentis
1429 1837 1484 1857 non
1493 1829 1596 1857 mavult
1609 1837 1640 1857 ex
1659 1838 1727 1865 pau-

90 1888 144 1906 των
161 1880 203 1911 είς
220 1879 368 1914 σωτηρίαν,
385 1879 402 1914 ἢ
423 1879 478 1906 τῶν
493 1879 597 1906 πολλῶν
613 1879 668 1906 τῶν
684 1879 728 1907 διὰ
749 1881 798 1915 τῆς
814 1881 881 1908 Ιιιτλα-

933 1875 972 1903 cis
1005 1883 1078 1908 esse,
1095 1875 1142 1911 qui
1167 1883 1216 1911 per
1239 1880 1381 1912 angustam
1397 1875 1536 1903 introeant
1552 1875 1580 1904 in
1599 1875 1725 1908 salutem,

90 1926 166 1956 τείας
180 1926 221 1957 είς
235 1925 375 1952 ἀπώλειαν
387 1925 573 1961 ὠθου·μένων;
588 1926 636 1957 Τίς
658 1926 681 1953 δ’
694 1927 746 1953 οὐκ
768 1926 802 1953 ἂν
832 1928 881 1954 ἑπ-

933 1929 1013 1957 quam
1027 1929 1060 1949 ex
1073 1922 1165 1949 multis
1178 1921 1225 1957 qui
1241 1929 1290 1957 per
1303 1921 1385 1949 latam
1407 1922 1530 1950 ferantur
1542 1921 1577 1950 ad
1595 1922 1727 1957 perditio-

90 1971 137 1998 εθύ
141 1979 241 2006 μησεν,
255 1972 280 1997 ει
290 1971 360 1997 κατὰ
369 1971 415 1998 τὸν
425 1971 521 2006 καιρὸν
530 1971 628 2006 ἔτυχεν
637 1971 671 1998 ἃν
680 1971 731 2007 τῆς
742 1971 881 2008 ἀθλήσεως

933 1975 996 1995 nem
1013 1968 1025 1994 ’ἶ
1038 1967 1093 1995 Aut
1106 1968 1167 2002 quis
1186 1975 1241 1994 non
1259 1967 1344 2003 magis
1354 1971 1486 2002 optasset.
1502 1967 1526 1996 si
1545 1972 1666 2002 tempore
1680 1968 1727 1996 illo

90 2017 137 2044 τοῦ
157 2017 295 2052 μακαρίου
313 2017 460 2051 Στεφάνου,
475 2017 526 2050 τῆς
550 2017 655 2044 ἐκείνου
675 2018 786 2053 μερίδος
808 2018 883 2052 γενέ-

91 2063 155 2090 σθαι
182 2062 230 2088 τοῦ
259 2062 341 2098 μόνου
368 2063 424 2093 τοῖς
446 2062 531 2094 λίθοις
544 2062 723 2097 βαλλομένου,
738 2062 784 2090 τοῦ
798 2065 882 2090 πᾶσιν

91 2109 131 2141 εὶς
145 2108 255 2142 γέλωτα
271 2107 465 2142 προκειμένου.
482 2108 498 2142 ἢ
524 2108 578 2134 τῶν
597 2107 704 2134 πολλῶν
723 2108 776 2135 τῶν
795 2108 883 2144 οἰομέ-

91 2162 144 2179 νων
168 2153 201 2179 τὸ
230 2152 387 2185 ἀξιόπιστον
396 2152 474 2187 ἔχειν
493 2153 525 2178 ὲκ
546 2152 596 2187 τῆς
618 2153 707 2187 κακῆς
718 2152 881 2184 moliente“

93 2196 138 2230 Εἷς
158 2197 310 2232 εὐδοκιμῶν
327 2198 368 2229 εις
383 2198 412 2224 τδ
431 2198 510 2224 Θεῖον
535 2199 732 2234 προτιμότερος
750 2198 820 2234 ὑπὲρ
836 2207 883 2234 μυ-

93 2244 190 2279 ριάδας
216 2243 346 2278 αὐθαδείᾳ
373 2243 585 2278 σεμνυνομένας.
615 2244 658 2274 Ὦς
684 2243 730 2270 καὶ
756 2243 805 2269 ἐπὶ
832 2244 882 2278 τῆς

93 2291 217 2322 Παλαιᾶς
234 2290 372 2325 Διαθήκης
384 2290 562 2325 εὑρίσκομεν,
578 2291 607 2316 ἐν
680 2289 798 2324 χιλιάδες
824 2289 883 2315 ἐπι-

93 2346 160 2364 πτον
181 2336 228 2362 τοῦ
244 2335 311 2362 λαοῦ
338 2335 460 2369 θεηλάτῳ
476 2335 581 2371 πληγῇ*
594 2336 691 2368 Μόνος
720 2334 754 2361 δὲ
779 2334 884 2367 Φινεὲς

91 2384 178 2416 ἔστη.
191 2382 243 2410 καὶ
255 2381 429 2414 ἐξιλὰσατοθ
444 2381 493 2408 καὶ
504 2382 658 2408 ἐκόπασεν
669 2382 688 2415 ἠ
700 2380 835 2415 θραῦσις.
852 2380 884 2406 Εἰ

92 2429 120 2456 δὲ
140 2426 220 2455 εἶπεν
242 2429 357 2459 ἐκεῖνος·
383 2427 446 2459 Πῶς
458 2428 586 2462 τολμήσω
600 2428 668 2462 πρὸς
680 2427 714 2454 τὰ
730 2426 884 2461 συμφώνως

92 2474 146 2500 ὑπὸ
170 2474 307 2500 τοσούτων
322 2473 475 2507 γινόμεναζ
499 2473 558 2504 πῶς
585 2471 714 2503 ἐναντίως
740 2471 885 2506 ὑπόθωμαι

92 2521 182 2554 ψῆφον
214 2520 270 2547 τῶν
290 2519 376 2550 οῶως
402 2519 553 2554 κρινάντων
581 2517 650 2554 ζῇνς
671 2517 728 2545 οὐτ’
745 2517 778 2544 ἂν
803 2517 884 2549 αὐτὸς

93 2566 267 2601 ὴρίσ-ιευσεν,
287 2565 350 2592 οὔτ’
366 2566 399 2591 ἂν
424 2565 454 2591 τὸ
475 2565 562 2591 κακὸν
587 2565 710 2599 ἔστησεν,
732 2563 834 2591 οὒτ’ἆν
859 2563 884 2590 οἱ

93 2611 182 2638 λοιποὶ
214 2610 403 2645 διεσώθησαν,
433 2609 490 2636 οὔτ’
514 2610 547 2637 ἂν
577 2610 643 2641 Θεὸς
656 2610 704 2644 τὴν
740 2610 884 2645 εὐμένειαν

95 2657 255 2692 ἐχαρίσατο.
290 2654 381 2682 Καλὸν
413 2653 479 2687 οὖν,
507 2654 588 2682 καλὸν
604 2675 612 2687 ,
642 2656 689 2681 καὶ
711 2654 742 2680 τὸ
767 2654 814 2681 ἕνα
846 2654 885 2680 δι-

97 2703 181 2734 καίως
209 2700 447 2737 παρρησιάζεσθαι
460 2721 468 2733 ,
497 2699 544 2726 καὶ
559 2701 609 2736 τὴν
621 2700 675 2726 τῶν
690 2699 794 2727 πολλῶν
815 2709 885 2735 συμ-

933 2013 1045 2040 vixisset
1060 2021 1115 2048 quo
1132 2013 1228 2040 beatus
1252 2013 1409 2048 Stephanus
1435 2017 1574 2041 certamen
1600 2013 1681 2046 obiit,
1699 2013 1725 2040 in

933 2059 1006 2087 illius
1019 2064 1097 2094 parte
1116 2059 1223 2087 censeri
1236 2059 1282 2094 qui
1303 2059 1378 2086 solus
1401 2059 1538 2094 lapidibus
1569 2059 1725 2094 petebatur,

932 2106 979 2141 qui
1016 2106 1138 2133 omnium
1165 2105 1283 2132 ludibrio
1300 2105 1441 2140 expositus
1467 2110 1542 2138 erat,
1560 2112 1641 2140 quam
1655 2105 1727 2133 inter

933 2152 1034 2179 multos
1065 2152 1125 2179 illos
1151 2151 1197 2186 qui
1220 2155 1334 2187 propter
1366 2151 1495 2186 injustam
1522 2151 1724 2182 auctoritatem,

932 2198 1106 2226 verisimilem
1121 2205 1230 2225 causam
1251 2198 1374 2225 obtinere
1386 2197 1566 2224 videbantur?
1579 2197 1667 2225 Pluris
1682 2203 1726 2225 cst

934 2250 1005 2270 unus
1020 2243 1075 2270 Deo
1091 2243 1212 2277 placens,
1227 2250 1310 2277 quam
1326 2242 1464 2277 myriades
1480 2250 1540 2270 sese
1563 2247 1725 2277 arroganter

932 2288 1104 2324 iactantiam.
1112 2287 1348 2320 Quemadmodum
1361 2292 1389 2315 et
1400 2295 1436 2314 ex
1446 2287 1538 2315 Veteri
1549 2287 1724 2315 Testamento

934 2334 1150 2366 discimus,crtm
1173 2333 1256 2360 millia
1276 2333 1362 2360 multa
1373 2341 1391 2360 e
1402 2334 1504 2368 popqu
1527 2333 1604 2369 plaga
1619 2333 1724 2361 caelesti

933 2379 1074 2411 caderent,
1091 2379 1126 2406 Et
1144 2378 1253 2406 Plumea
1274 2378 1346 2405 solus
1371 2379 1455 2410 stetit,
1473 2378 1610 2414 Deumque
1633 2379 1726 2406 elaca-

931 2426 982 2458 m't,
996 2429 1021 2452 et
1047 2425 1155 2452 cessavit
1180 2424 1316 2459 quassatio
1331 2425 1366 2451 ³⁷.
1397 2424 1475 2457 Quod
1490 2425 1518 2452 si
1533 2424 1646 2452 dixisset
1659 2425 1703 2452 ille
1717 2433 1724 2452 :

935 2470 989 2504 Qui
1017 2471 1104 2498 ausim
1126 2478 1177 2506 ego
1202 2471 1332 2498 adversus
1363 2478 1394 2498 ea
1409 2479 1470 2506 qua:
1500 2475 1558 2499 tam
1574 2470 1651 2499 multi
1671 2479 1726 2498 uno

936 2524 1074 2544 consensu
1102 2515 1206 2544 faciunt
1221 2516 1292 2551 ?qui
1308 2515 1428 2551 refrager
1452 2517 1487 2544 iis
1508 2517 1553 2552 qui
1570 2517 1610 2544 sic
1635 2517 1726 2545 vivere

935 2562 1117 2590 decreverunt
1132 2563 1144 2589 ?
1159 2570 1211 2590 nec
1221 2563 1363 2598 egregium
1381 2562 1488 2590 facinus
1512 2563 1643 2591 edidisset
1656 2563 1725 2599 ipse,

937 2615 988 2635 nec
1010 2607 1175 2635 inhibuisset
1189 2608 1301 2640 malum,
1329 2616 1418 2642 neque
1434 2612 1536 2635 servati
1551 2609 1642 2635 caeteri
1658 2608 1726 2636 fuis-

937 2658 1009 2685 sent,
1025 2661 1114 2688 neque
1130 2653 1201 2681 Deus
1213 2654 1433 2681 benevolentiam
1456 2661 1533 2681 suam
1559 2653 1726 2690 mertivis-

938 2703 990 2727 set.
1009 2698 1147 2734 Optimum
1159 2707 1236 2735 ergo,
1258 2699 1404 2735 optimum,
1418 2699 1461 2727 vel
1473 2706 1562 2727 unum
1584 2699 1727 2729 hminem

131 2773 154 2788 ⁵⁵
169 2772 265 2800 Matth.
282 2780 326 2804 xx,
359 2771 403 2798 16.
448 2771 471 2786 ⁸⁸
485 2770 581 2798 Matth.
607 2778 654 2803 vn,
672 2769 715 2797 14.
754 2769 777 2786 ⁵⁷
799 2768 881 2797 Νιιιῐι.

933 2777 967 2801 ιν,
983 2768 1017 2803 7;
1036 2768 1107 2796 Psal.
1118 2776 1160 2802 cv,
1174 2769 1218 2798 50.

855 2825 972 2854 ΝοΤΑΞ.

133 2874 189 2907 (ει)
205 2874 256 2902 Alii
277 2873 451 2911 Theodurcto
464 2875 597 2909 tribuuntI
615 2875 660 2903 alii
682 2874 813 2902 Eutherio
829 2873 986 2911 Tyanorum
1004 2873 1143 2909 episcopo.
1156 2873 1261 2901 Vidcsis‘
1272 2873 1437 2901 Garucrium
1457 2874 1483 2901 in
1500 2873 1628 2902 Auctario
1643 2874 1728 2903 Theo-

101 2909 191 2943 doreti,
201 2917 264 2946 pag.
281 2910 346 2939 698.
