1926 3078
201 149 270 182 1083
793 153 824 185 S.
845 154 1044 186 THEODORI
1059 155 1234 186 STUDlTrE
1760 154 1833 187 108‘

196 207 259 242 jure
271 207 383 240 audere,
398 211 426 234 et
444 206 573 242 injustam
586 207 733 235 multorum
748 210 921 237 concordiam
932 211 956 238 di

1070 211 1142 237 uvtav
1167 211 1257 237 ἄδικον
1280 208 1404 237 λύεσθαι.
1424 209 1506 238 Ἀλλὰ
1532 209 1564 237 σὺ
1581 211 1632 246 μὶν
1649 219 1830 246 προτιμησον,

198 250 316 278 solvere.
331 249 370 277 Tu
386 258 461 283 vero,
473 250 496 278 si
512 250 618 278 videtur
631 271 638 284 ,
656 256 763 280 servato
779 253 836 281 Noe
865 255 958 283 subme

1081 256 1163 288 δοκεῖ,
1177 255 1225 282 τοῦ
1239 255 1393 291 σωζομένου
1408 256 1470 282 Νῶε
1485 256 1515 282 τὸ
1530 256 1696 292 ὐποὸρύχιον
1715 258 1829 293 πλῆθος·

198 303 256 324 sam
271 296 474 324 multitudinem
493 301 650 331 antepone:
670 298 736 325 mihi
760 303 848 326 autem
864 301 958 335 permit

1071 300 1102 326 ιοὶ
1123 300 1152 326 δὲ
1177 299 1356 336 συγχώρησον
1381 300 1437 331 τοῖς
1460 300 1561 334 ὀλίγοις
1576 302 1610 336 τῇ
1624 302 1735 337 κιϐωτῷ
1748 311 1831 338 προσ-

199 346 229 370 ut
247 350 309 370 cum
328 342 422 377 paucis
445 342 479 369 ad
502 350 593 370 arcam
608 344 762 372 convolem.
779 344 811 372 Et
824 353 945 380 rursum,

1073 347 1164 381 αμεῖν.
1181 347 1234 373 Καὶ
1256 347 1349 378 πάλιν,
1371 347 1395 373 εἰ
1421 347 1522 382 βούλει,
1542 347 1623 380 τάξον
1649 349 1745 376 σαυτὸν
1760 350 1831 384 μετά

201 389 302 423 placet.
331 389 449 425 adjunge
473 394 500 417 te
527 390 692 417 multitudini
722 390 902 419 Sodomorum
920 399 961 426 τοι

1068 392 1093 418 3v
1106 392 1211 419 πολλῶν
1227 393 1255 418 ὲν
1269 392 1408 427 Σοδόμοις·
1424 392 1480 427 ἐγὼ
1491 393 1519 420 δὲ
1537 394 1689 420 συνοδέυσω
1700 394 1739 430 τῷ
1755 394 1828 426 Λὼτ,

197 442 263 461 vero
286 442 347 462 cum
363 435 413 463 Lot
437 436 529 469 abibo,
542 437 667 471 quamvis
689 436 764 464 solus
784 437 869 465 turbae
886 437 957 464 utilit

1069 437 1091 464 ίν
1108 438 1188 473 μόνος
1201 437 1255 464 τῶν
1269 437 1356 473 ὄχλων
1371 439 1565 474 συμφερόντως
1577 439 1740 475 χωρίζηται.
1755 440 1829 476 Πλὴν

202 488 233 507 se
249 480 393 508 subducat.
414 480 559 510 Enimvero
576 482 643 509 mihi
657 483 739 510 etiam
755 483 902 511 reverenda
919 490 962 509 mu

1069 483 1102 511 ιοὶ
1125 484 1173 511 καὶ
1188 483 1290 519 πλῆθος
1306 484 1458 518 αἰδέσιμον,
1476 485 1505 511 οὐ
1518 484 1549 511 τὺ
1564 485 1667 520 φεῦγον
1694 485 1829 518 ἐξέτασιν,

199 525 295 558 titudo,
316 533 371 554 non
392 527 597 562 inquisitionem
619 527 735 562 fugiens.
751 527 799 555 sed
815 527 959 554 demonstr;

1071 529 1107 556 .λά
1124 529 1154 556 τὸ
1177 529 1295 564 παρέχον
1310 529 1458 562 ἀπόδειξιν·
1475 530 1505 556 οὺ
1524 529 1554 556 τὸ
1569 530 1675 566 πικρῶς
1694 531 1831 566 ἀμυνόμε-

197 571 299 598 tionem
316 572 440 606 praebens
452 579 460 598 :
472 580 526 599 non
539 580 631 600 amare
645 573 794 605 ulciscens,
811 573 859 600 sed
875 577 957 608 pater]

1070 581 1094 607 ν,
1112 573 1181 600 ἀλλά
1195 574 1226 600 τὸ
1240 574 1381 609 πατρικῶς
1403 574 1593 610 διορθούμενον
1610 583 1617 590 ο
1635 576 1666 602 οὺ
1690 576 1721 602 τδ
1733 577 1830 611 χαῖρον

198 617 358 652 castigans:
381 625 436 645 non
461 618 581 646 novitate
611 618 731 653 gaudens
747 638 754 651 ,
777 618 825 646 sed
846 622 958 654 paterna

1068 619 1213 654 ιινοτομίᾳ,
1223 618 1292 648 ἀλλά
1306 618 1336 645 τὸ
1344 619 1480 654 φυλάσσον
1492 619 1623 655 πατρῴαν
1633 620 1828 656 κληρονομίαν.

198 663 320 690 retinens
343 662 540 691 haereditatem.
562 664 713 696 Quamnam
742 671 807 691 vero
837 664 958 691 multitud

1071 665 1117 690 δῖον
1128 663 1157 690 δέ
1185 672 1230 699 μοι
1250 664 1296 690 καὶ
1313 664 1413 699 πλῆθος
1428 664 1535 698 λέγεις;
1551 665 1582 691 τὸ
1599 665 1735 701 μισθωθὲν
1752 667 1831 694 κολα-

198 717 261 737 nem
279 710 345 737 mihi
362 710 663 745 pradicas?b|anditiis
674 714 701 737 et
712 709 871 738 muneribus
886 710 954 737 cond

1068 709 1102 745 ;ίᾳ
1116 709 1164 736 καὶ
1177 709 1273 744 δώροις
1285 718 1293 743 ;
1309 709 1339 736 τὸ
1359 709 1462 737 κλαπὲν
1474 710 1581 746 ἀμαθία
1595 719 1624 737 τε
1645 712 1693 738 καὶ
1711 712 1828 748 ἀγνιιίᾳς

198 755 293 783 ctam?
310 755 446 790 imperitia
474 760 503 783 et
533 756 686 791 ignorantia
718 756 842 791 captam?
869 760 943 783 metu

1085 755 1230 786 πεπτωκὸς
1244 755 1329 790 δειλίᾳ
1342 755 1392 782 καὶ
1406 756 1480 790 φόὸῳ
1494 756 1543 788 ;τὸ
1557 758 1732 792 προτιμῆσαν
1744 759 1830 794 πράσ-

198 805 303 829 terrore
327 806 491 837 prostratam
504 802 515 829 ?
527 810 587 837 qua
606 802 716 830 brevem
739 802 845 834 peccati
876 809 956 829 usura

1070 808 1134 834 ιιρον
1155 800 1292 835 ἁμαρτίας
1317 800 1467 828 ἀπόλαυσιν
1488 800 1539 835 τῆς
1564 801 1674 828 αἰωνίου
1704 802 1796 836 ζωῆς;
1812 803 1830 830 a

198 851 309 874 αξιοι-[ιω
328 847 392 875 vitae
405 847 524 882 praetulit
536 847 549 874 'I
564 847 636 882 quod
651 847 728 874 multi
747 851 840 882 aperte
866 846 958 874 confes

1070 844 1132 870 ›λλοὶ
1146 845 1271 879 φανερῶς
1293 844 1483 881 ὡμολόγησαν.
1498 846 1600 880 Πλήθει
1611 847 1640 873 τὸ
1653 846 1749 881 ψεῦδος
1765 855 1830 881 κρα-

198 894 273 918 sunt.
297 890 469 918 Multitudine
490 890 660 918 mendacium
686 890 829 918 defendis?
845 891 910 918 hinc
924 899 958 918 m:

1072 899 1145 923 νεις;
1167 891 1271 924 ἔδειξας
1294 891 1342 918 τοῦ
1365 891 1453 918 δεινοῦ
1467 892 1518 927 τὴν
1532 892 1667 920 ἐπίτασιν.
1683 893 1759 928 Ὀσῳ
1774 893 1829 928 γὰρ

196 935 252 962 vim
264 935 405 962 declarasti
416 944 423 969 ;
433 942 487 970 quo
499 935 573 962 enim
588 935 621 963 ad
633 935 724 971 plures
734 935 834 963 malum
843 935 956 972 pertingi

1067 935 1147 967 telo»;
1168 935 1198 962 ὲν
1219 935 1258 971 τῷ
1272 935 1360 971 κακῷ,
1379 935 1499 972 τοσούτῳ
1523 937 1656 973 μείζωνή
1686 937 1827 972 συμφορά.

198 983 274 1006 tanto
292 979 379 1013 major
393 983 436 1006 est
446 979 596 1007 calamitas.

232 1025 270 1052 De
286 1025 328 1052 bis
343 1033 407 1060 ergo
421 1025 450 1052 in
466 1025 539 1052 hunc
557 1025 677 1053 modum.
689 1025 807 1053 Ceteras
818 1030 909 1053 autem
925 1031 986 1054 tuas

1072 1024 1150 1052 Οὕτω
1164 1025 1213 1061 μὲν
1227 1025 1260 1061 δὴ
1274 1025 1371 1053 ταῦτα.
1396 1026 1475 1054 ’ἰέναι
1491 1027 1521 1054 δὲ
1536 1027 1584 1054 ἐπὶ
1602 1028 1653 1059 τὰς
1668 1027 1766 1064 ἐτέρας
1779 1036 1827 1055 σου

196 1071 398 1106 propositiones
428 1071 553 1106 persequi
569 1078 802 1106 supervacaneum
818 1072 899 1104 foret.
915 1072 956 1099 dilt

1069 1070 1194 1102 ιοτάσεις,
1209 1069 1348 1104 παρέλκον
1360 1070 1393 1097 ἂν
1414 1072 1467 1106 είη,
1484 1071 1622 1106 ἀγαπητὲ.
1636 1071 1681 1098 διὰ
1693 1071 1724 1097 τδ
1736 1071 1829 1097 ἐκδαί-

196 1120 251 1147 cte,
272 1120 327 1142 tum
344 1115 407 1150 quia
422 1116 531 1143 modum
551 1116 672 1150 epistola:
688 1117 832 1150 excedunt,
850 1123 907 1144 tum
920 1125 956 1152 qu

1070 1124 1092 1142 ιν
1116 1115 1164 1142 τοῦ
1190 1116 1289 1150 μέτρου
1307 1115 1357 1150 τῆς
1372 1116 1526 1151 ἐπιστολῆς,
1545 1116 1592 1143 καὶ
1615 1116 1701 1148 ἄλλως
1716 1116 1758 1143 ὅτι
1770 1117 1828 1148 τοῖς

198 1165 273 1188 recto
290 1169 372 1189 sensu
401 1161 473 1189 dicta
496 1161 692 1197 accipientibus
720 1162 798 1190 obvia
822 1167 904 1190 erunt
923 1171 957 1198 qu

1070 1161 1207 1197 αισθήτως
1226 1162 1383 1197 δεχομένοις
1396 1163 1457 1194 τοὺς
1472 1162 1567 1197 λόγους
1579 1163 1755 1198 εύαπάντητα
1771 1161 1828 1190 εἶεν

198 1207 336 1234 dicuntur.

1040 1208 1076 1235 τὰ
1089 1208 1235 1243 λεγόμενα.

397 1265 492 1293 XLIX.
503 1279 538 1286 —-
564 1266 708 1293 Naucratio
723 1267 788 1298 ﬁlio.

1212 1265 1279 1294 MG’.
1297 1280 1331 1285 —
1343 1265 1519 1300 Ναυκρατίφ
1530 1265 1634 1299 τέκνῳ.
1647 1265 1737 1302 [σκε’.]

198 1319 236 1345 Ad
253 1320 404 1353 eloquentia
416 1322 525 1348 studium
540 1322 659 1347 hortatur.
672 1323 734 1347 Tum
747 1323 841 1353 aliquot
853 1323 1005 1353 Studitarum
1017 1323 1134 1347 virtutem
1157 1322 1322 1346 commendat.
1336 1322 1441 1353 Demnm
1454 1322 1589 1352 respondet
1599 1321 1746 1347 auibusdam
1756 1323 1827 1347 inter

571 1355 663 1384 rogatis
673 1354 704 1378 de
715 1351 886 1379 communione
898 1360 953 1378 cum
962 1355 1094 1379 haereticis.
1108 1354 1208 1385 (Baron.
1221 1359 1261 1376 an.
1272 1352 1328 1382 809,
1342 1359 1368 1376 n.
1381 1351 1433 1383 Η.)

232 1403 305 1431 Dicis
328 1411 402 1432 nunc
429 1404 498 1432 mihi
525 1408 551 1432 et
574 1405 722 1432 identidem
734 1405 801 1433 alias
819 1405 983 1441 exposuisti,

1069 1404 1178 1440 Φθέγγῃ
1208 1404 1256 1430 καὶ
1278 1403 1409 1439 διήγησαί
1428 1411 1474 1438 μοι
1493 1403 1634 1435 ἑκάστοτε,
1654 1403 1750 1431 τέκνον
1776 1412 1828 1439 μου

198 1450 234 1477 fili
249 1450 286 1477 mi
301 1450 542 1484 desideratissime,
558 1458 613 1477 non
628 1451 756 1486 quiddam
774 1451 941 1486 superﬂuum

1067 1450 1233 1486 ιριπόθητον,
1264 1450 1340 1476 οὐδέν
1364 1458 1390 1475 τι
1411 1450 1538 1484 περιττὸν
1563 1449 1610 1476 καὶ
1631 1449 1827 1484 είκαιομυθές·

199 1497 280 1524 inane
313 1497 396 1530 dictu,
426 1497 475 1525 sed
498 1501 681 1532 opportunum
695 1502 722 1525 et
745 1497 934 1530 conveniens.
958 1510 959 1517 ι

1070 1495 1093 1521 λ’
1107 1494 1237 1529 εῡκαιρον
1260 1494 1307 1520 καὶ
1333 1493 1488 1529 πρεπῶδες,
1505 1494 1552 1520 καὶ
1578 1494 1662 1530 φέρον
1677 1495 1717 1526 εἰς
1731 1494 1828 1529 δνησιν

200 1542 272 1577 quod
286 1542 319 1570 ad
347 1542 491 1570 utilitatem
515 1543 598 1570 animi
619 1543 752 1575 conferat,
773 1544 844 1571 sicut
868 1548 896 1570 et
912 1551 960 1570 nul

1069 1541 1135 1575 αῆς.
1152 1539 1247 1574 ὥσπερ
1262 1539 1310 1566 καὶ
1323 1539 1359 1566 τὰ
1378 1538 1437 1566 νῦν.
1459 1539 1530 1574 Ἐγὼ
1546 1539 1575 1566 δέ
1592 1547 1639 1566 σου
1663 1539 1694 1566 τὺ
1716 1538 1829 1566 εὔτονον

197 1588 273 1616 facis.
290 1588 344 1624 Ego
356 1596 420 1616 vero
439 1589 596 1624 gravitatem
613 1593 685 1616 tuam
700 1589 823 1620 laudans.
838 1589 957 1623 amplecti

1068 1584 1168 1616 :atvé'w,
1180 1584 1352 1619 ἀποδέχομαι
1363 1584 1410 1610 καὶ
1420 1583 1469 1619 τὴν
1481 1584 1689 1619 προκόπτουσαν
1698 1583 1828 1616 διάλεξιν·

196 1633 278 1661 etiam
294 1634 432 1662 meliorem
444 1635 541 1670 stylum
556 1639 632 1662 tuum
644 1642 737 1669 :quem
750 1635 895 1669 plurimum
908 1642 956 1661 orn

1070 1641 1071 1646 η
1085 1629 1132 1662 ὅτι
1146 1628 1264 1663 μάλιστα
1286 1627 1412 1658 καλυνεῖς
1423 1648 1431 1660 ,
1449 1628 1497 1655 εὰν
1507 1628 1545 1655 τὰ
1564 1627 1614 1663 τῆς
1631 1627 1830 1664 γραμματικῆς

197 1679 249 1712 bis,
264 1680 285 1707 si
302 1680 482 1715 grammaticae
499 1679 601 1707 scholia
613 1680 707 1715 legere
723 1680 854 1714 potueris.
873 1679 957 1714 Oport

1069 1674 1130 1708 ;όλια
1152 1673 1272 1709 δυνηθῇς
1292 1673 1411 1700 ἐπιέναι.
1430 1674 1477 1700 Δετ
1494 1673 1549 1708 γὰρ
1571 1673 1618 1700 καὶ
1637 1673 1687 1708 τῆς
1708 1674 1737 1700 ὲν
1756 1673 1829 1708 λόγῳ

196 1726 270 1752 enim
290 1729 319 1753 ut
343 1726 450 1753 dicendi
475 1725 629 1753 facultatem
658 1733 790 1760 usumque
807 1726 928 1753 obtineat
942 1734 956 1761 q

1070 1720 1177 1755 νάμεως
1199 1720 1246 1746 καὶ
1264 1720 1361 1754 πείρας
1375 1719 1500 1754 μετέχειν
1514 1719 1560 1745 τὸν
1576 1718 1732 1754 ὀρθοδοξίας
1763 1719 1830 1746 ἀντ-

197 1776 298 1800 rectam
323 1772 476 1799 doctrinam
501 1772 639 1805 defendit,
657 1776 685 1799 et
711 1776 815 1799 certare
843 1772 898 1799 vult
924 1779 956 1799 cn

1070 1765 1178 1800 όμενον,
1194 1766 1241 1792 καὶ
1250 1764 1442 1799 ἀντιφέρεσθαι
1455 1766 1510 1795 τοῖς
1522 1764 1677 1797 κακοδόξοις
1693 1765 1828 1800 βουλόμε-

198 1825 279 1854 prave
299 1818 490 1845 sentientibus.
507 1817 574 1844 Nam
589 1826 650 1845 cum
669 1826 797 1854 magnum
812 1818 878 1853 quid
890 1825 923 1845 ex
936 1818 958 1844 h:

1067 1820 1093 1838 ν.
1115 1810 1224 1846 Ἐπειδὴ
1239 1811 1293 1846 γὰρ
1306 1811 1403 1837 ὲκείνοι
1419 1812 1453 1847 τῇ
1467 1810 1592 1837 ἐντεῦθεν
1606 1810 1708 1845 είδήσει
1719 1811 1827 1837 δοκοῦν-

198 1864 293 1891 notitia
309 1871 338 1891 se
352 1868 492 1891 assecutus
507 1864 558 1891 rati
579 1864 739 1899 glorientur,
762 1865 825 1891 dum
848 1864 958 1891 oblectai

1070 1865 1084 1888 ς
1095 1865 1122 1884 τι
1136 1857 1208 1892 μέγα
1219 1856 1302 1892 ἔχειν,
1312 1856 1556 1891 κατακομπάζουσι
1568 1857 1632 1888 τοὺς
1643 1856 1830 1890 κνηθομένους

201 1918 249 1938 eos
269 1910 369 1945 quibus
383 1910 512 1945 pruriunt
529 1918 609 1938 aures
627 1919 634 1939 :
651 1914 866 1938 consentaneum
881 1914 923 1937 est
939 1918 961 1937 et

1072 1911 1086 1934 ς
1099 1903 1184 1934 ἀκοὰς
1201 1902 1412 1938 γαργαλίζοντες
1422 1911 1430 1919 ⁸
1447 1902 1589 1929 κάλλιστον
1599 1904 1655 1934 τοῖς
1670 1902 1829 1938 όρθόφροσι,

196 1955 242 1988 qui
260 1960 332 1982 recta
348 1954 479 1988 sentiunt,
499 1962 550 1982 nec
565 1955 700 1982 sermonis
721 1955 826 1982 viribus
842 1954 954 1982 destitut

1071 1948 1105 1984 δδὶ
1118 1949 1151 1984 τῇ
1165 1948 1212 1975 τοῦ
1223 1948 1302 1982 λόγου
1319 1947 1392 1982 ίσχύῖ
1405 1947 1522 1979 ἐλλιπῶς
1533 1947 1616 1983 ἔχειν,
1627 1947 1675 1974 καὶ
1691 1947 1831 1974 καταϐάλ-

197 2008 258 2028 esse
276 2020 284 2034 ,
303 2003 332 2027 ut
359 2000 496 2027 minantes
524 2000 643 2035 ipsorum
671 2000 769 2028 arietes
791 2000 957 2034 dejiciant.l

1070 2002 1093 2020 ιν
1116 1993 1207 2021 αὐτῶν
1233 1994 1283 2025 τὰς
1310 1993 1472 2026 εὺθυΰόλους
1497 1992 1645 2024 ἑλεπόλεις.
1671 1992 1750 2019 Οὒτω
1782 2001 1830 2028 μοι

198 2044 263 2072 mihi
275 2045 364 2079 placet
378 2052 410 2072 ea
424 2045 451 2072 in
465 2052 494 2072 re
516 2045 670 2072 conﬁrmari
696 2049 733 2076 te,
749 2045 795 2072 tili.
811 2044 926 2073 Prorsus
939 2053 958 2072 at

1071 2039 1114 2066 λον
1136 2039 1320 2075 δυναμοῦσθαί
1336 2047 1377 2072 σε,
1392 2039 1496 2066 τέκνον.
1514 2039 1552 2066 Οὺ
1567 2039 1675 2070 πάντως
1689 2039 1719 2065 δὲ
1741 2038 1756 2065 ὃ
1781 2039 1831 2065 ἐπὶ

197 2094 252 2117 tem
271 2090 343 2124 quod
374 2090 401 2117 in
419 2094 444 2117 te
465 2091 563 2125 cupio,
589 2097 644 2118 non
677 2090 781 2125 pariter
795 2090 822 2117 in
836 2090 957 2125 quolibet

1070 2086 1081 2112 ὶ
1109 2085 1249 2121 βούλομαι.
1277 2085 1324 2112 καὶ
1339 2085 1387 2112 ἐπὶ
1403 2085 1513 2116 παντός·
1533 2084 1576 2112 διὰ
1590 2085 1621 2111 τὺ
1637 2084 1717 2111 ἄλλον
1741 2083 1830 2116 ἄλλως

198 2139 339 2170 propterea
353 2135 424 2169 quod
435 2135 504 2162 alius
520 2135 598 2162 aliter
606 2143 635 2162 se
648 2135 745 2168 habet,
762 2135 844 2170 idque
863 2135 958 2170 expedi

1069 2139 1110 2158 ειν
1134 2131 1206 2158 κατὰ
1232 2130 1288 2163 ἕξιν
1303 2138 1310 2146 '
1327 2131 1375 2157 καὶ
1404 2130 1564 2166 συμφέρεινι
1594 2129 1766 2164 Κεκοίμηται
1786 2129 1829 2162 δὲ,

200 2180 348 2208 Dormiisse
370 2188 452 2216 porro
468 2181 537 2208 dicis
563 2180 661 2208 fratres
688 2181 843 2216 Philippum
858 2181 960 2208 etl’hil:

1069 2184 1117 2211 γης,
1134 2176 1149 2202 ὁ
1174 2175 1288 2210 ἀδελφὸς
1313 2175 1456 2209 Φίλιππος,
1482 2175 1529 2202 καὶ
1552 2175 1649 2202 Φίλων.
1674 2175 1728 2202 Καὶ
1751 2173 1829 2208 εὖγε,

200 2234 274 2254 nem.
295 2226 329 2253 Et
351 2225 430 2259 bene,
446 2226 519 2261 quod
534 2231 649 2260 uterque
666 2226 739 2253 bono
755 2226 818 2254 fine.
833 2226 892 2254 Non
912 2234 960 2261 quc

1069 2231 1101 2256 γε
1112 2229 1120 2238 ο
1135 2222 1176 2249 ὅτι
1197 2222 1348 2257 ἀμφότεροι
1359 2221 1431 2249 τέλει
1448 2221 1553 2256 ἀγαθῷ-
1571 2221 1627 2256 οὺχ
1648 2221 1690 2248 ὅτι
1703 2221 1737 2248 τὰ
1757 2230 1829 2255 προ-

198 2281 230 2300 ea
247 2280 307 2308 quae
323 2276 387 2299 ante
403 2272 495 2304 finem,
512 2271 702 2306 vituperanda.
729 2272 874 2304 Quomodo
899 2272 958 2299 enin

1069 2269 1127 2294 λεια
1149 2267 1237 2302 ψεκτὰ
1259 2267 1330 2304 (πῶς
1355 2269 1409 2303 γὰρ
1436 2268 1460 2294 oi
1485 2267 1667 2302 ἀπειπάμενοι
1683 2267 1778 2302 κόσμῳ
1796 2267 1829 2302 [ι.

199 2326 260 2346 cum
285 2319 489 2346 renuntiassent
502 2318 613 2351 mundo,
630 2322 657 2345 et
680 2318 768 2351 carni,
787 2322 815 2346 et
828 2318 955 2354 sanguini

1073 2311 1152 2348 σμον]
1169 2312 1259 2347 σάρκα
1273 2312 1320 2339 καὶ
1333 2309 1412 2347 αἷμα,
1435 2311 1483 2338 καὶ
1498 2311 1586 2347 εὐαφῆ
1612 2311 1662 2346 τὴν
1686 2312 1736 2346 τῆς
1761 2311 1832 2338 ὑπο-

198 2369 224 2392 ct
243 2371 327 2391 suave
340 2363 392 2391 sibi
406 2363 567 2391 obedientize
588 2364 682 2399 iugum
700 2364 895 2399 imposuissent
909 2365 921 2391 ?
938 2372 958 2391 St

1072 2359 1124 2394 γῆς
1145 2358 1262 2394 ζεύγλην
1288 2359 1393 2390 ἑαυτοῖς
1418 2358 1621 2393 ὑποθέμενοις),
1639 2357 1696 2385 ἀλλ’
1712 2358 1754 2385 ὅτι
1781 2359 1831 2385 τοῦ

197 2408 260 2443 quia
275 2412 439 2443 postremam
458 2408 655 2435 beatitudinem
675 2409 765 2444 adepti
786 2412 852 2436 sunt
874 2412 956 2444 propt

1070 2405 1190 2440 εροτάτου
1208 2404 1385 2440 μακαρισμοῦ
1413 2404 1579 2439 τετυχήκασι
1604 2404 1650 2431 διὰ
1663 2403 1767 2439 Κύριον
1782 2403 1830 2429 δε-

198 2454 343 2481 Dominum
357 2454 573 2489 persecutionem
588 2454 672 2489 passi,
685 2454 777 2482 afflicti
788 2475 795 2487 ,
811 2458 839 2482 et
858 2454 887 2481 in
901 2462 958 2490 angi

1071 2451 1194 2486 υγμένοι,
1220 2449 1383 2485 θλιϐόμενοι,
1409 2450 1458 2476 καὶ
1485 2449 1743 2485 στενοχωρούμενοι.
1775 2450 1831 2475 Καὶ

198 2500 264 2528 stias
276 2499 387 2528 redacti.
404 2499 494 2535 Atque
510 2499 554 2527 bis
572 2500 665 2527 nullus
685 2504 727 2528 est
743 2500 790 2535 qui
806 2500 958 2527 contradica

1070 2496 1108 2528 ιὺς
1121 2496 1207 2523 ταῦτα
1228 2496 1317 2528 οὐδεὶς
1333 2496 1347 2521 ό
1363 2495 1521 2530 ἀντιλέγων,
1542 2495 1559 2530 ἢ
1573 2495 1597 2522 oi
1611 2495 1642 2522 τὺ
1661 2494 1830 2528 Εὑαγγέλιον

198 2549 296 2580 prreter
309 2552 356 2572 eos
369 2544 415 2580 qui
430 2545 606 2580 Evangelium
626 2549 849 2579 contempserunt
864 2544 958 2572 infamt

1070 2543 1203 2578 ιετηκότες
1223 2541 1377 2576 δυσώνυμοι
1392 2541 1560 2577 Μοιχειανοί.
1575 2541 1631 2568 Καὶ
1652 2540 1692 2576 τῷ
1711 2540 1763 2575 μὲν
1779 2540 1830 2566 Φί-

199 2590 352 2618 Maechiani.
373 2590 406 2618 Et
425 2590 499 2625 quod
514 2591 548 2618 ad
573 2589 715 2617 Philonem
738 2590 848 2624 quidem
879 2590 959 2617 attine

1071 2596 1101 2615 m
1115 2587 1191 2622 φίλον
1210 2587 1291 2622 μέχρι
1305 2586 1381 2614 τοῦδε
1403 2587 1503 2622 στῆσαι
1520 2586 1567 2617 τὸν
1594 2586 1703 2613 ἔπαινον
1717 2594 1725 2602 '
1738 2585 1774 2612 τὰ
1801 2585 1831 2613 δὲ

200 2637 254 2664 huc
272 2644 357 2671 usque
371 2635 479 2664 laudern
506 2636 567 2671 ejus
586 2635 714 2671 prosequi
738 2636 851 2670 placuit.
879 2635 960 2672 Egreg

1071 2633 1085 2660 ὗ
1112 2633 1196 2660 καλοῦ
1211 2633 1355 2665 Φιλίππου,
1374 2632 1460 2659 πολλὰ
1482 2632 1695 2667 κατορθώματα,
1712 2631 1730 2658 ἃ.
1747 2631 1831 2662 αὐτὸς

198 2689 263 2709 vero
282 2681 401 2716 Philippi
416 2682 501 2709 multa
512 2687 578 2708 sunt
589 2681 718 2716 praeclara
732 2680 864 2715 facinora,
881 2690 942 2716 quae

1073 2679 1250 2711 ιοκατέλεξας.
1268 2679 1339 2713 Ἐγὼ
1355 2679 1394 2710 δὲ,
1419 2679 1489 2714 πρὸς
1511 2680 1567 2710 τοῖς
1584 2678 1749 2714 εἰρημένοις,
1783 2679 1833 2705 καὶ

198 2727 258 2762 ipse
276 2727 468 2763 percensuisti.
499 2726 555 2762 Ego
568 2734 633 2754 vero
646 2746 654 2758 .
674 2730 771 2761 praeter
786 2727 829 2754 illa
842 2735 902 2762 quae
918 2727 958 2754 dic

1094 2725 1232 2753 ἄπλαστον
1259 2724 1343 2752 αὑτοῦ
1367 2725 1415 2752 καὶ
1438 2725 1567 2761 ἀκέραιον
1585 2724 1727 2760 θαυμάζω,
1754 2724 1787 2751 τό
1801 2733 1832 2751 τε

199 2775 264 2799 sunt
280 2790 288 2804 ,
304 2771 505 2807 simplicitatem
521 2772 580 2807 ejus
600 2775 627 2798 et
652 2771 836 2799 innocentiam
856 2771 959 2798 demiro

1073 2779 1187 2807 ηργητον,
1205 2772 1253 2798 καὶ
1275 2771 1473 2806 ἀμνησίκακον,
1493 2770 1699 2806 φιλοσύμπαθές
1722 2778 1752 2797 τε
1783 2771 1833 2797 καὶ

199 2818 272 2852 quod
289 2818 336 2845 ira:
358 2817 478 2850 nescius,
504 2818 576 2853 quod
602 2825 657 2845 non
681 2824 787 2844 memor
812 2816 959 2852 injuriarun

1070 2817 1213 2852 νλάδελφον,
1226 2816 1340 2851 εὐήκοόν
1355 2825 1386 2843 τε
1404 2817 1451 2843 καὶ
1467 2816 1642 2851 ἀνολίγωρον,
1658 2815 1706 2842 καὶ
1733 2816 1830 2842 συντὸ-

201 2862 369 2898 compaticns
380 2867 408 2891 et
422 2870 516 2891 amans
531 2863 655 2896 fratrum,
674 2862 876 2897 obtcmperans,
893 2865 920 2889 et
936 2869 961 2890 nt

1072 2869 1103 2894 υς
1129 2862 1226 2894 εἰπεῖν,
1245 2860 1359 2895 ἀπαθὲς,
1375 2861 1404 2895 ἐξ
1426 2858 1456 2889 οὗ
1484 2861 1531 2889 καὶ
1557 2861 1589 2889 τὸ
1617 2862 1832 2894 ιύκατάνυκτον,
