1926 3078
133 179 198 213 1085

734 180 1002 211 EPISTOLARUM
1023 182 1098 213 LIB.
1119 183 1142 212 l-

1689 183 1757 217 1086

130 224 293 272 μισόκοσμόν
311 243 340 261 τε
359 235 407 261 καὶ
436 235 570 270 φιλόθεον,
600 235 649 262 καὶ
675 235 909 271 ἀπαρρησίαστον.

965 235 1065 263 minem
1082 242 1274 271 contemnens,
1289 241 1318 265 et
1340 242 1370 265 ut
1385 238 1546 274 compendio
1562 239 1665 272 dicam,
1682 241 1755 268 omni

128 281 194 314 Λέγε
223 281 274 312 σὺ,
297 279 335 312 ὡς
362 280 410 306 καὶ
435 279 604 315 προῠφηνας,
625 281 656 307 τὸ
681 281 835 317 πολύδακρυ
863 281 910 308 τοῦ

126 325 229 360 ἀνδρὸς,
247 325 278 352 τὸ
299 325 477 360 φιλοπάτριον
500 326 547 352 καὶ
567 325 773 359 φιλακόλουθον,
792 327 911 358 καὶτοῖς

127 371 256 403 κινδύνοις
273 371 304 397 τὸ
314 371 505 405 ἀγωνιστικὸν,
525 371 572 398 καὶ
594 372 748 402 σπουδαῖον,
764 373 810 399 καὶ
825 373 909 407 ἀγόγ-

127 425 223 451 γυστον
239 416 367 448 καθόλου,
385 417 432 443 καὶ
450 417 480 443 τὸ
491 418 575 443 οἱονεὶ
590 417 713 449 ἀειθαλὲς
728 417 777 452 τῆς
791 418 909 444 ⁵τολυαν-

128 463 186 494 θοῦς
201 462 284 489 αὐτοῦ
298 462 387 497 ψυχῆς
401 462 456 488 τῶν
471 463 586 497 ἀρετῶν.
604 463 700 495 Καλῶς
720 463 777 498 ἔχει
801 465 849 490 καὶ
877 464 911 491 τὰ

126 506 170 534 τοῦ
185 506 299 542 περῤοῦ
315 506 430 534 Γαῖα·λοῦ
446 507 595 539 διελθῗντος
618 509 647 534 ὲν
663 508 746 534 παντὶ
759 507 834 543 τόπῳ
850 517 911 544 σχε-

125 553 177 585 δὸν,
192 553 258 580 ἔνθα
284 553 301 588 ἠ
313 553 447 587 διασπορὰ
462 553 516 579 τῶν
540 552 673 587 ἀδελφῶν.
691 553 745 579 Καὶ
761 553 802 579 ὃτι
822 553 912 587 ὑγιαί-

126 608 206 631 νουσι,
216 599 295 634 χάρις
309 598 348 634 τῷ
362 599 486 634 Δεσπότῃ
501 598 560 632 Θεῷ
571 605 577 612 ·
594 599 635 625 ὅτι
650 599 680 625 ού
693 599 910 626 καταπίπτουσιν

127 647 155 672 ὲν
171 647 230 676 ταῖς
242 645 374 679 Θλίψεσιν.
389 645 457 671 ἀλλὰ
471 644 571 679 μᾶλλον
585 644 855 679 ἀνδρειοῦνται,δόξα
871 644 910 680 τῷ

126 691 318 726 ἐνδυναμοῦντι
343 690 443 722 αὐτοὺς
466 689 672 725 Χριστῷ,’”οτι
700 689 908 722 ἀπελαύνονται,

127 737 191 772 μηδὲ
206 737 313 772 σκέπης
327 736 484 772 ἀξιούμενοι
499 736 576 771 παρά
590 744 668 763 τινων
689 736 840 771 μοναστῶν,
860 737 911 771 μάρ-

126 781 201 808 λιστα.
217 782 375 816 πανδημίων
398 781 658 816 συμπεφωνηκότων
678 780 746 815 ὁμοῦ
762 782 791 808 ὲν
803 781 890 816 τούτῳ
900 789 906 796 ·

127 824 162 860 μὴ
186 825 339 861 Θαυμάσας.
369 825 546 860 Γέγραπται·
575 825 629 852 Καὶ
652 825 752 860 ἐχθροί
768 826 832 852 «of:
858 826 910 853 ἁν-

125 871 290 904 θρώπουωι
314 871 453 898 οἰκειακοί
482 871 585 899 αὑτοῦ.
604 872 649 906 Μὴ
671 872 726 907 γὰρ
752 872 805 898 τὸν.
822 872 909 899 ταῦτα

964 282 1169 316 perturbatione
1198 290 1319 310 vacuus:
1332 291 1365 310 ex
1389 291 1445 318 quo
1470 288 1498 311 et
1515 284 1559 311 illa
1575 284 1663 312 facilis
1679 293 1756 312 com-

963 329 1086 363 punctio,
1097 329 1190 357 mundi
1205 329 1308 363 odium,
1325 334 1352 357 et
1369 338 1447 357 amor
1465 331 1524 363 Dei,
1536 336 1563 359 et
1577 331 1604 358 in
1615 332 1754 367 loquendo

962 374 1129 408 parcimonia
1147 379 1175 402 et
1189 376 1362 403 verecundia.
1378 376 1427 404 Dic
1440 381 1469 404 tu
1483 395 1490 408 ,
1506 377 1576 405 sicut
1595 377 1677 405 etiam
1691 382 1754 405 ante

962 418 1066 451 dixisti,
1084 419 1216 456 lacrymas
1232 421 1390 457 frequentes
1403 422 1464 454 viri,
1478 426 1505 450 et
1516 430 1635 450 amorem
1650 423 1751 457 Patris,

961 468 990 492 et
1009 465 1140 499 sequendi
1155 466 1292 497 ardorem.
1309 471 1337 494 et
1349 467 1377 494 in
1400 467 1528 502 periculis
1550 467 1752 501 fortitudinem,

961 514 989 536 et
1003 511 1069 537 recti
1084 511 1204 538 studium
1218 520 1225 544 ;
1240 512 1366 547 quodque
1386 513 1544 540 nullatenus
1556 513 1689 547 querulus
1705 520 1752 540 es-

961 560 1012 588 set,
1029 560 1057 583 et
1072 556 1143 591 quod
1165 555 1288 585 ﬂorentis
1311 558 1409 585 anima:
1426 558 1511 593 ipsius
1539 558 1656 586 virtutes
1674 559 1753 593 quasi

961 601 1080 628 virercut
1099 606 1242 636 perpetuo.
1258 602 1342 630 Recte
1356 610 1385 630 se
1397 602 1480 630 habet
1494 607 1521 630 et
1532 607 1662 631 constans
1674 602 1754 631 Gaia—

960 654 1013 673 nus
1026 666 1034 678 ,
1051 646 1098 681 qui
1118 647 1210 674 omnia
1225 654 1295 682 pene
1314 647 1372 675 loca
1393 649 1547 682 percurrit.
1565 648 1610 675 ubi
1634 648 1751 683 dispersi

960 696 1025 718 sunt
1048 691 1157 719 fratres.
1174 692 1207 719 Et
1219 693 1292 727 quod
1303 692 1413 726 valent,
1432 693 1518 728 gratia
1537 692 1653 720 Domino
1673 693 1751 721 Deo:

959 737 1030 771 quod
1046 737 1072 764 in
1090 737 1311 766 tribulationibus
1324 746 1379 766 nou
1395 739 1506 770 cadunt.
1518 739 1566 766 sed
1582 739 1674 774 potius
1688 747 1751 767 cor.

960 784 1123 811 roborantur
1139 793 1147 817 ;
1166 785 1249 819 gloria
1262 785 1305 817 ei,
1321 785 1367 820 qui
1390 793 1438 813 eos
1457 785 1603 818 confortat,
1630 785 1750 813 Christo.

958 830 1036 863 Quod
1066 830 1247 864 expelluntur,
1264 830 1300 858 ita
1324 835 1354 858 ut
1377 835 1449 858 tecto
1473 839 1527 858 non
1553 831 1751 866 excipiantura

959 876 1122 910 quibusdam
1150 877 1291 904 monachis
1305 897 1313 909 ,
1330 876 1448 903 maxime
1467 876 1501 904 ab
1517 876 1562 910 iis,
1578 877 1623 912 qui
1641 877 1669 904 in
1695 877 1749 905 hoc

125 917 247 950 φήσαντα
274 916 391 952 Χριστὸν
419 917 465 943 τὸν
493 917 559 944 Θεὸν
587 919 666 953 ἡμῶν
695 919 744 945 οὐκ
766 918 909 946 ἀπώσαντο

961 929 1056 949 omnes
1087 929 1141 949 una
1170 921 1363 956 conspirarunt
1379 930 1386 954 ;
1400 929 1434 948 nc
1449 921 1569 951 mireris.
1589 911 1594 912 ⁷
1610 922 1749 957 Scriptum

125 964 148 990 οἰ
172 964 302 997 τάλανες;
330 964 384 991 Καὶ
401 964 467 999 γοῦν
498 965 582 1001 φησὶν
597 967 611 993 ό
626 966 675 1000 τῆς
694 966 808 1002 βροντῆς
835 966 907 998 υἱός·

123 1011 174 1042 Εἰς
204 1010 240 1037 τὰ
263 1010 324 1037 ιδια
339 1009 423 1046 ἦλθε,
448 1010 498 1038 καί
514 1012 541 1039 οἰ
567 1011 637 1039 ῖδιοι
654 1012 746 1040 αὑτὸν
769 1013 806 1039 οὺ
833 1019 908 1046 παρ-

122 1055 241 1084 έλασον.

157 1145 189 1171 Τί
200 1144 248 1172 οὖν
262 1145 319 1172 ἐστι
331 1144 362 1171 τὸ
371 1145 509 1180 διάφορον,
525 1145 549 1171 εἰ
564 1144 588 1171 οἰ
602 1144 651 1180 μὲν
663 1144 780 1180 Χριστὸν
794 1146 844 1181 οὐχ
859 1145 910 1172 ὑπ-

123 1191 247 1224 εδέξαντο
263 1191 309 1217 τὸν
326 1191 474 1227 Λυτρωτὴν
484 1191 531 1217 τοῦ
549 1191 653 1226 κόσμου
665 1199 672 1206 ·
687 1192 711 1217 οἰ
727 1191 756 1217 δὲ
769 1192 832 1223 τοὺς
847 1191 906 1217 ἓνε-

960 972 1017 995 est:
1030 967 1063 994 Et
1074 967 1174 994 inimici
1182 967 1293 994 hominis
1304 967 1438 994 domestici
1450 967 1507 1002 ejus
1517 968 1548 993 ⁵⁸⁸.
1557 967 1651 994 Nonne
1660 967 1748 1002 ipsqu

958 1012 1003 1047 qui
1016 1012 1067 1039 hoc
1080 1011 1159 1044 dixit,
1173 1011 1313 1039 Christum
1325 1011 1409 1039 Deum
1437 1016 1562 1038 nostrum
1583 1012 1750 1046 expulerunt

960 1057 1085 1085 homines
1116 1057 1342 1092 miseri?ltaque
1378 1057 1491 1084 tonitrui
1519 1056 1589 1083 ﬁlius
1613 1056 1653 1084 ait
1673 1065 1681 1084 :
1713 1056 1749 1084 In

958 1103 1064 1138 propria
1075 1103 1156 1134 venit,
1171 1108 1196 1130 et
1212 1103 1254 1129 sui
1265 1111 1325 1129 eum
1342 1110 1394 1129 non
1405 1106 1557 1137 receperunt
1573 1102 1608 1128 ".

995 1148 1138 1180 Quodnam
1159 1148 1240 1183 igitur
1262 1147 1410 1175 discrimen
1434 1151 1485 1180 est,
1511 1147 1532 1174 si
1564 1146 1615 1182 ipsi
1639 1146 1749 1181 quidem

959 1193 1096 1220 Christum
1119 1201 1175 1220 non
1199 1197 1382 1228 susceperunt
1401 1192 1609 1227 Redemptorem
1625 1192 1721 1219 mundi
1740 1200 1747 1224 ;

122 1246 168 1264 κεν
183 1238 289 1264 ἐκείνου
303 1238 350 1264 καὶ
363 1238 409 1264 τοῦ
423 1237 504 1264 αὑτοῦ
518 1237 697 1271 Εὑαγγελίου,
711 1237 849 1272 διωγμοὺς
862 1237 908 1263 καὶ

961 1239 996 1266 illi
1012 1247 1077 1266 vero
1091 1246 1138 1266 eos
1154 1239 1201 1274 qui
1223 1243 1335 1273 propter
1349 1238 1490 1266 Christum
1514 1242 1542 1265 et
1558 1237 1643 1272 ipsius
1662 1237 1749 1264 Evan—

123 1283 248 1318 φυλακὰς
263 1282 587 1318 ὑπομείναντας;οὐδὲν,
605 1282 622 1318 ἢ
639 1282 670 1308 τὸ
691 1282 848 1317 σταυρῶσαι
861 1283 908 1308 καὶ

961 1285 1057 1321 gelium
1072 1285 1278 1319 persecutiones
1293 1289 1320 1312 et
1329 1284 1436 1311 vincula
1451 1284 1642 1312 sustinuerunt
1655 1284 1667 1311 Υ
1680 1283 1748 1319 μυι-

122 1329 288 1356 θανατῶσαι.
303 1328 351 1364 Μὴ
364 1328 454 1359 αὺτοῖς
466 1327 577 1363 λογισθῇ
589 1328 603 1354 ὁ
619 1327 767 1362 σύνδεσμος
780 1328 829 1363 τῆς
844 1328 908 1354 ἀνο-

961 1330 1026 1361 lum.
1042 1330 1094 1357 uisi
1116 1329 1284 1357 cruciiixisse
1299 1332 1327 1356 et
1340 1329 1483 1356 occidisse.
1499 1329 1540 1356 Ne
1561 1328 1614 1356 illis
1629 1328 1748 1363 impute-

122 1375 196 1410 μίας.
220 1374 302 1407 Ἀλλ’,
313 1374 351 1406 ὡς
368 1374 493 1410 εἴρηκας,
510 1373 548 1409 μὴ
564 1373 693 1408 φέροντες
706 1373 754 1405 τὰς
771 1374 824 1400 τῶν
841 1374 908 1400 ὐπο-

961 1380 1003 1403 tur
1016 1375 1150 1410 colligatio
1167 1375 1327 1410 iniquitatis.
1353 1375 1416 1408 Sed,
1436 1375 1507 1403 sicut
1524 1374 1624 1407 dixisti,
1639 1382 1694 1402 non
1709 1373 1750 1401 ie-

121 1421 297 1456 τασσομένων
325 1420 418 1452 αὐτοῖς
448 1419 656 1456 προσκρούσεις,
679 1421 726 1447 καὶ
749 1421 787 1451 ὡς
814 1420 847 1446 ἂν
870 1419 908 1456 μὴ

961 1425 1051 1448 rentes
1072 1420 1241 1448 subditorum
1267 1428 1379 1447 suorum
1396 1419 1574 1452 oﬂ'ensiones,
1595 1423 1623 1447 et
1637 1423 1667 1446 ut
1683 1419 1749 1454 ipsis

121 1468 214 1504 ἀνάψῃ
229 1467 322 1499 αὐτοῖς
343 1467 402 1501 φῶς
419 1466 558 1502 ἀληθείας,
573 1466 630 1492 ἀλλ’
643 1467 672 1492 ὲν
693 1466 783 1493 σκότει
797 1466 909 1500 ἀγνοίας

961 1465 1049 1494 lumen
1074 1466 1195 1493 veritatis
1225 1473 1279 1493 non
1304 1465 1478 1497 accendatur,
1506 1465 1552 1492 sed
1577 1464 1604 1491 in
1627 1464 1749 1492 tenebris

120 1513 348 1549 διαπορεύωνται,
362 1513 574 1548 ἀποπέμπονται
586 1513 649 1544 τοὺς
666 1512 798 1546 ἀδελφοὺς
813 1512 906 1547 ἡμῶν·

961 1511 1118 1547 iguorantize
1141 1511 1291 1543 ambulent,
1313 1511 1448 1545 repellunt
1463 1510 1562 1538 fratres
1571 1514 1697 1538 nostros:
1712 1517 1748 1537 ne

122 1559 221 1595 μήπως
237 1559 314 1592 λόγος
334 1559 406 1590 ὅσιος
422 1558 552 1594 ἀληθείας
569 1558 616 1584 καὶ
635 1557 808 1593 δικαιοσύνης
823 1558 906 1584 ἀκου-

961 1557 1030 1585 I'orte
1048 1561 1171 1584 sanctum
1185 1556 1306 1583 veritatis
1319 1560 1347 1583 et
1367 1555 1479 1590 iustitiae
1493 1555 1607 1583 verbum
1623 1554 1747 1586 audiant,

122 1605 184 1636 στὺς
215 1604 320 1637 αὐτοῖς,
351 1604 436 1640 ἧγουν
467 1603 670 1639 ὑπομνηστικδς
701 1603 823 1638 γένηται.
852 1603 909 1630 Οὐκ

961 1607 1040 1636 atque
1069 1605 1302 1629 commoueantur.
1322 1600 1382 1628 Non
1406 1600 1445 1628 sic
1470 1601 1548 1627 erit:
1575 1607 1746 1635 nequaquam

121 1650 213 1676 ἔσται’
230 1649 291 1677 οὐδὲ
311 1649 349 1685 μὴ
371 1649 451 1685 μείνῃ
472 1650 489 1685 ή
513 1648 595 1684 βουλὴ
609 1648 698 1675 αὐτῶν
714 1648 801 1684 αὕτη·
823 1648 880 1675 ἀλλ’
896 1649 909 1675 ό

961 1649 1042 1677 stabit
1057 1649 1108 1675 hoc
1132 1647 1275 1675 consilium
1290 1654 1384 1674 eorum
1403 1647 1467 1674 :sed
1484 1646 1595 1673 verbum
1614 1646 1662 1673 Dei
1676 1645 1747 1680 quod

121 1695 201 1730 λόγος
211 1694 260 1722 τοῦ
273 1695 341 1722 Θεθῦ
356 1694 384 1722 δν
398 1695 583 1730 πεπατήκασι,
593 1693 776 1730 λαληθήσεται
787 1694 834 1721 καὶ
850 1703 910 1720 στε-

121 1741 296 1778 ρεωθήσεται
318 1742 357 1772 εἰς
373 1741 469 1768 αἰῶνα.
489 1741 520 1767 '0
534 1740 662 1774 οὐρανὸς
678 1739 741 1774 γὰρ,
761 1740 838 1775 φησὶ,
859 1740 908 1767 καί

120 1787 140 1822 ή
154 1787 194 1822 γῆ
207 1787 462 1820 παρελεύσονται·
479 1787 505 1813 οἰ
519 1786 553 1813 δὲ
568 1787 652 1821 λόγοι
664 1795 724 1821 μου
736 1787 772 1814 οὐ
786 1786 827 1821 μὴ
840 1794 910 1820 παρ-

120 1832 246 1860 έλθωσι.
262 1832 319 1859 Καὶ
342 1831 410 1868 πρὸς
424 1831 510 1858 ταῦτα
532 1831 575 1863 τίς
593 1831 683 1863 ἱκανὸς
701 1831 908 1867 ἁντιφέρεσθαις

120 1879 148 1905 εἰ
164 1878 204 1914 μὴ
222 1879 237 1905 ὁ
252 1877 383 1914 τύραννος
398 1878 530 1911 Σατανᾶς,
544 1878 592 1904 καὶ
608 1878 632 1904 οι
647 1878 741 1904 τούτου
761 1877 909 1912 ὑποφῆται,

119 1925 172 1960 τὴν
201 1924 326 1960 μοιχείαν
351 1923 509 1958 οἰκονομίαν
538 1923 671 1958 σωτήριον
697 1925 730 1959 τῇ
762 1923 910 1958 Ἐκκλησία

120 1969 245 2006 Χριστοῦ
272 1970 472 2005 κικυρωκότες,
490 1970 515 1996 οἰ
540 1969 738 2004 ματαιόφρονες
761 1968 845 2000 ὅντως
863 1969 910 1995 καὶ

119 2017 287 2052 ὲκῡίστατοι.
305 2016 366 2042 Ἐπὶ
379 2016 428 2047 τὰς
444 2016 592 2051 ἐρωτήσεις
608 2023 655 2041 σου
666 2014 797 2049 τρεπτέον
811 2015 857 2041 τὸν
868 2014 911 2041 λό-

119 2071 182 2096 γον.
203 2062 294 2097 Ἐφης
307 2061 366 2089 ἀνθ’
378 2061 440 2088 ὅτου
459 2062 472 2087 ό
494 2061 564 2092 θεῖος
576 2060 711 2095 Κύριλλος
722 2060 857 2096 ᾠκονόμει
873 2059 910 2095 μὴ

119 2108 322 2144 ἀποσχίζεσθαι
330 2108 385 2135 τῶν
392 2108 443 2143 τῆς
458 2107 544 2143 Ἐῴας
561 2108 589 2134 ἐν
604 2107 744 2142 διπτύχοις
758 2107 910 2143 ἀναφερόν-

118 2164 176 2182 των
195 2155 242 2181 τὺν
257 2154 394 2190 Θεόδωρον
408 2153 454 2181 τὸν
470 2153 658 2188 Μοψουεστίας
673 2153 818 2187 αἱρετικὸν
833 2154 908 2180 ὄντα.

127 2200 188 2226 Ἐπ’
202 2199 236 2226 ἂν
257 2199 392 2234 ὀρθότατα
407 2199 455 2226 καὶ
469 2199 638 2235 καιριώτατα
657 2198 690 2225 τὰ
701 2200 751 2234 τῆς
769 2198 910 2230 εὐσεϐείας

958 1694 1166 1731 proculcarunt,
1201 1693 1394 1728 pratdicabitur
1425 1696 1453 1719 et
1479 1691 1685 1719 couﬂrmabitur
1718 1691 1746 1718 in

959 1740 1056 1769 saecula
1071 1748 1077 1767 :
1091 1738 1190 1767 Caelum
1201 1739 1279 1770 enim,
1289 1738 1336 1770 ait,
1352 1742 1376 1764 et
1389 1742 1459 1764 terra
1474 1736 1623 1764 transibunt
1642 1744 1651 1764 :
1669 1737 1746 1763 verba

959 1790 1048 1812 autem
1063 1793 1121 1811 mea
1135 1792 1185 1811 non
1196 1784 1342 1810 transibunt
1353 1783 1386 1809 ⁸⁸.
1403 1782 1437 1809 Et
1449 1782 1510 1817 quis
1524 1786 1611 1817 potest
1622 1781 1665 1808 his
1679 1789 1744 1808 con-

959 1831 1092 1859 tradicere
1106 1829 1117 1856 ’Ξ
1131 1833 1230 1864 praeter
1245 1834 1388 1864 tyranuum
1407 1827 1545 1858 Satanam,
1555 1827 1615 1860 ejus
1624 1826 1729 1861 discipu
1739 1841 1746 1846 -

960 1876 1012 1908 los,
1025 1877 1070 1911 qui
1082 1875 1227 1903 moechiam
1240 1873 1469 1910 dispensationem
1484 1872 1630 1899 salutarem
1645 1871 1746 1899 Christi

961 1922 1090 1950 Ecclesia:
1112 1921 1272 1956 praedicant,
1294 1926 1371 1946 vanae
1387 1925 1480 1946 revera
1505 1917 1604 1944 mentis
1623 1917 1747 1944 homines

960 1974 988 1997 et
1010 1967 1185 1997 odiosissimi.
1202 1967 1280 1994 Nunc
1302 1965 1335 1992 ad
1355 1964 1581 2000 interrogationes
1602 1967 1661 1990 tuas
1683 1969 1747 1989 con-

961 2014 1090 2043 vertenda
1105 2017 1147 2040 est
1159 2012 1256 2039 oratio.
1273 2010 1378 2044 Quaeris
1397 2017 1446 2037 cur
1459 2007 1625 2043 dispensarit
1639 2006 1747 2034 divinus

960 2060 1088 2096 Cyrillus,
1103 2063 1132 2086 ut
1142 2064 1254 2085 necesse
1269 2063 1323 2082 uou
1336 2059 1408 2082 esset
1420 2054 1454 2081 ab
1468 2053 1500 2081 iis
1515 2052 1646 2088 separari,
1660 2052 1705 2087 qui
1720 2051 1746 2078 in

960 2105 1071 2134 Oriente
1098 2103 1274 2130 Theodorum
1304 2100 1486 2136 Mopsuestia,
1515 2103 1577 2126 cum
1601 2098 1747 2127 haereticus

960 2154 1043 2182 esset,
1055 2149 1083 2176 iu
1095 2147 1229 2183 diptychis
1239 2145 1498 2174 commemorabam.
1513 2144 1582 2177 Quia
1598 2143 1746 2171 rectissima

959 2200 988 2224 et
1005 2194 1145 2230 aptissima
1167 2192 1276 2227 pietatis
1296 2191 1422 2226 dogmata
1441 2190 1512 2225 apud
1538 2190 1612 2225 ipsos
1641 2192 1747 2216 servata

118 2245 247 2281 δόγματα
258 2245 324 2280 παρ’
335 2245 426 2277 αὐτοῖς
437 2245 580 2272 ἐσέσωστο.
593 2244 671 2272 Οὕτω
680 2244 734 2280 γὰρ
745 2245 908 2280 γέγραπται,

962 2242 1050 2269 t'uere.
1076 2240 1122 2267 Sic
1136 2239 1209 2265 enim
1235 2238 1269 2265 ab
1282 2245 1315 2264 eo
1328 2237 1460 2271 scriptum
1482 2240 1533 2268 est,
1553 2235 1598 2270 qui
1617 2235 1674 2262 haec
1689 2241 1747 2261 me—

120 2279 179 2317 καὶγ
195 2291 211 2317 ό
232 2279 465 2326 ὺπομλνηματὶζων
479 2291 576 2323 ταῦτα,
601 2292 616 2318 ό
633 2292 661 2318 ἐν
679 2279 767 2325 ἁγίοις
783 2290 909 2324 Εὺλόγιος

963 2287 1057 2316 moria:
1067 2285 1196 2321 prodidit,
1220 2287 1315 2310 sancto
1336 2282 1453 2317 Eulogio
1477 2280 1648 2308 Alexandriae
1660 2279 1749 2307 archi-

119 2325 555 2370 ἁρχιεπίσκοπος’Δλεξανδρείας
568 2336 597 2362 ὲν
613 2335 652 2370 τῷ
665 2335 734 2369 Περὶ
743 2336 909 2370 οἰκονομίας

962 2334 1091 2369 episcopo
1107 2331 1135 2358 in
1151 2330 1210 2365 ejus
1221 2329 1260 2356 De
1275 2328 1471 2363 dispensatione
1487 2327 1556 2354 libro
1570 2335 1576 2353 :
1594 2325 1673 2360 cujus
1683 2332 1748 2353 seu-

119 2379 209 2406 αὑτοῦ
232 2379 322 2415 λόγῳ·
341 2377 371 2406 οὗ
397 2380 445 2407 καὶ
468 2380 565 2416 χρῆσιν
583 2380 733 2415 ἐνεθέμεθα
755 2380 785 2406 ὲν
808 2382 842 2416 τῇ
868 2380 909 2415 ὑφ’

962 2378 1056 2406 teutiae
1077 2384 1157 2404 usum
1175 2383 1226 2403 nos
1238 2381 1347 2410 quoque
1366 2373 1549 2409 explicuimus
1569 2371 1596 2398 in
1610 2379 1644 2399 eo
1654 2378 1747 2406 opere,

118 2425 137 2460 ὴ
141 2425 204 2460 μῶν
212 2425 360 2461 πονηθείσῃ
370 2425 442 2457 ἰδίως
451 2426 521 2460 Περὶ
531 2425 586 2460 τῆς
599 2426 730 2453 καθόλου
745 2427 909 2460 οἰκονομίας

962 2424 1034 2459 quod
1060 2421 1235 2458 peculiariter
1258 2420 1297 2448 De
1319 2419 1514 2455 dispensatione
1537 2418 1564 2445 in
1590 2417 1748 2445 universum

119 2472 313 2506 πραγματείᾳ.
331 2472 387 2507 Τὴν
410 2472 486 2499 λύσιν
510 2470 557 2499 οὖν
577 2472 657 2503 αὐτὸς
680 2472 796 2498 δέδωκεν
822 2473 837 2498 ό
864 2472 909 2498 καὶ

963 2468 1188 2504 conscripsimus.
1204 2466 1375 2495 Solutionem
1392 2466 1484 2500 itaque
1499 2465 1522 2492 is
1535 2465 1593 2500 ipse
1603 2464 1687 2497 dedit,
1702 2463 1748 2498 qui

120 2516 285 2552 ιστορήσας.
303 2517 340 2544 οὺ
354 2517 409 2553 γάρ
427 2526 471 2544 πω
483 2517 616 2553 ἀλλαχόσε
633 2517 767 2548 λέλεκται,
786 2517 834 2544 καὶ
849 2518 909 2544 ἰκα-

962 2515 1096 2543 narravit.
1115 2513 1175 2542 Non
1192 2513 1265 2541 enim
1277 2513 1406 2540 aliorsum
1422 2512 1524 2539 dictum
1547 2515 1598 2543 est,
1612 2518 1665 2537 nec
1676 2509 1748 2536 aliud

117 2563 169 2589 νὺν
184 2563 224 2598 μὴ
236 2562 374 2598 ἐπιζητεῖν
390 2563 464 2590 ἄλλο.
480 2563 634 2598 Σαφηνείας
645 2563 673 2589 δὲ
685 2562 777 2589 ἕνεκεν
793 2563 862 2590 ἔστω
876 2563 909 2590 τὰ

963 2561 1049 2598 (ποιειί
1069 2567 1183 2588 necesse
1197 2563 1249 2587 est.
1270 2558 1336 2592 Quae
1353 2562 1443 2585 autem
1460 2565 1475 2583 a
1487 2556 1567 2583 nobis
1582 2556 1610 2583 in
1626 2554 1748 2583 eamdem

117 2609 189 2644 παρ’
202 2608 282 2644 ἡμῶν
294 2609 411 2644 ἐχόμενα
423 2609 473 2643 τῆς
484 2609 570 2644 αὐτῆς
584 2609 688 2640 ἐννοίας
698 2616 706 2623 ·
720 2610 761 2636 ὃτι
773 2609 827 2635 τῶν
839 2610 911 2636 οἰκο-

117 2654 228 2689 νομιῶν
240 2656 269 2682 αἰ
288 2655 337 2690 μὲν
352 2655 420 2691 πρὸς
440 2655 535 2691 καιρὸν
548 2655 675 2689 γεγόνασι
698 2655 773 2691 παρὰ
786 2656 840 2682 τῶν
857 2657 911 2683 Πα-

118 2701 223 2737 τέρων,
239 2701 267 2728 αἰ
279 2702 308 2728 δὲ
323 2701 353 2728 τὺ
367 2702 490 2737 διηνεκὲς
501 2702 617 2737 ἔχουσιν.
634 2698 697 2728 Οἴον
712 2701 834 2737 διηνεκὲς
851 2702 910 2736 μὲν,

116 2746 161 2778 ὼς
183 2747 246 2774 ἀντὶ
263 2746 316 2774 τῶν
334 2747 511 2775 ὐποστάσεων
525 2747 750 2782 παραχωρεῖσθαι
772 2747 808 2774 τὰ
824 2747 912 2781 πρόσ-

117 2800 188 2819 ωπα
209 2792 278 2828 πρὸς
293 2793 340 2819 τοῦ
360 2794 439 2827 ἁγίου
461 2793 621 2821 ’Δθανασίου
635 2794 691 2825 τοῖς
710 2792 912 2828 Ἰταλοῖς.Πρδς

119 2838 224 2873 καιρδν
234 2838 264 2864 δέ
275 2846 282 2853 ³
296 2836 354 2865 οἷον
369 2838 417 2866 τοῦ
438 2837 600 2866 ’Λποστόλου
619 2838 665 2865 ἐπὶ
680 2838 727 2873 τῆς
742 2838 893 2873 περιτομῆς
903 2846 910 2853 ·

963 2607 1127 2636 sententiam
1153 2606 1225 2634 dicta
1247 2609 1322 2638 sunt,
1349 2602 1540 2632 declarationis
1568 2609 1651 2629 causa
1678 2600 1749 2628 dicta

966 2655 1021 2682 sint
1039 2662 1047 2681 :
1073 2651 1294 2687 Dispensationes
1313 2659 1328 2678 a
1352 2649 1477 2677 Patribus
1496 2647 1563 2675 alias
1587 2647 1621 2675 ad
1643 2652 1751 2680 tempus

965 2700 1052 2728 factas
1063 2706 1134 2730 esse,
1144 2698 1211 2725 alias
1225 2700 1383 2733 perpetuam
1397 2695 1451 2722 vim
1468 2693 1601 2722 obtinere.
1617 2692 1751 2720 Videlicet

965 2749 1096 2781 perpetua
1122 2743 1231 2779 quidem
1264 2742 1326 2774 fuit,
1353 2748 1416 2768 cum
1445 2745 1557 2768 sanctus
1585 2736 1751 2766 Athanasius

965 2792 1039 2819 Italis
1053 2790 1199 2823 concessit,
1219 2794 1249 2817 ut
1268 2795 1400 2825 personas
1414 2790 1579 2822 usurparent
1595 2792 1644 2821 pro
1664 2784 1750 2819 hypo-

965 2837 1094 2865 stasibus.
1119 2836 1158 2864 Ad
1180 2840 1289 2872 tempus
1304 2838 1404 2868 autem.
1431 2833 1503 2862 velut
1519 2832 1589 2869 quod
1605 2830 1751 2868 Apostolus

160 2896 184 2911 ”
200 2896 282 2924 Mich.
297 2904 346 2929 γη,
363 2897 379 2925 6
393 2905 400 2931 ;
414 2897 508 2925 Matth.
522 2905 549 2931 ι,
563 2897 607 2925 56.
646 2897 667 2913 ⁵’
684 2895 760 2923 Joau.
779 2904 798 2928 ι,
817 2897 856 2923 ll.
893 2896 909 2911 "

961 2904 995 2924 ις.
1009 2903 1064 2930 ut,
1091 2894 1136 2923 55.
