1926 3078
107 102 116 133 l
122 103 177 134 089

105 204 309 241 μητροπολίτην
330 204 414 231 αὑτοῦ
433 211 439 218 ·
456 205 489 231 ὲκ
511 205 558 232 τοῦ
575 205 762 241 πρεσϐυτέρου
773 204 822 232 τοῦ
835 207 896 232 ἐπι-

105 251 209 278 σχότῐου
224 250 430 286 ὀρθοδοξοῦντος
444 252 468 278 εί
491 252 543 287 χρὴ
563 253 704 278 κοινωνεῖν
715 260 724 267 ν
740 251 895 286 ἀπεκρίθην

103 296 148 324 καὶ
171 296 206 323 δι’
222 297 325 332 ἐτέρων
350 297 404 324 τῶν
426 298 495 332 πρὸς
514 298 622 324 Εὺὸδιον
646 298 837 333 γραμμάτων,
854 298 895 324 ὅτι

103 343 166 375 Ναὶ,
182 343 340 378 οἰκονομίας
365 343 459 378 χάριν·
478 344 559 378 μόνον
577 345 613 379 μὴ
628 344 895 379 συλλειτουργοῦντος

102 388 186 416 αὐτοῦ
202 389 362 425 αἱρετιιοῖς.
375 389 424 420 Εἰς
436 390 512 416 οὐδὲν
526 390 580 423 γάρ
600 391 669 422 ἐστι,
687 391 895 425 μνημονευομέ-

102 444 148 462 νου
174 435 223 461 τοῦ
256 435 406 461 ἐπισκόπου
433 435 574 470 ὀρθοδόξου
597 435 682 468 ὄντος,
708 436 759 462 κᾶν
788 437 893 462 ἐκείνου

102 481 179 516 φόϐῳ
199 481 339 516 αἱρετικὸν
354 481 537 515 ἀναφέροντος
549 481 594 507 τὸν
609 482 710 508 οἰκεῖον
727 482 894 517 μητροτιολί⁴

100 534 161 561 την.
181 524 237 551 τοῦ
262 525 385 551 τοιούτου
404 526 592 561 πρεσϐυτέρου
613 527 660 552 καὶ
684 528 726 557 εἰς
744 527 893 561 παννυχίδα

101 571 343 607 προσκαλουμένου
356 591 364 603 ,
380 571 465 598 ίτέον·
482 573 528 598 καὶ
548 571 711 607 Ἐκκλησίαν
727 572 794 608 παρ’
810 573 893 599 αὑτοῦ

100 617 249 651 δεδομένην
262 617 395 652 ληπτέον·
417 618 463 644 καὶ
477 618 516 649 εις
535 618 620 653 αὐτὴν
638 619 787 654 ἐρχομένου
807 619 891 646 αὑτοῦ

100 662 307 698 λειτουργῆσαι,
333 664 550 699 παραχωρητέον
565 672 574 679 ·
599 665 615 699 ἢ
635 664 682 691 καὶ
708 665 893 700 μνημονεῦσαι

101 709 208 744 νεκρὸν,
224 708 365 744 ὀρθόδοξον
380 710 482 745 μέντοι,
498 709 689 746 συγχωρητέον
702 719 710 726 ·
737 711 784 737 καὶ
798 711 827 737 ὲν
844 711 893 737 αὐ-

100 756 131 790 τῇ
144 754 314 790 λειτουργεῖν
334 755 380 782 τὸν
410 754 540 786 λαϐόντα,
558 756 634 782 οὐδὲν
653 756 800 784 κωλυτέον.
818 756 848 783 Εἰ
863 757 892 784 δὲ

101 801 240 835 αἱρετικὸν
256 800 386 836 ἀναφέρει
401 801 466 828 ὄντα
486 801 646 835 ἐπίσκοπον,
665 803 718 829 κᾶν
737 803 890 839 μακαρίζῃ,

101 846 150 872 κᾶν
172 844 313 882 ὀρθοδοξῇ,
340 847 390 882 τῆς
406 846 454 882 μὲν
471 846 548 879 θείας
566 848 709 880 κοινωνίας
731 849 865 882 ἀφεκτέον
882 869 890 881 ,

99 891 147 927 τῆς
172 891 202 918 δὲ
223 892 317 927 κοινῆς
332 893 483 928 τραπέζης,
501 894 544 920 ἐπ’
564 893 597 920 ἂν
626 895 684 920 ἐκεῖ
711 894 764 920 δέοι
789 902 892 929 μνημο-

104 937 204 964 νεύειν.
221 934 285 964 *Ωδε
299 937 407 965 δεκτέον
422 940 492 974 τάχα
506 940 552 966 καὶ
564 939 726 974 εὐλογοῦντα
750 940 830 967 αὑτὸν
846 940 892 967 καὶ

101 982 296 1017 ουμψάλλοντα
309 990 316 998 ·
332 983 435 1018 ἐάνπερ
456 984 524 1019 μήτε
554 984 726 1019 αἱρετικῷ,ἦ
744 984 783 1019 τῷ
800 984 892 1019 οἰκείῳ

100 1029 254 1064 ὲπισκόπῳ,
270 1029 324 1055 εἴτε
341 1029 394 1055 τινὶ
408 1029 491 1064 ἄλλῳ,
508 1031 689 1065 συνιερουργῇ
704 1030 737 1064 ’ἦ
752 1031 780 1056 ὲν
793 1030 891 1064 γνώσει

101 1074 246 1109 μεταδίδοι.
265 1074 297 1101 Ei
324 1074 408 1101 ἐσθίει
425 1083 468 1105 τις
487 1075 556 1110 μετὰ
579 1075 626 1102 τοῦ
652 1076 857 1111 μοιχοζεύκτου,
873 1076 890 1112 ἢ

101 1121 160 1156 μεθ’
176 1121 272 1156 ἐτέρου
302 1121 442 1156 αἱρετικοῦ
469 1121 644 1157 ἀδιαφόρως,
673 1122 826 1156 φυλακτέον
852 1122 890 1158 μὴ

100 1166 292 1193 συνεστιᾶσθαι
308 1164 364 1198 τοῖς
377 1166 520 1199 τοιούτοις,
536 1167 587 1194 κᾶν
600 1167 800 1203 ύποκρίνωνται
811 1169 892 1203 ὀρθο-

99 1213 196 1245 δοξεῐν.
217 1211 255 1239 υῦ
269 1213 323 1249 γὰρ
340 1213 508 1248 φυλάσσουσι
521 1214 551 1240 τὸ
567 1214 733 1249 πρόσταγμα
743 1214 789 1240 τοῦ
810 1215 891 1241 ’Λποσ

100 1259 205 1290 στόλου,
219 1258 283 1293 Τοῖς
293 1259 446 1292 τοιούτοις,
460 1259 596 1294 λέγοντος,
609 1259 687 1294 μηδὲ
698 1261 886 1288 συνεσθίειν.

101 1305 196 1336 llum.
214 1305 264 1332 οὐκ
278 1305 469 1341 ὲξερευνητέον
484 1306 500 1342 ἧ
520 1306 590 1342 μετὰ
601 1306 650 1334 τοῦ
671 1309 893 1340 ωνεστιαθέντος

100 1351 138 1386 τῷ
162 1351 313 1387 αἱρετικῷ·
342 1351 403 1378 ὅσδε
429 1352 595 1388 συνεστιάθη
621 1352 723 1388 ζητεῖν,
749 1354 797 1381 καὶ
824 1353 893 1390 μετὰ

99 1397 176 1424 τοῦδε
203 1397 318 1432 ἓτερος³
336 1397 485 1425 κάντεῦθεν
510 1398 704 1434 ἀνασειράζειν
730 1400 775 1427 τὸν
801 1399 891 1434 λόγον,

100 1444 146 1470 καὶ
169 1443 338 1478 ἀφίστασθαι
366 1444 486 1471 πάντων.
507 1444 712 1480 Ἐθελόγνωμον
728 1445 758 1472 τὸ
784 1445 890 1482 χρῆμα,

721 104 990 137 EPISTOLARUM
1007 106 1080 138 LIB.
1102 108 1126 138 Ι.

103 158 332 194 φευδοσύλλογον·
345 159 511 193 μνημονεύει
526 159 554 186 δὲ
567 159 612 186 τὸν
622 160 651 186 ὲν
665 160 732 196 αὐτῇ
746 158 892 195 εὑρεθέντα

945 169 998 196 que
1027 162 1102 189 illam
1130 161 1228 189 falsum
1257 162 1478 190 conventiculum
1506 171 1514 191 ε

1543 171 1737 194 commemoret

946 213 1037 236 autem
1048 207 1288 242 metropolitanum
1299 208 1346 243 qui
1357 208 1383 235 in
1394 216 1426 236 ea
1439 209 1567 237 inventus
1577 215 1628 243 est,
1645 216 1736 239 utrum

946 262 960 280 τι
977 253 1137 289 presbytero
1154 253 1274 288 episcopi
1291 254 1433 281 orthodoxi
1461 255 1586 290 accipere
1614 264 1737 285 commu-

946 298 1056 325 nionem
1076 298 1223 333 oporteat?
1235 306 1284 333 per
1294 298 1359 325 alias
1375 299 1408 325 ad
1422 298 1553 327 Evodium
1573 301 1677 329 litteras
1693 310 1738 330 re-

945 344 1054 379 spondi,
1065 344 1325 372 communicandum
1341 352 1401 372 esse
1417 345 1627 380 dispensationis
1639 348 1736 382 gratia,

945 389 1092 417 dummodo
1108 390 1174 425 ipsis
1195 398 1257 418 cum
1273 390 1409 418 haereticis
1427 398 1490 418 non»
1506 393 1650 420 sacriﬁcet.
1666 395 1735 422 Cum

945 436 1018 462 enim
1038 436 1184 471 episcopus
1198 436 1243 471 qui
1261 441 1494 464 commemoratur
1505 438 1542 464 sit
1552 439 1734 472 orthodoxus,

945 489 995 517 pro
1011 482 1097 509 nihilo
1109 488 1150 510 est
1166 482 1238 516 quod
1254 482 1326 510 illius
1341 488 1426 514 metu,
1440 483 1598 511 haereticum
1613 492 1735 512 comme-

945 531 1033 554 moret
1045 526 1284 562 metropolitanum
1295 534 1389 562 suum.
1400 527 1559 562 llujusmodi
1576 529 1735 564 presbytero

945 577 973 601 et
987 573 1021 600 ad
1045 573 1216 609 pervigilium
1233 578 1357 604 vocante,
1376 574 1497 601 eundum
1523 579 1564 602 est
1579 583 1587 607 ;
1603 579 1630 602 et
1641 575 1736 603 Eccle-

944 618 1012 646 siam
1027 618 1178 653 praebente,
1199 617 1357 652 accipienda
1373 623 1415 645 est
1432 626 1439 650 ;
1462 622 1489 645 et
1505 619 1539 645 ad
1556 619 1629 646 illam
1645 625 1676 646 ut
1689 627 1735 647 sa-

943 664 1048 691 criﬁcet
1069 664 1208 697 veniente,
1225 663 1439 699 permittendum
1463 669 1514 691 est.
1531 664 1688 697 Quinetiam
1704 670 1734 693 ut

943 713 1081 737 mortuum
1092 714 1286 736 commemoret
1297 710 1445 737 dummodo
1458 710 1651 743 orthodoxum,
1666 718 1733 738 con-

943 754 1096 782 cedendum
1118 758 1161 781 est
1176 762 1182 780 :
1198 758 1226 781 et
1253 754 1281 780 in
1300 762 1333 781 ea
1354 754 1510 782 sacriﬁcare
1549 755 1595 789 qui
1616 757 1732 790 accepit,

943 800 1054 827 minime
1078 799 1291 834 prohibendum.
1307 800 1336 827 Si
1355 807 1421 827 vero
1439 800 1599 828 haereticum
1613 808 1735 828 comme-

944 850 1032 873 moret
1042 846 1212 881 episcopum.
1226 846 1350 880 quamvis
1363 845 1473 873 beatum
1490 846 1630 880 praedicet,
1641 854 1736 881 quauh

942 893 983 920 vis
997 898 1070 920 recte
1090 892 1190 920 sentiat
1206 900 1212 918 :
1231 891 1345 919 adivina
1362 892 1555 919 communione
1565 892 1658 927 utique
1671 892 1735 920 abs-

943 938 1087 966 tinendum
1112 942 1164 970 est,
1193 937 1247 964 imo
1261 941 1290 964 et
1307 944 1322 964 a
1341 944 1435 964 mensa
1455 937 1606 970 communi,
1633 938 1655 964 si
1681 937 1736 964 illic

941 989 1049 1019 quoque
1073 983 1328 1011 commemorandua
1356 983 1402 1010 sit.
1429 983 1467 1010 Ita
1493 983 1666 1018 recipiendus
1691 984 1736 1011 ille

942 1030 1056 1057 fortasse
1072 1030 1104 1057 ad
1119 1029 1336 1057 benedictionem
1348 1033 1375 1056 et
1390 1028 1423 1056 ad
1434 1028 1623 1064 psalmodiam,
1636 1029 1658 1056 si
1672 1037 1734 1056 cum

943 1076 1073 1103 hazretico
1089 1075 1227 1110 episcopo,
1243 1074 1301 1102 sive
1317 1081 1379 1107 suo,
1402 1074 1460 1102 sive
1471 1074 1569 1106 altero,
1581 1079 1636 1101 non
1652 1074 1736 1101 sacri-

943 1122 1015 1155 ﬁcet,
1031 1128 1083 1149 nec
1094 1122 1131 1148 illi
1145 1122 1234 1149 sciens
1253 1121 1410 1148 distribuat.
1425 1120 1454 1147 Si
1467 1120 1529 1155 quis
1542 1120 1632 1147 cibum
1646 1119 1736 1154 capiat

942 1175 1005 1196 cum
1037 1168 1152 1195 adulteri
1180 1167 1347 1202 copulatore,
1374 1170 1423 1193 aut
1456 1173 1518 1193 cum
1546 1165 1601 1192 alio
1638 1165 1736 1200 quovis

942 1215 1072 1242 hmretico
1087 1213 1275 1241 indifferenter
1288 1221 1296 1240 :
1312 1212 1463 1240 cavendum
1486 1216 1528 1239 est
1542 1219 1577 1239 ne
1593 1219 1655 1239 cum
1672 1211 1736 1238 tali-

943 1259 994 1287 bus
1020 1259 1189 1290 comedatur,
1208 1257 1271 1285 licet
1285 1261 1358 1284 recte
1377 1256 1480 1284 sentire
1501 1263 1532 1284 se
1551 1256 1662 1291 ﬁngant.
1674 1255 1735 1282 Non

942 1305 1016 1332 enim
1033 1305 1180 1331 observant
1203 1306 1371 1338 praeceptum
1387 1301 1510 1337 Apostoli
1528 1310 1534 1328 :
1554 1301 1620 1329 Cum
1639 1301 1736 1335 hujus-

942 1349 1014 1377 modi
1026 1357 1071 1376 nec
1087 1349 1173 1376 cibum
1192 1356 1294 1375 sumere
1305 1348 1327 1363 “
1345 1347 1491 1375 monentis.
1515 1347 1661 1378 Caeterum,
1678 1354 1733 1381 non

942 1394 1059 1431 amplius
1074 1394 1237 1428 investigare
1249 1398 1368 1429 oportet,
1379 1397 1426 1420 aut
1437 1393 1592 1428 exquirere,
1607 1387 1699 1419 utrum
1712 1392 1736 1419 is

944 1440 1096 1469 comederit
1120 1447 1182 1466 cum
1197 1447 1230 1467 eo
1246 1439 1291 1474 qui
1308 1447 1370 1466 cum
1393 1439 1522 1466 heretico
1545 1438 1636 1465 cibum
1658 1445 1735 1465 sum-

100 1490 147 1515 καὶ
162 1489 193 1515 ού
211 1488 268 1516 τῶν
282 1489 379 1524 ἁγίων.
391 1489 485 1524 Μέχρι
499 1490 554 1525 γὰρ
569 1491 688 1523 τούτου,
701 1492 778 1526 φησι,
788 1490 889 1526 στῆθι,

945 1487 1036 1524 pserit,
1056 1492 1082 1514 et
1104 1494 1166 1514 cum
1191 1486 1238 1512 illo
1258 1486 1327 1512 alter
1344 1494 1350 1512 :
1376 1490 1457 1519 atque
1479 1484 1515 1511 ita
1533 1484 1615 1510 alium
1635 1491 1668 1510 ex
1682 1482 1736 1509 alio

99 1535 148 1562 καί
180 1535 238 1569 οὐχ
262 1534 433 1569 ὑπερδήσῃ.
447 1535 494 1571 Μὴ
520 1535 577 1571 γὰρ
605 1535 656 1562 οὐκ
676 1535 789 1571 ᾔδεισαν
804 1535 892 1563 ταῦτα

99 1580 246 1616 ὲξερευνᾷν
268 1581 316 1608 καὶ
335 1581 543 1615 διαγγέλλεσθαι
575 1582 663 1617 ὴμῖν;
684 1581 741 1608 ἀλλ’
755 1582 891 1617 οὐδαμῶς.

99 1627 146 1653 Διὸ
165 1626 217 1653 οὒκ
233 1626 328 1653 ἐσθλὸν
349 1626 524 1662 μεταϐαίνειν
548 1627 610 1663 ὅρια
626 1626 643 1654 ἃ
658 1626 750 1654 ἔθεντο
763 1628 788 1654 oi
804 1628 892 1655 Πατέ-

101 1680 146 1707 ρες
161 1671 251 1708 ἡμῶν.
259 1672 326 1698 Μεθ’
339 1668 370 1699 οὗ
379 1671 407 1699 δὲ
421 1672 470 1699 οὐκ
482 1672 618 1707 ἐσθίομεν,
631 1672 692 1699 οὐδὲ
703 1673 789 1708 δῶρον
796 1673 892 1701 τούτου

98 1716 209 1745 δεκτέον
225 1726 232 1733 ·
247 1717 327 1754 εἴπερ
343 1717 488 1753 διδαχθεὶς,
509 1718 588 1751 ἅπαξ
605 1719 652 1745 καὶ
663 1718 703 1751 δὶς
719 1718 892 1755 ἁδιαφοροίη,

99 1763 149 1790 καὶ
158 1764 188 1790 οὐ
206 1764 332 1791 πείθεται
346 1765 423 1799 ἡμῖν.
442 1764 500 1791 οὐκ
514 1762 574 1791 οῖδα
588 1765 612 1791 εὶ
625 1764 664 1800 μὴ
683 1765 759 1800 παρὰ
769 1765 825 1792 τῶν
845 1774 895 1799 φυ-

99 1808 192 1836 λάκων
205 1809 255 1840 τὰς
270 1809 319 1844 οὐχ
336 1809 375 1840 ὼς
394 1809 531 1844 εὐλογίας,
547 1810 605 1836 ἀλλ’
620 1810 657 1841 ὡς
673 1809 769 1845 χρείας
783 1809 894 1845 λαμϐά-

99 1863 157 1881 νειν
170 1862 177 1869 ·
194 1855 211 1889 ἢ
231 1855 388 1890 οἰκονομίας
400 1855 504 1887 ἕνεκεν,
520 1856 566 1882 καὶ
584 1856 619 1882 τὰ
635 1855 711 1892 παρὰ
727 1855 781 1883 τῶν
807 1856 895 1883 ἄλλων

99 1901 257 1935 φευγόντων
268 1900 358 1935 μέντοι
372 1901 403 1928 τὸ
415 1902 606 1928 συνεστιᾶσθαι
620 1902 769 1937 αἱρετικοῖς
782 1903 895 1937 ἀδιαφό-

103 1955 155 1981 ρως
173 1956 179 1962 ·
195 1947 245 1973 οὐκ
259 1945 317 1974 οἶδα
340 1948 364 1973 εἰ
380 1947 416 1983 μὴ
434 1948 504 1985 τύχῃ
522 1948 593 1975 κατὰ
608 1949 770 1984 περίστασιν
792 1949 839 1975 καὶ
853 1949 894 1975 δέ.-

101 1993 201 2026 ξασθαι
220 1993 266 2020 καὶ
283 1993 492 2029 συνεστιαθῆναι
511 1995 557 2021 καὶ
567 1994 667 2021 τοῖσδε.
684 1995 781 2022 Δοῦναι
799 1995 827 2022 δὲ
840 1995 896 2027 τοῖς

100 2037 234 2070 τοιούτοις
248 2038 296 2065 καὶ
308 2039 365 2070 τοῖς
379 2038 477 2073 φύλαξι
490 2038 589 2074 βρῶμα
604 2040 651 2066 καὶ
661 2039 737 2074 πόμα
748 2040 777 2066 οὺ
790 2039 896 2074 διακρι-

101 2083 174 2110 τέον·
187 2083 228 2110 δτι
245 2084 292 2110 καὶ
306 2085 390 2111 παντὶ
408 2083 544 2120 ἀνθρώπῳ
562 2084 733 2120 μεταδοτέον.
747 2084 793 2117 Εἰς
805 2085 833 2112 δὲ
845 2085 896 2120 τὴν

108 2129 275 2165 Ἐκκλησίαν
298 2129 346 2156 τοῦ
365 2130 470 2166 Κυρίου
492 2131 622 2166 Γρηγορᾶ
637 2130 684 2157 τοῦ
702 2131 798 2158 τέκνου
815 2131 895 2166 ἡμῶν

944 1540 1099 1562 sermonem
1120 1537 1242 1564 nectere,
1259 1536 1286 1558 et
1302 1531 1335 1558 ab
1355 1531 1484 1558 omnibus
1498 1530 1650 1557 abstinere.
1664 1528 1732 1556 P-ro-

943 1578 1010 1614 pria:
1025 1578 1076 1605 hoc
1097 1576 1244 1604 voluntatis
1259 1580 1312 1607 est,
1329 1580 1356 1603 et
1377 1583 1431 1602 non
1452 1579 1609 1602 sanctorum
1628 1582 1635 1600 :
1654 1573 1737 1608 Usque

943 1626 1003 1658 huc,
1029 1624 1128 1658 inquit,
1155 1623 1252 1654 venies,
1274 1627 1299 1648 et
1327 1629 1379 1648 non
1409 1621 1532 1656 procul“
1561 1619 1676 1653 amplius
1702 1619 1736 1644 “.

944 1671 1041 1699 Utrum
1054 1670 1127 1697 enim
1140 1669 1199 1696 haec
1209 1668 1245 1695 illi
1260 1667 1426 1702 investigare
1457 1665 1613 1693 nescierunt
1622 1669 1650 1691 et
1659 1664 1739 1691 nobis

945 1715 1108 1743 denuntiare
1122 1715 1133 1740 ’ί
1150 1713 1338 1748 Nequaquam.
1361 1712 1452 1745 Quare
1476 1715 1587 1745 praestat
1606 1709 1740 1736 terminos

946 1769 1000 1788 non
1013 1759 1163 1795 transgredi
1176 1766 1245 1794 quos
1256 1762 1408 1793 posuerunt
1420 1757 1515 1784 Patres
1525 1756 1610 1783 nostri
1625 1755 1646 1771 "
1667 1755 1736 1782 Cum

946 1814 1000 1842 quo
1014 1814 1068 1833 non
1081 1805 1198 1837 edimus,
1214 1812 1265 1831 nec
1276 1811 1375 1831 munus
1392 1803 1450 1838 ejus
1461 1801 1650 1837 accipiendum
1662 1806 1715 1831 est.
1729 1810 1738 1834 ;

945 1853 968 1881 si
988 1852 1071 1880 semel
1095 1851 1248 1885 iterumque
1271 1849 1428 1876 admonitus
1452 1852 1620 1879 contemnat,
1648 1855 1739 1882 neque

946 1899 1025 1926 nobis
1041 1898 1223 1932 obtemperet.
1238 1895 1293 1923 Nisi
1310 1895 1380 1922 forte
1394 1902 1409 1920 a
1424 1893 1596 1925 custodibus,
1619 1900 1674 1919 non
1690 1899 1740 1919 ve-

945 1946 986 1973 lut
1000 1944 1132 1980 eulogias,
1149 1943 1197 1970 sed
1219 1942 1294 1969 velut
1313 1939 1484 1968 necessarios
1503 1947 1579 1971 usus,
1590 1938 1713 1973 accipere
1731 1947 1740 1964 :

946 1995 993 2019 aut
1020 1986 1231 2024 dispensationis
1257 1987 1353 2022 gratia,
1373 1985 1454 2012 etiam
1477 1986 1511 2012 ab
1523 1985 1595 2015 aliis,
1611 1984 1659 2011 sed
1693 1983 1741 2018 qui

947 2044 1009 2064 cum
1027 2034 1163 2063 haereticis
1178 2032 1334 2069 promiscue
1355 2031 1494 2058 convivari
1516 2029 1670 2065 refugiant:
1686 2029 1740 2055 nisi

947 2083 1018 2110 forte
1030 2080 1169 2115 contingat
1180 2086 1212 2106 ex
1231 2077 1386 2105 necessaria
1401 2075 1606 2104 circumstantia
1618 2080 1646 2102 et
1658 2075 1741 2102 susci—

947 2134 1014 2162 pere
1031 2130 1059 2154 et
1069 2124 1210 2153 convivari
1225 2130 1287 2151 cum
1301 2123 1388 2150 hisce.
1404 2122 1472 2149 Dare
1483 2126 1574 2149 autem
1587 2127 1614 2148 et
1628 2121 1738 2152 talibus,

103 2175 132 2201 οὐ
150 2161 244 2211 τολμῶ
267 2176 355 2202 είπεῑν
380 2161 572 2212 λειτουργήσαι
586 2161 782 2212 ’πρεσϐύτερον
794 2161 872 2212 ἡμων
887 2186 892 2192 ·

949 2161 976 2201 ct
991 2172 1151 2200 custodibus
1163 2170 1253 2198 cibum
1266 2177 1297 2196 ac
1308 2174 1400 2204 potum
1414 2169 1473 2196 sine
1484 2168 1642 2196 discrimine
1658 2167 1718 2194 licet
1731 2176 1738 2193 :

103 2220 147 2246 διὰ
174 2220 205 2246 τὸ
227 2220 296 2255 μετὰ
312 2221 362 2256 τὴν
380 2220 568 2256 μοιχοσύνοδον
582 2220 806 2257 ὲνϐρονιασθῆναι
824 2241 832 2253 ,
849 2222 895 2248 καὶ

105 2266 157 2292 ὑπὸ
166 2266 214 2293 τοῦ
233 2267 505 2303 συλλειτουργοῦντος
522 2268 568 2294 καὶ
593 2267 892 2304 συλλειτουργήσαντος

103 2311 143 2346 τῷ
162 2313 353 2350 μοιχοζεύκτῃ,
368 2313 413 2340 διὰ
425 2313 473 2340 τοῦ
491 2313 741 2349 πρωτομοιχειανοῦ
759 2313 895 2350 καθιερωα

104 2357 196 2394 θῆναι.

319 2515 353 2542 Ν.
374 2530 407 2535 -
426 2514 467 2548 Τῷ
481 2514 571 2547 αὐτῷ.
586 2514 683 2551 [σκη’.]

948 2214 1168 2253 quandoquidem
1189 2213 1263 2241 omni
1281 2213 1383 2240 homini
1408 2212 1618 2248 impertiendum
1633 2215 1684 2238 est.
1710 2211 1739 2237 In

947 2262 1067 2290 Ecclesia
1084 2269 1166 2296 porro
1181 2260 1285 2287 domini
1308 2259 1435 2294 Gregorm
1451 2258 1496 2285 ﬁlii
1510 2257 1596 2285 nostri
1612 2261 1643 2284 ut
1654 2255 1739 2283 sacri-

947 2308 1010 2335 ﬁcet
1033 2307 1176 2342 presbyter
1202 2310 1297 2333 noster
1318 2305 1410 2332 dicere
1425 2312 1482 2332 non
1498 2304 1604 2330 audeo:
1622 2309 1655 2329 eo
1667 2302 1740 2336 quod

948 2357 1011 2389 post
1026 2352 1271 2388 moechosynodum
1292 2351 1416 2378 dedicata
1435 2354 1477 2378 est
1498 2350 1532 2377 ab
1549 2357 1582 2376 eo
1593 2348 1638 2383 qui
1655 2348 1740 2375 sacri—

949 2399 1040 2428 ﬁcavit
1051 2407 1112 2427 cum
1119 2398 1233 2426 adulteri
1245 2399 1412 2433 copulatore,
1420 2404 1468 2432 per
1476 2394 1740 2431 protommchianunt

950 2450 1120 2475 consecrata.

1233 2511 1265 2538 L.
1285 2526 1320 2530 —
1339 2510 1443 2538 Eidem.

853 2583 891 2609 De
903 2584 1023 2616 Digamis.

140 2636 249 2672 Θερμδς
264 2635 299 2669 εἴ,
314 2637 408 2664 τέκνον
427 2637 608 2672 ἠγαπημένον
618 2656 625 2668 ,
643 2637 708 2671 περὶ
725 2635 772 2662 τοῦ
787 2637 893 2672 ἐρωτᾷν

107 2683 154 2709 καὶ
170 2682 317 2718 μανθάνειν
331 2683 365 2709 τὰ
381 2683 505 2718 χρήσιμα
519 2691 525 2698 ·
539 2683 587 2709 καὶ
601 2683 630 2709 τὺ
647 2683 695 2717 μὲν
709 2682 804 2718 χρῆμα
815 2683 895 2709 ἐπαι-

108 2729 182 2754 νετόν
196 2736 202 2743 ’
220 2729 270 2763 οὐχ
287 2727 380 2760 ίκανδς
407 2728 435 2755 δὲ
458 2727 513 2762 ἐγὼ
538 2727 611 2754 λύειν
631 2729 680 2759 τὰς
696 2728 811 2763 ἀπορίας
827 2735 875 2753 σου
886 2735 894 2743 ·

984 2635 1082 2667 Ardes,
1101 2634 1137 2662 ﬁli
1162 2634 1334 2665 charissime.
1352 2631 1442 2660 studio
1462 2629 1641 2665 percontandi
1655 2634 1683 2657 et
1700 2628 1742 2656 di-

949 2681 1043 2710 scendi
1067 2688 1126 2716 qua
1144 2680 1218 2708 utilia
1239 2684 1304 2707 sunt
1322 2688 1330 2705 :
1346 2683 1427 2713 atque
1442 2676 1469 2704 id
1491 2681 1565 2703 certe
1578 2675 1713 2702 laudabile
1731 2683 1737 2700 :

949 2734 1044 2754 rerum
1074 2734 1124 2762 ego
1150 2725 1289 2754 solvendis
1311 2723 1507 2760 quaestionibus
1528 2722 1585 2749 suis
1611 2729 1660 2756 par
1684 2727 1739 2747 non

143 2818 164 2833 "
182 2818 193 2845 ι
209 2818 272 2845 Cor.
289 2826 315 2849 ν,
331 2818 372 2844 ll.
412 2817 434 2833 ⁸²
455 2817 506 2844 Job
521 2824 631 2846 xxxviii.
645 2816 689 2843 ll.
728 2815 750 2831 ⁸³
765 2815 845 2844 Prcr.
859 2823 925 2848 uti,
940 2816 984 2843 23.
