1926 3078
187 88 251 122 1091

778 91 807 121 S.
823 87 1021 120 TEEODORI
1040 88 1215 119 STUDITIE

1741 87 1811 121 1092

183 155 244 176 sum
259 155 267 181 ;
282 147 437 175 communis
450 152 541 176 tamen
560 151 680 183 quaestus
696 147 786 174 studio
804 145 968 174 conferenda

1020 143 1095 179 ὅμως
1111 144 1155 171 διὰ
1169 144 1200 170 τὸ
1213 144 1291 180 κοινῇ
1305 143 1448 179 συμφέρον
1464 141 1636 170 είσενεκτέον
1651 142 1701 169 καὶ
1715 143 1764 170 νῦν
1777 144 1812 171 τά

181 194 332 221 etiamnum
351 201 412 228 qua:
435 201 591 228 possumus.
617 193 737 226 Quaestio
750 197 794 220 tua
806 193 840 220 de
852 191 972 227 Digamis

184 238 235 266 fuit
249 248 256 272 ;
269 238 340 273 quod
351 239 386 266 de
399 245 494 266 eorum
508 239 701 273 conjunctione
711 238 864 266 dubitatum
878 236 971 269 fuerit,

183 285 345 313 coronarine
373 285 444 313 sicut
468 286 622 320 monagami
645 285 775 318 debeant,
803 285 923 312 annon?
944 288 974 312 et

183 339 301 366 quonam
322 335 412 367 pacto,
437 331 460 358 si
475 331 584 366 quidem
600 331 652 359 hoc
677 331 734 363 ﬁat,
758 331 972 366 coniungantur,

184 376 325 404 sacerdote
345 376 404 402 illos
421 375 533 403 minime
553 376 717 411 copulante:
736 375 836 402 famam
853 382 925 408 esse,
939 374 973 402 ab

184 420 260 455 impii
280 419 452 448 Constantini
467 420 635 455 temporibus
658 420 809 447 obtinuisse
823 423 973 447 consuetu-

184 466 275 493 dinem
291 465 412 500 digamos
428 466 587 498 coronandi,
604 473 637 492 ex
657 465 754 500 triplici
772 465 832 500 ejus
846 464 972 499 conjugio

185 515 294 543 natam;
307 519 368 538 cum
384 511 508 545 superior
524 515 587 538 ante
601 510 675 538 illum
694 510 824 538 memoria
841 518 896 537 non
910 510 973 537 fue-

185 557 232 584 rit.
255 556 309 592 Ego
330 564 406 589 vero,
429 557 494 592 quin
522 557 679 584 verisimilis
705 564 737 584 ea
756 556 828 584 fama
848 556 893 589 sit,
917 564 972 584 non

185 610 321 638 repugno.
345 602 480 629 Caeterum
492 603 594 630 debent
608 603 731 630 veritatis
743 602 858 630 studiosi
872 610 928 630 non
939 610 973 630 ex

185 651 289 674 temere
305 647 412 682 vulgata
437 647 518 680 fama,
533 655 623 683 neque
636 655 669 675 ex
684 648 804 675 humana
827 652 975 675 consuetu-

184 692 257 724 dine,
282 699 371 719 rerum
384 692 462 719 ﬁdem
475 692 598 727 accipere
615 701 623 726 ;
637 693 685 720 sed
697 700 731 720 ex
744 693 810 728 ipsis
821 692 974 727 sacrisJJt-

186 737 251 764 teris
262 741 290 764 et
307 741 417 771 paterna
435 741 517 772 atque
534 737 666 765 canonica
679 738 835 766 traditione.
852 738 974 773 Digamia

184 789 249 817 ergo
276 782 407 816 permissa
431 782 505 810 haud
528 782 611 810 dubie
633 783 712 810 fuita
725 788 820 811 sancto
833 784 972 818 Apostolo,

183 831 212 854 et
223 835 271 862 per
287 827 375 862 ipsum
387 836 402 855 a
419 828 538 855 Christo.
556 827 654 856 Verum
672 829 731 856 haec
745 829 787 856 lex
808 837 862 856 non
875 834 927 862 est,
942 833 973 857 ut

184 871 334 907 Gregorius
343 872 496 909 Theologus
510 873 558 907 ait,
567 873 615 901 sed
630 873 796 909 indulgentia
808 883 815 901 ι
829 874 973 910 indulgen-

185 918 222 945 tia
231 923 321 946 autem
334 926 506 954 nequaquam
520 921 548 947 in
560 927 594 947 eo
607 920 728 947 cernitur
737 920 809 955 quod
821 921 973 956 reprehen-

184 963 261 991 sione
268 968 296 991 et
310 964 388 999 culpa
402 969 493 992 careat
504 974 511 992 :
521 965 568 1000 qui
579 965 653 992 enim
664 969 693 993 et
705 973 786 1000 quam
797 966 833 993 ob
840 974 949 994 causam
960 966 973 994 ?

183 1009 230 1036 sed
258 1009 303 1036 ubi
335 1010 532 1044 succumbitur,
557 1018 688 1046 noxasque
713 1011 794 1039 aﬁine
819 1016 871 1046 est,
897 1012 972 1048 quod

183 1055 281 1089 agitur.
298 1054 355 1082 Hoc
367 1055 441 1083 enim
455 1056 545 1091 ipsum
561 1055 671 1084 divinus
689 1056 837 1092 Apostolus
851 1057 972 1086 insinua-

184 1100 233 1132 vit,
248 1107 309 1126 cum
322 1100 444 1128 diceret:
460 1101 489 1129 Si
499 1110 527 1128 se
540 1109 591 1129 non
606 1103 750 1136 continent,
770 1103 869 1130 nubant
878 1103 910 1131 “.
927 1104 972 1131 ln-

183 1146 351 1174 continentia
373 1147 476 1182 quippe
499 1155 559 1182 qua;
580 1147 746 1176 fortitudinis
767 1150 851 1177 robur
869 1149 970 1182 amisit,

183 1191 262 1218 victae
286 1196 483 1226 prostrataque
503 1196 547 1220 est
561 1198 676 1221 naturae.
699 1193 746 1222 His
761 1195 876 1230 permoti
887 1195 970 1223 divini

183 1233 278 1262 Patres
302 1235 424 1271 digamos
440 1237 529 1272 poenis
550 1238 737 1273 subjecerunt,
758 1240 786 1266 in
811 1240 969 1268 Laodicensi

183 1280 294 1314 quidem
310 1281 405 1316 synodi
425 1282 567 1311 indeﬁnite
579 1284 613 1315 ",
627 1291 690 1312 cum
707 1285 823 1313 dicunt:
838 1285 874 1313 Ut
887 1293 970 1320 parvo

185 1329 308 1360 tempore
330 1331 426 1355 exacto
442 1332 540 1356 vacent
563 1329 734 1357 orationibus
748 1335 776 1358 et
792 1330 904 1365 jejuniis
921 1340 928 1357 :
943 1336 972 1359 et

183 1371 334 1399 secundum
362 1372 557 1408 indulgentiam
585 1376 805 1403 communionem
831 1377 907 1404 reddi
929 1377 969 1404 eis

182 1415 372 1445 decrevimus:
395 1426 510 1454 magnus
530 1427 596 1448 vero
609 1419 724 1448 Basilius
745 1422 857 1449 deﬁnite
870 1422 902 1449 “.
924 1423 971 1450 Sic

183 1462 256 1489 enim
269 1463 307 1490 ait
320 1472 328 1490 :
345 1462 384 1491 De
399 1465 522 1500 trigamis
544 1470 571 1493 et
585 1466 732 1502 polygamis
747 1468 872 1495 eumdem
886 1476 968 1496 cano-

182 1515 245 1535 nem
261 1509 425 1537 deﬁnierunt
439 1511 543 1545 Patres,
559 1512 689 1540 nimirum
706 1521 787 1548 quem
798 1513 826 1540 in
841 1513 969 1549 digamis.

183 1556 358 1590 proportione
371 1565 488 1586 :annum
503 1559 576 1587 enim
591 1560 619 1588 in
637 1561 753 1597 digamis
767 1570 774 1589 :
791 1562 818 1588 in
832 1562 891 1589 aliis
905 1569 971 1590 vero

182 1601 251 1629 duos
274 1610 370 1631 annos.
397 1603 475 1632 Patet
490 1605 572 1641 igitur
594 1614 627 1635 ex
653 1607 686 1635 iis
709 1615 769 1642 quae
795 1608 867 1635 dicta
896 1613 970 1643 sunt,

181 1646 306 1682 digamize
319 1653 446 1684 tanquam
454 1651 578 1679 obnoxize
589 1652 744 1688 imposilam
755 1661 864 1688 poenam
874 1654 970 1682 fuisse.

182 1691 328 1727 Propterea
351 1695 423 1722 enim
441 1701 469 1723 et
487 1698 573 1725 sancti
595 1698 689 1726 Patres
712 1700 807 1735 synodi
826 1701 970 1729 Neocaesa-

181 1737 279 1766 riensis
294 1740 316 1755 "
340 1741 496 1777 presbytero
521 1743 730 1778 interdixerunt,
756 1753 790 1773 ne
816 1746 844 1773 in
869 1747 969 1781 digami

182 1784 286 1820 nuptiis
300 1785 436 1821 epuletur.

217 1913 388 1945 Cum«enim.
403 1914 542 1950 inquiunt,
560 1917 719 1952 pmnilentia
735 1918 859 1953 digamus
879 1924 967 1955 egeat,

178 1961 241 1995 quis
264 1962 316 1988 erit
333 1962 475 1997 presbyter
489 1963 535 1998 qui
559 1971 608 1998 per
626 1965 781 1992 convivium
801 1974 967 1994 consensum

180 2006 301 2041 praebeat
324 2007 423 2036 talibus
446 2008 569 2044 nuptiis?
589 2009 659 2042 Quid
685 2018 750 2046 ergo
769 2018 801 2038 ex
826 2011 868 2039 his
894 2012 967 2039 aliud

180 2052 335 2080 necessario
345 2053 496 2086 conﬁcitur,
512 2063 592 2090 quam
605 2056 707 2090 primas
722 2057 830 2091 quidem
846 2059 965 2093 nuptias,

180 2100 211 2123 ut
224 2104 285 2132 qua;
296 2099 404 2133 proprie
418 2099 461 2126 lex
476 2099 541 2133 sint,
558 2101 656 2128 merito
668 2102 794 2129 coronari
813 2110 828 2129 a
841 2104 967 2131 sacerdo-

989 812 1010 840 Β

1023 189 1095 216 κατὰ
1113 188 1238 225 δύναμιν.
1260 189 1293 216 Ἦ
1306 188 1442 224 ἐρώτησίς
1454 197 1501 216 σου
1520 188 1585 224 περὶ
1596 189 1651 215 τῶν
1665 188 1791 225 διγάμων
1803 197 1811 204 ·

1023 235 1064 262 ὅτι
1088 235 1348 271 ἀμφισὸητούμενόν
1365 236 1423 262 ἐστι
1440 235 1506 271 περὶ
1521 235 1572 270 τῆς
1590 236 1740 270 συναφείας
1761 236 1812 263 αὑ-

1023 280 1087 313 τῶν,
1102 279 1157 316 ἆρα
1178 280 1375 316 στεφανοῦσθαι
1388 281 1487 313 αὐτοὺς
1498 300 1505 313 ,
1519 280 1556 312 ὡς
1572 280 1684 308 ἐπὶτῶν
1696 282 1813 316 μονογά-

1025 334 1099 361 μων,
1113 325 1130 360 ἢ
1159 326 1218 361 μή;
1237 326 1286 352 καὶ
1305 326 1378 360 πῶς,
1408 326 1456 353 ἐὰν
1482 325 1562 352 τοῦτο
1586 327 1732 362 γενήσεται
1744 346 1751 359 ,
1769 327 1813 362 εῐη

1024 371 1170 404 συνάφεια,
1196 371 1234 408 μὴ
1254 371 1306 398 ὑπὸ
1319 371 1366 398 τοῦ
1385 372 1481 407 ίερέως
1498 372 1690 407 ζευγνυμένων
1703 373 1812 405 αὺτῶνς

1022 417 1064 443 ὃτι
1096 416 1209 452 φέρεται
1237 417 1316 451 λόγος
1342 417 1396 446 ἀπὸ
1421 417 1476 444 τῶν
1500 417 1614 453 ἡμερῶν
1628 417 1675 444 τοῦ
1697 419 1812 451 ἀσεὸοὖς

1024 462 1229 489 Κωνσταντίνου
1246 463 1384 498 κρατῆσαι
1402 462 1454 498 τὴν
1477 464 1621 498 συνήθειαν
1636 463 1684 490 τοῦ
1701 464 1814 500 διγαμι·

1023 507 1071 534 κοῦ
1091 507 1312 543 στεφανώματος,
1322 509 1354 535 ὲκ
1369 507 1416 534 τοῦ
1429 509 1489 535 κατ’
1499 508 1580 535 αὑτὸν
1590 510 1812 545 τριγαμήματος⁶

1023 553 1085 580 ἐπεὶ
1105 553 1143 589 μὴ
1163 551 1232 581 εἶναι
1249 555 1279 580 έν
1294 555 1353 586 τοῖς
1366 554 1426 590 ῖπρὺ
1449 555 1533 581 αὐτοῦ
1549 555 1667 590 χρόνοις.
1694 555 1765 590 Ἐγὼ
1785 556 1814 583 δὲ

1023 598 1096 634 ἔχειν
1109 599 1157 635 μὲν
1169 600 1216 627 τδν
1230 599 1307 634 λόγον
1322 600 1353 626 τὸ
1365 600 1461 627 πιστὸν
1473 601 1600 628 ἐντεῦθεν
1614 601 1664 628 οὐκ
1685 602 1814 630 ἀποδοκι-

1025 643 1114 678 μάζω.
1129 645 1175 671 Δεῖ
1191 645 1219 671 δὲ
1239 645 1313 680 ὅμως
1328 646 1384 676 τοῖς
1398 645 1526 680 ἀληθείας
1548 646 1679 682 ἐρασταῖς
1691 667 1699 680 ,
1717 647 1754 682 μὴ
1781 648 1814 674 ὲκ

1024 689 1121 723 φορᾶς,
1145 688 1183 720 ὼς
1204 689 1292 724 ἔτυχε,
1310 689 1405 723 λόγου,
1421 689 1438 724 ἢ
1468 690 1614 724 συνηθείας
1639 691 1814 727 ἀνθρωπίνης

1024 735 1186 762 πιστοῦσθαι
1197 735 1231 762 τὰ
1245 735 1397 770 πράγματα
1408 743 1415 750 ⁵
1423 735 1517 768 ἀλλ’ὲξ
1530 736 1615 772 αὐτῆς
1628 737 1677 772 τῆς
1686 737 1814 764 θεοπνεύ-

1027 788 1090 806 στου
1109 780 1231 816 Γραφῆς,
1246 781 1290 807 καὶ
1307 780 1359 815 τῆς
1368 781 1508 816 Πατρικῆς
1519 781 1567 808 καὶ
1583 782 1727 817 κανονικῆς
1739 782 1815 809 ἐκδό-

1025 834 1102 857 σεως.
1110 826 1143 852 'H
1152 826 1201 861 μὲν
1209 823 1255 852 οὖν
1263 826 1377 861 διγαμία
1386 825 1617 862 παρακεχώρηται
1628 827 1749 862 δηλονότι
1761 828 1814 855 ὑπὸ

1024 870 1069 897 τοῦ
1087 871 1160 907 ίεροῦ
1180 872 1354 905 Ἀποστόλου,
1371 873 1418 898 καὶ
1432 872 1465 899 δι’
1480 872 1561 899 αὑτοῦ
1579 874 1653 908 παρά
1667 874 1786 909 Χριστοῦ
1802 881 1810 889 ·

1026 916 1058 943 οὐ
1089 917 1142 952 μὴν
1170 917 1262 952 νόμος,
1278 917 1373 953 ὥσπερ
1390 918 1404 944 ό
1418 917 1551 952 Θεολόγος
1570 919 1729 954 Γρηγορίος,
1743 919 1813 946 ἀλλά

1024 961 1198 998 συγχώρησις
1216 971 1223 978 ·
1254 963 1430 999 συγχώρησις
1455 964 1484 990 δὲ
1513 964 1562 990 οὐκ
1590 964 1637 990 ἐπὶ
1665 965 1811 1000 ἀμέμπτου

1022 1009 1069 1036 καὶ
1097 1010 1247 1036 ἀπταίστου
1278 1009 1376 1043 γένοιτ’
1390 1009 1422 1036 ἄν
1441 1018 1448 1024 -
1478 1010 1536 1042 πῶς
1562 1010 1627 1045 γὰρ,
1651 1012 1698 1037 καὶ
1715 1011 1810 1044 acut;

1022 1055 1079 1082 ἀλλ’
1094 1056 1140 1082 ἐπὶ
1152 1055 1237 1091 ἥττης
1254 1055 1326 1087 τινὸς
1344 1056 1391 1082 καὶ
1417 1055 1557 1091 ἁλωσίμου
1574 1056 1722 1092 δράματος.
1739 1057 1812 1084 Αὐτὸ

1022 1101 1076 1136 γὰρ
1100 1101 1180 1128 τοῦτο
1201 1102 1215 1128 6
1231 1101 1302 1133 θεῖος
1321 1101 1482 1133 Ἀπόστολος
1509 1102 1620 1137 ῂνίξατο
1653 1102 1760 1129 εἰπών’
1776 1104 1813 1130 ει

1022 1147 1077 1174 οὐκ
1102 1147 1341 1181 ἐγκρατεύονται,
1361 1146 1596 1182 γαμησάτωσαν.
1614 1147 1646 1174 Ἣ
1671 1148 1700 1174 δὲ
1723 1148 1812 1183 ἀκρα-

1022 1192 1068 1220 σία
1087 1193 1117 1219 τὺ
1131 1193 1231 1228 κράτος
1244 1193 1292 1228 τῆς
1316 1193 1441 1229 ἀνδρείας
1463 1193 1632 1226 ἀπολέσασα,
1646 1194 1730 1229 ἥττης
1751 1195 1812 1221 ἐστὶ

1021 1239 1069 1265 καὶ
1090 1237 1277 1270 ἀποπτώσεως
1303 1238 1426 1273 ἔκγονον.
1445 1238 1587 1265 Ἐντεῦθεν
1603 1240 1771 1275 ὁρμηθέντες
1785 1240 1812 1266 οἱ

1022 1283 1088 1310 θεῖοι
1117 1283 1250 1319 Πατέρες,
1280 1284 1414 1319 ἐπιτιμίῳ
1439 1283 1574 1311 ὑπέϐαλον
1589 1285 1652 1316 τοὺς
1663 1285 1812 1320 διγάμους,

1021 1330 1045 1356 οἱ
1071 1329 1122 1363 μὲν
1140 1329 1190 1364 τῆς
1211 1330 1239 1355 ἐν
1254 1329 1400 1364 Λαοδικείᾳ
1420 1329 1531 1356 σύνοδον
1548 1330 1694 1365 ἀορίστως,
1705 1330 1750 1356 διὰ
1764 1329 1813 1356 τοῦ

1020 1375 1108 1401 εἰπεῖν
1121 1382 1128 1390 ·
1154 1375 1260 1408 Ὀλίγου
1281 1375 1379 1410 χρόνου
1395 1375 1576 1410 παρελθόντος
1596 1375 1644 1402 καὶ
1661 1374 1813 1409 σχολάσαν-

1019 1429 1069 1451 τας
1083 1420 1112 1446 ὲν
1126 1421 1186 1451 ταῖς
1200 1422 1370 1455 προσευχαῖς
1383 1421 1431 1447 καὶ
1444 1421 1592 1456 νηστείαις,
1604 1421 1675 1447 κατὰ
1687 1420 1812 1454 συγγνώ-

1022 1474 1076 1501 μην
1093 1465 1268 1492 ἀποδίδοσθαι
1283 1465 1376 1497 αὐτοῖς
1392 1465 1441 1500 τὴν
1462 1467 1605 1493 κοινωνίαν
1620 1465 1762 1501 ώρίσαμεν
1777 1473 1784 1481 ·
1797 1466 1814 1492 ὁ

1021 1510 1050 1537 δὲ
1070 1511 1155 1546 μέγας
1170 1511 1309 1543 Βασίλειος
1320 1511 1491 1547 ὡρισμένως.
1504 1512 1574 1547 Φησὶ
1585 1512 1638 1548 γάρ
1649 1519 1656 1526 ’
1675 1512 1743 1546 Περὶ
1753 1520 1813 1547 τρι-

1021 1556 1119 1592 γάμων
1139 1556 1186 1582 καὶ
1200 1556 1365 1592 πολυγάμων
1381 1557 1427 1584 τὸν
1448 1557 1529 1584 αὑτὸν
1552 1557 1656 1592 ὥρισαν
1671 1557 1772 1584 κανόνα
1786 1558 1812 1584 oi

1021 1602 1155 1637 Πατέρες,
1171 1602 1292 1637 δηλονότι
1306 1602 1338 1628 ὃν
1364 1603 1411 1629 καὶ
1430 1603 1476 1629 ἐπὶ
1492 1603 1547 1629 τῶν
1567 1603 1702 1638 διγάμων,
1718 1603 1813 1630 ἀναλὸι

1020 1657 1077 1682 γως
1092 1657 1098 1663 ·
1113 1648 1238 1674 ἐνιαυτὸν
1258 1649 1307 1684 μὲν
1322 1648 1376 1683 γὰρ
1394 1649 1441 1675 ἐπὶ
1459 1649 1513 1675 τῶν
1528 1649 1652 1683 διγάμων
1665 1657 1671 1664 ·
1689 1649 1764 1676 ἄλλοι
1780 1649 1811 1676 δὲ

1020 1694 1066 1721 δύο
1077 1694 1135 1729 ἐτη.
1148 1694 1288 1721 Δέδεικται
1305 1695 1394 1720 τοίνυν
1410 1696 1441 1721 ὲκ
1453 1695 1508 1722 τῶν
1530 1695 1676 1731 ῥηθέντων,
1698 1695 1735 1726 ὡς
1757 1695 1811 1722 ὑπὸ

1019 1739 1049 1766 τὸ
1063 1740 1194 1767 πταιστδν
1210 1741 1339 1775 γεγονυῖα
1362 1741 1512 1776 ἠδιγαμία
1535 1742 1642 1777 εἰλήφει
1665 1741 1696 1767 τὸ
1720 1742 1812 1768 ὲπιτί-

1020 1794 1091 1820 μιον.
1105 1786 1153 1812 Διὰ
1177 1786 1257 1812 τοῦτο
1283 1786 1339 1821 γὰρ
1362 1787 1408 1812 καὶ
1432 1787 1456 1812 οί
1478 1786 1529 1821 τῆς
1553 1787 1582 1813 ὲν
1607 1787 1813 1823 Νεοκαισαρείᾳ.

1019 1830 1130 1856 συνόδου
1145 1830 1218 1863 ἅγιοι
1235 1831 1359 1866 Πατέρες
1377 1831 1513 1866 ἀπεῖρξαν
1528 1831 1577 1858 καὶ
1588 1831 1634 1858 τοῦ
1651 1832 1812 1868 ἑστιαθῆναι

1021 1875 1210 1911 πρεσϐύτερον
1223 1877 1263 1907 εἰς
1280 1876 1460 1910 διγαμοῦντος
1477 1877 1576 1912 γάμον.

1054 1921 1199 1955 Λέγοντες,
1207 1921 1285 1948 Ἐπεὶ
1296 1923 1441 1957 μετάνοιαν
1454 1922 1597 1954 αἰτοῦντος
1606 1922 1651 1949 τοῦ
1664 1922 1814 1958 διγαμοῦν-

1016 1975 1073 1999 τος,
1092 1967 1133 1998 τίς
1151 1967 1228 1994 ἔσται
1247 1968 1261 1994 6
1277 1967 1463 2003 πρεσϐύτερος
1484 1968 1498 1994 6
1518 1968 1562 1994 διὰ
1582 1969 1631 2003 τῆς
1662 1969 1813 2001 ἑστιάσεως

1019 2013 1286 2049 συγκατατιθέμενος
1296 2013 1477 2048 τοῖςγάμοις;
1496 2014 1529 2040 Τί
1545 2014 1592 2040 οὖν
1608 2014 1638 2040 τδ
1654 2023 1812 2050 συμπεραι-

1018 2060 1130 2094 νόμενον
1159 2059 1189 2091 EE
1212 2060 1385 2094 ἀναγκαίου;
1405 2059 1466 2086 Ὅτι
1480 2060 1493 2086 6
1510 2060 1559 2095 μὲν
1582 2059 1690 2095 πρῶτος
1708 2061 1810 2095 γάμος,

1021 2104 1059 2136 ὡς
1081 2105 1184 2140 κυρίως
1207 2105 1245 2131 ὢν
1275 2105 1369 2140 νόμος,
1403 2105 1517 2137 εἰκότως
1540 2105 1727 2139 ἐστεφάνωται
1758 2106 1812 2132 ὑπὸ

178 2142 218 2169 tio
231 2143 306 2170 velut
321 2143 435 2171 intactas
457 2148 485 2172 et
500 2145 698 2179 immaculatas,
715 2152 843 2182 tauquam
863 2156 879 2175 a
897 2149 961 2176 libi-

1020 2150 1067 2185 τῆς
1101 2150 1262 2185 ἱερωσύνης,
1293 2150 1331 2180 ὡς
1359 2150 1509 2184 ἀνέπαφος,
1541 2150 1579 2181 ὼς
1608 2151 1741 2186 ᾶρρυπος,
1772 2151 1811 2182 ὡς

177 2186 250 2213 dinis
270 2192 334 2215 nota
359 2187 514 2217 immunes:
529 2194 611 2225 atque
631 2192 667 2219 ob
690 2192 761 2220 hanc
781 2200 890 2220 causam
913 2201 962 2222 ceu

177 2233 283 2267 peccati
298 2234 424 2262 victrices
444 2237 589 2263 coronari?
606 2237 645 2264 Ex
659 2246 713 2273 quo
732 2239 856 2274 sequitur
871 2243 899 2267 et
919 2248 964 2267 sa-

176 2286 285 2306 crorum
301 2281 483 2316 participatio,
500 2282 614 2317 ejusque
627 2284 673 2318 qui
690 2286 840 2318 coronavit,
866 2291 894 2314 et
913 2294 963 2314 cu-

174 2324 328 2361 juscunque
353 2327 467 2355 alterius
486 2329 653 2362 sacerdotis.
682 2331 710 2358 in
737 2331 835 2359 lalibus
858 2332 962 2368 nuptiis

175 2372 349 2398 comessatio.
380 2371 616 2405 Quemadmodum
643 2375 670 2402 in
684 2375 758 2403 Cana
772 2376 888 2405 Galilzem
908 2378 961 2406 Do-

175 2416 267 2443 minus
289 2421 317 2443 et
333 2416 405 2444 Deus
427 2422 520 2446 noster
539 2421 674 2454 prandere
695 2421 823 2457 dignatus
841 2427 894 2456 est,
913 2431 962 2459 per

175 2469 254 2489 suum
275 2462 339 2490 illud
361 2465 516 2492 convivium
530 2466 662 2501 nuptialia
679 2468 795 2502 prandia
809 2469 900 2496 omnia
912 2469 961 2497 be-

175 2506 316 2534 nedicens.
340 2507 410 2541 Quin
427 2515 455 2536 et
474 2511 625 2538 coronariaa
646 2512 830 2547 impositionis
846 2513 962 2541 benedi-

173 2552 294 2580 ctionem
314 2554 478 2589 anticipans,
494 2564 525 2583 ea
543 2557 661 2591 primum
676 2563 819 2593 parentem
835 2564 962 2588 nostrum

173 2597 257 2625 Adam
280 2599 423 2634 impertiit.
442 2601 601 2634 Quomodo?
613 2603 647 2630 Et
667 2605 765 2631 creavit
789 2604 858 2632 Dem
878 2606 963 2632 hami-

175 2652 233 2671 nem
250 2652 259 2671 :
274 2645 309 2671 ad
327 2646 469 2681 imaginem
488 2648 537 2675 Dei
550 2650 649 2676 creavit
672 2649 758 2681 illum.
776 2651 922 2678 masculum
936 2657 961 2680 et

173 2690 298 2724 feminam
313 2694 412 2720 creavit
427 2702 470 2721 ea:
484 2694 687 2730 :benedixitque
699 2696 753 2723 illis
768 2696 849 2730 Deus,
862 2702 887 2724 et
899 2699 938 2724 ait
949 2706 959 2726 :

173 2733 298 2770 Crescite,
321 2743 346 2765 et
373 2739 599 2775 multiplicamini,
623 2746 648 2768 et
673 2741 771 2776 replete
796 2747 905 2776 terram,
933 2749 958 2771 et

1017 2195 1154 2227 ἀνάλωτος
1169 2195 1292 2231 πορνικῷ
1308 2195 1400 2228 πάθει,
1416 2197 1464 2222 καὶ
1480 2196 1524 2222 δια
1545 2196 1624 2222 τοῦτο
1643 2196 1680 2228 ὡς
1695 2197 1811 2231 νικητὴς

1016 2242 1066 2276 τῆς
1081 2242 1218 2277 ἁμαρτίας
1240 2242 1474 2277 κατεστεμμένος,
1495 2242 1553 2276 Ἐφ’
1565 2239 1587 2276 ᾧ
1611 2242 1708 2269 ἕπεται
1724 2244 1740 2278 ἡ
1755 2243 1810 2270 τῶν

1015 2289 1195 2324 ἀγιασμάτων
1221 2290 1374 2326 μετάληψις
1387 2311 1394 2323 ,
1408 2291 1455 2317 καὶ
1467 2291 1484 2326 ή
1508 2290 1554 2317 τοῦ
1574 2290 1808 2325 στεφανώσαντας,

1015 2335 1062 2362 καὶ
1088 2335 1187 2367 παντὸς
1209 2335 1288 2362 ἄλλου
1316 2335 1464 2371 ἱερατικοῦ,
1476 2337 1505 2362 ὲν
1531 2335 1570 2371 τῷ
1592 2336 1705 2370 τοιούτῳ
1726 2336 1811 2371 γάμῳ

1014 2381 1145 2412 ἑστίασις.
1162 2381 1241 2408 Καοά
1255 2382 1300 2409 καὶ
1316 2383 1330 2409 6
1343 2382 1446 2417 Κύριος
1459 2383 1505 2409 καὶ
1518 2382 1585 2414 Θεὸς
1600 2383 1678 2419 ἡμῶν
1689 2384 1719 2409 ὲν
1730 2384 1811 2418 Κανᾷ

1015 2426 1065 2461 τῆς
1090 2426 1234 2457 Γαλιλαίας
1261 2427 1379 2462 ἠξίωσεν
1400 2428 1557 2463 ἀριστῆσαι,
1570 2428 1615 2455 διὰ
1640 2429 1691 2463 τῆς
1717 2429 1809 2455 ἐκεῖσε

1015 2471 1164 2503 ἑστιάσεως
1192 2472 1279 2499 πάντα
1290 2472 1322 2508 [Γ.
1340 2474 1394 2500 πᾶν
1409 2473 1450 2509 τὺ]
1472 2474 1591 2508 γαμικὸν
1612 2474 1723 2509 ἄριστον
1740 2484 1809 2502 κατ-

1015 2517 1178 2552 ευλογήσας.
1188 2518 1270 2545 Ἀλλὰ
1296 2519 1342 2546 καὶ
1354 2519 1405 2554 τῆς
1433 2520 1597 2556 στεφανικῆς
1618 2521 1744 2556 ἁρμογῆς
1760 2522 1809 2547 αὖ·

1014 2563 1061 2595 τὺς
1088 2563 1234 2599 προλαόὼν
1257 2564 1308 2600 τὴν
1332 2565 1457 2599 εὐλογίαν
1473 2566 1549 2593 ἔθετο
1566 2566 1614 2593 ἐπὶ
1626 2568 1673 2593 τοῦ
1691 2567 1808 2602 ἀρχιπά-

1010 2617 1088 2644 τορος
1104 2610 1287 2645 ήμῶνἎδάμ·
1305 2611 1378 2643 πῶςς
1396 2612 1452 2639 Καὶ
1469 2612 1617 2646 ἐποίησεν
1635 2614 1652 2639 ὁ
1666 2613 1739 2646 Θεὸς
1754 2614 1808 2640 τὸν

1009 2655 1246 2689 ἃνθρωπον·κατ’
1253 2656 1355 2683 εἰκόνα
1366 2657 1440 2684 Θεοῦ
1450 2658 1598 2691 ἐποίησεν
1605 2658 1809 2693 αὺτὸν-,ἀρσεν-

1007 2702 1057 2728 και
1065 2701 1144 2736 θῆλυ
1151 2703 1297 2737 ἐποίησεν
1304 2704 1426 2737 αὐτούς’
1436 2705 1484 2731 καὶ
1494 2705 1664 2740 εὐλόγησεν
1669 2704 1781 2738 αὐτοὺς
1791 2706 1808 2732 ὀ

1008 2747 1129 2781 Θεὸς,λέ
1134 2756 1200 2783 γων-
1209 2748 1445 2783 Δὺξάνεσθεμα)
1459 2750 1662 2785 πληθύν-εσσε,
1671 2751 1719 2778 καὶ
1727 2752 1806 2785 πλη-

208 2790 253 2819 ⁸⁵1
269 2792 330 2821 Cor.
346 2802 392 2828 vn,
408 2795 434 2823 9.
472 2795 494 2812 "
506 2795 589 2824 Laod.
610 2804 671 2825 can.
690 2798 715 2826 l.
753 2797 814 2826 “In
827 2798 913 2835 Epist.
927 2801 959 2829 ad
973 2801 1145 2837 Amphiloch.
1158 2810 1220 2832 can.
1238 2804 1263 2831 ι.
1300 2804 1323 2821 ⁸⁷
1336 2803 1404 2833 Can.
1418 2805 1440 2833 7.
