1926 3078
98 64 158 96 1093

699 65 966 97 EPISTOLARUM
987 66 1061 96 LIB.
1077 66 1091 96 Ι
1095 89 1102 96 .

1641 59 1710 93 1094

92 117 198 152 prima“
209 115 267 150 τὴν
275 116 344 151 γῆν,
353 117 403 145 καὶ
417 118 670 153 κατακυριεύσατε
682 118 785 153 αὐτῆς.
798 119 873 154 Δῦτη

930 119 1100 146 dominamini
1118 119 1176 153 ejus
1184 117 1218 145 “.
1242 116 1305 145 Haec
1324 117 1407 153 igitur
1430 115 1586 144 benedictio
1604 116 1711 150 caput-te

96 163 137 190 οὖν
157 164 172 198 ή
187 162 299 197 εὐλογία
311 163 364 199 τῆς
377 166 499 200 γαμικῆς
522 165 680 199 συναφείας,
698 163 790 201 ἀφ’ἦς
822 167 876 193 πᾶ-

97 218 127 237 σα
151 208 303 243 εὐλογιστία
332 210 519 246 μονογαμικῆς
544 211 696 244 συζεύξεως
710 220 718 228 ·
737 212 798 239 ἐπεὶ
828 212 876 239 καὶ

97 255 242 290 μονόγαμος
277 254 373 290 ’Δδάμ.
398 255 591 291 Ἐπιτηρητέον
615 257 643 284 δὲ
654 257 696 284 ὅτι
715 258 764 284 καὶ
777 258 794 292 ἡ
816 265 876 284 στε-

97 300 190 335 φανικὴ
221 299 366 335 ἐπίκλησις
398 300 504 327 ἐκεῖθεν
556 301 704 337 ὥρμηται·
735 303 785 338 τὴν
827 301 876 329 τοῦ

99 345 199 380 πρώτου
232 344 378 380 ἀνθρώπου
406 344 568 377 διάπλασιν,
598 346 646 372 καὶ
673 346 741 382 πρὸς
766 346 816 382 τὴν
844 347 877 373 ὲκ

97 392 209 426 πλευρᾶς
223 391 306 418 αὐτοῦ
326 392 445 425 γυναῖκα
459 391 584 425 σύζευξιν
601 392 875 427 ὺπομνηματίζουτα.

103 437 130 463 '0
151 437 178 463 δὲ
199 435 328 471 δεύτερος
346 437 446 471 γάμος,
475 437 499 462 εί
521 436 569 463 καὶ
587 437 807 473 συγκεχώρηται,
819 437 876 464 ἀλλ’

99 481 293 517 ἑπιτετίμηται.
307 481 368 513 Πῶς
391 481 446 516 γὰρ
468 481 501 508 ἂν
516 481 562 508 καὶ
577 482 772 516 στεφανώσεως
791 482 875 515 ἄξιος,

99 525 216 562 ἡττηθεὶς
228 545 236 558 ,
255 525 313 552 ἀλλ’
331 526 360 552 οὺ
377 525 509 560 νικήσας;
530 525 572 557 τίς
588 526 616 553 δὲ
636 526 683 553 καὶ
706 526 721 552 ὸ
738 526 877 561 στεφανώ-

99 581 147 598 σων
164 571 259 597 τοῦτον
280 570 477 606 πρεσϐύτερος,
491 570 521 603 ὃς
535 572 582 598 καὶ
596 571 646 597 τοῦ
669 571 764 603 ἁπλῶς
784 572 878 598 ἑστια-

100 617 170 651 θῆναι
181 617 210 643 ὲν
223 615 263 651 τῷ
277 616 336 642 κατ’
344 615 425 642 αὑτὸν
440 617 543 652 ἀρίστῳ
553 617 696 652 Πατρικῶς
707 617 876 651 κεκώλυται;

100 662 152 693 πῶς
171 662 198 688 δὲ
218 662 266 688 καὶ
285 661 392 696 μεθέξει
406 663 456 697 τῆς
479 662 556 694 θείας
568 663 743 695 κοινωνίας,ὁ
760 663 794 690 δι’
810 664 878 690 αὐτὸ

98 708 171 734 τοῦτο
193 708 338 743 είργμένος
353 707 443 743 χρόνῳ
463 709 503 735 ἐν).
528 709 576 736 καὶ
593 709 654 735 δυσὶ
669 709 724 735 τῶν
740 709 878 744 ἀγιασμά-

98 763 163 788 tum;
184 754 256 786 τίνος
277 755 307 781 δὲ
328 755 344 790 ἢ
362 755 421 787 οἵας
438 756 487 791 τῆς
509 756 699 791 εὐλογιστικῆς
724 758 879 792 προσευχῆς

99 799 238 834 γινομένης
252 801 298 826 ἐπὶ
309 800 360 834 τῆς
372 800 520 835 συναφείας
533 801 628 835 αὐτοῦ,
650 802 687 837 μὴ
700 801 784 837 οὔσης
795 802 879 839 ἄλλης

100 845 170 880 παρὰ
184 845 235 879 τὴν
250 845 315 880 μίαν
326 846 375 881 τῆς
390 848 578 882 μονογαμικῆς
600 848 646 874 καὶ
668 848 798 884 πρώτηςς
812 850 881 876 Συν-

100 891 178 926 ἦκται
192 889 239 918 οὖν
260 893 292 918 ὲκ
314 892 423 919 πάντων
440 893 587 928 Γραφικῶς
607 902 637 920 τε
662 895 708 920 καὶ
725 894 880 930 Πατρικῶς,

99 937 229 972 ἀμέτοχον
253 936 324 965 εἶναι
346 938 558 974 πεφανώματος
574 940 624 975 τὴν
643 940 879 976 δευτερογαμίαν·

99 983 138 1009 διὰ
163 983 243 1010 τοῦτο
260 983 322 1010 οὐδὲ
337 984 391 1011 ὑπὸ
410 985 458 1012 τοῦ
477 985 572 1021 ἱερέως
593 986 782 1022 ζευγνυμένην
793 995 801 1002 '
814 987 883 1014 ἀλλὰ

101 1028 150 1063 μὴν
174 1028 235 1055 οὐδὲ
259 1030 499 1065 παραδεδομένην·
519 1031 580 1058 τότε
596 1031 625 1058 δὲ
653 1033 882 1068 προσδεχομένην,

100 1074 215 1108 ὁπηνίκα
229 1074 272 1110 εἴη
287 1074 426 1110 πλήρωσις
438 1076 485 1103 τοῦ
498 1077 622 1104 ὁπωσοῦν
636 1077 707 1104 κατὰ
715 1078 766 1112 τὴν
781 1078 884 1114 ἱερατι⁴

100 1118 147 1153 κὴν
174 1118 336 1152 δοκιμασίαν
367 1120 490 1152 δοθέντος
518 1121 677 1157 ἐπιτιμίου·
695 1123 756 1158 μεθ’
767 1122 802 1157 ἠν
827 1122 884 1155 ἕξει

100 1161 128 1197 ιτ.
140 1161 222 1198 ἕξειν]
240 1164 289 1190 καὶ
304 1164 358 1191 τῶν
375 1165 455 1192 θείων
474 1165 570 1201 δώρων
595 1166 645 1202 τὴν
668 1167 820 1203 μετάληψιν
840 1168 885 1194 ὲν-

99 1208 191 1235 τεῦθεν
214 1209 429 1245 εὐλογουμένους
444 1211 544 1243 αὐτοὺς
554 1231 562 1244 ,
579 1212 661 1239 οἱονεὶ
673 1212 712 1245 ὡς
724 1213 771 1240 ἐπὶ
787 1222 886 1248 στεφα-

100 1254 222 1290 νώματος
235 1263 242 1270 ·
260 1257 330 1283 κατὰ
353 1256 481 1293 δεύτερον
506 1258 595 1293 λόγον,
612 1259 682 1294 μετὰ
699 1259 884 1296 συγχώρησιν.

101 1300 215 1335 Εὐλογία
241 1302 294 1336 γὰρ
319 1301 349 1328 τὸ
371 1302 469 1337 δῶρον,
485 1303 637 1338 τηνικαῦτα
659 1304 707 1331 καὶ
737 1304 885 1339 συναφείας

101 1346 173 1381 παρὰ
183 1345 232 1373 τοῦ
254 1347 350 1382 ἱερέως
371 1342 471 1383 δεῖγμα
485 1357 493 1364 ·
512 1348 606 1376 ἔκτοτε
630 1349 667 1386 μὴ
692 1350 886 1386 κεκωλυμένου

101 1390 172 1425 αὑτῷ
194 1391 387 1418 συνεστιᾶσθαι
415 1394 473 1424 τοῖς
501 1393 700 1430 διγαμήσασιν·
717 1394 755 1427 ὡς
770 1395 886 1422 ἐπὶτῶν

925 165 1067 199 nuptialis,
1093 172 1126 192 ex
1148 171 1202 199 qua
1225 163 1380 191 benedictio
1403 162 1492 190 omnis
1515 161 1711 196 monogamicae

925 210 1142 244 coniunctionis;
1161 217 1337 245 monogamus
1355 208 1487 244 siquidem
1502 207 1598 236 Adam.
1610 206 1713 235 Obser-

925 256 1045 284 vandum
1059 264 1125 284 vero
1149 262 1192 284 est
1210 256 1275 284 inde
1290 263 1399 290 quoque
1416 259 1503 282 ortam
1521 261 1582 281 esse
1596 261 1712 281 corona-

926 302 995 329 riam
1019 301 1235 334 invocationem,
1261 309 1321 337 quas
1346 301 1427 336 primi
1453 300 1570 327 hominis
1594 299 1713 327 creatio-

925 355 1001 381 nem,
1018 347 1197 383 ejusdemque
1211 355 1274 375 cum
1289 347 1404 374 muliere
1419 354 1452 374 ex
1468 346 1542 373 illius
1553 350 1630 373 costa
1645 353 1712 380 pro-

926 393 1007 421 ducta
1039 393 1262 428 conjunctionem
1296 395 1486 428 repraesentat.
1516 392 1552 419 At
1585 391 1713 418 secundae

927 440 1030 475 nuptite
1056 440 1163 467 tametsi
1192 439 1398 474 permittuntur.
1428 446 1509 473 ptena
1533 437 1711 472 castigantur.

927 484 1070 518 Quomodo
1084 485 1156 513 enim
1178 485 1355 512 coronatione
1376 484 1466 519 dignae
1488 487 1562 514 sunt.
1576 490 1637 517 quas
1656 489 1711 510 non

926 531 1051 563 vincunt,
1072 531 1118 558 sed
1133 531 1290 558 vincuntur.
1316 529 1384 563 Quis
1399 537 1482 564 porro
1504 529 1646 564 presbyter
1665 535 1714 556 eas

927 581 1051 609 coronet,
1075 584 1138 603 cum
1155 576 1199 604 vel
1214 576 1242 603 in
1262 583 1356 603 earum
1372 574 1494 611 prandiis
1507 574 1612 609 epulari
1631 581 1646 601 a
1661 574 1715 601 Pa-

928 623 1017 650 tribus
1031 622 1228 657 prohibeatur?
1240 622 1292 655 Qui
1306 629 1373 649 vero
1393 621 1494 648 divina
1512 619 1714 648 communionis

928 668 1065 703 particeps
1076 668 1121 701 sit,
1134 668 1180 703 qui
1191 668 1242 695 hoc
1253 667 1363 695 nomine
1375 674 1431 694 uno
1442 671 1525 701 atque
1537 666 1625 693 altero
1639 673 1714 692 anno

929 721 945 741 a
963 714 1047 741 sacris
1060 714 1187 741 arcetur?
1206 713 1260 741 Aut
1274 721 1398 748 qtmnam
1411 712 1532 747 qualisve
1544 711 1714 739 benedictio-

930 760 973 787 nis
982 760 1103 795 precatio
1118 759 1146 787 in
1162 767 1256 787 earum
1269 759 1465 794 conjunctione
1478 761 1636 793 usurpetur.
1652 764 1715 785 cum

931 806 982 833 alia
1005 805 1080 833 nulla
1103 805 1139 832 sit
1165 810 1264 840 prmter
1285 812 1346 832 eam
1375 812 1436 839 quae
1464 804 1492 831 in
1520 803 1617 838 primis
1637 807 1664 830 et
1686 802 1715 829 in

930 850 1127 886 monogamicis
1155 850 1316 878 adhibetur?
1339 849 1486 877 Ostensum
1511 857 1576 884 ergo
1603 855 1717 883 prorsus

930 901 973 924 est
991 904 1023 924 ex
1037 903 1174 923 sacrarum
1186 895 1349 923 Litterarum
1362 895 1528 930 Patrumque
1541 893 1715 926 auctoritate,

931 945 1057 976 expertes
1072 948 1180 969 coronat
1192 940 1326 968 secundas
1341 941 1450 976 nuptias
1463 947 1533 972 esse.
1548 944 1576 967 et
1590 943 1717 975 propter-

931 995 963 1014 ea
995 994 1030 1014 ne
1059 995 1074 1014 a
1099 987 1242 1014 sacerdote
1265 986 1376 1021 quidem
1398 985 1530 1020 copulari.
1559 984 1717 1017 Quinetiam

932 1039 1022 1067 neque
1035 1032 1184 1060 extraditas
1199 1032 1260 1059 illas
1277 1031 1371 1064 fuisse,
1392 1032 1440 1059 sed
1463 1036 1520 1058 tum
1543 1031 1652 1059 demum
1674 1030 1721 1057 ad-

933 1077 1040 1109 missas,
1067 1084 1129 1104 cum
1158 1077 1265 1111 expleta
1295 1076 1377 1104 fuerit
1399 1076 1572 1104 sacerdotum
1602 1076 1719 1103 arbitrio

933 1124 1056 1158 iniuncta
1070 1122 1232 1158 pmnitentia
1246 1131 1254 1149 :
1269 1126 1413 1157 postquam
1441 1126 1470 1149 et
1486 1121 1640 1148 divinorum
1658 1128 1717 1148 mu-

934 1176 1032 1196 nerum
1048 1167 1283 1203 participationem
1305 1167 1441 1199 obtinent,
1466 1166 1584 1201 indeque
1603 1166 1720 1193 benedi-

934 1219 1034 1242 cuntur
1042 1215 1117 1242 velut
1124 1214 1151 1242 in
1163 1213 1350 1246 coronatione,
1358 1213 1489 1241 inferiore
1499 1212 1616 1248 quodam
1625 1212 1719 1243 modo.

936 1266 997 1296 post
1021 1260 1229 1296 indulgentiam.
1252 1260 1412 1287 Benedictio
1436 1258 1510 1287 enim
1535 1262 1578 1286 est
1606 1265 1720 1290 munus,

937 1311 994 1334 tum
1010 1307 1092 1334 etiam
1106 1312 1134 1334 et
1156 1305 1294 1341 specimen
1317 1304 1518 1340 coniunctionis
1537 1311 1586 1340 per
1600 1303 1723 1331 sacerdo

937 1357 1002 1385 tem,
1019 1353 1091 1388 quod
1106 1360 1138 1380 ex
1153 1359 1187 1380 eo
1201 1356 1324 1387 tempore
1337 1359 1392 1379 non
1405 1351 1585 1387 prohibeatur
1598 1358 1659 1378 cum
1677 1350 1722 1383 iis,

937 1398 984 1433 qui
1003 1398 1037 1426 ad
1054 1399 1189 1426 secundas
1207 1397 1316 1432 nuptias
1337 1398 1495 1429 convolant,
1513 1396 1652 1428 convesci,
1666 1402 1724 1424 non

103 1437 274 1484 μονογάμων.
293 1438 347 1464 Καὶ
366 1438 438 1465 οὕτω
449 1439 525 1475 νόμῳ
542 1441 661 1475 ὁρμᾶται
689 1441 879 1477 συγχωρητικᾷ

939 1451 1020 1471 secus
1038 1447 1119 1477 atque
1133 1450 1194 1470 cum
1209 1442 1390 1478 monogamia.
1411 1442 1500 1476 Atque
1513 1442 1566 1468 hoc
1585 1440 1667 1468 modo
1682 1440 1725 1468 di-

101 1481 117 1516 ἠ
142 1481 259 1518 διγαμία
274 1503 282 1516 ,
297 1483 370 1510 κατὰ
394 1485 439 1511 τὸν
470 1486 646 1512 ’Δπόστολον-
659 1487 834 1520 γινώσκουσα
854 1488 879 1515 τέ

941 1490 1029 1526 gamia
1046 1490 1104 1526 lege
1125 1490 1210 1517 utitur
1238 1489 1424 1524 indulgentias,
1444 1489 1520 1523 juxta
1542 1486 1724 1522 Apostolum:

101 1526 239 1563 δευτερεῖα
266 1528 338 1564 ἔχειν
362 1529 412 1565 τῆς
438 1531 625 1566 μονογαμίας·
651 1532 698 1558 καὶ
721 1532 759 1566 μὴ
785 1531 879 1566 ἑλόγω.

940 1543 1091 1572 agnoscens
1104 1534 1236 1562 secundas
1249 1542 1279 1562 se
1293 1541 1309 1561 a
1323 1533 1493 1568 monogamia
1508 1537 1599 1568 partes
1614 1536 1724 1559 tenere:

101 1574 149 1608 τῆς
162 1572 276 1608 πρώτης
288 1573 456 1609 ἐπιζητοῦσα
470 1574 504 1602 τὰ
519 1575 694 1611 δικαιώματα
705 1596 713 1609 ,
727 1576 799 1612 ἅπερ
824 1585 877 1612 προ

941 1590 992 1610 nec
1011 1581 1146 1608 immerito
1172 1587 1299 1616 quaerens
1321 1579 1469 1614 primarum
1487 1578 1560 1614 jura,
1588 1584 1649 1612 qua
1669 1576 1726 1612 jam

102 1619 245 1654 απήλαυκε
250 1641 256 1646 .

941 1633 1005 1656 ante
1021 1627 1152 1663 percepit.

135 1665 222 1699 ψαῐης
237 1664 260 1691 δ’
271 1665 304 1692 ἄν
312 1673 320 1681 ο
335 1665 391 1693 Καὶ
403 1665 462 1698 πῶς
474 1666 588 1694 ἔλθωσιν
602 1667 650 1694 ἐπὶ
661 1669 711 1704 τὴν
722 1669 871 1704 συνᾶφειαν

977 1675 1089 1708 Quaeres
1117 1673 1233 1700 forsitan
1257 1671 1395 1706 quomodo
1420 1676 1485 1705 ergo
1513 1669 1727 1704 coniungantur.

103 1709 165 1740 Τοῖς
183 1709 367 1744 ἀνθρωπίνοις
390 1711 560 1747 καθήκουσιν
574 1712 669 1748 ὥσπερ
686 1714 732 1740 καὶ
751 1715 776 1740 οἰ
797 1715 879 1750 τρίγα

943 1719 1076 1747 Humanis
1093 1718 1188 1745 oiliciis
1206 1718 1277 1745 sicut
1299 1721 1327 1744 et
1349 1715 1455 1751 trigami
1472 1718 1500 1741 et
1515 1713 1651 1749 polygami
1665 1721 1672 1739 :
1689 1711 1729 1739 sic

105 1764 149 1788 μοι
167 1756 217 1782 καὶ
231 1756 386 1792 πολύγαμοι
401 1765 409 1774 ·
422 1757 495 1785 οὕτω
509 1758 564 1794 γὰρ
578 1759 708 1795 κέκληται
723 1761 739 1796 ἠ
760 1761 830 1796 μετὰ
843 1761 877 1797 τὴ

943 1767 1017 1795 enim
1034 1765 1128 1793 Patres
1142 1767 1242 1791 vocant
1258 1769 1306 1790 eos
1320 1762 1366 1796 qui
1377 1761 1447 1788 ultra
1458 1760 1554 1787 tertias
1568 1758 1729 1793 procedunt.

102 1801 200 1837 τρίτην
219 1802 287 1838 πρὸς
301 1803 357 1830 τῶν
372 1803 512 1840 Πατέρων.
530 1805 564 1831 ’Ὴ
580 1805 826 1840 στεφανούσθωσαν
842 1808 878 1834 κὰ

943 1815 999 1840 Aut
1016 1815 1091 1839 certe
1111 1813 1278 1838 coronentur
1301 1808 1383 1835 etiam
1407 1806 1462 1834 isti.
1483 1805 1630 1833 Enimvero
1645 1811 1731 1831 cano-

104 1850 202 1877 κεῐνοι.
225 1848 297 1876 ’Δλλ’
313 1849 398 1882 δντως
413 1851 430 1886 ἡ
457 1850 527 1885 ἄγαν
551 1851 674 1884 διάλυσις
690 1852 744 1879 τῶν
761 1853 879 1880 κανόνων

944 1866 1011 1887 num
1023 1857 1169 1885 immodica
1185 1854 1339 1885 subversio,
1355 1853 1398 1880 vel
1409 1852 1501 1888 potius
1514 1849 1664 1886 Evangelii,
1675 1856 1732 1876 non

106 1894 210 1941 μᾷλλον
245 1895 275 1922 δὲ
318 1896 366 1922 τοῦ
402 1896 568 1931 Εὐαγγελίου
582 1917 590 1930 ,
619 1898 648 1924 οὐ
681 1897 814 1934 διγάμους
848 1899 878 1926 νῦ

945 1906 1066 1941 digamos
1078 1911 1154 1930 nunc
1165 1906 1192 1930 et
1207 1901 1345 1937 trigamos,
1361 1899 1408 1927 sed
1430 1902 1459 1926 et
1471 1897 1594 1926 moechos
1608 1894 1733 1924 coronari

104 1940 155 1966 καὶ
198 1941 371 1977 τριγάμους,
404 1942 471 1969 ἀλλὰ
501 1943 549 1969 καὶ
581 1943 695 1978 μοιχοὺς
742 1945 877 1979 στεφανοῦ

945 1940 1011 1978 fecit
1024 1957 1039 1976 a
1054 1947 1241 1976 sacerdotibus
1257 1953 1339 1980 :quaa
1357 1949 1386 1972 et
1404 1944 1464 1971 illos
1483 1942 1670 1979 persequitur,
1685 1941 1732 1976 qui

105 1986 169 2013 σθαι
206 1987 259 2013 ὑπὸ
292 1988 348 2014 τῶν
379 1988 475 2024 ἱερέων
497 1989 666 2023 πεποίηκεν·
683 1989 720 2022 ὡς
751 1990 800 2017 καὶ
831 1991 878 2017 τοῦ

946 2003 997 2031 pro
1007 1995 1066 2030 lege
1077 1993 1168 2021 divina
1182 1995 1344 2027 pugnantes,
1360 1989 1517 2017 consentire
1529 1989 1557 2016 in
1570 1995 1604 2016 eo
1617 1987 1731 2015 nolunt:

104 2032 138 2066 τῇ
157 2031 259 2066 ἀντοχῇ
276 2031 324 2058 τοῦ
335 2031 409 2058 θείου
426 2032 508 2067 νόμου
528 2032 566 2068 μὴ
594 2034 624 2059 ὲν
643 2033 731 2069 τούτῳ
750 2043 879 2070 συναιρου

947 2046 975 2069 et
988 2039 1173 2070 anathemate,
1189 2037 1264 2064 velut
1277 2044 1293 2063 a
1311 2035 1421 2063 Christo
1434 2034 1548 2067 alienos,
1562 2033 1675 2061 damnat
1686 2040 1734 2060 eos

107 2077 210 2111 μένους
235 2077 382 2110 διώκουσα,
401 2078 449 2105 καὶ
477 2079 725 2114 ἁναθεματίζουσα,
756 2080 793 2111 ὡς
817 2081 879 2108 ἀλλο

947 2087 994 2122 qni
1007 2093 1056 2121 pro
1070 2085 1130 2120 ejus
1144 2083 1272 2111 mandato
1285 2089 1317 2110 ac
1333 2081 1448 2109 veritate
1463 2080 1618 2115 insurgunt.
1635 2078 1735 2106 Obstu-

105 2123 202 2157 τρίους
231 2123 361 2158 Χριστοῦ,
379 2124 442 2156 τοὺς
463 2124 533 2160 ὑπὲρ
561 2124 671 2160 ἐντολῆς
695 2125 742 2152 καὶ
766 2125 879 2161 ἀληθεία

930 2128 1045 2169 ’ροεοεε
1066 2138 1149 2166 super
1164 2130 1227 2161 hoc,
1249 2128 1349 2156 cmlum
1364 2137 1371 2155 :
1385 2133 1484 2162 supera
1505 2126 1618 2153 deosum
1630 2124 1736 2160 iustitia

105 2170 193 2197 αὐτοῦ
218 2170 424 2206 ὲνισταμένους.
440 2172 585 2208 Ἐκστηθι,
600 2173 710 2209 οὑρανὲ,
725 2173 772 2200 ἐπὶ
783 2173 872 2208 τούτῳ

949 2177 1089 2212 iniquitas,
1102 2176 1149 2202 lux
1162 2174 1294 2206 tenebrae,
1314 2180 1347 2199 ex
1361 2172 1394 2199 iis
1411 2171 1471 2207 qua:
1483 2170 1628 2199 Mceehiani
1641 2169 1737 2197 dicunt

105 2216 142 2242 τὰ
159 2217 218 2243 ἄνω
230 2217 316 2250 κάτω,
332 2218 349 2253 ἡ
363 2218 520 2254 δικαιοσύνη
537 2219 650 2254 ἀνομία,
665 2219 695 2246 τὸ
712 2219 770 2254 φῶς
782 2220 878 2251 σκάτος

950 2229 978 2251 et
989 2226 1082 2258 agunt.
1102 2227 1162 2248 esse
1177 2219 1401 2254 comprobantur.
1418 2217 1482 2245 Haec
1496 2216 1576 2244 caecis
1597 2220 1626 2243 et
1645 2220 1738 2242 mente

106 2264 136 2297 ἐξ
154 2261 194 2291 ὧν
209 2265 232 2290 oi
245 2264 402 2299 Μοιχειανοὶ
416 2265 526 2299 λέγουσι
541 2266 589 2293 καὶ
602 2266 763 2301 πράττουσι,
779 2265 879 2294 δείκνυι

951 2268 1047 2304 captis,
1059 2271 1140 2302 atque
1152 2265 1214 2293 ideo
1227 2263 1389 2291 Antichristi
1404 2261 1556 2298 primordia
1569 2259 1737 2295 gerentibus.

106 2317 166 2336 ται.
181 2309 270 2336 Τοῦτο
283 2311 341 2342 τοῖς
353 2311 463 2345 τυφλοῖς
476 2312 524 2338 καὶ
538 2313 641 2346 κωφοῖς
655 2312 728 2339 κατὰ
736 2311 836 2348 ψυχὴν,
853 2321 879 2338 κι

952 2315 1057 2342 Forsan
1078 2317 1106 2340 et
1123 2312 1175 2340 hoc
1199 2311 1294 2339 dices:
1311 2309 1340 2337 Si
1356 2309 1467 2345 quidem
1481 2315 1545 2344 pars
1563 2307 1649 2335 altera
1661 2306 1739 2341 virgo

107 2355 239 2382 ἐντεῦθεν
251 2355 299 2382 τοῦ
320 2356 507 2392 Ἀντιχρίστου
519 2356 553 2384 τὰ
569 2357 694 2393 πρόλαόα
710 2357 879 2393 φέρουσι.Τά

951 2360 997 2392 sit,
1021 2361 1180 2390 coronatur,
1198 2359 1230 2384 ut
1244 2355 1369 2383 nonnulli
1388 2354 1494 2385 dicunt,
1511 2353 1570 2380 haec
1585 2351 1693 2387 quidem
1709 2351 1737 2378 in

109 2410 148 2436 χα
164 2401 189 2428 δ’
205 2400 240 2428 ἃν
257 2402 367 2429 κάκεῖνο
387 2403 478 2435 είποις
489 2410 497 2418 ·
517 2404 549 2430 Εί
563 2403 595 2430 τὸ
618 2402 648 2430 ἓν
666 2403 749 2438 μέρος
768 2403 810 2438 εἴη
827 2412 879 2437 παρ

952 2403 1058 2439 capite;
1075 2403 1161 2429 altera
1180 2408 1244 2428 vero
1257 2407 1318 2435 quae
1330 2398 1433 2434 nuptiis
1447 2398 1504 2433 jam
1523 2396 1666 2432 perfuncta
1686 2400 1738 2428 est,

109 2447 192 2474 θένον
205 2467 214 2480 ,
232 2448 291 2480 πῶς
309 2449 418 2483 λέγουσί
431 2457 514 2482 τινες,
529 2449 567 2481 ὡς
590 2449 621 2476 τὸ
646 2449 696 2484 μὲν
722 2448 879 2485 στεφανοῦτ‹

954 2450 981 2477 in
996 2449 1121 2480 humero,
1138 2447 1204 2474 dum
1219 2445 1362 2474 coronaria
1374 2444 1496 2480 precatio
1510 2443 1659 2479 peragitur.
1674 2441 1741 2469 Mihi

109 2494 140 2520 ἒν
158 2495 194 2530 τῇ
208 2494 325 2529 κεφαλῇ,
343 2494 376 2521 τὸ
393 2495 422 2521 δὲ
440 2495 495 2522 ἀπὸ
506 2495 597 2530 γάμου
607 2516 614 2527 ,
628 2496 657 2522 ὲν
671 2495 710 2531 τῷ
724 2495 793 2531 ὤμῳ
804 2515 812 2528 ,
827 2504 879 2522 νενι

955 2503 1022 2522 vero
1044 2501 1099 2521 non
1121 2493 1209 2521 solum
1234 2491 1395 2523 absurdum,
1421 2490 1469 2517 sed
1491 2489 1639 2516 ridiculum
1659 2488 1742 2516 etiam

112 2539 204 2574 μένης
221 2539 271 2574 τῆς
285 2540 452 2575 νέφανικῆς
463 2539 545 2575 εὐχῆς
561 2548 569 2572 ;
583 2540 637 2567 Καί
650 2548 695 2575 μοι
708 2539 777 2575 πρὸς
791 2540 827 2575 τῇ
843 2540 879 2566 ἁτε

956 2541 1010 2569 hoc
1024 2540 1142 2568 videtur.
1165 2537 1273 2565 Etenim
1291 2537 1404 2564 tertium
1426 2534 1543 2562 nubenti
1566 2534 1678 2561 ubinam
1693 2541 1743 2568 po-

111 2584 178 2620 πιᾳ,
194 2584 236 2612 ἐτι
265 2586 314 2612 καὶ
331 2585 436 2620 γελοῖον
449 2585 584 2620 φαίνεται.
602 2585 721 2612 Διδόσθω
735 2585 789 2621 γὰρ
805 2593 879 2621 τριγι

957 2591 1039 2614 netur
1053 2583 1172 2612 corona?
1186 2583 1218 2616 in
1233 2590 1326 2613 manu,
1349 2588 1384 2608 an
1399 2579 1433 2607 ad
1453 2579 1542 2615 genu?
1555 2585 1617 2606 cum
1635 2585 1666 2605 ea
1682 2585 1743 2613 quae

116 2631 195 2665 μεῖν·
211 2632 259 2657 καὶ
275 2630 327 2657 ποῦ
350 2631 443 2666 τεθείη
456 2632 470 2657 6
483 2631 633 2666 στέφανος;
649 2632 678 2658 ὲν
692 2632 726 2665 τῇ
742 2631 824 2667 χειρὶ,
837 2631 853 2666 ἢ
867 2639 879 2657 ε

957 2632 1038 2660 vidua
1057 2629 1146 2662 nubit,
1166 2628 1195 2657 in
1216 2629 1333 2656 humero
1352 2629 1509 2655 coronetur.
1533 2624 1658 2653 Absurde
1678 2628 1744 2651 sunt

111 2677 147 2702 τὸ
160 2676 229 2710 γόνυ
244 2685 252 2710 ;
267 2677 325 2711 εῐγε
344 2678 392 2705 καὶ
406 2679 422 2713 ὴ
437 2678 586 2713 γημαμένη
601 2675 658 2704 εἶεν
671 2677 725 2704 ἀπὸ
740 2677 879 2713 χηρείας,ἐ

958 2679 1009 2707 ista
1026 2683 1149 2714 prorsus.

113 2723 156 2757 τῷ
174 2722 242 2758 ὤμῳ
262 2724 307 2751 τὸν
323 2724 454 2759 στέφανον
473 2724 589 2758 δέξεται.
604 2724 709 2751 ’Δτοπα
722 2722 819 2750 ταῦτα.

158 2779 260 2808 "Gen.
274 2788 294 2813 ι,
307 2780 354 2807 27.
