1926 3078
198 86 268 119 1095

197 189 255 216 visa
283 188 441 216 benedictio
466 188 624 216 dividetur?
640 197 702 224 pars
730 191 834 224 altera,
861 196 891 219 ut
920 191 988 219 labis

196 240 296 269 expers
312 233 477 268 victrixque,
501 234 691 268 benedicetur,
718 236 803 263 altera
827 244 883 263 non
907 237 990 264 item?

195 279 322 307 Ridicula
337 287 392 311 res,
411 285 439 308 et
453 289 514 315 qua:
530 281 588 309 ﬁeri
608 282 684 309 nullo
699 283 781 310 modo
799 283 895 318 possit.
912 284 989 317 Quo-

196 327 279 354 modo
299 334 353 354 una
375 327 598 355 communionem
618 329 745 363 accipiet,
765 330 849 357 altera
867 331 988 365 privabi-

196 377 253 404 tur,
273 373 376 408 quippe
389 381 450 408 quae
473 374 662 409 pmnitentiam
684 376 858 411 agal?Quod
882 378 904 405 si
926 385 989 413 pars

196 418 248 446 ista
259 418 300 446 vir
309 419 356 450 sit,
370 419 411 446 vir
418 422 509 446 autem
522 423 604 454 caput
617 420 748 453 mulieris,
761 426 788 448 et
798 427 889 457 partes
902 423 989 450 ambae

197 465 224 491 in
241 472 326 491 unum
341 472 442 500 corpus
455 465 640 498 adhaerentes;
659 467 834 502 participabit
853 468 988 503 reliquum

196 518 305 545 corpus,
320 514 403 544 caput
416 515 508 538 autem
527 514 718 547 nequaquam?
736 513 878 541 Dividetur
893 515 989 543 confe-

196 557 260 583 stim
288 557 361 591 quod
388 565 543 585 connexum
569 563 632 591 est,
659 559 693 586 ab
719 560 780 594 ipso
803 560 850 595 qui
879 562 990 596 copulat

196 602 353 635 sacerdote;
374 603 426 630 hoc
440 604 551 638 quidem
576 612 610 632 ex
625 606 815 638 concessione,
841 607 863 633 si
877 607 988 642 quidem

198 646 279 673 detur
295 651 326 674 ut
338 647 365 675 id
381 647 479 681 faciat;
497 655 580 684 caput
595 650 669 677 enim
683 650 801 686 ﬁnisque
816 652 989 686 conjunctio-

197 692 241 719 nis
251 697 295 719 est
308 697 434 720 sanctum
449 698 478 721 et
490 695 602 722 unicum
617 703 718 729 corpus
734 703 766 723 ac
780 697 891 731 sanguis
906 696 988 723 Chri-

197 737 256 764 sti?
271 742 318 765 aut
337 739 473 766 ambobus
489 739 644 774 impertiat;
661 740 713 768 Sed
732 741 873 769 mittamus
892 742 988 777 loqua-

196 783 320 811 citatem.
344 784 403 812 Erit
423 784 497 812 enim
522 785 574 813 iste
597 786 744 814 manifesto
767 795 822 814 non
849 788 986 820 sacerdos,

197 829 245 856 sed
276 830 430 857 divinarum
461 831 688 859 constitutionum
720 837 926 868 transgressor,
957 841 990 861 ac

199 875 315 910 proinde
328 875 388 910 ipso
406 875 556 910 privandus
569 877 742 911 sacerdotio;
758 881 789 905 ut
808 878 852 905 cui
868 885 904 906 ne
921 887 991 914 epu-

199 921 247 948 lari
269 921 380 956 quidem
406 921 434 949 in
460 922 561 950 talibus
582 922 686 957 nuptiis
715 923 809 956 liceat,
833 924 935 951 nedum
962 929 993 952 ut

196 971 303 995 tantum
320 967 412 995 scelus
429 967 592 996 committat.
609 968 679 1001 Quid
696 976 771 1004 ergo,
789 969 875 1003 dices,
891 970 992 998 amittit

197 1020 262 1048 pars
285 1013 425 1049 virginalis
454 1013 597 1042 victricem
627 1022 759 1043 coronam
785 1023 848 1043 cum
875 1016 991 1044 benedi-

196 1059 308 1092 ctione;
331 1067 364 1087 ac
379 1067 437 1088 non
456 1060 560 1088 evincit
581 1061 671 1095 potius
691 1069 756 1096 pars
775 1069 831 1089 non
852 1062 938 1095 victa,
960 1067 992 1090 ut

197 1105 279 1132 simul
298 1105 489 1139 benedicatur,
508 1106 589 1134 simul
602 1113 762 1140 coronetur,
777 1112 804 1135 et
817 1108 991 1136 communio-

197 1157 261 1177 nem
277 1150 359 1178 simul
375 1151 494 1186 accipiat
507 1158 571 1186 pars
584 1151 669 1179 altera
681 1159 730 1187 per
742 1152 889 1188 digamiam
903 1153 992 1181 victa?

198 1196 228 1224 Si
243 1196 281 1224 ita
298 1201 383 1229 esset,
404 1198 541 1225 sancitum
557 1205 624 1225 sane
639 1198 739 1226 fuisset
753 1198 865 1226 Patrum
878 1199 992 1227 canoni-

199 1243 252 1270 bus
266 1251 274 1270 :
287 1243 337 1271 sed
352 1243 500 1271 discrimen
512 1244 619 1272 nullum
634 1244 735 1273 factum
749 1250 803 1273 est.
820 1245 899 1278 Quod
909 1245 992 1281 igitur

199 1287 312 1316 Patrum
332 1289 491 1317 testimonio
503 1289 626 1318 decisum
649 1297 705 1318 non
727 1294 770 1318 est
785 1298 836 1318 nec
856 1291 991 1318 constitu-

200 1339 270 1367 tum,
292 1334 382 1362 inanis
405 1335 568 1371 arrogantia:
583 1340 627 1364 est
648 1336 675 1364 id
691 1336 825 1373 cogitare.
847 1341 876 1364 et
887 1337 990 1370 dicere,

200 1385 229 1408 et
248 1379 348 1408 facere.
371 1379 427 1417 Ego
440 1389 506 1409 vero
527 1381 568 1410 sic
591 1382 690 1415 sentio,
706 1383 767 1418 jure
789 1387 895 1418 partem
908 1383 992 1419 virgi-

200 1426 290 1454 nalem
305 1427 486 1463 monogamia
506 1427 560 1456 ritu
576 1428 694 1464 privari;
711 1433 741 1457 ut
763 1429 805 1456 cui
818 1429 928 1464 liquerit
943 1437 992 1464 per

199 1470 325 1505 ejusdem
337 1471 442 1500 ordinis
454 1477 610 1501 consortem
622 1473 670 1501 illo
683 1473 736 1501 l'rui
751 1482 758 1501 :
772 1474 990 1509 quandoquidem

200 1524 301 1550 purum
323 1524 396 1551 puro
410 1517 488 1554 jungi
510 1519 599 1551 decet.
625 1522 654 1546 et
678 1519 813 1555 virginem
833 1519 943 1555 virgini,
965 1524 993 1547 et

201 1562 334 1590 victorem
358 1563 468 1591 victori.
494 1563 601 1592 Decidit
623 1569 718 1592 autem
739 1565 785 1600 qui
809 1572 866 1592 non
892 1565 993 1602 virgini

200 1609 323 1644 copulari
345 1609 443 1643 voluit,
470 1614 503 1637 et-
520 1610 684 1646 virginalem
699 1611 814 1646 gloriam
837 1619 869 1638 ea
887 1612 993 1639 ratione

200 1655 402 1683 dehonestare?
414 1663 495 1690 quam
511 1663 546 1683 ne
563 1655 659 1683 habuit
669 1655 778 1691 quidem
795 1656 920 1689 fortasse,
934 1660 991 1689 aut,

200 1708 263 1729 cum
279 1701 404 1733 haberet,
423 1701 522 1729 vitioso
539 1709 603 1737 erga
617 1701 755 1737 digamum
769 1702 868 1730 all'ectu
881 1709 992 1737 quoquo

200 1747 283 1775 modo
296 1747 443 1782 depressit.
458 1746 550 1780 Quare
571 1755 628 1775 non
643 1748 725 1775 modo
748 1756 803 1776 non
817 1749 926 1782 evebet,
944 1749 993 1777 sed

199 1792 288 1828 ipsum
304 1800 415 1828 quoque
435 1793 572 1828 deprimet
595 1793 629 1821 ad
648 1801 755 1828 poenam
774 1794 859 1829 partis
881 1795 992 1830 nuptias

201 1839 338 1867 iterantis.
361 1840 424 1867 Hmc
442 1847 457 1867 a
480 1847 524 1867 me
545 1848 596 1875 pro
618 1839 723 1868 viribus
743 1845 852 1876 reperta
878 1847 906 1868 et
920 1842 993 1869 dicta

201 1890 276 1916 sunt.
301 1886 336 1913 liii
358 1886 477 1921 egregie.
494 1885 573 1919 Quod
591 1886 612 1913 si
640 1886 689 1913 tibi
704 1886 746 1914 vel
772 1887 848 1914 alteri
872 1887 991 1922 arripiam

202 1931 294 1959 verius
305 1931 379 1959 aliud
394 1932 529 1964 videatur,
543 1932 624 1959 modo
639 1939 673 1959 ex
689 1932 830 1968 Scriptura
847 1938 951 1960 tantum
965 1939 994 1962 et

200 1984 234 2004 ex
253 1981 367 2012 paterna
384 1982 465 2011 atque
479 1977 611 2004 canonica
628 1978 790 2011 traditione;
804 1980 993 2008 consentiente

200 2030 263 2050 eum
281 2023 324 2050 his
338 2024 444 2057 privata
456 2031 518 2058 qua
531 2024 643 2051 accedat
662 2024 745 2051 animi
763 2025 970 2054 ratiocinatione
985 2035 992 2054 :

201 2068 288 2103 parati
305 2073 334 2096 et
357 2076 406 2096 nos
430 2076 526 2096 sumus
539 2069 654 2104 pedibus
672 2070 760 2104 sequi,
780 2075 808 2098 et
826 2071 916 2098 aliena
932 2072 993 2100 luce

200 2115 342 2148 illustrari,
359 2115 429 2143 lucis
445 2115 497 2151 ipsi
514 2123 609 2143 revera
627 2123 709 2150 quam
727 2118 845 2145 maxime
866 2123 990 2154 egentes.

495 2172 538 2199 LI.
552 2187 584 2192 ——
594 2173 698 2200 Eidem.

795 89 825 120 S.
847 88 1042 118 TIIEODORI
1059 89 1232 120 STUDIT/E

231 141 299 175 Quis
319 148 386 169 vero
403 149 532 169 coronam
554 142 693 178 imponet?
711 147 740 171 et
759 144 896 179 quomodo
917 145 990 172 indi--
1003 145 1029 174 A

1077 146 1124 177 Τις
1147 146 1176 173 δὲ
1202 147 1216 173 ό
1242 145 1403 180 στεφανῶνς
1421 145 1469 172 καὶ
1490 145 1548 176 πῶς
1569 145 1585 179 ἠ
1602 144 1748 180 ἀμέριστος
1768 145 1835 180 εὐχὴ

1042 191 1240 228 μερισθήσεται
1256 201 1263 225 ;
1282 192 1398 227 θάτερον
1412 191 1466 218 τῶν
1482 191 1584 226 μερῶν,
1602 190 1639 221 ὡς
1655 190 1833 225 ἁκηλίδωτον,

1039 237 1087 263 καὶ
1113 237 1243 271 νικῆσαν,
1260 237 1458 271 εὐλογοῦμενον
1474 244 1481 252 ·
1500 236 1617 270 θάτερον
1642 235 1670 262 δὲ
1700 236 1738 270 μή
1754 244 1762 268 ς
1779 236 1835 262 τῶν

1039 281 1153 316 γελοίων
1171 283 1218 308 καὶ
1239 282 1402 316 ἀμηχάνων.
1422 280 1484 312 Πῶς
1496 281 1527 307 τὸ
1544 279 1595 314 μὲν
1610 280 1638 306 ἓν
1664 280 1773 315 μεθέξει
1786 282 1836 316 τῆς

1040 328 1198 360 κοινωνίας,
1219 329 1250 354 τὸ
1260 328 1288 354 δὲ
1305 328 1400 363 ἓτερον
1416 326 1448 353 οὔ
1462 335 1469 343 ·
1484 327 1601 362 ἐπείπερ
1615 327 1644 353 ὲν
1661 327 1812 361 ἐπιτιμίοις
1826 335 1834 360 ;

1039 371 1097 406 εἴγε
1110 373 1158 398 καὶ
1175 372 1217 407 εἴη
1229 372 1308 398 τοῦτο
1325 373 1339 399 ὁ
1357 372 1428 407 ἀνήρ
1439 380 1446 388 ·
1458 371 1528 406 ἀνὴρ
1556 371 1662 406 κεφαλὴ
1686 373 1817 405 γυναικός
1827 379 1834 386 ·

1040 419 1087 444 καὶ
1102 419 1141 449 εἰς
1154 418 1183 444 ἓν
1195 418 1274 453 σῶμα
1290 418 1375 452 ἄμφω
1389 418 1423 444 τά
1440 417 1606 444 συνελθόντα
1619 424 1626 432 ’
1646 417 1835 452 μεταλήψεται

1038 463 1069 490 τὸ
1079 463 1171 490 λοιπὸν
1187 464 1276 498 σῶμα·
1292 465 1308 498 ὴ
1323 464 1427 499 κεφαλὴ
1443 464 1472 490 δὲ
1488 463 1518 490 οὔ
1528 473 1535 496 ;
1547 462 1720 498 τμηθήσεται
1732 463 1762 489 τὸ
1771 463 1835 494 ζευ-

1039 511 1103 545 χθὲν
1114 511 1195 543 εὐθὺς
1209 511 1255 537 ὑπ’
1269 511 1351 537 αὑτοῦ
1365 510 1412 537 τοῦ
1427 510 1609 541 συνάπτοντος
1625 510 1721 545 ἱερέως
1734 518 1741 525 ·
1754 509 1836 535 τοῦτό

1037 564 1070 591 γε
1089 557 1160 583 κατὰ
1179 555 1363 591 συγχώρησιν,
1378 555 1500 586 δοθέντος
1517 555 1596 590 τυχὸν
1619 556 1706 581 ποιεῖν
1738 555 1834 581 αὐτόν·

1039 602 1186 636 κεφάλαιον
1199 603 1254 638 γὰρ
1268 603 1313 629 καὶ
1324 603 1398 634 τέλος
1410 603 1459 636 τῆς
1471 602 1588 635 ζεύξεως
1598 602 1629 628 τὺ
1641 602 1718 635 ἅγιον
1734 602 1781 628 καὶ
1792 601 1836 627 ὲν-

1040 650 1109 675 ιαῖον
1133 648 1213 684 σῶμα
1236 649 1282 675 καὶ
1303 645 1372 683 αἷμα
1386 648 1549 682 Χριστοῦσῆ
1562 648 1664 682 ἀμφοῖν
1688 647 1835 682 perdat-r1;

1039 694 1094 721 Καί
1104 703 1135 729 γε
1144 694 1342 730 ἀπηλλάγμεθα
1351 694 1621 729 ἀδολεσχίας.Ἔσται
1630 695 1684 728 γάρ
1696 693 1836 729 ἀριδήλως

1039 740 1185 772 ὀτοιοῦτος
1196 741 1244 775 οὐχ
1261 740 1360 775 ἱερεὺς,
1381 740 1449 767 ἀλλὰ
1474 740 1642 775 παραὸάτης
1668 739 1724 766 τῶν
1753 739 1835 766 θείων

1040 786 1198 819 διατάξεων,
1217 787 1264 813 καὶ
1279 786 1323 812 διὰ
1340 785 1420 812 τοῦτο
1435 785 1546 820 καὶτῆς
1561 784 1715 820 ἱερωσύνης
1728 785 1838 811 ἔκπτω-

1041 840 1085 863 τος
1097 840 1103 846 ·
1118 831 1198 858 ὁπότε
1209 831 1270 858 οὐδὲ
1281 831 1441 866 ἐστιαθῆναι
1457 830 1497 866 τῷ
1514 830 1630 866 τοιούτῳ
1643 831 1726 866 γάμῳ
1743 838 1837 864 παρα-

1041 876 1210 913 κεχώρηται,
1242 877 1291 912 οὐχ
1317 877 1359 904 ὅτι
1386 876 1515 903 τοσοῦτον
1540 877 1688 912 ἀνομῆσαι.
1719 877 1753 902 Τί
1769 875 1836 909 οὖν,

1042 923 1136 958 φαίης,
1148 922 1282 950 ἀπόλλυσι
1295 922 1325 949 τὸ
1341 922 1508 957 παρθενικδν
1524 922 1608 958 μέρος
1623 922 1670 948 τὸν
1693 921 1837 957 νικητικὸν

1043 969 1175 1004 στέφανον
1198 969 1247 996 σὺν
1271 970 1304 1004 τῇ
1321 968 1487 1004 εὐλογιστιᾳ,
1502 969 1550 995 καὶ
1572 968 1623 995 οὐκ
1638 968 1735 1004 ἐκνικᾷ
1747 968 1779 995 τδ
1797 969 1835 1003 μὴ

1041 1015 1157 1051 ἡττηθὲν
1174 1015 1284 1050 μᾶλλον,
1302 1015 1467 1050 συλλογῆσαι
1479 1014 1527 1042 καὶ
1548 1014 1767 1048 συστεφανῶσαι,
1787 1014 1836 1041 καὶ

1043 1060 1216 1096 συμμεθέξαι
1227 1061 1278 1096 τῆς
1291 1060 1447 1092 κοινωνίας,
1464 1059 1554 1094 ἑαυτῷ
1569 1059 1599 1086 τὺ
1623 1058 1774 1094 ἡττημένον
1792 1059 1839 1085 διὰ

1040 1107 1091 1142 τῆς
1106 1106 1237 1142 διγαμίας
1250 1107 1335 1142 μέρος
1348 1114 1355 1138 ;
1369 1106 1399 1132 Et
1410 1103 1445 1141 ἦν
1462 1105 1552 1137 τοῦτο,
1570 1104 1699 1140 ἑτυπώθη
1710 1104 1744 1131 ἂν
1756 1104 1836 1140 παρὰ

1040 1151 1095 1179 τῶν
1112 1151 1258 1187 Πατρικῶν
1272 1152 1394 1178 κανόνων
1406 1159 1413 1166 ·
1429 1151 1487 1179 ἀλλ’
1501 1151 1552 1178 οὐκ
1577 1150 1699 1186 ἐγεγόνει
1715 1159 1758 1183 τις
1774 1150 1837 1177 δια-

1041 1198 1124 1235 φορά.
1144 1198 1177 1225 ’0
1193 1197 1221 1224 δὲ
1234 1197 1288 1224 ὑπὸ
1301 1198 1442 1233 Πατρικῆς
1468 1197 1624 1233 μαρτυρίας
1647 1196 1684 1232 μὴ
1725 1196 1837 1230 διακρι-

1042 1244 1087 1272 θὲν
1109 1245 1157 1271 καὶ
1182 1244 1377 1277 ὑποτυπωθὲν,
1394 1243 1575 1278 κενεμϐατεῖν
1599 1244 1658 1270 ἐστι
1672 1243 1720 1270 καὶ
1735 1243 1839 1269 ἐννοεῖν

1042 1291 1089 1318 καὶ
1102 1290 1192 1326 λέγειν
1206 1291 1253 1318 καὶ
1268 1290 1411 1326 πράττειν.
1438 1289 1511 1324 Ἐγὼ
1526 1290 1554 1316 δὲ
1571 1289 1660 1316 ἐκεῖνό
1676 1298 1748 1325 φημι
1766 1298 1772 1304 ·
1794 1289 1839 1316 ὅτι

1041 1336 1155 1368 εἰκότως
1179 1336 1213 1362 ἂν
1235 1335 1267 1362 τὸ
1289 1334 1459 1370 παρθενικδν
1485 1336 1570 1370 μέρος
1585 1335 1772 1370 ἀποτυγχάνει
1786 1334 1839 1368 τῆς

1044 1381 1235 1417 μονογαμικῆς
1260 1380 1438 1416 παραδόσεως
1453 1387 1459 1394 ·
1474 1379 1536 1412 ἐξὸν
1559 1380 1614 1415 γὰρ
1633 1379 1668 1407 δι’
1683 1379 1839 1415 όμοταγοῦς

1042 1428 1193 1455 ἀπόνασθαι
1219 1427 1323 1462 ταύτης
1337 1435 1345 1442 ⁸
1366 1426 1460 1462 ἐπειδὴ
1492 1426 1614 1462 καθαρὸν
1640 1425 1753 1461 καθαρῷ
1773 1435 1839 1452 συν·

1044 1473 1157 1503 απτέον,
1172 1473 1220 1499 καὶ
1248 1471 1385 1507 παρθένον
1414 1471 1555 1507 παρθένῳ,
1573 1471 1621 1497 καὶ
1647 1471 1766 1497 νικῶντα
1796 1470 1838 1504 τῷ

1044 1519 1156 1547 νικῶντι
1167 1523 1179 1535 "
1197 1519 1348 1546 ἀποπίπτει
1363 1517 1392 1544 δέ
1423 1526 1465 1549 τις
1492 1516 1530 1553 μὴ
1555 1517 1683 1553 παρθένῳ
1706 1516 1838 1551 ἐθελήσας

1044 1565 1239 1600 συναφθῆναισ
1265 1564 1417 1591 κάντεῦθεν
1446 1564 1576 1599 ἀτιμάζοι
1607 1563 1637 1590 τὸ
1669 1563 1839 1598 παρθενικὴν

1044 1611 1125 1643 κλέος
1138 1619 1145 1626 ·
1161 1611 1176 1637 ὃ
1192 1610 1259 1646 μηδὲ
1273 1608 1330 1645 εἶχε
1344 1610 1424 1645 τυχόν
1439 1618 1446 1625 ·
1468 1610 1485 1645 ἢ
1502 1609 1550 1636 καὶ
1565 1609 1645 1644 ἔχων.
1662 1610 1695 1643 τῇ
1711 1617 1839 1644 προσπα-

1044 1657 1143 1692 eumn
1159 1656 1251 1691 σχέσει
1268 1655 1316 1682 τοῦ
1336 1654 1517 1690 διγαμοῦντος
1540 1654 1602 1681 καθ’
1614 1653 1719 1680 οίονοῦν
1735 1654 1839 1688 τρόπον

1044 1702 1187 1729 κατέϐαλε.
1200 1702 1263 1728 Κὰκ
1274 1701 1370 1728 τούτου
1383 1701 1415 1727 οὐ
1433 1699 1535 1736 μᾶλλον
1555 1700 1659 1733 ἀνάξει,
1685 1699 1751 1726 ἀλλὰ
1769 1707 1838 1725 κατ-

1046 1747 1107 1779 άξει
1119 1747 1202 1774 αὐτὸν
1217 1747 1258 1778 είς
1270 1746 1300 1772 τὸ
1314 1746 1453 1781 ἐπιτίμιον
1468 1745 1515 1772 τοῦ
1528 1744 1708 1779 διγαμοῦντος
1726 1744 1838 1779 μέρους»

1044 1793 1138 1820 Ταῦτά
1152 1801 1198 1827 μοι
1213 1792 1284 1819 κατὰ
1294 1792 1324 1819 τὸ
1337 1791 1451 1818 δυνατὸν
1466 1790 1580 1827 ἑῦρηται
1594 1790 1641 1817 καὶ
1655 1790 1781 1816 λέλεκται
1795 1810 1802 1821 ,
1815 1786 1840 1815 ὦ

1044 1839 1095 1864 παῖ
1117 1838 1191 1865 καλέ.
1208 1838 1238 1865 ΕΞ
1264 1838 1294 1864 δέ
1318 1846 1359 1864 σοι
1383 1837 1487 1872 ἑτέρως
1501 1837 1573 1871 ἔχειν
1588 1836 1664 1863 δοκεῖ
1678 1834 1806 1870 τάληθὲς,
1822 1835 1840 1869 ἡ

1043 1892 1096 1910 τινι
1119 1884 1200 1919 ἄλλῳ,
1218 1884 1298 1918 μόνον
1324 1885 1356 1910 ἐκ
1385 1884 1526 1919 Γραφικῆς
1553 1883 1600 1909 καὶ
1626 1883 1768 1917 Ιίατρικῆς
1789 1882 1840 1908 καὶ

1044 1932 1189 1967 κανονικῆς
1213 1930 1430 1965 παραστάσεως,
1449 1929 1640 1964 συνεπομένης
1664 1928 1771 1959 τούτοις
1790 1928 1841 1953 καὶ

1043 1982 1093 2018 τῆς
1106 1979 1212 2007 οἴκοθεν
1227 1975 1446 2011 διανοηματικῆς
1461 1975 1610 2006 ἐπιδόσεως
1623 1983 1629 1989 ·
1645 1975 1693 2001 καὶ
1709 1975 1790 2009 ἡμεῖς
1806 1982 1841 2006 γε

1044 2025 1234 2063 ποδηγηθῆναι
1250 2023 1367 2056 ἕτοιμοι,
1379 2021 1425 2048 καὶ
1436 2020 1628 2056 ὲλλαμφθῆναι
1640 2020 1775 2055 πρόθυμοι
1789 2019 1842 2053 τῆς

1043 2075 1108 2111 παρ’
1123 2073 1211 2101 ἄλλων
1222 2070 1377 2107 δᾳδουχίας,
1392 2069 1494 2102 ἐνδεεῖς
1508 2069 1597 2104 φωτὸς
1614 2069 1784 2103 ὑπάρχοντες
1798 2068 1842 2094 ὅτι

1046 2121 1164 2158 μάλιστα
1169 2139 1176 2145 .

1295 2171 1442 2204 ΝΛ’.-Τῷ
1453 2171 1544 2204 αὐτῷ.
1557 2171 1660 2207 [σκθκ]

200 2230 374 2256 Conl'essorum
386 2231 490 2261 aliquot,
503 2230 526 2254 in
541 2230 624 2264 primis
638 2232 763 2261 Eutliymii
779 2233 881 2264 abbatis,
890 2235 962 2260 ﬁdem
982 2239 1009 2261 et
1030 2234 1200 2264 constantiam,
1219 2232 1343 2263 simulque
1364 2230 1556 2264 Mmebianorun)
1573 2229 1691 2253 saevitiam
1713 2228 1818 2260 expulit
1833 2237 1838 2253 :

460 2265 512 2286 turn
526 2261 658 2294 proposita:
668 2264 699 2288 de
710 2264 834 2289 homicidii
847 2261 927 2296 poenis
940 2261 1071 2298 quaestioni
1082 2261 1228 2297 respondet.
1244 2261 1344 2295 (Bai-on.
1357 2270 1397 2288 an.
1415 2262 1471 2291 809,
1487 2269 1511 2286 u.
1524 2261 1575 2292 Η.)

237 2315 300 2342 Tria
318 2315 376 2343 haec
397 2315 424 2342 in
447 2324 491 2343 me
505 2316 658 2344 eﬂ‘ecerunt
671 2317 768 2344 litterie
784 2322 847 2352 tum,
866 2319 904 2346 ﬁli
920 2321 992 2348 desi-

1082 2320 1152 2354 Τρία
1164 2318 1252 2346 ταῦτα
1268 2317 1391 2344 πέπονθα
1414 2317 1443 2342 ὲν
1460 2317 1516 2347 τοῖς
1546 2314 1666 2350 παροῦσί
1686 2323 1734 2340 σου
1749 2314 1845 2349 γράμ-

202 2362 296 2390 derate
311 2371 318 2389 :
333 2361 414 2389 simul
434 2362 508 2390 enim
534 2362 672 2398 obstupui,
697 2364 850 2392 admiratus
872 2373 943 2398 sum,
967 2371 995 2394 et

202 2408 311 2436 cantavi
327 2417 334 2436 :
348 2409 467 2444 primum
483 2413 596 2444 propter
617 2409 727 2445 impios,
747 2410 863 2438 alterum
882 2417 995 2448 propter

202 2455 272 2490 pios,
293 2454 404 2482 tertium
423 2460 537 2490 propter
551 2456 637 2483 Deum
651 2456 698 2491 qui
712 2457 872 2486 corroborat
886 2466 934 2486 eos
948 2458 994 2494 qui

204 2501 233 2528 in
252 2500 312 2537 ejus
328 2500 388 2537 lege
407 2501 572 2530 innituntur.
587 2501 620 2530 Et
632 2502 666 2530 de
681 2510 760 2530 sacro
775 2503 888 2538 quidem
906 2505 995 2531 Atha-

202 2547 282 2576 nasio
312 2555 374 2575 meo
385 2548 419 2582 ⁶⁹,
442 2549 558 2584 ejusque
581 2549 664 2576 sociis
684 2549 938 2584 desideratissimis,
961 2558 994 2578 ac

202 2593 237 2621 de
254 2592 404 2622 fortissimo
427 2593 491 2621 item
515 2601 577 2622 meo
595 2593 757 2628 Theososto,
784 2599 813 2622 et
828 2595 861 2623 de
876 2600 996 2631 septem-

203 2639 293 2668 decim
317 2640 377 2675 ejus
400 2640 520 2668 strenuis
539 2641 696 2674 comitibus,
721 2649 783 2669 cum
803 2641 869 2669 satis
892 2641 995 2669 dictum

203 2687 240 2714 sit
259 2686 286 2713 in
305 2687 374 2714 meis
396 2686 430 2714 ad
445 2686 506 2714 illos
525 2687 658 2722 epistolis,
675 2687 858 2715 omittendum
882 2692 924 2715 est
945 2688 997 2715 hoc

203 2731 265 2760 loco
282 2742 288 2760 :
304 2732 430 2768 quamvis
444 2732 566 2768 longiore
581 2733 656 2769 digni
677 2733 732 2761 sint
744 2733 870 2762 oratione
892 2741 923 2761 ac
938 2733 997 2760 lau-

204 2778 303 2812 dibus;
326 2779 372 2814 qui
397 2779 529 2807 divinitus
558 2787 590 2807 ac
611 2779 718 2807 fortiter
746 2780 933 2814 decertarunt,
965 2786 993 2808 et

239 2826 263 2840 "
277 2825 342 2853 Vide
356 2833 448 2861 supra,
462 2826 543 2860 epist.
561 2826 594 2853 45
607 2831 633 2853 et
648 2826 692 2853 ιδ.

1050 2374 1129 2401 μασι,
1145 2365 1265 2396 ποθητὸν
1276 2363 1387 2390 τέκνον·
1401 2360 1470 2397 ὁμοῦ
1482 2369 1511 2387 τε
1522 2360 1682 2402 ἐξεπλάγην
1694 2379 1701 2392 ,
1716 2359 1843 2395 ἠγάσθην

1047 2420 1077 2438 τε
1089 2430 1097 2444 ,
1115 2410 1163 2438 καὶ
1177 2408 1247 2446 ᾖσα·
1262 2409 1292 2435 τὸ
1309 2409 1358 2444 μὲν
1369 2408 1413 2435 διὰ
1424 2407 1487 2439 τοὺς
1500 2406 1678 2442 παρανόμους
1689 2414 1696 2421 ·
1714 2406 1743 2432 τὸ
1757 2406 1785 2433 δὲ
1796 2406 1844 2433 διὰ

1050 2457 1114 2489 τοὺς
1129 2456 1262 2491 εὐνόμους
1272 2464 1278 2469 ·
1296 2455 1327 2482 τὸ
1341 2455 1434 2489 τρίτον
1451 2453 1495 2480 διὰ
1510 2453 1557 2480 τὸν
1583 2452 1756 2488 δυναμοῦντα
1774 2453 1844 2478 Θεὸν

1048 2504 1111 2535 τοὺς
1130 2503 1159 2529 ἐν
1171 2502 1210 2538 τῷ
1229 2502 1305 2537 νόμῳ
1324 2500 1408 2528 αὐτοῦ
1436 2499 1675 2536 ἑπερειδομένους.
1701 2498 1757 2525 Καὶ
1778 2499 1844 2534 περὶ

1049 2549 1099 2585 μὲν
1112 2548 1161 2576 τοῦ
1174 2548 1248 2583 ιεροῦ
1266 2556 1316 2583 μου
1343 2546 1516 2579 Ἀθανασίου,
1543 2546 1592 2573 καὶ
1615 2545 1667 2572 τῶι
1695 2545 1744 2572 σὺν
1764 2545 1844 2580 αὐτῷ

1047 2595 1237 2632 τριποθήτων·
1271 2593 1314 2620 ἐτι
1345 2593 1399 2629 μὴν
1418 2593 1466 2620 καὶ
1489 2591 1537 2619 τοῦ
1564 2592 1770 2627 ὰνδρικωτάτου
1789 2600 1842 2627 μου

1048 2641 1218 2673 Θεοσώστου,
1241 2640 1292 2676 τῆς
1312 2648 1342 2667 τε
1358 2639 1441 2666 αὑτοῦ
1458 2638 1751 2669 δυοπεντεκαιδεκάδος
1779 2638 1841 2664 θεο-

1050 2687 1164 2719 σθενοῦς
1180 2686 1303 2719 συνοδίας
1314 2695 1321 2702 ·
1343 2686 1380 2717 ὡς
1392 2687 1421 2712 ὲν
1431 2686 1488 2717 τοῖς
1502 2685 1570 2718 πρὸς
1596 2684 1696 2715 αὐτούς
1711 2692 1756 2719 μοι
1770 2692 1842 2717 γρα-

1051 2736 1141 2769 φεῖσιν
1155 2733 1248 2760 ἱκανοῦ
1268 2733 1356 2766 liv-tog,
1369 2733 1464 2759 ὲατέον
1481 2730 1600 2758 ἐνταῦθα
1615 2729 1707 2764 λέγειν
1717 2737 1724 2743 ·
1743 2730 1766 2756 εἰ
1794 2732 1842 2755 καὶ

1046 2781 1087 2807 ὁτι
1099 2780 1232 2807 πλειόνων
1251 2779 1352 2807 δέοιντο
1366 2779 1454 2813 λόγων
1484 2778 1530 2805 καὶ
1544 2777 1679 2804 ἐπαίνων·
1697 2775 1778 2807 θείως
1794 2776 1842 2802 καὶ
