1926 3078
41 109 101 140 1097

645 108 914 139 EPISTULARUM
937 107 1010 138 LIB.
1037 108 1062 136 Ι.

1602 103 1612 134 1
1618 104 1671 135 098

38 165 189 201 ἀθλητικῶς
203 165 428 200 διηγωνισμένοι,
451 165 499 192 καὶ
515 165 556 192 ἔτι
585 165 826 200 ἑναγωνιζόμενοι.

880 171 955 191 nunc
977 169 1087 198 quoque
1113 161 1264 189 decertant.
1293 160 1347 187 Sed
1377 159 1457 186 venio
1480 159 1513 186 ad
1538 160 1671 187 sermonis

44 211 103 238 Ἐπὶ
118 211 150 238 δὲ
165 211 212 237 τὸν
227 211 369 245 κολοφῶνα
383 210 431 237 τοῦ
448 210 528 244 λόγου
547 210 667 245 μέτειμι.
684 211 733 241 Τίς
751 209 822 236 οὕτω

40 257 139 292 ἀκήκοε
156 255 253 291 σχεδὸν
264 255 412 291 παράνομα
434 256 483 283 καὶ
495 256 599 282 ἔκτυπα
614 256 793 289 Χριστιανὸς,
809 255 827 283 ἃ

43 302 90 327 ὑπὸ
103 301 160 327 τῶν
169 299 339 335 δυσωνύμων
352 299 523 334 Μοιχειανῶν
538 298 697 334 γεγένηται,
708 298 826 333 λεγομέ-

39 355 88 373 νων
105 346 157 381 μὲν
174 345 325 380 ίεραρχῶν,
349 345 436 372 ὄντων
463 345 493 372 δὲ
517 345 634 381 ἀνιέρων
658 344 712 371 ὑπὸ
734 343 827 380 πάσης

38 391 220 426 emoliri]:
232 391 280 418 καὶ
292 391 434 426 Πατρικῆς
454 392 557 426 φωνῆς,
572 391 619 418 καὶ
637 391 702 418 ἄνευ
716 391 767 426 τῆς
785 391 826 417 al-

40 437 156 472 ρὲσεως;
183 436 302 463 Τύπ-ιων
317 435 389 462 οὕτω
405 436 448 467 τίς
475 435 590 470 τέτυφεν
605 435 759 471 ἀνθρώπων
769 455 777 468 ,
794 436 826 462 οὐ

39 483 106 517 λέγω
122 481 308 517 Χριστιανικὴ
321 481 391 516 χεὶρ,
401 480 471 508 ἀλλὰ
484 480 639 516 βαρϐαρική
649 487 657 495 ·
669 480 709 512 δὶς
718 481 828 508 ἑκατον-

38 530 99 556 τάσι
112 529 183 565 πρὸς
197 527 331 563 ἑξήκοντα
348 527 395 554 καὶ
422 526 453 559 ἓξ
477 527 630 562 μαστίγων,
646 524 706 554 εἶτα
725 528 784 562 μετ’
796 527 828 554 οὐ

40 575 116 607 mlh,
130 574 172 606 δὶς
184 573 233 600 δύο
247 572 574 608 ἐκατοντάσιβουνεύρων
587 573 634 600 ἀπὶ
647 573 702 599 τῶν
715 573 808 601 νώτων
819 581 826 589 '

39 621 73 653 ὥς
81 620 230 655 ὸγενναῖός
243 628 276 654 γε
284 619 513 655 ἁρχιεπίσκοπος,
525 619 627 654 μᾶλλον
641 619 671 646 δὲ
686 619 828 655 ἀλλοτριο-

40 667 189 697 επίσκοπος
209 664 427 700 Θεσσαλονίκης,
449 665 497 691 καὶ
516 665 548 691 οὐ
566 664 622 691 τῶν
636 664 772 699 ἁγελαίων
785 674 827 691 τι-

40 712 80 746 va,
89 712 159 738 ἀλλὰ
171 710 339 747 μονάζοντα,
353 712 401 738 καὶ
415 711 511 738 τοῦτον
518 711 682 746 ἡγούμενον,
692 712 741 738 καὶ
756 711 830 746 μάλα

39 758 81 784 τὸν
92 757 303 789 εὐλαϐεστατον,
320 756 440 792 τοῦνομα
462 756 611 792 Εὺθύμιον,
621 756 668 784 τὸν
689 757 738 792 τῆς
748 757 827 790 εὐθυ-

41 804 104 838 μίας
119 803 207 835 ὅντως
220 802 384 838 φερώνυμον
397 811 405 835 ;
426 802 539 837 Ἐξέστη
553 803 600 829 ἐπὶ
614 803 702 838 τούτῳ
720 803 734 829 ὁ
748 803 830 839 οὐρα-

40 849 97 880 νός·
116 849 167 875 καὶ
183 847 283 883 ἔφριξα
292 848 348 882 ἐγὼ
361 849 375 874 ό
389 848 473 880 τάλας
486 857 493 864 ·
509 847 587 882 οἶμαι
602 848 632 875 δὲ
651 849 700 876 καὶ
718 849 774 880 πᾶς
785 857 827 880 τις

40 891 90 918 τῶν
105 890 261 927 ἀνθρώπων
275 891 325 926 τὴν
339 892 457 927 φυσικὴν
468 892 627 928 ἡμερότητα
640 901 670 920 τε
682 893 730 920 καὶ
749 893 828 929 ἐλεη-

42 937 159 971 μοσύνην
174 937 255 972 ἔχων,
272 939 320 965 καὶ
333 937 453 965 ἀκούων.
476 939 525 970 Ὃς
536 939 578 971 είς
601 938 687 966 τύπον
705 939 827 975 Χριστοῦ

39 982 153 1016 ὀφείλων
168 982 286 1016 κεῖσθαι,
303 984 350 1011 καὶ
377 984 547 1020 τυπτόμενος
573 984 611 1020 μὴ
633 985 826 1020 ἀντιτύπτεινι,

40 1029 83 1055 καὶ
96 1028 151 1055 τῶν
162 1029 268 1064 θηρίων
282 1029 422 1066 ὠμότερος
447 1031 559 1065 γέγονεν
568 1051 576 1064 ,
590 1031 622 1058 οὔ
640 1032 669 1058 τί
684 1040 736 1059 που
756 1032 828 1067 ῐχνος

39 1074 234 1109 Χριστιανικὸν
250 1075 353 1110 φέρων,
367 1075 469 1102 πολλοῦ
481 1084 513 1110 γε
526 1077 614 1103 εἰπεῖν
624 1077 791 1111 ίεραρχικόν.

66 1120 122 1147 Καὶ
133 1120 205 1155 ὑπὲρ
215 1120 288 1151 τινος
297 1121 311 1147 ὁ
324 1120 429 1156 δαρμός
436 1129 443 1153 ;
451 1121 494 1148 ἵνα
499 1121 545 1148 τὸν
553 1121 600 1148 τοῦ
609 1122 729 1156 Χριστοῦ
742 1122 828 1157 ἀθλη-

37 1165 85 1200 τὴν
97 1165 185 1201 πείσῃ
197 1165 345 1193 συνθέσθαι
361 1166 511 1202 ἀναφέρειν
528 1166 610 1193 αὐτὸν
627 1167 665 1198 ὡς
683 1168 826 1203 ἱεράρχην.

43 1211 112 1238 Ἀλλ’
121 1212 145 1238 ὣ
155 1212 206 1247 τῆς
218 1212 409 1247 γενναιότητος
415 1213 462 1238 καὶ
473 1212 670 1249 κραταιότητος
677 1212 724 1238 τοῦ
740 1213 828 1248 μάκα-

38 1265 84 1292 ρος
96 1258 104 1284 l
118 1256 200 1284 οὕτω
212 1257 268 1293 γὰρ
282 1257 386 1284 δίκαιον
401 1259 503 1284 εἰπεῖν·
521 1256 564 1283 ὅτι
581 1259 628 1285 καὶ
642 1258 711 1293 μετὰ
727 1259 827 1287 τοσαύ-

35 1311 85 1334 τας
95 1302 206 1338 πληγὰς
211 1304 259 1330 καὶ
269 1303 386 1338 αἵματος
392 1303 471 1338 ἁγίου
483 1304 572 1340 ῥύσιν,
587 1305 626 1336 ὡς
640 1305 827 1340 φοινισσεσθαι

36 1349 69 1374 1'1
79 1348 211 1383 πέλματα
227 1348 282 1375 τῶν
297 1349 387 1376 ποδῶν
412 1349 467 1376 τῶν
485 1351 575 1377 ἐκεῖσε
607 1351 761 1387 παρόντων,
780 1353 829 1379 καὶ

35 1393 120 1420 οἱονεὶ
137 1393 346 1428 πηλοποιείσθαι
372 1394 404 1421 τδ
430 1395 585 1431 πορφύρεον
600 1397 719 1432 κονίαμα
734 1398 775 1429 είς
789 1399 828 1424 οἱ-

37 1439 158 1474 κοδομὴν
182 1439 233 1473 τῆς
254 1439 303 1466 τοῦ
325 1440 394 1467 Θεοῦ
414 1440 602 1476 Ἑκκλησίας·
632 1442 760 1478 κείμενος
776 1443 827 1479 ἠδη

38 1485 126 1520 βραχὺ
140 1484 243 1517 ἄπνους
252 1485 425 1520 καὶᾶφωνος,
441 1487 489 1513 καὶ
506 1487 656 1523 ἐρωτηθεὶς
671 1487 747 1524 παρὰ
773 1488 828 1516 τῶν

876 209 1068 244 colophonem.
1083 207 1150 240 Quis
1167 213 1287 241 unquam
1302 205 1370 233 adeo
1392 205 1485 240 iniqua
1511 208 1539 232 et
1553 205 1670 232 absurda

877 256 1050 284 Christianus
1073 254 1190 286 audivit,
1209 261 1241 281 ac
1263 257 1340 289 gesta
1360 256 1426 280 sunt
1443 259 1459 279 α
1473 251 1587 279 nefariis
1602 250 1671 278 Moe-

876 302 995 333 chianis.
1017 301 1129 329 nomine
1145 299 1296 335 episcopis,
1321 306 1351 326 re
1368 303 1460 325 autem
1475 297 1616 332 sacrilegis
1636 304 1669 324 cx

877 347 952 376 omni
977 347 1165 382 apostolorum
1187 351 1216 374 et
1238 345 1350 373 Patrum
1371 343 1539 376 testimonio,
1561 343 1669 370 etiamsi

878 393 1004 421 haeresim
1024 392 1164 428 excipias?
1189 391 1334 419 Hominem
1357 390 1508 418 verberans
1528 389 1590 423 quis
1615 396 1670 415 un-

877 446 958 473 quam
979 438 1019 465 sic
1033 437 1132 466 cecidit
1146 446 1153 464 :
1167 444 1222 464 non
1243 435 1399 464 Christiana
1419 435 1481 462 dico
1496 441 1604 464 manus.
1621 433 1669 461 sed

877 483 960 511 etiam
974 483 1131 516 barbarica;
1154 482 1196 509 bis
1218 486 1330 509 centum
1345 480 1486 516 sexaginta
1507 487 1556 507 sex
1572 478 1670 506 verbe-

878 537 950 559 rum.
973 536 1007 556 ac
1027 535 1083 556 non
1111 527 1197 555 multo
1223 532 1296 561 post,
1323 525 1367 553 bis
1395 525 1520 553 ducentis
1545 524 1670 551 boiarum

878 575 979 603 ictibus
992 574 1020 602 in
1031 574 1161 602 humeros
1178 572 1305 600 inflictis?
1320 576 1358 599 ut.
1370 578 1519 607 generosus
1535 569 1669 602 archiepi-

877 611 988 655 scopus,
1012 628 1061 648 seu
1083 619 1174 655 potius
1194 618 1435 653 allotriepiscopus
1455 615 1669 647 Thessalonicae.

877 674 934 694 non
948 667 1103 702 gregarium
1113 665 1282 701 quempiam,
1299 665 1348 692 sed
1360 663 1538 695 monachum,
1552 669 1670 700 eumque

878 712 1068 747 praepositum,
1098 716 1126 738 et
1147 711 1260 746 quidem
1287 708 1535 745 religiosissimum,
1566 706 1670 742 Euthy—

878 758 976 789 mium,
991 757 1081 785 securi
1092 757 1213 791 rectique
1224 755 1320 788 animi,
1332 762 1428 783 revera
1441 753 1546 781 nomini
1556 760 1671 788 respon-

877 803 1007 832 dentem?
1032 802 1149 838 Expavit
1169 803 1269 830 cuelum
1293 802 1347 829 hoc
1372 799 1529 835 spectaculo
1546 807 1553 825 :
1570 802 1598 826 et
1620 805 1671 833 ego

877 850 963 878 miser
974 849 1091 877 audiens
1106 848 1247 881 inhorrui;
1263 852 1292 875 et
1311 853 1432 878 mecum,
1447 845 1558 880 opinor.
1574 851 1671 872 omnes

877 895 978 931 quibus
997 894 1097 929 aliquis
1121 901 1218 921 sensus
1239 897 1282 921 est
1301 890 1481 920 humanitatis
1511 895 1540 918 et
1565 889 1671 917 miseri-

878 940 991 968 cordiae.
1007 938 1095 972 Quem
1109 938 1143 966 ad
1157 937 1260 966 Christi
1273 931 1432 969 exemplum
1445 934 1573 969 componi
1588 941 1671 968 Opor—

879 986 965 1019 tebat,
980 989 1009 1013 et
1024 992 1187 1020 percussum
1202 991 1259 1011 non
1277 985 1472 1017 repercutere;
1489 980 1513 1008 is
1525 979 1671 1007 immanior

879 1032 945 1059 feris
959 1030 1080 1059 exstitit:
1091 1029 1197 1057 nullum
1213 1027 1362 1056 Christiani
1378 1025 1523 1061 vestigium
1536 1024 1670 1056 retinens.

879 1078 981 1106 nedum
994 1076 1128 1112 episcopi.

913 1124 947 1152 Et
961 1125 1139 1159 quamobrem
1163 1124 1221 1150 haec
1239 1121 1397 1150 dilaniatioi
1409 1120 1446 1149 Ut
1459 1119 1563 1149 Christi
1582 1119 1670 1148 athle-

878 1175 934 1197 tam
953 1178 987 1198 eo
1008 1170 1144 1205 impellat,
1160 1174 1190 1197 ut
1210 1169 1300 1205 ipsum
1324 1171 1524 1196 commemoret
1540 1171 1669 1201 tanquam

878 1215 1050 1252 episcopum.
1067 1215 1133 1248 Sed,
1154 1223 1170 1243 o
1187 1215 1285 1242 fortem
1297 1218 1381 1248 atque
1397 1212 1531 1240 invictum
1545 1211 1669 1239 animum

878 1262 967 1290 beati!
998 1263 1039 1290 sic
1063 1261 1137 1290 enim
1163 1261 1237 1296 loqui
1261 1267 1370 1295 aequum
1386 1263 1428 1287 est
1443 1266 1449 1285 :
1464 1258 1530 1293 quia
1548 1262 1609 1292 post
1631 1262 1671 1284 tot

879 1307 971 1344 plagas
986 1310 1146 1342 tantamque
1164 1306 1271 1342 profusi
1291 1305 1364 1333 sacri
1388 1303 1529 1340 sanguinis
1552 1302 1669 1338 copiam,

879 1358 910 1381 ut
934 1353 1104 1389 tingerentur
1134 1352 1283 1380 astantium
1311 1350 1437 1386 vestigia,
1465 1353 1495 1377 et
1517 1349 1546 1377 in
1576 1348 1671 1375 limum

878 1397 1080 1433 quodammodo
1091 1399 1282 1425 concresceret
1295 1403 1451 1431 purpureus
1469 1394 1515 1422 ille
1531 1393 1622 1429 pulvis
1636 1393 1670 1421 ad

878 1443 1088 1471 aedificationem
1106 1442 1236 1470 Ecclesiae
1249 1441 1315 1475 Dei;
1340 1448 1404 1469 cum
1419 1441 1459 1468 sic
1476 1440 1582 1475 iaceret
1600 1447 1672 1474 pene

879 1489 1013 1516 exanimis
1027 1493 1055 1516 et
1068 1488 1196 1524 elinguis,
1212 1488 1400 1522 instarentque
1414 1490 1533 1514 tortores
1546 1489 1577 1513 ut
1592 1493 1671 1513 com-

38 1530 181 1557 κολαστῶν
198 1531 381 1566 μνημονεύειν
394 1533 441 1560 τὸν
456 1533 589 1567 τύραννόν
603 1542 686 1569 φημι,
707 1534 766 1560 ἀλλ’
779 1534 827 1560 οὐκ

881 1539 1043 1562 memoraret
1073 1539 1217 1568 tyrannum
1241 1532 1369 1565 dixerim,
1397 1539 1453 1560 non
1481 1531 1672 1566 archiepisco-

36 1576 256 1612 ἀρχιεπισκοπον
267 1585 274 1592 '
292 1578 341 1611 οὐ,
365 1579 448 1613 φησὶν
459 1580 473 1605 ό
488 1579 624 1615 μακάριος
636 1588 643 1595 ·
659 1581 730 1607 οὕτω
746 1579 827 1616 μέχρι

880 1589 961 1618 pum;
977 1581 1102 1615 minime,
1114 1581 1152 1608 ait
1168 1581 1266 1608 beatus
1281 1590 1287 1608 ι
1303 1587 1336 1607 eo
1346 1578 1429 1606 modo
1440 1585 1526 1613 prope
1537 1585 1623 1613 usque
1638 1578 1672 1604 ad

38 1622 157 1649 θανάτου
175 1623 269 1658 σχεδὸν
283 1623 315 1649 οὐ
330 1624 511 1661 παρατρέψας
525 1625 572 1652 τὸν
587 1625 649 1652 νοῦν
660 1634 667 1641 ο
682 1626 712 1652 οὺ
728 1635 830 1662 παρεκ-

881 1631 997 1655 mortem
1015 1634 1192 1662 perseverans
1208 1625 1342 1653 immobili
1363 1625 1456 1652 animo
1472 1623 1580 1659 iixoque
1594 1623 1621 1650 in
1639 1623 1673 1651 iis

38 1666 133 1698 κλίνας
146 1675 173 1693 τι
185 1667 239 1693 τῶν
250 1667 400 1703 ὀρθοδόξως
412 1669 593 1704 ἐγνωσμένων
616 1671 701 1706 αὐτῷ.
724 1671 827 1708 Μικροῠ

881 1680 942 1707 qua:
960 1677 1035 1700 recte
1050 1672 1134 1699 semel
1157 1672 1326 1699 decreverat.
1344 1671 1419 1698 Pene
1437 1670 1584 1698 omiseram
1600 1670 1672 1704 quod

38 1711 69 1746 δὴ
85 1711 250 1747 παρέδραμέ
268 1721 302 1748 με
316 1713 463 1748 ἀναγκαῖόν
476 1723 519 1741 τι·
535 1715 577 1741 ὅτι
594 1715 642 1742 καὶ
655 1717 669 1742 ὁ
695 1716 759 1748 ναὸς
782 1717 827 1744 τοῦ

882 1718 909 1745 in
924 1718 1019 1754 primis
1033 1717 1239 1746 observandum
1259 1726 1265 1744 :
1280 1717 1413 1752 templum
1428 1716 1518 1751 ipsum
1534 1716 1582 1743 Dei
1603 1723 1673 1751 prie-

37 1757 106 1784 Θεοῦ
137 1758 308 1793 πραιτώριον
335 1760 432 1794 γέγονε
450 1757 614 1788 Πιλατικόν.
644 1762 749 1789 Ἐκεῖσε
776 1763 827 1799 γὰρ

882 1764 982 1791 torium
996 1763 1096 1791 factum
1110 1763 1195 1791 fuisse
1216 1763 1360 1791 Pilaticum
1373 1771 1380 1789 :
1395 1762 1432 1790 ibi
1448 1762 1534 1794 enim,
1551 1762 1604 1789 hoc
1619 1766 1672 1794 est.

36 1803 118 1839 ἔφης,
139 1804 199 1838 ἢτοι
213 1805 253 1836 είς
263 1804 309 1831 τὸν
323 1805 470 1839 λεγόμενον
486 1805 534 1832 τοῦ
557 1806 742 1843 Ἀρχαγγέλου
759 1807 827 1844 ἱερὸν

882 1809 910 1837 in
930 1817 1007 1837 sacra
1026 1817 1107 1845 quam
1122 1813 1222 1837 vocant
1236 1808 1398 1845 Archangeli
1413 1808 1483 1842 aede,
1497 1809 1672 1836 verberatum

36 1849 120 1884 δόμον
137 1848 273 1884 τετύφθαι
298 1849 345 1877 τὸν
361 1852 504 1887 μάρτυρα·
522 1852 552 1879 ὃν
569 1853 593 1878 οἱ
615 1852 666 1888 μὲν
681 1853 827 1887 μτίθασσοι

882 1859 1029 1890 martyrem
1053 1854 1140 1882 fuisse
1166 1855 1218 1887 ais.
1243 1862 1325 1889 quem
1352 1853 1539 1889 implacabiles
1564 1853 1674 1889 quidem

35 1895 156 1930 τιμωροὶ
168 1894 263 1922 εἴασαν
276 1896 406 1932 ἡμιθανῆ·
419 1897 461 1928 τὶς
469 1897 498 1924 δὲ
506 1897 728 1934 Χριστομίμητος
740 1899 827 1925 λαὸὼν

882 1901 1025 1929 carniﬁces
1049 1901 1256 1929 scmimortuum
1278 1901 1468 1936 reliquerunt:
1484 1899 1585 1928 Christi
1610 1907 1675 1927 vero

37 1941 84 1966 ἐπὶ
98 1941 147 1966 τὸν
163 1940 230 1967 ἴδιον
248 1937 339 1968 οἷκον·
362 1942 410 1970 καὶ
426 1943 487 1975 ταῖς
509 1943 695 1979 ἀμοῤῥαγίαις
720 1945 767 1972 καὶ
788 1945 827 1979 ξε-

883 1947 1005 1974 imitator
1018 1947 1129 1982 quidem
1143 1946 1171 1973 in
1189 1947 1300 1974 domum
1314 1953 1391 1974 suam
1405 1953 1468 1973 eum
1486 1946 1590 1982 recepit
1602 1955 1608 1972 :
1624 1946 1674 1972 ad-

38 1986 224 2021 σμοσαρκὶαις
245 1988 425 2022 προσπλάσας
440 1988 536 2016 κώδιον
551 1989 634 2025 ἀρνοῦ
645 1990 827 2026 ἀρτισφαγοῦς

884 1999 1013 2028 motaque
1041 1993 1075 2020 ad
1100 1991 1245 2020 detinentis
1272 1992 1378 2019 cruoris
1403 1992 1554 2027 laceraeque
1583 1991 1674 2019 carnis

36 2033 220 2069 ἐζωοπύρησε
243 2034 290 2061 τὸν
311 2034 413 2069 ἄνδρα·
433 2034 532 2070 μικρὸν
553 2034 581 2061 δὲ
597 2037 645 2062 καὶ
660 2036 731 2063 κατὰ
745 2036 827 2072 βραχὶ

883 2039 976 2075 plagas
1001 2046 1098 2066 recens
1112 2037 1228 2073 jugulati
1248 2037 1311 2074 agni
1327 2037 1465 2073 pellicula,
1484 2038 1574 2065 virum
1599 2037 1673 2066 refo-

36 2079 224 2116 ὰνσρῤώσας,
248 2079 424 2113 ὲξαπέστειλε
448 2079 536 2116 λάθρα
563 2080 606 2108 διὰ
623 2081 672 2116 τὴν
696 2081 827 2108 καλοῦσαι

884 2085 1006 2118 cillavit;
1023 2084 1180 2118 viribusque
1192 2083 1322 2119 paulatim
1336 2083 1505 2111 continuatis
1518 2084 1588 2111 clam
1605 2084 1675 2111 emi-

35 2125 168 2160 ἐντολήν·
182 2125 351 2160 πεφευγότος
376 2124 425 2152 τοῦ
455 2125 582 2157 θανέντος
598 2126 651 2162 ἢδη
671 2126 719 2153 καὶ
740 2135 831 2163 παρα-

35 2171 123 2202 δόξως
136 2170 329 2206 ὲξεγερθέντος
343 2171 384 2203 εἰς
394 2171 495 2206 στήλην
503 2171 659 2207 ὀρθοδοξίας
672 2173 720 2199 καὶ
735 2173 834 2208 θρίαμ-

36 2215 86 2242 εον
97 2216 155 2243 τῶν
171 2215 338 2248 κακοδόξων.
352 2215 386 2242 Τί
405 2216 510 2243 τούτων
529 2216 781 2251 ἀσεϐέστερον;τίς
801 2217 830 2244 δὲ

36 2262 118 2297 παρὰ
130 2261 279 2296 ὀρθοδόξων
290 2262 331 2294 εἰς
352 2262 494 2297 αἱρετικὸν
525 2262 638 2290 τοιαῦτα
665 2263 808 2299 πέπρακεν
821 2273 829 2296 ;

44 2307 116 2333 Ἀλλ’
130 2307 175 2335 ἵνα
185 2308 255 2343 φανῇ
265 2307 414 2335 κάντεῦθεν
425 2308 513 2335 αὐτῶν
525 2309 606 2344 ἡλίκη
618 2309 634 2344 ἡ
650 2309 764 2336 ἀσέϐεια
775 2309 831 2336 τῶν

36 2353 354 2388 Μοιχειανιζόντων,κα“ι
366 2353 409 2386 τῖς
417 2354 489 2386 τίνος
502 2353 638 2390 μαθητὴς,
649 2355 767 2390 Χριστοῦ
783 2356 833 2390 μὲν

36 2399 54 2424 ὁ
67 2399 238 2434 τυπτόμενος
250 2398 310 2425 κατ’
329 2398 411 2425 αὑτὸν
427 2399 476 2426 καὶ
498 2399 600 2434 φέρων,
628 2400 753 2428 διαϐόλου
774 2401 804 2428 δὲ
817 2401 832 2428 ὁ

34 2445 162 2472 τύπτων.
173 2444 252 2472 Οὕτω
268 2445 399 2480 ίεράρχης
413 2445 461 2472 καὶ
474 2444 551 2472 ἐνθεν
561 2446 687 2480 ἐκφοϐεῖν
703 2446 834 2482 βουλόμε-

36 2499 95 2523 νος,
107 2491 158 2517 καὶ
173 2490 289 2517 ἐκδικῶν
304 2490 339 2517 τὰ
362 2490 423 2517 κατ’
440 2490 532 2518 αὐτόν.
550 2487 588 2518 οὗ
603 2491 769 2527 ρυσθιίημεν
782 2493 832 2527 τῆς

40 2536 165 2571 μερίδος,
182 2535 291 2569 ὰδελφὲ,
307 2535 355 2562 τοῦ
369 2535 399 2562 δὲ
423 2535 534 2572 πρώτου
562 2536 658 2572 εἴημεν
686 2538 735 2564 σὺν
747 2538 831 2565 πᾶσιν

38 2580 182 2607 εὖσεδέσι.
192 2580 247 2606 Καὶ
261 2580 311 2614 ibe,
333 2580 432 2616 Κύριε,
448 2581 546 2616 Κύριε,
565 2581 616 2617 τὴν
630 2582 751 2609 κάκωσιν
764 2583 830 2610 ταύ-

36 2634 100 2659 την,
113 2625 164 2653 καὶ⁵
178 2627 271 2659 φείσαι
286 2625 333 2652 τοῦ
347 2625 413 2653 λαοῦ
433 2634 481 2653 σου
493 2635 501 2643 ·
519 2627 695 2662 πρυτανέυων
715 2628 830 2664 εἰρήνην

37 2670 201 2706 ὁρθοδοξίας
214 2673 248 2707 τῇ
261 2672 321 2699 καθ’
336 2673 412 2707 ἡμᾶς
426 2672 584 2708 Ἐκκλησία.
597 2673 681 2700 οὐδὲν
695 2673 750 2709 γὰρ
764 2675 831 2709 ἡμῖν

38 2716 132 2751 λέγειν
145 2717 211 2745 ἄλλο
228 2717 295 2753 πρὸς
306 2719 341 2745 τὰ
357 2718 480 2753 παρόντα
493 2726 499 2733 ’
525 2718 595 2753 μετὰ
615 2719 662 2745 τοῦ
683 2721 728 2746 καὶ
743 2720 830 2746 πάντα

37 2763 137 2798 φέρειν
155 2763 229 2798 ρᾴως
242 2764 313 2799 ὑπὲρ
325 2764 372 2790 τοῦ
384 2764 518 2799 ὀνόματος
534 2765 628 2792 αὑτοῦ.

199 2855 334 2886 Panos.
358 2856 417 2885 Gs.
440 2854 544 2885 XCIX.

884 2130 930 2163 sit,
945 2133 1078 2158 evocante
1102 2129 1240 2157 mandato.
1261 2128 1300 2156 Ita
1314 2129 1402 2157 evasit
1415 2129 1462 2164 qui
1480 2129 1535 2164 jam
1550 2135 1673 2157 mortuus

885 2182 954 2208 erat,
981 2179 1010 2203 et
1035 2174 1198 2202 mirabiliter
1230 2174 1329 2202 revixit
1357 2174 1392 2202 ad
1422 2175 1582 2203 orthodoxa:
1611 2175 1672 2203 fidci

885 2220 1040 2255 praesidium
1065 2219 1289 2255 triumphumque
1310 2219 1345 2247 de
1367 2219 1514 2248 haereticis.
1534 2220 1607 2253 Quid
1630 2221 1674 2247 his

886 2265 998 2300 impium
1026 2265 1111 2301 magis
1138 2272 1200 2293 esse
1226 2265 1333 2300 possit?
1354 2265 1422 2299 Quis
1448 2266 1620 2294 orthodoxus
1646 2267 1673 2294 in

886 2311 1047 2338 haereticum
1059 2310 1122 2338 talia
1141 2318 1259 2346 unquam
1273 2311 1414 2339 exercuit?
1427 2311 1481 2339 Sed
1495 2316 1526 2339 ut
1546 2312 1611 2340 hinc
1624 2319 1674 2347 ap-

886 2360 994 2392 pareret
1005 2359 1105 2391 quanta
1125 2355 1160 2383 sit
1180 2355 1396 2385 Moechianorum
1412 2356 1549 2392 impietas,
1572 2361 1600 2385 et
1612 2357 1675 2391 quis

883 2402 963 2437 cujus
981 2400 1019 2428 sit
1034 2400 1206 2436 discipulus:
1221 2400 1323 2428 Christi
1346 2401 1476 2429 nimirum
1499 2401 1521 2429 is
1542 2402 1588 2438 qui
1611 2409 1675 2431 ver-

884 2446 961 2478 hera,
988 2450 1018 2473 ut
1039 2445 1175 2479 Christus,
1195 2446 1317 2481 pertulit,
1340 2446 1440 2475 diaboli
1463 2451 1554 2475 autem
1580 2448 1603 2476 is
1626 2449 1674 2483 qui

885 2491 1049 2519 verberavit.
1067 2490 1113 2518 Sic
1125 2491 1268 2526 episcopos
1280 2491 1344 2519 inde
1355 2492 1438 2520 etiam
1452 2496 1591 2520 exterrere
1605 2495 1674 2527 vult,

882 2543 968 2571 seque
987 2536 1077 2571 ipsum
1093 2535 1198 2563 ulcisci.
1217 2536 1282 2570 Ejus
1298 2540 1391 2571 partes
1412 2535 1558 2571 fugiamus.
1578 2535 1674 2568 frater.
1699 2541 1704 2544 '

882 2581 968 2616 priori
991 2589 1053 2608 cum
1082 2580 1211 2608 omnibus
1241 2580 1294 2614 piis
1322 2581 1505 2609 adluerentes.
1534 2579 1568 2607 Et
1600 2575 1691 2613 vide,’

883 2628 1007 2660 Domine,
1023 2627 1148 2661 Domine,
1170 2627 1344 2655 vexationem
1366 2628 1457 2660 istam,
1480 2633 1509 2655 et
1531 2635 1613 2663 parce
1625 2619 1690 2663 po-'

883 2674 947 2710 pulo
961 2679 1008 2702 tuo
1023 2682 1030 2700 :
1047 2677 1130 2702 rectae
1144 2673 1206 2702 ﬁdei
1224 2681 1319 2709 pacem
1335 2673 1366 2701 in
1387 2673 1512 2702 Ecclesia
1528 2681 1588 2709 quae
1603 2675 1675 2709 apud

883 2727 934 2747 nos
954 2726 994 2747 est
1016 2720 1065 2754 pro
1089 2723 1135 2747 tua
1154 2724 1289 2755 potestate
1311 2719 1487 2747 confirmans.
1504 2719 1579 2747 Nihil
1601 2719 1674 2747 enim

881 2766 955 2794 aliud
965 2766 1056 2794 dicere
1073 2773 1219 2800 possumus
1233 2766 1307 2793 circa
1319 2772 1351 2793 ea
1362 2773 1422 2800 qua:
1431 2765 1604 2801 impendent,
1618 2766 1672 2792 nisi

883 2810 957 2844 quod
983 2809 1074 2838 omnia
1086 2809 1204 2838 libenter
1214 2818 1264 2845 pro
1279 2810 1339 2845 ejus
1353 2810 1463 2838 nomine
1479 2809 1660 2844 perferemus.

1449 2856 1486 2886 35
