1926 3078
254 100 318 132 109')

845 102 875 132 S.
897 102 948 131 TII
955 101 1097 132 EODORI"
1112 102 1284 133 STUDITxE

1816 102 1883 134 1100

285 156 325 182 ‘l‘u
348 162 424 187 vero,
447 155 494 188 ﬁli,
513 154 683 187 charissima,
711 155 818 182 tametsi
840 156 904 183 alibi
922 157 1042 184 custodi-

1129 158 1165 183 Σὺ
1178 157 1218 195 ἑὲ,
1228 155 1250 184 ὦ
1265 158 1361 185 τέκνον
1378 166 1429 193 μου
1437 157 1624 193 ἠγαπημένον,
1639 157 1664 184 εί
1676 157 1723 184 καὶ
1737 166 1884 193 μετεφρουο

251 201 299 233 ris,
330 205 360 228 ut
389 201 507 233 indicas.
537 201 723 236 gaudezquia
749 201 840 236 plures
866 201 913 228 tibi
937 209 1045 229 coronte

252 251 393 275 texuntur.
411 246 445 273 Et
458 254 615 281 quanquam
629 246 760 274 Leontius
773 246 923 281 discipulus
935 247 999 274 olim
1010 248 1044 278 7°,

251 300 327 320 nunc
341 297 465 327 negator,
484 292 537 319 illis
554 293 647 328 praesit
662 292 740 326 locis,
764 293 791 319 in
807 293 908 327 quibus
923 293 1046 321 inclusus

253 339 372 371 teneris;
388 340 457 366 nihil
472 340 574 367 mirere
591 348 598 367 :
614 340 666 367 hoc
681 340 755 367 enim
770 344 879 374 tempus
896 344 937 367 est
951 339 1045 375 longa-

253 385 387 413 nimitatis
413 385 471 418 Dei,
502 391 532 413 ut
556 390 756 421 cognoscantur
785 385 875 418 electi,
899 390 926 413 et
952 391 1047 421 regnet

254 431 327 459 [ilius
342 431 441 459 Tabeel
460 433 489 458 in
504 431 645 459 Bethleem
656 431 689 458 ".
705 432 744 459 De
762 439 796 459 eo
810 436 903 459 autem
918 431 964 466 qui
979 439 1047 459 con-

255 478 345 505 fessus
361 481 403 505 cst
415 482 443 505 et
456 485 565 513 poenam
581 478 740 512 postulavit,
757 482 832 507 recte
845 478 963 513 irrogata
981 482 1024 505 est
1039 486 1045 504 :

256 521 361 557 tibique
377 523 525 555 assentior,
544 524 590 558 qui
606 523 707 551 dixeris
729 524 764 556 ei,
783 524 806 550 si
827 524 896 550 nolit
912 524 948 551 ob
961 524 1048 551 inter-

256 568 343 595 fectos
359 568 453 596 hostes
465 576 575 604 pmnam
589 570 693 601 subire,
711 577 764 597 nec
776 570 810 597 ab
822 570 971 597 occidendo
985 570 1047 597 abs-

256 614 343 641 tineat
363 622 369 640 :
387 619 414 641 et
431 622 482 641 nos
502 615 612 649 quidem
630 619 707 650 extra
733 615 868 650 judicium
889 623 993 643 sumus.
1018 615 1047 642 Si

257 668 324 688 vero
340 659 471 688 Ecclesia:
486 661 639 688 eanonibus
662 661 742 688 subdi
759 662 845 694 malit,
870 662 986 688 duorum
1008 661 1048 688 al-

258 711 347 733 terum
366 706 415 741 ipsi
434 706 589 741 eligendum
613 711 669 740 est;
694 711 724 734 ut
745 713 791 734 aut
816 707 896 734 laude
916 706 1049 733 alliciatur

257 753 329 785 quod
345 751 527 784 interfecerit,
539 757 587 779 aut
606 753 665 779 sine
685 759 765 787 paena
781 759 837 779 non
857 756 977 780 maneat.
993 751 1048 778 Ne-

258 805 312 832 qnc
328 801 418 823 tamen
437 796 538 823 idcirco
551 797 628 831 prius
645 797 845 831 repudiandum
859 801 910 828 est,
923 796 1048 823 laudibus

261 843 334 870 enim
349 842 422 876 digni
437 845 510 872 sunt,
527 846 558 868 ut.
568 842 606 868 ait
616 842 724 869 divinus
736 842 815 869 Pater
827 852 834 869 :
845 842 892 869 sed
906 842 1047 869 subeunda

259 893 302 915 est
312 888 395 915 etiam
408 887 461 914 illis
471 895 552 922 poena
565 896 572 914 :
582 888 801 922 quandoquidem
813 892 841 914 et
851 887 897 914 Dei
911 890 1049 922 spectator

259 934 323 960 olim
342 933 436 960 Moses
455 937 637 960 revertentem
651 940 666 960 a
679 933 751 960 bello
763 933 972 960 Madianitarum
985 940 1048 960 cum

259 980 373 1008 victoria
411 979 542 1014 populum
573 979 654 1006 Israel
685 983 791 1014 septem
825 979 921 1006 diebus
951 979 1049 1006 castris

259 1026 387 1058 exclusit,
402 1033 417 1052 a
431 1026 485 1052 lico
500 1025 573 1052 haud
587 1025 670 1052 dubie
688 1029 839 1060 permotus,
859 1025 898 1052 sic
913 1024 1028 1059 loquens
1041 1033 1047 1051 :

259 1071 350 1099 Omnis
364 1071 409 1106 qui
431 1071 555 1097 occiderit
575 1071 717 1101 hominem,
738 1070 778 1097 vel
790 1071 904 1097 occisum
925 1070 1049 1105 tetigerit,

261 1117 417 1143 [mirabitur
433 1116 476 1142 die
494 1115 571 1142 tertio
595 1119 620 1142 et
641 1115 763 1149 septimo,
785 1123 830 1141 vos
847 1119 873 1141 et
893 1115 984 1148 prreda
1004 1122 1050 1142 oe—

259 1166 316 1188 τινα
328 1161 362 1187 τ’.
383 1160 461 1187 Unde
482 1159 618 1186 excitatus
637 1167 697 1186 mea
711 1159 820 1194 quidem
841 1159 977 1186 sententia
990 1165 1050 1185 ma-

262 1215 333 1242 gnus
349 1206 510 1237 Basilius“,
530 1206 572 1233 vel
586 1206 676 1240 potius
690 1213 705 1232 a
727 1206 781 1232 Deo
801 1204 918 1237 adlatus,
939 1204 1050 1232 triennii

261 1259 372 1287 poenam
403 1251 516 1286 irrogat,
540 1255 568 1278 et
595 1251 675 1278 docet
700 1250 932 1285 quemadmodum
957 1250 981 1277 is
1004 1250 1051 1284 qui

262 1299 366 1333 irrogat
378 1296 529 1331 dispenset.
543 1295 711 1332 Contingens
724 1296 826 1331 quippe
841 1299 869 1323 et
882 1303 937 1323 non
953 1303 1051 1323 neces-

262 1344 345 1375 saria,
362 1350 411 1376 pro
428 1342 468 1369 rei
486 1342 618 1377 subjecta:
634 1342 725 1374 modo,
743 1341 837 1369 talium
851 1341 982 1376 irrogatio
998 1345 1049 1368 est.

263 1388 331 1416 Vale
353 1388 381 1415 in
411 1388 538 1420 Domino,
564 1387 602 1414 illi
630 1388 667 1414 mi
696 1387 897 1420 desiderabilis,
930 1394 980 1422 pro
1007 1393 1052 1413 me

262 1439 408 1469 peccatore
431 1433 595 1468 deprecans,
615 1438 642 1461 et
664 1441 714 1468 pro
727 1441 759 1461 eo
774 1433 821 1468 qui
837 1439 863 1461 te
883 1441 937 1460 una
953 1433 1053 1460 salutat

263 1481 363 1508 dilecto
375 1480 430 1508 lilio
444 1488 516 1514 meo,
535 1480 620 1508 fratre
633 1484 726 1508 autem
739 1485 797 1513 tuo,
813 1479 954 1515 Gregorio.

468 1581 524 1608 LII.
539 1596 573 1603 —
584 1581 707 1616 Philippo
720 1581 843 1608 diacono.

1097 203 1182 238 ρήθης
1199 203 1402 239 ἑτέρωθι,καΘά
1416 204 1568 239 ὲσήμανας,
1578 205 1658 239 χαῖρε
1671 211 1678 219 ·
1694 204 1735 230 ἵκει
1749 204 1774 230 οἰ
1788 205 1884 238 στέφα-

1096 249 1136 276 νοί
1152 257 1200 275 σου
1214 250 1323 281 πλείους
1350 250 1508 276 πλέκονται.
1525 249 1580 276 Καὶ
1601 250 1626 275 εί
1655 250 1702 276 καὶ
1733 249 1858 281 Λεόντιος
1871 251 1884 276 6

1096 294 1163 321 ποτὲ
1181 295 1321 330 μαθητὴς,
1344 295 1392 322 νῦν
1416 295 1444 321 δὲ
1467 295 1602 330 ἀρνητὴς,
1620 293 1815 330 ήγουμενεύσει
1830 294 1883 320 τῶν

1096 341 1126 367 ὲν
1137 339 1179 372 οἷς
1194 339 1219 368 εἷ
1232 341 1426 376 κεκλεισμένας
1436 361 1444 374 ,
1460 340 1498 376 μὴ
1518 340 1676 375 θαυμάσῃς”
1695 339 1790 375 καιρὸς
1805 341 1818 366 ὁ
1831 349 1883 366 πα-

1099 386 1153 422 ρὼν
1167 380 1361 421 μακροθυμίας
1374 385 1451 418 Θεοῦ,
1462 387 1510 412 καὶ
1525 386 1600 417 ὅπως
1612 386 1636 412 οι
1650 385 1757 420 δόκιμοι
1769 386 1883 419 φανῶσι,

1096 432 1144 459 καὶ
1158 432 1200 458 ἵνα
1213 431 1282 468 ἄρξῃ
1293 433 1308 458 ὁ
1322 432 1378 464 υίὸς
1395 431 1502 467 Ταῦεὴλ
1523 432 1572 466 τῆς
1599 431 1735 467 Βηθλεέμ.
1752 431 1819 466 Περὶ
1837 431 1884 458 τοῦ

1098 477 1329 513 ἑξαγορεύσαντος
1341 477 1387 504 καὶ
1401 477 1586 512 αἰτησαμένου
1593 477 1623 503 τὸ
1630 477 1780 512 ἐπιτίμιον,
1796 477 1884 508 καλῶς

1098 522 1225 550 δέδοται·
1243 522 1371 558 σύμφημι
1383 522 1411 549 δέ
1427 531 1468 549 σοι
1491 522 1595 549 εἰπόντι
1616 522 1701 557 αὐτῷ,
1730 523 1754 548 si
1770 522 1806 557 μὴ
1822 522 1884 548 εού-

1097 567 1170 595 λοιτο
1193 568 1416 603 ὲπιτιμιάζεσθαι
1441 569 1470 594 ὲν
1494 567 1534 603 τῷ
1556 567 1661 594 κτένειν
1677 567 1803 602 ἐχθροὺς,
1819 567 1886 602 μηδὲ

1098 614 1259 649 ἀφιστάσθω
1272 613 1321 640 τοῦ
1333 614 1439 641 κτένειιν
1451 622 1458 629 ·
1473 614 1519 640 καὶ
1531 613 1612 648 ἡμεῖς
1621 621 1654 648 γε
1670 613 1724 645 ἐξω
1741 614 1884 648 κρίματος.

1098 660 1131 686 Et
1148 660 1177 686 δὲ
1190 659 1278 686 ἒλοιτο
1292 659 1456 686 ὑποπίπτειν
1477 660 1534 691 τοῖς
1560 660 1610 694 τῆς
1630 658 1792 693 Ἐκκλησίας
1805 659 1886 684 κανό-

1099 714 1152 738 σιν,
1163 704 1194 731 ἓν
1209 706 1267 732 τοῖν
1294 704 1366 732 δυοῖν
1390 704 1500 740 αἱρετὸν
1517 705 1594 740 αὐτῷ
1604 705 1640 740 ’ἢ
1655 704 1776 731 κτενόντι
1797 705 1884 730 ἐπιτι-

1100 750 1215 786 μᾶσθαι,
1229 750 1246 786 ἢ
1262 751 1300 786 μὴ
1313 751 1405 786 μένειν
1414 750 1625 785 ἀνεπιτίμητον,
1648 751 1703 777 Καὶ
1713 749 1794 776 οὐδιά
1808 749 1886 776 τοῦτο

1098 798 1128 823 τὺ
1145 796 1252 832 πρῶτον
1280 796 1438 831 διαὸλητέον
1454 804 1462 812 ⁸
1478 797 1597 823 ἐπαίνων
1624 796 1678 831 γὰρ
1700 796 1784 829 ἄξιοι·
1805 796 1843 827 ὡς
1872 796 1886 822 ὁ

1099 842 1169 874 θεῖός
1182 850 1248 877 φησι
1257 843 1353 877 Πατήρ
1364 850 1371 857 ”
1396 843 1465 869 ἀλλὰ
1486 842 1604 877 ληπτέον
1619 843 1711 873 αὐτοῖς
1725 841 1815 868 καὶτὸ
1829 843 1885 868 ὲπι-

1098 889 1190 924 τίμιον
1203 898 1209 906 ·
1222 889 1284 916 ἐπεὶ
1295 889 1343 916 καὶ
1356 889 1441 916 πάλαι
1461 888 1567 923 Μωσῆς
1578 890 1592 915 ὀ
1609 889 1728 922 θεόπτης
1754 888 1886 923 ὑποστρέ-

1099 934 1189 969 ψαντα
1210 934 1255 960 τὸν
1288 933 1395 968 Ἰσραὴλ
1417 934 1450 960 ὲκ
1474 932 1521 959 τοῦ
1553 933 1624 959 κατὰ
1644 933 1699 960 τῶν
1715 933 1886 959 Μαδιανιτων

1100 979 1219 1014 πολέμου
1232 979 1302 1014 μετά
1315 979 1405 1014 νίκης,
1421 978 1546 1014 ἀφορίζει
1569 978 1622 1010 ἔξω
1640 979 1690 1013 τῆς
1712 978 1886 1013 παρεμϐολῆς

1100 1025 1170 1051 ἑπτὰ
1183 1026 1303 1060 ἡμέρας,
1327 1026 1360 1052 ὲκ
1384 1024 1453 1051 Θεοῦ
1466 1025 1589 1060 δηλονότι
1613 1024 1785 1060 κινούμενος,
1800 1024 1887 1058 λέγων

1099 1069 1197 1101 οὕτως·
1208 1069 1295 1103 Πᾶςό
1305 1069 1421 1097 ἀνελὼν
1437 1070 1554 1105 ψυχὴν,
1569 1069 1618 1096 καί
1643 1070 1812 1104 ἁπτόμενος
1835 1069 1888 1095 τοῦ

1100 1115 1296 1150 τετρωμένου,
1322 1115 1539 1150 ἁγνισθήσεται
1563 1114 1600 1149 τῇ
1617 1114 1711 1149 ἡμέρᾳ
1732 1114 1770 1149 τῇ
1793 1115 1887 1148 τρίτῃ,

1101 1161 1151 1188 καὶ
1163 1160 1201 1195 τῇ
1215 1161 1312 1195 ἡμέρα
1319 1160 1356 1195 τῇ
1368 1161 1490 1195 ἐϐδόμῃ,
1502 1160 1588 1195 ὑμεῖς
1603 1160 1655 1187 καὶ
1671 1160 1689 1193 ἡ
1699 1161 1889 1195 αίχμαλωσία

1101 1206 1195 1241 ὑμῶν.
1216 1207 1298 1233 Ὀθεν
1316 1215 1362 1242 μοι
1377 1207 1480 1233 δοκεϊό
1502 1207 1590 1241 μέγας
1610 1206 1749 1237 Βασίλειος
1761 1206 1889 1240 ἀφορμη-

1102 1252 1169 1285 θεὶς,
1184 1252 1285 1287 μᾶλλον
1298 1252 1325 1278 δὲ
1344 1251 1546 1284 θεοπνευσθεὶς,
1557 1252 1651 1279 δίδωσι
1664 1251 1695 1278 τὸ
1704 1251 1754 1286 τῆς
1768 1251 1890 1285 cpta-ria;

1102 1297 1253 1332 ἐπιτίμιον,
1266 1297 1313 1324 καὶ
1326 1296 1364 1328 ὡς
1378 1297 1411 1324 ἃν
1427 1297 1594 1332 οῑκονομήση
1609 1297 1623 1323 ό
1649 1296 1748 1327 διδούς.
1769 1295 1890 1330 Ἐνδεχο-

1104 1341 1172 1378 μένη
1184 1341 1238 1376 γὰρ
1251 1341 1298 1368 καὶ
1320 1341 1370 1368 οὐκ
1380 1342 1536 1376 ἀναγκαίως
1551 1341 1621 1368 κατά
1635 1342 1666 1368 τὸ
1682 1341 1808 1376 κείμενον
1822 1341 1891 1367 πάν-

1102 1396 1158 1419 τως
1171 1389 1189 1422 ἡ
1206 1387 1261 1414 τῶν
1277 1387 1408 1414 τοιούτων
1420 1388 1504 1420 δόσις.
1526 1387 1653 1424 Ἐρῤωσο
1673 1388 1703 1414 ὲν
1728 1386 1833 1424 Κυρίῳ,
1848 1387 1892 1412 ult

1105 1441 1156 1468 μου
1173 1432 1286 1467 ποθητὲ,
1302 1433 1449 1468 εὐχόμενος
1473 1433 1538 1468 περὶ
1550 1432 1618 1468 ἐμοῦ
1641 1432 1689 1459 τοῦ
1714 1431 1891 1468 ἁμαρτωλοῦ⁹

1063 1493 1086 1523 C
1103 1477 1210 1505 καὶτοῦ
1236 1478 1545 1514 συμπροσαγορεύοντός
1572 1487 1603 1505 σε
1627 1477 1770 1514 ἀγαπητοῦ
1795 1477 1891 1504 τέκνου

1103 1531 1165 1558 μου,
1185 1523 1232 1550 σοῦ
1248 1523 1277 1550 δὲ
1288 1523 1415 1558 ἀδελφοῦ,
1429 1524 1592 1560 Γρηγορίου.

1241 1577 1297 1605 ΝΒ.
1315 1594 1350 1599 -
1358 1579 1495 1612 Φιλίππῳ
1503 1579 1644 1612 Διακόνῳ.
1656 1578 1731 1615 [σν’.]

263 1640 302 1665 De
318 1643 375 1665 \‘oto
384 1640 485 1671 pucllaa,
501 1645 556 1670 quae
566 1645 657 1669 sponso
670 1641 806 1670 aegrotante
818 1635 1331 1692 νονθτῗίὲιῗιξιυιέιὲἱιέἷῗιιὲαξὲἱῗῖᾟείῗιίεωεὶ
1340 1640 1449 1668 aegrolus
1458 1638 1653 1669 convalesceret,
1666 1641 1761 1669 postea,
1781 1638 1823 1664 ubi
1833 1645 1893 1664 eon-

909 1673 981 1697 ιιιιιιι,
998 1673 1127 1692 consilium
1138 1673 1250 1692 mutavrt.

301 1724 359 1751 Noli
377 1724 544 1755 existimare,
561 1723 603 1750 vir
618 1727 722 1754 sancte,
739 1729 782 1749 me
798 1721 897 1748 ostium
913 1721 1052 1756 paeniten-

265 1770 309 1796 tize
325 1769 471 1801 claudere;
485 1767 697 1795 Novatianorum
712 1767 785 1794 enim
799 1766 826 1793 id
841 1766 981 1801 proprium
991 1770 1051 1799 est;

266 1815 315 1842 sed
330 1815 404 1842 nolle
422 1813 525 1848 peccati
541 1813 640 1840 ostium
658 1812 764 1847 aperire
776 1811 938 1838 volentibus.
953 1810 1053 1837 Annon

265 1860 339 1887 enim
371 1859 505 1895 ejusmodi
535 1862 578 1885 est
606 1858 679 1892 quod
703 1857 841 1892 prioribus
872 1855 971 1883 litteris
999 1855 1054 1882 tuis

266 1905 414 1934 indicasti?
426 1904 545 1939 puellam
556 1912 616 1938 quae
630 1909 724 1930 votum
739 1906 862 1935 voverat,
877 1909 916 1933 sc,
930 1900 1054 1936 quamvis

267 1957 387 1985 sponsus
407 1948 623 1979 convalesceret,
643 1947 754 1975 Christo
769 1951 917 1982 nupturam
933 1954 940 1973 :
954 1944 1054 1973 deinde

266 1999 411 2030 postquam
426 2001 442 2019 e
467 1992 562 2020 morbo
580 1992 682 2026 ille_est
704 1996 854 2023 recreatus,
876 1998 939 2018 cum
960 1997 1004 2021 eo,
1020 1988 1054 2016 ad

268 2037 428 2074 posterioris
454 2037 548 2071 sponsi
571 2040 771 2071 contemptum,
788 2035 910 2070 copulari
925 2034 1004 2066 velle,
1027 2039 1054 2062 et

267 2083 417 2111 remedium
433 2083 466 2110 ad
479 2083 505 2110 id
519 2089 653 2117 quaerere.
664 2081 829 2108 Rectissime
844 2080 928 2116 igitur
941 2086 1055 2114 respon-

267 2131 358 2157 dimus
374 2128 441 2161 tibi;
459 2135 510 2155 nec
524 2128 603 2155 aliter
616 2127 776 2162 responderi
794 2130 883 2161 potest
893 2126 928 2153 ab
945 2133 989 2157 eo,
1008 2124 1054 2159 qui

266 2183 299 2203 ea
321 2182 382 2210 quae
403 2173 437 2201 ad
458 2173 542 2200 Deum
563 2177 699 2208 spectant,
719 2173 880 2200 hominibus
896 2176 1053 2206 anteponat.

266 2221 335 2254 Quis
357 2220 433 2247 enim
455 2219 481 2246 ei
503 2225 613 2253 poenam
640 2218 752 2253 irroget,
780 2219 826 2254 qui
844 2218 978 2251 nondum,
999 2217 1054 2245 nisi

265 2266 419 2298 voluntate,
442 2263 583 2299 peccavit?
604 2263 658 2290 Aut
677 2263 739 2298 quis
758 2263 881 2291 medicus
901 2267 965 2290 ante
982 2270 1056 2289 mor-

268 2312 332 2339 bum
348 2310 519 2338 curationem
536 2309 683 2343 adhibeat;
696 2317 728 2336 ac
743 2317 798 2336 non
814 2309 905 2344 potius
926 2316 941 2336 a
960 2308 1055 2336 morbo

1137 1719 1183 1755 Μὴ
1197 1720 1254 1746 οἴου
1271 1728 1315 1755 με,
1333 1716 1355 1746 ὧ
1371 1719 1426 1755 ἱερὲ
1442 1720 1520 1757 ἄνερ,
1535 1719 1636 1747 κλείειν
1660 1721 1711 1757 τὴν
1726 1720 1815 1758 πύλην
1842 1722 1894 1756 τῆς

1103 1765 1268 1800 μετανοίας⁶
1298 1765 1479 1792 Ναυατιανῶν
1510 1765 1565 1801 γὰρ
1590 1766 1621 1793 τὸ
1639 1765 1734 1801 ἔργον·
1758 1766 1828 1793 ἀλλὰ
1853 1767 1895 1802 μὴ

1104 1810 1247 1846 βούλεσθαι
1261 1810 1382 1845 ἀνοίγειν
1396 1810 1482 1847 θύραν
1494 1812 1544 1847 τῆς
1567 1812 1706 1848 ἁμαρτίας
1724 1813 1781 1844 τοῖς
1798 1812 1895 1848 βουλοε

1103 1857 1207 1892 μένοις.
1229 1857 1265 1883 Ἦ
1281 1857 1336 1892 γὰρ
1348 1857 1409 1892 οὺχὶ
1432 1857 1554 1884 τοιοῦτον
1579 1858 1647 1893 ὅπερ
1663 1858 1708 1885 διά
1724 1858 1780 1885 τῶν
1793 1858 1894 1893 προτέ-

1104 1909 1158 1937 ρων
1186 1910 1234 1929 σου
1246 1902 1421 1938 γραμμάτων
1442 1903 1615 1938 δεδήλωκας;
1643 1903 1674 1930 τὸ
1701 1904 1752 1939 τὴν
1781 1904 1895 1930 νεάνιδα

1103 1947 1255 1983 εὐξαμένην
1268 1948 1360 1983 εὐχὴν,
1389 1950 1414 1975 εί
1439 1948 1487 1975 καὶ
1503 1949 1692 1985 ἀναῤῥωσθείη
1709 1951 1723 1977 ό
1750 1951 1894 1987 μνήστωρ,

1104 1994 1293 2029 νυμφευθῆναι
1314 1994 1427 2030 Χριστῷ
1444 2001 1451 2009 ·
1467 1993 1528 2022 εἶτα
1540 1995 1635 2031 ἐπειδὴ
1651 1996 1804 2030 ἀνέσφηλεν
1819 1998 1897 2023 ἐκεῖ-

1103 2048 1160 2072 νος,
1177 2039 1325 2066 ἐθέλουσαν
1345 2040 1421 2075 αὑτῷ
1434 2040 1615 2076 συναφθῆναι,
1631 2041 1675 2068 ἐπ’
1700 2042 1829 2077 ἀθετήσει
1844 2042 1896 2069 τοῦ

1104 2084 1247 2119 δευτέρου,
1262 2085 1358 2119 ζητεῖν
1379 2086 1448 2121 πρὸς
1459 2086 1539 2113 τοῦτο
1552 2086 1632 2122 ίαμα.
1645 2086 1785 2113 Κάλλιστα
1802 2087 1898 2114 τοίνυν

1105 2129 1297 2165 ἀπεκρίθημέν
1310 2138 1369 2156 σοι·
1383 2131 1432 2157 καὶ
1447 2131 1496 2166 οὐχ
1511 2128 1568 2158 οἷόν
1584 2140 1614 2158 τε
1628 2126 1716 2163 ἄλλως
1733 2131 1898 2159 ἀποδιδόναι

1104 2174 1192 2208 λόγον,
1207 2174 1252 2201 τὸν
1267 2174 1420 2209 ἀνθρώπων
1433 2175 1469 2203 τὰ
1483 2175 1552 2203 Θεοῦ
1569 2176 1762 2212 προκρίνοντα.
1775 2176 1825 2208 Τίς
1840 2177 1899 2212 γὰρ

1105 2219 1140 2245 ἂν
1151 2219 1198 2246 καὶ
1211 2219 1270 2255 δοίη
1285 2219 1423 2255 ἐπιτίμιον
1438 2220 1477 2255 τῷ
1499 2220 1581 2256 μήπω
1613 2222 1797 2257 ἡμαρτηκότι,
1824 2222 1902 2258 πλὴν

1105 2264 1153 2290 τοῦ
1174 2264 1338 2299 βούλεσθαι;
1356 2266 1390 2292 Ἣ
1405 2266 1445 2297 τίς
1464 2266 1557 2301 ἰατρὸς
1575 2267 1627 2302 πρὸ
1645 2267 1724 2294 νόσου
1749 2269 1837 2302 μοτοῖ,
1850 2269 1902 2295 καὶ

1105 2309 1168 2344 οὐχὶ
1185 2309 1287 2345 μᾶλλον
1308 2309 1396 2345 εἴργει
1413 2310 1452 2346 μὴ
1482 2311 1644 2346 νοσηλεῦσαι
1665 2311 1711 2338 τὸν
1743 2312 1790 2338 ἐπὶ
1816 2312 1903 2339 τοῦτο

267 2359 361 2384 arceat
386 2363 448 2382 eum
470 2354 515 2389 qui
541 2361 573 2381 eo
593 2361 674 2381 ruere
698 2353 843 2381 videbatur
853 2353 894 2380 1‘?
914 2353 1050 2380 Medicinae

1108 2354 1241 2388 ρέποντα;
1257 2355 1312 2381 Καί
1327 2363 1359 2388 γε
1377 2355 1499 2390 ἰατρείας
1512 2356 1585 2390 ὅρος,
1599 2356 1616 2391 ἢ
1641 2355 1690 2391 τὴν
1719 2356 1904 2391 ὑπάρχουσαν

269 2402 403 2438 siquidem
428 2409 529 2428 munus
552 2405 605 2433 est,
629 2403 677 2427 aut
702 2405 864 2434 praesentem
889 2405 1054 2425 coriservare

270 2449 425 2480 sanitatem,
439 2453 487 2475 aut
503 2447 644 2475 absentem
664 2452 802 2472 revocare.
820 2443 974 2471 Absurdum
991 2449 1056 2470 vero

270 2499 321 2528 est,
335 2495 455 2529 ignosce,
468 2493 593 2520 morbum
609 2491 655 2525 qui
669 2498 723 2518 non
743 2491 788 2521 sit,
804 2489 851 2517 sed
868 2489 959 2516 animo
971 2488 1057 2523 ﬁnga-

270 2546 326 2574 tur,
347 2545 475 2575 tanquam
492 2539 513 2566 si
539 2547 635 2566 revera
657 2541 741 2570 esset,
755 2543 850 2563 curare
867 2545 872 2562 :
889 2543 940 2562 nec
959 2534 1057 2563 medici

271 2587 297 2614 id
313 2594 392 2621 opus,
406 2585 454 2612 sed
466 2584 644 2616 cadaverarii,
658 2583 686 2609 in
701 2584 825 2609 morbum
841 2582 928 2616 ipsum
944 2582 970 2609 id
984 2580 1058 2615 quod

271 2632 367 2659 morbo
381 2631 512 2658 intactum
523 2629 614 2656 adhuc
624 2633 666 2655 est
678 2626 819 2662 impellere
830 2626 976 2654 molientis.
990 2625 1055 2653 Tale

272 2683 384 2711 prorsus
402 2675 499 2711 puellae
512 2673 652 2710 negotium
671 2671 822 2700 existimes.
842 2670 964 2698 Necdum
980 2670 1051 2704 dico,

307 2765 330 2780 ’°
342 2763 408 2791 V'ide
422 2769 515 2798 supra,
531 2761 611 2798 epist.
626 2762 661 2789 ιδ
675 2766 703 2789 et
715 2762 796 2798 infra,
815 2761 862 2789 lib.
874 2769 908 2798 ii,
922 2761 1004 2796 epist.
1017 2760 1076 2798 5I._
1102 2760 1124 2776 “
1137 2760 1190 2789 lsa.
1207 2768 1258 2794 vn,
1275 2759 1302 2788 6.

274 2795 534 2834 Amphilochq‘can.
549 2795 577 2830 8,
594 2797 624 2824 ll
636 2817 643 2830 ,
660 2797 703 2825 15.
742 2798 764 2814 ⁷⁸
775 2797 859 2826 Cone.
873 2795 957 2824 Neoc.
971 2803 1033 2825 can.
1062 2795 1091 2823 4.

1108 2398 1215 2432 ὑγίειαν
1227 2399 1421 2434 περιφυλάξαι,
1435 2400 1451 2435 ἦ
1464 2400 1513 2435 τὴν
1528 2401 1651 2427 ἀποῦσαν
1665 2401 1904 2432 ἀναγαλέσασθαι,

1111 2444 1226 2478 ¹’Δλογον
1240 2445 1279 2477 δὲ,
1296 2444 1445 2479 σύγγνωθι,
1463 2446 1494 2472 τδ
1513 2446 1551 2481 μὴ
1575 2446 1624 2481 ἤδη
1650 2445 1806 2481 παροῦσαν,
1831 2447 1907 2474 ἀλλὰ

1112 2489 1317 2525 μελετωμένην,
1333 2490 1467 2525 ἰατρεύειν
1481 2491 1519 2522 ὠς
1545 2488 1642 2517 οὖσαν·
1665 2491 1696 2517 οὑ
1712 2491 1767 2526 γὰρ
1794 2491 1904 2526 ἰατροῦ,

1111 2534 1181 2560 ἀλλά
1195 2534 1389 2569 πτωματιστοῦ
1404 2535 1436 2561 τὸ
1449 2535 1551 2570 δρᾶμα,
1566 2535 1751 2570 ὑφελκομένου
1776 2543 1907 2569 προσεμ-

1114 2579 1235 2614 παρῆναι
1251 2580 1290 2612 εἰς
1305 2580 1391 2612 πάθος
1413 2581 1478 2607 αὐτὸ
1506 2581 1536 2607 τὸ
1563 2580 1603 2607 ἔτι
1625 2580 1742 2611 ἀπαθές.
1769 2579 1910 2606 Τοιοῦτον

1109 2625 1165 2652 οἷον
1180 2626 1272 2652 καὶτὸ
1285 2626 1334 2661 τῆς
1360 2627 1467 2658 παιδός.
1498 2627 1553 2654 Καὶ
1575 2626 1651 2653 οὔπω
1673 2626 1756 2660 λέγω,
1786 2626 1830 2652 ὅτι
1857 2626 1909 2652 καὶ

1107 2671 1138 2698 τδ
1163 2671 1268 2705 ἀγαθόν
1282 2680 1309 2699 τι
1328 2672 1514 2708 ἐνθυμηθῆναί
1530 2681 1609 2706 τινα,
1631 2672 1669 2709 μὴ
1681 2672 1760 2700 τοῦτο
1779 2672 1824 2704 είς
1852 2671 1910 2698 πέ-

1361 2761 1382 2777 ’¹¹
1393 2759 1473 2789 Num.
1488 2767 1563 2795 uxr,
1587 2761 1631 2789 15.
1679 2762 1702 2778 ⁷³
1712 2760 1743 2789 In
1759 2759 1851 2796 Epist.
1870 2761 1908 2789 ad
