1926 3078
58 115 123 147 1101

672 92 946 143 EPIS’I‘OLARUM
959 109 1034 139 LIB.
1055 108 1081 138 τ.

1628 106 1695 139 11οἙ

56 181 104 207 ρας
130 171 248 205 ἄγοντα,
265 171 376 206 ὑφέξειν
403 171 504 207 κρῖμα.
517 170 589 198 καθὰ
601 170 614 197 ό
630 169 701 202 θεῖος
714 169 854 201 Βασίλειος

908 166 988 194 etiam
1007 172 1082 197 eum,
1104 165 1150 200 qui
1166 164 1232 191 boni
1255 163 1357 199 aliquid
1373 164 1508 199 cogitarit,
1531 163 1553 192 si
1571 165 1605 192 ad
1626 165 1694 192 elle-

53 216 211 252 διωρίσατο.

96 301 234 330 Ἐνταῦθα
257 301 286 328 δέ
298 302 379 329 οἱονεὶ
394 302 439 329 καὶ
465 301 545 338 ἔργον
560 300 700 338 προΰΰηκε
726 301 756 328 τδ
787 301 851 336 βουο

56 349 150 376 mea
163 349 208 375 διὰ
217 348 270 384 τῆς
277 349 414 383 αἰτήσεως
420 349 466 375 καὶ
476 348 553 379 θείας
571 349 735 381 συντάξεως.
742 348 849 375 Φείδοι-

58 395 103 421 σθε
130 395 190 427 οῦν⁷
208 391 231 422 ὦ
246 394 415 430 φιλούμενοι,
437 395 472 422 τὰ
485 395 599 422 τοιαῦτα
615 389 726 427 παίζειν
744 402 750 409 ·
765 394 850 422 ἀκού-

56 450 132 473 οντες
144 441 192 468 τοῦ
207 441 334 475 λέγοντος
348 450 355 456 ·
377 441 504 476 Ἀγαθὸν
515 441 559 476 μὴ
571 442 728 474 εὔξασθαι,
757 440 777 475 ἢ
798 441 849 468 εὔ-

57 487 168 518 ξασθαι
185 487 235 513 καὶ
246 487 290 521 μὴ
307 486 483 515 ἀποδοῦναι.
497 502 533 507 -—
552 487 626 522 οὐχὶ
638 488 735 522 μένον
761 487 850 522 ἔμενέ

56 540 115 564 σοι,
129 533 216 568 φησίς
243 533 273 560 Τί
287 532 332 559 ὅτι
347 533 468 566 ἐψεύσω
485 532 527 565 τῷ
541 533 692 567 Πνεύματι
707 532 747 565 τῷ
758 533 850 567 ἀγίῳ;

56 578 112 605 Καὶ
125 577 157 603 τὸ
174 577 239 612 ἑξῆς
251 578 369 613 πάρειμι
386 577 430 604 διὰ
443 577 474 604 τὸ
491 577 645 613 δύσφημον.
660 577 715 604 Καὶ
741 577 792 612 οὐχ
808 577 850 604 ὅτι

56 623 306 658 καταφρονητικῶς
319 623 373 658 ἔχω
388 624 438 659 τῆς
452 623 547 655 παιδός
563 632 571 639 ο
588 624 716 658 φείδομαι
731 624 785 659 γὰρ
800 624 850 650 αὐ-

57 669 117 703 τῆς,
135 669 174 700 ὠς
189 670 240 704 τῆς
255 668 342 704 κόρης
359 677 411 703 μου
427 668 475 695 τοῦ
495 668 636 704 ὀφθαλμοῦ
647 677 654 684 ·
670 670 717 695 καὶ
737 669 771 696 δι’
785 670 851 695 ἐαυ-

56 713 106 749 τὴν
120 714 272 748 ἐφιεμένην
291 715 324 740 ἐκ
338 714 386 749 τῆς
400 713 540 745 εὐτελείας
556 723 607 749 μου
624 714 824 750 θεραπεύεσθαι
841 723 848 730 ·

56 759 105 785 καὶ
123 759 170 786 διὰ
187 759 238 795 τὴν
258 759 358 795 κυρίαν
373 759 423 795 τὴν
447 760 566 795 μητέρα,
583 760 617 795 ἢν
637 761 709 788 σέϐω
726 761 774 788 καὶ
801 769 851 787 πε-

58 805 158 839 ριέπω,
173 804 212 836 ὡς
225 804 277 841 τὴν
291 805 361 841 ἐμὴν
376 806 452 832 ὁσίαν
469 806 577 841 μητέρα
587 814 594 822 ·
622 806 691 833 ἀλλὰ
716 807 748 833 τὺ
763 807 850 842 κρῖμα

904 219 979 241 ctum
1006 221 1064 240 non
1090 212 1241 248 perducat,
1268 211 1374 246 judicio
1397 218 1493 246 poenas
1520 211 1694 244 subiturum,

903 259 1133 296 quemadmodum
1152 266 1168 285 a
1184 257 1277 285 divino
1289 256 1389 285 Basilio
1404 260 1447 284 est
1460 257 1615 284 deﬁnitum.

940 304 991 331 llic
1019 311 1086 331 vero
1110 303 1193 330 etiam
1223 310 1293 337 opus
1317 302 1519 336 quodammodo
1544 303 1695 337 processit,

905 350 1088 378 deliberatum
1113 357 1162 384 per
1175 348 1387 384 postulationem
1411 348 1589 383 divinumque
1611 356 1696 383 spon-

905 397 1021 425 sionem.
1038 396 1145 423 Parcite
1168 395 1262 431 igitur,
1286 394 1467 428 dilectissimi,
1490 394 1518 421 in
1543 395 1625 422 rebus
1647 396 1698 422 hu-

903 443 1024 479 jusmodi
1041 443 1138 471 ludere
1152 451 1159 470 :
1175 442 1319 469 audientes
1334 441 1412 468 illum
1429 441 1476 476 qui
1494 441 1562 469 dicit
1578 451 1585 469 :
1601 441 1698 469 Melius

905 494 944 516 est
959 497 1011 516 non
1025 496 1126 520 vovere,
1143 496 1224 522 quam
1242 491 1299 522 post
1314 491 1402 514 votum
1417 487 1548 520 promissu
1569 495 1620 514 non
1638 487 1697 514 rer!-

904 537 965 564 dere
990 536 1023 562 ⁷⁸.
1038 549 1073 556 -—
1090 533 1185 561 Nonne
1212 540 1320 560 manens
1347 532 1394 559 tibi
1419 532 1562 565 manebat,
1593 532 1699 567 inquit?

904 590 986 617 quare
1002 581 1126 608 mentitus
1142 588 1167 606 ea
1181 578 1294 613 Spiritui
1307 577 1449 605 sancto"?
1465 577 1498 605 Et
1514 578 1586 613 quod
1604 577 1698 613 sequi-

905 630 959 660 tur,
979 625 1103 653 horroris
1122 631 1205 651 causa
1225 623 1414 658 praetermitto.
1435 622 1530 657 Neque
1552 623 1610 650 haec
1625 623 1697 653 dico.

905 672 979 706 quod
994 671 1113 706 puellam
1127 676 1276 704 asperner;
1292 676 1375 704 parco
1391 668 1464 696 enim
1480 668 1529 701 illi,
1544 673 1574 696 ut
1589 668 1697 703 pupillae

904 718 976 746 oculi
1002 717 1055 744 mei
1074 726 1080 743 :
1098 721 1157 743 tum
1172 717 1260 750 ipsrus
1278 722 1371 748 causa,
1387 723 1450 742 cum
1470 723 1486 742 a
1508 715 1698 742 mediocritate

904 770 965 790 mea
981 766 1094 797 exoptet
1110 761 1275 793 remedium,
1290 765 1348 787 tum
1368 760 1489 787 Domina:
1505 760 1601 787 matris
1614 768 1696 795 quam

904 816 1022 836 veneror
1035 812 1063 836 et
1077 808 1138 835 €010
1152 812 1280 842 tanquam
1301 811 1423 834 sanctam
1443 811 1560 834 matrem
1582 815 1670 834 meam
1689 817 1695 834 ζ

56 849 203 882 δεδοικὼς,
226 849 410 885 ὅπαρασταίη
425 850 455 876 ἐν
481 851 573 885 ἡμέρα
605 851 723 886 κρίσεως
748 852 854 886 ἑκάστῳ

908 854 955 881 sed
969 853 1103 888 judicium
1125 852 1319 884 reformidans,
1336 852 1409 887 quod
1433 852 1462 879 in
1479 852 1524 879 die
1537 852 1630 887 judicii
1653 860 1698 887 pa-

57 896 97 932 τῷ
120 905 151 923 τε
160 895 302 931 ἐρωτῶντι
333 896 382 923 καὶ
407 896 446 931 τῷ
480 896 690 932 ἀποκρινομένῳ
715 905 722 912 ·
736 897 773 928 ὡς
807 898 856 923 ἐκ·

58 942 191 976 φευκτέον
209 942 293 977 μέχρι
308 942 355 968 καὶ
368 941 454 977 ἀργοῦ
483 941 531 968 τοῦ
561 943 691 977 τυχόντος
720 944 855 978 ῥήματος,

63 988 101 1024 μὴ
126 988 225 1014 δώσειν
239 988 314 1023 ἡμᾶς
329 987 408 1021 λόγον
423 986 464 1022 τῷ
478 987 620 1023 ἀδεκάστῳ
632 990 726 1024 κριτῇ.
749 989 781 1015 El
804 989 854 1024 μὲν

57 1031 105 1059 οὖν
121 1033 205 1067 μήπω
220 1032 349 1063 ἔζευκται
362 1032 379 1066 ἡ
396 1032 487 1063 νεᾶνις
499 1051 507 1063 ,
529 1033 543 1058 ό
564 1033 647 1064 αὐτὸς
666 1034 732 1068 ἡμῖν
761 1033 852 1068 λόγος,

58 1078 107 1105 καὶ
117 1078 169 1104 οὐκ
186 1077 267 1108 ἄλλος
289 1077 411 1104 ἐναντίον
426 1077 494 1103 Θεοῦ
513 1078 561 1104 καὶ
575 1078 727 1113 ἀνθρώπων
743 1087 750 1094 ·
762 1079 791 1106 ὃν
806 1080 854 1106 καὶ

58 1125 133 1159 ὑμᾶς
147 1123 322 1150 εὐλαόεῐσθαι
336 1122 436 1158 χρεών.
461 1123 493 1150 El
510 1123 539 1150 δὲ
574 1124 767 1157 συνέζευκται,
797 1125 849 1160 φεῦ

57 1169 108 1204 τῆς
124 1169 194 1204 ἐμῆς
210 1169 400 1204 ταλαιπωρίας
417 1169 423 1196 I
440 1168 589 1204 δηλωτέον,
606 1170 655 1196 καὶ
678 1171 740 1198 τότε
765 1170 852 1198 δώσο-

59 1223 110 1250 μεν
128 1215 159 1241 τὸ
175 1214 314 1249 ἐπιτίμιον
328 1223 335 1230 '
353 1214 430 1241 οῦδὲν
442 1215 496 1250 γάρ
513 1215 703 1251 ἀθεράπευτον
727 1218 784 1249 τοῖς
812 1219 853 1244 ια-

58 1262 142 1296 θῆναι
155 1261 340 1297 βουλομένοις.

59 1361 125 1388 NI".
139 1376 174 1382 —
183 1362 532 1399 Στεφάνφιὰναγγώστῃ,
547 1365 598 1391 καὶ
615 1365 678 1398 τοῖς
689 1364 750 1392 σὺν
760 1364 851 1398 αὐτῷ.

410 1410 503 1446 [avoc]

905 903 996 927 ratum
1009 903 1052 926 est
1067 898 1215 933 unicuique
1228 903 1255 926 et
1270 898 1450 933 interroganti
1463 901 1490 925 et
1502 899 1696 933 respondenti;

903 945 977 980 quod
1001 952 1053 972 nec
1074 944 1266 979 subterfugere
1288 944 1363 976 licet,
1387 944 1534 978 quominus
1558 952 1644 979 usque
1663 945 1697 972 ad

903 992 1045 1028 quodlibet
1071 991 1185 1019 verbum
1215 991 1335 1018 otiosum
1369 991 1504 1019 rationem
1537 992 1697 1027 incorrupto

902 1038 988 1074 judici
1006 1038 1199 1065 reddamus".
1216 1037 1319 1070 Quare,
1342 1037 1365 1064 si
1387 1037 1478 1072 puella
1497 1037 1620 1064 nondum
1640 1046 1697 1064 ma-

904 1082 1035 1110 trimonio
1051 1088 1093 1110 est
1104 1083 1264 1117 conjuncta,
1284 1083 1338 1110 hoc
1357 1083 1445 1118 ipsum
1462 1083 1579 1110 dicimus
1596 1087 1624 1110 et
1640 1090 1696 1110 non

905 1129 981 1156 aliud
1001 1136 1093 1156 coram
1110 1128 1166 1155 Deo
1189 1133 1217 1155 et
1234 1128 1402 1162 hominibus,
1420 1129 1493 1163 quod
1511 1133 1538 1156 et
1560 1136 1610 1156 vos
1626 1129 1697 1164 aequi

905 1174 1029 1209 bonique
1049 1174 1195 1202 consulere
1219 1178 1338 1208 oportet.
1366 1173 1414 1201 Sin
1439 1178 1530 1201 autem
1553 1174 1609 1208 jam
1629 1181 1698 1202 con—

902 1221 999 1255 juncta
1017 1224 1070 1252 est,
1098 1227 1115 1247 ο
1141 1219 1330 1247 infelicitatem
1356 1221 1461 1248 meaml
1487 1220 1697 1255 signiﬁcandum

906 1270 958 1296 est,
975 1269 1002 1292 et
1016 1269 1082 1293 tunc
1096 1272 1205 1300 poenam
1229 1266 1405 1301 injungemus
1422 1275 1428 1292 :
1444 1266 1514 1293 nihil
1534 1266 1608 1293 enim
1623 1267 1698 1294 insa-

909 1311 1001 1338 nabile
1016 1315 1059 1338 est
1077 1311 1111 1338 iis
1122 1311 1170 1345 qui
1186 1311 1276 1338 sanari
1292 1313 1399 1340 volunt.

961 1366 1027 1396 LIII.
1043 1383 1078 1388 —
1092 1367 1226 1403 Stephano
1246 1368 1347 1402 lectori,
1364 1373 1389 1395 et
1404 1369 1438 1395 iis
1453 1369 1496 1396 cui
1516 1377 1575 1396 cum
1588 1369 1644 1397 illo.

435 1465 484 1491 Cur
494 1473 507 1490 a
519 1466 613 1491 Tarasii
624 1468 796 1492 communione
809 1465 965 1492 abstinuerit.
982 1466 1083 1497 (Baron.
1097 1473 1137 1491 an.
1149 1466 1205 1496 809,
1218 1473 1243 1491 n.
1261 1467 1312 1497 45.)

97 1520 256 1555 Γράμματα
269 1519 405 1555 ἐδεξάμην
431 1520 481 1555 τῆς
512 1520 640 1556 θεοζήλου
658 1521 770 1556 ἀγάπης
789 1529 836 1547 σου
848 1527 854 1535 ·

944 1520 1043 1555 Accepi
1067 1519 1173 1548 litteras
1190 1520 1274 1548 Deum
1295 1520 1449 1548 aemulantis
1466 1520 1609 1550 charitatis
1626 1527 1677 1550 tua»
1691 1532 1698 1549 :

59 1567 96 1602 τῇ
114 1566 165 1602 μὲν
178 1567 318 1601 ἐπιγραφῇ
334 1566 364 1599 ἐξ
380 1565 439 1597 ἐνὸς
451 1585 459 1598 ,
475 1567 509 1601 τῇ
524 1566 553 1592 δὲ
567 1566 682 1600 δυνάμει
707 1567 738 1592 ἐκ
763 1565 857 1600 διαφό-

57 1606 120 1648 ρων
136 1611 292 1646 προσώπων
315 1611 516 1646 ἐπεσταλμένα.
546 1612 609 1639 Εῖτε
633 1612 699 1646 γοῦν
724 1612 754 1645 ἐξ
785 1612 855 1644 ἐνὸς,

61 1659 120 1684 εἴτε
140 1658 174 1683 ἐκ
189 1657 330 1690 πλειόνων,
355 1657 497 1692 ὀφειλέτης
523 1658 580 1692 εἰμὶ
609 1656 769 1692 ἐρωτηθεὶς,
795 1655 856 1683 καθ’

61 1705 126 1731 ὅσον
139 1701 196 1730 οἶόν
211 1712 241 1730 τε
254 1705 287 1739 τῇ
313 1703 419 1738 ἀμαθίᾳ
436 1712 501 1738 μου,
519 1702 660 1737 ἀξιόλογον
674 1703 725 1738 τὴν
741 1702 857 1737 ἀπόκρι-

64 1758 109 1776 σιν
125 1749 287 1776 ἀποδοῦναι.
303 1749 416 1775 .Ἑκείνο
433 1749 462 1775 δέ
479 1757 525 1784 μοι
542 1749 662 1784 πρῶτον,
676 1749 717 1775 ὅτι
734 1745 771 1775 ὧν
787 1756 855 1774 κατ-

61 1795 210 1831 επᾳδόμην
241 1795 319 1830 παρὰ
341 1795 391 1830 τῆς
418 1794 611 1830 πολυυμνήτου
641 1793 764 1829 γλώττης
797 1802 856 1825 σου,

62 1843 139 1875 ξένος
157 1842 213 1877 ἐγὼ
230 1841 349 1869 ἐπαίνων
364 1841 529 1877 ἁμαρτωλὸς
545 1841 689 1877 ὑπάρχων,
708 1842 755 1868 καὶ
770 1841 857 1868 ἀκατ-

60 1889 185 1925 όρθωτον
212 1889 258 1916 τὸν
272 1889 329 1924 βίον
346 1889 526 1924 κεκτημένος.
541 1887 611 1915 Εἱδέ
630 1897 656 1914 τι
671 1888 778 1923 γέγονε,
789 1887 857 1914 Θεοῦ

59 1936 92 1962 τὺ
106 1935 205 1970 δῶρον,
217 1934 261 1962 διὰ
288 1934 337 1970 μὲν
351 1936 401 1970 τῆς
434 1934 481 1961 τοῦ
508 1934 690 1969 γεννήσαντός
717 1942 751 1968 με
777 1933 859 1960 πνεύ-

62 1990 129 2016 ματι
146 1980 256 2016 [ἰατρὸς
272 1980 486 2016 κεχαρισμένον,
515 1980 550 2006 δι’
567 1980 645 2015 ὑμῶν
663 1979 691 2006 δὲ
724 1979 779 2005 τῶν
808 1979 858 2014 τῆς

63 2027 208 2058 εὐσεὸείας
223 2027 346 2062 ἐραστῶν
363 2026 502 2061 ἱκετηρίας
517 2026 585 2062 πρὸς
615 2026 645 2053 τδ
667 2018 740 2061 Δἑξῆς
769 2025 856 2060 φυλα-

61 2072 233 2107 χθησόμενον
252 2073 422 2107 ἀπήμαντον.
447 2072 580 2106 Δεύτερον
596 2072 646 2099 οὐκ
658 2068 705 2098 οἷδ’
721 2072 796 2102 ὅπως
809 2070 858 2105 τὴν

63 2118 214 2154 ἐξηγορίαν
229 2119 381 2153 ποιήσομαι
393 2126 399 2133 ·
414 2117 453 2153 μὴ
469 2117 603 2152 εὖκρινῶς
617 2116 801 2152 προαχθείσης
809 2116 858 2151 τῆς

63 2164 200 2195 πεύσεως.
219 2163 310 2195 ’Όλως
340 2163 371 2190 τὸ
394 2163 561 2198 ζητούμενον
580 2163 619 2194 είς
648 2162 786 2197 Ταράσιον
812 2161 858 2188 τὸν

61 2210 312 2246 πατριαρχήσαντα
334 2196 528 2244 περιίστασθαι
543 2196 768 2243 ὑπολελόγισμαι.
784 2207 855 2241 Ἐγὼ
870 2196 896 2225 D

63 2255 116 2291 μὲν
130 2253 177 2282 οὖν
203 2255 251 2281 καὶ
280 2254 401 2281 ἔκπαλαι
431 2255 496 2290 περὶ
521 2253 569 2280 τοῦ
593 2253 776 2288 προταοέντος
807 2254 857 2279 οὐκ

61 2300 175 2335 ἀμελῶς
190 2300 280 2335 ἔσχον,
294 2299 380 2326 πολλὰ
407 2299 575 2335 συστραφεὶς
609 2300 638 2325 ἐν
659 2298 781 2334 ἐμαυτῷ¹
810 2298 858 2324 καὶ

62 2346 264 2382 ἀναθεωρήσας
278 2345 332 2372 τῶν
352 2346 526 2381 πραγμάτων
559 2345 610 2377 τὰς
640 2345 778 2377 ἐκϐάσεις.
802 2345 858 2371 Καὶ

65 2393 160 2426 μέντοι
177 2392 224 2418 καὶ
240 2392 304 2424 τοὺς
318 2392 389 2428 ὑπὲρ
403 2391 451 2418 τοῦ
481 2391 565 2418 καλοῦ
581 2391 785 2427 ἐνισταμένους,
811 2391 858 2418 καὶ

62 2437 172 2469 πολλοῖς
181 2437 287 2473 χρόνοις
299 2437 540 2474 τληπαθήσαντας,
551 2439 579 2464 ἐν
589 2438 692 2473 ἐπαίνῳ
705 2438 752 2465 καὶ
763 2437 858 2464 ἀποδο-

63 2485 114 2520 χῆς
122 2483 195 2518 λόγῳ
203 2483 258 2519 ἔχω
271 2492 278 2499 ·
286 2485 316 2511 οὐ
327 2485 380 2519 μὴν
390 2485 575 2517 παντάπασιν,
591 2483 628 2516 ὡς
640 2483 768 2518 δηλώσων
782 2483 859 2518 ἐρχο-

64 2540 127 2566 μαι,
139 2531 222 2557 καὶτὸ
231 2530 586 2566 κτήσασθαιόμογνώμονας
593 2530 716 2564 ἐφίεμαι.
730 2529 793 2561 Πῶς
802 2529 857 2563 γὰρ

62 2575 106 2609 οὔ,
125 2575 302 2611 τηλικούτους
323 2575 468 2611 ἀνδρικοὺς
487 2575 531 2602 ἐπ’
545 2575 672 2610 εὐσεϐείᾳ
682 2594 690 2607 ,
706 2573 832 2609 δεδειγμέ
846 2588 859 2594 -

62 2630 128 2654 νους
140 2630 147 2654 ;

104 2668 188 2695 Ἀλλὰ
203 2668 274 2703 μετὰ
286 2667 335 2695 τοῦ
350 2669 399 2704 τῆς
414 2669 544 2704 ἀληθείας
558 2668 639 2702 λόγου
652 2688 659 2700 ,
677 2667 725 2694 καὶ
747 2667 796 2702 τῆς
816 2667 860 2693 ἱν-

61 2713 214 2748 δεχομένης
237 2713 285 2740 καὶ
309 2714 502 2749 προσηκούσης
524 2714 676 2749 δυνάμεως.
706 2711 860 2747 Τοιγαροῦν

63 2757 117 2787 ὧδε
139 2761 241 2795 φαίημι
258 2769 266 2777 ·
291 2761 324 2787 Τί
342 2761 373 2787 τὸ
394 2760 446 2795 τὴν
460 2761 593 2796 διαφορὰν
624 2760 692 2796 πρὸς
721 2759 858 2795 Ταράσιον

101 2815 126 2831 ⁷⁵
136 2814 229 2843 Eccle.
242 2824 266 2848 v,
285 2817 312 2843 4.
350 2817 443 2844 "Act.
463 2825 488 2849 ν,
504 2817 530 2849 5,
547 2817 572 2843 4.
612 2816 741 2844 "Matth.
759 2824 807 2849 xn,
827 2816 873 2843 '56.

907 1565 1088 1600 inscriptione
1111 1565 1222 1600 quidem
1254 1571 1383 1601 tanquam
1409 1567 1443 1594 ab
1468 1574 1539 1601 uno;
1565 1569 1699 1596 sententia

908 1618 975 1638 vero
990 1615 1119 1644 tanquam
1134 1618 1149 1637 ο
1160 1610 1278 1638 diversis
1292 1612 1403 1638 missas.
1417 1611 1480 1639 Sive
1493 1612 1575 1647 igitur
1585 1613 1619 1640 ab
1631 1621 1698 1645 uno,

907 1656 965 1684 sive
984 1663 999 1682 a
1022 1655 1162 1690 pluribus,
1178 1655 1264 1683 debeo
1282 1656 1479 1692 interrogatus,
1498 1658 1589 1692 quoad
1612 1658 1699 1692 impe-

907 1703 970 1729 ritia
1000 1710 1060 1730 mea
1089 1706 1197 1737 potest,
1230 1703 1510 1737 congruentissimum
1537 1711 1699 1738 responsum

907 1747 983 1774 dare.
999 1747 1121 1774 Primum
1138 1754 1202 1782 ergo
1215 1747 1316 1782 quibus
1338 1755 1382 1774 me
1396 1748 1582 1777 chleberrima
1607 1749 1698 1784 lingua

909 1796 954 1819 tua
977 1792 1105 1819 laudibus
1121 1793 1275 1825 exornavit,
1299 1792 1333 1819 ab
1357 1792 1390 1820 iis
1411 1799 1461 1828 ego
1478 1793 1557 1828 longe
1580 1800 1701 1821 remotus

908 1845 980 1869 sum,
1005 1845 1068 1864 cum
1085 1841 1213 1872 peccator
1230 1837 1293 1870 sim,
1321 1842 1350 1864 et
1376 1837 1459 1865 vitam
1485 1845 1563 1872 agam
1588 1839 1701 1866 minime

909 1883 1083 1911 laudabilem.
1102 1884 1130 1910 Si
1147 1883 1212 1919 quid
1235 1889 1325 1911 autem
1343 1884 1371 1911 in
1390 1891 1433 1911 me
1454 1889 1507 1917 est,
1524 1885 1576 1912 hoc
1591 1885 1638 1912 Dei
1654 1886 1703 1913 du—

910 1937 975 1956 num
993 1934 1046 1962 est,
1065 1929 1126 1964 ejus
1141 1930 1187 1964 qui
1205 1937 1249 1956 me
1272 1929 1372 1964 spiritu
1396 1930 1491 1965 genuit
1505 1929 1595 1957 Patris
1613 1931 1700 1965 preci—

909 1974 961 2001 bus
978 1974 1123 2007 tributum,
1138 1975 1211 2009 quod
1235 1980 1263 2002 et
1282 1975 1380 2002 vestris
1396 1975 1442 2010 qui
1460 1975 1588 2010 pietatem
1610 1977 1701 2003 colitis

910 2020 1156 2055 supplicationibus
1171 2021 1306 2056 integrum
1321 2021 1454 2056 deinceps
1469 2023 1699 2050 conservandum.

910 2066 1013 2094 Deinde
1045 2074 1100 2101 quo
1124 2071 1202 2101 pacto
1242 2067 1422 2101 respondeam
1447 2068 1551 2100 nescio,
1585 2068 1702 2096 interro-

910 2113 1017 2148 gatione
1034 2112 1105 2140 haud
1130 2114 1197 2140 satis
1219 2117 1311 2147 aperte
1327 2113 1474 2148 explicata.
1490 2112 1608 2142 Omnino
1627 2124 1701 2150 qua:-

911 2160 1028 2186 stionem
1046 2159 1079 2186 ad
1105 2158 1250 2186 Tarasium
1278 2159 1343 2186 olim
1360 2159 1544 2194 patriarcham
1565 2162 1703 2196 pertinere

909 2206 1025 2241 c0njeci.
1047 2205 1183 2240 Equidem
1207 2205 1259 2232 hac
1283 2205 1318 2232 de
1336 2213 1365 2232 re
1381 2206 1519 2240 proposita
1538 2206 1700 2241 jamdudum

908 2259 962 2279 non
979 2252 1040 2279 sine
1055 2259 1121 2278 cura
1147 2251 1198 2284 I‘ui,
1224 2251 1310 2278 multa
1333 2259 1441 2279 mecum
1467 2253 1560 2280 animo
1577 2260 1700 2286 versans,

908 2302 936 2325 et
952 2297 999 2332 qui
1014 2296 1126 2325 futurus
1152 2302 1225 2325 essm
1249 2305 1343 2325 rerum
1368 2303 1485 2326 eventus
1508 2299 1699 2326 considerans.

908 2343 976 2370 Nam
1000 2351 1049 2371 eos
1062 2348 1147 2376 certe,
1164 2344 1210 2378 qui
1231 2351 1282 2379 pro
1310 2349 1385 2372 recto
1399 2344 1586 2378 decertarunt,
1610 2349 1638 2372 et
1653 2345 1701 2373 diu

909 2389 1001 2425 gravia
1017 2390 1140 2424 perpessi
1157 2394 1231 2422 sunt,
1253 2398 1421 2425 magnopere
1436 2391 1519 2418 laudo
1537 2395 1565 2418 et
1580 2392 1702 2427 comple-

909 2440 968 2462 ctor
984 2442 991 2461 :
1008 2443 1063 2461 non
1090 2439 1184 2462 tamen
1214 2443 1423 2471 usquequaque,
1450 2441 1480 2464 ut
1510 2445 1574 2465 mox
1601 2438 1700 2469 dicam.

909 2479 1114 2506 consentientes
1126 2487 1175 2506 eos
1187 2479 1289 2508 habere
1300 2481 1391 2507 velim.
1404 2481 1503 2514 Quidni
1517 2482 1629 2509 autem?
1639 2489 1701 2509 cum

909 2527 978 2552 adeo
994 2529 1121 2552 strenuos
1134 2532 1164 2553 se
1179 2533 1228 2560 pro
1242 2527 1345 2561 pietate
1359 2527 1537 2561 praebuerint.

946 2667 999 2696 Sed
1016 2673 1107 2696 tamen
1127 2677 1188 2697 cum
1205 2670 1329 2698 veritatis
1345 2671 1441 2703 verbo,
1454 2675 1482 2699 et
1492 2676 1629 2707 quatenus
1643 2671 1702 2698 lieri

909 2714 972 2742 licet
989 2720 1016 2742 et
1030 2715 1169 2743 convenit.
1184 2715 1220 2743 Ut
1239 2723 1304 2751 ergo
1317 2716 1349 2744 ad
1363 2724 1421 2743 rem
1438 2718 1560 2749 veniam,
1578 2725 1701 2752 qua'nnln

910 2769 993 2789 causa
1005 2761 1056 2789 l‘uit
1069 2769 1117 2789 cur
1133 2769 1148 2788 a
1165 2761 1278 2789 Tarasio
1294 2761 1527 2791 dissenserimus?
1543 2763 1639 2791 Fides?
1653 2763 1698 2790 At-
