1926 3078
228 121 295 153 1103

817 119 848 148 S.
865 116 1064 147 THEODORI
1083 116 1256 147 STUDITIE

1781 114 1848 146 1104

226 178 272 212 qui
289 177 377 212 palam
392 177 500 213 quidem
515 176 685 204 orthodoxus
697 180 764 208 erat,
781 183 874 203 sacras
890 174 1009 210 synodos

1068 173 1154 200 ποιοῦν
1170 173 1237 208 ἡμῖν
1259 172 1329 208 [εοιί.
1356 171 1419 207 Reg.
1441 171 1537 208 oplv];
1562 171 1678 206 Πίστις;
1705 172 1762 199 Kal
1790 172 1852 199 ὅσον

227 223 403 258 sequebatur.
424 227 451 250 ct
472 229 534 249 cum
552 222 612 249 aliis
629 220 793 256 patriarchis
814 219 1014 249 consentiebat,

227 272 253 295 ct
276 268 423 295 maximum
451 272 530 294 antea
553 275 601 302 pro
627 267 678 293 lide
707 270 848 293 certamen
876 265 1016 292 sustinue-

228 319 326 340 rat.....
337 313 475 340 Eorumne
491 312 536 347 qui
553 313 587 339 ab
606 312 703 339 haeresi
727 311 937 338 revertebantur
952 318 1015 338 sus-

227 358 335 393 ceptio?
359 358 395 385 At
410 366 464 384 non
479 358 513 385 ah
530 357 576 384 illo
589 357 648 384 haec
661 356 780 392 primum
797 356 921 383 instituta
933 364 940 383 :
952 363 1014 383 eum

227 412 242 430 a
264 405 366 432 sanctis
384 403 512 431 Patribus
531 403 629 438 triplici
652 403 734 430 modo
752 402 873 436 suscepti
896 401 1013 432 fuerint,

226 450 269 477 vel
293 449 406 484 repetito
426 449 573 484 baptismo,
596 452 626 475 ut
652 448 803 483 Populeni;
827 447 870 475 vel
888 455 938 482 pro
961 446 1014 474 olei

228 496 397 528 unctionem,
412 499 442 522 ut
464 494 574 527 Ariani;
598 494 642 521 vel
664 502 713 529 per
734 493 851 528 propria
871 493 1014 520 Sententia:

228 541 449 574 detestationem,
464 545 494 567 ut
510 539 680 567 Nestoriani.

263 670 305 696 An
320 670 455 697 ordinatio
469 677 518 705 per
527 670 682 705 pecuniam,
697 677 757 704 quze
770 669 797 696 in
813 668 1012 704 depositionem

230 715 384 742 necessario
412 714 551 742 incurrit?
579 713 626 741 Na:
652 714 678 741 id
698 721 811 749 prorsus
839 721 933 741 verum
949 717 1011 740 est:

229 764 294 787 tunc
308 760 381 787 enim
396 764 519 795 pastores
531 759 584 787 visi
602 764 666 786 sunt
689 759 747 794 lupi
768 766 892 793 rapaces,
917 759 1011 786 altaria

228 803 326 831 effossa
352 809 425 837 sunt,
460 804 560 832 divina:
588 805 709 839 reliquiw
735 805 871 832 dedecore
895 804 1011 836 allectat,

229 849 296 876 sacri
315 849 376 876 libri
390 849 490 877 exusti.
507 849 576 882 Quid
593 843 691 885 plura?
707 850 766 885 ipsa
789 850 892 878 Christi
912 850 1010 886 imago,
1026 839 1050 869 Β

229 899 328 929 prteter
345 894 411 921 alias
439 895 634 926 sanctissimas,
658 896 855 923 contumeliose
881 896 972 922 habita
987 901 1015 924 et

228 940 396 968 couculcata.
417 940 446 967 Et
462 941 522 975 quis
532 941 608 968 brevi
625 942 749 969 oratione
767 942 911 976 complecti
920 947 1013 976 queat,

228 993 288 1020 qua:
303 986 411 1021 longam
437 986 623 1013 narrationem
651 987 821 1022 requirunt?
844 987 914 1020 Quid
940 989 1013 1022 quod

229 1039 311 1067 porro
327 1039 446 1067 sequens
460 1033 617 1068 patriarcha
630 1041 662 1061 ex
678 1034 801 1062 saeculari
815 1035 849 1062 ad
868 1035 1014 1071 episcopa-

229 1077 282 1104 lem
301 1077 463 1113 dignitatem
485 1084 599 1113 repente
625 1085 781 1114 provectus,
815 1080 931 1108 idoneus
956 1088 1013 1107 non

228 1121 281 1148 fuit
291 1122 337 1156 qui
351 1129 399 1157 pro
415 1122 514 1157 spiritu
531 1127 664 1157 quantum
681 1124 746 1151 satis
764 1130 823 1152 erat
842 1125 1015 1152 decertaret?

228 1167 294 1194 Inde
308 1167 435 1194 scandala
450 1176 456 1194 :
477 1168 540 1196 inde
554 1169 597 1196 illa
615 1177 676 1203 qua:
697 1170 752 1204 jam
770 1178 820 1197 nos
836 1171 1013 1203 conturbant,

229 1212 360 1246 originem
390 1218 578 1247 sumpserunt.
597 1213 653 1241 Vos
679 1214 772 1249 itaque
798 1222 853 1249 quo
872 1216 934 1242 sitis
951 1223 1014 1250 erga

229 1258 305 1285 illum
319 1259 419 1290 animo,
441 1259 565 1286 novistis.
579 1259 635 1287 Nos
658 1267 734 1292 vero,
751 1265 781 1287 ut
806 1261 945 1296 sigillatim
966 1269 1014 1288 eos

229 1303 275 1337 qui
295 1303 410 1337 pecunia
429 1303 545 1330 ordinati
571 1303 692 1336 fuerant,
715 1303 893 1331 audiebamus
916 1307 950 1331 ab
970 1305 1015 1331 illo

228 1355 283 1375 non
299 1348 407 1376 admitti
424 1348 458 1376 ad
477 1349 709 1381 communionem.
732 1357 887 1384 quanquam
904 1358 961 1377 non
977 1350 1014 1378 ita

228 1394 444 1426 existimabatur,
459 1394 626 1421 conveniens
645 1401 706 1422 esse
718 1395 848 1422 duximus
863 1395 938 1430 pacis
958 1401 1015 1423 stu~

228 1440 275 1467 dio
305 1440 479 1468 concordiam
508 1447 570 1467 cum
593 1447 628 1467 eo
650 1441 791 1468 retinere:
819 1441 953 1476 siquidem
980 1441 1015 1469 ad

228 1485 311 1516 hanc,
325 1486 414 1520 quoad
429 1485 500 1518 licet,
520 1486 748 1520 propendendum
765 1491 817 1519 est,
842 1491 872 1514 ut
886 1492 914 1514 et
924 1487 1015 1515 Theo-

228 1530 306 1566 logus
330 1531 370 1558 ait
381 1531 421 1564 "';
440 1539 472 1558 ac
491 1531 538 1558 ubi
558 1531 719 1559 offensionis
746 1532 866 1568 suspicio
886 1537 939 1566 est,
957 1541 1015 1560 me-

228 1573 282 1600 lius
296 1577 338 1601 est
362 1574 490 1601 assentiri
519 1582 599 1609 quam
629 1576 800 1610 pertinacem
824 1584 896 1604 esse.
922 1576 1016 1612 Neque

228 1627 294 1646 vero
318 1619 369 1654 ipsi
389 1627 437 1646 vos
461 1620 494 1647 dc
525 1620 694 1648 conscientia
724 1626 814 1649 vestra
842 1622 1015 1658 depellimus.

228 1664 338 1700 Vosque
351 1665 471 1692 vicissim
492 1665 518 1693 id
537 1673 552 1693 a
569 1666 649 1694 nobis
666 1667 693 1693 in
703 1675 733 1694 re
747 1667 818 1695 haud
838 1669 948 1703 penitus
959 1678 1016 1697 ma-

229 1709 329 1736 nifesta
343 1717 379 1737 ne
398 1710 517 1745 exigite:
536 1711 758 1745 quandoquidem
783 1716 810 1739 et
835 1721 962 1747 persona,
989 1719 1017 1741 et

229 1760 348 1791 tempus.
369 1760 396 1783 et
413 1756 581 1790 experientia
597 1757 744 1785 conciliare
764 1758 832 1786 solet
847 1766 906 1791 eos,
921 1760 967 1794 qui
982 1760 1016 1788 de

229 1802 326 1830 iisdem
342 1802 424 1830 rebus
438 1810 493 1830 non
505 1803 601 1830 eadem
616 1803 780 1830 sentiebant.

264 1847 319 1875 Sed
340 1855 471 1882 quorsum
496 1847 546 1874 ista
563 1847 596 1874 ad
623 1848 744 1875 divinutn
775 1849 940 1877 Germanum
970 1858 1015 1878 rc-

228 1892 332 1927 gressio
346 1892 357 1918 ?
372 1896 402 1918 ut
415 1891 478 1918 inde
492 1899 604 1926 pr0rsus
627 1892 764 1920 ordinatio
775 1898 924 1928 repetatur.
945 1895 1014 1928 Quid

227 1939 312 1971 enim,
327 1938 360 1964 de
376 1937 463 1964 tribus
478 1937 523 1972 qui
552 1936 690 1972 interjecti
722 1937 832 1966 fuerunt
856 1940 989 1968 haereticis
1003 1940 1015 1967 ἲ

228 1983 356 2010 nullusne
382 1987 434 2015 est,
449 1982 494 2016 qui
518 1981 553 2009 ab
568 1982 622 2009 illis
635 1983 776 2010 ordinatus
790 1992 844 2011 non
858 1984 951 2015 fuerit,
967 1990 1015 2012 aut

228 2029 262 2055 ah
278 2028 311 2056 iis
325 2035 395 2063 quos
419 2027 458 2055 illi
474 2028 646 2060 ordinarant,
660 2029 818 2056 transmissa
832 2037 913 2064 porro
928 2038 1014 2065 usque

228 2073 262 2100 ad
279 2073 421 2100 Tarasinm
437 2073 630 2101 ordinatione?
649 2073 735 2105 Quam
757 2075 835 2102 multi
857 2082 890 2102 ex
907 2076 1014 2103 oriente

229 2122 257 2145 et
271 2118 414 2145 occidente
427 2122 454 2145 et
468 2118 596 2153 aquilone
608 2123 635 2146 et
648 2119 716 2145 mari
732 2125 865 2147 venerunt
880 2120 926 2147 illo
943 2125 1014 2148 tem-

1067 219 1100 245 ἐκ
1113 219 1160 245 τοῦ
1175 217 1344 253 προφανοῦς,
1365 218 1516 253 ὀρθόδοξος,
1531 218 1592 249 ταῖς
1616 226 1646 244 τε
1673 217 1766 251 ἁγίαις
1791 227 1854 244 συν-

1067 264 1135 296 όδοις
1147 262 1351 299 ἠκολουθηκὼς,
1365 263 1411 289 καὶ
1426 262 1616 298 ὀμοφρονήσας
1629 263 1685 293 τοῖς
1702 262 1792 294 ἄλλοις
1803 270 1856 290 πα-

1065 308 1229 344 τριάρχαιςο
1261 308 1464 343 ἀγωνισάμενος
1496 307 1614 341 μάλιστα
1636 307 1707 342 ὑπὲρ
1733 307 1854 339 πίστεως

1065 353 1095 385 τὸ
1109 354 1251 389 πρότερον.
1276 353 1308 380 'H
1334 353 1388 379 τῶν
1410 352 1440 384 ἐξ
1464 351 1599 387 αἱρέσεως
1624 351 1854 386 ὑποστρεψάντων

1066 399 1206 434 παραδοχή
1216 407 1223 432 ;
1234 398 1288 425 Kal
1301 398 1349 433 οὐχ
1367 397 1413 424 ὑπ’
1429 397 1512 424 αὑτοῦ
1522 396 1752 432 καινιγτομηθείσα
1765 405 1772 412 ·
1788 399 1833 431 αρ’
1842 406 1856 428 ς

1065 445 1119 479 γὰρ
1130 444 1185 471 τῶν
1200 444 1286 479 ἁγίων
1308 443 1438 478 Πατάρων
1471 442 1575 478 τριχῶς
1601 441 1833 476 παραδεχομένων
1847 450 1853 456 ·

1065 490 1081 524 ἢ
1103 489 1146 516 διὰ
1164 488 1393 523 ἀνασαπτισμοῦ,
1412 487 1450 518 ώς
1478 487 1496 522 ἡ
1522 487 1577 513 τῶν
1609 485 1808 520 Πεπουζηνῶν·
1840 485 1857 519 ἦ

1064 534 1108 561 διὰ
1129 534 1246 570 χρίσεως
1271 534 1367 569 μύρου,
1383 533 1422 564 ὡς
1453 533 1469 567 ἡ
1493 531 1549 558 τῶν
1581 531 1750 566 ’Δρειανῶν·
1780 530 1794 564 ἡ
1821 530 1858 556 δι’

1064 579 1287 614 ἀναθεματισμοῦ
1307 579 1358 614 τῆς
1371 578 1478 610 οἰκείας
1504 576 1602 613 δόξης,
1620 576 1659 609 ὡς
1684 576 1702 612 ἡ
1717 576 1773 603 τῶν
1801 576 1858 603 Ns-

1065 625 1224 659 στοριανῶν.
1762 624 1766 627 ’

1105 670 1136 696 'H
1154 670 1183 696 ὲν
1200 670 1321 706 χρήμασι
1347 669 1512 705 χειροτονία,
1530 669 1592 703 ἥτις
1609 668 1760 695 ὕποπίπτει
1785 669 1859 695 κατὰ

1063 715 1093 741 τὸ
1108 716 1254 749 ἀναγκαῖον
1267 715 1443 750 καθαιρέσει;
1458 715 1523 748 Nal,
1540 713 1693 749 πανάληθες
1704 721 1712 729 ·
1728 714 1776 740 καὶ
1791 713 1860 748 γοῦν

1063 760 1213 795 τηνικαῦτα
1236 760 1368 796 ποιμένες
1387 760 1465 787 λύκοι
1490 760 1585 796 βαρεῖς
1610 759 1741 794 ὤφθησαν
1755 767 1763 774 ·
1788 767 1859 785 κατ-

1064 805 1188 841 επκάφθη
1215 806 1396 842 θυσιαστήρια
1410 814 1419 823 ο
1433 806 1560 841 ἠτιμώθη
1577 805 1635 832 θεῖα
1664 804 1779 839 λείψανα
1791 812 1800 820 '
1815 805 1859 840 βί-

1064 851 1121 878 ὃλοι
1139 853 1208 887 lspal
1231 851 1450 888 ἐνεπρήσθησαν.
1471 851 1503 877 Τί
1519 850 1601 877 πλέον
1619 858 1627 883 ;
1642 850 1711 885 αὑτὴ
1734 850 1750 885 ἡ
1774 851 1860 877 εἰκὼν

1064 896 1111 923 τοῦ
1140 897 1260 932 Χριστοῦ
1280 897 1350 932 πρὸς
1376 896 1470 927 ἄλλαις
1498 895 1683 926 σεπτοτάταις
1711 894 1859 928 ὲνύῦριστο

1065 942 1112 968 καὶ
1125 942 1345 977 κατεπεπάτητο.
1359 942 1413 968 Kal
1428 941 1470 973 τίς
1487 941 1520 967 ἃν
1534 942 1563 968 ὲν
1578 940 1662 975 ὀλίγῳ
1677 939 1807 971 διεξέλθοι
1821 939 1859 965 τὰ

1066 988 1176 1022 μακρᾶς
1190 987 1311 1022 ἱστορίας
1328 986 1461 1021 δεόμενα;
1484 985 1564 1012 Ἀλλὰ
1580 985 1606 1011 τί
1623 985 1666 1011 ὅτι
1679 985 1693 1011 ό
1707 984 1859 1018 μετέπειτα

1065 1033 1197 1068 πρόεδρος
1209 1033 1240 1059 ἐκ
1257 1032 1308 1067 τῆς
1330 1031 1468 1067 κοσμικῆς
1481 1030 1547 1066 ὕλης
1563 1030 1661 1057 θᾶττον
1683 1031 1725 1060 εἰς
1749 1030 1781 1056 τὸ
1807 1029 1860 1064 τῆς

1066 1077 1207 1112 ίεραρχίας
1222 1076 1330 1112 ἀξίωμα
1348 1076 1462 1111 προϐὰς,
1480 1076 1529 1111 οὐχ
1539 1072 1595 1107 οἷός
1607 1083 1637 1102 τι
1652 1075 1764 1109 γέγονεν
1776 1074 1862 1110 ὑπερ’

1067 1122 1189 1158 μαχῆσαι
1230 1122 1330 1154 ἱκανῶς
1355 1121 1403 1148 τοῦ
1438 1121 1616 1156 meditatae;
1652 1119 1795 1147 Ἐντεῦθεν
1823 1122 1860 1148 τὰ

1065 1168 1213 1195 σκάνδαλα·
1243 1167 1347 1194 ἐκεῖθεν
1359 1166 1408 1194 καὶ
1425 1167 1460 1193 τὰ
1474 1167 1525 1203 ἢδη
1541 1166 1711 1202 ταράττοντα
1741 1167 1794 1202 τὴν
1811 1168 1858 1193 αξ-

1064 1214 1122 1240 sia»
1138 1213 1256 1248 εἴληφεν.
1265 1214 1360 1248 Ὑμεῖς
1373 1213 1422 1248 μὲν
1434 1211 1492 1245 οὖν,
1500 1213 1613 1245 ὅπωςτὰ
1623 1212 1691 1248 πρὸς
1699 1212 1863 1248 αὑτὺνιχοι-

1064 1266 1105 1290 τε,
1119 1258 1186 1285 ῐστε.
1195 1259 1290 1293 Ἡμεῖς
1303 1257 1443 1293 δὲ,ὲπειδὴ
1450 1259 1480 1284 ὲν
1488 1258 1526 1293 τῷ
1533 1258 1615 1292 μέρει
1627 1257 1681 1285 τῶν
1693 1259 1723 1284 ὲν
1736 1258 1862 1293 χρήμασι

1065 1303 1307 1338 χειροτονηθέντων
1321 1303 1459 1338 ἠκούομεν
1468 1303 1532 1338 παρ’
1545 1303 1627 1329 αὐτοῦ
1641 1303 1680 1338 μὴ
1694 1303 1860 1338 προσίεσθαι

1065 1349 1163 1380 αὐτοὺς
1178 1349 1218 1380 εἰς
1228 1349 1380 1381 κοινωνίαν,
1395 1348 1500 1383 κᾶνούχ
1515 1348 1601 1380 οὕτως
1614 1349 1753 1375 ὑπενοεῖτο
1763 1368 1770 1380 ,
1790 1357 1861 1383 συμ-

1066 1394 1148 1429 φέρον
1163 1394 1326 1430 ἡγησάμεθα
1341 1393 1386 1421 διὰ
1397 1394 1426 1421 τὸ
1440 1394 1489 1430 τῆς
1504 1395 1616 1430 εἰρήνης
1628 1394 1713 1421 καλὸν
1728 1395 1779 1429 τὴν
1791 1396 1861 1430 πρὸς

1065 1441 1147 1468 αὑτὸν
1165 1441 1292 1475 ὁμόνοιαν
1309 1449 1317 1458 ·
1346 1439 1464 1475 ἐπείπερ
1496 1440 1564 1475 φησὶ
1589 1440 1637 1466 καὶ
1668 1441 1683 1466 ὁ
1708 1439 1858 1474 Θεολόγος·

1068 1487 1139 1519 Ἕως
1153 1487 1223 1520 ἐξὸν,
1239 1487 1400 1514 ἁποκλιτέον
1419 1486 1486 1522 πρὸς
1501 1486 1614 1522 ταύτην.
1627 1487 1684 1514 Kal
1698 1484 1728 1513 οὗ
1756 1487 1788 1513 τὸ
1813 1487 1861 1512 λυ-

1069 1532 1138 1560 ποῦν
1159 1533 1282 1566 ὑπόνοια,
1312 1532 1415 1567 βέλτιον
1437 1534 1486 1568 τῆς
1503 1532 1648 1564 αὐθαδείας
1674 1533 1691 1569 ἡ
1718 1534 1861 1567 συγκατά-

1068 1579 1153 1611 θεσις.
1168 1579 1225 1606 Kal
1237 1579 1300 1606 οὔτε
1315 1580 1397 1615 ἡμεῖς
1411 1579 1582 1614 καθέλκομεν
1599 1580 1672 1614 ὑμᾶς
1694 1579 1744 1614 τῆς
1771 1588 1864 1606 συνει-

1066 1623 1171 1659 δὴσεως
1187 1632 1195 1640 ο
1213 1624 1275 1660 μηδ’
1287 1624 1367 1651 αὐτοὶ
1380 1624 1544 1660 ἀπαιτοίητε
1555 1625 1630 1660 ἡμᾶς
1645 1625 1695 1660 τῆς
1707 1625 1737 1652 οὺ
1750 1634 1863 1661 προφα-

1067 1669 1130 1701 νοῦς
1147 1671 1213 1705 ἡμῖν
1237 1669 1432 1705 διαγνώσεως·
1448 1671 1542 1706 ἐπειδὴ
1566 1671 1613 1697 καὶ
1636 1671 1783 1707 πρόσωπον
1813 1673 1865 1699 καὶ

1067 1715 1162 1751 χρόνος
1177 1716 1224 1743 καὶ
1241 1718 1323 1752 πεῖρα
1336 1715 1508 1743 διαλλάττειν
1526 1717 1598 1743 ποιεῖ
1611 1718 1674 1750 τοὺς
1693 1718 1730 1753 μὴ
1743 1718 1865 1746 ἐπὶτῶν

1066 1761 1157 1788 αὐτῶν
1169 1761 1300 1794 ὡσαύτως
1315 1762 1483 1798 φθάσαντας.

1107 1850 1188 1878 Ἀλλὰ
1200 1851 1242 1883 τίς
1254 1852 1268 1878 ό
1284 1851 1353 1888 πρὸς
1367 1852 1414 1880 τὸν
1427 1853 1498 1880 θετον
1512 1854 1652 1890 Γερμανδν
1669 1856 1863 1893 ἀναποδισμδς

1066 1896 1114 1923 καὶ
1127 1897 1156 1923 τὸ
1170 1897 1274 1924 ἐκεῖθεν
1289 1899 1322 1925 ὲκ
1333 1899 1433 1931 παντὸς
1447 1899 1540 1934 ζητεῖν
1553 1900 1603 1936 τὴν
1616 1902 1786 1938 χειροτονίαν
1800 1912 1810 1936 ;
1827 1905 1865 1936 Τί

1065 1942 1119 1978 γὰρ
1130 1943 1177 1970 καὶ
1184 1944 1243 1970 οίὲν
1251 1944 1327 1979 μέσῳ
1339 1946 1412 1980 τρεῖς
1423 1945 1570 1981 αἱρετικοίς
1584 1948 1634 1974 οὐκ
1643 1948 1699 1975 ἐστι
1714 1958 1757 1981 τις
1767 1951 1806 1986 μὴ
1816 1945 1867 1977 ὑπ’

1064 1987 1155 2013 αὐτῶν
1169 1989 1379 2024 χειροτονηθεὶς,
1397 1989 1412 2024 ἢ
1427 1991 1518 2017 ἐκτῶν
1526 1991 1594 2026 πρὸς
1603 1993 1692 2020 αὐτῶν
1705 2002 1870 2030 χειροτονη-

1065 2031 1176 2066 θὲντων,
1198 2034 1269 2061 κατὰ
1284 2035 1396 2062 κάθοδον
1412 2036 1493 2072 μέχρι
1509 2038 1648 2073 Ταρισίου
1673 2040 1870 2076 ἀμειϐομένης

1065 2079 1114 2113 τῆς
1129 2080 1314 2114 χειροτονίας;
1330 2081 1412 2108 Πόσοι
1427 2081 1460 2114 ἐξ
1475 2083 1616 2111 ἀνατολῶν
1632 2084 1679 2111 καὶ
1690 2084 1802 2121 δυσμῶν
1811 2089 1867 2114 καὶ

1067 2123 1153 2159 βορρᾶ
1169 2125 1217 2151 καὶ
1229 2124 1366 2160 θαλάσσης
1380 2126 1481 2161 ἡκασιν
1507 2128 1536 2154 ὲν
1549 2128 1588 2164 τῷ
1604 2129 1718 2164 μεταξὺ,
1736 2131 1785 2158 καὶ
1799 2140 1870 2158 συν-

229 2163 303 2199 poris
313 2164 412 2198 spatio,
430 2167 612 2199 susceptoque
638 2164 791 2192 sacerdotio
818 2165 947 2193 Ecclesia:
962 2174 1014 2193 no-

1068 2170 1192 2205 ἡφθησαν
1209 2170 1254 2197 διὰ
1284 2172 1426 2204 κοινωνίας
1450 2174 1483 2209 τῇ
1515 2163 1579 2200 καθί
1605 2163 1679 2211 ἡμᾶς
1710 2176 1870 2214 Ἐκκλησία.

229 2213 292 2236 strae
318 2216 366 2244 per
396 2209 618 2236 communionem
644 2208 784 2243 conjuncti
814 2208 952 2238 luerunt?
982 2211 1016 2239 Et

228 2263 309 2289 quam
325 2254 405 2282 multi
435 2254 496 2282 sine
518 2254 634 2289 pecunia
663 2254 781 2282 ordinati
811 2259 868 2282 tum
893 2255 1014 2290 fuerunt,

229 2300 456 2334 ordinaruntque,
472 2299 596 2334 quamvis
611 2299 703 2327 forent.
717 2300 838 2327 haeretici
852 2301 863 2327 ?
879 2301 925 2328 Dei
936 2301 1017 2329 unius

228 2351 271 2374 est
286 2346 344 2374 haec
358 2346 449 2373 omnia
474 2353 566 2378 nosse,
585 2353 641 2373 non
677 2351 768 2374 autem
798 2347 918 2374 hominis
944 2347 1017 2374 allir-

228 2399 326 2419 mare:
343 2398 492 2425 omnesque
521 2394 666 2426 propterea
707 2391 845 2426 depositos
880 2393 1016 2421 arbitrari.

229 2437 283 2464 Sed
311 2436 441 2472 quoniam
466 2436 593 2464 homines
621 2445 726 2470 sumus,
755 2437 896 2464 hominum
929 2446 1017 2472 more,

229 2489 332 2517 quaaso,
362 2489 406 2508 res
425 2481 622 2516 inspiciamus:
640 2489 674 2509 eo
691 2482 766 2516 quod
789 2482 873 2509 homo
899 2483 1015 2516 vultum,

230 2528 302 2556 Deus
317 2536 381 2556 vero
395 2535 443 2556 cor
457 2529 580 2562 intuetur
593 2528 633 2554 ":
652 2535 684 2555 ac
700 2528 871 2556 solummodo
893 2529 1018 2564 exigatur

229 2574 284 2601 oris
311 2573 458 2606 confessio,
478 2573 587 2608 quando
609 2581 669 2600 eam
692 2573 802 2600 mentiri
821 2581 877 2600 non
909 2574 1016 2609 liquet:

229 2619 378 2646 secundum
391 2625 472 2653 quam
490 2622 517 2646 et
530 2618 657 2645 Tarasius
672 2618 871 2646 ordinationem
881 2619 1017 2654 suscepit:

228 2664 264 2691 oh
280 2672 361 2699 quam
380 2668 408 2691 et
432 2664 483 2691 viri
510 2664 652 2698 diligentes
681 2670 714 2690 ac
738 2663 859 2699 religiosi
882 2664 930 2698 qui
957 2670 1014 2692 tum

228 2713 318 2740 erant,
343 2713 370 2736 et
385 2708 498 2736 Tarasio
512 2716 542 2735 se
555 2708 758 2744 conjunxerunl
774 2713 802 2736 et
824 2716 885 2736 cum
901 2717 934 2736 eo
947 2717 1014 2737 con-

229 2756 374 2778 senserunt
390 2760 396 2779 :
414 2756 440 2779 et
461 2756 573 2786 repente
595 2756 656 2787 post
675 2751 806 2788 synodum
820 2752 1013 2781 discessionem

270 2818 381 2856 παι-(ξε.
400 2821 478 2855 Naz.,
491 2825 561 2849 orat.
576 2822 619 2856 Μ,
638 2831 700 2858 pag.
715 2822 779 2851 223.
819 2823 841 2867 ξ’
855 2823 864 2850 l
878 2822 943 2858 Reg.
962 2832 1016 2858 xvi,
1033 2825 1059 2852 7.

1070 2216 1219 2251 ῑερωμένοι
1233 2225 1240 2250 ;
1256 2218 1312 2244 Καὶ
1325 2218 1382 2245 ὅσοι
1399 2219 1465 2246 ἄνευ
1493 2221 1642 2256 χρημάτων
1667 2224 1797 2258 τηνικάδε
1815 2234 1869 2252 κε-

1068 2261 1281 2297 χειροτόνηνται,
1296 2265 1343 2290 καὶ
1358 2266 1608 2301 κεχειροτονήκασι,
1626 2268 1678 2295 κᾶν
1713 2269 1841 2305 ᾐρέτιζον
1857 2281 1868 2305 ;

1070 2307 1163 2352 Ταῦτα
1177 2307 1267 2352 se?“
1278 2308 1349 2352 ρεοῦ
1367 2310 1448 2344 μόνου
1462 2311 1618 2346 γινώσκειν,
1628 2314 1676 2340 καὶ
1690 2313 1740 2341 οὐκ
1756 2316 1806 2342 ἀνθ
1811 2317 1871 2352 ρῶ-

1071 2358 1124 2376 που
1136 2350 1368 2379 διαϐεϐαιοῦσθαι.
1385 2353 1441 2379 Καὶ
1458 2353 1503 2380 διὰ
1517 2355 1597 2381 τοῦτο
1610 2356 1717 2388 πάντας
1734 2350 1871 2395 καθῃρης

1075 2395 1174 2430 μένους
1186 2395 1400 2432 ὑπολαμϐάνειν.
1418 2396 1490 2426 Ἀλλ’
1502 2400 1564 2426 ἐπεὶ
1579 2401 1719 2437 ἄνθρωποι
1734 2423 1742 2436 ,
1757 2403 1797 2435 ὡς
1814 2405 1872 2431 ἄν-

1071 2440 1187 2476 θρωποι,
1202 2443 1366 2478 παρακαλῶ,
1385 2445 1420 2471 τά
1438 2445 1593 2481 πράγματα
1605 2448 1762 2482 κατίδωμεν
1772 2458 1780 2464 ·
1793 2449 1871 2478 διότι

1070 2486 1213 2521 ἄνθρωπος
1228 2488 1270 2520 εἰς
1285 2489 1442 2524 πρόσωπον,
1463 2491 1528 2523 Θεὸς
1541 2492 1569 2518 δὲ
1599 2493 1641 2525 είς
1664 2494 1781 2529 καρδίαν
1798 2497 1870 2531 ὁρᾷ,

1071 2531 1119 2557 καὶ
1138 2533 1154 2566 ἡ
1180 2532 1224 2560 διὰ
1254 2534 1390 2570 στόματος
1414 2537 1546 2571 ὁμολογία
1571 2538 1652 2573 μόνον
1679 2540 1869 2574 ἀπαιτείσθω,

1071 2577 1152 2612 ἡνίκα
1167 2578 1200 2605 ἂν
1217 2579 1254 2615 μὴ
1271 2581 1420 2615 προφανῶς
1445 2582 1644 2619 διαψεύδηται·
1661 2584 1725 2611 καθ’
1752 2586 1786 2620 ἡν
1814 2587 1872 2613 καὶ

1073 2623 1211 2659 Ταράσιος
1225 2626 1275 2661 τὴν
1292 2628 1461 2662 χειροτονίαν
1475 2628 1583 2661 ἐδέξατο
1594 2637 1600 2644 ·
1619 2630 1662 2664 ἐφ’
1700 2630 1748 2656 καὶ
1764 2632 1788 2657 οἱ
1799 2631 1870 2659 τότε

1067 2668 1188 2705 ζηλωταὶ
1204 2672 1251 2698 καὶ
1265 2673 1399 2708 ἀκριϐεῖς,
1415 2675 1462 2701 καὶ
1489 2675 1619 2710 συνῆλθον
1643 2675 1776 2712 Ταρασίῳ
1787 2697 1795 2708 ,
1812 2679 1872 2705 καὶ

1065 2715 1283 2752 ώμογνωμόνουν
1293 2725 1300 2733 ·
1320 2719 1367 2745 καὶ
1382 2719 1478 2746 θᾶττον
1495 2721 1564 2754 μετὰ
1577 2721 1627 2756 τὴν
1646 2721 1756 2748 σύνοδον
1772 2722 1871 2757 διηνέ-

1066 2759 1170 2796 χθησαν
1187 2761 1255 2796 πρὸς
1269 2763 1301 2798 τῇ
1331 2763 1471 2799 παραδοχῇ
1490 2765 1550 2792 κατ’
1565 2766 1665 2797 αὐτοὺς
1687 2766 1736 2801 τῆς
1751 2766 1780 2793 ὲν
1791 2767 1870 2801 χρή-
