1926 3078
77 156 147 188 1105

690 152 961 184 EPISTOLARUM
978 152 1052 181 LIB.
1068 151 1093 181 Ι.

1639 150 1706 181 1106

77 221 146 248 μασι
162 209 332 246 χειροτονίας
342 217 360 234 ο.
373 209 422 237 καὶ
433 209 468 235 δι’
483 209 550 236 ἄλλα
563 208 627 235 τινὰ
637 208 793 243 ζητήματα.
815 207 865 234 "Av

921 207 1052 238 iecerunt,
1066 205 1102 232 ob
1119 207 1285 238 susceptam,
1304 207 1334 230 ut
1362 201 1429 236 ipsis
1446 201 1535 229 visunt
1550 207 1603 235 est,
1622 210 1706 237 pecu—

75 258 156 285 τοῦτό
165 265 198 291 γε
210 256 284 283 οὕτω
298 255 388 290 δοκοίη
406 253 436 282 εὖ
453 255 525 289 ἔχειν
547 255 594 281 καὶ
620 255 684 290 ὑμῖν
701 262 707 268 ·
723 254 770 281 καὶ
796 254 865 288 πρὸς

75 303 106 330 τὺ
122 302 188 337 ἑξῆς
205 300 380 336 βαδιούμεθα.
397 299 490 326 Ταῦτα
504 299 558 333 γὰρ
582 300 629 325 καὶ
646 299 700 325 ἀπὸ
726 299 865 333 Ταρασίου

76 348 162 384 μέχρι
181 347 228 374 τοῦ
244 345 324 381 δεῦρο
337 345 510 381 λεχθήσεται.
526 345 559 372 Τί
573 346 604 375 δὲ
612 345 642 372 τὸ
656 345 864 379 συμπέρασμα;

75 394 112 420 Ῥὺ
126 393 183 420 ἀπὺ
200 392 301 423 παντὸς
317 391 414 427 ἱερέως
432 391 611 426 ἁδιαὸλήτου,
630 390 700 417 κατὰ
715 390 761 417 τδν
773 389 867 416 Θεολύ-

75 448 123 472 τον
137 439 186 465 καί
196 438 401 474 Χρυσόστομον,
419 436 556 472 μετέχειν.
573 436 602 463 '0
616 436 669 470 μὲν
683 436 747 472 γὰρ,
763 435 845 470 φησιν
857 443 865 452 ο

77 485 170 512 Ἔστω
194 492 236 511 σοι
253 484 308 516 πᾶς
321 483 478 515 ἀξιόπιστος
494 483 534 514 εἰς
553 482 604 516 τὴν
620 481 767 517 κάθαρσιν,
786 481 866 516 μόνον

75 530 147 556 ἔστω
177 537 221 561 τις
251 528 306 556 τῶν
336 527 480 563 ὲγκρίτων,
506 527 554 554 καὶ
578 526 616 562 μὴ
643 526 783 561 προδήλως
805 534 867 552 κατ-

75 575 267 610 εγνωσμένων,
277 574 345 609 μηδὲ
360 573 414 599 τῶν
422 573 471 608 τῆς
482 572 599 603 πίστεως
607 571 765 607 ἀλλοτρίων.
784 573 814 597 '0
823 571 864 603 δὲ,

76 619 279 656 Περιεργάζου,
293 619 517 654 πολυπραγμόνει
527 626 534 634 ·
564 618 594 644 οὺ
625 618 680 653 γὰρ
697 617 838 649 ἀκίνδυνος
849 618 866 652 ἡ

75 665 252 698 ἀνεξέταστος
269 665 408 701 κοινωνία.
425 664 494 700 Περὶ
509 663 563 699 γὰρ
579 662 707 699 μεγάλων
732 664 747 690 6
776 663 868 690 κίνδυ-

76 720 132 743 νος.

116 841 329 877 Ἐκζητὴσωμεν
355 841 445 869 τοίνυν
471 841 519 868 κατ⁸
554 841 865 876 πολυπραγμονήσωμεν

76 888 140 922 παρ’
157 872 352 921 οἶδόᾧείλομεν
371 885 537 920 κοινωνῆσαι
555 893 563 901 ·
581 886 606 912 ει
624 872 675 920 silv
687 872 783 912 πίστιν
799 872 865 920 ὁμο·
880 872 902 902 Β

75 930 170 965 λογοίη
181 930 277 966 ὀρθὴν,
293 930 317 956 εί
333 929 370 964 μὴ
382 930 506 964 χρήμασι
528 930 748 965 κεχειροτόνηται
761 938 769 945 ο
790 930 814 956 εί
828 930 864 965 μή

76 984 101 1002 τι
129 975 194 1002 ἀλλο
212 975 267 1002 τῶν
293 975 364 1002 κατὰ
389 975 436 1002 τὸν
454 975 512 1010 βίον
525 975 609 1002 αὐτοῦ
635 975 866 1010 ὑποπτευομένων

76 1022 122 1048 καὶ
138 1021 319 1056 ἠκουσμένων
334 1019 489 1055 σφαλερῶν,
504 1019 616 1055 ἀληθές.
631 1020 663 1047 Et
692 1020 720 1046 δὲ
747 1020 788 1047 ὃτι
815 1020 866 1054 τὴν

76 1067 248 1103 χειροτονίαν
273 1067 465 1102 καταγομένην
480 1066 537 1102 ἔχει
553 1066 608 1093 ἀπὸ
620 1066 667 1094 τοῦ
682 1066 780 1099 δεῖνος,
809 1066 866 1092 είτε

76 1112 106 1144 ἐξ
132 1111 284 1147 αἱρετικοῦ,
302 1113 356 1138 εἴτε
369 1113 402 1139 ὲκ
416 1112 732 1148 χρηματοχειροτονήτου
745 1120 752 1126 ·
784 1111 867 1143 αὐτὸς

75 1158 103 1184 δὲ
117 1158 181 1184 οὕτε
209 1158 358 1194 αῐρετικδς,
375 1157 438 1185 οὔτε
459 1159 488 1184 ὲν
510 1157 611 1192 γνώσει
638 1158 671 1184 ὲκ
694 1157 867 1193 χρηματολή-

75 1212 156 1234 mou.
172 1203 223 1230 εἴτ’
245 1203 292 1230 οὖν
316 1202 493 1239 Σιμωνιανοῦ,
510 1203 766 1238 κεχειροτονημένος
779 1211 785 1218 ·
801 1204 866 1238 ὁμο-

75 1250 169 1284 λογοίη
183 1249 205 1275 δ’
223 1250 298 1285 ὅμως
310 1250 360 1285 τὴν
373 1250 464 1276 πᾶσαν
480 1249 621 1285 ἀλήθειαν,
650 1249 700 1284 τήν
720 1257 751 1276 τε
774 1249 867 1276 πίστιν

75 1294 222 1328 φυλάττειν
236 1294 283 1321 καὶ
297 1295 358 1327 τοὺς
375 1294 491 1326 κανόνας
501 1294 716 1330 ἀπαρατρώτους
731 1303 738 1311 ·
752 1295 816 1328 τούς
831 1304 862 1322 τε

76 1340 140 1366 κατ’
166 1340 314 1375 ἀμφότερα
325 1348 483 1376 παρατετρα
489 1340 608 1375 μμένους
624 1340 844 1376 ἀποϐαλλόμενος
857 1348 865 1356 θ

76 1385 167 1417 οὐδεὶς
185 1386 251 1421 ἡμῖν
264 1385 341 1419 λόγος
353 1385 460 1421 ἀποχῆς
485 1386 555 1421 πρὸς
566 1386 658 1412 αὐτόν.
692 1385 866 1420 Ἀκατάγνω-

77 1438 141 1460 στος
163 1429 246 1464 γᾶρὸ
263 1429 383 1461 τοιοῦτος
412 1428 482 1456 κατὰ
513 1430 577 1460 τοὺς
608 1429 866 1464 προδεδηλωμένους

77 1475 185 1508 ἁγίους,
203 1474 251 1500 καὶ
270 1474 304 1501 δι’
317 1473 407 1501 αὐτῶν
430 1474 502 1501 κατά
524 1473 641 1505 πάντας.
670 1473 750 1501 Οὕτω
776 1474 867 1500 τοίνυν

917 252 1031 279 niariam
1044 249 1255 280 ordinationem,
1269 252 1297 276 et
1312 247 1378 276 alias
1389 248 1518 282 quasdam
1529 248 1704 282 quzestiones.

918 297 946 324 Si
963 298 1015 325 hoc
1027 296 1107 324 vobis
1127 295 1223 328 etiam,
1241 299 1315 322 recte
1340 293 1442 321 habere
1464 293 1607 321 rideatur:
1623 293 1657 320 ad
1673 300 1706 321 ea

917 350 977 378 quae
995 346 1147 377 sequuntur
1159 347 1313 376 pergamus.
1332 338 1463 367 Dicentur
1476 338 1551 366 enim
1567 344 1595 366 et
1604 346 1635 366 ea
1645 347 1706 374 quae

918 392 979 424 post
995 388 1138 415 'l‘arasium
1152 387 1206 414 huc
1221 393 1316 421 usque.
1331 385 1401 418 Quid
1414 390 1504 412 autem
1516 393 1550 413 ex
1570 385 1612 412 his
1628 385 1706 412 colli-

916 435 1007 470 gitur?
1022 434 1057 462 Ut
1071 442 1086 461 a
1100 440 1265 468 quocunque
1281 433 1422 460 sacerdote
1437 432 1483 466 (ιιιὶ
1492 432 1706 466 reprehensione

917 485 1004 514 vacet,
1021 487 1053 508 ex
1067 479 1199 514 Theologi
1211 483 1239 506 et
1251 478 1437 514 Chrysostomi
1462 477 1609 509 sententia,
1630 484 1665 504 ne
1680 481 1706 504 te

917 533 1056 561 segreges.
1072 525 1140 552 Nam
1164 525 1210 552 ille
1235 524 1345 559 quidem
1362 524 1401 551 ait
1417 531 1423 549 :
1449 523 1568 556 Quilibet
1587 523 1634 550 tibi
1648 523 1707 550 ido-

916 579 986 599 neus
999 576 1058 599 esto
1067 571 1101 598 ad
1115 570 1316 606 purgationem,
1330 569 1481 597 dummodo
1496 569 1533 596 sit
1555 576 1589 596 ex
1606 569 1706 604 probo-

918 626 977 646 rum
993 625 1119 649 numero,
1133 625 1188 644 non
1203 624 1236 644 ex
1249 616 1386 644 damnatis
1399 615 1554 648 manifesto,
1568 623 1659 650 neque
1674 623 1707 643 ex

917 663 951 690 iis
965 663 1012 698 qui
1026 670 1041 690 a
1056 662 1109 689 ﬁde
1123 667 1189 689 sunt
1202 661 1296 689 alieni.
1318 661 1367 689 llic
1382 668 1448 688 vero
1465 661 1503 687 ait
1516 669 1524 687 :
1549 659 1658 696 Satage,
1679 664 1707 688 et

915 707 996 734 anxie
1007 705 1115 741 inquire
1126 715 1135 733 :
1152 713 1206 733 non
1223 706 1296 733 enim
1320 705 1443 740 periculo
1466 710 1545 732 vacat
1569 713 1630 740 quae
1647 706 1706 733 sine

919 752 1098 787 inquisitione
1127 752 1158 779 ﬁt
1179 752 1349 779 communio.
1374 751 1412 779 De
1435 759 1465 779 re
1484 752 1585 787 quippe
1608 759 1705 788 magna

917 798 1067 833 periculum
1074 817 1081 826 .

951 844 1148 879 Investigemus
1173 851 1239 879 ergo
1263 848 1291 871 et
1319 843 1435 870 sollicite
1457 843 1544 870 simus
1563 851 1626 871 cum
1651 851 1706 878 quo

917 889 997 916 nobis
1008 888 1265 916 communicandum
1290 888 1335 921 sit,
1348 895 1414 914 uum
1427 892 1529 915 rectam
1547 887 1626 915 ﬁdem
1641 896 1706 923 pro-

918 933 1046 966 ﬁteatur;
1062 941 1127 960 num
1139 933 1254 968 pecunia
1270 933 1305 960 sit
1316 932 1477 965 ordinatus;
1493 933 1614 967 nunquid
1631 933 1706 960 aliud

916 987 1022 1011 eorum,
1038 986 1099 1013 qua:
1114 979 1190 1006 illum
1206 977 1234 1004 in
1265 978 1319 1005 vita
1336 978 1507 1005 commisisse
1526 978 1568 1005 vel
1588 978 1707 1013 suspicio

918 1026 959 1053 vel
973 1025 1042 1052 fama
1065 1028 1118 1055 est.
1141 1031 1237 1052 verum
1251 1024 1296 1051 sit.
1312 1022 1340 1050 Si
1364 1027 1454 1050 autem
1477 1024 1541 1058 quia
1559 1024 1706 1051 deductam

918 1068 1000 1096 habet
1011 1067 1212 1096 ordinationem
1227 1067 1262 1095 ab
1276 1067 1368 1102 aliquo
1382 1067 1512 1094 haeretica
1527 1076 1576 1095 seu
1596 1076 1643 1103 per
1658 1077 1706 1103 pe-

917 1113 1026 1141 cuniam
1041 1113 1166 1141 ordinato
1180 1121 1187 1144 ;
1204 1120 1267 1140 cum
1282 1112 1341 1147 ipse
1357 1112 1469 1139 interim
1488 1120 1539 1140 nec
1561 1113 1707 1140 haereticus

918 1158 1018 1191 sit,nec
1027 1158 1118 1186 sciens
1130 1158 1270 1186 ordinatus
1278 1158 1313 1185 ab
1324 1158 1434 1186 homine
1446 1159 1705 1194 peeuniacorrupto,

918 1204 945 1231 id
958 1209 999 1231 est
1015 1203 1186 1231 Simoniaco:
1202 1212 1311 1231 omnem
1327 1208 1417 1232 autent
1434 1205 1574 1232 veritatem
1583 1210 1610 1232 et
1626 1205 1706 1232 ﬁdem

918 1254 946 1276 et
961 1256 1080 1276 canones
1096 1249 1214 1277 illibalos
1231 1256 1341 1277 servare
1360 1250 1530 1284 proﬁteatur.
1550 1253 1577 1277 et
1599 1257 1647 1277 eos
1660 1251 1706 1284 qui

917 1295 1048 1322 alterutro
1063 1294 1209 1322 deﬁectunt
1226 1295 1338 1330 rejicere
1362 1304 1368 1322 :
1392 1296 1468 1322 nulla
1483 1295 1560 1323 nobis
1585 1296 1653 1324 ratio
1667 1301 1708 1324 est

917 1340 951 1367 ab
970 1339 1016 1367 illo
1028 1339 1196 1368 discedendi.
1207 1340 1230 1367 ls
1239 1340 1312 1368 enim
1322 1340 1476 1375 iuculpatus
1486 1345 1539 1373 est,
1551 1341 1627 1376 juxta
1644 1349 1708 1369 san-

917 1387 976 1410 ctos
990 1383 1071 1410 modo
1089 1383 1222 1416 laudatos,
1236 1389 1264 1411 et
1277 1391 1326 1418 per
1341 1384 1400 1412 illos
1415 1385 1494 1419 juxta
1507 1385 1629 1412 omnium
1645 1394 1708 1413 seu.

921 1428 1049 1455 tentiam.
1069 1428 1115 1456 Sic
1129 1436 1193 1464 ergo
1209 1433 1235 1456 et
1261 1437 1312 1456 uos
1326 1431 1571 1463 communicamus,
1587 1435 1615 1458 et
1631 1432 1708 1458 vobis

918 1476 948 1499 ut
963 1471 1033 1499 idem
1049 1472 1154 1499 faciatis
1167 1478 1293 1501 auctores
1303 1481 1408 1501 sumus.
1426 1475 1546 1509 Alioqui,
1557 1476 1580 1502 si
1592 1475 1709 1510 amplius

75 1522 125 1547 καὶ
145 1520 339 1555 κοινωνοῦμεν,
360 1520 408 1547 καὶ
419 1519 484 1555 ὑμῖν
498 1520 583 1546 ταυτὺ
599 1521 686 1546 ποιεῖν
713 1519 865 1554 συμϐεϐου-

921 1517 1083 1552 inquiratur,
1100 1519 1293 1553 exploduntur,
1309 1524 1339 1546 ut
1352 1519 1569 1547 demonstratum
1588 1525 1641 1553 est,
1657 1521 1709 1547 l’a-

76 1565 198 1601 λεὺμεθα
215 1566 294 1602 [Reg.
313 1565 374 1594 cod.
397 1566 422 1593 ει
447 1566 497 1592 οὐκ
512 1565 695 1601 ἀκουσόμεθα,
712 1566 734 1593 εἰ
754 1573 804 1592 ηοιι
819 1575 868 1592 au-

75 1611 164 1648 ditis].
183 1612 262 1639 Ἐπεὶ
271 1612 295 1638 εί
311 1612 504 1647 περισσότερον
519 1611 693 1647 διηρεύνηται
703 1611 856 1647 ,ἀποκρούε

77 1665 123 1684 ται
138 1657 198 1692 μὲν,
216 1657 254 1688 ὼς
278 1656 423 1689 δέδεικται,
439 1656 473 1683 τὰ
487 1656 540 1683 τῶν
555 1657 685 1692 Πατέρων
711 1656 869 1692 παραγγέλ-

79 1711 155 1739 ματα
170 1710 178 1718 ·
196 1702 359 1738 ἀκλιμπάνει
376 1702 404 1729 δὲ
427 1702 554 1729 τοσοῦτον
578 1702 608 1728 τὸ
640 1702 690 1737 τῆς
719 1702 869 1737 ἱερωσύνης

77 1748 177 1785 δῶρον,
191 1748 235 1783 ἐφ’
248 1744 308 1782 ᾧτὺ
315 1748 474 1785 Χριστιανοὶ
491 1747 634 1774 καλεῖσθαι
649 1746 747 1782 ἔχομεν
758 1755 766 1763 ο
780 1747 818 1779 ὡς
828 1748 868 1779 είς

78 1793 192 1829 ἐθνικὴν
205 1794 280 1828 ἡμᾶς
304 1793 468 1828 μεταπεσεῖν
490 1792 619 1829 λατρείαν
633 1800 640 1806 ·
657 1793 726 1828 ὅπερ
755 1791 866 1819 ἄτοπον.

79 1838 153 1874 Πρὸς
167 1838 198 1864 τό
210 1846 242 1872 γε
258 1839 307 1865 καὶ
321 1838 564 1874 ἁκριὸευομένους,
577 1836 648 1864 οὕτω
663 1837 732 1872 μηδὲ
743 1838 771 1863 ὲν
788 1836 868 1864 Δύσει

79 1883 129 1910 καὶ
146 1883 276 1919 Ἀνατολῇ
290 1883 473 1918 ἀφικομένους
491 1883 628 1917 εὑρίσκειν
640 1882 670 1909 τὸ
682 1882 850 1918 ζητούμενον
859 1901 867 1915 ,

77 1929 271 1964 ἀναδρομάδην
285 1928 510 1965 καθαιρουμένων
525 1928 634 1955 πάντων
643 1928 688 1955 διὰ
712 1928 762 1964 τῆς
785 1928 868 1964 ἀλληη

78 1975 178 2010 λοὺχου
208 1975 496 2010 συλλειτουργήσεως·
536 1973 632 2009 ὲπειδὴ
655 1973 803 2009 προφανῶς
829 1973 868 2009 τῷ

86 2021 233 2056 Ῥωμαίων
247 2021 371 2056 προέδρῳ
388 2021 433 2047 ἐπὶ
447 2020 585 2056 Ταρασίου
600 2020 814 2055 συνιεράτευσαν
840 2020 866 2046 oi

79 2068 113 2094 εκ
129 2066 214 2093 τῶνδε
223 2067 427 2102 ἀποκρισιὰριοι
434 2066 634 2098 ἀποσταλέντες
644 2074 651 2082 ·
663 2065 790 2093 κάκείνου
798 2065 869 2101 τάχα

80 2114 138 2145 τοῖς
147 2112 198 2148 τῆς
218 2112 304 2148 Ἐᾠας
316 2120 326 2129 ·
334 2112 382 2139 καὶ
395 2112 498 2148 φροῦδα
509 2111 632 2139 ἐντεῦθεν
642 2112 677 2138 τὰ
690 2111 740 2147 τῆς
755 2111 868 2147 ιερωσύ-

80 2168 132 2194 νης
146 2167 153 2174 ·
166 2158 182 2186 ὃ
195 2157 438 2194 ἀπαγορεύσαντες
465 2157 585 2190 πάντως,
608 2157 812 2192 καταδεξάμεθα
838 2158 868 2183 ὲν

80 2205 120 2240 τῷ
146 2203 343 2240 προειρημένῳ
366 2203 438 2230 κατὰ
467 2203 533 2234 τοὺς
558 2202 651 2237 ἁγίους
680 2203 773 2237 μέτρῳ
801 2202 907 2237 στῆ-1)

80 2259 138 2276 ναι.

115 2293 192 2320 Διὸτι
206 2292 294 2320 πολλὰ
308 2292 408 2328 συνέϐη
425 2293 473 2319 καὶ
489 2291 634 2327 ωμὸαίνει
647 2292 761 2318 τοιαῦτα
775 2300 867 2326 παρα-

79 2340 219 2375 πτώματα
233 2340 264 2366 tv
273 2340 308 2374 τῇ
325 2338 475 2374 Ἐκκλησία
487 2345 493 2352 ·
505 2337 524 2365 ἃ
533 2337 622 2369 οὐδεὶς
632 2338 686 2364 τῶν
713 2337 799 2371 ἁγίων
823 2336 868 2363 εὖ-

82 2393 164 2420 ρηται
182 2383 255 2411 οὕτω
266 2383 459 2419 διερευνήσας·
476 2384 517 2410 ὅτι
530 2383 600 2418 μηδὲ
615 2380 669 2409 οἷόν
681 2391 722 2414 τε,
738 2381 800 2408 οὕτε
815 2382 869 2417 μὴν

79 2430 216 2457 ἐκδέδωκε
233 2429 378 2464 φυλάττειν
393 2429 477 2463 ἡμᾶς.
493 2429 570 2463 Ἔχει
596 2428 646 2462 μὲν
670 2427 748 2454 ταῦθ’
771 2427 868 2458 οὕτως.

80 2476 152 2510 Περὶ
167 2475 197 2502 δὲ
208 2474 256 2501 τοῦ
273 2474 503 2510 προύργιαίτερον
521 2474 587 2509 ἡμῖν
598 2471 669 2500 εἶναι
695 2473 745 2507 τῆς
777 2481 869 2508 μοιχο-

79 2520 205 2556 κυρώτου
219 2519 329 2547 συνόδου
344 2520 394 2555 τὴν
406 2518 467 2546 καθ’
482 2519 556 2554 ἡμᾶς
578 2517 652 2555 [cod.
683 2517 751 2553 Reg.
775 2518 846 2552 ὑμᾶς
860 2517 869 2553 ]

79 2568 209 2595 ἔνστασιν
225 2586 233 2599 ,
262 2565 425 2602 τεθαύμακα
467 2565 589 2596 ἀκούσας
610 2573 616 2580 ·
647 2564 776 2591 τοσοῦτον
815 2564 869 2598 γὰρ

79 2613 281 2650 προτιμοτέρα,
294 2613 357 2640 ὅσον
372 2611 554 2647 ἀποπολικῆς
569 2610 661 2646 φωνῆς
672 2611 689 2646 ἡ
730 2610 868 2645 Κυριαχή.

117 2702 174 2730 Καὶ
187 2701 265 2728 οὔπω
278 2700 350 2735 λέγω
363 2700 403 2727 ὅτι
415 2700 550 2735 Ταράσιος
560 2698 610 2726 οὐκ
621 2698 752 2734 ἐκήρυξεν
763 2699 792 2725 ὲν
805 2698 871 2733 χρή-

82 2758 150 2785 μασι
165 2747 388 2784 χειροτονεῖσθαι.
411 2747 492 2774 Ἀλλὰ
507 2747 553 2774 καὶ
568 2747 631 2778 τοὺς
653 2745 790 2776 τοιούτους
806 2747 871 2780 ὀμο-

81 2794 170 2828 λογῶν
186 2794 225 2829 μὴ
238 2793 365 2828 δέχεσθαι
383 2792 453 2819 κατὰ
469 2792 498 2819 τὸ
514 2791 664 2827 προφανές·
679 2788 730 2818 ὦδε
743 2791 771 2818 δὲ
785 2791 872 2825 δόγμα

82 2839 154 2866 κατά
166 2847 193 2867 τε
212 2838 258 2866 τοῦ
275 2837 455 2872 Εὐαγγελίου,
473 2836 520 2864 τοῦ
544 2845 572 2863 τε
588 2836 754 2872 Προδρόμου,
775 2836 828 2863 τῶν
843 2844 871 2862 τε

921 1567 992 1590 trum
1005 1563 1156 1595 monita,et
1179 1565 1285 1592 irritum
1307 1564 1337 1591 ﬁt
1353 1565 1450 1600 ingens
1473 1565 1539 1592 illud
1563 1566 1709 1593 sacerdotii

921 1616 1033 1640 munus,
1050 1617 1098 1644 per
1109 1610 1181 1644 quod
1203 1609 1423 1638 Christianorum
1454 1619 1554 1638 nomen
1582 1611 1710 1646 adipisci-

922 1660 1002 1679 mur:
1021 1658 1049 1680 ut
1076 1654 1110 1680 ad
1129 1654 1256 1682 ethnicos
1271 1655 1340 1682 ritus
1365 1655 1455 1683 delabi
1485 1664 1535 1683 nos
1558 1661 1684 1691 oporteat
1701 1666 1708 1684 :

920 1699 992 1733 quod
1007 1704 1049 1727 est
1070 1700 1227 1728 absurdum.
1248 1701 1433 1737 Praeterquam
1455 1703 1528 1737 quod
1557 1703 1594 1730 ita
1620 1703 1710 1738 inqui-

921 1749 1023 1778 rentes,
1040 1751 1069 1774 et
1083 1747 1117 1774 ad
1132 1747 1301 1775 occidentem
1330 1753 1412 1783 atque
1435 1749 1467 1776 ad
1486 1750 1618 1776 orientem
1646 1758 1710 1784 pru-

920 1790 1017 1825 gressi,
1039 1799 1173 1826 nusquam
1194 1792 1335 1827 reperiunt
1351 1793 1423 1828 quod
1436 1798 1570 1828 quaerunt,
1581 1795 1709 1821 omnibus

921 1844 1029 1864 sursum
1060 1845 1154 1865 versus
1184 1838 1329 1872 depositis,
1358 1844 1468 1874 propter
1493 1844 1615 1866 mutuam
1636 1840 1708 1867 inter

921 1882 994 1917 ipsos
1013 1891 1151 1913 sacrorqu
1173 1885 1353 1912 societatem:
1371 1885 1594 1920 quandoquidem
1616 1886 1704 1913 mani-

919 1927 1019 1955 festum
1037 1935 1088 1961 est,
1118 1929 1222 1956 Tarasii
1243 1930 1410 1965 temporibus
1431 1930 1622 1965 apocrisiarios
1643 1931 1708 1959 hinc

920 1973 1019 2001 missos
1031 1982 1107 2002 sacra
1120 1975 1257 2010 peregisse
1275 1983 1339 2003 cum
1365 1976 1489 2004 Romano
1511 1977 1644 2010 antistite,
1664 1983 1708 2005 at-

919 2025 973 2053 que
984 2018 1065 2053 hujus
1080 2019 1196 2046 fortasse
1205 2027 1268 2047 cum
1284 2022 1481 2048 orientalibus:
1503 2022 1619 2057 indeque
1632 2031 1707 2050 cassa

920 2068 962 2091 est
980 2064 1069 2091 omnis
1086 2065 1154 2092 ratio
1169 2066 1313 2092 sacerdotii
1327 2075 1333 2092 :
1349 2067 1421 2101 quod
1439 2067 1552 2095 omnino
1571 2076 1704 2103 respuen-

921 2113 973 2142 tcs,
991 2109 1018 2136 in
1030 2110 1161 2144 praedicta
1181 2111 1334 2139 secundum
1348 2118 1459 2140 sanctos
1473 2113 1532 2149 lege
1555 2119 1628 2141 stare
1650 2121 1707 2141 am-

920 2154 1081 2190 plectemur.

954 2290 1024 2323 Quia
1052 2290 1145 2318 multsc
1163 2290 1339 2327 contigerunt
1364 2296 1584 2327 contmguntque
1612 2291 1708 2326 hujus-

920 2337 992 2363 modi
1013 2336 1178 2365 offensiones
1200 2338 1227 2365 in
1243 2338 1375 2369 Ecclesia,
1390 2345 1458 2372 quas
1481 2338 1571 2364 nullus
1586 2345 1707 2372 unquam

919 2385 1077 2408 sanctorum
1092 2381 1128 2409 ita
1160 2382 1268 2410 curiose
1293 2382 1436 2418 indagasse
1468 2383 1588 2418 legitur:
1613 2390 1646 2410 ac
1673 2390 1708 2410 nc

922 2425 978 2452 ﬁeri
993 2426 1102 2460 quidem
1120 2427 1144 2454 id
1163 2428 1267 2462 possit:
1285 2435 1371 2463 quare
1391 2435 1441 2455 uec
1463 2428 1543 2455 nobis
1557 2428 1707 2456 observan-

920 2470 984 2498 dum
1012 2471 1191 2500 tradiderunt.
1209 2473 1297 2508 Atque
1311 2474 1369 2501 haec
1396 2474 1422 2500 in
1440 2474 1512 2501 hunc
1528 2474 1649 2502 modum.
1670 2476 1709 2503 De

921 2516 972 2543 hac
981 2524 1046 2544 vero
1057 2518 1235 2545 contentione
1249 2523 1354 2551 nostra,
1368 2519 1439 2553 quod
1452 2520 1544 2546 utilior
1555 2520 1633 2547 nobis
1653 2528 1707 2547 non

921 2563 956 2590 sit
970 2571 1051 2598 quam
1066 2564 1185 2599 synodus
1206 2571 1267 2599 qua:
1280 2565 1397 2592 moechis
1409 2565 1608 2600 patrocinatur,
1626 2567 1708 2593 mira-

921 2613 965 2636 tus
992 2617 1053 2636 sum
1068 2616 1130 2636 cum
1143 2610 1253 2637 audivi:
1271 2615 1347 2638 tanto
1361 2610 1434 2637 enim
1459 2610 1504 2637 illa
1515 2611 1707 2645 prmstabilior,
1751 2643 1754 2646 λ

921 2659 1023 2689 quanto
1039 2655 1145 2682 Domini
1159 2663 1207 2683 vox
1228 2656 1402 2690 apostolicam
1420 2656 1566 2683 antecedit.

957 2699 1050 2734 Neque
1063 2700 1090 2728 id
1104 2704 1209 2728 tantum
1227 2701 1304 2734 dico,
1318 2709 1372 2728 non
1386 2701 1503 2728 edixisse
1518 2700 1662 2728 Tarasium
1679 2706 1709 2728 ut

923 2753 970 2780 per
984 2745 1128 2780 pecuniam
1144 2746 1279 2774 ordinatio
1293 2747 1369 2773 ﬁeret
1385 2755 1392 2773 :
1408 2746 1454 2773 sed
1468 2745 1617 2780 professum
1646 2753 1707 2772 esse

924 2798 953 2818 se
971 2790 1038 2818 tales
1053 2798 1106 2817 non
1121 2791 1257 2825 recipere,
1277 2791 1347 2818 sicut
1360 2792 1447 2825 palam
1458 2795 1510 2818 est.
1527 2790 1604 2817 Nunc
1616 2795 1706 2817 autem

923 2836 1021 2872 dogma
1038 2836 1167 2865 adversus
1181 2836 1355 2872 Et'augeiium
1369 2841 1395 2864 ct
1410 2836 1606 2865 l’rtceursorcm
1621 2841 1648 2865 et
1661 2843 1709 2863 ea-
