1926 3078
205 145 214 175 1
224 143 272 175 107
803 145 833 174 S.
853 144 1051 176 THEODORI
1071 145 1245 175 STUDlT.’E
1775 149 1845 182 1108

203 210 301 234 nones,
318 199 448 236 synodice
465 207 514 235 per
538 200 667 227 adulterii
689 201 857 236 copulatoris
881 209 961 229 susce

1086 203 1179 237 νόνων,
1195 204 1343 235 συνοδικῶς
1356 204 1401 231 διὰ
1412 204 1462 239 τῆς
1479 204 1527 232 τοῦ
1546 204 1740 241 μοιχοξεύκτου
1753 216 1846 243 παρα-

205 247 306 274 tionem
338 244 539 280 promulgatum
570 248 625 277 est,
651 245 741 271 scelus
764 244 965 279 dispensatione

1087 249 1134 284 χῆς
1146 249 1348 285 ὲκπεφώνηται,
1367 249 1494 284 βεϐαιοῦν
1514 251 1563 287 τὴν
1585 253 1758 288 παρανομίαν
1773 255 1847 281 οἰκο-

205 300 264 320 esse
292 291 429 323 sanciens,
454 297 485 317 ac
513 290 656 325 episcopos
685 294 714 317 et
741 290 909 321 sacerdotes.
935 299 965 318 cu

1088 293 1161 328 μίαν,
1176 293 1240 326 τούς
1253 303 1283 320 τε
1300 295 1431 329 ίεράρχας
1449 296 1496 322 καὶ
1512 296 1596 332 ἱερεῖς
1609 297 1710 324 ὁπόταν
1727 297 1848 332 βούλων-

204 338 335 368 libuerit;
355 337 550 364 auctoritatem
564 335 592 362 in
609 342 731 363 canones
747 335 872 363 habere:
889 344 936 364 eos
952 345 964 371 ι]

1089 339 1283 372 ιὲξουσιάζειν
1303 340 1357 368 τῶν
1373 341 1507 368 κανόνωψ
1529 342 1577 369 καὶ
1599 343 1662 374 τοὺς
1685 343 1723 379 μὴ
1747 344 1847 371 “cauth

204 385 299 411 eadem
316 392 368 410 non
385 382 517 415 sentiunt,
532 382 768 410 anathematizans
783 386 811 409 et
834 382 901 410 diris
917 383 964 410 dcv

1087 385 1218 417 πονοῦντας
1229 387 1429 421 ἀναθεματίζον
1441 387 1489 414 καὶ
1498 388 1705 424 ὲκσκορακίζον,
1718 389 1847 425 καθάπερ

205 436 271 455 rens
285 449 291 460 ,
313 432 342 454 ut
356 427 442 454 scitis.
466 426 523 454 Hoc
540 427 784 454 lconomachorum
800 426 896 454 haeresi
911 447 918 459 ,
948 435 963 454 e

1087 440 1120 458 re.
1143 432 1229 458 Τοῦτο
1256 433 1368 465 καὶτῆς
1384 433 1569 469 Είκονομάχου
1591 434 1735 469 αἱρέσεως,
1751 436 1776 462 ει
1798 436 1847 462 καὶ

205 474 356 509 posterius,
377 478 404 501 at
415 481 471 500 non
488 473 577 500 levius
590 472 726 500 videbitur
740 473 783 507 pie
799 473 962 500 consideran

1086 477 1189 512 ύτερον⁷
1205 477 1263 504 ἀλλ’
1278 477 1329 504 οὐκ
1343 477 1454 505 ἔλαττον
1465 479 1522 509 τοῖς
1536 479 1658 510 εὐσεϐῶς
1671 479 1846 515 ἀναθεωροῦ-

204 522 256 549 bus
278 531 285 548 :
309 529 426 556 quorum
446 521 574 556 precibus
595 521 726 548 Dominus
743 520 843 547 malum
861 520 964 554 depelle

1087 532 1106 550 ν.
1125 519 1176 549 Ὧν
1192 523 1207 549 6
1223 523 1326 558 Κύριος
1353 525 1414 555 ταῖς
1439 524 1533 559 εὐχαῖς
1559 524 1683 551 ἐκποδὼν
1706 525 1736 552 τὸ
1760 526 1847 552 κακὸν

205 568 349 602 pristinam
367 575 460 602 pacem
478 567 574 594 reddat
590 567 718 594 Ecclesia:
734 574 800 594 sua}.
817 566 965 600 Praelerqu:

1090 577 1123 599 ας
1137 568 1320 603 πρυτανεύσοι
1339 569 1452 604 εἰρήνην
1468 570 1505 601 ὡς
1522 569 1552 596 τὸ
1569 570 1699 606 ἀπαρχῆς
1712 571 1745 606 τῇ
1761 569 1847 597 αὐτοῦ

204 614 288 648 quod,
312 618 343 641 ut
364 613 520 648 scripsisti,
545 613 661 640 alterum
680 612 714 639 ab
729 613 816 639 altero
835 611 957 646 pellitur,

1089 614 1212 650 κκλησίᾳ.
1225 615 1298 650 Πλὴν
1316 615 1367 647 ὅτι,
1386 615 1457 642 καθὰ
1473 616 1625 651 γέγραφας,
1649 616 1773 651 θάτερον,
1794 616 1849 642 ὑπὸ

204 660 253 686 sibi
267 659 534 695 colimrentcognitio
545 663 571 686 et
586 658 725 693 abrogatio
738 658 850 685 sceleris
861 665 918 692 quo
931 665 964 692 pr

1089 659 1168 694 τέρου
1195 660 1333 695 βάλλεται,
1351 661 1396 687 καὶ
1424 660 1565 697 διάλληλος
1590 663 1606 697 ή
1629 662 1778 696 ἐπίγνωσις
1799 663 1849 689 καὶ

206 710 247 732 ter
268 705 354 739 legem
376 704 445 732 facta
465 704 623 738 conjunctio
645 708 696 731 est.
720 703 886 731 Incolumem
907 708 966 738 etp

1090 713 1132 736 σις
1160 705 1211 740 τῆς
1233 705 1423 741 ἀνομοδέσμου
1440 707 1577 741 πράξεως.
1596 707 1779 743 Ἐῤῥωμένον,
1798 706 1850 733 καὶ

206 750 358 777 humilitate
373 754 465 778 nostra
484 755 618 783 orantem,
633 757 697 777 cum
711 753 765 777 tota
783 749 888 777 familia
903 749 966 777 Dom

1090 749 1202 785 χὸμενον
1217 751 1289 786 ὑπὲρ
1305 751 1354 786 τῆς
1368 751 1560 784 ταπεινώσεως
1577 752 1656 787 ἡμῶν
1671 752 1818 778 πανέστιον
1834 752 1850 778 ὀ

205 804 258 824 nus
280 801 305 824 te
322 801 487 830 conservet,
509 796 659 824 amicorum
681 797 767 832 prime
780 817 787 829 ,
811 801 839 824 et
855 796 965 824 zelantir

1089 795 1156 831 ipté;
1171 804 1201 822 σε
1211 796 1395 831 διαφυλάξοιε,
1409 797 1494 832 φίλων
1506 798 1708 833 πρώτιστε,καὶ
1718 797 1849 833 ζηλωτῶν

205 842 338 870 maxime.

1055 841 1197 877 κράτιστε.

402 911 468 938 LIV.
488 927 520 932 —
536 911 619 939 Anna:
638 913 797 946 prwposilw.

1231 910 1294 938 ΝΜ.
1312 925 1346 931 -
1356 911 1449 945 "Amm
1462 910 1630 947 ἡγουμένη.
1651 911 1739 948 [σοδ¹.]

764 971 858 996 Laudat
869 971 924 1002 ejus
934 971 1053 1002 pietatem
1064 975 1124 1001 erga
1135 968 1276 994 monachos.

241 1023 311 1056 Quid
326 1022 454 1050 distulisti
470 1023 503 1050 ad
521 1031 571 1050 nos
584 1024 717 1055 scribere.
733 1031 766 1051 ac
782 1024 818 1051 de
833 1023 916 1051 rebus
937 1031 1001 1051 san-

1090 1020 1123 1047 Τί
1141 1020 1296 1047 ὑπεστείλω
1309 1020 1356 1048 τοῦ
1373 1021 1489 1057 γράφειν
1510 1021 1558 1048 καὶ
1577 1021 1722 1057 γνωρίζειν
1735 1023 1803 1058 ἡμῖν
1815 1023 1849 1051 τὰ

206 1067 310 1096 ctitatis
330 1072 384 1095 tuae
409 1068 550 1095 indicare?
573 1067 627 1095 Nos
645 1075 711 1096 vero
725 1068 811 1095 multo
828 1068 921 1095 minus
936 1075 966 1102 pr

1090 1075 1104 1098 ς
1119 1067 1260 1102 ὀσιότητός
1282 1075 1350 1099 σονς
1374 1067 1470 1102 Ἡμεῖς
1485 1067 1514 1094 δὲ
1531 1067 1576 1095 διὰ
1591 1067 1670 1094 τοῦτο
1690 1068 1790 1103 μᾶλλον
1817 1070 1849 1096 οὑ

206 1116 299 1146 pterea
313 1111 478 1139 desistemus
491 1131 499 1143 ,
521 1112 621 1147 partim
640 1112 750 1146 quidem
767 1113 831 1147 quia
847 1111 950 1139 humile

1090 1112 1237 1148 ιλείψομεν.
1260 1112 1296 1139 Τὸ
1319 1113 1369 1148 μὲν
1390 1112 1434 1140 διὰ
1460 1112 1491 1139 τὸ
1511 1113 1585 1147 ἅπαξ
1609 1114 1683 1149 ἡμᾶς
1699 1114 1803 1147 ἀνοῖξαι
1819 1116 1850 1142 τὺ

178 1183 181 1186 .
206 1163 330 1185 nostrum
352 1158 408 1192 jam
434 1158 519 1185 semel
537 1157 712 1192 aperuimus;
732 1158 831 1193 partim
854 1159 889 1186 ob
912 1166 938 1185 ze

1090 1158 1181 1186 πεινδν
1198 1158 1286 1194 στόμα
1298 1167 1305 1174 ·
1323 1159 1354 1185 τὸ
1371 1159 1401 1185 δὲ
1416 1159 1460 1186 διὰ
1473 1159 1520 1186 τὸν
1539 1159 1609 1187 κατά
1623 1161 1690 1187 Θεόν
1706 1169 1753 1187 σου
1768 1161 1850 1198 ζῆλον

207 1208 286 1231 tuum
302 1204 442 1236 divinum,
456 1208 484 1230 et
496 1204 638 1231 ardentem
657 1203 799 1238 pietatem.
820 1204 908 1231 Audio
928 1206 967 1232 en?

1091 1204 1103 1230 ‘.
1115 1204 1268 1239 πυρίπνουν
1280 1204 1421 1231 εὐσέϐεαν.
1436 1204 1610 1240 Πυνθάνομαι
1624 1206 1679 1241 γάρ
1690 1215 1719 1233 σε
1731 1206 1850 1242 ἄληκτον

208 1253 234 1276 te
251 1249 370 1276 assiduis
385 1256 448 1284 erga
465 1248 565 1276 fratres
584 1253 693 1277 nostros
712 1249 854 1277 beneficiis
870 1258 925 1277 non
943 1251 967 1278 fa

1091 1259 1127 1277 ειν
1140 1249 1172 1277 τὸ
1189 1250 1253 1286 περὶ
1271 1250 1336 1282 τοὺς
1348 1250 1480 1285 ἀδελφοὺς
1490 1251 1569 1286 ἡμῶν
1577 1252 1761 1287 εὖποιητικξιν,
1774 1253 1851 1280 ἔνθεν

208 1295 287 1330 gari,
304 1295 357 1322 huc
372 1295 491 1330 illucque
506 1295 719 1329 circumeundo,
738 1302 766 1323 et
780 1297 891 1324 obvium
905 1305 968 1331 quer

1090 1296 1183 1323 κεῖθεν
1199 1296 1391 1333 περιθέουσαν,
1411 1298 1458 1324 καὶ
1475 1297 1593 1325 ἕκαστον
1608 1299 1654 1325 τὸν
1669 1300 1850 1335 παρατυγχά-

207 1349 261 1376 que
272 1341 414 1368 tractando
431 1341 652 1376 perhumaniter,
669 1342 822 1378 votivisque
838 1343 928 1370 verbis
943 1348 967 1370 ta

1091 1351 1135 1369 ντα
1151 1341 1329 1378 δεξιουμένην
1346 1342 1557 1379 φιλανθρώπως,
1573 1345 1621 1371 καὶ
1638 1346 1695 1377 τοῖς
1711 1346 1851 1376 εὐκταιοις

207 1395 289 1422 quam
304 1388 406 1415 Christi
425 1388 582 1415 ministrutn
597 1389 800 1423 prosequendo.
816 1388 839 1416 0
853 1390 967 1424 pulcher

1094 1396 1159 1423 μασι
1172 1389 1414 1424 παραπέμπουσαν
1426 1390 1464 1421 ὼς
1476 1390 1594 1426 Χριστοῦ
1608 1390 1741 1419 διάκονον.
1758 1392 1790 1419 Ὢ
1801 1392 1850 1428 τῆς

208 1442 280 1461 mam
295 1434 367 1461 hanc
385 1438 458 1461 tuam
475 1434 684 1469 occupationem
698 1435 704 1462 l
721 1443 738 1462 0
753 1435 911 1470 vigilantem
926 1435 952 1462 in

1093 1435 1206 1470 λλίστης
1222 1443 1270 1461 σου
1285 1435 1388 1470 ταύτης
1403 1437 1614 1472 πραγματείαςί
1637 1437 1660 1464 ὣ
1681 1438 1731 1473 τῆς
1745 1446 1851 1473 γρηγο-

207 1480 278 1508 vinis
291 1480 374 1507 rebus
389 1487 495 1507 sacram
510 1480 629 1507 animam
644 1485 719 1507 tuam
733 1481 739 1507 Ι
754 1481 849 1516 Neque
859 1482 932 1508 enim
948 1490 967 1509 ει

1091 1480 1157 1515 ύσης
1170 1488 1218 1506 σου
1236 1480 1299 1515 περὶ
1315 1480 1349 1507 τὰ
1361 1480 1418 1507 Θεῖα
1432 1481 1508 1516 ίερᾶς
1524 1481 1628 1517 ψυχῆςί
1644 1482 1681 1508 Οὐ
1697 1482 1752 1517 γὰρ
1766 1484 1851 1517 lippa-

208 1530 273 1553 sunt
292 1526 341 1553 ista
356 1531 384 1553 et
397 1526 494 1558 unica;
516 1522 564 1553 sed
592 1526 664 1554 fetus
681 1527 795 1554 aliarum
813 1527 962 1561 virtutum,

1090 1525 1120 1552 ιὰ
1136 1525 1233 1552 ταῦτα.
1255 1526 1451 1561 Ἀποκυήματα
1466 1527 1495 1553 δὲ
1510 1527 1612 1562 ἑτέρων
1630 1527 1747 1563 ἀρετῶν,
1766 1529 1850 1564 ἤγουν

207 1569 383 1598 fecunditatis
395 1575 448 1598 tua:
461 1571 612 1606 spiritualis
626 1572 798 1608 propagines.
809 1572 945 1605 Quoniam
954 1581 967 1600 ι]

1089 1571 1242 1605 δοϐλήματα
1271 1571 1322 1606 τῆς
1351 1572 1543 1607 πνευματικῆς
1569 1581 1615 1599 σου
1639 1573 1849 1608 πολυκαρπίας·

208 1614 267 1642 ﬁeri
282 1619 372 1650 potest
385 1621 415 1642 ut
429 1623 485 1642 non
501 1615 570 1643 bene
585 1616 724 1651 oleat,qui
738 1621 875 1652 unguenta
887 1617 968 1644 circul

1091 1617 1119 1642 τεὶ
1133 1616 1194 1643 οὐδὲ
1208 1613 1264 1643 οἷόν
1278 1625 1308 1643 τε
1329 1617 1367 1653 μὴ
1383 1617 1493 1645 εὐωδεῖν
1508 1618 1554 1644 τὸν
1565 1619 1764 1654 ἐπιφερόμενον
1777 1619 1851 1654 ἀρώ-

207 1662 278 1688 lerat
293 1669 299 1688 :
320 1669 409 1696 neque
424 1665 454 1688 ut
470 1669 526 1689 non
544 1662 635 1689 luceat
652 1663 698 1697 qui
720 1662 807 1690 facem
821 1667 920 1697 gestet.
936 1663 967 1690 Hi

1091 1670 1149 1689 ιτα·
1171 1663 1240 1698 μηδὲ
1269 1663 1472 1699 λαμπαδουχετν
1498 1665 1544 1692 τὸν
1564 1665 1732 1700 φωτοφόρον.
1747 1665 1851 1692 Διαδεί-

208 1706 291 1742 igitur
305 1715 500 1742 usquequaque
517 1707 728 1743 dignoscuntur,
742 1715 774 1735 ac
787 1707 959 1742 potissimum

1171 1690 1178 1698 I
1203 1690 1209 1698 Ι
1306 1690 1313 1699 ι
1414 1690 1430 1698 Α
1521 1690 1539 1692 ⁷⁷
1569 1690 1576 1699 ι
1598 1690 1601 1691 ⁷
1645 1690 1650 1698 Ι
1676 1690 1686 1700 Γ
1725 1690 1732 1692 “
1782 1690 1836 1692 "777

1091 1717 1170 1736 υνται
1191 1709 1282 1736 τοίνυν
1307 1709 1433 1736 ἐντεῦθεν
1457 1710 1573 1737 πάντοτε
1596 1711 1642 1737 καὶ
1662 1712 1783 1745 πάντως,
1803 1711 1851 1738 καὶ

209 1753 452 1787 persccutionibus
468 1761 518 1788 pro
533 1753 644 1781 Christo
654 1774 662 1787 ,
676 1754 790 1788 quinam
806 1754 863 1781 sint
877 1754 969 1781 sanetil

1091 1754 1176 1782 ιλιστα
1193 1755 1222 1782 ὲν
1234 1755 1292 1786 τοῖς
1304 1755 1374 1791 ὑπὲρ
1387 1756 1506 1791 Χριστοῦ
1521 1756 1660 1791 διωγμοῖς,
1674 1756 1747 1788 τινες
1763 1757 1788 1783 οί
1802 1757 1851 1792 τῆς

209 1798 244 1825 tis
258 1803 412 1831 amatores,
432 1804 460 1826 et
478 1799 549 1826 beati
565 1807 571 1830 ;
590 1799 702 1833 quinam
723 1803 819 1826 contra
835 1799 954 1834 improbi

1092 1800 1196 1834 ιότητος
1218 1801 1332 1837 ἐρασταὶ
1347 1801 1395 1827 καὶ
1411 1800 1538 1834 θεόλσιοι,
1553 1801 1601 1827 καὶ
1615 1802 1689 1833 τινες
1712 1801 1738 1827 οί
1751 1802 1852 1836 φαυλό-

209 1844 338 1871 bonitatis
353 1850 479 1879 expertes
494 1853 500 1872 :
521 1845 699 1879 quantumvis
714 1844 844 1873 interiora
865 1849 939 1872 recte
955 1845 969 1873 1]

1092 1854 1137 1877 τος
1149 1846 1197 1872 καὶ
1209 1846 1407 1882 ἀμοιράγαθοι·
1422 1846 1474 1874 κᾶν
1484 1847 1523 1881 τῷ
1532 1845 1585 1879 ἔξω
1598 1848 1719 1883 σχήματι
1730 1846 1766 1874 τὰ
1778 1847 1852 1875 ἔνδον

209 1889 284 1922 bere,
300 1896 413 1918 externa
431 1891 522 1926 specie
539 1891 787 1918 assimulent.......

1058 1890 1148 1923 καλῶς
1164 1891 1236 1927 ἔχειν
1251 1892 1520 1928 ὑποπλαττόμενοι...
1531 1893 1581 1928 (1).

431 1957 486 1987 LV.
501 1974 536 1978 -—
546 1957 630 1986 [reme
644 1959 775 1993 patricia‘.

1218 1958 1282 1986 NE’.
1298 1959 1454 1994 -Ειρήνῃ
1471 1960 1624 1994 πατρικιφ.
1644 1958 1743 1997 [στιβη]

615 2016 648 2041 Ut
664 2016 776 2042 scribere
794 2019 890 2048 pergat.
904 2017 968 2042 Tum
982 2016 1013 2041 de
1025 2016 1083 2041 ﬁliae
1095 2016 1180 2041 morbo
1190 2016 1319 2042 dolentem
1331 2016 1435 2041 solatur.

245 2068 342 2096 Philtri
361 2069 502 2104 cujusdam
520 2069 573 2096 vim
594 2070 677 2098 habet
692 2061 845 2098 litterarum
857 2070 1003 2098 collocatio

1093 2070 1272 2106 Φιλτροποιόν
1285 2079 1312 2096 τι
1326 2071 1443 2106 πρᾶγμα
1458 2071 1474 2106 ή
1489 2072 1671 2108 γραμματικὴ
1686 2074 1852 2110 προσφώνη-

209 2115 336 2143 allectum
353 2116 518 2150 ingenerans
531 2116 558 2142 in
573 2117 672 2144 animis
682 2116 833 2143 amantium
850 2126 856 2144 τ
873 2121 966 2151 tantoq

1090 2126 1111 2150 ;,
1130 2117 1223 2152 σχέσιν
1253 2117 1405 2152 ἐμποιοῦσα
1430 2118 1492 2149 ταῖς
1514 2118 1616 2154 ψυχαῖς
1637 2119 1693 2146 τῶν
1710 2119 1850 2155 ἐρώντων.

210 2160 296 2195 magis
311 2180 318 2192 ,
336 2165 440 2195 quanto
457 2161 538 2188 fuerit
559 2163 693 2188 sermonis
710 2162 922 2189 communicatio
947 2161 970 2188 fr

1091 2163 1115 2190 ιὶ
1132 2162 1259 2190 τοσοῦτον
1273 2162 1351 2199 [Βεε.
1368 2163 1430 2191 cod.
1451 2163 1609 2200 τοσαύτην].
1621 2164 1731 2200 ὅσῳπερ
1752 2164 1787 2192 ἂν
1804 2165 1851 2192 καὶ

209 2205 336 2239 quentior
351 2225 359 2238 ,
385 2205 502 2232 latentes
524 2206 625 2233 amoris
647 2205 779 2233 scintillas
802 2206 967 2241 quodammo

1091 2207 1184 2243 ικνάζῃ
1207 2209 1225 2244 ὴ
1249 2208 1343 2243 ὁμιλία
1355 2216 1362 2224 ι
1386 2208 1469 2235 οἱονεὶ
1489 2209 1714 2236 ἀνασκαλεύουσα
1729 2210 1795 2241 τοὺς
1809 2211 1851 2236 ὲν-

210 2251 401 2283 cxsuscitans.
428 2256 457 2278 et
479 2259 604 2287 magnam
635 2252 838 2286 conjunctionis
864 2252 970 2279 benevo

1091 2252 1257 2287 εοκειμένους
1272 2253 1422 2288 ἐρωτικοὺς
1434 2253 1595 2289 σπινθῆρας,
1612 2253 1659 2280 καὶ
1679 2254 1781 2289 πολλὴν
1801 2255 1851 2289 τὴν

210 2298 346 2327 ﬂammam
365 2297 525 2325 incendens.
555 2297 650 2325 Simile
670 2298 797 2333 quiddam
818 2303 844 2325 et
876 2298 904 2325 in
925 2298 970 2326 nol

1091 2297 1235 2333 ἀπητικὴν
1246 2297 1367 2325 διάθεσιν
1382 2298 1561 2326 ἀνακαίουσα.
1578 2299 1712 2326 Τοσοῦτόν
1721 2308 1748 2325 τι
1763 2299 1811 2326 καὶ
1822 2300 1851 2326 ὲν

211 2344 361 2370 humilibus
382 2343 474 2370 elfecit
490 2342 604 2378 epistola
624 2343 766 2371 suavitatis
780 2347 849 2375 tute,
875 2343 971 2378 spiritu

1091 2345 1125 2371 ιῖν
1141 2346 1198 2375 τοῖς
1211 2345 1348 2376 ταπεινοῖς
1363 2345 1551 2380 ἀπειργάσατο
1564 2345 1581 2380 ὴ
1598 2337 1728 2380 ἐπιστολὴ
1739 2346 1790 2381 τῆς
1803 2346 1851 2381 ὲμ-

211 2391 263 2417 lem
280 2389 339 2423 ejus
354 2389 572 2416 benevolentiam
589 2389 775 2424 multiplicans
787 2409 795 2421 ,
811 2389 967 2423 memorizeq

1090 2390 1172 2422 ιλείας
1186 2399 1244 2422 σου,
1261 2390 1504 2418 πολυπλασιάσασα
1526 2391 1576 2426 τὴν
1596 2391 1789 2426 πνευματικὴν
1806 2399 1850 2425 φι-

213 2434 338 2469 igniculis
353 2434 537 2469 vegetioribus
562 2434 695 2462 insidens.
718 2434 800 2461 Utere
821 2434 912 2469 igitur,
926 2434 973 2468 pie‘

1092 2445 1117 2463 ιν
1132 2436 1228 2470 αὐτῆς,
1237 2436 1284 2462 καὶ
1295 2436 1330 2462 τὰ
1341 2436 1390 2470 τῆς
1403 2436 1514 2472 μνήμης
1524 2436 1726 2471 ὲμπυρεύματα
1735 2436 1852 2471 ἀκμαιό-

212 2479 317 2506 tissima
333 2479 448 2506 Domina
460 2501 468 2512 ,
492 2480 545 2507 hoc
557 2480 659 2508 amoris
674 2480 839 2515 pharmaco;
861 2487 893 2506 ac
915 2480 949 2507 de
963 2485 971 2506 t

1090 2489 1124 2514 ρα
1140 2480 1310 2513 ὲνιζάνουσα.
1323 2480 1389 2516 Χρῶ
1404 2480 1560 2516 τοιγαροῦν,
1577 2480 1775 2514 θεοσεὸεστάςη
1793 2482 1850 2508 Κυ-

213 2527 370 2555 valetudine
386 2531 415 2554 et
429 2527 612 2562 prosperitate
631 2526 712 2553 nobis
726 2525 860 2560 signiﬁca.
876 2525 973 2552 Novim

1091 2535 1117 2558 ι,
1136 2526 1176 2561 τῷ
1199 2526 1366 2562 ἀγαπητικῷ
1390 2526 1458 2561 τῷδε
1482 2526 1638 2562 φαρμάκῳ”
1661 2527 1708 2553 καὶ
1734 2526 1851 2562 γνώριζε

213 2574 287 2600 enim
309 2577 444 2608 perpetuo
471 2573 606 2600 virentem
629 2572 740 2599 virtutis
767 2576 819 2598 tua:
845 2570 956 2603 liorem,

1093 2573 1124 2599 ,ῖν
1143 2572 1178 2598 τὰ
1193 2573 1242 2608 τῆς
1255 2572 1364 2605 εὐεξίας
1379 2573 1427 2599 καὶ
1439 2572 1592 2608 εὐπραξίας
1606 2581 1663 2600 σου.
1679 2573 1776 2608 Ἶσμεν
1799 2573 1853 2607 γάρ

215 2618 325 2654 pietatis
339 2618 535 2645 abundantiam
551 2625 583 2644 ex
600 2617 633 2644 iis
645 2624 705 2651 qua:
720 2615 892 2646 audivimus,
907 2620 934 2642 et
948 2624 975 2650 qr

1100 2617 1160 2644 κατ’
1174 2618 1275 2653 ἀρετήν
1293 2626 1339 2644 σου
1353 2617 1479 2649 ἀειθαλὲς
1490 2619 1536 2650 καὶ
1551 2617 1711 2654 ποριστικὸν
1723 2619 1763 2649 είς
1776 2618 1853 2644 εὐσέ-

215 2672 289 2692 nunc
306 2665 388 2692 etiam
406 2664 534 2692 audimus
549 2673 556 2690 :
577 2668 605 2690 et
616 2662 716 2698 quibus
732 2669 781 2689 nos
799 2661 850 2697 ipsi
868 2661 973 2689 bcnelic

1096 2671 1139 2689 ιαν
1153 2663 1182 2696 ἐξ
1195 2660 1233 2689 ὧν
1245 2672 1276 2689 τε
1289 2663 1459 2698 ἀκηκόαμεν,
1478 2664 1524 2690 καὶ
1539 2664 1623 2691 εἰσέτι
1635 2664 1790 2697 ἀκούομενθ
1806 2663 1853 2690 καὶ

216 2711 306 2741 aﬂ'ecti
328 2719 424 2739 sumus
443 2716 471 2739 et
486 2710 618 2738 allicimur
639 2709 807 2736 etiamnum:
832 2708 889 2735 sive
914 2715 976 2735 voce

1091 2709 1111 2743 ρ’
1121 2705 1161 2736 ὧν
1180 2709 1260 2743 ἡμεῖς
1272 2709 1349 2736 αὐτοὶ
1379 2707 1407 2736 εὖ
1424 2709 1601 2745 πεπόνθαμεν
1631 2709 1678 2737 καὶ
1693 2709 1835 2746 πάσχομεν
1845 2716 1851 2723 ·

979 2787 1093 2816 NOT/E.

258 2854 296 2888 (1)
315 2853 420 2880 Desunt
443 2851 585 2885 nonnulla,
602 2855 631 2878 ut
647 2849 783 2884 eunjiccrc
805 2854 845 2877 est
861 2857 892 2878 c.\
911 2848 999 2884 spatio
1019 2855 1105 2876 vacuo
1122 2848 1147 2876 in
1168 2849 1233 2884 llcg.
1251 2849 1310 2876 cod.
