1926 3078
85 152 154 183 1109

687 151 955 181 El’ISTOLARUM
970 151 1042 181 LIB.
1062 151 1086 180 1.

1628 152 1698 183 1110

81 211 138 237 εἴτε
160 208 337 243 ὃανειζομὲνη
364 208 413 242 τὴν
433 208 541 243 φωνήν·
566 207 620 234 εἴτε
643 207 690 234 καὶ
711 208 740 242 ἐξ
763 209 861 240 οἰκείας

919 208 1050 235 mutueris
1061 207 1189 239 alienam,
1199 208 1255 234 sive
1264 207 1354 243 lingua
1365 208 1472 243 propria
1479 208 1589 243 loquare
1599 217 1606 241 ;
1618 217 1698 244 quam

80 257 206 291 γλώττης
231 253 420 288 φθεγγομένη·
448 253 486 284 ώς
508 254 589 288 ἡμεῖς
611 261 643 287 γε
663 254 740 290 ἡδείᾳ
761 254 864 290 ταύτην

81 301 132 337 μῦ
138 301 183 327 λον
197 300 328 334 ἐπαίομεν
342 299 471 330 διαθέσει,
482 299 512 325 οὗ
526 298 596 333 ψιλῷ
606 298 664 334 ἧχῳ
675 300 863 334 προσέχοντες·

78 349 127 374 καὶ
142 347 201 381 ἄμα
215 347 304 372 ἐκεῖνο
317 345 506 379 γινώσκοντες,
522 345 560 376 ὼς
572 345 659 376 οὐδεὶς
671 345 758 377 οὕτως
770 346 866 374 εἰκονί-

80 401 136 419 σειε
165 392 264 427 ψυχὴν,
288 392 326 423 ὡς
353 392 367 417 ὁ
385 391 449 426 παρ’
473 390 557 425 αὐτῆς
579 390 681 426 προϊών
701 391 788 426 λόγος,
811 392 864 420 κᾶν

78 439 171 470 ὁποῖός
194 437 253 464 ποτ’
269 436 302 463 ἀν
321 436 376 471 εἵη.
390 436 459 472 Περὶ
474 435 524 470 τῆς
538 436 636 470 κυρίας
656 435 706 469 τῆς
729 436 864 473 θυγατρός

80 493 128 510 σου
143 484 186 510 ὅτι
197 483 307 517 γέγονεν
322 481 394 508 οὕτω
406 481 547 516 μαθόντες,
560 480 710 516 ἡνιάθημεν
720 489 727 496 ·
741 481 822 516 εὐχὴν
836 481 864 508 δὲ

79 530 172 561 ποίαν,
191 528 208 563 ἢ
223 527 404 562 άπομύρισμα
419 524 475 552 οἷον
491 526 579 561 δῶμεν
593 527 750 561 ἁμαρτωλοὶ
762 527 864 561 τυγχά-

78 581 189 605 νοντεςς
202 572 275 607 Πλὴν
287 572 375 598 ἐκεῖνο
384 570 499 597 πέπεισο
512 578 519 586 ⁸
535 570 577 596 ὄτι
589 570 667 596 οὐδὲν
681 570 818 605 ἰσχύουσιν
834 572 862 598 αἱ

78 618 204 645 τοιαῦται
228 617 394 652 περιεργίαι,
421 617 446 642 ει
470 616 540 650 μήγε
564 616 644 650 ἡμεῖς
659 615 748 651 δῶμεν
772 616 864 651 χώραν

79 663 233 698 ἁπροσεξίᾳ
246 662 309 689 τινί.
331 662 374 692 Ὠς
387 661 442 695 γάρ
452 661 501 695 οὐχ
514 658 570 687 οἷόν
585 669 614 687 τε
628 661 709 687 τόπον
725 662 784 688 τινὰ
797 662 865 697 ήλίῳ

79 707 335 744 περιλαμπόμενον,
358 706 388 733 τὺ
408 706 545 732 ἀντίθετον
569 706 664 737 σκότος
682 706 862 739 είσδέξασθαι·

78 754 167 784 οὕτως
186 753 245 780 οὐδὲ
257 752 399 787 ἄνθρωπον
413 750 477 785 θείῳ
492 750 572 784 φωτὶ,
591 751 674 786 ἦγουν
692 751 798 778 συνέσει
816 751 864 778 καὶ

80 799 169 834 ἀρετῇ
181 797 396 832 ἐπερειδόμενον,
412 796 510 822 παθεῖν
522 804 549 822 τι
565 795 618 822 τῶν
634 795 736 822 σκαιῶν
747 797 793 822 καὶ
805 797 864 823 δαιο

83 843 202 878 μανικῶν
227 840 471 877 μαγγανευμάτων.
493 840 592 875 ’ἰαθείη
612 840 731 875 τοίνυνὴ
749 842 812 872 παῖς
834 841 863 867 ἐν

915 262 967 281 nos
988 254 1079 288 utique
1097 254 1177 289 longe
1192 253 1313 281 dulciore
1334 262 1417 281 sensu
1441 254 1611 289 excipimus,
1629 255 1700 281 haud

915 301 989 328 nudo
999 308 1067 328 sono
1081 300 1181 327 intenti
1195 307 1202 332 ;
1219 300 1267 327 sed
1281 300 1332 326 hoc
1348 299 1429 326 simul
1442 299 1625 334 intelligentes
1637 319 1644 331 .
1659 300 1702 326 ni-

916 346 954 373 hil
967 346 1088 373 animum
1101 345 1140 373 sic
1155 345 1322 380 exprimere,
1338 350 1368 372 ut
1381 345 1415 372 ab
1430 353 1463 372 eo
1476 346 1618 380 prodiens,
1634 353 1702 380 qua-

916 391 1058 426 liscunque
1079 390 1190 418 tandem
1212 390 1256 417 illa
1272 389 1326 422 sit,
1351 390 1450 417 oratio.
1468 390 1507 417 De
1519 391 1628 418 domina
1647 391 1700 418 lilia

916 441 972 470 tua,
987 436 1059 471 quod
1071 436 1096 463 ei
1111 435 1219 467 accidit,
1235 435 1279 462 ubi
1299 435 1454 468 didicimus.
1473 436 1638 464 indoluimns
1656 445 1702 464 ve-

916 481 1080 509 hementer:
1105 488 1237 516 quasnam
1259 487 1325 508 vero
1346 488 1456 515 preces.
1482 485 1529 508 aut
1550 482 1701 516 cujusmodi

914 526 1035 554 lenimen
1058 527 1246 561 impertiamus
1267 533 1318 553 nos
1336 527 1384 561 qui
1404 531 1562 561 peccatores
1583 529 1702 555 sumus?

914 571 1107 600 Verumtamen
1122 573 1161 600 sic
1170 572 1216 599 tibi
1227 572 1400 607 persuadeas,
1414 573 1516 599 nullam
1528 573 1583 600 vim
1600 573 1701 601 habere

914 618 1067 645 istiusmodi
1090 617 1239 648 molestias,
1268 618 1319 645 nisi
1342 617 1445 645 aditum
1471 618 1579 652 ipsimet
1610 626 1702 646 socor-

914 663 958 691 dia
973 664 1061 698 aliqua
1079 663 1284 698 patefaciamus.
1302 663 1538 696 Quemadmodum
1553 665 1625 692 enim
1642 665 1700 692 ﬁeri

914 708 1008 742 nequit
1022 727 1030 740 ,
1051 712 1081 734 ut
1102 707 1178 735 locus
1197 708 1333 742 quispiam
1354 707 1419 735 solis
1433 707 1516 735 radiis
1531 708 1682 736 illustratus
1693 728 1701 740 .

915 753 1066 780 contrarias
1081 752 1208 780 tenebras
1223 753 1368 785 admittat,
1399 753 1438 780 sic
1457 746 1550 788 neque
1564 754 1646 782 homo
1661 755 1703 782 di-

915 797 978 823 vino
990 797 1093 823 lumine
1107 815 1114 828 ,
1137 797 1189 824 hoc
1208 801 1250 823 est
1271 796 1416 831 prudentia
1440 801 1467 824 et
1487 797 1586 825 virtute
1604 799 1703 834 nixus,

913 842 1024 869 sinistra
1047 842 1101 869 ulla
1115 842 1246 869 daemonis
1261 841 1355 869 fraude
1370 841 1431 868 laedi
1446 847 1546 876 potest.
1569 843 1703 871 Convalle-

82 889 195 924 ὀνόματι
209 887 313 922 Κυρίου
330 886 376 912 τοῦ
398 885 595 921 θεραπεύοντος
617 886 706 912 πᾶσαν
720 886 796 913 νόσον
818 887 861 914 καὶ

916 891 975 914 seat
983 895 1048 923 ergo
1059 887 1146 922 puella
1158 888 1186 915 in
1203 888 1316 915 nomine
1324 889 1440 922 Domini,
1449 890 1496 924 qui
1507 894 1585 917 sanat
1592 897 1702 918 omnem

80 935 173 962 πᾶσαν
190 933 325 969 μαλακίαν
336 940 343 947 '
359 932 405 958 καὶ
418 931 488 957 ἔστω
504 931 564 966 χεὶρ
577 930 644 957 Θεοῦ
659 932 862 968 περιιπταμένη

78 981 127 1007 καὶ
136 977 334 1009 ἐπισκιάζουσα
344 977 393 1012 τὴν
404 976 490 1011 αὐτῆς
499 976 630 1011 κεφαλὴν,
638 977 684 1002 καὶ
692 976 863 1003 ἀποσοϐοῠσα

78 1027 170 1053 πᾶσαν
184 1025 324 1059 ἐνέργειαν
339 1022 490 1057 βλαπτικήν
500 1030 507 1037 ·
532 1021 570 1052 ὡς
591 1021 624 1048 ἂν
637 1021 789 1048 ἐὐεκτοῦσα
813 1022 861 1049 σὺν

80 1072 164 1107 μητρὶ
174 1069 297 1105 Θεοφόδῳ
310 1068 421 1104 ἀποδοίη
434 1068 483 1099 τὰς
492 1066 574 1102 εὐχὰς
584 1066 669 1102 αὐτῆς
680 1067 864 1103 χαριστηρίως

76 1117 117 1152 τῷ
133 1116 239 1152 Κυρίῳ.

74 1184 149 1217 NG”.
166 1197 202 1203 -—
219 1182 362 1221 Ἀντωνίῳ
383 1180 540 1221 ἡγουμένῳ
551 1180 617 1221 ⁸τοῦ
643 1180 728 1214 ἀτίου
738 1180 863 1221 ιζέηοοιι)ζ

306 1217 355 1242 καὶ
372 1214 434 1248 τοῖς
451 1215 512 1242 σὺν
524 1214 615 1247 αὐτῷ.
761 1214 866 1252 [algu]

913 932 1038 960 morbum
1049 936 1077 960 et
1091 933 1248 968 languorem
1261 941 1370 961 omnem
1393 943 1399 961 :
1424 939 1451 962 et
1466 943 1563 964 manus
1583 935 1633 963 Dei
1647 936 1701 964 cir-

912 982 1020 1005 cumeat
1043 983 1124 1013 atque
1145 979 1290 1006 obumbret
1312 984 1393 1014 caput
1418 981 1490 1009 illius
1505 1002 1512 1014 ,
1540 987 1568 1009 et
1592 982 1701 1009 noxium

915 1023 970 1050 vim
985 1029 1094 1050 omnem
1113 1023 1249 1058 depellat;
1273 1027 1314 1057 ut,
1337 1032 1399 1052 cum
1420 1026 1464 1060 pia
1484 1031 1581 1059 matre,
1595 1027 1702 1054 incolu-

913 1069 967 1096 mis
992 1072 1055 1096 vota
1073 1076 1121 1096 sua
1141 1069 1256 1097 Domino
1274 1078 1337 1098 eum
1357 1071 1502 1107 gratiarum
1522 1073 1627 1100 actione
1640 1073 1702 1100 red-

913 1115 968 1143 dat.

916 1183 983 1213 LVI.
999 1201 1033 1206 —
1047 1186 1162 1214 Antonio
1184 1187 1431 1235 prwpositawsancti
1451 1187 1526 1216 Petri
1522 1207 1545 1235 Ι,
1562 1192 1587 1215 et
1609 1188 1641 1216 iis
1657 1189 1702 1223 qui

1240 1229 1298 1248 cum
1317 1222 1373 1249 illo.
1514 1240 1519 1243 ι

75 1274 172 1299 suadet
183 1276 210 1298 ut
221 1279 281 1304 pace
298 1270 415 1297 Ecclesiae
423 1271 472 1302 jam
483 1277 528 1302 per
537 1270 712 1302 imperatorem
721 1272 869 1327 constitutas,1
874 1279 936 1334 ﬁt":
947 1276 1095 1336 ﬁttilarcba,
1108 1276 1374 1310 dictiseonditionlbus,
1391 1278 1581 1303 commuulcent.
1598 1278 1700 1309 (Darou.

111 1357 168 1388 Τὰς
183 1356 216 1382 ἐκ
230 1354 330 1389 πολλῆς
346 1353 460 1388 συνοχῆς
471 1353 518 1380 καὶ
532 1352 649 1387 θλίψεως
665 1354 778 1389 καρδίας
797 1363 866 1390 γραρ

77 1403 177 1438 φείσας
201 1402 267 1436 ἡμῖν
296 1399 441 1430 ἐπιστολὰς
463 1398 539 1433 παρὰ
562 1399 611 1432 τῆς
633 1400 770 1434 πατρικῆς
788 1400 865 1434 ὑμῶν

77 1447 234 1482 ἁγιωσύνης
257 1445 413 1480 δεξάμενοι·
438 1445 499 1471 ὅσον
518 1444 754 1480 κατεστενάξαμεν
777 1445 804 1472 τί
825 1446 867 1472 δεῖ

77 1494 126 1520 καὶ
141 1493 244 1527 λέγειν,
257 1491 410 1525 ἀδελφικοῖς
423 1489 586 1524 σπλάγχνοις
597 1490 764 1525 κινούμενοι,
779 1492 803 1517 εί
817 1491 865 1517 καὶ

76 1538 185 1571 ἀνάξιοι
197 1537 378 1571 τυγχάνομεν,
394 1535 440 1561 καὶ
455 1535 486 1560 ἐκ
501 1535 701 1566 ταυτοπαθείας
717 1535 767 1568 τὴν
784 1544 863 1570 περι-

77 1585 192 1619 πόνησιν
209 1582 286 1617 ὑμῶν
305 1579 497 1616 στοχαζόμενοί
514 1588 543 1606 τε
558 1579 605 1606 καὶ
618 1579 863 1614 συνυφιστάμενοι;

75 1631 138 1658 οὐδὲ
153 1630 206 1664 γὰρ
221 1628 312 1660 ἀλλοις
323 1628 380 1654 ἔστι
393 1626 574 1661 γνωρίζεσθαι
588 1626 619 1652 τὸ
630 1625 768 1661 ὀδυνηρὸν,
782 1626 798 1661 ἢ
810 1627 865 1657 τοῖς

76 1674 253 1711 ὁμοιοπαθῶς
269 1674 326 1705 τοῖς
341 1673 432 1703 αὐτοῖς
446 1671 615 1707 ἐνεχομένοις
628 1671 771 1706 λυπηροῖς.
793 1671 864 1697 Ἀλλ’

76 1723 105 1748 αί
133 1719 265 1755 ἁμαρτίαι
286 1717 364 1753 ἡμῶν
383 1717 509 1744 τοσοῦτον
532 1716 686 1750 ἐπλήθυναν
703 1716 731 1742 ἐν
748 1717 781 1751 τῇ
793 1724 864 1751 παρ-

77 1766 146 1801 ούσῃ
172 1765 255 1799 γενεᾷ
277 1763 328 1797 τῆς
352 1763 474 1797 ἀνομίας,
488 1761 567 1797 [Cod.
581 1760 648 1795 Reg.
667 1760 716 1795 τὴν
735 1760 863 1796 ἀνομίαν]

75 1810 211 1845 ψυγείσης
234 1808 284 1843 τῆς
300 1808 408 1842 ἀγάπης
423 1806 494 1833 κατά
512 1806 558 1833 τὸν
581 1805 628 1832 τοῦ
641 1805 745 1841 Κυρίου
767 1806 861 1840 λόγον·

76 1857 148 1883 ὥστε
164 1856 228 1886 τοὺς
245 1853 401 1888 ὀφε¹λοντας
414 1852 530 1878 διαλύειν
554 1851 590 1878 τὰ
607 1851 698 1877 σκῶλα
715 1851 761 1877 καὶ
777 1859 862 1886 προσ-

76 1902 218 1935 κόμματα,
229 1899 341 1930 τούτους
357 1898 392 1925 τὰ
416 1898 461 1924 ἴσα
480 1898 497 1933 ἥ
513 1898 582 1932 τάχα
594 1897 642 1923 καὶ
654 1897 792 1932 δεινότερα
807 1899 862 1928 τοῖς

75 1948 106 1973 ἐν
121 1947 181 1977 ταῖς
198 1943 297 1977 ἔξωθεν
313 1944 410 1978 ἀρχαῖς
434 1942 508 1968 ἐστιν
526 1941 593 1976 ὁρᾷν
609 1941 787 1976 πράττοντας.
811 1942 860 1967 Δε-

76 1990 223 2026 σμωτήριά
235 1997 313 2023 φατε,
326 1987 486 2021 ἀπαγωγὰς,
508 1987 685 2022 ὀνειδισμοὺς,
712 1987 859 2021 διωγμοὺς,

75 2038 123 2065 καὶ
135 2035 311 2071 περιστάσεις
325 2034 482 2069 ὑφεστάναι,
498 2032 544 2059 καὶ
555 2031 594 2058 ἔτι
604 2031 777 2067 ὑφίστασθαι,
786 2032 861 2067 παρά

73 2082 130 2107 τῶν
154 2079 327 2115 κρατούντων
346 2077 395 2109 τὰς
409 2076 570 2112 Ἐκκλησίας
587 2075 634 2102 τοῦ
648 2075 730 2102 Θεοῦ·
750 2077 796 2102 καὶ
812 2077 860 2111 οὐχ

73 2126 116 2152 ὅτι
130 2124 202 2158 ὑπὲρ
216 2122 325 2156 ἐντολῆς
337 2121 516 2155 ἐνιστάμενοι,
529 2119 598 2146 ἀλλά
613 2120 660 2145 καὶ
673 2119 697 2144 εί
711 2118 860 2149 ἐαλωκότες

74 2169 124 2206 ἦτε
150 2171 180 2196 ὲν
204 2167 427 2204 παραπτώμασιν
452 2164 644 2200 ἀνθρωπίνοις,
671 2163 796 2198 οὐδαμῶς
826 2164 861 2190 τὰ

73 2216 188 2243 τοιαῦτα
216 2213 361 2241 πανθάνειν
384 2212 443 2244 ἐξὸν
468 2209 502 2246 ἦν
530 2210 594 2244 ὑμῖν
618 2210 692 2244 παρὰ
723 2209 859 2245 ποιμένων

73 2261 163 2288 Θεοῦ·
189 2260 226 2294 μὴ
247 2260 321 2292 ὃτιγε
344 2257 414 2292 ὑπὲρ
435 2255 564 2290 ἀληθείας
579 2254 731 2281 διαθλοῦσιν
744 2263 750 2270 ·
766 2251 807 2286 οἷς
828 2255 859 2281 τὸ

74 2304 246 2332 ἐπαινεῖσθαι
267 2302 313 2328 καὶ
335 2299 534 2336 μακαρίζεσθαι
563 2298 779 2334 κεχρεώστηται·
810 2299 858 2325 καὶ

72 2351 162 2377 ταῦτα
174 2349 214 2384 τῷ
230 2346 365 2383 μοναδικῷ
379 2345 669 2379 κατακεκοσμημένοις
682 2343 859 2378 ἐπαγγέλμα-

72 2403 111 2421 τι.
129 2395 177 2420 Ἐκ
187 2393 241 2419 τῶν
254 2392 344 2427 ἔργων
357 2390 447 2416 αὐτῶν
461 2389 645 2423 ἐπιγνώσεσθε
660 2389 768 2421 αὐτοὺς,
781 2389 834 2424 ἔφη
845 2391 860 2415 δ

39 2455 52 2473 1
72 2437 187 2473 Κύριος.
203 2437 240 2463 Οὐ
256 2435 341 2470 δήπου
354 2434 474 2461 τοιοῦτον
488 2433 563 2467 παρὰ
574 2434 632 2464 τοῖς
647 2433 735 2466 ἁγίοις
748 2433 860 2468 ἐγνωρί-

72 2484 140 2517 σθη·
168 2480 324 2508 τούναντίον
343 2480 371 2507 δὲ
388 2479 465 2506 αὐτοὶ
486 2478 585 2513 μᾶλλον
610 2478 774 2509 πεπονθότες
789 2478 858 2505 ἐδεί-

72 2535 171 2554 κνυντο
178 2525 365 2560 διδασκόμενοι
378 2523 454 2559 παρά
468 2523 517 2557 τῆς
529 2522 712 2556 ὰποστολικῆς
726 2523 827 2558 φωνῆς,
839 2524 855 2558 ἧ

72 2579 142 2605 φησι
155 2569 221 2604 περὶ
234 2568 281 2595 τοῦ
292 2568 393 2603 Κυρίου
403 2575 410 2582 ·
426 2568 474 2600 Ὃς
486 2566 778 2600 λοιδορούμενοςοὺκ
787 2567 857 2595 ἀντ-

71 2615 227 2649 ελοιδόρει·
237 2613 363 2647 πάσχων
373 2614 429 2639 οὐκ
436 2612 561 2646 ἠπείλει·
571 2612 685 2646 παρεῖχε
696 2611 725 2638 δὲ
737 2612 857 2646 εὐμενῶς

948 1357 1016 1385 Cum
1034 1359 1164 1394 epistolas
1181 1364 1286 1388 vestras
1299 1368 1398 1396 magno
1415 1369 1476 1388 cum
1494 1361 1579 1388 animi
1600 1370 1702 1396 angore

913 1408 941 1430 et
956 1403 1102 1431 atllictione
1117 1405 1151 1432 ad
1166 1412 1216 1433 nos
1231 1406 1348 1440 scriptas
1377 1414 1392 1432 ιι
1415 1411 1529 1441 paterna
1558 1407 1702 1434 sanctitate

912 1452 1002 1475 vestra
1031 1449 1232 1483 accepissemus
1255 1470 1262 1482 ,
1293 1454 1461 1485 quantopere
1487 1450 1701 1486 ingemuerimus

913 1493 976 1528 quid
989 1493 1082 1521 dicere
1099 1494 1214 1527 attinet,
1239 1495 1365 1522 fraternis
1387 1495 1536 1523 visceribus
1552 1496 1700 1528 commoti.

915 1538 1020 1565 tametsi
1037 1538 1140 1574 indigni
1158 1539 1261 1572 simus,
1287 1547 1320 1567 cx
1342 1540 1421 1574 parili
1444 1547 1562 1568 mmrore
1579 1541 1700 1569 dolorem

915 1589 1035 1611 vestrum
1056 1585 1241 1618 aestimantes,
1267 1589 1348 1620 atque
1373 1593 1425 1613 una
1446 1586 1632 1614 sustinentes?
1646 1587 1702 1614 Nec

915 1629 988 1656 enim
1005 1628 1066 1656 aliis
1081 1629 1144 1656 licet
1160 1630 1297 1657 molestias
1313 1631 1448 1658 :estimare
1461 1651 1469 1664 ,
1493 1639 1574 1666 quam
1600 1631 1633 1659 iis
1654 1632 1700 1667 qui

914 1673 1047 1700 consimili
1058 1673 1157 1701 affectu
1181 1675 1277 1702 iisdem
1296 1675 1428 1702 molestiis
1443 1682 1591 1709 anguntur.
1608 1676 1701 1703 Eniui-
1722 1703 1724 1707 _

914 1725 978 1745 vero
992 1722 1102 1753 peccata
1118 1724 1209 1747 nostra
1224 1728 1310 1756 usque
1324 1721 1392 1748 adeo
1415 1722 1441 1748 in
1461 1722 1513 1749 hoc
1525 1722 1624 1749 saeculo
1645 1722 1698 1749 ini-

912 1763 1042 1797 quitatem
1057 1770 1254 1800 exaggerarunt
1267 1766 1460 1801 refrigesccule
1475 1785 1482 1798 ,
1495 1767 1572 1801 juxta
1590 1768 1695 1795 Domini

911 1808 992 1835 verba
1008 1808 1042 1842 ⁸⁸,
1057 1809 1205 1842 charitatc;
1230 1814 1273 1842 ut,
1287 1810 1333 1844 qui
1346 1810 1508 1838 olIcndicula
1526 1815 1553 1839 et
1571 1810 1699 1840 scandala

911 1860 1051 1880 removere
1064 1854 1220 1888 debebant,
1240 1862 1286 1882 eos
1303 1855 1395 1883 videre
1424 1856 1459 1883 sit
1485 1856 1559 1891 paria
1581 1865 1614 1885 ac
1639 1858 1695 1885 lor-

911 1901 981 1924 tasse
997 1897 1116 1932 graviora
1131 1899 1251 1926 extentis
1265 1900 1469 1935 magistratibus
1485 1902 1584 1930 facere.
1602 1902 1699 1930 Carce~

911 1950 955 1969 res
965 1943 1066 1975 dicitis,
1081 1945 1187 1976 exsilia,
1203 1945 1314 1979 probra,
1331 1947 1542 1980 persecutiones,
1555 1952 1582 1974 et
1598 1955 1698 1975 aerum-

910 1995 960 2015 nas
976 1989 1138 2017 sustinuisse
1152 1997 1200 2017 vos
1211 2011 1220 2022 ,
1243 1998 1275 2019 ac
1290 1992 1437 2019 etiamnum
1459 1993 1593 2021 sustinere
1613 1995 1646 2022 ab
1666 1995 1699 2022 iis

909 2033 955 2068 qui
979 2034 1116 2062 Ecclesias
1141 2034 1189 2062 Dei
1215 2036 1414 2072 moderantur:
1443 2046 1511 2072 quos
1534 2047 1586 2066 non
1611 2040 1698 2066 solum

910 2085 959 2112 pro
976 2079 1104 2106 mandato
1115 2070 1282 2114 pugnantes,
1299 2081 1347 2108 sed
1361 2090 1395 2109 ne
1409 2082 1430 2109 si
1445 2070 1555 2117 quidem
1571 2085 1698 2111 humanis

910 2121 1072 2150 criminibus
1089 2123 1129 2150 rei
1142 2125 1259 2158 essetis,
1276 2125 1338 2152 talia
1355 2134 1473 2162 unquam
1494 2135 1510 2154 a
1525 2128 1571 2155 Dei
1585 2130 1699 2163 pastori-

910 2167 1083 2202 bus-perpeti
1107 2168 1147 2196 fas
1164 2174 1256 2202 esset,
1281 2171 1380 2198 nedum
1400 2179 1449 2207 pro
1463 2173 1576 2201 veritate
1589 2179 1697 2202 certan-

912 2215 952 2239 tes
963 2231 970 2243 ,
989 2212 1088 2246 quibus
1103 2214 1161 2241 laus
1174 2215 1288 2242 debetur
1304 2220 1331 2243 et
1346 2217 1486 2245 beatitudo
1501 2225 1508 2245 :
1526 2224 1606 2254 atque
1620 2221 1697 2247 insu-

911 2264 960 2292 per
985 2258 1136 2285 monastica
1160 2259 1328 2293 professione
1353 2262 1452 2289 ornati.
1480 2273 1489 2288 ι
1507 2263 1545 2290 Ex
1569 2265 1697 2299 operibus

911 2309 1006 2329 eorum
1033 2305 1204 2338 cognoscetis
1233 2314 1301 2339 eos,
1317 2316 1327 2332 ι
1357 2307 1396 2334 ait
1418 2308 1549 2337 Dominus
1560 2310 1592 2336 ⁸⁸.
1619 2310 1696 2337 Haud

912 2354 976 2375 sane
990 2349 1051 2376 talia
1066 2350 1093 2376 in
1106 2351 1207 2378 sanctis
1219 2357 1339 2386 spectata
1355 2357 1437 2386 sunt;
1455 2354 1521 2388 quin
1536 2354 1586 2389 ipsi
1603 2360 1697 2383 contra

912 2394 966 2427 pati
986 2394 1074 2428 potius
1088 2396 1138 2423 visi
1155 2401 1220 2424 sunt
1234 2417 1242 2429 ,
1263 2398 1410 2432 apostolica
1426 2407 1492 2426 voce
1508 2400 1595 2428 edocti
1609 2421 1616 2434 ,
1635 2410 1695 2436 qua:

913 2437 947 2464 de
961 2437 1075 2466 Domino
1091 2439 1130 2467 sic
1142 2441 1181 2468 ait
1195 2449 1202 2468 :
1224 2441 1276 2474 Qui
1292 2450 1351 2469 cum
1365 2445 1564 2471 matcdiceretur
1575 2454 1625 2472 non
1637 2455 1694 2473 ma-

913 2481 1064 2510 ledicebat:
1089 2492 1149 2511 cum
1175 2490 1310 2519 pateretur
1336 2495 1388 2514 non
1413 2490 1623 2517 conmtinabalur
1648 2490 1671 2506 "
1686 2511 1694 2523 ,

912 2527 1051 2560 praabcbat
1070 2534 1161 2556 autem
1181 2531 1285 2565 placide
1304 2532 1424 2560 divinam
1448 2534 1584 2562 maxillam
1599 2542 1696 2569 percu-

912 2570 989 2598 tienti
1004 2571 1038 2599 ⁸⁸.
1063 2572 1135 2600 Hinc
1149 2574 1250 2603 Christi
1275 2581 1398 2611 pastores
1415 2578 1470 2605 noti
1492 2587 1500 2606 ε
1525 2579 1599 2606 illinc
1614 2580 1695 2607 alicui

910 2618 1038 2653 episcopi.

71 2661 113 2694 τῷ
138 2660 244 2686 παίοντι
269 2658 317 2685 καὶ
340 2657 388 2692 τὴν
410 2656 484 2684 θείαν
515 2656 638 2690 σιαγόνα.
666 2656 807 2683 Ἐντεῦθεν
835 2660 859 2685 οἱ
897 2664 1025 2697 ποιμένες
1060 2665 1179 2700 Χριστοῦ
1197 2666 1345 2703 γνώριμοι·
1372 2667 1497 2695 κάκεῖθεν
1515 2669 1537 2694 οί
1560 2669 1696 2707 ἀλλοτριο-

73 2708 233 2734 επίσκοποι.

117 2751 197 2778 Ἀλλὰ.
212 2751 236 2776 τί
252 2750 293 2776 δεῖ
312 2750 406 2777 παθεῖν
419 2758 425 2782 ;
447 2749 515 2776 κατά
529 2749 576 2784 τὴν
591 2748 763 2784 ἐνσκήψασαν
779 2751 807 2777 ἐν
823 2754 854 2788 τῇ

108 2840 130 2854 ⁸⁸
147 2841 240 2868 Matth.
258 2849 329 2872 xxn‘,
352 2841 391 2867 1‘3.
430 2841 452 2856 ⁸¹
467 2841 563 2869 Matth.
581 2851 626 2874 vn,
645 2843 684 2870 10.
724 2844 744 2859 ⁸³
767 2844 774 2870 Ι
793 2843 865 2872 l‘clt'.
885 2853 914 2877 ll,
932 2845 975 2871 25.

945 2755 997 2783 Sed
1011 2756 1100 2790 qualia
1116 2757 1170 2791 pati
1188 2765 1298 2786 necesse
1321 2765 1361 2787 cst
1374 2759 1384 2786 ?
1399 2760 1433 2787 ob
1457 2760 1624 2797 ingruentem
1645 2762 1696 2790 huc

1015 2845 1036 2860 ⁸³
1055 2845 1120 2873 Luc.
1137 2855 1173 2880 νι,
1190 2847 1233 2874 26.
