1926 3078
75 134 146 186 ms

686 154 956 185 EPISTOLARUM
972 153 1046 184 LIB.
1068 153 1094 183 Ι.

1635 151 1704 183 1114

73 211 113 247 χῷ
132 210 184 246 βίῳ
206 210 442 246 ἑμακαρίσθησαν.
462 210 526 242 Πῶς
543 211 626 246 ἡμεῖς
640 211 664 237 οι
681 212 806 238 ταπεινοὶ
819 211 861 238 διὰ

913 209 1045 245 profecti,
1066 209 1123 236 vita
1147 207 1175 235 in
1194 208 1342 235 solitudine
1360 214 1482 242 peracta.
1502 207 1596 236 felices
1610 209 1703 236 existi-

70 257 153 291 νόμον
170 253 240 283 Θεοῦ
252 255 484 291 πεφρουρισμένοι
503 257 533 282 ὲν
547 256 649 292 ὲξορίᾳ,
664 257 715 283 οὐκ
727 257 859 291 ἀγαλλια-

70 301 183 336 σώμεθα
199 302 229 328 ἑν
250 301 355 336 Κυρίῳ,
377 301 458 336 χάριν
469 301 543 336 αὐτῷ
558 301 727 336 λογιζόμενοι
747 302 795 328 καὶ
809 302 861 329 δω-

70 347 135 382 ρεὰν
155 345 298 382 μεγίστην,
313 347 355 373 ὃτι
367 346 508 381 ὴξιώμεθα
520 347 549 373 ἐν
565 346 657 382 μέτρῳ
669 346 782 382 τοιούτῳ
794 355 861 374 κατ-η

68 394 202 428 αντῆσαι,
225 388 247 425 ᾧ
261 391 355 419 πολλοὶ
374 393 515 427 ἐφιέμενοι
534 392 584 418 οὐκ
599 392 747 427 ὲπέτυχον;
767 393 860 420 Κάθου

68 439 111 474 δὴ,
123 439 216 473 Πάτερ
229 447 282 473 μου
295 438 369 472 ἅγιε,
385 438 415 464 ὲν
426 434 449 471 ᾧ
461 438 537 473 τόπῳ
547 439 561 464 6
571 437 648 469 Θεὸς,
668 437 726 464 ἀλλ’
744 438 795 464 οὐκ
811 438 860 465 ἄν-

69 486 190 520 θρωπος,
204 485 270 511 εἴσω
284 483 439 520 ὲφρούρησέ
453 492 484 510 σε
506 484 560 516 ἕως
576 483 674 519 καιροῦ
684 493 692 500 ⁸
708 484 770 511 ἐπεὶ
793 484 861 520 μηδὲ

69 532 150 566 ἴσμεν
161 530 189 557 τί
200 529 313 566 τέξηται
326 531 343 564 ἠ
361 529 476 556 ἐπιοῦσα
488 537 495 544 ·
517 528 573 555 εἴτε
591 529 688 561 οὕτως,
704 529 758 556 εἴτε
772 529 861 560 ἄλλως

68 576 118 611 τῆς
133 575 265 611 προνοίας
277 574 439 609 κελευούσης
450 582 458 590 ·
476 575 524 601 καὶ
538 574 634 607 δόξαζε
654 574 700 601 τδν
710 574 861 608 δοξάσαντά

69 630 98 647 σε
114 620 230 655 Κύριον,
244 619 289 646 διὰ
298 619 348 655 τῆς
362 620 535 655 μαμυρικῆς
550 627 596 645 σου
608 619 762 650 ὲνστάσεως
779 619 829 654 (1).
851 637 859 646 .

69 687 76 694 .
98 686 106 694 .
130 685 140 693 .
161 686 170 694 .
192 685 199 693 .
221 686 230 695 .
252 685 259 693 .
281 686 289 693 .
311 685 318 693 .
341 686 348 693 .
371 685 378 692 .
393 666 438 692 τὸν
449 665 532 698 ἄρτον
547 674 594 692 σου
611 666 671 700 μετ’
684 665 861 701 εὐχαριστίας

68 712 114 738 καὶ
136 711 235 746 χαρᾶς.
250 710 280 737 ὃν
301 710 394 743 ἔδοξαν
410 710 435 737 οἱ
448 710 585 745 ἄνθρωποι
603 711 701 746 πικρόν
717 719 758 738 σοι
780 720 862 746 προσ·

68 757 173 792 φέρειν.
187 756 271 783 Οὔπω
282 764 323 782 σοι
336 755 451 791 δύναμις
463 756 492 782 ἐν
503 754 543 790 τῷ
558 756 639 791 γήρει
649 763 656 770 '
670 755 763 795 κόπρον
773 757 861 792 ἀσκη-

68 803 154 830 τικῶν
180 802 431 837 προηγωνισμένων
457 809 499 827 σοι
521 801 551 827 ὲν
573 802 606 836 τῇ
629 801 746 836 νεότητι,
770 801 861 836 χάριτι

68 846 189 882 Χριστοῦ
205 846 277 873 κατὰ
293 846 392 873 πάντα.
407 845 456 872 Διὰ
469 844 549 872 τοῦτο
564 844 717 881 παρακαλῶ
728 845 775 872 καὶ
788 845 862 872 ἀντι-

910 255 976 283 mati
1005 259 1092 282 sunt:
1121 253 1260 289 quomodo
1280 260 1332 280 nos
1358 253 1491 286 humiles,
1520 258 1633 288 propter
1655 254 1704 281 Dei

902 301 1000 336 .lcgem
1016 301 1042 328 in
1056 299 1181 328 custodia
1198 299 1349 333 exsilioque
1365 299 1446 333 positi
1459 318 1467 330 ,
1481 306 1535 327 non
1551 299 1705 327 laetabimur

911 347 939 374 in
955 347 1088 379 Domino,
1109 345 1224 381 gratiam
1243 345 1329 380 ipsius
1349 347 1525 378 reputantes,
1546 344 1704 379 donumque

910 393 1070 425 maximum,
1084 391 1158 426 quod
1179 390 1253 426 digni
1271 390 1357 423 habiti
1371 397 1466 416 sumus
1476 407 1484 420 ,
1499 390 1546 424 qui
1560 397 1591 416 ea
1605 390 1705 417 condi-

912 438 988 465 tione
1000 444 1141 469 essemus,
1165 443 1246 471 quam
1267 436 1440 471 complures,
1453 442 1515 462 cum
1529 434 1685 462 aii‘eclarent
1694 455 1704 469 ,

909 490 965 510 non
983 486 1047 510 sunt
1061 482 1174 517 adepti?
1192 482 1274 509 Mane
1285 481 1387 516 itaque,
1402 480 1440 508 mi
1456 480 1538 508 Pater
1551 485 1655 514 sancte,
1676 482 1705 509 in

910 535 944 555 eo
967 535 1022 563 quo
1038 532 1065 555 te
1084 527 1157 554 Deus
1168 547 1176 559 ,
1193 534 1247 554 non
1263 526 1347 554 homo
1362 526 1456 560 utique
1467 545 1474 558 ,
1491 526 1525 553 ad
1540 531 1649 561 tempus
1661 526 1706 553 in-

913 573 996 601 clusit
1011 573 1087 600 loco:
1111 572 1330 608 quandoquidem
1357 572 1510 607 ignoramus
1533 571 1597 606 quid
1613 579 1706 606 super-

910 623 1021 646 ventura
1045 618 1136 654 pariat
1156 618 1212 645 dies
1226 618 1266 649 ⁸⁸,
1293 617 1351 644 sive
1369 617 1426 649 sic,
1448 617 1507 644 sive
1530 617 1619 650 aliter,
1634 624 1706 651 quo-

910 672 1020 700 cunque
1034 672 1078 692 res
1090 686 1097 698 ,
1114 663 1288 699 providentia
1309 662 1487 698 praecipiente
1498 682 1506 694 ,
1523 667 1655 696 vertant;
1678 668 1706 690 et

911 709 1056 736 Dominum
1072 708 1192 744 gloriﬁca
1203 729 1211 740 ,
1234 707 1280 742 qui
1296 707 1428 742 gloriﬁcat
1447 709 1474 734 te
1487 705 1510 723 "
1532 707 1568 734 ob
1585 714 1704 742 pugnant

911 755 983 782 hanc
994 759 1068 782 tuam
1084 754 1215 788 martyrio
1229 761 1323 788 parem
1341 772 1348 779 .
1363 772 1370 779 .
1393 771 1401 779 .
1424 771 1431 779 .
1455 773 1463 780 .
1483 771 1490 779 .
1512 773 1520 781 .
1539 771 1547 779 .
1571 773 1577 779 .
1591 760 1707 787 panem-

913 805 989 828 tuum
1024 808 1086 827 cum
1110 799 1258 835 gratiarum
1287 799 1396 826 actione
1428 802 1456 825 et
1475 798 1594 833 gaudio,
1623 805 1705 833 quem

910 846 1074 874 videbantur
1112 844 1239 872 homines
1272 845 1442 872 acerbiorem
1467 844 1518 873 tibi
1547 844 1700 879 assignare.

69 893 151 926 601(1),
165 893 214 920 xci.
229 891 354 928 βρώμασι
369 891 417 918 καὶ
433 891 537 926 πόμασι
551 891 599 918 τοῦ
612 891 858 927 κατατρυχωμένου

912 891 1028 919 Delectas
1055 891 1103 919 tibi
1123 892 1150 918 in
1180 895 1324 919 senectute
1348 891 1437 922 vires,
1457 894 1498 918 tot
1519 895 1582 918 ante
1608 891 1636 918 in
1661 891 1707 925 ju-

70 938 197 974 σώματος
211 936 471 972 ἀντιλαμϐάνεσθαι.
486 937 532 971 Μὴ
544 935 679 973 παραιτοῦ
689 944 697 953 '
715 936 797 972 ἀρκεῖ
819 945 862 964 σοι

69 987 84 1020 ἡ
104 985 233 1020 μόνωσις,
250 985 267 1018 ἡ
283 982 432 1018 κάθειρξις,
446 983 464 1018 ἡ
475 982 589 1018 ἐρημία,
602 983 619 1018 ἡ
636 983 828 1018 ὕποστέρησις,
845 983 862 1019 ή

69 1029 206 1063 ἀδυναμία
228 1027 276 1054 τοῦ
303 1028 406 1062 γήρους
431 1026 500 1062 μετὰ
515 1027 563 1053 καὶ
578 1026 738 1059 ἀσθενείας·
761 1029 779 1063 ὴ
798 1028 863 1063 περὶ

68 1074 145 1109 ἡμᾶς
164 1081 195 1099 τε
208 1072 273 1103 τοὺς
287 1071 466 1108 ἁμαρτωλοὺς
486 1072 533 1097 καὶ
550 1071 613 1103 τοὺς
627 1071 726 1103 ἄλλους
740 1072 861 1107 φροντίς.

75 1120 122 1146 Ὶιὶν
146 1118 252 1149 τούτοις
278 1117 423 1152 ὑπομένων
444 1116 594 1152 αὑταρκοῦ,
618 1116 793 1153 καθαρότητα
813 1117 863 1152 θη-

70 1164 158 1199 ρεύων
172 1163 227 1190 τῶν
241 1162 380 1197 λογισμῶν
393 1162 437 1189 διὰ
456 1162 506 1196 τῆς
530 1163 794 1197 μετεωροπορήσεως
813 1163 863 1198 τῆς

67 1211 164 1246 τιμίας
180 1219 228 1237 σου
241 1210 341 1245 ψυχῆς.
358 1209 456 1236 Ἦνίκα
470 1209 505 1236 τὰ
516 1209 580 1245 ἄρτι
593 1208 624 1235 τὸ
636 1208 770 1244 ἑρημικδν
783 1209 864 1243 πρόσι

68 1265 155 1288 εστιν,
171 1255 292 1290 εὐχερῶς
309 1255 323 1281 ό
336 1255 409 1286 νοῦς,
428 1254 523 1289 ὥσπερ
544 1253 597 1280 ὑπὸ
613 1254 732 1288 σωλῆνος
749 1254 863 1288 σφιγγὸ-

69 1310 153 1336 μενον
171 1300 253 1335 ὕδωρ,
269 1299 359 1327 δύνατ’
375 1299 407 1326 ἂν
421 1299 581 1334 ἀνατρέχειν
597 1299 630 1325 ὲκ
648 1299 703 1326 τῶν
722 1299 863 1334 χαμαιζή-

67 1347 124 1373 λων
140 1346 208 1381 πρὸς
226 1346 261 1372 τὰ
276 1346 434 1380 ἐπουράνια.
450 1344 535 1371 Τοῦτό
555 1346 614 1371 ἐστι
636 1344 667 1371 τὸ
682 1345 860 1379 ζητούμενον,

68 1392 100 1419 τὺ
132 1391 203 1427 μετὰ
232 1390 300 1417 Θεοῦ
329 1392 363 1426 τῇ
389 1390 580 1426 άπροσπαθείᾳ
609 1390 649 1421 είς
674 1390 718 1416 ἀεὶ
740 1389 860 1416 ἔσεσθαι.

69 1438 145 1473 Πλὴν
156 1438 182 1464 οἱ
194 1437 306 1472 πόλεμοι
322 1436 462 1470 στεφάνων
476 1436 559 1462 αίτιοι
574 1435 649 1470 παρὰ
662 1435 716 1461 τῶν
731 1435 862 1471 Πατέρων

69 1482 151 1518 ἡμῶν
166 1482 319 1517 ὁρίζονται·
337 1481 408 1507 ὥστε
429 1481 454 1507 εί
478 1481 525 1507 καὶ
541 1479 740 1515 πολεμούμενοι
756 1480 864 1508 ὲνιστάυ

71 1528 153 1563 μεθα,
166 1527 246 1562 νίκης
260 1525 456 1562 ἀποφερόμεθα
468 1525 547 1557 κλέος
558 1524 628 1552 κατὰ
642 1525 690 1552 τοῦ
707 1525 861 1561 ἡττημένου

69 1573 207 1602 διαϐόλου.

912 941 994 964 ventu
1014 936 1178 970 exantlatis,
1199 936 1302 964 Christi
1334 943 1448 970 prorsus
1475 935 1620 967 beneflcio,
1641 935 1706 963 vita

912 982 1036 1010 asceticae
1045 982 1195 1009 laboribus.
1204 981 1388 1014 Quamobrem
1405 981 1520 1008 obsecro
1530 985 1558 1007 et
1573 981 1703 1013 obtestor,

912 1033 943 1056 ut
970 1029 1037 1057 cibo-
1057 1036 1089 1056 ac
1114 1033 1179 1064 potu
1204 1027 1311 1063 corpori
1343 1026 1476 1054 exhausto
1492 1027 1651 1054 subvenias.
1664 1026 1705 1054 Ne

912 1081 1033 1101 recusa:
1059 1073 1159 1101 suilicit
1182 1073 1230 1100 tibi
1256 1072 1391 1105 solitudo,
1417 1080 1532 1105 carcer,
1556 1079 1681 1099 secessus
1695 1092 1704 1105 ,

912 1119 1039 1154 colloquii
1056 1119 1259 1154 inopia,rerum
1272 1118 1394 1145 omnium
1411 1117 1537 1152 penuria,
1561 1117 1705 1144 imbecilli-

914 1169 955 1191 tas
967 1169 1025 1191 tum
1048 1165 1082 1191 ab
1096 1168 1177 1191 aetate
1189 1184 1196 1197 ,
1216 1168 1274 1190 tum
1288 1164 1322 1191 ab
1337 1164 1508 1199 aegritudine,
1527 1163 1573 1190 illa
1585 1163 1705 1198 denique

913 1209 947 1236 de
968 1209 1048 1237 nobis
1074 1209 1264 1245 peccatoribus
1291 1209 1408 1244 aliisque
1435 1209 1602 1237 sollicitudo.
1632 1208 1706 1236 Satis

913 1255 963 1282 tibi
977 1255 1013 1283 sit
1029 1255 1079 1283 ista
1093 1255 1229 1283 sustinere
1241 1276 1248 1289 ,
1270 1255 1467 1291 cogitationum
1484 1256 1594 1283 interim
1617 1263 1704 1282 mnu-

913 1300 1007 1327 ditiam
1031 1301 1218 1334 consectanti,
1246 1305 1337 1328 erecta
1365 1301 1399 1328 ad
1427 1300 1584 1328 sublimium
1610 1308 1703 1327 rerum

913 1346 1172 1380 contemplationem
1208 1346 1317 1382 egregia
1349 1351 1452 1374 mente.
1484 1346 1599 1379 Quando
1628 1354 1704 1373 nunc

913 1391 1031 1418 solitudo
1056 1392 1153 1425 adest,
1178 1392 1253 1419 nullo
1271 1392 1380 1428 negotio
1395 1400 1473 1420 mens
1485 1413 1492 1426 ,
1519 1392 1606 1419 instar
1625 1399 1704 1426 aquze

913 1444 962 1471 per
982 1437 1037 1464 vim
1063 1444 1079 1464 e
1102 1437 1192 1464 ﬁstula
1215 1438 1404 1472 erumpentis,
1434 1438 1468 1464 ab
1494 1436 1608 1472 abiectis
1627 1437 1703 1463 humi

913 1481 997 1509 rebus
1021 1482 1056 1509 ad
1084 1482 1205 1510 caelestia
1229 1482 1357 1518 prosilire
1378 1487 1480 1517 potest.
1497 1482 1555 1509 Hoc
1576 1481 1642 1509 illud
1662 1485 1704 1508 est

913 1527 986 1562 quod
1000 1527 1158 1562 quterimus,
1177 1532 1208 1555 ut
1224 1535 1286 1555 cum
1302 1528 1358 1556 Deo
1374 1528 1400 1555 in
1416 1532 1579 1563 perpetuum
1595 1528 1681 1555 simus
1693 1547 1701 1560 ,

871 1567 893 1598 C
910 1581 960 1608 per
975 1573 1181 1608 {immunitatem
1202 1582 1216 1601 a
1229 1574 1303 1602 vitiis
1315 1594 1324 1606 .
1348 1574 1478 1609 copulati.
1497 1574 1633 1602 Caeterum
1655 1581 1704 1600 co-

70 1626 154 1647 ronas
176 1616 331 1645 dimicando
357 1615 530 1651 comparari,
557 1622 573 1643 a
599 1614 726 1642 Patribus
754 1616 858 1644 nostris
893 1617 1030 1645 sancitum
1076 1622 1130 1645 est.
1163 1618 1343 1650 Quamobrem
1369 1618 1415 1651 si,
1442 1617 1493 1646 vel‘
1514 1618 1600 1654 pressi
1630 1618 1703 1646 bello

69 1668 228 1700 perstamus
240 1683 249 1696 ,
276 1662 397 1689 victoriae
423 1661 531 1688 laudem
546 1681 553 1693 ,
585 1665 717 1696 superato
736 1661 862 1695 diabolo,
879 1668 1062 1698 reportamus.

111 1710 185 1744 Ἐγὼ
209 1709 238 1735 δὲ
258 1708 421 1744 αἰσχύνομαι
439 1708 594 1743 ⁴ᾐσχημένος
617 1707 655 1734 ὢν
674 1708 730 1739 τοῖς
749 1708 859 1740 πάθεσι,

69 1755 184 1782 τοιαῦτα
198 1754 268 1790 πρὸς
281 1754 313 1780 σὲ
328 1753 373 1780 τὸν
388 1753 497 1788 Πατέρα
516 1761 567 1788 μου
583 1753 786 1788 φθεγγόμενος·
800 1753 860 1780 ἀλλ’

70 1801 251 1836 ἠνάγκασμαι
272 1798 306 1825 δι’
320 1799 443 1833 ὑπακοὴν
456 1807 514 1824 σου.
529 1797 619 1824 Καλὸν
640 1798 671 1824 τὸ
682 1797 796 1832 λυθῆναι
811 1798 860 1834 τῆς

71 1846 243 1879 πολυδέσμου
257 1844 455 1879 προσπαθείας,
471 1844 517 1870 καὶ
537 1843 648 1878 δεθῆναι
665 1843 706 1879 τῷ
720 1843 861 1879 ἁιιορέστφ

71 1892 154 1926 ἔρωτι
170 1890 282 1925 Κυρίου.
298 1890 450 1925 Συμφέρον,
466 1889 558 1925 Πάτερ
575 1898 636 1924 μου,
650 1889 680 1915 τὸ
695 1889 861 1924 ἀποσχέσθαι

70 1936 122 1971 τῆς
137 1936 193 1962 τῶν
206 1935 301 1961 παθῶν
317 1934 460 1967 δυσωδίας,
473 1934 520 1961 καὶ
532 1934 726 1970 ὀσφραίνεσθαι
746 1934 796 1968 τῆς
812 1932 861 1959 τοῦ

71 1983 230 2016 πνεύματος
242 1981 365 2012 εὐωδίας.
380 1981 523 2016 Μακάριοι]
544 1979 575 2006 τὸ
594 1979 796 2014 κατανυχθῆναι
819 1980 862 2005 ὲν-

70 2027 172 2057 ααῦθα,
188 2028 237 2053 καὶ
251 2027 368 2053 κλαῦσαι
387 2026 468 2062 ὑπὲρ.
490 2047 497 2054 .
518 2043 525 2051 .
549 2044 558 2053 .
579 2046 586 2053 .
608 2045 616 2053 .
639 2045 647 2052 .
667 2045 676 2053 .
698 2045 706 2052 .
729 2046 736 2053 .
757 2044 764 2052 .
786 2043 794 2051 .
814 2025 862 2052 καὶ

72 2073 237 2108 ἀγαλλίασις
260 2072 298 2107 τῷ
315 2072 427 2107 τοιούτῳ
444 2073 473 2098 ὲν
489 2073 557 2098 πᾶσι
581 2071 778 2107 προηγουμένῳ
798 2089 806 2098 .
827 2091 834 2097 .
854 2090 861 2098 .

72 2119 156 2145 Θεοῦ”
169 2118 199 2150 ὃς
214 2117 338 2154 καθάπερ
354 2117 409 2153 πῦρ
421 2118 466 2144 ὅτε
491 2119 520 2145 ὲν
540 2118 573 2153 τῇ
589 2117 660 2153 ψυχῇ
682 2118 804 2152 γένηται,
817 2118 864 2152 ἑγ-

73 2164 258 2199 καταφὲὺγειν
281 2164 386 2198 πέφυκε
414 2164 463 2195 τὰς
492 2163 615 2195 εἰσϐολάς
640 2164 689 2199 τῆς
713 2163 860 2199 ἁμαρτίας.

73 2209 138 2241 Πῶς
159 2210 188 2236 δὲ
205 2209 235 2236 οὐ
259 2209 401 2245 φοϐητέον,
414 2209 444 2236 ὃν
459 2210 616 2243 φρίττουσιν
633 2209 762 2242 ἄγγελοι·
781 2206 811 2235 οὖ
824 2207 863 2243 τῷ

73 2255 213 2290 βλέμματι
230 2254 345 2281 δονεῖται
361 2255 475 2290 ἡκτίσις
487 2263 494 2270 ·
509 2250 531 2288 ᾧ
546 2254 780 2289 παραστησόμεθα
794 2254 863 2281 πάν-

71 2308 120 2332 τις
142 2300 243 2335 γυμνοὶ
271 2300 320 2327 καὶ
341 2299 600 2335 τετραχηλισμένοι’
627 2299 724 2334 μικρὸν
751 2299 863 2334 ὕστερον

945 1709 988 1736 Me
1000 1717 1075 1741 vero,
1088 1709 1131 1737 cui
1147 1709 1309 1745 cupiditates
1325 1709 1470 1744 imperant,
1485 1711 1618 1745 ejusmodi
1629 1713 1701 1746 apud

911 1759 938 1782 te
959 1755 1066 1782 Patrem
1083 1762 1173 1781 meum
1192 1755 1315 1782 oratione
1337 1755 1376 1781 uti
1393 1755 1477 1789 pudet
1493 1764 1500 1782 :
1515 1755 1564 1782 sed
1587 1761 1700 1784 coactus

911 1799 973 1830 feci,
985 1804 1014 1826 ut
1028 1799 1075 1827 tibi
1090 1807 1194 1826 morem
1210 1807 1343 1835 gererem.
1356 1799 1501 1827 Pulchrum
1517 1804 1558 1827 est
1568 1801 1702 1836 cupidita-

912 1841 970 1871 tum
987 1844 1089 1872 absolvi
1109 1844 1244 1886 vinculis,
1256 1848 1284 1872 et
1306 1844 1445 1879 inexpleto
1475 1844 1584 1872 Domini
1609 1853 1702 1874 amore

911 1891 1072 1927 constringi.
1099 1891 1227 1926 Expedit,
1248 1892 1285 1918 mi
1311 1891 1402 1923 Pater,
1429 1898 1445 1919 a
1471 1895 1542 1919 tetro
1571 1892 1702 1920 vitiorum

912 1937 997 1964 odore
1022 1937 1182 1970 abscedere,
1210 1944 1242 1964 ac
1265 1937 1425 1964 suavitatem
1446 1937 1556 1972 spiritus
1581 1938 1701 1965 odorari.

913 1982 988 2010 Felix
1004 1980 1178 2018 faustumque
1193 1982 1240 2011 hic
1259 1983 1354 2011 dolore
1368 1983 1461 2018 pungi,
1487 1990 1519 2011 ac
1534 1983 1626 2019 lugere
1641 1992 1702 2018 pro-

912 2033 974 2063 pter
988 2048 995 2055 .
1007 2049 1028 2056 ..
1040 2048 1047 2055 .
1059 2048 1066 2056 .
1081 2049 1087 2055 .
1097 2049 1103 2055 .
1113 2049 1119 2055 .
1130 2049 1137 2056 .
1148 2048 1154 2056 .
1168 2048 1175 2056 .
1200 2033 1228 2056 et
1247 2028 1312 2056 huic
1327 2029 1483 2061 exsultatio,
1501 2029 1546 2064 qui
1569 2029 1596 2056 in
1611 2029 1702 2056 omni-

913 2074 964 2101 bus
987 2074 1076 2109 primo
1096 2074 1155 2101 loco
1192 2093 1200 2101 .
1240 2094 1247 2101 .
1288 2094 1294 2100 .
1335 2093 1341 2101 .
1373 2074 1494 2100 timorem
1511 2073 1576 2100 Dci:
1600 2073 1700 2108 quippe

889 2116 895 2121 “
913 2119 960 2154 qui
979 2119 1066 2146 instar
1079 2119 1223 2155 ignisch
1238 2119 1265 2146 in
1283 2119 1375 2146 animo
1394 2118 1485 2151 fuerit,
1506 2119 1559 2146 hoc
1571 2119 1652 2146 habet
1671 2123 1700 2146 ut

913 2165 1016 2199 peccati
1043 2165 1175 2200 impetum
1195 2165 1316 2200 eﬁ‘ugiat.
1336 2164 1396 2198 Quo
1416 2169 1509 2192 autem
1542 2170 1622 2199 pacto
1643 2173 1699 2191 non

915 2210 961 2237 ille
979 2210 1201 2238 extimescendus
1219 2230 1226 2243 ,
1254 2218 1335 2245 quem
1363 2210 1450 2245 angeli
1473 2215 1595 2245 pavent:
1621 2211 1699 2244 cujus

914 2255 1038 2282 contuitu
1063 2263 1105 2282 res
1122 2255 1211 2283 omnis
1227 2260 1314 2283 creata
1343 2255 1492 2283 turbatur:
1516 2255 1560 2283 cui
1585 2255 1648 2282 nudi
1671 2259 1700 2281 et

915 2300 970 2335 apti
993 2308 1089 2328 omnes
1114 2300 1263 2328 astabimus
1277 2301 1311 2333 “,
1331 2301 1414 2336 paulo
1452 2308 1514 2328 mox
1544 2300 1698 2327 mercedem

72 2345 274 2381 ἀποληψόμεθα
296 2345 351 2372 τῶν
371 2344 545 2381 βεῦιωμένων
559 2344 609 2376 τὰς
626 2344 773 2379 ἀμείψεις;
793 2345 861 2379 Ἐγὼ

916 2353 1009 2373 eorum
1026 2354 1086 2381 quae
1099 2346 1126 2374 in
1143 2347 1198 2374 vita
1222 2346 1367 2382 egerimus,
1393 2345 1620 2381 accepturiYEgo
1635 2352 1700 2373 vero
1717 2375 1721 2377 _

109 2402 135 2419 ⁸⁸
149 2402 232 2430 Prov.
246 2409 329 2435 xxvn,
344 2403 371 2430 1.
408 2402 432 2419 ⁸⁸
448 2401 458 2429 l
473 2402 540 2438 Reg.
556 2409 586 2435 ιι,
603 2401 648 2430 50.
683 2401 707 2417 ⁸⁸
723 2400 792 2429 Heb.
808 2409 846 2433 tv,
864 2402 909 2429 i5.

821 2446 940 2475 ΝΟΤᾹΞ.

111 2492 150 2526 (Ι)
162 2491 233 2520 Cod.
246 2490 334 2532 valle.
348 2491 449 2532 633,_l‘.
465 2492 511 2532 μ.
529 2491 647 2532 Epistola
660 2491 860 2532 aduflatoiiem,

71 2536 144 2568 quae.
153 2531 196 2554 est
210 2527 281 2562 apud
297 2526 575 2568 §irmonduuitlacera
593 2527 677 2568 Ιψλι,
692 2526 744 2568 57..
756 2526 794 2568 lbi
806 2528 862 2560 pri-

71 2561 119 2590 ma
137 2561 235 2589 lacuna
252 2563 375 2622 exp‘letur
391 2569 407 2588 a
422 2562 516 2588 codice
531 2562 571 2588 sic
587 2570 594 2588 :
607 2561 704 2587 ἐσθίων
720 2561 766 2587 τὸν
778 2561 862 2597 ἄρτον

71 2606 122 2637 σου
135 2596 281 2637 μετ’,ηοιοκ
295 2635 298 2637 ί
314 2596 411 2631 aliqua:
422 2597 527 2637 lacunae
545 2596 792 2637 non-explentur}
813 2604 862 2637 co-

71 2630 254 2670 dice'mutilo.
268 2630 394 2670 Attamen
410 2631 471 2659 cod.
485 2639 545 2670 pag.
561 2630 595 2670 ϐξ)
609 2630 637 2662 b,
654 2630 711 2670 hgc
722 2630 862 2670 habentur

70 2666 265 2702 supplementa
296 2666 322 2693 in
344 2670 471 2702 excerpto
487 2665 529 2692 ex
553 2665 611 2702 τῆς
620 2665 701 2702 ίτρὸς
717 2665 862 2702 Πλᾴτωνα

70 2699 137 2728 τὸὶί
148 2700 260 2728 ἑαυτοῦ
275 2700 392 2734 Πατέρα
418 2699 595 2733 ὲπιστολῆς¹
620 2700 675 2730 Τὰς
690 2700 863 2734 τεχνολογίας
879 2709 887 2715 -

71 2736 132 2762 τῶν
147 2736 304 2762 ὑποκλίνειν
327 2744 357 2761 σε
373 2735 423 2768 τῆς
436 2735 564 2770 ἀληθείας
583 2734 761 2770 πειρωμένων
779 2734 863 2770 μηδὲν

69 2770 174 2797 πτοοῦ”
202 2770 303 2801 ἁπλοῦς
329 2771 344 2796 ὁ
372 2769 574 2804 λόγος’γφησὶν
598 2770 652 2804 γάρ
676 2777 727 2796 που
750 2769 764 2794 ὁ
786 2769 863 2803 am;

916 2492 1076 2530 ξΕπιφάνιος
1087 2494 1116 2530 ὲν
1134 2492 1252 2530 τῷγπερ)
1271 2493 1317 2530 τοῦ
1332 2493 1428 2530 Πάσχα
1446 2493 1497 2530 (a)j
1506 2493 1562 2524 οἷος
1573 2495 1606 2521 ἂν
1655 2495 1701 2521 ἄν.

911 2527 1119 2564 θρῳπος,νπαρὰ
1132 2528 1206 2564 τᾲγὲν
1220 2527 1330 2564 τῇγθείᾳ
1343 2527 1438 2563 Γραφῇ
1455 2527 1567 2563 κείμενα
1580 2527 1700 2564 συμϐου-

910 2562 1006 2599 λεύων,
1026 2562 1210 2598 άπδκαρδίας
1224 2562 1299 2599 λαλεῖ
1315 2562 1532 2599 καδίὲντᾶλματα
1547 2562 1700 2599 ἀνθρώπων

910 2597 1046 2632 διηγεῖται
1056 2606 1063 2613 ο
1080 2597 1206 2632 καὶπερὶ
1222 2598 1277 2624 τῶν
1293 2597 1422 2624 τοιούτων
1438 2598 1513 2632 φέρω
1528 2599 1562 2624 τά
1574 2597 1622 2624 τοῦ
1635 2600 1701 2625 dno-

912 2606 1046 2657 οιηζειται
1056 2606 1063 2613 ο
1080 2606 1127 2624 και
1142 2606 1206 2632 περι
1222 2606 1277 2624 των
1293 2606 1422 2624 τοιουτων
1438 2606 1513 2632 φερω
1528 2606 1562 2624 τα
1574 2607 1622 2624 του
1635 2606 1698 2625 απο-

912 2632 958 2667 στό
974 2641 1006 2667 ου
1029 2631 1129 2667 λέγειν,
1152 2632 1193 2659 ὅτι
1217 2632 1264 2659 ἐὰν
1280 2633 1394 2666 ἄγγελος
1419 2632 1448 2665 ὲξ
1471 2632 1587 2667 οὐρανοῦ
1614 2634 1698 2666 ἐστιν,

915 2666 1040 2701 άνάθεμα
1055 2666 1139 2701 αὐτῷ.
1159 2668 1223 2700 (Sed
1240 2668 1312 2694 cnim
1328 2674 1343 2693 a
1355 2667 1445 2694 verbis
1462 2666 1564 2698 ἁπλοῦς
1579 2668 1612 2694 ad
1631 2669 1698 2694 ἀνά-

916 2700 990 2735 θεμα
1013 2701 1190 2737 αὺτῷνγθτιηι
1204 2702 1298 2729 eadem
1314 2702 1462 2729 recitantur
1482 2702 1509 2729 iu
1525 2703 1583 2730 cod.
1608 2711 1634 2737 p.
1653 2703 1697 2736 65,

916 2736 999 2771 etiam
1010 2743 1043 2763 ex
1059 2736 1171 2770 epistola
1184 2736 1217 2771 ad
1234 2736 1366 2771 lgnatium
1380 2737 1489 2771 lilium.)
1506 2752 1540 2757 ——
1552 2736 1618 2765 Asc;
1634 2737 1697 2770 MAI,

917 2769 1044 2797 Biblioth.
1058 2769 1116 2798 nov.
1138 2776 1158 2798 ι.
1174 2770 1218 2804 IV,
1231 2769 1259 2806 [ᾖ
1275 2771 1337 2798 102.

120 2826 157 2861 (⁸)
173 2826 209 2861 E_n
227 2827 330 2861 §tnd_ita
359 2828 469 2861 agnoscit
484 2829 510 2861 ut
530 2825 666 2857 genuinum
681 2825 811 2857 Epiphanii
833 2833 971 2852 sermonem
1000 2827 1108 2858 aliquem
1134 2829 1164 2853 de
1189 2828 1315 2853 Puschate.
1339 2829 1436 2858 Ileapsc
1463 2830 1485 2854 in
1513 2836 1627 2861 sermone
1640 2830 1700 2861 Epi-

70 2858 158 2890 μητιῐὶ
179 2858 210 2883 de
227 2857 348 2883 Pascbate
361 2864 408 2883 non
425 2857 591 2882 inveniuntur.
