1926 3078
219 142 288 173 1115

811 142 840 171 S.
860 139 1057 170 THEODORI
1076 138 1246 168 STUDITIE

1770 119 1839 168 111's

215 196 320 229 inl‘elix,
337 203 398 223 cum
425 196 495 223 nihi.
513 203 607 224 eorum
622 203 684 231 quae
711 195 923 222 commemoravi
951 195 1022 223 simi

1064 193 1081 220 ἑὲ
1100 195 1114 220 ό
1133 194 1227 227 τάλας,
1240 193 1269 219 ἐν
1280 192 1367 220 οὐδενὶ
1378 190 1415 219 ὧν
1428 189 1506 219 εἶπον
1518 191 1614 219 ἑαυτὸν
1634 190 1843 225 καταλαμϐανό-

215 245 365 272 assecutus,
383 241 410 267 in
421 248 527 267 summo
538 248 655 267 maerore
667 240 750 267 animi
767 245 923 267 sanctarum
937 246 1001 273 pre-

217 294 278 313 cum
307 290 415 313 tuarum
442 293 522 320 opem
548 286 676 320 elllagito,
695 289 724 312 ut
750 285 907 320 aperiantur
929 284 1002 313 oculi

217 331 316 358 mentis
340 339 417 362 meae,
437 335 467 358 ut
486 338 582 358 verum
594 338 714 358 amorem
732 330 881 365 degustem.
899 329 951 357 Sed
962 334 1004 357 est

219 377 285 403 mihi
301 376 383 403 simul
399 383 461 403 cum
483 376 574 402 animo
588 383 688 410 corpus
702 383 810 410 quoque
824 375 1001 408 imbecillum,

220 426 249 448 ut
261 423 315 449 scis
332 427 380 454 ;et
404 422 470 456 quid
494 429 570 457 agam
586 422 707 450 incertus
719 430 790 450 sum.
805 422 872 448 Nam
888 422 910 449 si
923 422 1004 456 paulo

220 465 349 499 majorem
377 465 507 493 adbibere
532 469 660 492 conatum
691 465 782 496 velim,
812 464 896 498 perdo
922 463 1004 490 etiam

219 512 379 546 quantulum
403 512 500 539 habeo.
523 511 582 539 Una
603 512 670 538 mihi
688 511 841 538 consolatio
858 513 1004 544 superest;

220 563 300 590 quam
319 560 346 582 et
361 556 409 582 tibi
426 563 560 590 exponam
574 563 684 582 necesse
699 560 750 587 est,
764 555 801 581 mi
819 555 898 581 Pater
912 563 919 580 :
933 554 1006 589 quod

223 608 320 636 nempe
335 601 488 633 didicerim,
505 609 539 628 ex
557 602 674 628 lectione
694 605 722 627 et
745 608 796 627 usu
813 600 1005 632 Orientalium,

221 651 348 681 oportere
364 654 411 674 eos
422 646 468 681 qni
483 646 563 674 vitam
581 646 609 673 in
623 653 761 673 secessum
775 648 870 680 agunt,
889 644 1006 679 singulis

221 692 328 723 diebus,
344 691 366 718 si
383 691 492 726 quidem
514 691 572 717 ﬁeri
593 691 688 725 possit,
711 690 873 724 participare
889 689 1007 716 divinam

221 737 453 764 communionem.
470 737 550 763 Hunc
574 744 676 763 morem
705 735 822 767 servavi,
839 735 885 769 qui
907 735 1007 762 misero

221 781 289 808 mihi
305 788 383 815 opem
400 781 499 813 attulit,
532 785 656 808 revocata
671 780 836 815 cogitatione
857 787 873 806 a
902 779 1008 806 vitiosis

221 826 304 852 animi
320 826 448 856 motibus,
463 830 574 860 propter
585 825 650 852 doni
665 825 862 859 praestantiam,
877 832 938 859 quae.
950 832 1009 851 me-

223 876 278 898 tum
293 871 399 898 incutit.
416 871 481 898 Nam
493 871 558 906 quid
573 871 671 906 majus,
685 871 742 898 sive
755 871 788 898 ad
803 871 935 903 laetitiam,
951 870 1008 897 sive

222 916 504 954 adcolluslrationem
515 916 598 942 animi
613 923 674 942 esse
691 915 804 942 omnino
813 920 901 949 potest
915 915 1007 942 divina

223 962 435 989 cbmmunione?
450 962 479 989 In
493 962 604 989 calicem
617 966 707 989 autem
717 962 832 989 vitreum
844 961 1008 996 peculiarem

224 1007 288 1033 vino
299 1006 404 1038 defuso.
422 1013 454 1033 ac
475 1006 588 1033 solemni
615 1006 764 1040 precationi
782 1011 903 1040 peracta,
919 1013 1008 1040 quan-

223 1060 304 1087 quam
318 1052 444 1088 indignus
454 1051 517 1079 doni
526 1059 637 1086 compos
646 1051 691 1078 lio.
707 1051 799 1079 Indica
814 1052 881 1078 mihi
896 1056 1009 1079 rectene

223 1105 310 1133 agam,
327 1105 362 1125 an
374 1105 462 1125 secus.
479 1097 554 1125 Ultra
573 1117 582 1125 .
593 1116 601 1125 .
614 1117 621 1125 .
631 1117 639 1125 .
651 1118 657 1125 .
667 1117 675 1124 .
689 1098 789 1125 labores
800 1099 935 1133 fructuum
947 1102 1006 1124 tuo-

223 1150 281 1168 rum
299 1142 478 1169 munducare;
495 1141 588 1169 beatus
605 1150 642 1174 es,
658 1142 694 1169 mi
711 1142 802 1176 Pater,
829 1147 854 1170 et
869 1143 931 1170 bene
956 1143 1005 1169 tibi

222 1186 314 1218 erit",
329 1187 375 1221 qui
388 1187 536 1214 multorum
552 1187 632 1214 Pater
642 1195 681 1220 es,
694 1188 822 1222 atquead
839 1192 944 1215 tantum
954 1188 1009 1215 vir-

224 1231 290 1258 tutis
305 1232 418 1266 gradum
434 1232 594 1266 perduxisti,
615 1237 644 1259 ut
666 1241 740 1261 nunc
759 1241 855 1261 omnes
876 1234 902 1260 in
912 1233 1009 1261 exsilio

225 1279 334 1309 propter
349 1276 415 1310 legis
428 1276 535 1304 Domini
548 1277 704 1305 mandatum
722 1282 875 1305 versentur.
887 1278 929 1305 'l'u
943 1285 1010 1306 vero

225 1327 275 1354 pro
288 1321 414 1348 omnibus
428 1329 486 1354 ora,
502 1325 530 1349 ut
541 1329 650 1349 cursum
673 1322 725 1357 ipsi
736 1327 937 1350 consumment.

1053 248 1145 274 μενος,
1164 239 1364 274 σκυθρωπάζω,
1376 239 1425 274 τὴν
1444 239 1498 265 τῶν
1513 238 1600 272 ἁγίων
1613 237 1702 272 εὐχῶν
1718 242 1764 264 6ου
1779 238 1842 264 ἑπι-

1025 310 1031 315 ,
1051 285 1166 321 κουρίαν
1180 285 1276 316 αίτῶν,
1296 285 1336 316 εἰς
1355 284 1486 316 διάνοιξιν
1506 283 1560 310 τῶν
1574 283 1623 318 τῆς
1636 283 1727 318 ψυχῆς
1740 283 1842 318 ὀφθαλ-

1054 331 1132 367 μῶν·
1156 331 1197 362 είς
1221 330 1316 364 γεῦσιν
1338 330 1385 356 τοῦ
1403 330 1480 360 ὕντος
1501 330 1612 364 ἔρωτος.
1631 329 1772 356 Ἀλλ’ἐστι
1795 337 1843 364 μοι

1053 379 1102 404 σὺν
1117 378 1151 412 τῇ
1165 377 1238 411 ψυχῇ
1263 377 1311 403 καὶ⁵
1331 376 1362 402 τὸ
1383 376 1462 410 σῶμα
1480 375 1605 407 ἀσθενὲς,
1626 374 1664 406 ὡς
1679 373 1768 406 οἶσθα,
1793 375 1843 401 καὶ

1052 422 1103 448 οὐκ
1116 419 1164 448 οἶδ’
1183 421 1198 447 ὅ
1215 429 1242 446 τι
1264 420 1413 455 χρήσομαι.
1430 419 1536 454 Μικρὸν
1550 419 1604 454 γὰρ
1624 420 1648 445 εἰ
1665 418 1733 450 δόξω
1750 418 1843 452 βιάζε-

1055 466 1127 498 σθαι,
1143 465 1252 492 ἀπόλλω
1265 465 1312 492 καὶ
1322 465 1390 500 ὅπερ
1402 464 1500 500 μικρὸν
1514 465 1632 498 κατέχω.
1651 463 1724 490 Μίαν
1737 463 1844 497 ταύτην

1055 509 1228 545 παρηγορίαν
1247 509 1352 544 εὕρηκα
1365 517 1371 522 ·
1389 509 1437 539 καὶ
1449 508 1508 535 δέον
1524 508 1670 535 ἀναθέσθαι
1685 516 1736 539 σοι,
1749 508 1844 542 Πάτερ

1057 563 1107 589 μου
1118 562 1125 569 ”
1147 553 1178 586 ἐξ
1199 554 1378 587 ἀναγνώσεως
1395 553 1443 579 καὶ
1465 553 1589 588 χρήσεως
1602 553 1656 580 τῶν
1673 552 1845 579 ἀνατολικῶν

1057 597 1161 632 μαθὼν,
1173 597 1204 624 τὸ
1221 597 1319 632 χρῆναι
1333 597 1397 627 τοὺς
1410 597 1597 632 ἡσυχάζοντας
1613 597 1637 623 ει
1650 596 1762 623 δυνατὸν
1780 596 1844 622 καθ’

1056 643 1174 676 ἑκάστην
1188 642 1405 676 μεταλαμϐάνειν
1421 642 1470 676 τῆς
1485 642 1560 673 θείας
1576 642 1728 672 κοινωνίας.
1748 641 1846 677 Ἐχρηο

1058 688 1148 722 σάμην
1161 687 1257 718 οὕτως,
1270 687 1317 713 καὶ
1330 683 1409 721 εὖρον
1425 686 1552 722 βοήθειαν
1562 689 1576 713 ό
1586 687 1678 718 ἄθλιος
1687 695 1694 702 ·
1710 687 1843 713 ὑποστελ-

1057 730 1173 766 λομένης
1189 731 1239 766 τῆς
1258 731 1375 762 διανοίας
1401 732 1433 757 ἐκ
1454 731 1505 766 τῆς
1531 731 1672 766 ὲμπαθοῦς
1696 732 1844 766 κινήσεως,

1057 778 1101 804 διὰ
1121 777 1173 813 τὴν
1193 776 1240 804 τοῦ
1261 776 1348 811 δώρου
1371 776 1489 811 ἔμφοὸον
1510 777 1656 812 ὑπεροχήν.
1672 777 1728 803 Καὶ
1745 777 1772 803 τί
1789 777 1844 812 γὰρ

1061 822 1153 858 μεῖξον
1169 823 1208 853 εις
1224 821 1382 856 ἀγαλλίασιν
1396 823 1444 849 καὶ
1456 822 1596 857 φωτισμὸν
1612 823 1655 856 εἴη
1666 822 1698 849 ἂν
1709 823 1743 857 τῇ
1756 822 1844 856 ψυχῇ,

1024 859 1045 886 Β
1059 869 1141 895 πλέον
1156 869 1207 903 τῆς
1224 868 1297 900 θείας
1313 868 1471 901 κοινωνίας;
1493 868 1537 894 Ἐν
1554 868 1675 903 ποτηρίῳ
1694 867 1722 894 δὲ
1743 867 1845 902 ὑαλίνῳ

1059 913 1234 949 ἀφορισμένῳ
1253 913 1397 949 προϐαλὼν
1409 911 1490 946 οῐνον,
1505 913 1552 940 καὶ
1568 913 1717 947 εὐξάμενος
1731 914 1766 939 τὰ
1780 921 1846 939 συν-

1060 960 1124 995 ήθη,
1145 959 1250 995 μετέχω
1262 960 1276 985 ὁ
1289 959 1397 991 ἀνάξιος
1411 959 1458 986 τοῦ
1473 959 1570 994 δώρου.
1590 960 1645 986 Καὶ
1661 959 1781 994 δήλωσόν
1800 967 1847 994 μοι

1060 1004 1490 1040 εἰκαλῶςποιῶ,ἢοΰ.11έρα.
1512 1024 1548 1031 ..
1570 1024 1578 1032 .
1600 1024 1608 1032 .
1629 1024 1636 1031 .
1657 1024 1666 1031 .
1687 1023 1695 1031 .
1717 1012 1847 1038 ..καρ-

1061 1051 1127 1079 πῶν
1140 1059 1198 1079 σου
1212 1051 1373 1086 φάγεσθαι·
1388 1050 1530 1085 μακάριος
1554 1048 1590 1082 εἷ,
1607 1050 1697 1084 Πάτερ
1716 1058 1779 1084 μου,
1796 1049 1847 1075 καὶ

1055 1097 1156 1131 καλῶς
1175 1105 1226 1124 σοι
1245 1097 1341 1129 ἔσται,
1359 1097 1455 1131 Πατὴρ
1468 1096 1643 1131 χρηματίσας
1658 1095 1781 1121 πολλῶν·
1798 1095 1849 1122 καὶ

1056 1146 1097 1176 εἰς
1118 1144 1202 1179 μέσον
1222 1143 1323 1178 ἀρετῆς
1340 1142 1465 1170 τοσοῦτον
1483 1141 1606 1176 ἀγαγὼν,
1625 1142 1696 1168 ὥστε
1713 1140 1798 1167 τανῦν
1818 1142 1848 1167 ὲν

1056 1190 1149 1225 ὲξορίᾳ
1164 1189 1299 1224 ὑπάρχειν
1321 1189 1384 1220 τοὺς
1395 1188 1498 1219 πάντας
1516 1187 1550 1214 δι’
1566 1186 1676 1222 ἐντολὴν
1687 1186 1772 1220 νόμου
1787 1187 1847 1212 Ku-

1058 1235 1129 1271 ρίου.
1160 1234 1230 1261 Ἀλλ’
1252 1233 1404 1269 ὑπερεύχου
1427 1234 1507 1268 πᾶσι,
1528 1232 1671 1260 τελειῶσαι
1690 1232 1782 1263 αὐτοῖς
1801 1231 1850 1258 τὸν

1061 1281 1172 1317 δρόμον.

225 1408 1845 1423 ——————_—_—_—_

760 1487 982 1532 BIBAION
1019 1487 1322 1532 AEYTEPON-

507 1579 560 1606 Ἐκ
579 1577 640 1606 τῶν
653 1579 803 1614 διαφόρων
816 1578 910 1607 αὑτοῦ
928 1577 1101 1605 ἐπιστολῶν
1116 1578 1229 1613 ἐκλογὴ
1253 1577 1311 1613 τῆς
1326 1577 1428 1612 τρίτης
1437 1577 1566 1612 ὲξορίας.

762 1743 943 1787 LIBER
983 1740 1312 1786 SECUNDUS.

687 1836 728 1874 ξπ
745 1837 855 1864 diversis
870 1837 927 1872 ejus
939 1835 1057 1872 epistolis
1074 1835 1194 1863 collectio
1219 1834 1291 1862 tertii
1311 1833 1410 1862 exsilii.

268 1917 289 1944 l.
302 1932 335 1938 —
348 1916 552 1955 lconomachiorv
565 1916 674 1950 synodo,
689 1920 816 1955 tanquam
825 1923 857 1942 ea;
871 1923 983 1949 persona

1069 1914 1109 1940 A'.
1117 1928 1153 1934 —
1164 1912 1203 1947 Τῇ
1217 1909 1439 1955 Εἰκοιςομαχικῇ
1451 1909 1586 1955 σψόὸφΞ
1593 1908 1633 1941 ὡς
1641 1907 1678 1955 ἐκ
1689 1907 1853 1942 προσώπου

458 1959 574 1977 ommum
594 1955 803 1985 pne-positorum.

1263 1944 1385 1974 adria»?
1401 1945 1460 1972 τῶν
1475 1944 1657 1980 ἡγουμένων.

635 2007 780 2039 Dogmatica
789 2008 821 2032 de
833 2006 924 2032 sanctis
933 2004 1093 2037 imaginibus.
1116 2004 1216 2036 (ΒΜ-ου.
1229 2009 1268 2026 an.
1280 2002 1335 2032 8H,
1348 2009 1373 2026 n.
1385 2000 1438 2032 56.)

271 2050 376 2077 Divinis
388 2049 491 2085 legibus
513 2049 706 2084 canonicisque
726 2048 843 2076 decretis
867 2049 1019 2083 obsequen-

237 2101 288 2127 tes,
304 2103 364 2130 qua:
381 2099 478 2130 praeter
489 2095 608 2130 episcopi
631 2095 672 2122 sui
688 2095 853 2122 sententiam
870 2095 898 2122 in
914 2095 948 2122 iis
958 2102 1019 2130 quae

236 2142 270 2170 ad
296 2141 507 2169 ecclesiasticam
540 2141 709 2176 disciplinam
738 2143 885 2176 pertinent.
914 2141 1017 2168 nedum

235 2194 297 2222 quae
313 2186 346 2213 ad
361 2186 527 2221 dogmaticas
542 2187 706 2220 quaestiones
722 2187 870 2217 deducunt,
892 2186 961 2213 nihil
977 2185 1020 2221 agi

236 2232 279 2260 vel
298 2232 352 2259 dici
366 2236 490 2266 oportere
505 2231 638 2259 deﬁniunt
652 2239 660 2264 ;
673 2239 735 2259 cum
746 2232 779 2259 ab
794 2232 958 2259 auctoritate
972 2238 1020 2258 ve-

237 2283 293 2305 stra
310 2278 395 2305 semel
414 2282 494 2312 atque
514 2277 613 2304 iterum
630 2277 663 2304 ad
686 2278 748 2304 talia
763 2285 814 2305 nos
828 2277 946 2304 humiles
956 2284 1021 2304 evo-

237 2331 380 2356 carentur;
395 2323 452 2350 ausi
477 2330 532 2349 non
548 2322 657 2354 fuimus.
686 2327 782 2357 praeter
796 2331 827 2350 ea
840 2331 899 2357 qua:
924 2326 1022 2349 statuta

239 2373 303 2395 sunt
316 2373 437 2402 agentes,
449 2368 579 2395 accedere
593 2376 600 2400 ;
617 2372 646 2394 ut
659 2368 705 2402 qui
718 2368 768 2395 sub
786 2376 862 2395 sacra
877 2375 959 2394 manu
976 2367 1023 2395 Ni-

218 2432 221 2434 ν
240 2414 351 2448 cephori
366 2413 531 2441 sanctissimi
558 2413 721 2448 patriarcha:
737 2413 829 2440 divino
843 2412 946 2447 Spiritu
957 2419 1023 2439 con-

239 2460 326 2487 stituti
342 2467 446 2486 sumus.
467 2459 612 2494 Postquam
632 2464 722 2486 autem
743 2459 852 2493 quidam
873 2466 906 2485 ex
928 2457 1024 2485 ordine

239 2510 336 2534 nostro
364 2505 512 2540 praepositi,
537 2505 614 2540 quasi
644 2505 797 2540 periculum
826 2503 935 2538 aliquod
966 2502 1025 2530 fac-

242 2552 306 2584 turi,
338 2551 524 2579 accedendum
545 2551 609 2582 sibi.
641 2556 669 2578 et
688 2550 822 2585 oppositis
853 2548 1025 2576 sermonibus

242 2598 466 2632 respondendum'
501 2603 668 2624 censuerunt
699 2605 705 2622 :
737 2596 804 2630 quid
837 2594 910 2622 aliud
947 2594 1026 2621 nobis

243 2644 338 2670 audire
377 2643 477 2676 liceat,
511 2649 593 2676 quam
632 2649 693 2676 qua:
739 2640 841 2667 humile
882 2647 929 2666 cor
960 2646 1024 2666 nos-

1104 2046 1207 2080 Νόμοις
1223 2044 1304 2076 θείοις
1319 2043 1366 2070 καὶ
1384 2042 1535 2073 κανονικοίς
1556 2040 1739 2075 θεσπίσμασιν
1752 2039 1855 2072 ἑπόμε-

1069 2099 1121 2124 νοι,
1142 2089 1190 2116 τοῦ
1212 2089 1250 2124 μὴ
1272 2088 1327 2115 δεῖν
1348 2087 1423 2122 παρὰ
1443 2086 1492 2122 τὴν
1511 2085 1558 2112 τοῦ
1580 2084 1680 2111 οἰκείου
1703 2084 1855 2110 ἐπισκόπου

1070 2135 1183 2171 γνώμην
1197 2135 1328 2170 πράττειν
1344 2142 1370 2159 τι
1385 2133 1402 2168 ἢ
1417 2132 1507 2166 λέγειν
1521 2131 1575 2158 τῶν
1590 2131 1640 2158 ὅσα
1655 2131 1695 2161 εἰς
1709 2129 1857 2163 ὲκκλησιαυ

1072 2181 1167 2216 στικὴν
1190 2181 1268 2216 φέρει
1283 2178 1422 2212 εὐταξίαν,
1437 2176 1535 2204 πολλοῦ
1552 2185 1584 2210 γε
1599 2176 1686 2202 εἰπεῖν
1700 2176 1740 2206 εἰς
1752 2174 1856 2208 δογμα-

1071 2227 1151 2262 τικὴν
1163 2227 1268 2260 ὲξέλκει
1280 2225 1444 2260 συζήτησιν·
1459 2223 1554 2249 τούτου
1566 2223 1646 2257 χάριν
1660 2221 1710 2255 τῆς
1720 2220 1858 2254 ὑμετέρας

1072 2273 1197 2305 ἐξουσίας
1213 2271 1286 2303 ἅπαξ
1301 2272 1347 2298 καὶ
1361 2271 1401 2302 δὶς
1412 2269 1599 2304 ὲκκαλεσάσης
1616 2267 1684 2302 πρὸς
1695 2267 1729 2293 τὰ
1744 2265 1859 2292 τοιαῦτα

1072 2319 1121 2354 τὴν
1136 2317 1197 2344 καθ’
1209 2318 1282 2352 ἡμᾶς
1297 2316 1445 2348 εὐτέλειαν,
1461 2315 1512 2342 οὑκ
1528 2315 1677 2349 ἐτόλμησεν
1694 2313 1747 2345 ἐξω
1762 2320 1788 2338 τι
1802 2311 1859 2337 τῶν

1073 2362 1274 2398 νενομισμένων
1286 2362 1442 2396 πράττουσα
1453 2359 1656 2394 παραγενέσθαι
1667 2367 1674 2374 ·
1691 2357 1729 2388 ὡς
1742 2357 1796 2383 ὑπὸ
1810 2357 1860 2391 τὴν

1074 2410 1149 2445 ἱερὰν
1173 2409 1254 2443 χεῖρα
1274 2406 1433 2441 Νικηφόρου
1454 2404 1500 2431 τοῦ
1518 2404 1669 2438 ἁγιωτάτου
1687 2402 1861 2437 πατριάρχου

1074 2454 1212 2489 πνεύματι
1233 2453 1297 2488 θείῳ
1318 2451 1444 2479 τελοῦσα.
1467 2450 1576 2485 Ἐπειδὴ
1594 2449 1623 2476 δέ
1638 2457 1709 2479 τινες
1724 2447 1780 2474 τῶν
1795 2449 1862 2482 ὀμο-

1074 2499 1165 2533 ταγῶν
1180 2500 1246 2533 ἡμῖν
1260 2497 1419 2533 ἡγουμένων
1441 2496 1596 2530 ἀπόπειραν
1617 2503 1678 2521 τινα
1702 2493 1861 2528 ποιούμενοι

1076 2544 1237 2580 κεκρίκασιν
1249 2543 1406 2578 ἀφικέσθαι,
1420 2542 1460 2573 εἷς
1471 2550 1502 2568 τε
1516 2540 1612 2575 λόγους
1627 2539 1713 2566 ἐλθεῖν
1725 2539 1862 2565 ἀντιθετι-

1076 2590 1158 2622 κούς·
1176 2590 1203 2616 τι
1225 2590 1288 2616 ἄλλο
1311 2589 1327 2624 ἢ
1346 2588 1437 2614 ἐκεῖνα
1458 2587 1532 2622 ἡμᾶς
1552 2584 1759 2619 ἀκουτισθῆναι,
1777 2584 1797 2610 ἃ.
1819 2583 1863 2615 ἐξ·

1079 2638 1184 2670 ίστησιν
1198 2634 1275 2670 ἡμῶν
1294 2633 1343 2669 τὴν
1358 2632 1488 2668 ταπεινὴν
1504 2631 1637 2667 καρδίαν;
1652 2630 1720 2656 Φασὶ
1732 2628 1787 2664 γὰρ
1812 2631 1863 2663 τὴν

243 2693 315 2715 trum
345 2687 704 2723 obstupefaciunttirunt
732 2685 865 2721 siquidem
901 2692 1022 2712 conven-

1075 2681 1242 2717 πρόσκλησιν
1263 2677 1330 2706 εἶναι
1355 2679 1400 2705 ἐπὶ
1421 2678 1594 2712 καταστροφῇ
1607 2676 1657 2710 τῆς
1672 2675 1701 2702 ὲν
1713 2674 1818 2709 Νικαία
1831 2674 1863 2701 τὸ

243 2738 300 2761 tum
322 2733 403 2761 istum
425 2722 458 2761 ad
477 2733 645 2761 eversionem
665 2732 791 2761 secunda:
811 2736 910 2760 sanctis
929 2731 1021 2767 synodi

1076 2729 1202 2765 δεύτερον
1213 2728 1292 2762 ἁγίας
1304 2726 1411 2756 συνόδου
1423 2733 1429 2741 ·
1445 2725 1474 2753 τὺ
1488 2725 1521 2761 δὴ
1535 2724 1681 2760 λεγόμενον
1697 2723 1739 2750 ἐπ’
1753 2722 1865 2758 ἀναιρέ-

282 2833 304 2849 "
321 2831 392 2860 Psal.
408 2841 509 2867 cum,
525 2833 552 2860 ‘2.
