  <div class='ocr_page' id='page_1' title='image "/cluster/home/n/w/nwhite01/storage/ocr_20150623/99/njp.32101010943858/605.png"; bbox 0 0 1926 3078; ppageno 0'>
   <div class='ocr_carea' id='block_1_1' title="bbox 257 136 327 169">
    <p class='ocr_par' dir='ltr' id='par_1_1' title="bbox 257 136 327 169">
     <span class='ocr_line' id='line_1_1' title="bbox 257 136 327 169; baseline -0.029 0"><span class='ocrx_word' id='word_1_1' title='bbox 257 136 327 169; x_wconf 77' lang='lat'><strong>1119</strong></span> 
     </span>
    </p>
   </div>
   <div class='ocr_carea' id='block_1_2' title="bbox 848 138 1283 169">
    <p class='ocr_par' dir='ltr' id='par_1_2' title="bbox 848 138 1283 169">
     <span class='ocr_line' id='line_1_2' title="bbox 848 138 1283 169; baseline 0.005 -2"><span class='ocrx_word' id='word_1_2' title='bbox 848 138 878 167; x_wconf 64' lang='lat' dir='ltr'><strong>Sé</strong></span> <span class='ocrx_word' id='word_1_3' title='bbox 893 138 1091 168; x_wconf 77' lang='lat' dir='ltr'><strong>THEODORI</strong></span> <span class='ocrx_word' id='word_1_4' title='bbox 1108 139 1283 169; x_wconf 76' lang='lat' dir='ltr'><strong>STUDlT/E</strong></span> 
     </span>
    </p>
   </div>
   <div class='ocr_carea' id='block_1_3' title="bbox 1807 139 1877 172">
    <p class='ocr_par' dir='ltr' id='par_1_3' title="bbox 1807 139 1877 172">
     <span class='ocr_line' id='line_1_3' title="bbox 1807 139 1877 172; baseline 0.014 -1"><span class='ocrx_word' id='word_1_5' title='bbox 1807 139 1877 172; x_wconf 73' lang='lat'><strong>1120</strong></span> 
     </span>
    </p>
   </div>
   <div class='ocr_carea' id='block_1_4' title="bbox 252 191 1038 229">
    <p class='ocr_par' dir='ltr' id='par_1_4' title="bbox 252 191 1035 228">
     <span class='ocr_line' id='line_1_4' title="bbox 252 191 1035 228; baseline -0.003 -6"><span class='ocrx_word' id='word_1_6' title='bbox 252 192 441 222; x_wconf 76' lang='lat' dir='ltr'><strong>conversionis</strong></span> <span class='ocrx_word' id='word_1_7' title='bbox 467 191 680 220; x_wconf 73' lang='lat' dir='ltr'><strong>similitudinem.</strong></span> <span class='ocrx_word' id='word_1_8' title='bbox 701 191 754 218; x_wconf 89' lang='lat' dir='ltr'><strong>Par</strong></span> <span class='ocrx_word' id='word_1_9' title='bbox 769 192 850 228; x_wconf 89' lang='lat' dir='ltr'><strong>igitur</strong></span> <span class='ocrx_word' id='word_1_10' title='bbox 867 193 989 228; x_wconf 79' lang='lat' dir='ltr'><strong>analogia</strong></span> <span class='ocrx_word' id='word_1_11' title='bbox 1008 193 1035 220; x_wconf 93' lang='lat' dir='ltr'><strong>in</strong></span> 
     </span>
    </p>
   </div>
   <div class='ocr_carea' id='block_1_5' title="bbox 1089 191 1880 229">
    <p class='ocr_par' dir='ltr' id='par_1_5' title="bbox 1089 192 1880 229">
     <span class='ocr_line' id='line_1_5' title="bbox 1089 192 1880 229; baseline 0.003 -10"><span class='ocrx_word' id='word_1_12' title='bbox 1089 194 1206 228; x_wconf 67' lang='grc' dir='ltr'>μτικῆς</span> <span class='ocrx_word' id='word_1_13' title='bbox 1224 192 1416 227; x_wconf 68' lang='grc' dir='ltr'>ἐξαπλώσεως,</span> <span class='ocrx_word' id='word_1_14' title='bbox 1433 194 1583 228; x_wconf 71' lang='grc' dir='ltr'><strong>πειθούσης</strong></span> <span class='ocrx_word' id='word_1_15' title='bbox 1591 194 1638 221; x_wconf 76' lang='grc' dir='ltr'>καὶ</span> <span class='ocrx_word' id='word_1_16' title='bbox 1656 193 1704 220; x_wconf 79' lang='grc' dir='ltr'><strong>τὸν</strong></span> <span class='ocrx_word' id='word_1_17' title='bbox 1719 193 1792 228; x_wconf 70' lang='grc' dir='ltr'>ἄγαν</span> <span class='ocrx_word' id='word_1_18' title='bbox 1807 195 1880 229; x_wconf 79' lang='grc' dir='ltr'>ἀμυ-</span> 
     </span>
    </p>
   </div>
   <div class='ocr_carea' id='block_1_6' title="bbox 251 237 1035 273">
    <p class='ocr_par' dir='ltr' id='par_1_6' title="bbox 251 237 1035 273">
     <span class='ocr_line' id='line_1_6' title="bbox 251 237 1035 273; baseline 0 -7"><span class='ocrx_word' id='word_1_19' title='bbox 251 238 369 273; x_wconf 81' lang='lat' dir='ltr'><strong>imagiue</strong></span> <span class='ocrx_word' id='word_1_20' title='bbox 390 237 492 264; x_wconf 89' lang='lat' dir='ltr'><strong>Christi</strong></span> <span class='ocrx_word' id='word_1_21' title='bbox 507 241 536 264; x_wconf 90' lang='lat' dir='ltr'><strong>et</strong></span> <span class='ocrx_word' id='word_1_22' title='bbox 557 237 666 264; x_wconf 86' lang='lat' dir='ltr'><strong>Christo</strong></span> <span class='ocrx_word' id='word_1_23' title='bbox 677 237 736 272; x_wconf 90' lang='lat' dir='ltr'><strong>ipso</strong></span> <span class='ocrx_word' id='word_1_24' title='bbox 758 238 890 265; x_wconf 87' lang='lat' dir='ltr'><strong>sumenda</strong></span> <span class='ocrx_word' id='word_1_25' title='bbox 908 243 950 266; x_wconf 87' lang='lat' dir='ltr'><strong>est</strong></span> <span class='ocrx_word' id='word_1_26' title='bbox 961 238 1035 266; x_wconf 87' lang='lat' dir='ltr'><strong>omni</strong></span> 
     </span>
    </p>
   </div>
   <div class='ocr_carea' id='block_1_7' title="bbox 253 281 1037 318">
    <p class='ocr_par' dir='ltr' id='par_1_7' title="bbox 253 281 1037 318">
     <span class='ocr_line' id='line_1_7' title="bbox 253 281 1037 318; baseline -0.001 -7"><span class='ocrx_word' id='word_1_27' title='bbox 253 288 325 311; x_wconf 89' lang='lat' dir='ltr'><strong>recte</strong></span> <span class='ocrx_word' id='word_1_28' title='bbox 339 282 523 310; x_wconf 88' lang='lat' dir='ltr'><strong>ratiocinanti.</strong></span> <span class='ocrx_word' id='word_1_29' title='bbox 542 281 596 308; x_wconf 88' lang='lat' dir='ltr'><strong>Sed</strong></span> <span class='ocrx_word' id='word_1_30' title='bbox 610 282 730 308; x_wconf 88' lang='lat' dir='ltr'><strong>nondum</strong></span> <span class='ocrx_word' id='word_1_31' title='bbox 743 288 786 309; x_wconf 87' lang='lat' dir='ltr'><strong>est</strong></span> <span class='ocrx_word' id='word_1_32' title='bbox 803 286 912 317; x_wconf 90' lang='lat' dir='ltr'><strong>tempus</strong></span> <span class='ocrx_word' id='word_1_33' title='bbox 927 283 1037 318; x_wconf 82' lang='lat' dir='ltr'><strong>dogma-</strong></span> 
     </span>
    </p>
   </div>
   <div class='ocr_carea' id='block_1_8' title="bbox 253 327 1036 363">
    <p class='ocr_par' dir='ltr' id='par_1_8' title="bbox 253 327 1036 363">
     <span class='ocr_line' id='line_1_8' title="bbox 253 327 1036 363; baseline -0.003 -7"><span class='ocrx_word' id='word_1_34' title='bbox 253 329 314 356; x_wconf 67' lang='lat' dir='ltr'><strong>ticae</strong></span> <span class='ocrx_word' id='word_1_35' title='bbox 336 327 554 363; x_wconf 76' lang='lat' dir='ltr'><strong>explanationis,</strong></span> <span class='ocrx_word' id='word_1_36' title='bbox 571 336 631 362; x_wconf 65' lang='lat' dir='ltr'><strong>quae</strong></span> <span class='ocrx_word' id='word_1_37' title='bbox 665 328 709 355; x_wconf 89' lang='lat' dir='ltr'><strong>vel</strong></span> <span class='ocrx_word' id='word_1_38' title='bbox 744 328 865 355; x_wconf 72' lang='lat' dir='ltr'><strong>obscurae</strong></span> <span class='ocrx_word' id='word_1_39' title='bbox 891 328 1036 355; x_wconf 81' lang='lat' dir='ltr'><strong>admodum</strong></span> 
     </span>
    </p>
   </div>
   <div class='ocr_carea' id='block_1_9' title="bbox 252 371 1038 406">
    <p class='ocr_par' dir='ltr' id='par_1_9' title="bbox 252 371 1038 406">
     <span class='ocr_line' id='line_1_9' title="bbox 252 371 1038 406; baseline -0.001 -6"><span class='ocrx_word' id='word_1_40' title='bbox 252 373 354 400; x_wconf 88' lang='lat' dir='ltr'><strong>mentis</strong></span> <span class='ocrx_word' id='word_1_41' title='bbox 374 372 478 399; x_wconf 86' lang='lat' dir='ltr'><strong>homini</strong></span> <span class='ocrx_word' id='word_1_42' title='bbox 504 371 584 399; x_wconf 89' lang='lat' dir='ltr'><strong>facile</strong></span> <span class='ocrx_word' id='word_1_43' title='bbox 611 371 774 406; x_wconf 84' lang='lat' dir='ltr'><strong>persuadeat</strong></span> <span class='ocrx_word' id='word_1_44' title='bbox 797 372 921 399; x_wconf 78' lang='lat' dir='ltr'><strong>attollere</strong></span> <span class='ocrx_word' id='word_1_45' title='bbox 942 372 1038 399; x_wconf 82' lang='lat' dir='ltr'><strong>oculos</strong></span> 
     </span>
    </p>
   </div>
   <div class='ocr_carea' id='block_1_10' title="bbox 251 416 1036 452">
    <p class='ocr_par' dir='ltr' id='par_1_10' title="bbox 251 416 1036 452">
     <span class='ocr_line' id='line_1_10' title="bbox 251 416 1036 452; baseline 0 -8"><span class='ocrx_word' id='word_1_46' title='bbox 251 421 280 445; x_wconf 84' lang='lat' dir='ltr'><strong>et</strong></span> <span class='ocrx_word' id='word_1_47' title='bbox 293 417 433 452; x_wconf 88' lang='lat' dir='ltr'><strong>suspicere</strong></span> <span class='ocrx_word' id='word_1_48' title='bbox 447 417 480 444; x_wconf 89' lang='lat' dir='ltr'><strong>ad</strong></span> <span class='ocrx_word' id='word_1_49' title='bbox 501 417 675 452; x_wconf 87' lang='lat' dir='ltr'><strong>splendorem</strong></span> <span class='ocrx_word' id='word_1_50' title='bbox 704 416 836 444; x_wconf 82' lang='lat' dir='ltr'><strong>veritatis.</strong></span> <span class='ocrx_word' id='word_1_51' title='bbox 854 417 918 444; x_wconf 67' lang='lat' dir='ltr'><strong>Haec</strong></span> <span class='ocrx_word' id='word_1_52' title='bbox 931 422 1036 448; x_wconf 82' lang='lat' dir='ltr'><strong>nostra.</strong></span> 
     </span>
    </p>
   </div>
   <div class='ocr_carea' id='block_1_11' title="bbox 252 462 1037 497">
    <p class='ocr_par' dir='ltr' id='par_1_11' title="bbox 252 462 1037 497">
     <span class='ocr_line' id='line_1_11' title="bbox 252 462 1037 497; baseline -0.001 -7"><span class='ocrx_word' id='word_1_53' title='bbox 252 462 315 490; x_wconf 87' lang='lat' dir='ltr'><strong>licet</strong></span> <span class='ocrx_word' id='word_1_54' title='bbox 327 467 484 497; x_wconf 82' lang='lat' dir='ltr'><strong>peccatores</strong></span> <span class='ocrx_word' id='word_1_55' title='bbox 495 462 590 494; x_wconf 83' lang='lat' dir='ltr'><strong>simus,</strong></span> <span class='ocrx_word' id='word_1_56' title='bbox 605 462 731 495; x_wconf 83' lang='lat' dir='ltr'><strong>ﬁdesest;</strong></span> <span class='ocrx_word' id='word_1_57' title='bbox 745 462 805 489; x_wconf 69' lang='lat' dir='ltr'><strong>haec</strong></span> <span class='ocrx_word' id='word_1_58' title='bbox 817 462 960 489; x_wconf 86' lang='lat' dir='ltr'><strong>humilium</strong></span> <span class='ocrx_word' id='word_1_59' title='bbox 972 469 1037 497; x_wconf 77' lang='lat' dir='ltr'><strong>apo-</strong></span> 
     </span>
    </p>
   </div>
   <div class='ocr_carea' id='block_1_12' title="bbox 251 509 1038 537">
    <p class='ocr_par' dir='ltr' id='par_1_12' title="bbox 251 509 1038 537">
     <span class='ocr_line' id='line_1_12' title="bbox 251 509 1038 537; baseline 0.001 -2"><span class='ocrx_word' id='word_1_60' title='bbox 251 509 346 536; x_wconf 88' lang='lat' dir='ltr'><strong>stolica</strong></span> <span class='ocrx_word' id='word_1_61' title='bbox 373 509 508 536; x_wconf 79' lang='lat' dir='ltr'><strong>confessio</strong></span> <span class='ocrx_word' id='word_1_62' title='bbox 520 514 632 536; x_wconf 86' lang='lat' dir='ltr'><strong>nostra:</strong></span> <span class='ocrx_word' id='word_1_63' title='bbox 650 510 708 537; x_wconf 65' lang='lat' dir='ltr'><strong>haec</strong></span> <span class='ocrx_word' id='word_1_64' title='bbox 726 509 901 537; x_wconf 79' lang='lat' dir='ltr'><strong>minimarum</strong></span> <span class='ocrx_word' id='word_1_65' title='bbox 922 517 938 536; x_wconf 91' lang='lat' dir='ltr'><strong>a</strong></span> <span class='ocrx_word' id='word_1_66' title='bbox 950 509 1038 537; x_wconf 87' lang='lat' dir='ltr'><strong>Patri-</strong></span> 
     </span>
    </p>
   </div>
   <div class='ocr_carea' id='block_1_13' title="bbox 251 553 1037 588">
    <p class='ocr_par' dir='ltr' id='par_1_13' title="bbox 251 553 1037 588">
     <span class='ocr_line' id='line_1_13' title="bbox 251 553 1037 588; baseline 0.003 -8"><span class='ocrx_word' id='word_1_67' title='bbox 251 553 303 580; x_wconf 86' lang='lat' dir='ltr'><strong>bus</strong></span> <span class='ocrx_word' id='word_1_68' title='bbox 317 554 414 580; x_wconf 90' lang='lat' dir='ltr'><strong>tradita</strong></span> <span class='ocrx_word' id='word_1_69' title='bbox 429 554 522 588; x_wconf 90' lang='lat' dir='ltr'><strong>religio</strong></span> <span class='ocrx_word' id='word_1_70' title='bbox 539 559 643 581; x_wconf 89' lang='lat' dir='ltr'><strong>nostra.</strong></span> <span class='ocrx_word' id='word_1_71' title='bbox 656 554 759 582; x_wconf 65' lang='lat' dir='ltr'><strong>Praeter</strong></span> <span class='ocrx_word' id='word_1_72' title='bbox 773 555 854 588; x_wconf 86' lang='lat' dir='ltr'><strong>hanc,</strong></span> <span class='ocrx_word' id='word_1_73' title='bbox 876 563 930 582; x_wconf 93' lang='lat' dir='ltr'><strong>non</strong></span> <span class='ocrx_word' id='word_1_74' title='bbox 949 555 1037 582; x_wconf 86' lang='lat' dir='ltr'><strong>solum</strong></span> 
     </span>
    </p>
   </div>
   <div class='ocr_carea' id='block_1_14' title="bbox 251 599 1037 635">
    <p class='ocr_par' dir='ltr' id='par_1_14' title="bbox 251 599 1037 635">
     <span class='ocr_line' id='line_1_14' title="bbox 251 599 1037 635; baseline 0.001 -10"><span class='ocrx_word' id='word_1_75' title='bbox 251 599 275 626; x_wconf 88' lang='lat' dir='ltr'><strong>si</strong></span> <span class='ocrx_word' id='word_1_76' title='bbox 291 599 352 633; x_wconf 85' lang='lat' dir='ltr'><strong>quis</strong></span> <span class='ocrx_word' id='word_1_77' title='bbox 365 603 414 626; x_wconf 87' lang='lat' dir='ltr'><strong>aut</strong></span> <span class='ocrx_word' id='word_1_78' title='bbox 435 599 458 627; x_wconf 88' lang='lat' dir='ltr'><strong>si</strong></span> <span class='ocrx_word' id='word_1_79' title='bbox 473 607 525 634; x_wconf 88' lang='lat' dir='ltr'><strong>qua</strong></span> <span class='ocrx_word' id='word_1_80' title='bbox 547 607 580 627; x_wconf 83' lang='lat' dir='ltr'><strong>ex</strong></span> <span class='ocrx_word' id='word_1_81' title='bbox 595 600 638 627; x_wconf 90' lang='lat' dir='ltr'><strong>his</strong></span> <span class='ocrx_word' id='word_1_82' title='bbox 652 600 697 635; x_wconf 93' lang='lat' dir='ltr'><strong>qui</strong></span> <span class='ocrx_word' id='word_1_83' title='bbox 721 608 795 627; x_wconf 89' lang='lat' dir='ltr'><strong>nunc</strong></span> <span class='ocrx_word' id='word_1_84' title='bbox 823 604 887 627; x_wconf 89' lang='lat' dir='ltr'><strong>sunt</strong></span> <span class='ocrx_word' id='word_1_85' title='bbox 909 600 953 627; x_wconf 87' lang='lat' dir='ltr'><strong>vel</strong></span> <span class='ocrx_word' id='word_1_86' title='bbox 972 600 1037 627; x_wconf 88' lang='lat' dir='ltr'><strong>olim</strong></span> 
     </span>
    </p>
   </div>
   <div class='ocr_carea' id='block_1_15' title="bbox 250 643 1038 679">
    <p class='ocr_par' dir='ltr' id='par_1_15' title="bbox 250 643 1038 679">
     <span class='ocr_line' id='line_1_15' title="bbox 250 643 1038 679; baseline 0.003 -9"><span class='ocrx_word' id='word_1_87' title='bbox 250 643 373 675; x_wconf 83' lang='lat' dir='ltr'><strong>fuerunt.</strong></span> <span class='ocrx_word' id='word_1_88' title='bbox 387 644 436 672; x_wconf 85' lang='lat' dir='ltr'><strong>sed</strong></span> <span class='ocrx_word' id='word_1_89' title='bbox 462 653 552 679; x_wconf 90' lang='lat' dir='ltr'><strong>neque</strong></span> <span class='ocrx_word' id='word_1_90' title='bbox 569 646 592 673; x_wconf 88' lang='lat' dir='ltr'><strong>si</strong></span> <span class='ocrx_word' id='word_1_91' title='bbox 613 645 721 678; x_wconf 85' lang='lat' dir='ltr'><strong>Petrus,</strong></span> <span class='ocrx_word' id='word_1_92' title='bbox 752 650 779 673; x_wconf 91' lang='lat' dir='ltr'><strong>et</strong></span> <span class='ocrx_word' id='word_1_93' title='bbox 796 645 895 672; x_wconf 84' lang='lat' dir='ltr'><strong>Paulus</strong></span> <span class='ocrx_word' id='word_1_94' title='bbox 912 645 1038 679; x_wconf 89' lang='lat' dir='ltr'><strong>(dicimus</strong></span> 
     </span>
    </p>
   </div>
   <div class='ocr_carea' id='block_1_16' title="bbox 250 689 1036 725">
    <p class='ocr_par' dir='ltr' id='par_1_16' title="bbox 250 689 1036 725">
     <span class='ocr_line' id='line_1_16' title="bbox 250 689 1036 725; baseline -0.001 -9"><span class='ocrx_word' id='word_1_95' title='bbox 250 689 323 716; x_wconf 89' lang='lat' dir='ltr'><strong>enim</strong></span> <span class='ocrx_word' id='word_1_96' title='bbox 339 697 398 724; x_wconf 72' lang='lat' dir='ltr'><strong>qua:</strong></span> <span class='ocrx_word' id='word_1_97' title='bbox 412 690 524 717; x_wconf 86' lang='lat' dir='ltr'><strong>evenire</strong></span> <span class='ocrx_word' id='word_1_98' title='bbox 540 695 678 725; x_wconf 89' lang='lat' dir='ltr'><strong>nequeunt</strong></span> <span class='ocrx_word' id='word_1_99' title='bbox 694 690 772 724; x_wconf 88' lang='lat' dir='ltr'><strong>quasi</strong></span> <span class='ocrx_word' id='word_1_100' title='bbox 786 689 895 716; x_wconf 83' lang='lat' dir='ltr'><strong>evenire</strong></span> <span class='ocrx_word' id='word_1_101' title='bbox 908 689 1036 724; x_wconf 79' lang='lat' dir='ltr'><strong>possint).</strong></span> 
     </span>
    </p>
   </div>
   <div class='ocr_carea' id='block_1_17' title="bbox 251 735 1038 771">
    <p class='ocr_par' dir='ltr' id='par_1_17' title="bbox 251 735 1038 771">
     <span class='ocr_line' id='line_1_17' title="bbox 251 735 1038 771; baseline 0 -9"><span class='ocrx_word' id='word_1_102' title='bbox 251 743 339 770; x_wconf 87' lang='lat' dir='ltr'><strong>neque</strong></span> <span class='ocrx_word' id='word_1_103' title='bbox 354 736 376 762; x_wconf 83' lang='lat' dir='ltr'><strong>si</strong></span> <span class='ocrx_word' id='word_1_104' title='bbox 390 743 423 763; x_wconf 76' lang='lat' dir='ltr'><strong>ex</strong></span> <span class='ocrx_word' id='word_1_105' title='bbox 433 736 509 763; x_wconf 67' lang='lat' dir='ltr'><strong>caelis</strong></span> <span class='ocrx_word' id='word_1_106' title='bbox 523 736 590 771; x_wconf 84' lang='lat' dir='ltr'><strong>ipsis</strong></span> <span class='ocrx_word' id='word_1_107' title='bbox 599 737 690 764; x_wconf 81' lang='lat' dir='ltr'><strong>veniat</strong></span> <span class='ocrx_word' id='word_1_108' title='bbox 701 736 836 771; x_wconf 89' lang='lat' dir='ltr'><strong>quispiam</strong></span> <span class='ocrx_word' id='word_1_109' title='bbox 848 735 921 763; x_wconf 90' lang='lat' dir='ltr'><strong>aliud</strong></span> <span class='ocrx_word' id='word_1_110' title='bbox 936 735 1038 762; x_wconf 84' lang='lat' dir='ltr'><strong>docens</strong></span> 
     </span>
    </p>
   </div>
   <div class='ocr_carea' id='block_1_18' title="bbox 250 781 1038 816">
    <p class='ocr_par' dir='ltr' id='par_1_18' title="bbox 250 781 1038 816">
     <span class='ocr_line' id='line_1_18' title="bbox 250 781 1038 816; baseline 0 -8"><span class='ocrx_word' id='word_1_111' title='bbox 250 785 279 808; x_wconf 80' lang='lat' dir='ltr'><strong>et</strong></span> <span class='ocrx_word' id='word_1_112' title='bbox 307 781 511 816; x_wconf 82' lang='lat' dir='ltr'><strong>evangelizans,</strong></span> <span class='ocrx_word' id='word_1_113' title='bbox 528 781 602 809; x_wconf 92' lang='lat' dir='ltr'><strong>illum</strong></span> <span class='ocrx_word' id='word_1_114' title='bbox 620 781 648 808; x_wconf 92' lang='lat' dir='ltr'><strong>in</strong></span> <span class='ocrx_word' id='word_1_115' title='bbox 667 781 887 808; x_wconf 89' lang='lat' dir='ltr'><strong>communionem</strong></span> <span class='ocrx_word' id='word_1_116' title='bbox 915 781 1038 816; x_wconf 87' lang='lat' dir='ltr'><strong>recipere</strong></span> 
     </span>
    </p>
   </div>
   <div class='ocr_carea' id='block_1_19' title="bbox 249 827 1038 862">
    <p class='ocr_par' dir='ltr' id='par_1_19' title="bbox 249 827 1038 862">
     <span class='ocr_line' id='line_1_19' title="bbox 249 827 1038 862; baseline 0 -8"><span class='ocrx_word' id='word_1_117' title='bbox 249 835 403 862; x_wconf 86' lang='lat' dir='ltr'><strong>possumus.</strong></span> <span class='ocrx_word' id='word_1_118' title='bbox 422 832 453 855; x_wconf 86' lang='lat' dir='ltr'><strong>ut</strong></span> <span class='ocrx_word' id='word_1_119' title='bbox 476 827 524 862; x_wconf 86' lang='lat' dir='ltr'><strong>qui</strong></span> <span class='ocrx_word' id='word_1_120' title='bbox 543 835 638 855; x_wconf 89' lang='lat' dir='ltr'><strong>sanam</strong></span> <span class='ocrx_word' id='word_1_121' title='bbox 652 827 714 859; x_wconf 86' lang='lat' dir='ltr'><strong>ﬁdei</strong></span> <span class='ocrx_word' id='word_1_122' title='bbox 730 828 883 855; x_wconf 87' lang='lat' dir='ltr'><strong>doctrinam</strong></span> <span class='ocrx_word' id='word_1_123' title='bbox 905 835 962 854; x_wconf 92' lang='lat' dir='ltr'><strong>non</strong></span> <span class='ocrx_word' id='word_1_124' title='bbox 992 835 1038 855; x_wconf 80' lang='lat' dir='ltr'><strong>se-</strong></span> 
     </span>
    </p>
   </div>
   <div class='ocr_carea' id='block_1_20' title="bbox 1085 239 1877 275">
    <p class='ocr_par' dir='ltr' id='par_1_20' title="bbox 1085 239 1877 275">
     <span class='ocr_line' id='line_1_20' title="bbox 1085 239 1877 275; baseline 0 -9"><span class='ocrx_word' id='word_1_125' title='bbox 1085 240 1197 274; x_wconf 87' lang='grc' dir='ltr'>δρόνουν</span> <span class='ocrx_word' id='word_1_126' title='bbox 1231 239 1376 266; x_wconf 79' lang='grc' dir='ltr'><strong>ἀνανεύειν</strong></span> <span class='ocrx_word' id='word_1_127' title='bbox 1401 239 1525 271; x_wconf 78' lang='grc' dir='ltr'><strong>εὐπετῶς</strong></span> <span class='ocrx_word' id='word_1_128' title='bbox 1551 239 1620 274; x_wconf 70' lang='grc' dir='ltr'>πρὸς</span> <span class='ocrx_word' id='word_1_129' title='bbox 1640 240 1690 272; x_wconf 81' lang='grc' dir='ltr'><strong>τὰς</strong></span> <span class='ocrx_word' id='word_1_130' title='bbox 1708 239 1798 274; x_wconf 78' lang='grc' dir='ltr'>αὐγὰς</span> <span class='ocrx_word' id='word_1_131' title='bbox 1825 240 1877 275; x_wconf 83' lang='grc' dir='ltr'>τῆς</span> 
     </span>
    </p>
   </div>
   <div class='ocr_carea' id='block_1_21' title="bbox 1085 284 1875 321">
    <p class='ocr_par' dir='ltr' id='par_1_21' title="bbox 1085 284 1875 321">
     <span class='ocr_line' id='line_1_21' title="bbox 1085 284 1875 321; baseline -0.001 -9"><span class='ocrx_word' id='word_1_132' title='bbox 1085 286 1224 321; x_wconf 83' lang='grc' dir='ltr'>ἀληθείας.</span> <span class='ocrx_word' id='word_1_133' title='bbox 1238 285 1312 321; x_wconf 77' lang='grc' dir='ltr'>Αὕτη</span> <span class='ocrx_word' id='word_1_134' title='bbox 1323 286 1340 320; x_wconf 80' lang='grc' dir='ltr'><strong>ἠ</strong></span> <span class='ocrx_word' id='word_1_135' title='bbox 1352 285 1517 320; x_wconf 80' lang='grc' dir='ltr'>εὐαγγελικὴ</span> <span class='ocrx_word' id='word_1_136' title='bbox 1527 284 1607 319; x_wconf 84' lang='grc' dir='ltr'>ἡμῶν</span> <span class='ocrx_word' id='word_1_137' title='bbox 1619 284 1711 316; x_wconf 78' lang='grc' dir='ltr'>πίστις</span> <span class='ocrx_word' id='word_1_138' title='bbox 1718 285 1774 312; x_wconf 82' lang='grc' dir='ltr'><strong>τῶν</strong></span> <span class='ocrx_word' id='word_1_139' title='bbox 1782 286 1875 320; x_wconf 79' lang='grc' dir='ltr'>ἁμαρ-</span> 
     </span>
    </p>
   </div>
   <div class='ocr_carea' id='block_1_22' title="bbox 1084 329 1875 366">
    <p class='ocr_par' dir='ltr' id='par_1_22' title="bbox 1084 329 1875 366">
     <span class='ocr_line' id='line_1_22' title="bbox 1084 329 1875 366; baseline -0.001 -9"><span class='ocrx_word' id='word_1_140' title='bbox 1084 331 1177 357; x_wconf 82' lang='grc' dir='ltr'>τωλῶν</span> <span class='ocrx_word' id='word_1_141' title='bbox 1188 339 1194 346; x_wconf 90' lang='grc'><strong>·</strong></span> <span class='ocrx_word' id='word_1_142' title='bbox 1209 330 1278 365; x_wconf 75' lang='grc' dir='ltr'>αὕτη</span> <span class='ocrx_word' id='word_1_143' title='bbox 1293 331 1310 366; x_wconf 78' lang='grc' dir='ltr'><strong>ἡ</strong></span> <span class='ocrx_word' id='word_1_144' title='bbox 1328 330 1495 365; x_wconf 82' lang='grc' dir='ltr'>ὰποστολικὴ</span> <span class='ocrx_word' id='word_1_145' title='bbox 1509 330 1587 366; x_wconf 83' lang='grc' dir='ltr'>ὴμῶν</span> <span class='ocrx_word' id='word_1_146' title='bbox 1611 330 1743 365; x_wconf 74' lang='grc' dir='ltr'><strong>ὁμολογία</strong></span> <span class='ocrx_word' id='word_1_147' title='bbox 1757 329 1814 356; x_wconf 86' lang='grc' dir='ltr'><strong>τῶν</strong></span> <span class='ocrx_word' id='word_1_148' title='bbox 1827 330 1875 356; x_wconf 84' lang='grc' dir='ltr'><strong>εὺ-</strong></span> 
     </span>
    </p>
   </div>
   <div class='ocr_carea' id='block_1_23' title="bbox 1084 373 1876 411">
    <p class='ocr_par' dir='ltr' id='par_1_23' title="bbox 1084 373 1876 411">
     <span class='ocr_line' id='line_1_23' title="bbox 1084 373 1876 411; baseline -0.003 -9"><span class='ocrx_word' id='word_1_149' title='bbox 1084 376 1185 402; x_wconf 82' lang='grc' dir='ltr'>τελῶν·</span> <span class='ocrx_word' id='word_1_150' title='bbox 1204 376 1229 402; x_wconf 82' lang='grc' dir='ltr'><strong>εί</strong></span> <span class='ocrx_word' id='word_1_151' title='bbox 1244 373 1336 408; x_wconf 80' lang='grc' dir='ltr'>δὀὗν,</span> <span class='ocrx_word' id='word_1_152' title='bbox 1348 376 1365 411; x_wconf 79' lang='grc' dir='ltr'><strong>ἠ</strong></span> <span class='ocrx_word' id='word_1_153' title='bbox 1387 375 1629 411; x_wconf 65' lang='grc' dir='ltr'>πατροπαράδοσος</span> <span class='ocrx_word' id='word_1_154' title='bbox 1644 375 1724 410; x_wconf 66' lang='lat' dir='ltr'><strong>mqu</strong></span> <span class='ocrx_word' id='word_1_155' title='bbox 1738 375 1876 410; x_wconf 75' lang='grc' dir='ltr'>θρησκεία</span> 
     </span>
    </p>
   </div>
   <div class='ocr_carea' id='block_1_24' title="bbox 1085 420 1874 456">
    <p class='ocr_par' dir='ltr' id='par_1_24' title="bbox 1085 420 1874 456">
     <span class='ocr_line' id='line_1_24' title="bbox 1085 420 1874 456; baseline 0 -9"><span class='ocrx_word' id='word_1_156' title='bbox 1085 421 1140 448; x_wconf 84' lang='grc' dir='ltr'><strong>τῶν</strong></span> <span class='ocrx_word' id='word_1_157' title='bbox 1163 420 1323 455; x_wconf 69' lang='grc' dir='ltr'>ἐλαχίστων.</span> <span class='ocrx_word' id='word_1_158' title='bbox 1354 420 1434 456; x_wconf 74' lang='grc' dir='ltr'>Παρὰ</span> <span class='ocrx_word' id='word_1_159' title='bbox 1449 420 1564 455; x_wconf 85' lang='grc' dir='ltr'>ταύτην,</span> <span class='ocrx_word' id='word_1_160' title='bbox 1585 420 1635 455; x_wconf 81' lang='grc' dir='ltr'>οὐχ</span> <span class='ocrx_word' id='word_1_161' title='bbox 1660 421 1703 447; x_wconf 85' lang='grc' dir='ltr'>ὅτι</span> <span class='ocrx_word' id='word_1_162' title='bbox 1723 421 1738 446; x_wconf 79' lang='grc' dir='ltr'><strong>ὁ</strong></span> <span class='ocrx_word' id='word_1_163' title='bbox 1754 420 1798 452; x_wconf 80' lang='grc' dir='ltr'><strong>τίς</strong></span> <span class='ocrx_word' id='word_1_164' title='bbox 1813 421 1843 447; x_wconf 83' lang='grc' dir='ltr'><strong>δε</strong></span> <span class='ocrx_word' id='word_1_165' title='bbox 1857 420 1874 454; x_wconf 72' lang='grc' dir='ltr'><strong>ἢ</strong></span> 
     </span>
    </p>
   </div>
   <div class='ocr_carea' id='block_1_25' title="bbox 1085 465 1876 500">
    <p class='ocr_par' dir='ltr' id='par_1_25' title="bbox 1085 465 1876 500">
     <span class='ocr_line' id='line_1_25' title="bbox 1085 465 1876 500; baseline -0.001 -8"><span class='ocrx_word' id='word_1_166' title='bbox 1085 465 1126 496; x_wconf 81' lang='grc' dir='ltr'><strong>τίς</strong></span> <span class='ocrx_word' id='word_1_167' title='bbox 1137 465 1166 492; x_wconf 84' lang='grc' dir='ltr'><strong>δε</strong></span> <span class='ocrx_word' id='word_1_168' title='bbox 1179 465 1234 492; x_wconf 87' lang='grc' dir='ltr'><strong>τῶν</strong></span> <span class='ocrx_word' id='word_1_169' title='bbox 1245 465 1293 492; x_wconf 87' lang='grc' dir='ltr'><strong>νῦν</strong></span> <span class='ocrx_word' id='word_1_170' title='bbox 1307 465 1324 500; x_wconf 75' lang='grc' dir='ltr'>ἢ</span> <span class='ocrx_word' id='word_1_171' title='bbox 1341 465 1396 492; x_wconf 84' lang='grc' dir='ltr'><strong>τῶν</strong></span> <span class='ocrx_word' id='word_1_172' title='bbox 1411 465 1508 498; x_wconf 86' lang='grc' dir='ltr'>πάλαι,</span> <span class='ocrx_word' id='word_1_173' title='bbox 1523 465 1582 492; x_wconf 81' lang='grc' dir='ltr'>άλλ¹</span> <span class='ocrx_word' id='word_1_174' title='bbox 1599 465 1655 492; x_wconf 81' lang='grc' dir='ltr'>οὐδ’</span> <span class='ocrx_word' id='word_1_175' title='bbox 1669 466 1694 492; x_wconf 85' lang='grc' dir='ltr'><strong>εί</strong></span> <span class='ocrx_word' id='word_1_176' title='bbox 1711 465 1814 500; x_wconf 79' lang='grc' dir='ltr'><strong>Πέτρος</strong></span> <span class='ocrx_word' id='word_1_177' title='bbox 1827 465 1876 492; x_wconf 75' lang='grc' dir='ltr'>καὶ</span> 
     </span>
    </p>
   </div>
   <div class='ocr_carea' id='block_1_26' title="bbox 1086 509 1875 545">
    <p class='ocr_par' dir='ltr' id='par_1_26' title="bbox 1086 509 1875 545">
     <span class='ocr_line' id='line_1_26' title="bbox 1086 509 1875 545; baseline 0 -9"><span class='ocrx_word' id='word_1_178' title='bbox 1086 510 1192 542; x_wconf 83' lang='grc' dir='ltr'><strong>Παῦλος</strong></span> <span class='ocrx_word' id='word_1_179' title='bbox 1201 518 1209 526; x_wconf 85' lang='grc'>·</span> <span class='ocrx_word' id='word_1_180' title='bbox 1225 511 1339 545; x_wconf 83' lang='grc' dir='ltr'>εῐπομεν</span> <span class='ocrx_word' id='word_1_181' title='bbox 1354 510 1409 545; x_wconf 81' lang='grc' dir='ltr'><strong>γὰρ</strong></span> <span class='ocrx_word' id='word_1_182' title='bbox 1420 510 1566 538; x_wconf 80' lang='grc' dir='ltr'>άνένδεκτα</span> <span class='ocrx_word' id='word_1_183' title='bbox 1581 510 1619 542; x_wconf 83' lang='grc' dir='ltr'>ὡς</span> <span class='ocrx_word' id='word_1_184' title='bbox 1630 509 1805 545; x_wconf 68' lang='grc' dir='ltr'>ἐνδεχόμενα·</span> <span class='ocrx_word' id='word_1_185' title='bbox 1819 510 1875 536; x_wconf 81' lang='grc' dir='ltr'>οὐδ’</span> 
     </span>
    </p>
   </div>
   <div class='ocr_carea' id='block_1_27' title="bbox 1087 553 1877 590">
    <p class='ocr_par' dir='ltr' id='par_1_27' title="bbox 1087 553 1877 590">
     <span class='ocr_line' id='line_1_27' title="bbox 1087 553 1877 590; baseline -0.003 -9"><span class='ocrx_word' id='word_1_186' title='bbox 1087 555 1120 582; x_wconf 77' lang='grc' dir='ltr'>ἂν</span> <span class='ocrx_word' id='word_1_187' title='bbox 1139 554 1169 587; x_wconf 78' lang='grc' dir='ltr'><strong>ἐξ</strong></span> <span class='ocrx_word' id='word_1_188' title='bbox 1193 555 1285 581; x_wconf 85' lang='grc' dir='ltr'>αὐτῶν</span> <span class='ocrx_word' id='word_1_189' title='bbox 1315 555 1371 590; x_wconf 72' lang='grc' dir='ltr'><strong>ἥκῃ</strong></span> <span class='ocrx_word' id='word_1_190' title='bbox 1396 554 1450 581; x_wconf 87' lang='grc' dir='ltr'>τῶν</span> <span class='ocrx_word' id='word_1_191' title='bbox 1480 554 1604 590; x_wconf 82' lang='grc' dir='ltr'>οὐρανῶν</span> <span class='ocrx_word' id='word_1_192' title='bbox 1627 553 1799 588; x_wconf 79' lang='grc' dir='ltr'>δογματίζων</span> <span class='ocrx_word' id='word_1_193' title='bbox 1828 553 1877 579; x_wconf 76' lang='grc' dir='ltr'>καὶ</span> 
     </span>
    </p>
   </div>
   <div class='ocr_carea' id='block_1_28' title="bbox 1086 600 1878 636">
    <p class='ocr_par' dir='ltr' id='par_1_28' title="bbox 1086 600 1878 636">
     <span class='ocr_line' id='line_1_28' title="bbox 1086 600 1878 636; baseline -0.003 -9"><span class='ocrx_word' id='word_1_194' title='bbox 1086 601 1346 636; x_wconf 79' lang='grc' dir='ltr'>εὐαγγελιζόμενος·</span> <span class='ocrx_word' id='word_1_195' title='bbox 1362 601 1504 636; x_wconf 81' lang='grc' dir='ltr'>δυνάμεθα</span> <span class='ocrx_word' id='word_1_196' title='bbox 1533 601 1616 628; x_wconf 79' lang='grc' dir='ltr'>αὐτὸν</span> <span class='ocrx_word' id='word_1_197' title='bbox 1642 600 1769 627; x_wconf 76' lang='grc' dir='ltr'>κοινωνὸν</span> <span class='ocrx_word' id='word_1_198' title='bbox 1791 607 1878 634; x_wconf 77' lang='grc' dir='ltr'>προσ-</span> 
     </span>
    </p>
   </div>
   <div class='ocr_carea' id='block_1_29' title="bbox 1086 645 1878 682">
    <p class='ocr_par' dir='ltr' id='par_1_29' title="bbox 1086 645 1878 682">
     <span class='ocr_line' id='line_1_29' title="bbox 1086 645 1878 682; baseline -0.001 -10"><span class='ocrx_word' id='word_1_199' title='bbox 1086 645 1216 680; x_wconf 86' lang='grc' dir='ltr'>ήκασθαι,</span> <span class='ocrx_word' id='word_1_200' title='bbox 1224 646 1262 678; x_wconf 81' lang='grc' dir='ltr'>ὡς</span> <span class='ocrx_word' id='word_1_201' title='bbox 1270 646 1308 681; x_wconf 78' lang='grc' dir='ltr'>μὴ</span> <span class='ocrx_word' id='word_1_202' title='bbox 1317 645 1477 681; x_wconf 87' lang='grc' dir='ltr'>στοιχοῦντα</span> <span class='ocrx_word' id='word_1_203' title='bbox 1486 648 1519 681; x_wconf 82' lang='grc' dir='ltr'>τῇ</span> <span class='ocrx_word' id='word_1_204' title='bbox 1529 645 1746 682; x_wconf 21' lang='grc' dir='ltr'>ὑγιαινούσῃῐτῆς</span> <span class='ocrx_word' id='word_1_205' title='bbox 1758 645 1878 675; x_wconf 84' lang='grc' dir='ltr'>πίστεως</span> 
     </span>
    </p>
   </div>
   <div class='ocr_carea' id='block_1_30' title="bbox 1086 689 1877 725">
    <p class='ocr_par' dir='ltr' id='par_1_30' title="bbox 1086 689 1877 725">
     <span class='ocr_line' id='line_1_30' title="bbox 1086 689 1877 725; baseline -0.003 -9"><span class='ocrx_word' id='word_1_206' title='bbox 1086 689 1256 724; x_wconf 74' lang='grc' dir='ltr'>διδασκαλίᾳ.</span> <span class='ocrx_word' id='word_1_207' title='bbox 1273 691 1329 718; x_wconf 76' lang='grc' dir='ltr'><strong>Καὶ</strong></span> <span class='ocrx_word' id='word_1_208' title='bbox 1345 690 1414 725; x_wconf 79' lang='grc' dir='ltr'>πρὸς</span> <span class='ocrx_word' id='word_1_209' title='bbox 1428 689 1516 717; x_wconf 82' lang='grc' dir='ltr'>ταῦτα</span> <span class='ocrx_word' id='word_1_210' title='bbox 1526 691 1576 717; x_wconf 78' lang='grc' dir='ltr'>ὅτι</span> <span class='ocrx_word' id='word_1_211' title='bbox 1590 690 1623 717; x_wconf 79' lang='grc' dir='ltr'>ἂν</span> <span class='ocrx_word' id='word_1_212' title='bbox 1638 689 1704 725; x_wconf 82' lang='grc' dir='ltr'><strong>δοκῇ</strong></span> <span class='ocrx_word' id='word_1_213' title='bbox 1717 690 1750 725; x_wconf 74' lang='grc' dir='ltr'><strong>τῇ</strong></span> <span class='ocrx_word' id='word_1_214' title='bbox 1766 689 1877 724; x_wconf 68' lang='grc' dir='ltr'>ἐξουσίᾳ.</span> 
     </span>
    </p>
   </div>
   <div class='ocr_carea' id='block_1_31' title="bbox 1087 735 1878 771">
    <p class='ocr_par' dir='ltr' id='par_1_31' title="bbox 1087 735 1878 771">
     <span class='ocr_line' id='line_1_31' title="bbox 1087 735 1878 771; baseline -0.003 -9"><span class='ocrx_word' id='word_1_215' title='bbox 1087 735 1176 770; x_wconf 77' lang='grc' dir='ltr'>ὑμῶν,</span> <span class='ocrx_word' id='word_1_216' title='bbox 1195 736 1292 771; x_wconf 68' lang='grc' dir='ltr'>ἑτοίμη</span> <span class='ocrx_word' id='word_1_217' title='bbox 1322 737 1340 771; x_wconf 82' lang='grc' dir='ltr'><strong>ἠ</strong></span> <span class='ocrx_word' id='word_1_218' title='bbox 1364 736 1529 768; x_wconf 71' lang='grc' dir='ltr'>ταπείνωσις</span> <span class='ocrx_word' id='word_1_219' title='bbox 1553 735 1632 771; x_wconf 77' lang='grc' dir='ltr'>ἡμῶν</span> <span class='ocrx_word' id='word_1_220' title='bbox 1660 736 1741 771; x_wconf 87' lang='grc' dir='ltr'>μέχρι</span> <span class='ocrx_word' id='word_1_221' title='bbox 1760 735 1878 762; x_wconf 86' lang='grc' dir='ltr'>θανάτου</span> 
     </span>
    </p>
   </div>
   <div class='ocr_carea' id='block_1_32' title="bbox 1087 779 1878 817">
    <p class='ocr_par' dir='ltr' id='par_1_32' title="bbox 1087 779 1878 817">
     <span class='ocr_line' id='line_1_32' title="bbox 1087 779 1878 817; baseline -0.003 -9"><span class='ocrx_word' id='word_1_222' title='bbox 1087 781 1248 816; x_wconf 74' lang='grc' dir='ltr'><strong>ὑποστῆναι,</strong></span> <span class='ocrx_word' id='word_1_223' title='bbox 1261 781 1277 816; x_wconf 76' lang='grc' dir='ltr'><strong>ἢ</strong></span> <span class='ocrx_word' id='word_1_224' title='bbox 1292 781 1422 817; x_wconf 70' lang='grc' dir='ltr'>ἐξάρνους</span> <span class='ocrx_word' id='word_1_225' title='bbox 1434 782 1510 816; x_wconf 80' lang='grc' dir='ltr'>ἡμᾶς</span> <span class='ocrx_word' id='word_1_226' title='bbox 1522 780 1651 815; x_wconf 66' lang='grc' dir='ltr'>γενέσθαι</span> <span class='ocrx_word' id='word_1_227' title='bbox 1670 780 1721 815; x_wconf 80' lang='grc' dir='ltr'>τῆς</span> <span class='ocrx_word' id='word_1_228' title='bbox 1747 779 1878 814; x_wconf 77' lang='grc' dir='ltr'><strong>τοιαύτης</strong></span> 
     </span>
    </p>
   </div>
   <div class='ocr_carea' id='block_1_33' title="bbox 1087 826 1512 862">
    <p class='ocr_par' dir='ltr' id='par_1_33' title="bbox 1087 826 1512 862">
     <span class='ocr_line' id='line_1_33' title="bbox 1087 826 1512 862; baseline 0.007 -10"><span class='ocrx_word' id='word_1_229' title='bbox 1087 827 1167 862; x_wconf 74' lang='grc' dir='ltr'>ἡμῶν</span> <span class='ocrx_word' id='word_1_230' title='bbox 1177 826 1342 861; x_wconf 86' lang='grc' dir='ltr'>είλικρινοῦς</span> <span class='ocrx_word' id='word_1_231' title='bbox 1355 827 1512 862; x_wconf 80' lang='grc' dir='ltr'>ὁμολογίας.</span> 
     </span>
    </p>
   </div>
   <div class='ocr_carea' id='block_1_34' title="bbox 249 870 1862 908">
    <p class='ocr_par' dir='ltr' id='par_1_34' title="bbox 249 870 1862 908">
     <span class='ocr_line' id='line_1_34' title="bbox 249 870 1862 908; baseline -0.001 -9"><span class='ocrx_word' id='word_1_232' title='bbox 249 877 358 907; x_wconf 89' lang='lat' dir='ltr'><strong>quatur.</strong></span> <span class='ocrx_word' id='word_1_233' title='bbox 372 872 485 900; x_wconf 86' lang='lat' dir='ltr'><strong>Demum</strong></span> <span class='ocrx_word' id='word_1_234' title='bbox 498 873 629 908; x_wconf 88' lang='lat' dir='ltr'><strong>quidquid</strong></span> <span class='ocrx_word' id='word_1_235' title='bbox 639 873 704 901; x_wconf 87' lang='lat' dir='ltr'><strong>libet</strong></span> <span class='ocrx_word' id='word_1_236' title='bbox 721 873 849 908; x_wconf 88' lang='lat' dir='ltr'><strong>potestati</strong></span> <span class='ocrx_word' id='word_1_237' title='bbox 867 877 974 905; x_wconf 68' lang='lat' dir='ltr'><strong>vestrae,</strong></span> <span class='ocrx_word' id='word_1_238' title='bbox 990 876 1084 907; x_wconf 86' lang='lat' dir='ltr'><strong>parata</strong></span> <span class='ocrx_word' id='word_1_239' title='bbox 1112 877 1164 899; x_wconf 63' lang='lat' dir='ltr'><strong>est‘</strong></span> <span class='ocrx_word' id='word_1_240' title='bbox 1175 872 1314 899; x_wconf 78' lang='lat' dir='ltr'><strong>humilitas</strong></span> <span class='ocrx_word' id='word_1_241' title='bbox 1346 877 1441 901; x_wconf 88' lang='lat' dir='ltr'><strong>nostra</strong></span> <span class='ocrx_word' id='word_1_242' title='bbox 1459 877 1546 908; x_wconf 78' lang='lat' dir='ltr'><strong>usque</strong></span> <span class='ocrx_word' id='word_1_243' title='bbox 1561 872 1596 900; x_wconf 85' lang='lat' dir='ltr'><strong>ad</strong></span> <span class='ocrx_word' id='word_1_244' title='bbox 1615 876 1731 900; x_wconf 83' lang='lat' dir='ltr'><strong>mortem</strong></span> <span class='ocrx_word' id='word_1_245' title='bbox 1756 870 1862 906; x_wconf 82' lang='lat' dir='ltr'><strong>perpeti</strong></span> 
     </span>
    </p>
   </div>
   <div class='ocr_carea' id='block_1_35' title="bbox 249 917 1360 955">
    <p class='ocr_par' dir='ltr' id='par_1_35' title="bbox 249 917 1360 955">
     <span class='ocr_line' id='line_1_35' title="bbox 249 917 1360 955; baseline -0.001 -8"><span class='ocrx_word' id='word_1_246' title='bbox 249 920 348 955; x_wconf 83' lang='lat' dir='ltr'><strong>potius,</strong></span> <span class='ocrx_word' id='word_1_247' title='bbox 373 927 455 954; x_wconf 89' lang='lat' dir='ltr'><strong>quam</strong></span> <span class='ocrx_word' id='word_1_248' title='bbox 470 924 500 947; x_wconf 91' lang='lat' dir='ltr'><strong>ut</strong></span> <span class='ocrx_word' id='word_1_249' title='bbox 516 924 661 954; x_wconf 77' lang='lat' dir='ltr'><strong>negatores</strong></span> <span class='ocrx_word' id='word_1_250' title='bbox 675 920 761 947; x_wconf 87' lang='lat' dir='ltr'><strong>simus</strong></span> <span class='ocrx_word' id='word_1_251' title='bbox 794 919 908 946; x_wconf 63' lang='lat' dir='ltr'><strong>sincerae</strong></span> <span class='ocrx_word' id='word_1_252' title='bbox 923 919 1038 954; x_wconf 84' lang='lat' dir='ltr'><strong>hujusce</strong></span> <span class='ocrx_word' id='word_1_253' title='bbox 1051 922 1152 946; x_wconf 62' lang='lat' dir='ltr'><strong>nostra:</strong></span> <span class='ocrx_word' id='word_1_254' title='bbox 1167 917 1360 946; x_wconf 78' lang='lat' dir='ltr'><strong>confessionis.</strong></span> 
     </span>
    </p>
   </div>
   <div class='ocr_carea' id='block_1_36' title="bbox 377 976 906 1013">
    <p class='ocr_par' dir='ltr' id='par_1_36' title="bbox 377 976 906 1013">
     <span class='ocr_line' id='line_1_36' title="bbox 377 976 906 1013; baseline 0.002 -10"><span class='ocrx_word' id='word_1_255' title='bbox 377 976 413 1004; x_wconf 89' lang='lat' dir='ltr'><strong>Il.</strong></span> <span class='ocrx_word' id='word_1_256' title='bbox 424 992 459 998; x_wconf 93' lang='lat'><em>—</em></span> <span class='ocrx_word' id='word_1_257' title='bbox 470 976 644 1004; x_wconf 75' lang='lat' dir='ltr'><strong>Monasticam</strong></span> <span class='ocrx_word' id='word_1_258' title='bbox 663 978 744 1004; x_wconf 81' lang='lat' dir='ltr'><strong>vitam</strong></span> <span class='ocrx_word' id='word_1_259' title='bbox 759 977 906 1013; x_wconf 77' lang='lat' dir='ltr'><strong>agentibus.</strong></span> 
     </span>
    </p>
   </div>
   <div class='ocr_carea' id='block_1_37' title="bbox 1326 974 1736 1011">
    <p class='ocr_par' dir='ltr' id='par_1_37' title="bbox 1326 974 1736 1011">
     <span class='ocr_line' id='line_1_37' title="bbox 1326 974 1736 1011; baseline 0 -9"><span class='ocrx_word' id='word_1_260' title='bbox 1326 975 1366 1002; x_wconf 88' lang='lat' dir='ltr'><strong>B&#39;.</strong></span> <span class='ocrx_word' id='word_1_261' title='bbox 1383 988 1421 996; x_wconf 92' lang='lat'><strong><em>—</em></strong></span> <span class='ocrx_word' id='word_1_262' title='bbox 1445 974 1644 1005; x_wconf 76' lang='grc' dir='ltr'>Μονάζουσιν.</span> <span class='ocrx_word' id='word_1_263' title='bbox 1659 975 1736 1011; x_wconf 56' lang='grc' dir='ltr'>[σθ’]</span> 
     </span>
    </p>
   </div>
   <div class='ocr_carea' id='block_1_38' title="bbox 432 1031 1697 1066">
    <p class='ocr_par' dir='ltr' id='par_1_38' title="bbox 432 1031 1697 1066">
     <span class='ocr_line' id='line_1_38' title="bbox 432 1031 1697 1066; baseline -0.001 -7"><span class='ocrx_word' id='word_1_264' title='bbox 432 1033 471 1059; x_wconf 85' lang='lat' dir='ltr'><strong>De</strong></span> <span class='ocrx_word' id='word_1_265' title='bbox 484 1034 630 1066; x_wconf 80' lang='lat' dir='ltr'><strong>quibusdam</strong></span> <span class='ocrx_word' id='word_1_266' title='bbox 640 1033 782 1066; x_wconf 65' lang='lat' dir='ltr'><strong>praepositis</strong></span> <span class='ocrx_word' id='word_1_267' title='bbox 795 1033 839 1064; x_wconf 87' lang='lat' dir='ltr'><strong>qui</strong></span> <span class='ocrx_word' id='word_1_268' title='bbox 852 1034 877 1058; x_wconf 81' lang='lat' dir='ltr'><strong>in</strong></span> <span class='ocrx_word' id='word_1_269' title='bbox 887 1039 960 1058; x_wconf 81' lang='lat' dir='ltr'><strong>causa</strong></span> <span class='ocrx_word' id='word_1_270' title='bbox 969 1031 1103 1064; x_wconf 79' lang='lat' dir='ltr'><strong>imaginum</strong></span> <span class='ocrx_word' id='word_1_271' title='bbox 1116 1032 1247 1064; x_wconf 81' lang='lat' dir='ltr'><strong>segnlores</strong></span> <span class='ocrx_word' id='word_1_272' title='bbox 1257 1031 1364 1056; x_wconf 78' lang='lat' dir='ltr'><strong>fuerant.</strong></span> <span class='ocrx_word' id='word_1_273' title='bbox 1380 1031 1480 1061; x_wconf 82' lang='lat' dir='ltr'><strong>(Baron.</strong></span> <span class='ocrx_word' id='word_1_274' title='bbox 1491 1037 1531 1056; x_wconf 89' lang='lat' dir='ltr'><strong>an.</strong></span> <span class='ocrx_word' id='word_1_275' title='bbox 1541 1031 1596 1062; x_wconf 77' lang='lat' dir='ltr'><strong>8H,</strong></span> <span class='ocrx_word' id='word_1_276' title='bbox 1606 1038 1630 1056; x_wconf 79' lang='grc' dir='ltr'>ο.</span> <span class='ocrx_word' id='word_1_277' title='bbox 1643 1031 1697 1062; x_wconf 60' lang='grc' dir='ltr'>τι.)</span> 
     </span>
    </p>
   </div>
   <div class='ocr_carea' id='block_1_39' title="bbox 283 1083 1071 1122">
    <p class='ocr_par' dir='ltr' id='par_1_39' title="bbox 283 1083 1071 1122">
     <span class='ocr_line' id='line_1_39' title="bbox 283 1083 1071 1122; baseline -0.004 -7"><span class='ocrx_word' id='word_1_278' title='bbox 283 1087 313 1115; x_wconf 90' lang='lat' dir='ltr'><strong>In</strong></span> <span class='ocrx_word' id='word_1_279' title='bbox 327 1088 381 1115; x_wconf 81' lang='lat' dir='ltr'><strong>hoc</strong></span> <span class='ocrx_word' id='word_1_280' title='bbox 395 1087 524 1122; x_wconf 83' lang='lat' dir='ltr'><strong>temporis</strong></span> <span class='ocrx_word' id='word_1_281' title='bbox 540 1087 664 1119; x_wconf 85' lang='lat' dir='ltr'><strong>articulo,</strong></span> <span class='ocrx_word' id='word_1_282' title='bbox 681 1094 743 1114; x_wconf 91' lang='lat' dir='ltr'><strong>cum</strong></span> <span class='ocrx_word' id='word_1_283' title='bbox 767 1085 988 1121; x_wconf 86' lang='lat' dir='ltr'><strong>persecutionem</strong></span> <span class='ocrx_word' id='word_1_284' title='bbox 1006 1083 1034 1109; x_wconf 91' lang='lat' dir='ltr'><strong>in</strong></span> <span class='ocrx_word' id='word_1_285' title='bbox 1052 1085 1071 1112; x_wconf 84' lang='grc' dir='ltr'>Β</span> 
     </span>
    </p>
   </div>
   <div class='ocr_carea' id='block_1_40' title="bbox 249 1128 1035 1168">
    <p class='ocr_par' dir='ltr' id='par_1_40' title="bbox 249 1128 1035 1168">
     <span class='ocr_line' id='line_1_40' title="bbox 249 1128 1035 1168; baseline -0.006 -8"><span class='ocrx_word' id='word_1_286' title='bbox 249 1133 366 1168; x_wconf 89' lang='lat' dir='ltr'><strong>imagine</strong></span> <span class='ocrx_word' id='word_1_287' title='bbox 379 1140 426 1160; x_wconf 84' lang='lat' dir='ltr'><strong>sua</strong></span> <span class='ocrx_word' id='word_1_288' title='bbox 439 1132 565 1159; x_wconf 88' lang='lat' dir='ltr'><strong>Christus</strong></span> <span class='ocrx_word' id='word_1_289' title='bbox 577 1132 679 1167; x_wconf 87' lang='lat' dir='ltr'><strong>patitur</strong></span> <span class='ocrx_word' id='word_1_290' title='bbox 696 1141 703 1158; x_wconf 90' lang='lat'><strong>:</strong></span> <span class='ocrx_word' id='word_1_291' title='bbox 718 1139 774 1158; x_wconf 93' lang='lat' dir='ltr'><strong>non</strong></span> <span class='ocrx_word' id='word_1_292' title='bbox 788 1130 876 1158; x_wconf 87' lang='lat' dir='ltr'><strong>solum</strong></span> <span class='ocrx_word' id='word_1_293' title='bbox 889 1130 935 1165; x_wconf 86' lang='lat' dir='ltr'><strong>qui</strong></span> <span class='ocrx_word' id='word_1_294' title='bbox 949 1128 1035 1165; x_wconf 86' lang='lat' dir='ltr'><strong>digni-</strong></span> 
     </span>
    </p>
   </div>
   <div class='ocr_carea' id='block_1_41' title="bbox 250 1176 1036 1212">
    <p class='ocr_par' dir='ltr' id='par_1_41' title="bbox 250 1176 1036 1212">
     <span class='ocr_line' id='line_1_41' title="bbox 250 1176 1036 1212; baseline -0.004 -7"><span class='ocrx_word' id='word_1_295' title='bbox 250 1182 304 1206; x_wconf 84' lang='lat' dir='ltr'><strong>tate</strong></span> <span class='ocrx_word' id='word_1_296' title='bbox 326 1182 354 1205; x_wconf 89' lang='lat' dir='ltr'><strong>et</strong></span> <span class='ocrx_word' id='word_1_297' title='bbox 368 1177 482 1204; x_wconf 84' lang='lat' dir='ltr'><strong>scientia</strong></span> <span class='ocrx_word' id='word_1_298' title='bbox 504 1177 644 1212; x_wconf 63' lang='lat' dir='ltr'><strong>pratcellit,</strong></span> <span class='ocrx_word' id='word_1_299' title='bbox 663 1181 769 1204; x_wconf 87' lang='lat' dir='ltr'><strong>certare</strong></span> <span class='ocrx_word' id='word_1_300' title='bbox 799 1176 823 1204; x_wconf 91' lang='lat' dir='ltr'><strong>is</strong></span> <span class='ocrx_word' id='word_1_301' title='bbox 847 1176 940 1208; x_wconf 83' lang='lat' dir='ltr'><strong>debet,</strong></span> <span class='ocrx_word' id='word_1_302' title='bbox 955 1179 1036 1202; x_wconf 68' lang='lat' dir='ltr'><strong>recte:</strong></span> 
     </span>
    </p>
   </div>
   <div class='ocr_carea' id='block_1_42' title="bbox 249 1220 1036 1257">
    <p class='ocr_par' dir='ltr' id='par_1_42' title="bbox 249 1220 1036 1257">
     <span class='ocr_line' id='line_1_42' title="bbox 249 1220 1036 1257; baseline -0.004 -7"><span class='ocrx_word' id='word_1_303' title='bbox 249 1223 312 1251; x_wconf 91' lang='lat' dir='ltr'><strong>ﬁdei</strong></span> <span class='ocrx_word' id='word_1_304' title='bbox 337 1223 488 1250; x_wconf 82' lang='lat' dir='ltr'><strong>doctrinam</strong></span> <span class='ocrx_word' id='word_1_305' title='bbox 507 1222 649 1257; x_wconf 88' lang='lat' dir='ltr'><strong>proferens</strong></span> <span class='ocrx_word' id='word_1_306' title='bbox 665 1227 693 1250; x_wconf 89' lang='lat' dir='ltr'><strong>et</strong></span> <span class='ocrx_word' id='word_1_307' title='bbox 717 1223 825 1250; x_wconf 60' lang='lat' dir='ltr'><strong>caeteris</strong></span> <span class='ocrx_word' id='word_1_308' title='bbox 841 1221 972 1253; x_wconf 85' lang='lat' dir='ltr'><strong>tradens;</strong></span> <span class='ocrx_word' id='word_1_309' title='bbox 988 1220 1036 1248; x_wconf 86' lang='lat' dir='ltr'><strong>sed</strong></span> 
     </span>
    </p>
   </div>
   <div class='ocr_carea' id='block_1_43' title="bbox 250 1265 1037 1303">
    <p class='ocr_par' dir='ltr' id='par_1_43' title="bbox 250 1265 1037 1303">
     <span class='ocr_line' id='line_1_43' title="bbox 250 1265 1037 1303; baseline -0.004 -8"><span class='ocrx_word' id='word_1_310' title='bbox 250 1273 279 1296; x_wconf 87' lang='lat' dir='ltr'><strong>et</strong></span> <span class='ocrx_word' id='word_1_311' title='bbox 290 1267 440 1302; x_wconf 79' lang='lat' dir='ltr'><strong>discipulus</strong></span> <span class='ocrx_word' id='word_1_312' title='bbox 454 1275 562 1303; x_wconf 88' lang='lat' dir='ltr'><strong>quoque</strong></span> <span class='ocrx_word' id='word_1_313' title='bbox 575 1268 632 1302; x_wconf 90' lang='lat' dir='ltr'><strong>ipse</strong></span> <span class='ocrx_word' id='word_1_314' title='bbox 647 1267 771 1295; x_wconf 89' lang='lat' dir='ltr'><strong>ﬁduciam</strong></span> <span class='ocrx_word' id='word_1_315' title='bbox 787 1274 907 1298; x_wconf 87' lang='lat' dir='ltr'><strong>sumere,</strong></span> <span class='ocrx_word' id='word_1_316' title='bbox 923 1270 951 1293; x_wconf 90' lang='lat' dir='ltr'><strong>et</strong></span> <span class='ocrx_word' id='word_1_317' title='bbox 966 1265 1037 1293; x_wconf 88' lang='lat' dir='ltr'><strong>veri-</strong></span> 
     </span>
    </p>
   </div>
   <div class='ocr_carea' id='block_1_44' title="bbox 251 1309 1036 1346">
    <p class='ocr_par' dir='ltr' id='par_1_44' title="bbox 251 1309 1036 1346">
     <span class='ocr_line' id='line_1_44' title="bbox 251 1309 1036 1346; baseline -0.003 -8"><span class='ocrx_word' id='word_1_318' title='bbox 251 1316 333 1338; x_wconf 84' lang='lat' dir='ltr'><strong>tatem</strong></span> <span class='ocrx_word' id='word_1_319' title='bbox 347 1311 481 1346; x_wconf 88' lang='lat' dir='ltr'><strong>intrepida</strong></span> <span class='ocrx_word' id='word_1_320' title='bbox 495 1319 527 1338; x_wconf 88' lang='lat' dir='ltr'><strong>ac</strong></span> <span class='ocrx_word' id='word_1_321' title='bbox 553 1311 637 1338; x_wconf 87' lang='lat' dir='ltr'><strong>libera</strong></span> <span class='ocrx_word' id='word_1_322' title='bbox 655 1319 721 1338; x_wconf 85' lang='lat' dir='ltr'><strong>voce</strong></span> <span class='ocrx_word' id='word_1_323' title='bbox 744 1310 875 1345; x_wconf 89' lang='lat' dir='ltr'><strong>proﬁteri.</strong></span> <span class='ocrx_word' id='word_1_324' title='bbox 896 1309 955 1337; x_wconf 81' lang='lat' dir='ltr'><strong>Non</strong></span> <span class='ocrx_word' id='word_1_325' title='bbox 975 1316 1036 1336; x_wconf 88' lang='lat' dir='ltr'><strong>mea</strong></span> 
     </span>
    </p>
   </div>
   <div class='ocr_carea' id='block_1_45' title="bbox 251 1355 1037 1391">
    <p class='ocr_par' dir='ltr' id='par_1_45' title="bbox 251 1355 1037 1391">
     <span class='ocr_line' id='line_1_45' title="bbox 251 1355 1037 1391; baseline -0.003 -7"><span class='ocrx_word' id='word_1_326' title='bbox 251 1356 386 1384; x_wconf 68' lang='lat' dir='ltr'><strong>sunthaec</strong></span> <span class='ocrx_word' id='word_1_327' title='bbox 397 1357 489 1388; x_wconf 84' lang='lat' dir='ltr'><strong>verba,</strong></span> <span class='ocrx_word' id='word_1_328' title='bbox 505 1356 551 1391; x_wconf 90' lang='lat' dir='ltr'><strong>qui</strong></span> <span class='ocrx_word' id='word_1_329' title='bbox 565 1360 692 1391; x_wconf 84' lang='lat' dir='ltr'><strong>peccator</strong></span> <span class='ocrx_word' id='word_1_330' title='bbox 706 1364 776 1389; x_wconf 89' lang='lat' dir='ltr'><strong>sum,</strong></span> <span class='ocrx_word' id='word_1_331' title='bbox 793 1357 840 1384; x_wconf 89' lang='lat' dir='ltr'><strong>sed</strong></span> <span class='ocrx_word' id='word_1_332' title='bbox 851 1355 935 1383; x_wconf 88' lang='lat' dir='ltr'><strong>divini</strong></span> <span class='ocrx_word' id='word_1_333' title='bbox 951 1355 1037 1391; x_wconf 84' lang='lat' dir='ltr'><strong>Chry-</strong></span> 
     </span>
    </p>
   </div>
   <div class='ocr_carea' id='block_1_46' title="bbox 252 1402 1038 1437">
    <p class='ocr_par' dir='ltr' id='par_1_46' title="bbox 252 1402 1038 1437">
     <span class='ocr_line' id='line_1_46' title="bbox 252 1402 1038 1437; baseline 0 -8"><span class='ocrx_word' id='word_1_334' title='bbox 252 1402 376 1434; x_wconf 86' lang='lat' dir='ltr'><strong>sostomi,</strong></span> <span class='ocrx_word' id='word_1_335' title='bbox 391 1402 515 1437; x_wconf 88' lang='lat' dir='ltr'><strong>quinimo</strong></span> <span class='ocrx_word' id='word_1_336' title='bbox 530 1407 558 1429; x_wconf 88' lang='lat' dir='ltr'><strong>et</strong></span> <span class='ocrx_word' id='word_1_337' title='bbox 584 1402 698 1430; x_wconf 87' lang='lat' dir='ltr'><strong>aliorum</strong></span> <span class='ocrx_word' id='word_1_338' title='bbox 728 1403 851 1430; x_wconf 88' lang='lat' dir='ltr'><strong>Patrum.</strong></span> <span class='ocrx_word' id='word_1_339' title='bbox 879 1402 958 1435; x_wconf 88' lang='lat' dir='ltr'><strong>Quod</strong></span> <span class='ocrx_word' id='word_1_340' title='bbox 973 1409 1038 1429; x_wconf 87' lang='lat' dir='ltr'><strong>vero</strong></span> 
     </span>
    </p>
   </div>
   <div class='ocr_carea' id='block_1_47' title="bbox 252 1447 1038 1483">
    <p class='ocr_par' dir='ltr' id='par_1_47' title="bbox 252 1447 1038 1483">
     <span class='ocr_line' id='line_1_47' title="bbox 252 1447 1038 1483; baseline 0.001 -9"><span class='ocrx_word' id='word_1_341' title='bbox 252 1447 358 1475; x_wconf 88' lang='lat' dir='ltr'><strong>Domini</strong></span> <span class='ocrx_word' id='word_1_342' title='bbox 374 1447 510 1483; x_wconf 71' lang='lat' dir='ltr'><strong>praepositi</strong></span> <span class='ocrx_word' id='word_1_343' title='bbox 521 1448 556 1475; x_wconf 88' lang='lat' dir='ltr'><strong>ab</strong></span> <span class='ocrx_word' id='word_1_344' title='bbox 570 1447 733 1483; x_wconf 84' lang='lat' dir='ltr'><strong>imperatore</strong></span> <span class='ocrx_word' id='word_1_345' title='bbox 745 1448 848 1476; x_wconf 84' lang='lat' dir='ltr'><strong>detenti</strong></span> <span class='ocrx_word' id='word_1_346' title='bbox 864 1448 916 1475; x_wconf 87' lang='lat' dir='ltr'><strong>hoc</strong></span> <span class='ocrx_word' id='word_1_347' title='bbox 927 1448 1038 1475; x_wconf 78' lang='lat' dir='ltr'><strong>minime</strong></span> 
     </span>
    </p>
   </div>
   <div class='ocr_carea' id='block_1_48' title="bbox 251 1493 1038 1529">
    <p class='ocr_par' dir='ltr' id='par_1_48' title="bbox 251 1493 1038 1529">
     <span class='ocr_line' id='line_1_48' title="bbox 251 1493 1038 1529; baseline 0.001 -9"><span class='ocrx_word' id='word_1_348' title='bbox 251 1493 448 1528; x_wconf 54' lang='lat' dir='ltr'><strong>praestiterunt,</strong></span> <span class='ocrx_word' id='word_1_349' title='bbox 468 1493 591 1528; x_wconf 87' lang='lat' dir='ltr'><strong>quamvis</strong></span> <span class='ocrx_word' id='word_1_350' title='bbox 618 1493 759 1529; x_wconf 88' lang='lat' dir='ltr'><strong>dignitatis</strong></span> <span class='ocrx_word' id='word_1_351' title='bbox 772 1494 857 1529; x_wconf 87' lang='lat' dir='ltr'><strong>gradu</strong></span> <span class='ocrx_word' id='word_1_352' title='bbox 872 1499 901 1522; x_wconf 86' lang='lat' dir='ltr'><strong>et</strong></span> <span class='ocrx_word' id='word_1_353' title='bbox 914 1494 1038 1522; x_wconf 84' lang='lat' dir='ltr'><strong>doctrina</strong></span> 
     </span>
    </p>
   </div>
   <div class='ocr_carea' id='block_1_49' title="bbox 252 1538 1037 1575">
    <p class='ocr_par' dir='ltr' id='par_1_49' title="bbox 252 1538 1037 1575">
     <span class='ocr_line' id='line_1_49' title="bbox 252 1538 1037 1575; baseline 0.004 -10"><span class='ocrx_word' id='word_1_354' title='bbox 252 1538 382 1566; x_wconf 82' lang='lat' dir='ltr'><strong>omnibus</strong></span> <span class='ocrx_word' id='word_1_355' title='bbox 392 1538 476 1574; x_wconf 88' lang='lat' dir='ltr'><strong>hujus</strong></span> <span class='ocrx_word' id='word_1_356' title='bbox 489 1546 546 1567; x_wconf 72' lang='lat' dir='ltr'><strong>ora:</strong></span> <span class='ocrx_word' id='word_1_357' title='bbox 559 1539 711 1575; x_wconf 67' lang='lat' dir='ltr'><strong>prapositis</strong></span> <span class='ocrx_word' id='word_1_358' title='bbox 727 1540 885 1574; x_wconf 83' lang='lat' dir='ltr'><strong>anteirent;</strong></span> <span class='ocrx_word' id='word_1_359' title='bbox 900 1545 928 1568; x_wconf 89' lang='lat' dir='ltr'><strong>at</strong></span> <span class='ocrx_word' id='word_1_360' title='bbox 942 1545 1037 1568; x_wconf 84' lang='lat' dir='ltr'><strong>contra</strong></span> 
     </span>
    </p>
   </div>
   <div class='ocr_carea' id='block_1_50' title="bbox 252 1584 1038 1622">
    <p class='ocr_par' dir='ltr' id='par_1_50' title="bbox 252 1584 1038 1622">
     <span class='ocr_line' id='line_1_50' title="bbox 252 1584 1038 1622; baseline 0.004 -11"><span class='ocrx_word' id='word_1_361' title='bbox 252 1584 344 1618; x_wconf 82' lang='lat' dir='ltr'><strong>potius</strong></span> <span class='ocrx_word' id='word_1_362' title='bbox 357 1584 558 1616; x_wconf 87' lang='lat' dir='ltr'><strong>conticuerunt.</strong></span> <span class='ocrx_word' id='word_1_363' title='bbox 576 1593 666 1621; x_wconf 87' lang='lat' dir='ltr'><strong>neque</strong></span> <span class='ocrx_word' id='word_1_364' title='bbox 685 1585 710 1613; x_wconf 91' lang='lat' dir='ltr'><strong>id</strong></span> <span class='ocrx_word' id='word_1_365' title='bbox 731 1586 830 1619; x_wconf 90' lang='lat' dir='ltr'><strong>solum,</strong></span> <span class='ocrx_word' id='word_1_366' title='bbox 843 1587 917 1621; x_wconf 86' lang='lat' dir='ltr'><strong>quod</strong></span> <span class='ocrx_word' id='word_1_367' title='bbox 932 1595 961 1614; x_wconf 86' lang='lat' dir='ltr'><strong>re</strong></span> <span class='ocrx_word' id='word_1_368' title='bbox 979 1587 1038 1622; x_wconf 86' lang='lat' dir='ltr'><strong>ipsa</strong></span> 
     </span>
    </p>
   </div>
   <div class='ocr_carea' id='block_1_51' title="bbox 252 1631 1038 1668">
    <p class='ocr_par' dir='ltr' id='par_1_51' title="bbox 252 1631 1038 1668">
     <span class='ocr_line' id='line_1_51' title="bbox 252 1631 1038 1668; baseline 0.004 -10"><span class='ocrx_word' id='word_1_369' title='bbox 252 1638 335 1666; x_wconf 80' lang='lat' dir='ltr'><strong>grave</strong></span> <span class='ocrx_word' id='word_1_370' title='bbox 349 1635 410 1658; x_wconf 87' lang='lat' dir='ltr'><strong>est:</strong></span> <span class='ocrx_word' id='word_1_371' title='bbox 437 1631 484 1659; x_wconf 88' lang='lat' dir='ltr'><strong>sed</strong></span> <span class='ocrx_word' id='word_1_372' title='bbox 502 1631 683 1668; x_wconf 78' lang='lat' dir='ltr'><strong>chirographo</strong></span> <span class='ocrx_word' id='word_1_373' title='bbox 705 1633 788 1660; x_wconf 88' lang='lat' dir='ltr'><strong>etiam</strong></span> <span class='ocrx_word' id='word_1_374' title='bbox 810 1641 872 1666; x_wconf 88' lang='lat' dir='ltr'><strong>suo,</strong></span> <span class='ocrx_word' id='word_1_375' title='bbox 893 1641 924 1661; x_wconf 84' lang='lat' dir='ltr'><strong>se</strong></span> <span class='ocrx_word' id='word_1_376' title='bbox 948 1641 1038 1668; x_wconf 86' lang='lat' dir='ltr'><strong>neque</strong></span> 
     </span>
    </p>
   </div>
   <div class='ocr_carea' id='block_1_52' title="bbox 251 1678 1037 1712">
    <p class='ocr_par' dir='ltr' id='par_1_52' title="bbox 251 1678 1037 1712">
     <span class='ocr_line' id='line_1_52' title="bbox 251 1678 1037 1712; baseline 0.004 -9"><span class='ocrx_word' id='word_1_377' title='bbox 251 1683 446 1712; x_wconf 81' lang='lat' dir='ltr'><strong>congressuros</strong></span> <span class='ocrx_word' id='word_1_378' title='bbox 481 1681 586 1709; x_wconf 87' lang='lat' dir='ltr'><strong>mutuo,</strong></span> <span class='ocrx_word' id='word_1_379' title='bbox 612 1684 703 1712; x_wconf 89' lang='lat' dir='ltr'><strong>neque</strong></span> <span class='ocrx_word' id='word_1_380' title='bbox 732 1678 862 1705; x_wconf 88' lang='lat' dir='ltr'><strong>docturos</strong></span> <span class='ocrx_word' id='word_1_381' title='bbox 892 1678 1037 1706; x_wconf 88' lang='lat' dir='ltr'><strong>conﬁrma-</strong></span> 
     </span>
    </p>
   </div>
   <div class='ocr_carea' id='block_1_53' title="bbox 252 1721 1036 1760">
    <p class='ocr_par' dir='ltr' id='par_1_53' title="bbox 252 1721 1036 1760">
     <span class='ocr_line' id='line_1_53' title="bbox 252 1721 1036 1760; baseline 0.005 -12"><span class='ocrx_word' id='word_1_382' title='bbox 252 1726 335 1749; x_wconf 88' lang='lat' dir='ltr'><strong>runt:</strong></span> <span class='ocrx_word' id='word_1_383' title='bbox 353 1721 380 1749; x_wconf 91' lang='lat' dir='ltr'><strong>id</strong></span> <span class='ocrx_word' id='word_1_384' title='bbox 393 1729 458 1749; x_wconf 86' lang='lat' dir='ltr'><strong>vero</strong></span> <span class='ocrx_word' id='word_1_385' title='bbox 468 1725 511 1749; x_wconf 89' lang='lat' dir='ltr'><strong>est</strong></span> <span class='ocrx_word' id='word_1_386' title='bbox 523 1723 637 1756; x_wconf 84' lang='lat' dir='ltr'><strong>prodere</strong></span> <span class='ocrx_word' id='word_1_387' title='bbox 653 1723 840 1756; x_wconf 87' lang='lat' dir='ltr'><strong>veritatem,et</strong></span> <span class='ocrx_word' id='word_1_388' title='bbox 850 1724 1036 1760; x_wconf 70' lang='lat' dir='ltr'><strong>pmfecturam</strong></span> 
     </span>
    </p>
   </div>
   <div class='ocr_carea' id='block_1_54' title="bbox 253 1767 1037 1805">
    <p class='ocr_par' dir='ltr' id='par_1_54' title="bbox 253 1767 1037 1805">
     <span class='ocr_line' id='line_1_54' title="bbox 253 1767 1037 1805; baseline 0.006 -12"><span class='ocrx_word' id='word_1_389' title='bbox 253 1768 398 1803; x_wconf 81' lang='lat' dir='ltr'><strong>abnegare,</strong></span> <span class='ocrx_word' id='word_1_390' title='bbox 419 1772 448 1794; x_wconf 89' lang='lat' dir='ltr'><strong>et</strong></span> <span class='ocrx_word' id='word_1_391' title='bbox 463 1767 586 1795; x_wconf 88' lang='lat' dir='ltr'><strong>subditos</strong></span> <span class='ocrx_word' id='word_1_392' title='bbox 602 1768 655 1796; x_wconf 87' lang='lat' dir='ltr'><strong>sibi</strong></span> <span class='ocrx_word' id='word_1_393' title='bbox 679 1773 761 1803; x_wconf 85' lang='lat' dir='ltr'><strong>atque</strong></span> <span class='ocrx_word' id='word_1_394' title='bbox 780 1770 849 1798; x_wconf 88' lang='lat' dir='ltr'><strong>adeo</strong></span> <span class='ocrx_word' id='word_1_395' title='bbox 872 1771 991 1805; x_wconf 83' lang='lat' dir='ltr'><strong>aequales</strong></span> <span class='ocrx_word' id='word_1_396' title='bbox 1010 1775 1037 1798; x_wconf 89' lang='lat' dir='ltr'><strong>et</strong></span> 
     </span>
    </p>
   </div>
   <div class='ocr_carea' id='block_1_55' title="bbox 252 1812 1037 1847">
    <p class='ocr_par' dir='ltr' id='par_1_55' title="bbox 252 1812 1037 1847">
     <span class='ocr_line' id='line_1_55' title="bbox 252 1812 1037 1847; baseline 0.004 -7"><span class='ocrx_word' id='word_1_397' title='bbox 252 1813 343 1840; x_wconf 85' lang='lat' dir='ltr'><strong>socios</strong></span> <span class='ocrx_word' id='word_1_398' title='bbox 369 1812 539 1840; x_wconf 83' lang='lat' dir='ltr'><strong>subvertere.</strong></span> <span class='ocrx_word' id='word_1_399' title='bbox 566 1813 688 1847; x_wconf 81' lang='lat' dir='ltr'><strong>Apostoli</strong></span> <span class='ocrx_word' id='word_1_400' title='bbox 715 1814 799 1847; x_wconf 88' lang='lat' dir='ltr'><strong>enim,</strong></span> <span class='ocrx_word' id='word_1_401' title='bbox 821 1822 910 1842; x_wconf 90' lang='lat' dir='ltr'><strong>cuma</strong></span> <span class='ocrx_word' id='word_1_402' title='bbox 936 1815 1037 1843; x_wconf 64' lang='lat' dir='ltr'><strong>Judzis</strong></span> 
     </span>
    </p>
   </div>
   <div class='ocr_carea' id='block_1_56' title="bbox 253 1857 1038 1890">
    <p class='ocr_par' dir='ltr' id='par_1_56' title="bbox 253 1857 1038 1890">
     <span class='ocr_line' id='line_1_56' title="bbox 253 1857 1038 1890; baseline 0.006 -7"><span class='ocrx_word' id='word_1_403' title='bbox 253 1857 444 1884; x_wconf 89' lang='lat' dir='ltr'><strong>denuntiatum</strong></span> <span class='ocrx_word' id='word_1_404' title='bbox 474 1857 527 1885; x_wconf 84' lang='lat' dir='ltr'><strong>illis</strong></span> <span class='ocrx_word' id='word_1_405' title='bbox 544 1862 626 1890; x_wconf 89' lang='lat' dir='ltr'><strong>esset,</strong></span> <span class='ocrx_word' id='word_1_406' title='bbox 656 1866 691 1886; x_wconf 90' lang='lat' dir='ltr'><strong>nc</strong></span> <span class='ocrx_word' id='word_1_407' title='bbox 716 1859 846 1887; x_wconf 89' lang='lat' dir='ltr'><strong>docerent</strong></span> <span class='ocrx_word' id='word_1_408' title='bbox 871 1860 898 1888; x_wconf 94' lang='lat' dir='ltr'><strong>in</strong></span> <span class='ocrx_word' id='word_1_409' title='bbox 928 1862 1038 1889; x_wconf 91' lang='lat' dir='ltr'><strong>nomine</strong></span> 
     </span>
    </p>
   </div>
   <div class='ocr_carea' id='block_1_57' title="bbox 253 1901 1038 1941">
    <p class='ocr_par' dir='ltr' id='par_1_57' title="bbox 253 1901 1038 1941">
     <span class='ocr_line' id='line_1_57' title="bbox 253 1901 1038 1941; baseline 0.006 -12"><span class='ocrx_word' id='word_1_410' title='bbox 253 1901 367 1934; x_wconf 81' lang='lat' dir='ltr'><strong>Christi,</strong></span> <span class='ocrx_word' id='word_1_411' title='bbox 383 1902 426 1929; x_wconf 89' lang='lat' dir='ltr'><strong>his</strong></span> <span class='ocrx_word' id='word_1_412' title='bbox 443 1903 533 1930; x_wconf 80' lang='lat' dir='ltr'><strong>verbis</strong></span> <span class='ocrx_word' id='word_1_413' title='bbox 557 1903 779 1938; x_wconf 84' lang='lat' dir='ltr'><strong>responderunt:</strong></span> <span class='ocrx_word' id='word_1_414' title='bbox 801 1905 934 1939; x_wconf 74' lang='lat' dir='ltr'><strong>ludio/ite,</strong></span> <span class='ocrx_word' id='word_1_415' title='bbox 955 1907 978 1933; x_wconf 78' lang='lat' dir='ltr'><strong>si</strong></span> <span class='ocrx_word' id='word_1_416' title='bbox 989 1907 1038 1941; x_wconf 85' lang='lat' dir='ltr'><strong>ju-</strong></span> 
     </span>
    </p>
   </div>
   <div class='ocr_carea' id='block_1_58' title="bbox 253 1948 1039 1987">
    <p class='ocr_par' dir='ltr' id='par_1_58' title="bbox 253 1948 1039 1987">
     <span class='ocr_line' id='line_1_58' title="bbox 253 1948 1039 1987; baseline 0.008 -13"><span class='ocrx_word' id='word_1_417' title='bbox 253 1953 323 1974; x_wconf 82' lang='lat' dir='ltr'><strong>stum</strong></span> <span class='ocrx_word' id='word_1_418' title='bbox 335 1952 373 1974; x_wconf 81' lang='lat' dir='ltr'><strong>est</strong></span> <span class='ocrx_word' id='word_1_419' title='bbox 399 1948 426 1974; x_wconf 80' lang='lat' dir='ltr'><strong>in</strong></span> <span class='ocrx_word' id='word_1_420' title='bbox 443 1953 581 1982; x_wconf 76' lang='lat' dir='ltr'><strong>conspectu</strong></span> <span class='ocrx_word' id='word_1_421' title='bbox 595 1948 645 1976; x_wconf 83' lang='lat' dir='ltr'><strong>Dei</strong></span> <span class='ocrx_word' id='word_1_422' title='bbox 667 1958 710 1977; x_wconf 76' lang='lat' dir='ltr'><strong>vos</strong></span> <span class='ocrx_word' id='word_1_423' title='bbox 732 1951 820 1985; x_wconf 75' lang='lat' dir='ltr'><strong>potius</strong></span> <span class='ocrx_word' id='word_1_424' title='bbox 837 1952 932 1979; x_wconf 76' lang='lat' dir='ltr'><strong>audire</strong></span> <span class='ocrx_word' id='word_1_425' title='bbox 958 1961 1039 1987; x_wconf 86' lang='lat' dir='ltr'><strong>quam</strong></span> 
     </span>
    </p>
   </div>
   <div class='ocr_carea' id='block_1_59' title="bbox 254 1993 1038 2032">
    <p class='ocr_par' dir='ltr' id='par_1_59' title="bbox 254 1993 1038 2032">
     <span class='ocr_line' id='line_1_59' title="bbox 254 1993 1038 2032; baseline 0.006 -12"><span class='ocrx_word' id='word_1_426' title='bbox 254 1993 339 2020; x_wconf 76' lang='lat' dir='ltr'><strong>Deum</strong></span> <span class='ocrx_word' id='word_1_427' title='bbox 358 1997 475 2021; x_wconf 69' lang='lat' dir='ltr'><strong>nostrum</strong></span> <span class='ocrx_word' id='word_1_428' title='bbox 486 1994 520 2022; x_wconf 86' lang='lat'><strong>&quot;.</strong></span> <span class='ocrx_word' id='word_1_429' title='bbox 539 1993 572 2022; x_wconf 88' lang='lat' dir='ltr'><strong>Et</strong></span> <span class='ocrx_word' id='word_1_430' title='bbox 583 2003 698 2024; x_wconf 89' lang='lat' dir='ltr'><strong>rursus:</strong></span> <span class='ocrx_word' id='word_1_431' title='bbox 725 1996 836 2024; x_wconf 83' lang='lat' dir='ltr'><strong>Obedire</strong></span> <span class='ocrx_word' id='word_1_432' title='bbox 858 2003 962 2032; x_wconf 79' lang='lat' dir='ltr'><strong>oportet</strong></span> <span class='ocrx_word' id='word_1_433' title='bbox 984 1998 1038 2026; x_wconf 85' lang='lat' dir='ltr'><strong>Deo</strong></span> 
     </span>
    </p>
   </div>
   <div class='ocr_carea' id='block_1_60' title="bbox 253 2039 1039 2074">
    <p class='ocr_par' dir='ltr' id='par_1_60' title="bbox 253 2039 1039 2074">
     <span class='ocr_line' id='line_1_60' title="bbox 253 2039 1039 2074; baseline 0.01 -10"><span class='ocrx_word' id='word_1_434' title='bbox 253 2039 339 2074; x_wconf 66' lang='lat' dir='ltr'><strong>magis</strong></span> <span class='ocrx_word' id='word_1_435' title='bbox 351 2047 431 2074; x_wconf 77' lang='lat' dir='ltr'><strong>quam</strong></span> <span class='ocrx_word' id='word_1_436' title='bbox 443 2039 591 2068; x_wconf 74' lang='lat' dir='ltr'><strong>hominibus</strong></span> <span class='ocrx_word' id='word_1_437' title='bbox 605 2041 638 2068; x_wconf 77' lang='grc'><strong>’³.</strong></span> <span class='ocrx_word' id='word_1_438' title='bbox 655 2041 717 2070; x_wconf 62' lang='lat' dir='ltr'><strong>Haec</strong></span> <span class='ocrx_word' id='word_1_439' title='bbox 726 2046 754 2070; x_wconf 90' lang='lat' dir='ltr'><strong>et</strong></span> <span class='ocrx_word' id='word_1_440' title='bbox 767 2043 864 2070; x_wconf 88' lang='lat' dir='ltr'><strong>similia</strong></span> <span class='ocrx_word' id='word_1_441' title='bbox 875 2044 936 2072; x_wconf 87' lang='lat' dir='ltr'><strong>illos</strong></span> <span class='ocrx_word' id='word_1_442' title='bbox 947 2044 1039 2073; x_wconf 86' lang='lat' dir='ltr'><strong>dicere</strong></span> 
     </span>
    </p>
   </div>
   <div class='ocr_carea' id='block_1_61' title="bbox 252 2085 1040 2122">
    <p class='ocr_par' dir='ltr' id='par_1_61' title="bbox 252 2085 1040 2122">
     <span class='ocr_line' id='line_1_61' title="bbox 252 2085 1040 2122; baseline 0.013 -13"><span class='ocrx_word' id='word_1_443' title='bbox 252 2085 407 2118; x_wconf 82' lang='lat' dir='ltr'><strong>oportebat,</strong></span> <span class='ocrx_word' id='word_1_444' title='bbox 421 2088 452 2112; x_wconf 88' lang='lat' dir='ltr'><strong>ut</strong></span> <span class='ocrx_word' id='word_1_445' title='bbox 473 2092 523 2120; x_wconf 90' lang='lat' dir='ltr'><strong>per</strong></span> <span class='ocrx_word' id='word_1_446' title='bbox 543 2092 592 2114; x_wconf 90' lang='lat' dir='ltr'><strong>eos</strong></span> <span class='ocrx_word' id='word_1_447' title='bbox 615 2087 812 2122; x_wconf 82' lang='lat' dir='ltr'><strong>gloriﬁcaretur</strong></span> <span class='ocrx_word' id='word_1_448' title='bbox 833 2088 904 2117; x_wconf 87' lang='lat' dir='ltr'><strong>Deus</strong></span> <span class='ocrx_word' id='word_1_449' title='bbox 930 2094 958 2118; x_wconf 89' lang='lat' dir='ltr'><strong>et</strong></span> <span class='ocrx_word' id='word_1_450' title='bbox 973 2091 1040 2119; x_wconf 68' lang='lat' dir='ltr'><strong>aadi-</strong></span> 
     </span>
    </p>
   </div>
   <div class='ocr_carea' id='block_1_62' title="bbox 252 2128 1038 2169">
    <p class='ocr_par' dir='ltr' id='par_1_62' title="bbox 252 2128 1038 2169">
     <span class='ocr_line' id='line_1_62' title="bbox 252 2128 1038 2169; baseline 0.011 -15"><span class='ocrx_word' id='word_1_451' title='bbox 252 2128 367 2155; x_wconf 87' lang='lat' dir='ltr'><strong>ﬁcarent</strong></span> <span class='ocrx_word' id='word_1_452' title='bbox 389 2129 557 2157; x_wconf 82' lang='lat' dir='ltr'><strong>orthodoxos</strong></span> <span class='ocrx_word' id='word_1_453' title='bbox 578 2139 586 2158; x_wconf 91' lang='lat'><strong>:</strong></span> <span class='ocrx_word' id='word_1_454' title='bbox 605 2135 636 2158; x_wconf 92' lang='lat' dir='ltr'><strong>ut</strong></span> <span class='ocrx_word' id='word_1_455' title='bbox 650 2133 816 2160; x_wconf 85' lang='lat' dir='ltr'><strong>monasteria</strong></span> <span class='ocrx_word' id='word_1_456' title='bbox 831 2134 1038 2169; x_wconf 83' lang='lat' dir='ltr'><strong>conﬁrmarent,</strong></span> 
     </span>
    </p>
   </div>
   <div class='ocr_carea' id='block_1_63' title="bbox 252 2172 1039 2213">
    <p class='ocr_par' dir='ltr' id='par_1_63' title="bbox 252 2172 1039 2213">
     <span class='ocr_line' id='line_1_63' title="bbox 252 2172 1039 2213; baseline 0.011 -14"><span class='ocrx_word' id='word_1_457' title='bbox 252 2176 284 2199; x_wconf 90' lang='lat' dir='ltr'><strong>et</strong></span> <span class='ocrx_word' id='word_1_458' title='bbox 306 2172 494 2201; x_wconf 82' lang='lat' dir='ltr'><strong>confortarent</strong></span> <span class='ocrx_word' id='word_1_459' title='bbox 520 2182 569 2202; x_wconf 89' lang='lat' dir='ltr'><strong>eos</strong></span> <span class='ocrx_word' id='word_1_460' title='bbox 582 2176 628 2210; x_wconf 91' lang='lat' dir='ltr'><strong>qui</strong></span> <span class='ocrx_word' id='word_1_461' title='bbox 652 2176 679 2203; x_wconf 92' lang='lat' dir='ltr'><strong>iu</strong></span> <span class='ocrx_word' id='word_1_462' title='bbox 702 2177 805 2205; x_wconf 82' lang='lat' dir='ltr'><strong>exsiliis</strong></span> <span class='ocrx_word' id='word_1_463' title='bbox 820 2179 969 2213; x_wconf 87' lang='lat' dir='ltr'><strong>patiuntur.</strong></span> <span class='ocrx_word' id='word_1_464' title='bbox 985 2180 1039 2208; x_wconf 89' lang='lat' dir='ltr'><strong>Sed</strong></span> 
     </span>
    </p>
   </div>
   <div class='ocr_carea' id='block_1_64' title="bbox 253 2217 1038 2260">
    <p class='ocr_par' dir='ltr' id='par_1_64' title="bbox 253 2217 1038 2260">
     <span class='ocr_line' id='line_1_64' title="bbox 253 2217 1038 2260; baseline 0.013 -16"><span class='ocrx_word' id='word_1_465' title='bbox 253 2217 333 2252; x_wconf 85' lang='lat' dir='ltr'><strong>quid.</strong></span> <span class='ocrx_word' id='word_1_466' title='bbox 348 2218 420 2252; x_wconf 91' lang='lat' dir='ltr'><strong>quod</strong></span> <span class='ocrx_word' id='word_1_467' title='bbox 438 2219 526 2254; x_wconf 86' lang='lat' dir='ltr'><strong>pluris</strong></span> <span class='ocrx_word' id='word_1_468' title='bbox 539 2219 654 2249; x_wconf 80' lang='lat' dir='ltr'><strong>facimus</strong></span> <span class='ocrx_word' id='word_1_469' title='bbox 664 2224 830 2252; x_wconf 88' lang='lat' dir='ltr'><strong>monasteria</strong></span> <span class='ocrx_word' id='word_1_470' title='bbox 841 2232 923 2260; x_wconf 87' lang='lat' dir='ltr'><strong>quam</strong></span> <span class='ocrx_word' id='word_1_471' title='bbox 934 2225 1019 2253; x_wconf 88' lang='lat' dir='ltr'><strong>Deum</strong></span> <span class='ocrx_word' id='word_1_472' title='bbox 1031 2235 1038 2259; x_wconf 90' lang='lat'><strong>;</strong></span> 
     </span>
    </p>
   </div>
   <div class='ocr_carea' id='block_1_65' title="bbox 254 2263 1041 2306">
    <p class='ocr_par' dir='ltr' id='par_1_65' title="bbox 254 2263 1041 2306">
     <span class='ocr_line' id='line_1_65' title="bbox 254 2263 1041 2306; baseline 0.014 -16"><span class='ocrx_word' id='word_1_473' title='bbox 254 2267 284 2290; x_wconf 87' lang='lat' dir='ltr'><strong>ct</strong></span> <span class='ocrx_word' id='word_1_474' title='bbox 296 2263 381 2299; x_wconf 87' lang='lat' dir='ltr'><strong>pluris</strong></span> <span class='ocrx_word' id='word_1_475' title='bbox 397 2265 540 2293; x_wconf 89' lang='lat' dir='ltr'><strong>commoda</strong></span> <span class='ocrx_word' id='word_1_476' title='bbox 555 2274 616 2301; x_wconf 66' lang='lat' dir='ltr'><strong>quae</strong></span> <span class='ocrx_word' id='word_1_477' title='bbox 634 2267 698 2296; x_wconf 89' lang='lat' dir='ltr'><strong>inde</strong></span> <span class='ocrx_word' id='word_1_478' title='bbox 713 2270 846 2304; x_wconf 85' lang='lat' dir='ltr'><strong>capimus,</strong></span> <span class='ocrx_word' id='word_1_479' title='bbox 865 2279 947 2306; x_wconf 89' lang='lat' dir='ltr'><strong>quam</strong></span> <span class='ocrx_word' id='word_1_480' title='bbox 968 2273 1041 2300; x_wconf 87' lang='lat' dir='ltr'><strong>mala</strong></span> 
     </span>
    </p>
   </div>
   <div class='ocr_carea' id='block_1_66' title="bbox 253 2311 1037 2347">
    <p class='ocr_par' dir='ltr' id='par_1_66' title="bbox 253 2311 1037 2347">
     <span class='ocr_line' id='line_1_66' title="bbox 253 2311 1037 2347; baseline 0.013 -10"><span class='ocrx_word' id='word_1_481' title='bbox 253 2318 316 2345; x_wconf 76' lang='lat' dir='ltr'><strong>qua:</strong></span> <span class='ocrx_word' id='word_1_482' title='bbox 331 2311 395 2338; x_wconf 85' lang='lat' dir='ltr'><strong>boni</strong></span> <span class='ocrx_word' id='word_1_483' title='bbox 418 2319 500 2340; x_wconf 86' lang='lat' dir='ltr'><strong>causa</strong></span> <span class='ocrx_word' id='word_1_484' title='bbox 525 2313 714 2343; x_wconf 84' lang='lat' dir='ltr'><strong>sustinemus?</strong></span> <span class='ocrx_word' id='word_1_485' title='bbox 732 2316 849 2345; x_wconf 87' lang='lat' dir='ltr'><strong>Ubinam</strong></span> <span class='ocrx_word' id='word_1_486' title='bbox 877 2323 921 2346; x_wconf 91' lang='lat' dir='ltr'><strong>est</strong></span> <span class='ocrx_word' id='word_1_487' title='bbox 947 2319 1037 2347; x_wconf 85' lang='lat' dir='ltr'><strong>illud:</strong></span> 
     </span>
    </p>
   </div>
   <div class='ocr_carea' id='block_1_67' title="bbox 255 2354 1039 2398">
    <p class='ocr_par' dir='ltr' id='par_1_67' title="bbox 255 2354 1039 2398">
     <span class='ocr_line' id='line_1_67' title="bbox 255 2354 1039 2398; baseline 0.014 -17"><span class='ocrx_word' id='word_1_488' title='bbox 255 2354 392 2390; x_wconf 71' lang='lat' dir='ltr'><strong>Loqsebar</strong></span> <span class='ocrx_word' id='word_1_489' title='bbox 407 2356 435 2383; x_wconf 80' lang='lat' dir='ltr'><strong>in</strong></span> <span class='ocrx_word' id='word_1_490' title='bbox 445 2363 582 2392; x_wconf 78' lang='lat' dir='ltr'><strong>conspectu</strong></span> <span class='ocrx_word' id='word_1_491' title='bbox 592 2367 694 2395; x_wconf 82' lang='lat' dir='ltr'><strong>regum,</strong></span> <span class='ocrx_word' id='word_1_492' title='bbox 717 2367 740 2388; x_wconf 77' lang='lat' dir='ltr'><strong>et</strong></span> <span class='ocrx_word' id='word_1_493' title='bbox 749 2370 801 2389; x_wconf 71' lang='lat' dir='ltr'><strong>non</strong></span> <span class='ocrx_word' id='word_1_494' title='bbox 815 2364 992 2398; x_wconf 79' lang='lat' dir='ltr'><strong>confundebar</strong></span> <span class='ocrx_word' id='word_1_495' title='bbox 1005 2365 1039 2392; x_wconf 81' lang='lat'>“.</span> 
     </span>
    </p>
   </div>
   <div class='ocr_carea' id='block_1_68' title="bbox 1127 1078 1878 1118">
    <p class='ocr_par' dir='ltr' id='par_1_68' title="bbox 1127 1078 1878 1118">
     <span class='ocr_line' id='line_1_68' title="bbox 1127 1078 1878 1118; baseline 0 -10"><span class='ocrx_word' id='word_1_496' title='bbox 1127 1083 1172 1108; x_wconf 85' lang='grc' dir='ltr'>Ἐν</span> <span class='ocrx_word' id='word_1_497' title='bbox 1186 1081 1225 1117; x_wconf 78' lang='grc' dir='ltr'><strong>τῷ</strong></span> <span class='ocrx_word' id='word_1_498' title='bbox 1242 1082 1332 1118; x_wconf 83' lang='grc' dir='ltr'>καιρῷ</span> <span class='ocrx_word' id='word_1_499' title='bbox 1348 1083 1447 1118; x_wconf 79' lang='grc' dir='ltr'>τούτῳ,</span> <span class='ocrx_word' id='word_1_500' title='bbox 1460 1083 1490 1108; x_wconf 85' lang='grc' dir='ltr'>ὲν</span> <span class='ocrx_word' id='word_1_501' title='bbox 1501 1078 1524 1116; x_wconf 84' lang='grc' dir='ltr'>ᾧ</span> <span class='ocrx_word' id='word_1_502' title='bbox 1536 1083 1550 1108; x_wconf 82' lang='grc' dir='ltr'><strong>ό</strong></span> <span class='ocrx_word' id='word_1_503' title='bbox 1562 1082 1680 1116; x_wconf 77' lang='grc' dir='ltr'>Χριστὸς</span> <span class='ocrx_word' id='word_1_504' title='bbox 1690 1081 1820 1109; x_wconf 79' lang='grc' dir='ltr'>διώκεται</span> <span class='ocrx_word' id='word_1_505' title='bbox 1835 1082 1878 1108; x_wconf 70' lang='grc' dir='ltr'><strong>διὰ</strong></span> 
     </span>
    </p>
   </div>
   <div class='ocr_carea' id='block_1_69' title="bbox 1088 1127 1878 1163">
    <p class='ocr_par' dir='ltr' id='par_1_69' title="bbox 1088 1127 1878 1163">
     <span class='ocr_line' id='line_1_69' title="bbox 1088 1127 1878 1163; baseline 0.001 -10"><span class='ocrx_word' id='word_1_506' title='bbox 1088 1128 1138 1163; x_wconf 82' lang='grc' dir='ltr'>τῆς</span> <span class='ocrx_word' id='word_1_507' title='bbox 1152 1128 1256 1159; x_wconf 77' lang='grc' dir='ltr'>εἰκόνος</span> <span class='ocrx_word' id='word_1_508' title='bbox 1272 1128 1357 1155; x_wconf 82' lang='grc' dir='ltr'>αὑτοῦ</span> <span class='ocrx_word' id='word_1_509' title='bbox 1371 1135 1377 1142; x_wconf 94' lang='grc'><strong>·</strong></span> <span class='ocrx_word' id='word_1_510' title='bbox 1394 1128 1425 1154; x_wconf 83' lang='grc' dir='ltr'>οὑ</span> <span class='ocrx_word' id='word_1_511' title='bbox 1440 1127 1520 1163; x_wconf 81' lang='grc' dir='ltr'>μόνον</span> <span class='ocrx_word' id='word_1_512' title='bbox 1531 1128 1556 1154; x_wconf 84' lang='grc' dir='ltr'><strong>εί</strong></span> <span class='ocrx_word' id='word_1_513' title='bbox 1570 1127 1667 1163; x_wconf 80' lang='grc' dir='ltr'>βαθμῷ</span> <span class='ocrx_word' id='word_1_514' title='bbox 1686 1136 1728 1159; x_wconf 80' lang='grc' dir='ltr'><strong>τις</strong></span> <span class='ocrx_word' id='word_1_515' title='bbox 1741 1128 1791 1154; x_wconf 73' lang='grc' dir='ltr'>καὶ</span> <span class='ocrx_word' id='word_1_516' title='bbox 1807 1128 1878 1161; x_wconf 87' lang='grc' dir='ltr'>γνώ-</span> 
     </span>
    </p>
   </div>
   <div class='ocr_carea' id='block_1_70' title="bbox 1090 1172 1878 1208">
    <p class='ocr_par' dir='ltr' id='par_1_70' title="bbox 1090 1172 1878 1208">
     <span class='ocr_line' id='line_1_70' title="bbox 1090 1172 1878 1208; baseline 0 -10"><span class='ocrx_word' id='word_1_517' title='bbox 1090 1181 1132 1199; x_wconf 82' lang='grc' dir='ltr'><strong>σει</strong></span> <span class='ocrx_word' id='word_1_518' title='bbox 1155 1173 1278 1208; x_wconf 84' lang='grc' dir='ltr'>προέχων</span> <span class='ocrx_word' id='word_1_519' title='bbox 1302 1173 1387 1205; x_wconf 75' lang='grc' dir='ltr'>ἐστὶν,</span> <span class='ocrx_word' id='word_1_520' title='bbox 1409 1173 1513 1208; x_wconf 83' lang='grc' dir='ltr'>ὀφείλει</span> <span class='ocrx_word' id='word_1_521' title='bbox 1542 1172 1764 1206; x_wconf 75' lang='grc' dir='ltr'>διαγωνίζεσθαι,</span> <span class='ocrx_word' id='word_1_522' title='bbox 1790 1173 1878 1199; x_wconf 72' lang='grc' dir='ltr'>λαλῶν</span> 
     </span>
    </p>
   </div>
   <div class='ocr_carea' id='block_1_71' title="bbox 1089 1218 1878 1254">
    <p class='ocr_par' dir='ltr' id='par_1_71' title="bbox 1089 1218 1878 1254">
     <span class='ocr_line' id='line_1_71' title="bbox 1089 1218 1878 1254; baseline 0.001 -10"><span class='ocrx_word' id='word_1_523' title='bbox 1089 1219 1136 1246; x_wconf 69' lang='grc' dir='ltr'><strong>καὶ</strong></span> <span class='ocrx_word' id='word_1_524' title='bbox 1153 1218 1287 1245; x_wconf 82' lang='grc' dir='ltr'>διδάσκων</span> <span class='ocrx_word' id='word_1_525' title='bbox 1298 1219 1344 1245; x_wconf 77' lang='grc' dir='ltr'><strong>τὸν</strong></span> <span class='ocrx_word' id='word_1_526' title='bbox 1372 1218 1422 1253; x_wconf 84' lang='grc' dir='ltr'>τῆς</span> <span class='ocrx_word' id='word_1_527' title='bbox 1447 1218 1612 1253; x_wconf 79' lang='grc' dir='ltr'>ὀρθοδοξίας</span> <span class='ocrx_word' id='word_1_528' title='bbox 1626 1218 1706 1252; x_wconf 85' lang='grc' dir='ltr'>λόγον</span> <span class='ocrx_word' id='word_1_529' title='bbox 1719 1225 1726 1233; x_wconf 82' lang='lat'>&#39;</span> <span class='ocrx_word' id='word_1_530' title='bbox 1742 1219 1814 1245; x_wconf 84' lang='grc' dir='ltr'>ἀλλὰ</span> <span class='ocrx_word' id='word_1_531' title='bbox 1826 1219 1878 1254; x_wconf 71' lang='grc' dir='ltr'><strong>γὰρ</strong></span> 
     </span>
    </p>
   </div>
   <div class='ocr_carea' id='block_1_72' title="bbox 1089 1264 1880 1300">
    <p class='ocr_par' dir='ltr' id='par_1_72' title="bbox 1089 1264 1880 1300">
     <span class='ocr_line' id='line_1_72' title="bbox 1089 1264 1880 1300; baseline 0.003 -10"><span class='ocrx_word' id='word_1_532' title='bbox 1089 1264 1137 1291; x_wconf 78' lang='grc' dir='ltr'>καὶ</span> <span class='ocrx_word' id='word_1_533' title='bbox 1152 1264 1177 1290; x_wconf 89' lang='grc' dir='ltr'><strong>εί</strong></span> <span class='ocrx_word' id='word_1_534' title='bbox 1195 1264 1316 1299; x_wconf 83' lang='grc' dir='ltr'>μαθητοῦ</span> <span class='ocrx_word' id='word_1_535' title='bbox 1326 1264 1403 1298; x_wconf 76' lang='grc' dir='ltr'>τάξιν</span> <span class='ocrx_word' id='word_1_536' title='bbox 1416 1264 1523 1299; x_wconf 73' lang='grc' dir='ltr'>ἐπέχων</span> <span class='ocrx_word' id='word_1_537' title='bbox 1538 1265 1592 1300; x_wconf 86' lang='grc' dir='ltr'>είη,</span> <span class='ocrx_word' id='word_1_538' title='bbox 1615 1266 1748 1300; x_wconf 83' lang='grc' dir='ltr'>χρεωστεί</span> <span class='ocrx_word' id='word_1_539' title='bbox 1767 1266 1880 1300; x_wconf 77' lang='grc' dir='ltr'>παῤῥη-</span> 
     </span>
    </p>
   </div>
   <div class='ocr_carea' id='block_1_73' title="bbox 1091 1308 1880 1345">
    <p class='ocr_par' dir='ltr' id='par_1_73' title="bbox 1091 1308 1880 1345">
     <span class='ocr_line' id='line_1_73' title="bbox 1091 1308 1880 1345; baseline 0.003 -10"><span class='ocrx_word' id='word_1_540' title='bbox 1091 1308 1291 1345; x_wconf 76' lang='grc' dir='ltr'>σιάζεσθαιτὴν</span> <span class='ocrx_word' id='word_1_541' title='bbox 1306 1309 1446 1344; x_wconf 79' lang='grc' dir='ltr'>ἀλήθειαν,</span> <span class='ocrx_word' id='word_1_542' title='bbox 1474 1310 1522 1342; x_wconf 74' lang='grc' dir='ltr'>καὶ</span> <span class='ocrx_word' id='word_1_543' title='bbox 1548 1309 1800 1345; x_wconf 73' lang='grc' dir='ltr'>ἐλευθεροστομεῖν.</span> <span class='ocrx_word' id='word_1_544' title='bbox 1821 1310 1880 1337; x_wconf 80' lang='grc' dir='ltr'><strong>οὐκ</strong></span> 
     </span>
    </p>
   </div>
   <div class='ocr_carea' id='block_1_74' title="bbox 1091 1355 1878 1391">
    <p class='ocr_par' dir='ltr' id='par_1_74' title="bbox 1091 1355 1878 1391">
     <span class='ocr_line' id='line_1_74' title="bbox 1091 1355 1878 1391; baseline 0.003 -11"><span class='ocrx_word' id='word_1_545' title='bbox 1091 1355 1156 1389; x_wconf 74' lang='grc' dir='ltr'>ἐμὸς</span> <span class='ocrx_word' id='word_1_546' title='bbox 1169 1355 1183 1381; x_wconf 85' lang='grc' dir='ltr'><strong>ό</strong></span> <span class='ocrx_word' id='word_1_547' title='bbox 1198 1355 1275 1389; x_wconf 84' lang='grc' dir='ltr'>λόγος</span> <span class='ocrx_word' id='word_1_548' title='bbox 1287 1355 1334 1382; x_wconf 86' lang='grc' dir='ltr'><strong>τοῦ</strong></span> <span class='ocrx_word' id='word_1_549' title='bbox 1349 1355 1524 1390; x_wconf 80' lang='grc' dir='ltr'>ἀμαρτωλοῦ,</span> <span class='ocrx_word' id='word_1_550' title='bbox 1537 1355 1605 1382; x_wconf 80' lang='grc' dir='ltr'>ἀλλὰ</span> <span class='ocrx_word' id='word_1_551' title='bbox 1618 1355 1665 1382; x_wconf 86' lang='grc' dir='ltr'><strong>τοῦ</strong></span> <span class='ocrx_word' id='word_1_552' title='bbox 1683 1355 1757 1382; x_wconf 81' lang='grc' dir='ltr'>θείου</span> <span class='ocrx_word' id='word_1_553' title='bbox 1769 1356 1878 1391; x_wconf 68' lang='grc' dir='ltr'>Χρυσο-</span> 
     </span>
    </p>
   </div>
   <div class='ocr_carea' id='block_1_75' title="bbox 1091 1400 1880 1438">
    <p class='ocr_par' dir='ltr' id='par_1_75' title="bbox 1091 1400 1880 1438">
     <span class='ocr_line' id='line_1_75' title="bbox 1091 1400 1880 1438; baseline 0.003 -12"><span class='ocrx_word' id='word_1_554' title='bbox 1091 1400 1192 1436; x_wconf 86' lang='grc' dir='ltr'>στόμου</span> <span class='ocrx_word' id='word_1_555' title='bbox 1209 1409 1216 1416; x_wconf 88' lang='grc'><strong>·</strong></span> <span class='ocrx_word' id='word_1_556' title='bbox 1233 1402 1279 1428; x_wconf 74' lang='grc' dir='ltr'><strong>ἐπὶ</strong></span> <span class='ocrx_word' id='word_1_557' title='bbox 1295 1402 1341 1428; x_wconf 74' lang='grc' dir='ltr'>καὶ</span> <span class='ocrx_word' id='word_1_558' title='bbox 1352 1401 1440 1429; x_wconf 81' lang='grc' dir='ltr'>ἄλλων</span> <span class='ocrx_word' id='word_1_559' title='bbox 1453 1401 1596 1436; x_wconf 81' lang='grc' dir='ltr'>Πατέρων.</span> <span class='ocrx_word' id='word_1_560' title='bbox 1606 1402 1644 1429; x_wconf 78' lang='grc' dir='ltr'><strong>Τὸ</strong></span> <span class='ocrx_word' id='word_1_561' title='bbox 1655 1402 1684 1429; x_wconf 83' lang='grc' dir='ltr'>δὲ</span> <span class='ocrx_word' id='word_1_562' title='bbox 1692 1402 1756 1434; x_wconf 79' lang='grc' dir='ltr'>τοὺς</span> <span class='ocrx_word' id='word_1_563' title='bbox 1766 1402 1880 1438; x_wconf 82' lang='grc' dir='ltr'>κυρίους</span> 
     </span>
    </p>
   </div>
   <div class='ocr_carea' id='block_1_76' title="bbox 1090 1445 1881 1482">
    <p class='ocr_par' dir='ltr' id='par_1_76' title="bbox 1090 1445 1881 1482">
     <span class='ocr_line' id='line_1_76' title="bbox 1090 1445 1881 1482; baseline 0.001 -11"><span class='ocrx_word' id='word_1_564' title='bbox 1090 1445 1152 1476; x_wconf 79' lang='grc' dir='ltr'>τοὺς</span> <span class='ocrx_word' id='word_1_565' title='bbox 1163 1446 1334 1480; x_wconf 75' lang='grc' dir='ltr'>ἡγουμένους</span> <span class='ocrx_word' id='word_1_566' title='bbox 1345 1446 1538 1481; x_wconf 77' lang='grc' dir='ltr'>κρατηθέντας</span> <span class='ocrx_word' id='word_1_567' title='bbox 1552 1446 1605 1473; x_wconf 82' lang='grc' dir='ltr'><strong>ὑπὸ</strong></span> <span class='ocrx_word' id='word_1_568' title='bbox 1617 1446 1665 1473; x_wconf 83' lang='grc' dir='ltr'><strong>τοῦ</strong></span> <span class='ocrx_word' id='word_1_569' title='bbox 1679 1446 1826 1482; x_wconf 82' lang='grc' dir='ltr'>βασιλέως,</span> <span class='ocrx_word' id='word_1_570' title='bbox 1843 1446 1881 1482; x_wconf 81' lang='grc' dir='ltr'>μὴ</span> 
     </span>
    </p>
   </div>
   <div class='ocr_carea' id='block_1_77' title="bbox 1089 1491 1881 1528">
    <p class='ocr_par' dir='ltr' id='par_1_77' title="bbox 1089 1491 1881 1528">
     <span class='ocr_line' id='line_1_77' title="bbox 1089 1491 1881 1528; baseline 0.001 -10"><span class='ocrx_word' id='word_1_571' title='bbox 1089 1491 1126 1518; x_wconf 77' lang='grc' dir='ltr'><strong>τὰ</strong></span> <span class='ocrx_word' id='word_1_572' title='bbox 1138 1491 1324 1527; x_wconf 81' lang='grc' dir='ltr'>προειρημένα</span> <span class='ocrx_word' id='word_1_573' title='bbox 1336 1492 1439 1528; x_wconf 82' lang='grc' dir='ltr'>πράξαι</span> <span class='ocrx_word' id='word_1_574' title='bbox 1450 1499 1457 1507; x_wconf 86' lang='grc'>·</span> <span class='ocrx_word' id='word_1_575' title='bbox 1475 1493 1575 1528; x_wconf 81' lang='grc' dir='ltr'>καίπερ</span> <span class='ocrx_word' id='word_1_576' title='bbox 1591 1492 1671 1523; x_wconf 70' lang='lat' dir='ltr'><strong>fma:</strong></span> <span class='ocrx_word' id='word_1_577' title='bbox 1685 1492 1731 1519; x_wconf 72' lang='grc' dir='ltr'>καὶ</span> <span class='ocrx_word' id='word_1_578' title='bbox 1743 1493 1772 1519; x_wconf 79' lang='grc' dir='ltr'>ὲν</span> <span class='ocrx_word' id='word_1_579' title='bbox 1781 1492 1881 1527; x_wconf 84' lang='grc' dir='ltr'>βαθμῷ</span> 
     </span>
    </p>
   </div>
   <div class='ocr_carea' id='block_1_78' title="bbox 1091 1536 1882 1574">
    <p class='ocr_par' dir='ltr' id='par_1_78' title="bbox 1091 1536 1882 1574">
     <span class='ocr_line' id='line_1_78' title="bbox 1091 1536 1882 1574; baseline 0.001 -10"><span class='ocrx_word' id='word_1_580' title='bbox 1091 1537 1138 1565; x_wconf 78' lang='grc' dir='ltr'>καὶ</span> <span class='ocrx_word' id='word_1_581' title='bbox 1153 1536 1252 1571; x_wconf 85' lang='grc' dir='ltr'>γνώσει</span> <span class='ocrx_word' id='word_1_582' title='bbox 1275 1537 1351 1573; x_wconf 83' lang='grc' dir='ltr'>παρὰ</span> <span class='ocrx_word' id='word_1_583' title='bbox 1365 1539 1469 1571; x_wconf 89' lang='grc' dir='ltr'>πάντας</span> <span class='ocrx_word' id='word_1_584' title='bbox 1492 1539 1557 1571; x_wconf 78' lang='grc' dir='ltr'>τοὺς</span> <span class='ocrx_word' id='word_1_585' title='bbox 1580 1539 1804 1574; x_wconf 73' lang='grc' dir='ltr'>καθηγουμένους</span> <span class='ocrx_word' id='word_1_586' title='bbox 1830 1540 1882 1573; x_wconf 80' lang='grc' dir='ltr'>τῆς</span> 
     </span>
    </p>
   </div>
   <div class='ocr_carea' id='block_1_79' title="bbox 1091 1584 1881 1621">
    <p class='ocr_par' dir='ltr' id='par_1_79' title="bbox 1091 1584 1881 1621">
     <span class='ocr_line' id='line_1_79' title="bbox 1091 1584 1881 1621; baseline 0.001 -11"><span class='ocrx_word' id='word_1_587' title='bbox 1091 1585 1143 1619; x_wconf 85' lang='grc' dir='ltr'>γῆς</span> <span class='ocrx_word' id='word_1_588' title='bbox 1155 1584 1271 1619; x_wconf 85' lang='grc' dir='ltr'>ταύτης·</span> <span class='ocrx_word' id='word_1_589' title='bbox 1285 1585 1440 1611; x_wconf 81' lang='grc' dir='ltr'>τούναντίον</span> <span class='ocrx_word' id='word_1_590' title='bbox 1456 1585 1485 1612; x_wconf 76' lang='grc' dir='ltr'>δὲ</span> <span class='ocrx_word' id='word_1_591' title='bbox 1500 1585 1602 1620; x_wconf 80' lang='grc' dir='ltr'>μᾶλλον</span> <span class='ocrx_word' id='word_1_592' title='bbox 1616 1586 1764 1621; x_wconf 80' lang='grc' dir='ltr'>σιωπῆσαι.</span> <span class='ocrx_word' id='word_1_593' title='bbox 1777 1585 1834 1611; x_wconf 80' lang='grc' dir='ltr'><strong>Καὶ</strong></span> <span class='ocrx_word' id='word_1_594' title='bbox 1848 1585 1881 1611; x_wconf 79' lang='grc' dir='ltr'>οὐ</span> 
     </span>
    </p>
   </div>
   <div class='ocr_carea' id='block_1_80' title="bbox 1090 1629 1882 1666">
    <p class='ocr_par' dir='ltr' id='par_1_80' title="bbox 1090 1629 1882 1666">
     <span class='ocr_line' id='line_1_80' title="bbox 1090 1629 1882 1666; baseline 0 -10"><span class='ocrx_word' id='word_1_595' title='bbox 1090 1629 1171 1656; x_wconf 87' lang='grc' dir='ltr'>τοῦτο</span> <span class='ocrx_word' id='word_1_596' title='bbox 1183 1630 1275 1665; x_wconf 85' lang='grc' dir='ltr'>μόνον,</span> <span class='ocrx_word' id='word_1_597' title='bbox 1289 1630 1391 1666; x_wconf 87' lang='grc' dir='ltr'>καίπερ</span> <span class='ocrx_word' id='word_1_598' title='bbox 1404 1630 1433 1658; x_wconf 82' lang='grc' dir='ltr'><strong>δν</strong></span> <span class='ocrx_word' id='word_1_599' title='bbox 1447 1631 1547 1657; x_wconf 74' lang='grc' dir='ltr'>δεινόν’</span> <span class='ocrx_word' id='word_1_600' title='bbox 1563 1630 1633 1658; x_wconf 77' lang='grc' dir='ltr'>ἀλλὰ</span> <span class='ocrx_word' id='word_1_601' title='bbox 1660 1631 1709 1657; x_wconf 74' lang='grc' dir='ltr'>καὶ</span> <span class='ocrx_word' id='word_1_602' title='bbox 1731 1631 1882 1666; x_wconf 82' lang='grc' dir='ltr'>χειρόγρα-</span> 
     </span>
    </p>
   </div>
   <div class='ocr_carea' id='block_1_81' title="bbox 1092 1675 1883 1712">
    <p class='ocr_par' dir='ltr' id='par_1_81' title="bbox 1092 1675 1883 1712">
     <span class='ocr_line' id='line_1_81' title="bbox 1092 1675 1883 1712; baseline 0.001 -11"><span class='ocrx_word' id='word_1_603' title='bbox 1092 1684 1142 1709; x_wconf 78' lang='grc' dir='ltr'><strong>φον</strong></span> <span class='ocrx_word' id='word_1_604' title='bbox 1155 1675 1280 1711; x_wconf 78' lang='grc' dir='ltr'>ποιῆσαι,</span> <span class='ocrx_word' id='word_1_605' title='bbox 1298 1675 1368 1711; x_wconf 77' lang='grc' dir='ltr'>μήτε</span> <span class='ocrx_word' id='word_1_606' title='bbox 1391 1677 1431 1708; x_wconf 86' lang='grc' dir='ltr'><strong>είς</strong></span> <span class='ocrx_word' id='word_1_607' title='bbox 1458 1676 1591 1712; x_wconf 81' lang='grc' dir='ltr'>ἀλλήλους</span> <span class='ocrx_word' id='word_1_608' title='bbox 1604 1675 1794 1711; x_wconf 78' lang='grc' dir='ltr'>συνέρχεσθαι,</span> <span class='ocrx_word' id='word_1_609' title='bbox 1809 1677 1883 1711; x_wconf 81' lang='grc' dir='ltr'>μήτε</span> 
     </span>
    </p>
   </div>
   <div class='ocr_carea' id='block_1_82' title="bbox 1091 1719 1884 1757">
    <p class='ocr_par' dir='ltr' id='par_1_82' title="bbox 1091 1719 1884 1757">
     <span class='ocr_line' id='line_1_82' title="bbox 1091 1719 1884 1757; baseline 0.001 -11"><span class='ocrx_word' id='word_1_610' title='bbox 1091 1719 1227 1746; x_wconf 80' lang='grc' dir='ltr'>διδάσκειν</span> <span class='ocrx_word' id='word_1_611' title='bbox 1238 1728 1245 1735; x_wconf 88' lang='grc'><strong>·</strong></span> <span class='ocrx_word' id='word_1_612' title='bbox 1268 1720 1348 1747; x_wconf 82' lang='grc' dir='ltr'>τοῦτό</span> <span class='ocrx_word' id='word_1_613' title='bbox 1376 1721 1434 1747; x_wconf 75' lang='grc' dir='ltr'>ἐστι</span> <span class='ocrx_word' id='word_1_614' title='bbox 1451 1721 1584 1757; x_wconf 80' lang='grc' dir='ltr'>προδοσία</span> <span class='ocrx_word' id='word_1_615' title='bbox 1600 1720 1650 1755; x_wconf 84' lang='grc' dir='ltr'>τῆς</span> <span class='ocrx_word' id='word_1_616' title='bbox 1664 1720 1804 1756; x_wconf 84' lang='grc' dir='ltr'>ἀληθείας,</span> <span class='ocrx_word' id='word_1_617' title='bbox 1832 1723 1884 1748; x_wconf 77' lang='grc' dir='ltr'>καὶ</span> 
     </span>
    </p>
   </div>
   <div class='ocr_carea' id='block_1_83' title="bbox 1051 1756 1884 1800">
    <p class='ocr_par' dir='ltr' id='par_1_83' title="bbox 1051 1756 1884 1800">
     <span class='ocr_line' id='line_1_83' title="bbox 1051 1756 1884 1800; baseline 0.001 -10"><span class='ocrx_word' id='word_1_618' title='bbox 1051 1756 1072 1785; x_wconf 76' lang='lat' dir='ltr'><strong>C</strong></span> <span class='ocrx_word' id='word_1_619' title='bbox 1089 1764 1202 1799; x_wconf 76' lang='grc' dir='ltr'>ἄρνησις</span> <span class='ocrx_word' id='word_1_620' title='bbox 1230 1764 1282 1800; x_wconf 87' lang='grc' dir='ltr'>τῆς</span> <span class='ocrx_word' id='word_1_621' title='bbox 1298 1765 1479 1800; x_wconf 78' lang='grc' dir='ltr'>προστασίας,</span> <span class='ocrx_word' id='word_1_622' title='bbox 1507 1765 1556 1792; x_wconf 70' lang='grc' dir='ltr'><strong>καὶ</strong></span> <span class='ocrx_word' id='word_1_623' title='bbox 1577 1765 1724 1796; x_wconf 87' lang='grc' dir='ltr'>κατάλυσις</span> <span class='ocrx_word' id='word_1_624' title='bbox 1739 1765 1794 1791; x_wconf 82' lang='grc' dir='ltr'>τῶν</span> <span class='ocrx_word' id='word_1_625' title='bbox 1813 1765 1884 1792; x_wconf 83' lang='grc' dir='ltr'>ὑπο-</span> 
     </span>
    </p>
   </div>
   <div class='ocr_carea' id='block_1_84' title="bbox 1088 1809 1884 1845">
    <p class='ocr_par' dir='ltr' id='par_1_84' title="bbox 1088 1809 1884 1845">
     <span class='ocr_line' id='line_1_84' title="bbox 1088 1809 1884 1845; baseline 0.001 -9"><span class='ocrx_word' id='word_1_626' title='bbox 1088 1809 1236 1841; x_wconf 83' lang='grc' dir='ltr'>τακτικῶν,</span> <span class='ocrx_word' id='word_1_627' title='bbox 1255 1809 1316 1836; x_wconf 79' lang='grc' dir='ltr'>ἐπεὶ</span> <span class='ocrx_word' id='word_1_628' title='bbox 1341 1810 1390 1836; x_wconf 80' lang='grc' dir='ltr'>καὶ</span> <span class='ocrx_word' id='word_1_629' title='bbox 1412 1809 1468 1837; x_wconf 86' lang='grc' dir='ltr'><strong>τῶν</strong></span> <span class='ocrx_word' id='word_1_630' title='bbox 1497 1810 1652 1845; x_wconf 82' lang='grc' dir='ltr'>ὁμοταγῶν.</span> <span class='ocrx_word' id='word_1_631' title='bbox 1680 1811 1712 1837; x_wconf 83' lang='grc' dir='ltr'>Οἱ</span> <span class='ocrx_word' id='word_1_632' title='bbox 1735 1810 1884 1837; x_wconf 79' lang='grc' dir='ltr'>ἀπόστολοι</span> 
     </span>
    </p>
   </div>
   <div class='ocr_carea' id='block_1_85' title="bbox 1090 1855 1885 1892">
    <p class='ocr_par' dir='ltr' id='par_1_85' title="bbox 1090 1855 1885 1892">
     <span class='ocr_line' id='line_1_85' title="bbox 1090 1855 1885 1892; baseline 0.003 -11"><span class='ocrx_word' id='word_1_633' title='bbox 1090 1855 1328 1891; x_wconf 84' lang='grc' dir='ltr'>παραγγελθέντες</span> <span class='ocrx_word' id='word_1_634' title='bbox 1356 1855 1408 1882; x_wconf 80' lang='grc' dir='ltr'><strong>ὑπὸ</strong></span> <span class='ocrx_word' id='word_1_635' title='bbox 1430 1855 1486 1883; x_wconf 83' lang='grc' dir='ltr'>τῶν</span> <span class='ocrx_word' id='word_1_636' title='bbox 1520 1856 1655 1882; x_wconf 87' lang='grc' dir='ltr'>Ἰουδαίων</span> <span class='ocrx_word' id='word_1_637' title='bbox 1674 1856 1713 1892; x_wconf 78' lang='grc' dir='ltr'><strong>μὴ</strong></span> <span class='ocrx_word' id='word_1_638' title='bbox 1742 1855 1885 1884; x_wconf 76' lang='grc' dir='ltr'>διδάσκειν</span> 
     </span>
    </p>
   </div>
   <div class='ocr_carea' id='block_1_86' title="bbox 1089 1901 1884 1938">
    <p class='ocr_par' dir='ltr' id='par_1_86' title="bbox 1089 1901 1884 1938">
     <span class='ocr_line' id='line_1_86' title="bbox 1089 1901 1884 1938; baseline 0.001 -11"><span class='ocrx_word' id='word_1_639' title='bbox 1089 1902 1136 1928; x_wconf 71' lang='grc' dir='ltr'><strong>ἐπὶ</strong></span> <span class='ocrx_word' id='word_1_640' title='bbox 1148 1901 1187 1936; x_wconf 84' lang='grc' dir='ltr'>τῷ</span> <span class='ocrx_word' id='word_1_641' title='bbox 1202 1901 1315 1936; x_wconf 84' lang='grc' dir='ltr'>ὀνόματι</span> <span class='ocrx_word' id='word_1_642' title='bbox 1330 1901 1377 1928; x_wconf 86' lang='grc' dir='ltr'><strong>τοῦ</strong></span> <span class='ocrx_word' id='word_1_643' title='bbox 1392 1901 1524 1938; x_wconf 82' lang='grc' dir='ltr'>Χριστοῦ,</span> <span class='ocrx_word' id='word_1_644' title='bbox 1552 1902 1616 1930; x_wconf 84' lang='grc' dir='ltr'>τάδε</span> <span class='ocrx_word' id='word_1_645' title='bbox 1644 1902 1728 1936; x_wconf 84' lang='grc' dir='ltr'>φασίν</span> <span class='ocrx_word' id='word_1_646' title='bbox 1739 1910 1746 1917; x_wconf 94' lang='grc'><strong>·</strong></span> <span class='ocrx_word' id='word_1_647' title='bbox 1779 1902 1884 1936; x_wconf 80' lang='grc' dir='ltr'>Ὑμεῖς</span> 
     </span>
    </p>
   </div>
   <div class='ocr_carea' id='block_1_87' title="bbox 1089 1947 1885 1983">
    <p class='ocr_par' dir='ltr' id='par_1_87' title="bbox 1089 1947 1885 1983">
     <span class='ocr_line' id='line_1_87' title="bbox 1089 1947 1885 1983; baseline 0.003 -9"><span class='ocrx_word' id='word_1_648' title='bbox 1089 1948 1220 1982; x_wconf 77' lang='grc' dir='ltr'>κρίνατε,</span> <span class='ocrx_word' id='word_1_649' title='bbox 1245 1949 1271 1974; x_wconf 78' lang='grc' dir='ltr'><strong>εί</strong></span> <span class='ocrx_word' id='word_1_650' title='bbox 1296 1947 1414 1974; x_wconf 77' lang='grc' dir='ltr'>δίκαιόν</span> <span class='ocrx_word' id='word_1_651' title='bbox 1426 1947 1513 1975; x_wconf 79' lang='grc' dir='ltr'>ἐστιν</span> <span class='ocrx_word' id='word_1_652' title='bbox 1538 1948 1623 1983; x_wconf 78' lang='grc' dir='ltr'><strong>ὑμῶν</strong></span> <span class='ocrx_word' id='word_1_653' title='bbox 1644 1948 1778 1980; x_wconf 78' lang='grc' dir='ltr'>ἀκούειν,</span> <span class='ocrx_word' id='word_1_654' title='bbox 1791 1948 1812 1983; x_wconf 80' lang='grc' dir='ltr'><strong><em>ἧ</em></strong></span> <span class='ocrx_word' id='word_1_655' title='bbox 1827 1950 1885 1976; x_wconf 71' lang='grc' dir='ltr'><strong>τοῦ</strong></span> 
     </span>
    </p>
   </div>
   <div class='ocr_carea' id='block_1_88' title="bbox 1091 1992 1884 2028">
    <p class='ocr_par' dir='ltr' id='par_1_88' title="bbox 1091 1992 1884 2028">
     <span class='ocr_line' id='line_1_88' title="bbox 1091 1992 1884 2028; baseline 0 -8"><span class='ocrx_word' id='word_1_656' title='bbox 1091 1994 1165 2021; x_wconf 86' lang='grc' dir='ltr'>Θεοῦ</span> <span class='ocrx_word' id='word_1_657' title='bbox 1175 1992 1269 2027; x_wconf 77' lang='grc' dir='ltr'>ήμῶν.</span> <span class='ocrx_word' id='word_1_658' title='bbox 1283 1993 1338 2020; x_wconf 79' lang='lat' dir='ltr'><strong>Kal</strong></span> <span class='ocrx_word' id='word_1_659' title='bbox 1353 1993 1434 2021; x_wconf 83' lang='grc' dir='ltr'>πάλιν</span> <span class='ocrx_word' id='word_1_660' title='bbox 1447 2001 1454 2008; x_wconf 90' lang='grc'><strong>·</strong></span> <span class='ocrx_word' id='word_1_661' title='bbox 1471 1993 1646 2028; x_wconf 79' lang='grc' dir='ltr'>Πειθαρχεῖν</span> <span class='ocrx_word' id='word_1_662' title='bbox 1661 1993 1711 2020; x_wconf 85' lang='grc' dir='ltr'>δεῖ</span> <span class='ocrx_word' id='word_1_663' title='bbox 1729 1993 1791 2027; x_wconf 80' lang='grc' dir='ltr'><strong>Θεῷ</strong></span> <span class='ocrx_word' id='word_1_664' title='bbox 1801 1993 1884 2028; x_wconf 69' lang='grc' dir='ltr'><strong>μᾶλ-</strong></span> 
     </span>
    </p>
   </div>
   <div class='ocr_carea' id='block_1_89' title="bbox 1089 2039 1885 2076">
    <p class='ocr_par' dir='ltr' id='par_1_89' title="bbox 1089 2039 1885 2076">
     <span class='ocr_line' id='line_1_89' title="bbox 1089 2039 1885 2076; baseline -0.001 -9"><span class='ocrx_word' id='word_1_665' title='bbox 1089 2041 1148 2067; x_wconf 75' lang='grc' dir='ltr'><strong>λον</strong></span> <span class='ocrx_word' id='word_1_666' title='bbox 1175 2039 1194 2074; x_wconf 75' lang='grc' dir='ltr'>ἢ</span> <span class='ocrx_word' id='word_1_667' title='bbox 1213 2039 1390 2074; x_wconf 78' lang='grc' dir='ltr'>ἀνθρώποις.</span> <span class='ocrx_word' id='word_1_668' title='bbox 1418 2039 1538 2066; x_wconf 84' lang='grc' dir='ltr'>Τοιαῦτα</span> <span class='ocrx_word' id='word_1_669' title='bbox 1563 2040 1612 2067; x_wconf 78' lang='grc' dir='ltr'>καὶ</span> <span class='ocrx_word' id='word_1_670' title='bbox 1634 2040 1774 2075; x_wconf 84' lang='grc' dir='ltr'>παρόμοια</span> <span class='ocrx_word' id='word_1_671' title='bbox 1797 2040 1885 2076; x_wconf 75' lang='grc' dir='ltr'>ἐχρῆν</span> 
     </span>
    </p>
   </div>
   <div class='ocr_carea' id='block_1_90' title="bbox 1090 2084 1886 2120">
    <p class='ocr_par' dir='ltr' id='par_1_90' title="bbox 1090 2084 1886 2120">
     <span class='ocr_line' id='line_1_90' title="bbox 1090 2084 1886 2120; baseline 0.001 -9"><span class='ocrx_word' id='word_1_672' title='bbox 1090 2084 1204 2119; x_wconf 82' lang='grc' dir='ltr'>λαλῆσαι</span> <span class='ocrx_word' id='word_1_673' title='bbox 1222 2085 1314 2116; x_wconf 78' lang='grc' dir='ltr'>αὐτοῖς</span> <span class='ocrx_word' id='word_1_674' title='bbox 1327 2093 1333 2100; x_wconf 94' lang='grc'><strong>·</strong></span> <span class='ocrx_word' id='word_1_675' title='bbox 1346 2084 1390 2111; x_wconf 83' lang='grc' dir='ltr'><strong>ίνα</strong></span> <span class='ocrx_word' id='word_1_676' title='bbox 1404 2084 1535 2120; x_wconf 73' lang='grc' dir='ltr'>ἐδοξάσθη</span> <span class='ocrx_word' id='word_1_677' title='bbox 1548 2085 1562 2111; x_wconf 87' lang='grc' dir='ltr'>ὁ</span> <span class='ocrx_word' id='word_1_678' title='bbox 1581 2085 1647 2116; x_wconf 74' lang='grc' dir='ltr'>Θεὸς</span> <span class='ocrx_word' id='word_1_679' title='bbox 1661 2085 1695 2112; x_wconf 81' lang='grc' dir='ltr'><strong>δι⁹</strong></span> <span class='ocrx_word' id='word_1_680' title='bbox 1712 2085 1804 2112; x_wconf 78' lang='grc' dir='ltr'>αὐτῶν</span> <span class='ocrx_word' id='word_1_681' title='bbox 1814 2093 1821 2100; x_wconf 88' lang='grc'><strong>·</strong></span> <span class='ocrx_word' id='word_1_682' title='bbox 1838 2086 1886 2112; x_wconf 80' lang='grc' dir='ltr'>ἵνα</span> 
     </span>
    </p>
   </div>
   <div class='ocr_carea' id='block_1_91' title="bbox 1089 2129 1882 2166">
    <p class='ocr_par' dir='ltr' id='par_1_91' title="bbox 1089 2129 1882 2166">
     <span class='ocr_line' id='line_1_91' title="bbox 1089 2129 1882 2166; baseline 0.001 -10"><span class='ocrx_word' id='word_1_683' title='bbox 1089 2129 1265 2165; x_wconf 79' lang='grc' dir='ltr'>ᾠκοδόμησαν</span> <span class='ocrx_word' id='word_1_684' title='bbox 1275 2130 1337 2161; x_wconf 82' lang='grc' dir='ltr'>τοὺς</span> <span class='ocrx_word' id='word_1_685' title='bbox 1347 2129 1505 2164; x_wconf 70' lang='grc' dir='ltr'>όρθοδόξους</span> <span class='ocrx_word' id='word_1_686' title='bbox 1515 2137 1523 2145; x_wconf 84' lang='grc'><strong>”</strong></span> <span class='ocrx_word' id='word_1_687' title='bbox 1539 2130 1584 2158; x_wconf 89' lang='grc' dir='ltr'><strong>ίνα</strong></span> <span class='ocrx_word' id='word_1_688' title='bbox 1599 2130 1748 2166; x_wconf 63' lang='grc' dir='ltr'>ἐστήριξαν</span> <span class='ocrx_word' id='word_1_689' title='bbox 1760 2131 1796 2158; x_wconf 82' lang='grc' dir='ltr'>τὰ</span> <span class='ocrx_word' id='word_1_690' title='bbox 1812 2139 1882 2166; x_wconf 79' lang='grc' dir='ltr'>μονο</span> 
     </span>
    </p>
   </div>
   <div class='ocr_carea' id='block_1_92' title="bbox 1090 2175 1884 2211">
    <p class='ocr_par' dir='ltr' id='par_1_92' title="bbox 1090 2175 1884 2211">
     <span class='ocr_line' id='line_1_92' title="bbox 1090 2175 1884 2211; baseline 0.003 -9"><span class='ocrx_word' id='word_1_691' title='bbox 1090 2176 1225 2211; x_wconf 85' lang='grc' dir='ltr'>αστήρια·</span> <span class='ocrx_word' id='word_1_692' title='bbox 1265 2175 1309 2203; x_wconf 85' lang='grc' dir='ltr'>ἶνα</span> <span class='ocrx_word' id='word_1_693' title='bbox 1337 2176 1548 2210; x_wconf 79' lang='grc' dir='ltr'>ἐνεδυνάμωσαν</span> <span class='ocrx_word' id='word_1_694' title='bbox 1579 2177 1643 2208; x_wconf 81' lang='grc' dir='ltr'>τοὺς</span> <span class='ocrx_word' id='word_1_695' title='bbox 1672 2177 1828 2211; x_wconf 85' lang='grc' dir='ltr'>πάσχοντας</span> <span class='ocrx_word' id='word_1_696' title='bbox 1853 2177 1884 2204; x_wconf 77' lang='grc' dir='ltr'>ὲν</span> 
     </span>
    </p>
   </div>
   <div class='ocr_carea' id='block_1_93' title="bbox 1089 2221 1884 2258">
    <p class='ocr_par' dir='ltr' id='par_1_93' title="bbox 1089 2221 1884 2258">
     <span class='ocr_line' id='line_1_93' title="bbox 1089 2221 1884 2258; baseline 0.003 -10"><span class='ocrx_word' id='word_1_697' title='bbox 1089 2222 1221 2257; x_wconf 80' lang='grc' dir='ltr'>ὲξορίαις.</span> <span class='ocrx_word' id='word_1_698' title='bbox 1242 2221 1323 2248; x_wconf 79' lang='grc' dir='ltr'>Ἀλλὰ</span> <span class='ocrx_word' id='word_1_699' title='bbox 1332 2221 1358 2248; x_wconf 89' lang='grc' dir='ltr'><strong>τί</strong></span> <span class='ocrx_word' id='word_1_700' title='bbox 1373 2222 1413 2249; x_wconf 79' lang='grc' dir='ltr'>ὅτι</span> <span class='ocrx_word' id='word_1_701' title='bbox 1426 2222 1625 2258; x_wconf 86' lang='grc' dir='ltr'>προτιμώμεθα</span> <span class='ocrx_word' id='word_1_702' title='bbox 1641 2222 1741 2258; x_wconf 78' lang='grc' dir='ltr'>μᾶλλον</span> <span class='ocrx_word' id='word_1_703' title='bbox 1761 2222 1831 2249; x_wconf 85' lang='grc' dir='ltr'>Θεοῦ</span> <span class='ocrx_word' id='word_1_704' title='bbox 1847 2225 1884 2250; x_wconf 76' lang='grc' dir='ltr'>τὰ</span> 
     </span>
    </p>
   </div>
   <div class='ocr_carea' id='block_1_94' title="bbox 1092 2268 1883 2304">
    <p class='ocr_par' dir='ltr' id='par_1_94' title="bbox 1092 2268 1883 2304">
     <span class='ocr_line' id='line_1_94' title="bbox 1092 2268 1883 2304; baseline 0 -9"><span class='ocrx_word' id='word_1_705' title='bbox 1092 2269 1278 2304; x_wconf 86' lang='grc' dir='ltr'>μοναστήρια·</span> <span class='ocrx_word' id='word_1_706' title='bbox 1293 2269 1340 2296; x_wconf 79' lang='grc' dir='ltr'>καὶ</span> <span class='ocrx_word' id='word_1_707' title='bbox 1354 2268 1404 2304; x_wconf 82' lang='grc' dir='ltr'>τῆς</span> <span class='ocrx_word' id='word_1_708' title='bbox 1420 2269 1490 2304; x_wconf 84' lang='grc' dir='ltr'>ὑπὲρ</span> <span class='ocrx_word' id='word_1_709' title='bbox 1500 2268 1548 2295; x_wconf 90' lang='grc' dir='ltr'><strong>τοῦ</strong></span> <span class='ocrx_word' id='word_1_710' title='bbox 1563 2268 1668 2302; x_wconf 80' lang='grc' dir='ltr'>ἀγαθοῦ</span> <span class='ocrx_word' id='word_1_711' title='bbox 1690 2269 1883 2301; x_wconf 81' lang='grc' dir='ltr'>κακοπαθείας</span> 
     </span>
    </p>
   </div>
   <div class='ocr_carea' id='block_1_95' title="bbox 1089 2314 1884 2352">
    <p class='ocr_par' dir='ltr' id='par_1_95' title="bbox 1089 2314 1884 2352">
     <span class='ocr_line' id='line_1_95' title="bbox 1089 2314 1884 2352; baseline -0.001 -10"><span class='ocrx_word' id='word_1_712' title='bbox 1089 2316 1140 2352; x_wconf 84' lang='grc' dir='ltr'>τὴν</span> <span class='ocrx_word' id='word_1_713' title='bbox 1157 2315 1283 2342; x_wconf 79' lang='grc' dir='ltr'>ἐντεῦθεν</span> <span class='ocrx_word' id='word_1_714' title='bbox 1299 2315 1468 2348; x_wconf 62' lang='lat' dir='ltr'><strong>sit-mitium;</strong></span> <span class='ocrx_word' id='word_1_715' title='bbox 1485 2314 1540 2342; x_wconf 81' lang='grc' dir='ltr'><strong>Ποῦ</strong></span> <span class='ocrx_word' id='word_1_716' title='bbox 1566 2315 1625 2341; x_wconf 67' lang='grc' dir='ltr'>ἔστι</span> <span class='ocrx_word' id='word_1_717' title='bbox 1645 2314 1678 2341; x_wconf 83' lang='grc' dir='ltr'><strong>τό</strong></span> <span class='ocrx_word' id='word_1_718' title='bbox 1691 2322 1698 2330; x_wconf 91' lang='grc'>·</span> <span class='ocrx_word' id='word_1_719' title='bbox 1729 2315 1884 2342; x_wconf 72' lang='grc' dir='ltr'>Ἐλὰλουν</span> 
     </span>
    </p>
   </div>
   <div class='ocr_carea' id='block_1_96' title="bbox 1090 2360 1883 2395">
    <p class='ocr_par' dir='ltr' id='par_1_96' title="bbox 1090 2360 1883 2395">
     <span class='ocr_line' id='line_1_96' title="bbox 1090 2360 1883 2395; baseline -0.003 -7"><span class='ocrx_word' id='word_1_720' title='bbox 1090 2362 1231 2389; x_wconf 80' lang='grc' dir='ltr'>ἐναντίον</span> <span class='ocrx_word' id='word_1_721' title='bbox 1253 2361 1420 2395; x_wconf 72' lang='grc' dir='ltr'>βασιλέων,</span> <span class='ocrx_word' id='word_1_722' title='bbox 1447 2361 1495 2388; x_wconf 80' lang='grc' dir='ltr'><strong>καί</strong></span> <span class='ocrx_word' id='word_1_723' title='bbox 1527 2361 1583 2388; x_wconf 77' lang='grc' dir='ltr'>οὐκ</span> <span class='ocrx_word' id='word_1_724' title='bbox 1608 2360 1883 2395; x_wconf 73' lang='grc' dir='ltr'>ᾐσχυνόμην;ῐ]οῦ</span> 
     </span>
    </p>
   </div>
   <div class='ocr_carea' id='block_1_97' title="bbox 255 2398 1038 2448">
    <p class='ocr_par' dir='ltr' id='par_1_97' title="bbox 255 2398 1038 2448">
     <span class='ocr_line' id='line_1_97' title="bbox 255 2398 1038 2448; baseline 0.015 -22"><span class='ocrx_word' id='word_1_725' title='bbox 255 2398 290 2426; x_wconf 87' lang='lat' dir='ltr'><strong>£t</strong></span> <span class='ocrx_word' id='word_1_726' title='bbox 306 2400 392 2448; x_wconf 79' lang='lat' dir='ltr'><strong>illud:</strong></span> <span class='ocrx_word' id='word_1_727' title='bbox 409 2401 475 2430; x_wconf 78' lang='lat' dir='ltr'><strong>Ecce</strong></span> <span class='ocrx_word' id='word_1_728' title='bbox 494 2403 566 2431; x_wconf 79' lang='lat' dir='ltr'><strong>labia</strong></span> <span class='ocrx_word' id='word_1_729' title='bbox 581 2413 639 2432; x_wconf 83' lang='lat' dir='ltr'><strong>mea</strong></span> <span class='ocrx_word' id='word_1_730' title='bbox 665 2414 715 2433; x_wconf 83' lang='lat' dir='ltr'><strong>non</strong></span> <span class='ocrx_word' id='word_1_731' title='bbox 735 2409 891 2441; x_wconf 79' lang='lat' dir='ltr'><strong>prohibebo:</strong></span> <span class='ocrx_word' id='word_1_732' title='bbox 915 2409 1038 2442; x_wconf 86' lang='lat' dir='ltr'><strong>Domine,</strong></span> 
     </span>
    </p>
   </div>
   <div class='ocr_carea' id='block_1_98' title="bbox 1089 2398 1881 2448">
    <p class='ocr_par' dir='ltr' id='par_1_98' title="bbox 1091 2406 1881 2442">
     <span class='ocr_line' id='line_1_98' title="bbox 1091 2406 1881 2442; baseline -0.003 -8"><span class='ocrx_word' id='word_1_733' title='bbox 1091 2409 1148 2434; x_wconf 84' lang='grc' dir='ltr'>ὲστι</span> <span class='ocrx_word' id='word_1_734' title='bbox 1161 2408 1202 2440; x_wconf 79' lang='grc' dir='ltr'><strong>τὸ,</strong></span> <span class='ocrx_word' id='word_1_735' title='bbox 1211 2406 1290 2434; x_wconf 77' lang='grc' dir='ltr'>Ἰδοὺ</span> <span class='ocrx_word' id='word_1_736' title='bbox 1304 2407 1339 2433; x_wconf 82' lang='grc' dir='ltr'>τὰ</span> <span class='ocrx_word' id='word_1_737' title='bbox 1352 2407 1440 2442; x_wconf 66' lang='grc' dir='ltr'>χείλη</span> <span class='ocrx_word' id='word_1_738' title='bbox 1448 2415 1509 2441; x_wconf 78' lang='grc' dir='ltr'><strong>μου</strong></span> <span class='ocrx_word' id='word_1_739' title='bbox 1517 2407 1553 2434; x_wconf 83' lang='grc' dir='ltr'>οὐ</span> <span class='ocrx_word' id='word_1_740' title='bbox 1560 2406 1604 2441; x_wconf 74' lang='grc' dir='ltr'>μὴ</span> <span class='ocrx_word' id='word_1_741' title='bbox 1618 2406 1746 2433; x_wconf 67' lang='grc' dir='ltr'>κωλύσω</span> <span class='ocrx_word' id='word_1_742' title='bbox 1760 2414 1766 2420; x_wconf 92' lang='grc'><strong>·</strong></span> <span class='ocrx_word' id='word_1_743' title='bbox 1778 2407 1881 2440; x_wconf 77' lang='grc' dir='ltr'>Κύριε,</span> 
     </span>
    </p>
   </div>
   <div class='ocr_carea' id='block_1_99' title="bbox 253 2447 1038 2487">
    <p class='ocr_par' dir='ltr' id='par_1_99' title="bbox 253 2447 1038 2485">
     <span class='ocr_line' id='line_1_99' title="bbox 253 2447 1038 2485; baseline 0.015 -13"><span class='ocrx_word' id='word_1_744' title='bbox 253 2450 285 2472; x_wconf 77' lang='grc' dir='ltr'><strong>ιιι</strong></span> <span class='ocrx_word' id='word_1_745' title='bbox 295 2447 367 2474; x_wconf 71' lang='lat' dir='ltr'><strong>scisti</strong></span> <span class='ocrx_word' id='word_1_746' title='bbox 381 2447 413 2475; x_wconf 80' lang='lat'><strong>&quot;.</strong></span> <span class='ocrx_word' id='word_1_747' title='bbox 430 2448 482 2476; x_wconf 88' lang='lat' dir='ltr'><strong>Ubi</strong></span> <span class='ocrx_word' id='word_1_748' title='bbox 498 2449 583 2485; x_wconf 85' lang='lat' dir='ltr'><strong>gloria</strong></span> <span class='ocrx_word' id='word_1_749' title='bbox 598 2457 627 2478; x_wconf 89' lang='lat' dir='ltr'><strong>et</strong></span> <span class='ocrx_word' id='word_1_750' title='bbox 647 2451 778 2480; x_wconf 88' lang='lat' dir='ltr'><strong>fortitudo</strong></span> <span class='ocrx_word' id='word_1_751' title='bbox 801 2454 907 2482; x_wconf 90' lang='lat' dir='ltr'><strong>ordinis</strong></span> <span class='ocrx_word' id='word_1_752' title='bbox 931 2457 1018 2483; x_wconf 90' lang='lat' dir='ltr'><strong>nostri</strong></span> <span class='ocrx_word' id='word_1_753' title='bbox 1032 2457 1038 2484; x_wconf 58' lang='lat'><strong>&#39;1</strong></span> 
     </span>
    </p>
   </div>
   <div class='ocr_carea' id='block_1_100' title="bbox 1089 2447 1881 2487">
    <p class='ocr_par' dir='ltr' id='par_1_100' title="bbox 1090 2450 1881 2487">
     <span class='ocr_line' id='line_1_100' title="bbox 1090 2450 1881 2487; baseline -0.003 -7"><span class='ocrx_word' id='word_1_754' title='bbox 1090 2453 1131 2480; x_wconf 78' lang='grc' dir='ltr'>σὺ</span> <span class='ocrx_word' id='word_1_755' title='bbox 1145 2453 1249 2487; x_wconf 76' lang='grc' dir='ltr'>ἔγνως.</span> <span class='ocrx_word' id='word_1_756' title='bbox 1271 2453 1326 2479; x_wconf 86' lang='grc' dir='ltr'><strong>Ποῦ</strong></span> <span class='ocrx_word' id='word_1_757' title='bbox 1349 2453 1408 2479; x_wconf 72' lang='grc' dir='ltr'>ἐστι</span> <span class='ocrx_word' id='word_1_758' title='bbox 1431 2453 1462 2479; x_wconf 77' lang='grc' dir='ltr'>τὸ</span> <span class='ocrx_word' id='word_1_759' title='bbox 1477 2451 1554 2484; x_wconf 82' lang='grc' dir='ltr'>κλέος</span> <span class='ocrx_word' id='word_1_760' title='bbox 1566 2453 1614 2479; x_wconf 58' lang='grc' dir='ltr'><strong>καλ⁷</strong></span> <span class='ocrx_word' id='word_1_761' title='bbox 1628 2452 1645 2487; x_wconf 84' lang='grc' dir='ltr'>ὴ</span> <span class='ocrx_word' id='word_1_762' title='bbox 1663 2450 1740 2486; x_wconf 79' lang='grc' dir='ltr'>ίσχῦς</span> <span class='ocrx_word' id='word_1_763' title='bbox 1760 2451 1808 2478; x_wconf 81' lang='grc' dir='ltr'><strong>τοῦ</strong></span> <span class='ocrx_word' id='word_1_764' title='bbox 1818 2452 1881 2478; x_wconf 78' lang='grc' dir='ltr'>καθ’</span> 
     </span>
    </p>
   </div>
   <div class='ocr_carea' id='block_1_101' title="bbox 255 2492 1042 2533">
    <p class='ocr_par' dir='ltr' id='par_1_101' title="bbox 255 2492 1042 2533">
     <span class='ocr_line' id='line_1_101' title="bbox 255 2492 1042 2533; baseline 0.014 -14"><span class='ocrx_word' id='word_1_765' title='bbox 255 2492 378 2525; x_wconf 78' lang='lat' dir='ltr'><strong>Quonam</strong></span> <span class='ocrx_word' id='word_1_766' title='bbox 389 2498 468 2528; x_wconf 88' lang='lat' dir='ltr'><strong>pacto</strong></span> <span class='ocrx_word' id='word_1_767' title='bbox 481 2494 553 2523; x_wconf 88' lang='lat' dir='ltr'><strong>beati</strong></span> <span class='ocrx_word' id='word_1_768' title='bbox 568 2495 653 2524; x_wconf 88' lang='lat' dir='ltr'><strong>Sabas</strong></span> <span class='ocrx_word' id='word_1_769' title='bbox 671 2503 700 2525; x_wconf 83' lang='lat' dir='ltr'><strong>et</strong></span> <span class='ocrx_word' id='word_1_770' title='bbox 719 2498 898 2533; x_wconf 81' lang='lat' dir='ltr'><strong>Theodosius,</strong></span> <span class='ocrx_word' id='word_1_771' title='bbox 916 2509 978 2530; x_wconf 88' lang='lat' dir='ltr'><strong>cum</strong></span> <span class='ocrx_word' id='word_1_772' title='bbox 989 2503 1042 2530; x_wconf 89' lang='lat' dir='ltr'><strong>im-</strong></span> 
     </span>
    </p>
   </div>
   <div class='ocr_carea' id='block_1_102' title="bbox 1090 2496 1879 2532">
    <p class='ocr_par' dir='ltr' id='par_1_102' title="bbox 1090 2496 1879 2532">
     <span class='ocr_line' id='line_1_102' title="bbox 1090 2496 1879 2532; baseline -0.004 -7"><span class='ocrx_word' id='word_1_773' title='bbox 1090 2498 1164 2532; x_wconf 75' lang='grc' dir='ltr'><strong>ήμᾶς</strong></span> <span class='ocrx_word' id='word_1_774' title='bbox 1179 2498 1335 2532; x_wconf 82' lang='grc' dir='ltr'>τάγματος;</span> <span class='ocrx_word' id='word_1_775' title='bbox 1353 2497 1414 2528; x_wconf 88' lang='grc' dir='ltr'>Πῶς</span> <span class='ocrx_word' id='word_1_776' title='bbox 1428 2497 1518 2528; x_wconf 74' lang='grc' dir='ltr'>Σάϐας</span> <span class='ocrx_word' id='word_1_777' title='bbox 1544 2497 1592 2523; x_wconf 79' lang='grc' dir='ltr'>καὶ</span> <span class='ocrx_word' id='word_1_778' title='bbox 1619 2496 1763 2528; x_wconf 81' lang='grc' dir='ltr'>Θεοδόσιος</span> <span class='ocrx_word' id='word_1_779' title='bbox 1777 2497 1802 2523; x_wconf 77' lang='lat' dir='ltr'><strong>ot</strong></span> <span class='ocrx_word' id='word_1_780' title='bbox 1824 2505 1879 2531; x_wconf 88' lang='grc' dir='ltr'>μα-</span> 
     </span>
    </p>
   </div>
   <div class='ocr_carea' id='block_1_103' title="bbox 255 2537 1038 2578">
    <p class='ocr_par' dir='ltr' id='par_1_103' title="bbox 255 2537 1038 2578">
     <span class='ocr_line' id='line_1_103' title="bbox 255 2537 1038 2578; baseline 0.014 -14"><span class='ocrx_word' id='word_1_781' title='bbox 255 2537 328 2573; x_wconf 84' lang='lat' dir='ltr'><strong>piam</strong></span> <span class='ocrx_word' id='word_1_782' title='bbox 342 2537 469 2566; x_wconf 64' lang='lat' dir='ltr'><strong>haeresim</strong></span> <span class='ocrx_word' id='word_1_783' title='bbox 484 2544 550 2568; x_wconf 91' lang='lat' dir='ltr'><strong>tunc</strong></span> <span class='ocrx_word' id='word_1_784' title='bbox 570 2542 700 2576; x_wconf 88' lang='lat' dir='ltr'><strong>temporis</strong></span> <span class='ocrx_word' id='word_1_785' title='bbox 720 2543 868 2578; x_wconf 87' lang='lat' dir='ltr'><strong>imperator</strong></span> <span class='ocrx_word' id='word_1_786' title='bbox 881 2545 1038 2575; x_wconf 77' lang='lat' dir='ltr'><strong>Anastasius</strong></span> 
     </span>
    </p>
   </div>
   <div class='ocr_carea' id='block_1_104' title="bbox 1089 2537 1880 2578">
    <p class='ocr_par' dir='ltr' id='par_1_104' title="bbox 1089 2541 1880 2578">
     <span class='ocr_line' id='line_1_104' title="bbox 1089 2541 1880 2578; baseline -0.003 -8"><span class='ocrx_word' id='word_1_787' title='bbox 1089 2543 1195 2578; x_wconf 67' lang='grc' dir='ltr'>κάριοι*</span> <span class='ocrx_word' id='word_1_788' title='bbox 1222 2543 1254 2570; x_wconf 81' lang='grc' dir='ltr'>τὸ</span> <span class='ocrx_word' id='word_1_789' title='bbox 1283 2542 1437 2577; x_wconf 82' lang='grc' dir='ltr'>τηνικαῦτα</span> <span class='ocrx_word' id='word_1_790' title='bbox 1459 2542 1637 2570; x_wconf 83' lang='grc' dir='ltr'>Ἀναστασίου</span> <span class='ocrx_word' id='word_1_791' title='bbox 1665 2541 1714 2570; x_wconf 74' lang='grc' dir='ltr'><strong>τοῦ</strong></span> <span class='ocrx_word' id='word_1_792' title='bbox 1745 2542 1880 2578; x_wconf 85' lang='grc' dir='ltr'>βασιλέως</span> 
     </span>
    </p>
   </div>
   <div class='ocr_carea' id='block_1_105' title="bbox 253 2582 1038 2626">
    <p class='ocr_par' dir='ltr' id='par_1_105' title="bbox 253 2582 1038 2626">
     <span class='ocr_line' id='line_1_105' title="bbox 253 2582 1038 2626; baseline 0.011 -17"><span class='ocrx_word' id='word_1_793' title='bbox 253 2582 478 2617; x_wconf 85' lang='lat' dir='ltr'><strong>amplecteretur,</strong></span> <span class='ocrx_word' id='word_1_794' title='bbox 502 2585 712 2613; x_wconf 81' lang='lat' dir='ltr'><strong>insurrexerunt</strong></span> <span class='ocrx_word' id='word_1_795' title='bbox 729 2595 778 2621; x_wconf 89' lang='lat' dir='ltr'><strong>pro</strong></span> <span class='ocrx_word' id='word_1_796' title='bbox 798 2588 852 2615; x_wconf 89' lang='lat' dir='ltr'><strong>ﬁde</strong></span> <span class='ocrx_word' id='word_1_797' title='bbox 872 2589 973 2617; x_wconf 86' lang='lat' dir='ltr'><strong>acriter</strong></span> <span class='ocrx_word' id='word_1_798' title='bbox 990 2599 1038 2626; x_wconf 88' lang='lat' dir='ltr'><strong>pu-</strong></span> 
     </span>
    </p>
   </div>
   <div class='ocr_carea' id='block_1_106' title="bbox 1089 2582 1881 2626">
    <p class='ocr_par' dir='ltr' id='par_1_106' title="bbox 1089 2587 1881 2624">
     <span class='ocr_line' id='line_1_106' title="bbox 1089 2587 1881 2624; baseline -0.001 -9"><span class='ocrx_word' id='word_1_799' title='bbox 1089 2588 1231 2615; x_wconf 80' lang='grc' dir='ltr'>δυσσεὸεἳν</span> <span class='ocrx_word' id='word_1_800' title='bbox 1248 2588 1396 2624; x_wconf 80' lang='grc' dir='ltr'>ἑλομένου·</span> <span class='ocrx_word' id='word_1_801' title='bbox 1428 2587 1608 2623; x_wconf 71' lang='grc' dir='ltr'>διανέστησαν</span> <span class='ocrx_word' id='word_1_802' title='bbox 1635 2588 1745 2623; x_wconf 85' lang='grc' dir='ltr'>θερμῶς</span> <span class='ocrx_word' id='word_1_803' title='bbox 1770 2597 1881 2623; x_wconf 84' lang='grc' dir='ltr'>προμα-</span> 
     </span>
    </p>
   </div>
   <div class='ocr_carea' id='block_1_107' title="bbox 254 2629 1038 2669">
    <p class='ocr_par' dir='ltr' id='par_1_107' title="bbox 254 2629 1038 2665">
     <span class='ocr_line' id='line_1_107' title="bbox 254 2629 1038 2665; baseline 0.013 -13"><span class='ocrx_word' id='word_1_804' title='bbox 254 2630 389 2660; x_wconf 76' lang='lat' dir='ltr'><strong>gnantes:</strong></span> <span class='ocrx_word' id='word_1_805' title='bbox 406 2630 464 2655; x_wconf 87' lang='lat' dir='ltr'><strong>tum</strong></span> <span class='ocrx_word' id='word_1_806' title='bbox 483 2635 531 2656; x_wconf 91' lang='lat' dir='ltr'><strong>eos</strong></span> <span class='ocrx_word' id='word_1_807' title='bbox 549 2629 595 2663; x_wconf 92' lang='lat' dir='ltr'><strong>qui</strong></span> <span class='ocrx_word' id='word_1_808' title='bbox 616 2637 759 2665; x_wconf 88' lang='lat' dir='ltr'><strong>perperam</strong></span> <span class='ocrx_word' id='word_1_809' title='bbox 776 2632 805 2658; x_wconf 94' lang='lat' dir='ltr'><strong>in</strong></span> <span class='ocrx_word' id='word_1_810' title='bbox 829 2632 950 2661; x_wconf 83' lang='lat' dir='ltr'><strong>Ecclesia</strong></span> <span class='ocrx_word' id='word_1_811' title='bbox 970 2643 1038 2662; x_wconf 89' lang='lat' dir='ltr'><strong>sen-</strong></span> 
     </span>
    </p>
   </div>
   <div class='ocr_carea' id='block_1_108' title="bbox 1089 2629 1881 2669">
    <p class='ocr_par' dir='ltr' id='par_1_108' title="bbox 1092 2629 1881 2669">
     <span class='ocr_line' id='line_1_108' title="bbox 1092 2629 1881 2669; baseline -0.003 -9"><span class='ocrx_word' id='word_1_812' title='bbox 1092 2633 1204 2669; x_wconf 84' lang='grc' dir='ltr'>χοῦντες</span> <span class='ocrx_word' id='word_1_813' title='bbox 1219 2633 1268 2668; x_wconf 80' lang='grc' dir='ltr'>τῆς</span> <span class='ocrx_word' id='word_1_814' title='bbox 1281 2632 1399 2665; x_wconf 80' lang='grc' dir='ltr'>πίστεως</span> <span class='ocrx_word' id='word_1_815' title='bbox 1411 2642 1418 2649; x_wconf 82' lang='grc'><em>’</em></span> <span class='ocrx_word' id='word_1_816' title='bbox 1434 2633 1513 2660; x_wconf 83' lang='grc' dir='ltr'>τοῦτο</span> <span class='ocrx_word' id='word_1_817' title='bbox 1535 2634 1596 2668; x_wconf 85' lang='grc' dir='ltr'>μὲν,</span> <span class='ocrx_word' id='word_1_818' title='bbox 1614 2632 1674 2668; x_wconf 83' lang='grc' dir='ltr'>μεθ’</span> <span class='ocrx_word' id='word_1_819' title='bbox 1689 2629 1728 2659; x_wconf 82' lang='grc' dir='ltr'>ὧν</span> <span class='ocrx_word' id='word_1_820' title='bbox 1741 2632 1881 2668; x_wconf 61' lang='grc' dir='ltr'>άνεθεμὰα</span> 
     </span>
    </p>
   </div>
   <div class='ocr_carea' id='block_1_109' title="bbox 255 2670 1038 2714">
    <p class='ocr_par' dir='ltr' id='par_1_109' title="bbox 255 2670 1038 2714">
     <span class='ocr_line' id='line_1_109' title="bbox 255 2670 1038 2714; baseline 0.014 -17"><span class='ocrx_word' id='word_1_821' title='bbox 255 2670 360 2699; x_wconf 86' lang='lat' dir='ltr'><strong>tiebant</strong></span> <span class='ocrx_word' id='word_1_822' title='bbox 397 2675 669 2707; x_wconf 72' lang='lat' dir='ltr'><strong>excommunicando,</strong></span> <span class='ocrx_word' id='word_1_823' title='bbox 701 2681 757 2703; x_wconf 90' lang='lat' dir='ltr'><strong>tum</strong></span> <span class='ocrx_word' id='word_1_824' title='bbox 783 2677 816 2704; x_wconf 89' lang='lat' dir='ltr'><strong>ad</strong></span> <span class='ocrx_word' id='word_1_825' title='bbox 848 2678 1038 2714; x_wconf 88' lang='lat' dir='ltr'><strong>imperatorem</strong></span> 
     </span>
    </p>
   </div>
   <div class='ocr_carea' id='block_1_110' title="bbox 1089 2670 1879 2714">
    <p class='ocr_par' dir='ltr' id='par_1_110' title="bbox 1093 2678 1879 2714">
     <span class='ocr_line' id='line_1_110' title="bbox 1093 2678 1879 2714; baseline 0 -9"><span class='ocrx_word' id='word_1_826' title='bbox 1093 2687 1171 2706; x_wconf 88' lang='grc' dir='ltr'>τισαν</span> <span class='ocrx_word' id='word_1_827' title='bbox 1193 2679 1255 2710; x_wconf 76' lang='grc' dir='ltr'>τοὺς</span> <span class='ocrx_word' id='word_1_828' title='bbox 1277 2678 1440 2711; x_wconf 77' lang='grc' dir='ltr'>κακοδόξους</span> <span class='ocrx_word' id='word_1_829' title='bbox 1460 2679 1489 2706; x_wconf 79' lang='grc' dir='ltr'>ὲν</span> <span class='ocrx_word' id='word_1_830' title='bbox 1505 2681 1538 2714; x_wconf 79' lang='grc' dir='ltr'>τῇ</span> <span class='ocrx_word' id='word_1_831' title='bbox 1556 2679 1723 2714; x_wconf 76' lang='grc' dir='ltr'>Ἐκκλησία·</span> <span class='ocrx_word' id='word_1_832' title='bbox 1742 2679 1824 2705; x_wconf 86' lang='grc' dir='ltr'>τοῦτο</span> <span class='ocrx_word' id='word_1_833' title='bbox 1839 2679 1879 2710; x_wconf 76' lang='grc' dir='ltr'><strong>δὲ,</strong></span> 
     </span>
    </p>
   </div>
   <div class='ocr_carea' id='block_1_111' title="bbox 254 2715 1038 2760">
    <p class='ocr_par' dir='ltr' id='par_1_111' title="bbox 254 2715 1038 2760">
     <span class='ocr_line' id='line_1_111' title="bbox 254 2715 1038 2760; baseline 0.013 -17"><span class='ocrx_word' id='word_1_834' title='bbox 254 2715 345 2750; x_wconf 85' lang='lat' dir='ltr'><strong>ipsum</strong></span> <span class='ocrx_word' id='word_1_835' title='bbox 359 2717 513 2752; x_wconf 87' lang='lat' dir='ltr'><strong>scribendo,</strong></span> <span class='ocrx_word' id='word_1_836' title='bbox 529 2727 558 2747; x_wconf 84' lang='lat' dir='ltr'><strong>se</strong></span> <span class='ocrx_word' id='word_1_837' title='bbox 573 2725 688 2748; x_wconf 88' lang='lat' dir='ltr'><strong>mortem</strong></span> <span class='ocrx_word' id='word_1_838' title='bbox 703 2722 792 2756; x_wconf 87' lang='lat' dir='ltr'><strong>potius</strong></span> <span class='ocrx_word' id='word_1_839' title='bbox 808 2729 935 2758; x_wconf 84' lang='lat' dir='ltr'><strong>oppetere</strong></span> <span class='ocrx_word' id='word_1_840' title='bbox 959 2733 1038 2760; x_wconf 79' lang='lat' dir='ltr'><strong>para-</strong></span> 
     </span>
    </p>
   </div>
   <div class='ocr_carea' id='block_1_112' title="bbox 1089 2715 1879 2760">
    <p class='ocr_par' dir='ltr' id='par_1_112' title="bbox 1093 2721 1879 2760">
     <span class='ocr_line' id='line_1_112' title="bbox 1093 2721 1879 2760; baseline 0 -10"><span class='ocrx_word' id='word_1_841' title='bbox 1093 2725 1122 2751; x_wconf 84' lang='grc' dir='ltr'>ὲν</span> <span class='ocrx_word' id='word_1_842' title='bbox 1138 2721 1178 2757; x_wconf 72' lang='grc' dir='ltr'>οἷς</span> <span class='ocrx_word' id='word_1_843' title='bbox 1195 2724 1352 2750; x_wconf 77' lang='grc' dir='ltr'>ἐπέστειλαν</span> <span class='ocrx_word' id='word_1_844' title='bbox 1372 2723 1412 2760; x_wconf 85' lang='grc' dir='ltr'>τῷ</span> <span class='ocrx_word' id='word_1_845' title='bbox 1429 2724 1550 2759; x_wconf 76' lang='grc' dir='ltr'>βασιλεῖ·</span> <span class='ocrx_word' id='word_1_846' title='bbox 1565 2724 1816 2759; x_wconf 71' lang='grc' dir='ltr'>διαμαρτυρόμενοι</span> <span class='ocrx_word' id='word_1_847' title='bbox 1831 2724 1879 2750; x_wconf 83' lang='grc' dir='ltr'>θά-</span> 
     </span>
    </p>
   </div>
   <div class='ocr_carea' id='block_1_113' title="bbox 254 2763 1038 2805">
    <p class='ocr_par' dir='ltr' id='par_1_113' title="bbox 254 2763 1038 2801">
     <span class='ocr_line' id='line_1_113' title="bbox 254 2763 1038 2801; baseline 0.011 -14"><span class='ocrx_word' id='word_1_848' title='bbox 254 2763 298 2788; x_wconf 82' lang='lat' dir='ltr'><strong>tos</strong></span> <span class='ocrx_word' id='word_1_849' title='bbox 311 2769 392 2796; x_wconf 80' lang='lat' dir='ltr'><strong>quant</strong></span> <span class='ocrx_word' id='word_1_850' title='bbox 408 2767 437 2790; x_wconf 88' lang='lat' dir='ltr'><strong>ut</strong></span> <span class='ocrx_word' id='word_1_851' title='bbox 450 2763 484 2790; x_wconf 87' lang='lat' dir='ltr'><strong>de</strong></span> <span class='ocrx_word' id='word_1_852' title='bbox 504 2765 660 2793; x_wconf 87' lang='lat' dir='ltr'><strong>constitutis</strong></span> <span class='ocrx_word' id='word_1_853' title='bbox 674 2766 774 2801; x_wconf 88' lang='lat' dir='ltr'><strong>aliquid</strong></span> <span class='ocrx_word' id='word_1_854' title='bbox 793 2767 989 2796; x_wconf 82' lang='lat' dir='ltr'><strong>immutarem?</strong></span> <span class='ocrx_word' id='word_1_855' title='bbox 1007 2770 1038 2797; x_wconf 82' lang='lat' dir='ltr'><strong>Et</strong></span> 
     </span>
    </p>
   </div>
   <div class='ocr_carea' id='block_1_114' title="bbox 1089 2763 1877 2805">
    <p class='ocr_par' dir='ltr' id='par_1_114' title="bbox 1092 2768 1877 2805">
     <span class='ocr_line' id='line_1_114' title="bbox 1092 2768 1877 2805; baseline 0 -10"><span class='ocrx_word' id='word_1_856' title='bbox 1092 2777 1171 2796; x_wconf 76' lang='grc' dir='ltr'>νατον</span> <span class='ocrx_word' id='word_1_857' title='bbox 1187 2769 1306 2801; x_wconf 79' lang='grc' dir='ltr'>ἑλέσθαι,</span> <span class='ocrx_word' id='word_1_858' title='bbox 1326 2769 1381 2803; x_wconf 74' lang='grc' dir='ltr'>ῆτι</span> <span class='ocrx_word' id='word_1_859' title='bbox 1407 2769 1586 2805; x_wconf 77' lang='grc' dir='ltr'>μετακινῆσαι</span> <span class='ocrx_word' id='word_1_860' title='bbox 1603 2769 1656 2797; x_wconf 82' lang='grc' dir='ltr'><strong>τῶν</strong></span> <span class='ocrx_word' id='word_1_861' title='bbox 1676 2768 1877 2803; x_wconf 63' lang='grc' dir='ltr'>καθεστώτωνς</span> 
     </span>
    </p>
   </div>
   <div class='ocr_carea' id='block_1_115' title="bbox 295 2818 1350 2860">
    <p class='ocr_par' dir='ltr' id='par_1_115' title="bbox 295 2818 1350 2860">
     <span class='ocr_line' id='line_1_115' title="bbox 295 2818 1350 2860; baseline 0.009 -15"><span class='ocrx_word' id='word_1_862' title='bbox 295 2818 318 2834; x_wconf 75' lang='grc' dir='ltr'><strong>νο</strong></span> <span class='ocrx_word' id='word_1_863' title='bbox 331 2818 390 2847; x_wconf 79' lang='lat' dir='ltr'><strong>Act.</strong></span> <span class='ocrx_word' id='word_1_864' title='bbox 411 2828 446 2853; x_wconf 74' lang='lat' dir='ltr'><strong>ty,</strong></span> <span class='ocrx_word' id='word_1_865' title='bbox 466 2820 506 2848; x_wconf 81' lang='lat' dir='ltr'><strong>l9.</strong></span> <span class='ocrx_word' id='word_1_866' title='bbox 545 2823 565 2839; x_wconf 86' lang='lat'>”</span> <span class='ocrx_word' id='word_1_867' title='bbox 582 2822 640 2851; x_wconf 80' lang='lat' dir='ltr'><strong>Act.</strong></span> <span class='ocrx_word' id='word_1_868' title='bbox 657 2833 681 2857; x_wconf 84' lang='lat' dir='ltr'><strong>v,</strong></span> <span class='ocrx_word' id='word_1_869' title='bbox 699 2825 741 2852; x_wconf 72' lang='lat'><strong>&#39;29.</strong></span> <span class='ocrx_word' id='word_1_870' title='bbox 780 2826 801 2842; x_wconf 72' lang='grc' dir='ltr'><strong>ν’</strong></span> <span class='ocrx_word' id='word_1_871' title='bbox 813 2825 872 2854; x_wconf 75' lang='lat' dir='ltr'><strong>Psal</strong></span> <span class='ocrx_word' id='word_1_872' title='bbox 896 2834 988 2860; x_wconf 70' lang='lat' dir='ltr'><strong>cxnn,</strong></span> <span class='ocrx_word' id='word_1_873' title='bbox 1004 2826 1042 2854; x_wconf 77' lang='lat' dir='ltr'><strong>ili.</strong></span> <span class='ocrx_word' id='word_1_874' title='bbox 1081 2828 1101 2843; x_wconf 60' lang='grc' dir='ltr'><strong>ι’]</strong></span> <span class='ocrx_word' id='word_1_875' title='bbox 1114 2827 1184 2855; x_wconf 66' lang='lat' dir='ltr'><strong>Paul.</strong></span> <span class='ocrx_word' id='word_1_876' title='bbox 1201 2835 1290 2860; x_wconf 56' lang='lat' dir='ltr'><strong>xxxix,</strong></span> <span class='ocrx_word' id='word_1_877' title='bbox 1310 2827 1350 2854; x_wconf 87' lang='grc'><strong>10.</strong></span> 
     </span>
    </p>
   </div>
  </div>
