1926 3078
67 124 137 156 1121

669 132 941 165 EPlSTDLARUM
953 135 1027 166 LIB.
1049 136 1091 167 II.

1632 141 1700 174 1122

62 185 123 211 Καὶ
134 184 274 218 λέγουσιν,
293 186 332 218 ὥς
339 195 432 221 φασιν,
447 189 473 215 οι
489 189 747 227 κὺριοιὴγούμενοι·
762 192 851 227 Ἡμεῖς

910 192 1016 225 dicunt,
1032 198 1062 221 ut
1073 194 1144 222 fama
1157 199 1209 227 est,
1225 194 1331 222 Domini
1344 196 1499 232 praepositi:
1521 196 1639 230 Quinam
1650 205 1699 225 su-

62 229 139 262 τίνες
158 231 261 266 ἐσμέν;
275 233 384 267 πρῶτον
397 234 568 269 Χριστιανοὶ,
582 237 607 262 ο¹ί
625 237 767 271 ὀφείλουσι
784 239 856 265 πάν-

63 283 121 307 τως
131 276 196 310 ἄρτι
208 276 298 304 λαλεῖν
306 285 314 293 ο
324 278 420 305 ἔπειτα
433 280 607 314 μονάζοντες,
620 283 645 308 οι
655 283 724 318 μηδὲ
734 283 765 309 τὸ
776 283 858 318 τυχὸν

64 320 297 356 ὑφαρπαζόμενοι
306 331 313 338 ·
326 323 364 355 ὡς
377 324 466 352 ἄδετοι
475 326 515 361 τῷ
522 327 618 363 κόσμῳ
632 329 680 354 καὶ
692 329 855 364 ἀκράτητοι·

64 365 166 393 ἔπειτα
185 367 349 403 ἡγούμενοι,
367 370 392 396 οἱ
405 371 453 397 καὶ
478 372 513 398 τὰ
529 372 584 399 τῶν
601 373 690 400 ἄλλων
713 374 856 409 προσώμ-

65 421 144 446 ματα
160 413 358 446 ὲκὸάλλοντις·
375 416 423 443 καὶ
436 417 466 443 ὲν
488 417 584 453 μηδενὶ
614 419 774 455 προσκοπὴν
786 408 857 446 διδό-

64 466 110 484 ναι
127 460 332 493 χρεωστῶντες
341 469 349 477 ·
358 462 420 488 Ἵνα
427 462 481 497 μὴ,
496 464 573 498 φησὶ,
587 464 712 499 μωμηθῇ
725 465 744 499 ἠ
757 465 856 492 διακο-

64 504 127 531 νία.
146 505 214 532 Οῖαν
230 506 259 532 δὲ
282 507 441 543 προσκοπὴν
465 509 513 536 καὶ
537 509 677 545 μώμησιν.
702 511 805 545 μᾶλλον
827 512 856 538 δὲ

65 550 289 584 συγκατάὸασιν,
303 552 348 578 διὰ
357 552 404 580 τοῦ
419 553 563 590 ίδιοχείρου
578 555 669 582 αὐτῶν
685 556 815 590 δέδωκαν,
826 557 854 583 τί

65 595 120 631 χρὴ
135 596 183 623 καὶ
194 596 299 631 λέγεινς
315 597 347 624 El
355 598 410 632 γὰρ
424 599 514 634 σιωπὴ
524 600 606 636 μέρος
616 601 854 634 συγκαταθέσεως

64 641 96 667 τὸ
113 642 162 668 καὶ
174 643 322 678 ιγγράφως
338 645 424 680 αὐτὴν
438 646 563 681 κυρῶσαι
586 647 633 674 ἐπὶ
645 648 696 683 τῆς
711 648 776 684 ὅλης
793 649 856 676 Ἐκ-

66 687 197 722 κλησίας,
211 689 295 716 πόσον
304 689 335 716 τὸ
347 690 484 726 χαλεπόν;

101 776 159 803 Καὶ
184 776 288 811 λέγετε,
312 778 353 805 ὅτι
369 780 500 814 κρυπτῶς
519 781 670 818 ίερουργῶν
696 784 855 820 Νικηφόρον

66 820 101 856 μ’.
115 821 285 857 Νικηφόρος]
304 824 435 859 ἀναφέρει
456 826 487 852 τὸ
507 826 615 862 λάθρα⁸
638 829 685 856 καὶ
709 829 809 861 πάντες
829 829 854 856 oi

66 867 232 902 πατρίκιοι,
262 868 306 895 ἵνα
330 870 393 901 τοὺς
421 870 519 903 ἄλλους
541 860 626 906 idem,
655 860 853 909 ὀρθοδοξοῢσιν.
870 860 890 887 Β

72 912 153 938 Ἀλλὰ
175 911 200 938 τί
213 912 287 947 λέγει
300 915 314 940 ὁ
329 914 462 949 Χριστόςπ
481 917 519 943 ει
543 925 589 950 τις
614 919 794 953 ὁμολογήσει
819 921 854 948 ἐν

64 956 313 1001 ἐωὶῄἐμπροσθεν
323 959 383 986 τῶν
394 960 568 995 ἀνθρώπων,
584 964 762 999 ὁμολογήσω
773 966 854 1001 κάγὼ

64 999 161 1026 αὑτὸν
177 1000 348 1035 ὂμπροσθεν
362 1004 415 1030 τοῦ
433 1006 548 1040 Πατρός
564 1015 624 1041 μου
646 1009 700 1035 τοῦ
718 1009 753 1036 ἐν
766 999 853 1044 οὐρα-

64 1044 140 1077 νοῖς.
158 1044 264 1082 Ὠσπερ
288 1048 336 1074 καὶ
360 1048 392 1075 τὸ
416 1049 536 1076 ἐναντίον
559 1052 606 1078 ἐπὶ
630 1053 680 1088 τῆς
695 1054 850 1090 ἀρνήσεως·

64 1089 116 1137 atii!
130 1092 211 1137 μόνον
226 1092 256 1118 τὸ
274 1092 313 1128 μὴ
327 1094 505 1130 συνέρχεσθαι
523 1097 563 1128 είς
576 1098 709 1134 ἀλλήλους
721 1089 852 1137 ἐποίησαν

62 1134 92 1161 τὸ
106 1136 303 1171 χειρόγραφον,
319 1139 349 1164 τὸ
362 1140 428 1166 αὐτό
444 1141 512 1168 ἐστι.
533 1142 595 1174 Πῶς
612 1144 666 1179 γὰρ
688 1134 852 1179 φυλάξουσιν

61 1180 75 1206 ὃ
88 1189 173 1215 φησιν
187 1182 201 1208 ὁ
217 1183 348 1217 Χριστός·
372 1185 428 1212 Τὸν
440 1187 605 1222 ἐρχόμενον
614 1190 690 1223 πρός
697 1199 745 1224 με,
758 1192 795 1218 οὺ
806 1191 850 1226 μὴ

60 1226 179 1254 ἐκϐάλω
189 1227 266 1260 Δίξωῖ
281 1229 412 1264 Ἐρχεταί
431 1240 473 1264 τις
486 1233 626 1268 διερωτῶν
640 1236 688 1262 καὶ
699 1235 788 1271 ζητῶν
800 1246 851 1271 μα-

61 1271 118 1298 θεῖν
141 1272 191 1308 τὴν
213 1273 361 1308 ἀλήθειαν·
377 1277 432 1303 είτε
448 1278 609 1314 ἡγούμενος,
624 1281 680 1307 εἴτε
693 1289 736 1313 τις
750 1282 829 1314 ἄλλος
841 1291 849 1300 ·

60 1317 86 1342 τί
101 1318 320 1354 ἀποκριθήσεται
335 1321 350 1348 ὀ
363 1322 533 1358 ήγούμενοςς
548 1325 675 1359 Δηλονότι
685 1335 692 1341 ·
709 1335 851 1362 παραγγε-

60 1363 122 1390 λίαν
140 1364 237 1391 ἔλαϐον
264 1365 302 1401 μὴ
329 1366 418 1394 λαλεῖν
431 1376 438 1382 ·
469 1369 525 1396 εἴθε
552 1370 624 1398 οὕτω
652 1372 747 1405 μόνονί
770 1373 850 1400 Ἀλλὰ

61 1408 131 1443 μηδὲ
143 1409 314 1443 εἰσδέξασθαι
330 1421 359 1438 σε
374 1413 414 1444 είς
431 1413 462 1439 τὺ
475 1417 657 1451 μοναστήριον
670 1418 719 1444 καὶ
740 1419 849 1446 συναλι-

60 1454 171 1489 σθῆναι.
197 1455 226 1481 '0
242 1457 359 1492 Χριστὸς
376 1457 467 1493 λέγει·
487 1460 561 1493 δέξαι
578 1463 625 1489 καὶ
640 1463 760 1496 δίδαξον·
779 1466 850 1494 Ἐὰν

60 1501 116 1534 γὰρ
132 1502 313 1537 ὑποσιείλῃ,
337 1505 431 1539 φησὶν⁹
447 1507 503 1533 οὐκ
519 1507 641 1536 εὐδοκεῖ
651 1509 670 1543 ὴ
685 1511 771 1546 ψυχή
788 1522 849 1548 μου

60 1545 94 1571 ὲν
107 1546 200 1579 αὐτῷ.
226 1547 387 1583 Ἑγγράφως
404 1550 451 1578 οὖν
465 1552 606 1588 ἐποίησαν,
630 1554 673 1581 ἵνα
688 1545 850 1591 resume:

61 1591 247 1627 ττειθαρχῶσιν
259 1593 426 1627 ἀπεναντίας
439 1597 486 1623 τοῦ
500 1598 759 1634 Χριστοῦ.Τοσαῦτά
768 1604 847 1639 εἰσιν,

60 1633 82 1662 ὦ
94 1637 207 1684 ἀδελφοὶ
220 1639 266 1665 καὶ
284 1640 415 1677 Πατέρες,
432 1642 449 1669 ἃ
464 1644 662 1681 συνεπίσταμαι
676 1647 706 1680 ἐξ
720 1633 850 1684 ἀληθείας

61 1682 242 1717 πεποιηκέναι
268 1685 376 1717 αὐτούς.
408 1688 462 1714 Καὶ
491 1689 586 1725 ἐπειδὴ
605 1682 784 1729 κατεκρίνατέ
815 1682 849 1732 με

61 1728 404 1780 εἶπεῖνκτὺ-παριστάμενόν
419 1741 463 1767 μοι
478 1742 485 1749 ·
504 1735 653 1771 ἀνήγγειλα
668 1739 716 1766 ἐπὶ
728 1728 849 1780 μάρτυρι

908 246 969 266 mus
979 240 1186 268 nos?Primum
1214 241 1372 273 Christiani.
1413 242 1460 277 qui
1486 251 1561 271 nunc
1587 251 1699 278 prorsus

908 284 980 319 loqui
993 285 1148 314 debebam:
1166 287 1265 314 deinde
1285 287 1424 320 monachi,
1439 296 1508 323 quos
1526 295 1556 315 re
1569 289 1642 315 nulla
1653 289 1700 315 ab.

908 329 970 356 duci
994 337 1046 357 nec
1064 330 1151 365 abripi
1174 339 1224 366 par
1238 331 1284 363 sit.
1312 337 1440 368 tanquam
1458 333 1561 360 mundo
1585 333 1699 360 minime

907 373 1033 401 astrictos
1048 375 1214 409 minimeque
1225 375 1360 403 obnoxios
1374 386 1380 403 ε
1400 376 1520 411 denique
1543 378 1695 413 praepositi,

907 417 953 452 qui
972 423 1000 446 et
1023 419 1138 446 aliorum
1154 420 1280 448 scandala
1307 421 1413 452 tollere.
1429 426 1457 449 et
1488 422 1516 449 in
1540 423 1616 450 nullo
1630 423 1698 451 dare

907 463 1102 491 oll'cndiculum
1117 464 1226 496 debent,
1254 473 1286 492 ne
1301 466 1475 499 vituperetur,
1491 467 1591 501 inquit.
1616 469 1697 495 mini-

906 509 1015 536 aterium
1044 515 1162 537 nostrum
1173 510 1207 538 “.
1228 511 1385 545 Cujusmodi
1402 521 1469 540 vero
1497 514 1656 541 scandalum
1671 519 1698 543 et

906 555 1146 589 vituperationem,
1171 564 1219 584 seu
1236 558 1328 592 potius
1355 559 1584 592 condescensum,
1601 560 1697 588 chiro-

906 598 1009 632 grapho
1029 606 1078 626 suo
1088 600 1264 634 praebuerint,
1282 601 1346 636 quid
1365 602 1463 630 attinet
1476 603 1571 638 loqui?
1589 603 1657 632 Nam
1673 605 1697 632 si

905 644 1052 671 consensui
1065 653 1115 679 par
1128 650 1170 673 est
1185 646 1323 675 silentium
1339 657 1345 675 :
1372 648 1449 676 illum
1476 649 1567 685 ipsum
1593 651 1698 686 scripto

906 689 934 716 in
964 690 1048 718 totius
1074 691 1203 720 Ecclesiae
1235 693 1321 721 oculis
1348 693 1468 728 ﬁrmare,
1495 701 1629 730 quantum
1655 701 1698 724 est

905 736 983 764 nefas
997 736 1009 762 ν

941 782 976 809 At
990 783 1107 816 occulte,
1122 783 1229 817 dicitis,
1251 786 1409 813 sacriﬁcans
1431 786 1603 821 Nicephorus
1627 787 1696 814 clam

905 827 996 860 οαεη,
1011 834 1039 856 et
1057 829 1167 863 patricii
1181 837 1292 863 omnes,
1310 837 1340 858 ut
1350 836 1468 860 caeteros
1484 833 1619 866 omittam,
1632 839 1697 862 sunt

903 873 1060 901 orthodoxi.
1078 874 1179 902 Verum
1195 876 1259 910 quid
1274 877 1311 903 ait
1326 876 1473 905 Christus?
1486 877 1516 905 Si
1531 879 1589 912 quis
1615 880 1697 914 conﬁ-

903 918 999 945 tebitur
1018 927 1059 946 me
1078 928 1167 947 coram
1180 922 1338 954 hominibus,
1369 923 1508 956 conﬁtebor
1529 927 1553 950 et
1575 931 1621 959 ego
1635 933 1695 951 eum

902 971 991 990 caram
1006 964 1086 992 Patre
1101 973 1159 1001 meo
1173 967 1218 1001 qui
1235 967 1263 992 in
1277 967 1348 994 antis
1363 971 1400 994 est
1414 967 1447 993 ".
1464 967 1498 994 Et
1514 975 1529 994 e
1543 973 1638 995 contra
1661 969 1695 996 dc

901 1010 1056 1044 negatione.
1073 1010 1232 1046 Quanquam
1244 1012 1318 1038 enim
1331 1012 1381 1040 hoc
1395 1012 1484 1040 solum
1514 1012 1696 1048 chirographo

901 1062 951 1082 suo
962 1055 1033 1090 pacti
1052 1056 1116 1088 sint,
1136 1065 1165 1084 se
1184 1062 1280 1084 mutuo
1306 1066 1361 1085 non
1383 1066 1603 1093 congressuros:
1621 1059 1694 1086 idem

901 1100 983 1134 plane
1008 1105 1062 1128 est.
1087 1101 1230 1134 Quomodo
1257 1103 1331 1130 enim
1360 1104 1546 1131 observabunt
1565 1105 1637 1138 quod
1656 1106 1696 1132 ait

900 1146 1041 1173 Christus:
1054 1146 1123 1174 Eum
1137 1148 1183 1183 qui
1193 1149 1263 1175 venit
1280 1149 1316 1175 ad
1328 1157 1368 1176 me
1380 1157 1432 1175 non
1444 1149 1549 1183 ejiciam
1564 1150 1636 1184 [oras
1649 1150 1693 1177 ’⁵2

901 1191 997 1219 Veniat
1023 1194 1158 1228 quispiam
1187 1198 1363 1229 percontans,
1384 1199 1413 1222 et
1436 1194 1542 1222 discere
1578 1195 1694 1230 cupiens

900 1239 1052 1271 veritatem,
1068 1247 1117 1267 seu
1134 1240 1297 1274 praepositus
1321 1240 1366 1267 ille
1385 1241 1431 1271 sit,
1449 1248 1498 1268 seu
1515 1240 1578 1275 quis
1602 1240 1672 1268 alius
1685 1261 1693 1268 .

899 1285 964 1319 quid
990 1286 1166 1320 respondebit
1187 1286 1373 1322 prapositus?
1402 1287 1561 1314 Mandatum
1581 1294 1692 1322 nempe,

900 1330 981 1362 dicet,
993 1331 1087 1366 accepi
1111 1339 1146 1358 ne
1174 1332 1281 1366 loquar.
1298 1331 1388 1367 Atque
1405 1333 1510 1360 utinam
1529 1333 1555 1360 id
1576 1333 1663 1360 solum
1683 1332 1690 1359 ι

900 1378 948 1405 sed
961 1379 1053 1405 utnec
1067 1381 1094 1404 te
1111 1377 1277 1404 monasterio
1293 1377 1353 1411 ipso
1370 1378 1515 1413 excipiam,
1530 1385 1582 1405 nec
1601 1382 1691 1404 tecum

899 1433 1004 1453 vescar.
1017 1424 1144 1452 Christus
1158 1423 1234 1456 dicit,
1264 1423 1371 1458 suscipe
1390 1428 1418 1451 et
1447 1424 1514 1451 doce
1535 1432 1542 1451 :
1571 1422 1646 1455 Quod
1668 1423 1692 1450 si

899 1471 1059 1498 subtraxerit
1072 1478 1109 1503 se,
1138 1470 1246 1504 inquit,
1264 1477 1316 1496 non
1340 1469 1452 1504 placebit
1465 1470 1562 1496 animae
1578 1478 1642 1496 mea:
1655 1470 1690 1496 ’⁷.

861 1529 883 1559 C
901 1517 935 1545 At
947 1517 975 1544 hi
987 1516 1088 1550 scripto
1112 1515 1195 1542 [idem
1217 1514 1436 1546 obstrinxerunt,
1459 1518 1490 1541 ut
1513 1514 1688 1549 imperatoris

901 1563 1010 1590 decreto
1027 1565 1121 1588 contra
1135 1560 1273 1588 Christum
1288 1559 1442 1587 obedirent.
1461 1559 1526 1587 ﬂmc
1543 1563 1618 1592 sunt,
1634 1559 1692 1586 ira-

900 1614 956 1636 tres
969 1615 1001 1635 ac
1016 1607 1119 1638 Patres.
1132 1614 1193 1642 quae
1203 1608 1236 1633 ab
1249 1606 1288 1634 eis
1304 1610 1379 1641 gesta
1403 1614 1452 1641 pro
1468 1611 1543 1634 certo
1558 1606 1690 1640 comperi.

901 1654 967 1687 Quae
977 1674 984 1685 ,
1001 1652 1129 1687 quoniam
1147 1652 1238 1679 dicere
1253 1659 1297 1679 me
1312 1652 1384 1686 quod
1421 1651 1520 1678 scirem
1542 1650 1667 1678 voluistis
1681 1670 1690 1683 ,

901 1707 993 1727 coram
1009 1699 1064 1725 Deo
1086 1702 1156 1725 teste
1182 1697 1318 1730 nuntiavi,
1340 1705 1496 1725 sermonem
1519 1697 1601 1724 etiam
1621 1696 1692 1723 arri-

902 1747 981 1781 piens
995 1750 1181 1779 tanquam.....

61 1772 130 1807 Θεῷ,
147 1773 239 1801 λαεὼν
251 1777 298 1802 καὶ
311 1776 388 1811 λόγον
403 1777 441 1810 ὡς
464 1778 571 1816 [SuppL
593 1791 625 1810 ex
642 1785 703 1812 cod.
718 1772 850 1818 vaticauo

985 1789 1032 1826 29]
1051 1772 1252 1824 ’φυλάσσεσθαι
1273 1790 1435 1825 μυστήριον,
1466 1789 1553 1823 φειδοῖ
1566 1788 1613 1816 τοῦ
1629 1797 1691 1815 πει-

62 1820 168 1856 ρασμοῦ
181 1829 188 1836 -
204 1821 299 1849 λοιπὸν
313 1824 392 1859 ὑμεῖς
407 1824 539 1859 σώζοντες
557 1828 657 1862 σώζετε
677 1833 727 1865 τὰς
746 1834 850 1865 ἑαυτῶν
869 1820 969 1875 ψυχας,
983 1820 1125 1873 εὺίὸμενοι
1137 1837 1186 1863 καὶ
1199 1820 1414 1871 ὑπὲοὲμοῦΙτοῦ
1429 1820 1573 1864 ταπεινοῦ.

314 1880 351 1908 Γ.
365 1896 399 1901 -
414 1882 594 1919 Ἠγουμὲνῳ.

59 1935 97 1962 Δ’.
112 1950 148 1955 -
160 1937 360 1971 Θεοφυλάιιτῳ
371 1940 569 1975 Νικομηδείας
580 1943 748 1979 intrandae).
772 1949 847 1987 [ρε’.]

1172 1893 1220 1920 lli.
1237 1892 1384 1928 Praeposito
1396 1893 1431 1920 ”.

971 1951 1017 1980 IV.
1036 1967 1071 1972 —
1085 1951 1274 1986 Theophylaeto
1298 1950 1459 1978 Nicomedia!
1474 1951 1604 1985 episcopo.

486 1998 629 2030 Dogmatica
639 2002 672 2026 de
683 2005 774 2029 sanctis
783 2006 942 2038 imaginibus.
960 2008 1060 2040 (Barou.
1077 2015 1117 2033 an.
1133 2007 1189 2036 816,
1206 2013 1231 2031 n.
1250 2006 1302 2036 56.)

93 2045 205 2073 Διετίαν
221 2047 280 2081 ἄγω
296 2049 438 2085 μεριμνῶν
450 2052 496 2077 καὶ
510 2052 623 2087 κάμνων
636 2056 692 2087 τοῖς
708 2056 850 2092 λογισμοῖς

60 2092 99 2122 εἰς
111 2091 144 2118 te
163 2092 314 2119 ἐπιστεῖλαί
329 2102 364 2128 με
379 2096 412 2130 τῇ
427 2096 487 2132 ἱερᾷ
502 2105 548 2124 σου
564 2101 671 2135 κορυφῇ
684 2108 692 2115 ·
709 2102 757 2128 καὶ
773 2091 850 2138 μόλις

62 2137 143 2173 μέχρι
160 2138 208 2164 τοῦ
230 2138 278 2165 νῦν
297 2139 475 2175 ὲξεπλήρωσά
490 2151 542 2177 μου
558 2144 572 2169 ὸ
585 2146 713 2178 ταπεινὸς
737 2147 783 2174 τὸν
801 2149 851 2175 πόα

60 2184 116 2211 Θον,
150 2183 221 2210 Ἀλλ’
241 2183 306 2218 εὖγε
332 2186 373 2212 ὅτι
397 2186 525 2222 ἀξιοῦμαι
546 2188 590 2216 διὰ
611 2190 658 2217 τοῦ
685 2192 850 2228 γράμματος

59 2230 238 2257 ἀσπάσασθαί
268 2239 299 2257 σε
323 2231 369 2258 τὸν
394 2228 460 2267 ὲμδν
477 2234 597 2270 Πατέρα,
621 2237 667 2264 τὸν
684 2237 780 2265 στύλον
798 2239 850 2274 τῆς

59 2276 199 2311 ἀληθείας,
222 2276 254 2303 τὸ
270 2277 411 2313 ἑδραίωμα
427 2279 476 2314 τῆς
489 2280 655 2315 ὀρθοδοξίας,
680 2283 726 2310 τδν
739 2284 848 2317 φύλακα

57 2323 108 2356 τῆς
135 2322 287 2355 εὐσεϐείας,
313 2324 344 2350 τδ
370 2325 510 2360 στήριγμα
531 2326 581 2361 τῆς
611 2328 785 2363 Ἐκκλησίας,
803 2330 848 2356 τὸν

59 2368 208 2403 νικηφόρον
236 2369 330 2404 ἄνδρα,
356 2370 402 2396 τὸν
429 2371 615 2408 Χριστοφόρον
639 2374 781 2410 ἀρχιερέα,
802 2376 849 2403 τὸν

58 2412 205 2447 ὁμολογίας
228 2413 297 2440 Θεοῦ
317 2415 454 2450 μάρτυρα.
484 2417 529 2453 Μὴ
553 2418 606 2453 γὰρ
634 2418 665 2445 οὐ
695 2421 848 2456 μαρτυρίου

59 2457 191 2490 στέφανός
208 2466 270 2490 σοι;
289 2459 330 2486 ὅτι
356 2460 400 2487 διὰ
423 2461 541 2496 Χριστὸν
562 2463 710 2499 ὲξόριστος,
723 2465 846 2499 ἄποικος⁷

59 2501 193 2534 πολύτλας
204 2510 212 2518 ·
232 2503 280 2529 καὶ
296 2503 383 2531 ταῦτα
398 2506 426 2532 ὲν
438 2506 535 2543 ἁπαλῷ
550 2507 589 2544 τῷ
608 2509 715 2543 σώματι
737 2511 799 2538 ὅσον
814 2512 847 2538 ὲκ

59 2547 167 2581 φύσεως
176 2555 184 2563 ·
214 2551 469 2587 προτετρυχωμένῳ
490 2553 517 2579 δὲ
533 2553 563 2585 ἐξ
577 2555 730 2591 ἀσκητικῆς
743 2554 792 2583 οἷδ’
806 2558 847 2584 ὅτι

58 2593 230 2629 θεοδρομίας.
249 2595 332 2630 Αὐχεί
344 2597 373 2623 ὲν
389 2597 430 2624 σοὶ
446 2597 500 2624 τῶν
514 2599 687 2635 ὀρθοφρόνων
701 2601 715 2627 ὸ
729 2603 817 2638 χορὸς,
834 2603 848 2629 6

57 2638 108 2673 τῆς
131 2639 317 2674 Νικομηδείας
340 2641 428 2676 χῶρος
443 2643 544 2678 χαίρει,
559 2645 609 2671 καὶ
623 2645 727 2679 εὐδοξεῖ
747 2648 848 2681 προῖκα.

59 2684 279 2720 προϐαλλόμενός
297 2695 326 2713 σε
343 2689 376 2723 τῇ
403 2688 450 2714 ὑπ’
465 2689 580 2723 οὐρανόν
596 2698 604 2705 ·
631 2690 848 2726 ἀποσεισάμενος

59 2730 92 2755 τὰ
103 2729 188 2756 πάλαι
199 2729 387 2766 θρυλλούμενα
396 2734 429 2760 ἐκ
437 2734 492 2761 τῶν
504 2734 595 2761 ἐκεῖσε
608 2736 847 2771 προεδρευσάντων

86 2807 131 2834 "ll
143 2807 286 2840 Cor.v1,3.
340 2809 363 2824 "
380 2810 475 2839 Matth.
490 2821 516 2845 χ,
533 2813 578 2841 32.

62 2840 136 2877 isque
151 2844 274 2878 mutilus,
290 2847 365 2873 extat
391 2848 417 2873 in
443 2855 509 2875 mss.

938 2062 1083 2090 Biennium
1106 2066 1148 2089 est
1172 2068 1233 2088 cum
1263 2060 1291 2087 in
1307 2060 1359 2087 hac
1390 2067 1455 2087 cura
1485 2064 1512 2087 ct
1529 2060 1692 2095 cogitatione

902 2115 1006 2141 versor,
1024 2112 1055 2135 ut
1070 2107 1187 2135 scribam
1213 2106 1248 2133 ad
1272 2113 1379 2133 sacrum
1395 2106 1525 2133 verticem
1551 2111 1644 2133 tuum:
1661 2115 1692 2134 ac

902 2155 948 2182 vix
972 2162 1047 2182 nunc
1069 2153 1178 2181 tandem
1199 2152 1300 2188 impleo
1334 2151 1499 2179 desiderium
1532 2151 1692 2180 humilitatis

902 2208 980 2228 meae.
996 2200 1050 2227 Sed
1062 2204 1136 2227 recte
1151 2198 1223 2234 quod
1244 2198 1343 2234 dignus
1364 2197 1476 2230 habeor,
1491 2197 1537 2232 qui
1557 2205 1606 2232 per
1617 2198 1692 2225 litte-

901 2252 946 2272 ras
959 2245 1074 2272 salutem
1090 2243 1195 2271 Patrem
1210 2250 1313 2275 meum,
1330 2243 1485 2270 columnam
1498 2243 1632 2275 veritatis,
1648 2251 1691 2269 re-

864 2277 886 2304 θ
899 2295 949 2317 cla:
964 2289 1025 2317 Itdei
1040 2289 1258 2320 fundamentum,
1270 2288 1410 2315 custodem
1430 2287 1548 2322 pietatis,
1562 2287 1690 2315 Ecclesia:

899 2334 1112 2366 ﬁrmamentum,
1127 2333 1259 2361 victorem
1284 2333 1383 2365 virum,
1397 2332 1586 2360 Christiferum
1598 2333 1689 2367 ponti—

900 2377 988 2410 ﬁcem,
1014 2376 1194 2405 confessionis
1224 2376 1271 2403 Dei
1301 2379 1458 2411 martyrem.
1483 2377 1583 2403 Annon
1613 2377 1687 2403 enim

898 2423 1021 2459 martyrii
1060 2430 1162 2450 corona
1199 2422 1246 2450 tibi
1276 2427 1379 2457 praesto
1413 2421 1480 2449 est?
1506 2422 1551 2457 qui
1576 2427 1689 2457 propter

897 2469 1035 2497 Christum
1060 2469 1137 2496 exsul
1157 2473 1185 2496 et
1199 2467 1360 2503 peregrinus
1373 2475 1469 2503 graves
1482 2476 1619 2495 aerumnas
1638 2477 1687 2496 su-

896 2514 991 2547 stines,
1003 2513 1085 2548 idque
1108 2514 1135 2540 in
1149 2521 1264 2549 corpore
1284 2515 1344 2541 tum
1355 2517 1451 2540 natura
1477 2520 1525 2539 sua
1538 2512 1685 2544 imbecillo,

896 2563 953 2585 tum
981 2559 1104 2594 pristinis
1128 2580 1135 2592 ,
1153 2564 1194 2586 sat
1220 2560 1277 2587 scio
1290 2580 1298 2592 ,
1314 2559 1437 2587 asceticze
1457 2558 1520 2585 vitae
1547 2557 1686 2584 laboribus

892 2604 993 2630 attrito.
1009 2603 1147 2631 Gloriatur
1162 2604 1188 2630 in
1209 2607 1235 2630 te
1247 2604 1462 2630 orthodoxorum
1481 2602 1594 2633 chorus,
1609 2601 1686 2629 laeta-

895 2653 939 2676 tur
954 2648 1190 2677 Nicomediensum
1203 2649 1310 2682 civitas,
1326 2653 1354 2676 et
1366 2647 1515 2682 triumphat
1534 2647 1608 2674 orbis
1628 2651 1685 2674 ter-

896 2699 987 2719 rarum
1017 2697 1044 2719 te
1072 2696 1235 2726 ostentans;
1272 2696 1300 2719 et
1333 2695 1426 2719 vetera
1457 2690 1521 2718 olim
1542 2690 1684 2718 decantata

893 2738 1040 2772 praesulum
1060 2746 1173 2765 suorum
1198 2739 1296 2774 probra
1310 2737 1458 2773 depellens.
1477 2737 1516 2764 Ac
1538 2737 1559 2764 si
1576 2736 1686 2772 proprie

634 2814 794 2846 "Joanm,
832 2815 875 2841 '57.
914 2816 936 2831 ⁸⁷
967 2814 1049 2842 llebr.
1065 2815 1146 2848 x,58.
1185 2816 1207 2832 "
1221 2815 1338 2844 Tantum
1363 2815 1446 2851 hujus
1471 2815 1552 2850 epist.
1577 2813 1682 2845 titulus,
