1926 3078
239 120 308 153 1123

831 126 862 157 S.
881 126 1079 158 THEODORI
1093 129 1269 162 STUDlTIE

1793 130 1865 162 1124

235 177 322 211 magis
333 176 498 212 loquendum
514 183 566 210 est.
580 179 698 206 exsultat
715 179 805 207 animo
817 186 927 208 sanctus
942 181 1026 209 Tara-

1085 185 1175 220 ivet'Sq.
1198 187 1229 212 Εἰ
1261 186 1290 212 δέ
1314 194 1341 212 τι
1365 186 1529 221 οἰκειότερον
1553 186 1594 212 δεῖ
1620 185 1722 219 φάναι“
1744 184 1865 220 Bonna-4

235 222 303 255 sius,
323 230 356 250 ex
372 223 447 250 caula
468 231 603 259 manuque
615 233 663 252 sua
691 226 767 260 prius
783 234 873 259 ovem,
892 232 948 254 tum
974 236 1018 262 pa-

235 273 335 295 storem
363 268 491 304 inclytum
527 270 622 297 videns
652 270 851 305 depugnantem
879 272 970 303 modo,
997 277 1025 299 et

235 312 384 339 discrimen
396 320 477 340 ornne
492 319 631 348 petentem
647 323 696 349 pro
721 315 772 342 ﬁde
787 316 938 343 orthodoxa
953 325 959 343 :
976 317 1023 351 qui

236 358 307 391 quod
336 357 361 383 in
376 365 405 384 se
427 363 496 391 erat,
511 367 560 394 per
574 360 705 395 synodum
720 360 768 388 Dei
797 361 881 396 gratia
911 363 1026 390 contulit

197 427 199 430 .
236 402 405 436 temporibus
424 402 564 439 Augustae.
589 413 649 439 qua
668 407 743 440 pacis
764 414 915 441 cognomen
942 408 1026 443 gessit

237 451 265 473 et
283 454 376 481 pacem
401 448 486 481 dedit,
506 448 543 475 ita
577 454 607 476 ut
633 458 676 478 res
695 451 760 485 ipsa:
778 451 936 479 nominibus
963 456 1027 486 apte

237 497 431 526 congruerent.
445 493 545 520 Verum
560 494 604 521 illa
620 495 729 529 quidem
755 495 795 522 sic
808 495 918 523 fuerunt
932 505 938 523 :
956 504 1027 531 prae-

238 538 326 564 sentia
340 545 406 564 vero
424 545 517 566 amara
539 543 567 566 et
585 540 717 567 luctuosa.
741 539 804 573 Qui,
821 541 894 568 enim
920 541 1026 569 aliter?

239 582 369 611 altaribus
390 585 588 617 exterminatis.
615 586 719 613 eversis
754 587 888 620 ecclesiis,
921 595 1028 615 sursum

239 628 366 656 deorsum
386 630 476 656 omnia
491 631 621 658 miscente
638 631 744 664 haeresi,
758 636 786 659 et
800 632 939 660 Christum
963 641 1026 660 cum

239 679 326 700 matre
344 678 371 701 et
387 675 472 702 servis
491 676 547 703 suis
570 681 760 711 persequente.
779 678 820 704 An
846 685 911 705 vero
932 686 1028 713 perse~

242 720 381 746 cntionem
410 721 480 754 passi
498 728 554 748 non
579 726 664 754 sunt,
695 722 807 757 dejectis
835 728 862 750 et
890 725 1031 758 prostratis

240 763 341 790 sanctis
365 764 484 798 ipsorum
502 765 662 800 imaginibus
677 766 688 793 ?
714 766 784 794 Num
800 775 874 802 ergo,
892 769 915 795 si
931 769 1030 796 viviﬁci

241 807 306 842 ligni
323 812 401 842 typus
424 809 574 842 aboleatur,
606 811 739 838 sublatam
757 819 773 838 e
800 813 890 840 medio
922 821 1031 841 crucem

241 853 303 886 quis
322 854 424 889 neget?
443 854 521 887 Quod
543 855 564 882 si
583 855 610 882 in
628 860 690 891 typo
709 857 761 884 diei
786 857 838 886 hoc
862 858 937 886 nullo
951 859 1031 886 modo
1045 853 1069 882 Β

243 902 354 933 potest,
379 906 427 926 cur
443 907 498 927 non
517 900 589 927 idem
607 901 687 928 etiam
707 902 735 929 in
749 902 865 938 imagine
893 903 1033 931 fatendum

243 943 301 970 sit?
318 943 453 978 siquidem
482 949 510 972 et
531 950 609 981 typus
629 946 687 981 ipse
717 947 807 983 imago
840 952 892 981 est,
919 956 951 976 ac
974 949 1035 976 vice

243 996 322 1016 versa
352 991 469 1018 recurrit
495 992 592 1019 oratio.
606 992 641 1019 At
664 992 789 1027 quisnam
802 1000 852 1028 ego
878 1001 937 1021 sum
953 994 1036 1022 miser

242 1040 271 1062 et
294 1043 434 1064 sacrorum
465 1037 621 1071 imperitus,
641 1038 686 1072 qui
723 1038 782 1065 haec
811 1038 902 1065 di\ino
916 1038 989 1066 Patri
1008 1043 1036 1066 et

242 1081 372 1115 magistro
414 1081 590 1109 edisseram?
613 1083 652 1109 Tu
675 1083 734 1118 ipse
765 1091 826 1115 nos,
851 1084 1032 1116 sanctissime,

243 1126 405 1161 perfectiora
422 1127 489 1155 doce
500 1148 508 1160 ,
529 1132 560 1155 ut
580 1128 678 1156 divinis
694 1128 816 1156 imbutus
830 1138 836 1156 :
851 1133 879 1156 tu
894 1129 973 1156 factis
990 1129 1034 1156 in-

243 1176 318 1198 strue
335 1172 368 1199 ad
385 1173 492 1200 fortiter
508 1173 648 1200 ferendam
665 1178 827 1208 praesentem
853 1182 901 1202 seu
915 1175 1032 1210 castiga-

243 1216 357 1248 tionem,
375 1225 424 1244 seu
441 1218 628 1252 probationem
652 1227 659 1245 :
690 1221 805 1253 quorum
823 1219 887 1246 illud
916 1220 992 1254 prius
1005 1221 1033 1246 in

244 1270 294 1289 nos
310 1263 424 1297 quadrat
440 1267 552 1298 propter
580 1268 691 1299 peccata
709 1273 716 1291 :
733 1265 870 1299 posterius
887 1266 914 1292 in
927 1270 953 1292 te
969 1274 1032 1300 pro-

244 1312 304 1342 pter
321 1308 439 1335 divinam
471 1309 630 1336 eharitatem
653 1310 771 1337 Christi:
792 1318 873 1345 quem
900 1315 929 1338 tu
954 1319 1033 1339 orare

244 1360 278 1380 ne
289 1361 379 1381 cesses
393 1359 422 1381 ut
436 1354 584 1389 impietatis
606 1356 730 1383 umbram
753 1356 892 1388 discutiat.
914 1361 941 1384 et
961 1365 1035 1384 sere-

245 1406 281 1426 no
307 1400 459 1434 tranquillae
485 1400 547 1428 ﬁdei
571 1401 690 1429 diluculo
715 1402 858 1430 celerrime
886 1407 1032 1438 permutet.

492 1459 561 1486 V.—
581 1461 727 1488 Naucratt'a
742 1461 810 1496 ﬁlio.

1074 231 1211 266 Ταράσιος
1223 232 1238 257 ὸ
1255 233 1284 258 έν
1298 232 1397 266 ἁγίῡις,
1413 233 1446 259 ἐκ
1459 232 1508 266 τῆς
1523 232 1605 258 αὑτοῦ
1621 231 1706 266 αὐλῆς
1716 231 1764 257 καὶ
1775 231 1865 266 χειρὸς

1074 277 1209 312 πρόϐατον
1235 278 1311 312 πρὶν,
1340 277 1436 304 ἔπειτα
1459 277 1577 311 ποιμένα
1602 276 1766 312 περιϐόητον
1781 276 1864 311 ὁρῶν,

1074 323 1156 348 τανῦν
1173 322 1373 358 ἀγωνιζόμενον
1387 322 1434 350 καὶ
1454 321 1697 357 προκινδυνεύοντα
1726 321 1800 356 ὑπὲρ
1818 321 1864 355 όρ-

1076 367 1197 404 θοδοξίας
1207 377 1215 384 ·
1263 369 1455 404 συνεισήνεγκε
1481 368 1515 394 τὰ
1531 368 1596 403 παρ’
1608 366 1704 393 ἑαυτοῦ
1717 366 1865 397 συνοδικῶς

1076 402 1167 448 χάριτι
1184 402 1251 440 Geo-ﬁ
1266 414 1295 440 ὲν
1311 402 1429 449 ἡμέραις
1444 412 1588 444 Βασιλείας
1603 412 1794 448 είρηνωνύμου
1819 411 1867 438 καὶ

1077 458 1269 494 είρηνόδώρου·
1283 459 1320 489 ὡς
1333 459 1494 494 συνδραμεῖν
1505 458 1673 492 φερωνύμως
1682 459 1739 489 τοῖς
1749 457 1866 491 ὀνόμασι

1078 503 1112 530 τὰ
1126 503 1288 538 πράγματα.
1309 503 1379 530 Ἀλλ’
1397 504 1490 529 ἐκεῖνα
1508 503 1557 537 μὲν
1571 502 1693 529 τοιαῦτα.
1711 502 1752 528 Τὰ
1772 501 1801 527 δὲ
1820 501 1867 528 νῦν

1079 548 1166 583 πικρά
1181 557 1210 574 τε
1227 548 1276 575 καὶ
1289 548 1423 575 ἐπώδυνα.
1439 548 1501 579 Πῶς
1516 547 1570 583 γὰρ
1587 547 1634 580 ob;
1663 546 1868 582 θυσιαπηρὶων

1079 593 1300 628 ἀφανιζομένων,
1324 593 1476 627 ἐκκλησιῶν
1500 592 1712 628 πορθουμένων,
1741 592 1798 619 ἀνω
1821 591 1869 618 καὶ

1080 639 1155 665 κάτω
1168 638 1296 672 κυκώσης
1309 639 1359 673 τῆς
1369 639 1512 673 αἱρέσεως,
1525 639 1572 664 καί¹
1581 638 1699 673 Χριστὸν
1714 637 1869 672 διωκούσης

1081 684 1130 710 σὺν
1147 684 1231 719 μητρὶ
1245 684 1292 710 καὶ
1308 684 1484 718 θεράπουσιν.
1499 684 1533 709 Ἦ
1552 683 1607 718 γὰρ
1623 683 1671 717 οὐχ
1685 679 1759 708 οὗτοι
1775 682 1870 708 δεδιωο

1080 730 1187 764 γμένοι,
1217 729 1271 756 τῶν
1298 729 1384 764 ἁγίων
1402 729 1513 756 εἰκόνων
1539 728 1628 755 αὐτῶν
1653 727 1868 762 πορθουμένων;

1081 777 1113 802 Ei.
1134 775 1170 810 μή
1187 776 1240 813 ἀρα
1255 775 1301 802 καὶ
1323 775 1371 801 τοῦ
1386 775 1472 801 τύπου
1484 774 1532 801 τοῦ
1547 773 1679 806 ζωοποιοῦ
1700 772 1779 806 ξύλου
1793 774 1868 806 ἀφα-

1082 819 1235 854 νιζομένου,
1265 819 1339 852 λέγοι
1368 827 1410 850 τις
1452 819 1499 845 τὸν
1525 816 1643 853 σταυρὸν
1675 817 1713 852 μὴ
1745 817 1870 843 ἐκποδὼν

1082 865 1228 898 γενέσθαι;
1243 865 1274 890 Εἰ
1291 864 1321 890 δὲ
1346 864 1394 890 ἐπὶ
1410 863 1485 890 τοῦδε
1502 864 1552 898 οὐχ
1574 862 1660 894 οὕτως
1674 862 1763 889 δοτέον
1775 871 1782 878 ·
1810 862 1870 892 πῶς

1082 910 1144 945 οὐχὶ
1160 910 1207 936 καὶ
1221 910 1269 936 ἐπὶ
1280 909 1329 944 τῆς
1344 909 1446 940 εἰκόνος
1461 908 1695 942 συγκαταθετέον;
1719 907 1801 934 εἰκὼν
1815 907 1870 942 γὰρ

1082 955 1130 982 καὶ
1154 954 1283 986 ότύπος·
1313 954 1351 986 ὠς
1378 954 1512 981 ἀνάπαλιν
1541 953 1714 988 ἀντιστρέφει
1739 954 1753 979 ό
1778 953 1868 986 λόγος.

1089 999 1168 1025 Ἀλλὰ
1196 999 1238 1030 τίς
1260 999 1317 1035 εἰμι
1334 999 1348 1026 ό
1366 999 1449 1031 τάλας
1474 999 1521 1026 καὶ
1547 999 1679 1034 ἀμύητος,
1699 998 1765 1032 θείῳ
1781 997 1872 1033 Πατρὶ¹

1083 1044 1131 1071 καί¹
1141 1044 1293 1079 διδασκάλῳ
1301 1044 1459 1078 αἰτιολογῶν
1472 1044 1574 1077 ταύτας
1587 1044 1623 1070 Σὺ
1638 1043 1711 1078 ἡμᾶς
1721 1043 1870 1075 διδάσκοις,

1084 1086 1107 1116 ὧ
1128 1090 1268 1124 ἱερώτατε,
1285 1089 1319 1116 τὰ
1335 1089 1486 1124 τελεώτερα
1496 1089 1534 1121 ὡς
1547 1089 1697 1124 θεομύητος
1709 1097 1716 1104 ·
1733 1089 1782 1115 καὶ
1797 1088 1872 1123 ἔργῳ

1085 1135 1222 1166 παιδεύοις
1238 1135 1332 1170 φέρειν
1346 1136 1488 1170 καρτερῶς
1515 1135 1564 1170 τὴν
1586 1134 1635 1161 νῦν
1650 1133 1706 1160 εἴτε
1732 1133 1872 1165 παιδείαν,

1084 1181 1140 1207 εἴτε
1154 1181 1316 1216 δοκιμασίαν
1329 1188 1336 1196 '
1351 1180 1382 1206 τὺ
1399 1181 1508 1216 πρῶτον
1524 1180 1568 1213 ἐφ’
1583 1176 1649 1214 ήμῖν
1663 1178 1705 1205 διὰ
1717 1177 1767 1209 τὰς
1778 1178 1873 1212 ἀμαρ-

1083 1226 1145 1257 τίας
1158 1235 1165 1242 ”
1189 1227 1220 1253 τὸ
1241 1226 1366 1262 δεύτερον
1390 1226 1437 1252 ἐπὶ
1463 1225 1516 1256 σοὶ,
1538 1225 1582 1251 διὰ
1602 1224 1650 1259 τὴν
1669 1223 1742 1250 θείαν
1759 1223 1874 1257 ἀγάπην

1085 1271 1205 1306 Χριστοῦ
1216 1279 1223 1286 ”
1237 1268 1261 1305 ᾦ
1279 1272 1430 1298 λιτανεύειν
1457 1270 1495 1306 μὴ
1520 1270 1653 1301 metm;
1674 1269 1807 1304 ἐκτρέψαι
1822 1269 1874 1304 τὴν

1086 1316 1137 1350 τῆς
1153 1315 1282 1348 ἀσεὸείας
1297 1316 1376 1343 σκιὰν
1388 1316 1428 1348 εἰς
1444 1315 1551 1352 πρωῖαν
1563 1314 1705 1350 εἰρηνικῆς
1716 1313 1875 1349 ὁρθοδοξίας

1085 1362 1212 1397 τάχιστα.

1272 1461 1312 1489 Ε’.
1328 1477 1364 1482 -
1377 1461 1554 1497 Ναυκρατίίρ
1565 1461 1670 1493 τέκνῳ.
1681 1459 1766 1497 [ριε’.]

291 1517 409 1544 Thaddzel
424 1518 537 1544 monachi
547 1521 704 1551 martyrium.
721 1521 759 1546 De
771 1521 918 1553 quibusdam
928 1521 1003 1552 lapsis
1015 1521 1128 1552 querela.
1140 1521 1254 1547 Hortatio
1264 1522 1294 1547 ad
1307 1521 1476 1547 constantiam.
1492 1522 1592 1553 (Baron.
1606 1528 1644 1546 an.
1657 1520 1712 1552 ΒΗ,
1725 1527 1750 1545 ιι.
1765 1521 1817 1552 53.)

280 1568 398 1598 Nuntius
413 1579 495 1606 supra
510 1573 649 1606 nuntium.
668 1578 695 1601 et
710 1581 801 1601 sermo
826 1581 908 1609 supra
930 1582 1034 1602 sermo-
1051 1577 1073 1606 α

246 1622 320 1643 nem.
339 1615 410 1649 Quid
434 1616 533 1649 dicam,
562 1622 610 1645 aut
632 1619 697 1653 quid
717 1619 840 1654 loquar?
856 1618 941 1651 Quem
970 1626 1035 1646 sen-

247 1668 307 1688 sum
327 1662 411 1689 miser
428 1663 534 1698 capiam
564 1663 591 1690 in
614 1663 647 1690 iis
672 1672 734 1699 qua:
758 1664 935 1691 acciderunt?
964 1663 1037 1691 Gau-

247 1706 322 1733 dium
335 1707 403 1734 mihi
420 1712 447 1735 et
462 1708 548 1741 dolor,
563 1709 688 1744 jubilatio
702 1714 730 1736 et
749 1709 847 1736 luctus.
865 1708 895 1735 1n
909 1708 1037 1736 affectum

247 1752 364 1780 duorum
391 1754 481 1782 medio
495 1755 600 1789 positus
619 1763 691 1788 sum,
709 1762 760 1782 nec
781 1759 900 1782 statuere
915 1762 1036 1790 possum.

247 1799 282 1826 ad
300 1804 391 1826 utrum
405 1807 449 1826 me
478 1805 649 1828 convertam.
666 1800 860 1827 Verumtamen
878 1799 963 1826 vincit
991 1799 1038 1834 qui

250 1844 378 1871 Satanam
392 1845 457 1872 vicit
479 1850 508 1872 et
534 1845 674 1880 principes
687 1850 715 1872 et
745 1850 862 1873 tortores
884 1845 966 1879 hujus
984 1852 1037 1871 sa:-

249 1889 314 1916 culi.
329 1889 407 1916 Morti
427 1897 478 1925 pro
504 1890 618 1917 Christo
643 1891 723 1918 datus
742 1895 784 1918 est
817 1889 920 1917 Christi
951 1897 1038 1925 agnus

249 1933 362 1969 flagellis
377 1935 514 1968 concisus,
525 1935 678 1963 'l'haddzeus
691 1936 712 1952 ”
728 1943 818 1963 ramus
831 1943 920 1968 meus,
933 1935 1037 1963 viscera

250 1988 330 2012 mea,
350 1980 421 2008 ﬁlius
450 1981 614 2009 obedientize
628 2001 635 2013 ,
660 1982 786 2009 surculus
814 1981 922 2016 pietatis
936 2002 943 2013 ,
963 1981 1037 2016 Apo-

210 2050 217 2056 .
249 2027 310 2054 stoli
324 2026 507 2061 cognominis.
534 2027 669 2055 Gaudium
681 2028 855 2060 immensum,
871 2027 1038 2055 incredibilis

251 2071 353 2105 laetitia,
369 2080 424 2099 non
445 2073 513 2100 mihi
542 2077 647 2100 tantum
677 2074 788 2109 pusillo,
816 2074 864 2101 sed
882 2078 908 2101 et
928 2073 1038 2108 Angelis

250 2117 353 2151 pariter
397 2122 425 2146 et
475 2119 645 2147 hominibus.
676 2119 760 2151 Quam
778 2120 949 2155 magniﬁcum
978 2124 1038 2146 sunt

250 2171 329 2196 opera
345 2168 402 2194 tua.
419 2163 530 2191 Domine
546 2165 571 2191 ίί
598 2165 670 2200 quod
687 2173 760 2192 nunc
784 2165 865 2192 eliam
891 2165 919 2192 in
942 2165 1037 2192 humili

250 2210 424 2244 generatione
440 2211 490 2238 ista
507 2212 696 2247 incorruptum
716 2213 838 2240 veritatis
859 2217 914 2240 tua:
940 2217 1037 2240 testem

251 2255 422 2290 produxisti:
444 2260 471 2283 et
489 2256 564 2283 hunc
581 2265 636 2284 non
658 2265 692 2284 ex
715 2257 884 2292 sapientibus
896 2278 904 2290 ,
917 2261 964 2284 aut
987 2265 1039 2284 no-
1051 2249 1078 2279 D

250 2299 350 2327 bilibus
365 2300 446 2335 hujus
471 2301 575 2334 mundi,
600 2302 647 2329 sed
675 2310 691 2330 θ
713 2302 792 2338 plane
816 2303 934 2330 diversis
967 2312 974 2330 :
1009 2308 1040 2330 nt

251 2345 373 2380 Apostoli
396 2353 487 2374 sermo
518 2347 700 2381 compleretur
716 2357 723 2374 :
739 2347 871 2384 Ignobilia
896 2349 988 2375 mundi
1015 2353 1040 2376 et

252 2392 458 2426 contemptibilia
472 2392 548 2427 elegit
564 2393 645 2426 Deus,
669 2399 693 2420 et
706 2402 736 2421 ea
748 2402 806 2429 qua:
822 2402 873 2420 non
887 2398 956 2426 sunt,
965 2399 993 2421 ut
1008 2402 1039 2421 ea

254 2445 314 2472 quw
329 2442 388 2464 sunt
400 2437 546 2465 destrueret
558 2439 579 2466 ¹.
592 2439 624 2466 Εῑ
638 2447 757 2474 quonam
767 2439 834 2467 mihi
848 2440 949 2472 abiisti,
962 2440 1040 2468 beate

253 2483 317 2510 ﬁli?
347 2483 394 2511 ubi
423 2487 476 2511 tam
491 2485 546 2512 cito
572 2485 708 2512 exaltatus
723 2493 753 2512 es
771 2486 798 2512 in
820 2490 969 2521 martyrum
999 2486 1040 2512 al-

253 2530 318 2557 bum
348 2531 482 2566 ascriptus
497 2532 509 2558 ?
525 2531 547 2558 0
564 2537 666 2559 sortem
679 2536 752 2558 tuam
766 2532 772 2558 l
791 2539 808 2558 ο
833 2531 1041 2566 generositatem

254 2578 342 2604 tuam!
355 2584 372 2604 ο
387 2577 508 2612 prudens
526 2578 671 2605 consilium
687 2581 763 2604 tuum
778 2577 784 2604 l
799 2577 861 2604 Uno
877 2577 921 2605 die
935 2577 1043 2604 inﬁnita

253 2622 352 2650 saecula
379 2623 558 2658 promeruisti
592 2632 599 2650 :
642 2631 692 2658 per
717 2623 887 2650 cruciatuum
910 2627 1045 2650 tormenta

253 2669 470 2703 inexplicabilem
498 2670 617 2697 lmtiliam
633 2669 746 2704 adeptus
773 2677 802 2697 es
833 2678 839 2695 ι
878 2673 989 2696 centum
1015 2673 1043 2696 et

255 2713 365 2749 triginta
383 2715 527 2741 verberum
546 2714 676 2750 suﬁ‘ragio
692 2715 801 2749 plenam
821 2714 922 2742 laboris
941 2721 1047 2742 merce-

1131 1575 1258 1609 Ἀγγελία
1274 1575 1317 1601 ἐπ’
1330 1575 1446 1610 ἀγγελίᾳ
1456 1583 1462 1590 ·
1487 1574 1566 1608 λόγος
1579 1574 1626 1600 ἐπὶ
1649 1573 1731 1609 λόγῳ.
1743 1573 1776 1600 Τί
1791 1573 1876 1604 εἴπω.

1086 1620 1134 1647 καὶ
1146 1620 1174 1646 τί
1187 1619 1311 1656 λαλήσω;
1324 1620 1383 1651 πῶς
1398 1620 1513 1646 διατεθῶ
1523 1621 1537 1646 ό
1547 1619 1630 1650 τάλας
1643 1620 1690 1645 ἐπὶ
1719 1619 1776 1649 τοῖς
1797 1626 1879 1652 γεγε-

1087 1665 1229 1700 νημένοις;
1250 1664 1330 1700 Χαρά
1343 1672 1389 1699 μοι
1401 1664 1448 1690 καὶ
1463 1663 1545 1699 λύπη·
1561 1663 1653 1694 ἄνεσις
1668 1663 1714 1689 καὶ
1736 1662 1879 1689 ἀπόκλαυ-

1088 1720 1148 1752 σιςι
1156 1711 1200 1738 Ἐν
1215 1711 1369 1746 μεταιχμίῳ
1382 1710 1429 1737 δύο
1443 1710 1537 1737 παθῶν
1546 1709 1750 1744 ἀπειλημμένος
1761 1708 1878 1742 γέγονα·

1088 1758 1135 1785 καὶ
1149 1758 1200 1784 οὐκ
1212 1757 1267 1792 έχω
1293 1757 1407 1792 πότερον
1421 1756 1571 1791 αἱρήσομαι
1583 1755 1683 1789 λέγειν.
1700 1754 1797 1788 Ὅμως
1812 1754 1881 1788 νικᾷ

1087 1805 1101 1830 ό
1130 1804 1244 1838 νικήσας
1271 1803 1317 1829 τὸν
1341 1803 1481 1834 Σατανᾶν,
1509 1801 1556 1828 καὶ
1585 1801 1648 1831 τοὺς
1671 1800 1805 1835 ἄρχοντας
1829 1800 1882 1826 καὶ

1087 1849 1222 1880 κολαστὰς
1239 1847 1286 1875 τοῦ
1302 1848 1399 1879 αἰῶνος
1412 1847 1500 1874 τοῦδε.
1527 1846 1697 1881 Ἐθανατώοη
1715 1845 1786 1880 ὑπὲρ
1805 1845 1881 1880 Χρι-

1088 1893 1152 1921 στοῦ
1165 1895 1195 1921 τὸ
1210 1894 1304 1929 ἀρνίον
1316 1893 1363 1920 τοῦ
1379 1892 1495 1928 Χριστοῦ
1511 1892 1738 1926 μαστιγούμενον,
1746 1891 1882 1922 Θαδδαῖος

1086 1941 1100 1967 ὁ
1123 1940 1189 1975 ὲμὸς
1203 1940 1303 1976 ὃρπηξ,
1318 1940 1347 1966 τὺ
1370 1939 1437 1974 έμὸν
1455 1938 1619 1972 σπλάγχνον,
1643 1937 1658 1963 ό
1682 1937 1740 1967 υίὸς
1757 1935 1808 1970 τῆς
1824 1937 1883 1963 ὐπ-

1087 1985 1184 2020 ακοῆς,
1198 1985 1229 2011 τδ
1245 1984 1368 2019 στέλεχος
1384 1983 1432 2018 τῆς
1449 1982 1602 2013 εὐσεϐείας,
1614 1983 1629 2008 ὁ
1644 1980 1690 2007 τοῦ
1712 1980 1882 2007 Ἀποστὸλου

1088 2031 1256 2066 συνώνυμος.
1279 2030 1462 2060 ’Λσάστακτος
1477 2029 1494 2063 ή
1521 2028 1605 2063 χαρὰ,
1629 2026 1837 2062 ἀνυπέρϐλητος
1863 2028 1882 2061 ἡ

1087 2076 1252 2112 εὐφροσύνη,
1274 2076 1324 2101 οὐκ
1344 2075 1407 2110 ἐμοὶ
1429 2073 1469 2109 τῷ
1494 2072 1616 2107 ταπεινῷ
1632 2072 1722 2107 μόνον,
1738 2071 1807 2097 ἀλλὰ
1832 2072 1884 2097 καὶ

1087 2122 1215 2157 ἀγγέλοις
1228 2121 1274 2148 καὶ
1286 2119 1452 2156 ἀνθρώποις.
1473 2118 1522 2151 Ὠς
1536 2118 1723 2153 ὲμεγαλύνθη
1747 2117 1784 2143 τὰ
1807 2116 1884 2150 ἔργα

1088 2175 1158 2198 σου,
1172 2165 1280 2200 Κύριεί
1294 2165 1335 2191 ὅτι
1349 2164 1396 2191 καὶ
1410 2163 1457 2190 νῦν
1471 2164 1499 2190 έν
1521 2164 1553 2198 τῇ
1569 2163 1682 2196 ταπεινῇ
1696 2162 1779 2196 γενεᾷ
1792 2161 1882 2196 ταύτῃ

1092 2213 1218 2248 μάρτυρα
1229 2210 1278 2245 τῆς
1294 2209 1422 2245 ἀληθείας
1434 2217 1481 2235 σου
1493 2209 1710 2244 ἀπαράγραπτον
1721 2207 1865 2239 ἀνέδειξας
1873 2215 1880 2222 ·

1091 2259 1138 2285 καὶ⁴
1150 2257 1245 2284 τοῦτον
1259 2257 1311 2283 οὐκ
1322 2257 1355 2283 ὲκ
1368 2255 1422 2282 τῶν
1439 2255 1529 2289 σοφῶν
1546 2255 1594 2282 καὶ
1615 2253 1734 2288 εὐγενῶν
1746 2253 1795 2279 τοῦ
1817 2253 1881 2288 τῇδε

1087 2303 1202 2338 κόσμου,
1218 2301 1275 2329 ἀλλ’
1290 2301 1322 2328 ἐκ
1336 2301 1390 2327 τῶν
1405 2300 1533 2332 ἐναντίως
1550 2299 1676 2334 ἐχόντων·
1687 2299 1731 2325 ἴνα
1744 2298 1880 2333 πληρωθῇ

1087 2351 1102 2376 ὸ
1124 2349 1203 2383 λόγος
1222 2347 1270 2375 τοῦ
1296 2347 1457 2374 Ἀποστόλου
1473 2354 1480 2362 ·
1499 2347 1551 2378 ὅτι,
1581 2346 1620 2372 Τὰ
1645 2343 1739 2379 ἀγενῆ
1769 2343 1820 2370 καί
1846 2343 1882 2369 τὰ

1087 2393 1309 2429 ἐξουθενημένα
1319 2392 1489 2424 ἐξελέξατο,
1505 2391 1555 2418 καί
1566 2390 1603 2416 τὰ
1614 2389 1657 2424 μὴ
1669 2389 1741 2416 ὄντα
1751 2396 1757 2402 ·
1776 2389 1828 2415 ἵνα
1844 2390 1881 2416 τὰ

1089 2444 1161 2470 ὄντα
1189 2441 1375 2476 καταργήσῃ.
1397 2440 1453 2467 Ποῦ
1479 2449 1524 2476 μοι
1543 2439 1677 2473 ἀπέστης,
1692 2435 1714 2464 ὦ
1741 2437 1881 2472 μακάριον

1090 2489 1200 2521 τέκνονς
1228 2487 1281 2514 ποῦ
1298 2487 1394 2514 θᾶττον
1412 2485 1595 2521 ὑπερυψώθης
1621 2484 1739 2520 μάρτυσι
1765 2483 1880 2517 συναρί-

1091 2535 1168 2569 θμιος
1183 2533 1318 2568 γεγονώς;
1337 2533 1370 2559 Ὦ
1385 2532 1435 2567 τῆς
1450 2531 1592 2566 ὲπιτυχίας
1607 2539 1653 2557 σου
1666 2530 1672 2556 ἰ
1691 2528 1714 2556 ὣ
1727 2529 1779 2563 τῆς
1799 2529 1879 2562 εὐγε-

1090 2580 1164 2611 νείας
1180 2580 1244 2606 σουί
1267 2579 1291 2606 ὣ
1317 2579 1368 2614 τῆς
1394 2577 1535 2608 εὐϐουλίας
1563 2577 1626 2602 σουι
1645 2575 1690 2602 Ἐν
1710 2574 1805 2609 ἡμέρᾳ
1830 2573 1879 2608 μ.ιᾷ

1091 2625 1240 2661 ἐκέρδησας
1250 2625 1380 2659 ἀπείρους
1393 2623 1506 2654 αἰῶνας·
1523 2623 1553 2649 ὲν
1569 2621 1660 2652 ἀνίαις
1673 2620 1879 2655 βασανιστικαῖς

1091 2670 1200 2705 ἐκτήσω
1209 2670 1258 2702 τὰς
1272 2669 1472 2704 ἀνεκλαλήτους
1491 2665 1661 2702 εὐφροσύνας
1673 2671 1681 2679 ·
1713 2666 1743 2690 ἐν
1759 2662 1878 2698 πληγαῖς

1091 2714 1189 2741 έκατδν
1217 2713 1286 2748 πρὸς
1318 2712 1463 2748 τριάκοντα
1492 2711 1608 2746 εἴληφας
1632 2708 1677 2736 τὸν
1701 2707 1806 2734 τέλειον
1829 2707 1879 2742 τῆς

293 2814 315 2830 ⁹⁹
342 2814 408 2841 Vide
434 2813 504 2841 intra
536 2814 616 2850 epist.
642 2814 686 2842 21.
726 2815 733 2830 ¹
755 2813 855 2842 Psalm.
872 2821 924 2847 xei.
940 2813 968 2841 6.
1006 2813 1035 2840 ’l

1085 2820 1118 2841 π.
1136 2820 1154 2846 l,
1170 2812 1216 2840 οε.
