1926 3078
77 125 142 157 1125

75 181 205 216 ἐργασίας
218 178 314 215 μισθὸν
327 180 377 207 σὺν
392 180 511 216 μάρτυσι
526 182 602 217 παρὰ
618 183 669 218 τῆς
682 184 763 218 ἁγίας
777 185 861 219 Τριά-
875 187 898 215 Α

76 225 128 256 δος.
145 225 233 259 Εῐπερ
253 225 267 250 ό
281 224 330 258 μὲν
344 225 393 259 τῆς
408 225 583 261 τελειότητος.
600 228 614 253 ὁ
627 227 656 254 δὲ
677 228 727 263 τῆς
746 229 861 264 Τριάδος

77 269 214 303 ἀναλογῶν
229 269 304 295 ἐστιν
313 269 439 304 ἀριθμός·
451 271 494 297 ἶνα
507 270 558 303 κάξ
570 271 653 298 αὐτοῦ
664 272 712 298 τοῦ
722 273 859 307 κολασμοῦ

77 323 120 340 σου
136 314 311 348 παραδείξειε
326 314 391 346 Θεὸς
409 315 439 341 τὸ
455 316 624 350 μεγαλοῳυές
648 325 705 344 σου.
736 318 773 344 Τὸ
792 315 862 353 αἷμά

76 368 131 392 σου,
150 359 237 394 μύρον
248 367 256 374 ’
270 359 301 386 τὸ
316 360 441 394 λείψανόν
456 369 515 394 σου,
527 362 665 397 ἁγιασμοῦ
684 364 861 398 μεταδοτικδν

75 407 128 437 τοῖς
143 405 273 440 ψαύουσι.
789 413 795 418 ’

109 452 211 487 Δέομαί
239 461 297 485 σου,
325 452 386 486 ἅγιε
411 452 458 480 τοῦ
487 453 554 480 Θεοῦ
573 454 700 487 Θαδδατε,
726 455 861 491 πρέσϐευε

77 498 143 532 ὑπὲρ
158 498 225 532 ἐμοῦ
235 498 281 524 τοῦ
293 498 403 531 ἀναξίου
417 499 511 526 δούλου
524 508 572 526 σου
585 509 593 516 ·
607 501 639 527 οὔ
654 501 708 536 γὰρ
723 501 815 536 τολμῶ
830 510 871 528 σε-

77 543 187 569 unum
211 543 316 571 τέκνον.
339 544 445 579 Ὁρᾶτε,
474 545 585 578 ἀδελφοί
609 555 671 581 μου,
696 546 723 573 τι
747 547 860 581 γέγονε·

77 590 149 616 τ·εηίον
165 589 302 624 Θησαυρὸν
313 590 360 616 καὶ
373 590 453 625 μέλος
469 591 653 627 ἐκεκτήμεθα.
673 593 766 628 Ἀρκεῖ
779 594 818 625 εἷς
832 602 861 620 τε

77 636 140 662 Θεοῦ
155 636 234 667 δᾶξαν
249 636 296 662 καὶ
315 636 448 671 ἡμέτερον
463 636 604 673 καύχημα,
621 638 688 673 ὁμοῦ
703 647 732 665 τε
747 639 795 665 καὶ
811 640 862 673 τῆς

77 681 137 716 ὅλης
170 681 333 716 Ἐκκλησίας
360 683 544 717 χαρμόσυνον,
569 685 584 710 ὁ
611 684 716 718 μάρτυς
743 685 861 719 Χριστοῦ

77 726 214 757 Θαδδαῖος.
237 726 270 752 Τί
295 725 397 759 sine;
415 727 570 761 Ἔσονται,
585 729 678 764 φησὶν,
701 731 729 756 at
753 729 862 764 πρῶτοι

76 772 209 805 ἔσχατοι,
236 771 286 798 καί
305 772 332 798 οἱ
350 771 475 806 ἔσχατοι
491 773 610 806 πρῶτοι.
627 773 712 800 Τοῦτο
737 775 785 801 ἐπὶ
812 775 860 801 τοῦ

83 816 210 843 Ἰακώῦου
234 818 306 851 φημὶ
320 817 365 843 καὶ
381 817 533 845 Λουκιανοῦ
547 826 554 833 ·
567 818 615 844 τοῦ
633 819 683 853 μὲν
695 820 863 855 ὲναολήσαν-

77 868 118 891 τος
129 867 137 873 ·
154 860 197 894 εἴη
212 861 259 886 καὶ
273 861 469 895 ὲναθλήσοντος
488 862 569 897 μέχρι
582 851 675 895 τέλους
686 872 693 879 ·
707 851 862 899 σὺνλΔνωρο-
877 851 899 879 Β

78 904 127 939 θὲιρ
146 905 194 931 καὶ
211 905 367 940 Βησαρῑωνι
390 905 470 941 [8ος.
500 907 561 934 cod.
588 907 735 942 Βισαρίωνι
751 907 778 943 ]!
806 909 860 935 Τοῦ

77 950 103 976 δὲ
123 951 194 977 κατά
210 951 260 982 τὰς
280 951 418 986 ἁμαρτίας
435 960 486 987 μου
509 954 715 988 ναυαγήσαντος
732 955 780 981 σὺν
805 957 862 987 τοῖς

77 996 244 1030 ὁμοτρόποις.
263 996 296 1022 Ὦ
313 997 371 1028 πῶς
397 997 494 1023 ἔπεσον
507 997 537 1024 ἐν
555 998 632 1033 μέσῳ
656 1000 809 1035 φωστήρων
835 1001 860 1027 οί

77 1042 221 1068 damnat!
245 1041 422 1069 Ἐπελάθοντο
439 1043 486 1069 τοῦ
502 1043 644 1079 εἰρηκότος
658 1045 713 1080 ἄρα
726 1053 734 1061 ·
747 1045 795 1080 Μὴ
809 1054 862 1080 φο-

77 1086 183 1120 ϐηθῆτε
208 1087 267 1114 ἀπὸ
295 1087 355 1114 τῶν
378 1089 608 1116 ἁποκτενόντων
631 1090 665 1116 τὸ
692 1090 788 1125 σῶμα.
815 1091 862 1125 Μὴ

77 1133 127 1168 γὰρ
142 1134 173 1159 οὐ
200 1134 390 1169 κατεμέτρησε
417 1135 448 1161 τὸ
464 1135 575 1162 δυνατὸν
595 1136 609 1162 ὁ
628 1135 708 1170 μόνος
729 1137 863 1173 δυνάστης

77 1180 119 1204 καὶ
134 1179 262 1214 δυναμῶν
282 1182 346 1212 τοὺς
370 1181 567 1216 ἀσθενοῦντας;
595 1184 651 1211 Καὶ
674 1185 698 1211 οἱ
723 1185 862 1221 μάρτυρες

75 1225 198 1259 ἐγγύθεν.
227 1227 272 1261 Μὴ
304 1227 359 1262 γὰρ
387 1228 436 1255 οὐκ
468 1228 662 1265 ἐξαιρούμενος
684 1231 714 1263 ἐξ
739 1232 862 1266 ἀνάγκης

76 1272 134 1303 τοὺς
168 1272 209 1298 ἔτι
241 1273 278 1308 μὴ
306 1273 449 1308 ἰσχύοντας
476 1277 508 1310 τῇ
540 1275 640 1310 φύσει,
672 1277 702 1303 οὐ
733 1278 766 1312 τῇ
794 1286 862 1312 προ-

76 1317 171 1350 Θέσει;
194 1319 250 1346 Kal
275 1320 293 1346 ὁ
311 1319 427 1355 μάρτυς
453 1320 582 1353 Θαδδαῖος
610 1322 646 1348 ἐν
669 1322 787 1356 οὐρανῷ
813 1329 863 1350 πι-

75 1365 156 1397 στός.

106 1411 152 1445 Μὴ
167 1411 200 1447 δὴ
212 1408 269 1444 οὖν,
285 1412 395 1446 ἀδελφοί
405 1421 468 1448 μου,
479 1413 656 1448 ποηθῶμεν,
669 1414 738 1450 μηδὲ
749 1414 864 1450 ἔμφοϐοι

74 1457 220 1492 γενοίμεθα
238 1460 271 1494 τῇ
291 1458 345 1485 τῶν
366 1459 527 1494 ἡττημένων
541 1459 665 1487 πτώσει·
692 1461 731 1493 ὡς
753 1462 794 1488 ὅτι
817 1462 864 1488 καὶ

75 1503 154 1555 ipse};
181 1504 231 1539 οὐχ
256 1504 406 1555 ῦποίσομεν
431 1505 481 1537 τὰς
507 1506 626 1541 πληγάς.
653 1507 863 1542 Οίσομενβεοῦ
877 1524 900 1555 c

74 1547 197 1584 δυνάμει,
227 1550 274 1576 καὶ
300 1550 499 1585 διαϐησόμεθα,
528 1551 581 1579 κᾶν
603 1552 670 1587 πῦρ,
696 1553 748 1580 κᾶν
776 1554 862 1588 ξίφος,

75 1593 138 1625 Θεὸς
154 1595 169 1620 ὀ
183 1594 391 1629 προηγούμενος
402 1595 450 1622 καὶ
465 1596 706 1632 προσκαλούμενος
731 1598 864 1625 εἰσελθεῖν

75 1639 147 1674 ἡμᾶς
165 1640 207 1671 είς
225 1639 275 1675 τὴν
288 1641 500 1677 ἐπηγγελμένην
514 1643 582 1677 ἡμῖν
600 1643 750 1677 βασιλείαν,
769 1644 806 1676 ὡς
819 1644 865 1671 τὸν

80 1684 187 1720 Ἰσραὴλ
215 1686 255 1716 είς
280 1685 331 1720 τὴν
343 1686 396 1721 γῆν
412 1687 463 1720 τῆς
477 1688 655 1722 ἐπαγγελίας.
681 1690 738 1716 Οὐκ
757 1690 815 1716 In:
839 1689 865 1716 τί

76 1730 241 1757 πεπόνθασιν
251 1731 276 1757 ol
286 1731 348 1757 τότε
358 1733 573 1765 ἀναστατοῦντες
586 1734 631 1760 τὸν
642 1734 716 1768 λαὸν,
729 1735 864 1770 λέγοντεςο

75 1776 110 1802 Οὐ
125 1776 297 1811 δυνησόμεθα
313 1777 438 1812 διαϐῆναι
448 1787 456 1794 ·
484 1779 525 1805 ὃτι
550 1779 609 1806 ὲκεῐ
623 1780 714 1812 πόλεις
728 1781 866 1817 τειχήρεις

74 1822 124 1855 ἕως
139 1822 188 1850 τοῦ
203 1823 330 1857 οὐρανοῦ,
346 1824 394 1851 καὶ
407 1824 537 1859 γίγαντες
558 1826 587 1852 ἐν
607 1823 649 1857 οἷς
669 1826 683 1852 ό
704 1826 794 1854 Ἐνάκ.
809 1827 865 1854 Καὶ

73 1868 98 1894 τί
111 1869 144 1896 τὸ
157 1869 272 1903 γεγονός
281 1878 289 1902 ;
298 1870 360 1904 οὐχὶ
372 1870 417 1896 διὰ
428 1871 507 1898 τοῦτο
517 1871 595 1898 αὐτοὶ
607 1871 659 1906 μὲν
669 1874 864 1909 πυρίκαυστον

73 1914 86 1939 ὁ
101 1913 129 1940 δὲ
146 1915 303 1950 γογγυστὴς
319 1915 385 1947 λαὸς
402 1916 475 1948 ἅπας
483 1916 578 1944 ὤλετο·
590 1915 670 1945 ὧντὰ
681 1919 755 1947 κῶλα
767 1920 866 1948 ἔπεσεν

73 1959 100 1985 ὲν
114 1961 149 1994 τῇ
163 1959 278 1994 ὲρήμῳ;
303 1960 348 1995 Μή
376 1968 420 1992 τις
433 1961 556 1993 τοιοῦτος
575 1963 732 1998 ἀναστάτης
745 1972 753 1980 ·
771 1965 808 2000 μή
823 1974 866 1997 τις

73 2004 214 2040 ὀλίγωρος·
228 2006 266 2040 μή
278 2013 319 2037 τις
329 2006 467 2038 δύσελπις.
478 2007 669 2043 Διασησόμεθα
676 2007 734 2043 οὖν,
742 2009 865 2045 ἀδελφοὶ,

72 2048 261 2085 διαὸησόμεθα
278 2050 316 2082 ὡς
327 2051 418 2078 Χαλὲε
432 2052 514 2087 λέγω,
531 2055 579 2080 καὶ
597 2055 700 2089 Ἰησοῦς
713 2055 761 2082 τοῦ
773 2056 864 2091 Ναυῆ,

72 2096 94 2122 ot
108 2096 159 2130 τῆς
173 2096 344 2131 ἐπαγγελίας
358 2098 536 2134 κληρονόμοι.
551 2099 634 2135 Τείχη
649 2101 716 2136 ἡμῖν
738 2110 866 2129 κατασει-

74 2140 221 2176 σθήσονται
251 2142 344 2178 νοητὰ,
373 2143 411 2175 ὡς
441 2144 594 2180 τηνικαῦτα
619 2147 653 2172 τὰ
688 2147 866 2183 Ἰεριχοὺντια

675 127 944 158 EPISTOLARUM
969 126 1043 157 LIB.
1064 127 1106 157 II-

1631 127 1699 158 11⁵26

912 184 974 211 dem
989 192 1004 211 a
1019 188 1113 212 sancta
1140 182 1274 210 Trinitate
1291 190 1353 210 eum
1378 183 1543 219 martyribus
1559 184 1699 218 accepisti.

911 229 1045 256 Nimirum
1069 229 1114 256 ille
1138 228 1324 263 perfectionis,
1359 229 1404 256 hic
1420 228 1562 257 Trinitatis
1583 229 1701 264 speciem

910 283 1042 303 numerus
1056 279 1234 309 repraesentat
1250 283 1257 307 ;
1271 279 1299 302 ut
1314 274 1355 302 vel
1383 282 1416 301 ex
1437 275 1495 309 ipso
1511 275 1642 310 supplicio
1654 279 1702 302 tuo

911 321 994 348 animi
1024 321 1063 347 tui
1085 321 1300 355 magnitudinem
1328 320 1398 347 Deus
1426 321 1558 348 ostendat.
1586 321 1701 356 Sanguis

912 371 991 398 tuus,
1013 370 1180 400 unguentum
1197 374 1204 395 :
1222 366 1345 401 reliquiae
1373 370 1427 394 tute
1442 386 1450 400 ,
1478 367 1702 395 sanctiﬁcationis

912 412 1084 447 tangentibus
1106 412 1274 447 largitricea.

946 456 1000 483 Oro
1026 462 1064 489 te,
1091 462 1185 484 sancte
1225 457 1271 484 Dei
1301 457 1450 491 Thaddaee,
1476 457 1613 485 intercede
1652 466 1702 493 pro

911 509 955 528 me
983 501 1093 537 indigno
1121 501 1223 528 famulo
1254 506 1318 534 tuo;
1351 510 1441 538 neque
1468 503 1541 530 enim
1566 503 1653 530 audeo
1676 509 1703 531 te

915 546 999 573 filium
1024 547 1173 581 appellare.
1198 547 1311 579 Videtis,
1337 548 1444 581 fratres,
1473 548 1538 583 quid
1562 549 1702 581 acciderit,

911 592 1023 626 qualem
1059 592 1238 626 thesaurum,
1265 598 1293 620 et
1320 593 1400 627 quale
1427 594 1579 620 membrum
1614 594 1702 628 possi-

911 638 1036 665 deamus.
1072 636 1179 665 Suﬂieit
1210 638 1243 665 ad
1270 638 1316 664 Dei
1353 638 1489 673 gloriam,
1519 638 1552 665 ad
1582 643 1704 666 ostenta-

914 683 1016 710 tionem
1044 688 1178 716 nostram,
1211 684 1244 711 ad
1273 684 1401 712 Ecclesiae
1434 685 1518 712 totius
1546 686 1703 712 exsultatio-

911 737 973 756 nem
1000 729 1103 756 Cbristi
1138 734 1242 764 martyr
1283 729 1448 757 Thadilaeus.
1488 731 1558 763 Quid
1581 732 1704 758 caetera?

911 774 1006 807 Erunt,
1028 774 1126 808 inquit,
1142 775 1222 808 primi
1237 775 1380 808 novissimi,
1397 775 1421 802 et
1432 776 1564 803 novissimi
1584 777 1664 810 primi
1681 777 1703 803 ³.

913 819 970 846 Hoc
984 819 1017 846 de
1031 818 1134 846 Jacobo
1152 819 1268 846 dixerim
1285 823 1312 847 et
1332 820 1454 847 Luciano
1474 829 1481 847 :
1497 828 1614 855 quorum
1636 821 1707 848 alter

914 866 1023 901 quidem
1035 866 1196 898 decertavit,
1212 870 1240 893 et
1264 866 1369 893 utinam
1398 874 1485 901 usque
1500 867 1533 894 ad
1555 867 1637 894 finem
1656 867 1707 894 de-

914 915 1057 944 certasset,
1085 919 1147 939 cum
1191 912 1330 939 Dorotheo
1361 916 1388 939 et
1423 913 1603 940 Bessarionel
1640 913 1707 940 alter

914 962 1026 992 propter
1047 962 1158 992 peccata
1196 965 1258 984 mea
1291 958 1464 993 naufragium
1487 959 1553 986 fecit
1577 967 1639 986 cum
1664 959 1707 986 sui

915 1003 1061 1031 similibus.
1076 1003 1244 1038 Oquomodo
1265 1004 1424 1031 ceciderunt
1448 1005 1475 1031 in
1510 1005 1601 1032 medio
1624 1004 1708 1032 lumi-

915 1058 981 1077 num
996 1049 1120 1077 infelices
1136 1050 1142 1076 l
1160 1049 1242 1078 Obliti
1259 1049 1332 1076 illius
1351 1050 1397 1084 qui
1413 1050 1500 1078 dixit:
1517 1049 1605 1077 Nolite
1617 1050 1708 1076 timere

915 1103 958 1122 (as
968 1095 1013 1130 qui
1025 1095 1145 1122 occidunt
1157 1095 1278 1129 corpus‘.
1295 1096 1392 1122 Annon
1403 1095 1477 1122 enim
1494 1095 1566 1122 vires
1579 1099 1607 1121 et
1621 1093 1708 1122 facul-

915 1144 997 1168 tatem
1008 1141 1148 1168 dimensus
1162 1144 1214 1173 est,
1225 1141 1271 1174 qui
1282 1141 1356 1168 solus
1368 1145 1467 1175 potens
1481 1145 1533 1173 est,
1547 1145 1574 1168 et
1586 1141 1709 1167 inﬁrmos

915 1186 1096 1214 confortans?
1119 1186 1155 1213 At
1189 1190 1274 1213 testes
1293 1187 1394 1213 adsunt
1414 1186 1448 1213 dc
1476 1186 1638 1221 propinquo.
1653 1185 1710 1213 An-

915 1239 970 1258 non
987 1239 1034 1259 eos
1046 1232 1128 1266 eripit
1150 1232 1183 1258 de
1207 1231 1384 1259 tribulatione
1407 1231 1454 1266 qui
1486 1231 1558 1259 vires
1587 1232 1709 1259 nondum

915 1277 1018 1305 habent
1028 1283 1124 1304 natura
1150 1285 1205 1304 non
1221 1278 1363 1306 voluntate
1376 1278 1389 1304 ἲ
1402 1279 1435 1305 At
1455 1278 1528 1305 testis
1546 1277 1709 1305 Thadtlaeus

915 1324 944 1351 in
954 1324 1018 1352 caelo
1036 1324 1124 1358 ﬁdelis
1135 1324 1146 1339 '
1162 1343 1170 1351 .

951 1412 991 1441 Nc
1005 1413 1088 1449 igitur
1103 1417 1268 1444 terreamur,
1289 1412 1400 1444 fratres,
1424 1419 1514 1447 neque
1540 1411 1631 1439 animo
1646 1420 1710 1439 con-

916 1463 1073 1486 sternemur
1098 1459 1133 1486 ob
1147 1458 1253 1486 cladem
1269 1465 1364 1484 eorum
1380 1457 1426 1492 qui
1444 1457 1512 1492 lapsi
1541 1461 1616 1488 sunt,
1631 1458 1709 1492 quasi

917 1505 1009 1540 plagas
1024 1509 1052 1532 et
1064 1504 1118 1539 ipsi
1132 1504 1256 1539 perferre
1282 1511 1337 1530 non
1362 1503 1509 1538 possimus.
1537 1503 1709 1531 Perferemus

915 1550 962 1577 Dei
982 1550 1142 1582 virtute.'et
1165 1549 1354 1577 transiliemus
1381 1549 1507 1583 quamvis
1537 1556 1587 1583 per
1604 1549 1708 1584 ignem,

915 1596 1040 1630 quamvis
1054 1603 1103 1630 per
1118 1595 1249 1630 gladium.
1272 1594 1344 1622 Deus
1359 1599 1401 1622 est
1415 1594 1461 1629 qui
1491 1602 1543 1621 nos
1573 1594 1660 1626 ducit,
1680 1598 1710 1621 et

915 1642 1012 1669 invitat
1025 1646 1057 1669 ut
1071 1641 1239 1676 promissum
1266 1640 1344 1668 nobis
1370 1647 1483 1676 regnum
1505 1640 1652 1673 intremus,
1670 1640 1708 1668 si-

915 1692 961 1715 cut
973 1687 1059 1715 Israel
1077 1692 1178 1714 terram
1209 1686 1409 1721 promissionis.
1433 1686 1550 1713 Nescitis
1579 1686 1644 1721 quid
1676 1686 1709 1713 iis

916 1734 1062 1769 contigerit
1079 1754 1086 1766 ,
1108 1733 1155 1768 qui
1185 1733 1316 1768 populum
1350 1736 1417 1759 tunc
1442 1731 1648 1764 subvertebant,
1666 1731 1709 1759 di-

917 1784 1013 1808 centes
1028 1788 1034 1806 :
1048 1779 1109 1806 Non
1141 1778 1294 1813 poterimus
1315 1783 1478 1812 penetrare,
1494 1777 1622 1811 quoniam
1653 1778 1709 1805 illic

916 1825 997 1852 urbes
1012 1831 1098 1859 usque
1121 1823 1150 1850 in
1172 1823 1274 1850 caelum
1286 1826 1408 1851 muratas
1428 1822 1547 1849 vidimus
1557 1843 1564 1855 ,
1578 1826 1605 1849 et
1619 1822 1710 1858 gigan-

916 1874 968 1901 tes,
988 1870 1061 1897 inter
1069 1876 1140 1904 quos
1156 1869 1233 1896 Enac
1244 1868 1255 1884 ⁸
1268 1887 1275 1895 .
1294 1867 1365 1901 Quid
1391 1867 1491 1896 deinde
1505 1872 1630 1895 secutum
1648 1868 1710 1895 est?

915 1914 1012 1942 Nonne
1026 1915 1061 1942 ob
1080 1922 1140 1942 eam
1156 1921 1268 1941 causam
1280 1914 1341 1949 igne
1354 1913 1480 1941 succensi
1495 1917 1569 1945 sunt,
1584 1916 1613 1940 et
1634 1921 1710 1940 mur-

916 1965 1039 1988 murator
1053 1961 1172 1995 populus
1187 1959 1336 1987 universus
1351 1959 1464 1991 interiit.
1480 1963 1508 1986 et
1526 1959 1649 1986 membra
1666 1967 1712 1986 eo-

916 2015 978 2034 rum
991 2006 1150 2034 ceciderunt
1166 2006 1194 2033 in
1207 2005 1357 2033 solitudine
1369 2005 1381 2031 7
1404 2005 1501 2032 Nullus
1517 2004 1553 2032 sit
1565 2004 1711 2039 hujusmo-

916 2054 944 2082 di
966 2053 1155 2088 perturbator,
1182 2052 1274 2079 nullus
1297 2055 1481 2086 contemptor,
1510 2051 1601 2077 nullus
1614 2046 1723 2086 despe-'

916 2099 1068 2127 rabundus.
1082 2099 1327 2134 Transgrediemur
1334 2097 1450 2125 omnino
1464 2117 1471 2129 .
1484 2096 1596 2129 fratres,
1615 2102 1708 2124 trans-

917 2146 1082 2182 grediemur,
1112 2145 1182 2172 sicut
1209 2144 1303 2175 Caleb,
1334 2144 1456 2178 inquam.
1486 2147 1514 2169 et
1535 2141 1616 2170 Jesus
1641 2142 1713 2170 ﬁlius

73 2187 204 2222 σάλπιγγι
222 2188 411 2223 εὐχαριστίας,
427 2190 458 2225 ἢν
471 2188 538 2227 ᾖσεν
550 2192 564 2218 ὁ
576 2192 711 2227 μακάριος
720 2193 861 2227 Θαδδαῖος,

916 2193 1000 2226 Nave,
1017 2192 1205 2228 promissionis
1237 2191 1370 2219 haeredes.
1404 2190 1541 2218 Corruent
1565 2195 1629 2218 ante
1660 2198 1712 2218 nos

71 2232 157 2267 ψάλας
172 2235 206 2260 ἐκ
226 2234 350 2269 βαλϐῖδος
364 2236 418 2263 τῶν
437 2236 525 2264 πόνων
540 2245 547 2253 ο
566 2238 647 2272 Αὕτη
668 2239 689 2272 ἠ
715 2239 809 2274 ἡμέρα
824 2240 864 2274 ἢν

70 2278 219 2314 ἐποίησεν
233 2281 250 2306 ὀ
263 2281 382 2314 Κύριος.
407 2281 485 2308 Οὕτω
503 2283 666 2318 παρακαλῶ,
686 2283 773 2317 οὕτως
788 2286 864 2313 ἀντι-

71 2322 141 2350 ϐολῶ
158 2333 165 2340 ·
192 2324 285 2359 ’Υπὲρ
313 2327 444 2360 Χριστοῦ
460 2327 527 2363 γὰρ,
551 2329 629 2364 φησὶ,
646 2331 863 2366 πρεσϐεύομεν,

70 2369 109 2403 ὡς
124 2371 181 2398 τοῦ
206 2371 280 2398 Θεοῦ
296 2373 546 2407 παρακαλοῦντος
567 2374 605 2400 δι’
619 2374 715 2409 ἡμῶν.
741 2376 864 2411 Δεόμεθα

73 2416 108 2452 μὴ
120 2417 315 2453 δειλανδρῆσαι
330 2419 400 2454 πρὸς
416 2419 463 2446 τὸν
482 2419 553 2456 ὑπὲρ
568 2420 652 2447 αὐτοῦ
667 2421 715 2448 καὶ
727 2422 776 2448 σὺν
789 2423 864 2459 αὐτῷ

72 2464 199 2498 θάνατον,
215 2466 264 2492 ἐὰν
275 2466 334 2502 δέῃ.
352 2467 424 2502 Πρὸς
437 2467 540 2499 πάντας
557 2469 574 2503 ἡ
588 2468 716 2505 ἐπιστολή
732 2477 739 2485 ·
756 2469 809 2496 κᾶν
823 2470 864 2502 είς

71 2511 218 2545 πρόσωπόν
229 2519 288 2543 σου,
302 2512 396 2539 τέκνον
409 2513 521 2547 ἀγαθόν.
532 2514 578 2541 Διδ
592 2514 640 2541 καὶ
651 2515 757 2547 πάντας
775 2516 864 2543 ἀσπά-

71 2554 165 2591 ζομαι,
183 2557 233 2584 καὶ
256 2558 324 2584 πᾶσι
345 2559 487 2594 συγχαίρω
503 2560 532 2586 ὲν
552 2561 610 2592 τοῖς
626 2561 782 2596 παθήμασι.
808 2562 864 2588 Καὶ

70 2601 110 2632 τίς
125 2601 205 2634 ἄξιος
217 2602 466 2640 ἀνταναπληρῶσαι
485 2605 519 2632 τὰ
537 2606 714 2642 ὑστερήματα
737 2607 792 2634 τῶν
809 2607 866 2634 θλίο

70 2646 144 2681 ψεων
160 2647 211 2675 τοῦ
226 2649 344 2683 Χριστοῦ
356 2650 386 2676 ὲν
401 2652 435 2686 τῇ
449 2652 532 2686 σαρκὶ
549 2651 651 2685 αὑτοῦ;
674 2653 731 2679 Καὶ
744 2653 805 2680 οὐαὶ
824 2653 864 2689 τῷ

71 2691 178 2729 ἐξάρνῳ
191 2695 241 2721 καὶ
255 2695 437 2728 ἔκκεκλικότι,
453 2696 504 2723 κᾶν
517 2696 633 2730 θάνατος
646 2705 654 2713 ’
671 2698 713 2725 ὅτι
725 2699 739 2724 ό
755 2699 865 2730 αἰώνιος

71 2737 187 2771 θάνατος
206 2743 339 2776 ποιμανεῖ
367 2741 460 2775 αὐτὸν,
489 2742 544 2770 Kal
575 2745 866 2778 κατακυριεὺσουσιν

106 2797 116 2812 ³
135 2797 235 2826 Matth.
253 2807 309 2831 xxI,
342 2799 386 2828 16,

74 2837 157 2865 (ατη,
172 2834 220 2861 24.
250 2834 272 2862 ll
290 2835 353 2862 Cor.
379 2844 407 2867 v,
422 2836 468 2863 20.
522 2837 544 2852 ¹⁰
569 2837 674 2864 Coloss.
693 2845 712 2869 ι,
728 2837 774 2864 ⁸24.

915 2239 1071 2274 spirituales
1088 2237 1169 2270 muri,
1193 2237 1264 2264 sicut
1291 2241 1349 2264 tum
1373 2235 1559 2263 Jerichuntini
1587 2235 1620 2262 ad
1648 2243 1712 2271 gra~~

917 2285 1015 2313 tiarum
1049 2284 1165 2312 actionis
1191 2283 1359 2311 buccinam"
1376 2302 1384 2315 ,
1411 2289 1464 2317 qua
1491 2281 1591 2309 cecinit
1616 2281 1712 2309 beatus

916 2330 1070 2358 'l‘haddaaus
1084 2337 1117 2357 ex
1131 2329 1190 2364 ipsa
1213 2329 1336 2356 laborum
1363 2332 1436 2355 meta
1451 2334 1601 2361 personans
1623 2335 1630 2353 :
1649 2325 1711 2353 Haec

917 2377 972 2404 dies
987 2384 1067 2410 quam
1083 2376 1143 2411 fecit
1159 2375 1286 2401 Dominus
1298 2374 1322 2400 ⁸.
1351 2373 1397 2400 Sic
1412 2380 1460 2400 oro
1473 2393 1481 2405 ,
1499 2372 1539 2399 sic
1571 2372 1709 2399 obtestor:

917 2423 970 2450 Pro
984 2422 1087 2450 Christo
1101 2421 1187 2452 enim,
1208 2421 1257 2452 ait,
1274 2420 1407 2454 legatione
1423 2418 1569 2454 fungimur,
1583 2423 1711 2453 tanquam

918 2467 971 2494 Deo
982 2467 1134 2494 exhortante
1148 2473 1194 2500 per
1204 2473 1250 2492 nos
1267 2465 1277 2480 ν
1294 2484 1301 2491 .
1320 2463 1506 2492 Obsecramus
1527 2470 1563 2490 ne
1581 2462 1710 2490 reformi-

916 2511 987 2539 detis
1003 2515 1120 2538 mortem
1145 2511 1243 2545 ipsam,
1265 2509 1288 2537 si
1316 2516 1386 2544 opus
1398 2509 1444 2542 sit,
1465 2515 1514 2543 pro
1540 2507 1586 2534 illo
1602 2512 1629 2534 et
1647 2515 1710 2534 cum

915 2558 962 2586 illo
977 2558 1129 2586 sustinere.
1146 2557 1184 2584 Ad
1212 2563 1308 2584 omnes
1359 2555 1419 2582 hac
1445 2553 1570 2588 cpistola,
1603 2553 1710 2580 tametsi

915 2604 950 2632 ad
982 2609 1009 2632 te
1044 2604 1212 2636 inscribitur,
1238 2603 1274 2630 ﬁli
1298 2602 1410 2638 optime.
1444 2600 1591 2635 Propterea
1615 2607 1711 2627 omnes

917 2651 1006 2679 saluto
1031 2655 1059 2678 et
1075 2650 1205 2678 omnibus
1220 2648 1342 2684 gratulor
1371 2647 1399 2674 in
1424 2646 1564 2674 a'rumnis.
1590 2645 1624 2672 Et
1648 2646 1711 2680 quis

918 2697 1017 2733 dignus
1049 2697 1101 2724 erit
1127 2696 1277 2731 adimplere
1300 2703 1331 2722 ea
1355 2701 1415 2728 quae
1427 2693 1528 2720 desunt
1551 2692 1710 2726 passionum

919 2743 1021 2771 Christi
1033 2742 1060 2769 in
1073 2749 1156 2770 carne
1171 2749 1219 2769 sua
1237 2741 1259 2756 ¹⁶
1273 2741 1285 2767 ?
1299 2739 1332 2767 Et
1343 2747 1384 2766 val.
1400 2737 1510 2773 neganti
1521 2741 1569 2764 aut
1584 2743 1710 2763 succum-

438 2800 450 2816 ⁵
464 2800 560 2829 Matth.
576 2810 604 2833 κ,
619 2801 664 2829 ‘28.
701 2801 712 2817 '
734 2802 791 2829 Pal.
816 2810 863 2830 Lxx

918 2809 948 2836 ιι,
973 2801 1018 2830 58.
1057 2802 1067 2817 ⁸
1092 2800 1172 2829 Deut.
1188 2808 1225 2832 ιε,
1248 2800 1292 2831 12,
1330 2799 1340 2814 "
1357 2797 1447 2825 Josue.
1468 2794 1564 2827 “,20.
1611 2793 1707 2820 'Psal.
