1926 3078
216 110 286 142 112⁸1

813 116 844 147 S.
859 116 1057 148 THEODORI
1078 118 1256 148 STUDIT/E

1788 118 1854 150 1123

207 167 294 199 benti,
325 166 390 195 licet
419 175 493 196 mors
522 168 680 204 impendeat
696 178 703 198 :
721 170 785 205 quia
812 178 887 199 mors
910 177 1011 200 aeterna

1065 175 1158 201 αὑτοῦ
1185 175 1211 201 οι
1236 173 1335 206 εὐθεῖς
1357 173 1391 199 τὸ
1405 173 1490 206 πρωΐ.
1506 173 1608 208 Εἰρήνη
1626 173 1690 209 ὑμῖν
1714 174 1853 210 Χριστοῦ.

207 212 338 248 depascet
361 220 423 240 eum
441 221 448 240 :
467 219 491 241 et
511 215 718 242 dominabuntur
733 216 790 250 ejus
808 218 872 244 recti
889 218 918 244 in
942 226 1002 244 ma-

209 258 329 285 tutino“
357 278 365 285 .
393 259 448 286 Pax
480 260 560 288 vobis
582 260 696 294 Christi,
726 262 820 294 robur,
847 261 979 290 fortitudo
997 282 1006 296 ,

207 304 360 332 consolatio
371 312 419 339 pro
434 305 566 334 fratribus
591 307 738 339 universis,
758 311 786 334 et
797 315 847 342 pro
858 316 902 335 me
921 316 1006 336 oran-

209 349 295 380 tibus,
323 355 353 377 ut
367 351 400 378 ad
417 359 478 385 quae
517 352 626 383 hortor.
655 352 714 388 ipse
727 353 854 388 impleam
876 353 924 381 Dei
951 354 1006 382 mi-

207 395 373 422 sericordia.
413 396 540 424 Salutant
571 405 621 424 vos
663 397 763 426 fratres
805 399 852 433 qui
896 407 1005 427 mecum

209 445 285 468 sunt.

350 487 432 516 VL—
445 488 604 524 Presbytero
619 490 664 525 qui
678 491 881 526 subscripserat.

1053 219 1173 254 κράτος,
1192 219 1269 253 ἰσχύς
1289 239 1297 252 ,
1314 218 1489 254 παράκλησις
1503 226 1510 234 '
1531 219 1766 255 προσευχομένοις
1789 221 1856 257 περὶ

1057 265 1167 292 πάντων
1184 264 1316 299 ἀδελφῶν,
1332 263 1381 290 καὶ
1409 264 1480 300 ὑπὲρ
1498 264 1566 299 ἐμοῦ
1578 283 1588 297 ,
1622 265 1667 292 ἵνα
1692 267 1853 302 πληρωτὴς,

1057 307 1096 337 ὧν
1109 310 1240 343 νουθετῶ,
1251 310 1324 337 ἐλέει
1346 309 1415 336 Θεοῦ
1434 309 1523 344 φανῶ.
1537 310 1570 337 Ol.
1590 310 1641 338 σὺν
1660 311 1724 346 ἐμοὶ
1743 311 1854 347 ἀδελφοὶ

1056 356 1235 389 ἀσπάζονται.

1166 491 1214 525 q’.
1228 504 1262 511 —
1277 489 1473 524 Πρεσϐυτάρφ
1487 490 1710 524 ὑπογράψαντι.
1754 489 1854 526 [ρμδῗ]

876 539 915 564 De
927 539 1019 564 sanctis
1031 538 1190 570 imaginibus.

244 587 315 621 Quid
335 595 414 622 passa
438 589 592 616 reverentia
615 593 663 616 tua
678 593 721 616 est
738 589 766 617 in
794 590 849 617 hoc
882 591 1008 618 subscri-

210 633 313 669 ptiOnis
327 634 470 669 naufragio
481 635 528 661 ?et
539 639 710 669 quantopere
736 635 842 670 lapsum
854 635 1009 664 deﬂevisti‘!

211 679 319 715 Lapsus
334 680 408 707 enim
432 688 529 708 revera
543 685 586 708 est
613 686 715 708 sanctae
746 681 848 710 Christi
882 683 1008 718 imaginis

211 727 335 757 violatio.
355 727 399 754 vel
419 735 502 754 manu
518 732 637 755 tantum.
657 728 698 755 Ex
707 727 800 755 libello
816 732 862 756 tuo
870 729 1005 761 intellexi,

211 780 229 801 ο
244 772 287 799 vir
302 771 371 805 Dei,
393 777 422 800 et
452 773 659 800 commiseratus
678 777 706 800 et
734 779 903 809 conquestus
925 782 1005 808 sum,

211 821 239 845 et
262 818 350 846 vicem
364 822 439 845 tuam
464 818 550 851 dolui,
566 818 761 846 miserabiliter
773 820 893 853 ejulans,
925 824 954 848 et
978 824 1008 848 ut

213 866 353 893 hominem
369 866 448 894 decet
463 866 583 893 fraterne
607 870 753 894 amantem.
783 866 892 893 Etenim
918 874 1008 892 sumus

212 911 320 937 invicem
333 911 449 938 membra
461 911 493 938 “.
502 910 534 937 Et
545 919 552 938 :
564 910 623 938 Siue
633 911 735 945 patitur
748 918 830 937 unum
845 911 1005 944 membrum,

213 959 327 992 compati
343 957 436 985 debent
455 958 545 985 omnia
560 958 678 985 membra
692 960 758 994 (vox
785 963 828 986 est
852 958 985 993 Aposttli)
999 978 1006 990 ,

211 1003 265 1030 sive
281 1003 411 1038 gloriatur
437 1012 518 1031 unum
543 1004 698 1036 membrum,
716 1004 845 1039 gaudium
866 1004 901 1030 ad
917 1005 1008 1031 omnia

213 1046 351 1080 pertinet“
365 1067 373 1075 .
400 1045 455 1074 Sed
487 1053 505 1073 ο
529 1046 714 1073 calamitatem
731 1047 738 1073 t
760 1045 869 1080 spoliati
889 1053 985 1073 sumus
999 1066 1006 1079 ,

213 1091 310 1122 territi.
321 1099 421 1126 pavore
440 1091 570 1126 perculsi.
590 1091 636 1118 ubi
659 1091 735 1118 nulla
763 1091 874 1126 pavoris
887 1112 894 1123 ,
933 1091 1008 1118 nulla

213 1143 295 1163 causa
312 1135 427 1164 terroris
441 1135 515 1162 fuit:
531 1135 667 1170 siquidem
693 1135 825 1171 legimus:
841 1136 881 1163 Ne
908 1141 1010 1162 terrea-

213 1182 282 1208 miui
297 1182 330 1208 ab
345 1182 385 1208 his
411 1182 457 1216 qui
483 1181 607 1209 occidunt
634 1189 749 1215 corpus,
776 1182 897 1208 animum
920 1187 1010 1209 autem

216 1235 268 1254 non
280 1232 386 1261 possunt
404 1226 499 1254 laudere
513 1227 547 1254 ".
564 1226 703 1259 Quorsum
713 1234 758 1254 me
773 1227 866 1262 igitur,
881 1227 927 1261 qui
949 1234 1009 1253 sum

213 1272 249 1299 ad
262 1271 364 1298 nullam
375 1278 433 1298 rem
449 1271 536 1304 utilis,
560 1279 688 1299 sermone
702 1271 859 1306 compellas,
874 1279 890 1299 ο
901 1271 1010 1299 amice?

214 1317 281 1350 Quae
291 1317 356 1344 mihi
372 1316 499 1344 medendi
510 1316 552 1344 vis
563 1321 614 1348 est,
622 1324 684 1344 cum
702 1316 753 1343 sim
768 1324 784 1343 a
794 1317 913 1351 peccatis
927 1323 1009 1351 mser.

216 1369 268 1389 nec
292 1369 326 1389 ex
363 1369 458 1389 eorum
485 1369 601 1389 numero
627 1361 726 1396 quibus
750 1361 843 1389 talium
864 1362 1009 1389 vulnerum

217 1408 377 1436 concredita
391 1407 497 1435 curatio
510 1408 546 1435 sit
560 1408 572 1434 ?
585 1407 643 1434 Non
658 1408 730 1435 enim
744 1407 817 1435 Deus
843 1407 1011 1435 confusionis

216 1459 260 1483 est
272 1463 280 1482 :
293 1462 353 1488 quas
365 1454 539 1489 presbyteros
549 1453 666 1481 attinent
674 1453 731 1480 sive
739 1453 906 1484 sacerdotes,
916 1460 1012 1480 emen-

216 1500 297 1528 dandi
313 1500 357 1534 jus
372 1507 404 1527 ac
420 1499 535 1527 sanandi
549 1499 685 1534 episc0pis
698 1499 836 1527 attribuit.
851 1499 922 1532 Quid
936 1508 951 1526 a
966 1507 1011 1526 me.

218 1552 250 1572 ca
264 1545 354 1580 poscis
374 1545 474 1580 quibus
486 1553 548 1572 sum
565 1544 674 1579 impar?
687 1543 747 1572 Non
779 1544 852 1572 licet.
875 1545 911 1572 At
939 1545 1012 1572 istud

219 1590 328 1618 interim
346 1595 401 1618 tum
417 1590 498 1618 dandi
508 1590 615 1618 consilii
639 1598 731 1623 causa,
748 1595 803 1617 tum
817 1590 1014 1618 benevolentia)

219 1636 413 1670 signiﬁcanda,
436 1643 553 1672 suggero
564 1643 597 1663 ac
618 1635 691 1666 dico,
705 1643 740 1663 ne
758 1640 784 1662 te
801 1635 935 1663 dimittam
954 1643 1014 1662 om-

219 1683 286 1710 nino
301 1690 317 1709 a
345 1689 477 1717 responso
491 1689 619 1709 vacuum.
635 1680 727 1708 Bonus
742 1686 785 1708 est
800 1681 874 1708 Deus
888 1681 934 1715 qui
958 1688 1013 1708 non

219 1727 278 1754 vult
294 1731 409 1754 mortem
426 1726 554 1760 hominis,
578 1726 626 1754 sed
650 1729 679 1753 ut
698 1725 784 1760 magis
798 1730 973 1753 couvertatur
986 1731 1015 1754 et

220 1773 294 1800 vivat
307 1772 330 1789 "
347 1791 355 1799 .
373 1772 401 1799 Si
416 1772 497 1807 igitur
515 1779 548 1799 ex
562 1771 654 1799 animo
684 1771 846 1806 paenitentia
861 1775 912 1804 est,
929 1772 1014 1799 sacris

223 1825 333 1852 operam
349 1817 415 1844 dare
426 1817 539 1844 omnino
563 1817 660 1844 desine
675 1825 681 1844 :
695 1817 748 1845 nisi
763 1816 835 1844 forte
857 1817 1013 1844 necessaria

222 1871 305 1890 causa
323 1862 535 1893 interveniente.
557 1866 652 1890 sancta
674 1863 814 1890 nonnullis
838 1863 1014 1898 impertieris.

223 1908 266 1936 Fit
288 1908 361 1935 cnim
376 1908 514 1935 interdum
530 1915 561 1935 ex
577 1908 742 1936 necessitate
755 1916 786 1936 ac
801 1908 971 1941 diiiicultate,
984 1912 1015 1936 ut

223 1961 239 1981 a
253 1953 343 1988 seipso
356 1952 418 1987 quis
426 1951 541 1987 accipiat
553 1957 662 1988 propter
677 1952 801 1980 haeresim
811 1952 1013 1980 declinandam.

223 2000 291 2031 Qum
303 1999 385 2034 igitur
401 1998 562 2033 praestitisti,
578 1998 635 2026 sive
647 2005 663 2025 a
677 2002 703 2025 te
728 1998 799 2033 ipso.
814 1999 872 2026 sive
887 1999 1016 2026 inductus

224 2044 259 2070 ab
269 2043 333 2075 alio,
349 2043 456 2078 egregia
480 2047 545 2070 sunt
559 2046 588 2071 et
602 2042 682 2079 digna
704 2043 783 2071 laude
799 2044 833 2071 ad
851 2044 1015 2072 ﬂectendum

1098 589 1161 618 οἷον
1177 589 1314 617 πέπονθεν
1330 589 1348 624 ἡ
1362 587 1488 623 τιμιότης
1501 595 1547 614 σου
1567 587 1596 613 ἐν
1610 585 1648 622 τῷ
1668 586 1790 622 ναυαγίῳ
1803 585 1856 621 τῆς

1063 636 1244 672 ὑπογραφῆς;
1277 635 1326 661 καὶ
1351 633 1451 661 ὁπόσον
1478 631 1645 659 ἀπεκλαύσω
1673 632 1704 658 τὺ
1734 632 1854 666 πτῶμας

1062 682 1167 716 Πτῶμα
1181 680 1237 716 γάρ
1249 681 1323 706 ἐστιν
1334 678 1373 710 ὼς
1391 677 1499 714 ἀληθῶς
1512 678 1529 711 ἡ
1544 677 1614 704 κατὰ
1627 678 1675 712 τῆς
1688 676 1769 710 ἁγίας
1782 676 1856 703 εικό-

1061 736 1106 759 νος
1134 725 1182 753 τοῦ
1200 723 1319 760 Χριστοῦ
1346 723 1469 755 ἔκτασις,
1493 722 1542 749 καὶ
1563 722 1644 757 μόνον
1672 721 1722 756 τῆς
1749 720 1853 756 χειρός.

1059 772 1166 806 Ἐγνων
1183 771 1227 797 διὰ
1237 769 1284 797 τοῦ
1299 769 1442 797 πιττακίου
1460 777 1518 800 σου,
1532 764 1555 794 ὦ
1567 766 1694 802 ἄνθρωπε
1707 766 1754 793 τοῦ
1772 765 1854 798 Θεοῦ,

1057 818 1106 845 καὶ
1125 815 1317 852 συμπέπονθα,
1332 816 1380 842 καὶ
1391 813 1600 846 συνεποτνὶασα,
1619 812 1667 840 καὶ
1683 812 1853 847 συνήλγησα,

1059 863 1171 898 σχέτλια
1198 860 1396 896 φθεγξάμενος,
1427 859 1475 886 καὶ
1504 856 1548 884 οἷα
1573 857 1647 888 elue;
1672 856 1789 892 ἁρμόζει
1816 855 1856 890 τῷ

1059 908 1228 944 φιλαδέλφως
1241 907 1340 941 ἔχοντι.
1353 905 1408 932 Καὶ
1423 905 1479 939 γὰρ
1492 904 1570 939 μέλη
1587 903 1731 936 ἀλλήλων
1747 902 1855 936 ἐσμέν.

1059 954 1114 981 Kal
1127 962 1134 968 ·
1152 953 1220 979 Ειτσ
1235 952 1345 985 πάσχει
1360 950 1395 978 ἓν
1404 950 1508 985 μέλος,
1522 947 1718 983 συμπάσχειν
1737 948 1857 982 ὀφείλει

1059 999 1159 1026 πάντα
1186 997 1223 1024 τὰ
1237 996 1331 1032 μέλη·
1357 995 1444 1031 (φωνή
1472 994 1547 1020 ἐστιν
1572 992 1764 1028 ἅποστολική)’
1785 991 1857 1018 Εἰτε

1059 1043 1212 1077 δοξάζεται
1237 1042 1272 1069 ἓν
1294 1041 1399 1076 μέλος,
1422 1041 1441 1074 ἠ
1465 1039 1543 1074 χαρὰ
1557 1039 1605 1064 ἐπὶ
1623 1037 1728 1065 πᾶσιν.
1748 1036 1821 1063 Ἀλλ’
1834 1036 1857 1062 ὣ

1059 1091 1108 1126 τῆς
1133 1088 1284 1124 ἐπηρείαςῐ
1299 1085 1486 1122 ἐσυλήθημεν,
1511 1084 1697 1119 ἐπτοήθημεν,
1713 1081 1857 1117 ἐφοϐήθη-

1062 1144 1123 1172 μεν,
1150 1136 1180 1162 ἐν
1200 1132 1242 1166 οἷς
1264 1133 1294 1160 οὒ
1317 1131 1463 1167 φοϐητέον,
1477 1130 1532 1157 οὐδ’
1547 1127 1580 1156 αὖ
1597 1128 1728 1163 πτοητέον
1740 1135 1748 1142 ⁵
1776 1128 1857 1163 εἴπερ

1060 1179 1287 1215 ἀναγινώσκομεν
1305 1178 1346 1211 τὸ,
1361 1178 1411 1211 Μὴ
1437 1175 1589 1211 φοϐηθῆτε
1609 1174 1668 1202 ἀπὸ
1694 1173 1754 1200 τῶν
1779 1173 1857 1200 ἀπο-

1061 1227 1228 1255 κτεινόντων
1238 1225 1271 1251 τὸ
1285 1223 1382 1258 σῶμα,
1393 1222 1450 1256 τὴν
1461 1221 1496 1247 δὲ
1507 1219 1614 1255 ψυχὴν
1622 1218 1665 1254 μὴ
1678 1218 1858 1253 δυναμένων

1060 1273 1206 1300 λαϐέσθαι
1217 1269 1250 1307 [ί.
1260 1267 1431 1305 βλαὸἐσθαι].
1440 1266 1473 1293 τι
1483 1264 1533 1293 οὖν
1548 1265 1616 1302 πρός
1629 1273 1663 1300 με
1676 1265 1721 1291 τὸν
1733 1264 1856 1299 ἀχρεῖον,

1061 1317 1085 1346 ὧ
1099 1318 1173 1353 φίλε,
1189 1317 1343 1352 ἀνήνεγκας
1359 1314 1406 1340 τὸν
1417 1313 1495 1347 λόγον
1508 1321 1516 1345 ;
1533 1311 1581 1342 Tt;
1590 1310 1646 1345 ἐγὼ
1654 1310 1723 1346 πρὸς
1733 1309 1858 1343 ἰατρείαν

1061 1366 1075 1391 ὁ
1105 1363 1192 1391 νοσῶν
1221 1363 1250 1389 ἐν
1280 1360 1447 1396 ἁμαρτίαις·
1477 1359 1524 1385 καὶ
1551 1358 1581 1384 οὐ
1609 1357 1664 1384 τῶν
1682 1357 1717 1383 τὰ
1740 1355 1859 1382 τοιαῦτα

1024 1425 1045 1454 c
1063 1408 1289 1443 πεπιστευμένων
1306 1405 1397 1433 ἰᾶσθαι
1413 1404 1624 1454 συντριμματας
1636 1401 1722 1454 ’Ἐπεὶ
1789 1401 1857 1454 dra-

1066 1456 1125 1490 ξιας
1141 1455 1156 1481 ὁ
1171 1453 1239 1485 Θεός
1256 1460 1263 1468 ’
1276 1452 1310 1479 τὰ
1325 1451 1379 1478 τῶν
1405 1449 1610 1485 πρεσϐυτέρων,
1635 1447 1719 1482 ἣγουν
1746 1445 1857 1481 ἱερέων,

1065 1501 1228 1531 ἐπισκόποις
1251 1499 1401 1533 ἀπένειμεν
1427 1494 1595 1530 ἐπανορθοῦν
1610 1494 1658 1520 καὶ
1674 1492 1776 1520 ἰᾶσθαι.
1793 1491 1859 1522 Πῶς

1067 1547 1132 1581 παρ’
1149 1544 1216 1581 ἐμοῦ
1231 1542 1390 1578 ἐπιζητοίης
1416 1540 1451 1568 τὰ
1473 1539 1544 1575 ὑπὲρ
1564 1539 1632 1574 tut;
1654 1538 1712 1564 Οὐκ
1727 1537 1858 1572 ἐγχωρεῖ.

1066 1591 1153 1619 Τοῦτο
1161 1591 1190 1618 δὲ
1202 1586 1442 1624 συμϐουλευτικῶς
1454 1586 1504 1612 καὶ
1518 1584 1697 1620 ἁγαπητικῶς
1707 1582 1860 1616 ὑποτίθημι

1065 1639 1114 1666 καὶ
1128 1638 1201 1671 λέγω
1216 1644 1224 1652 ο
1237 1636 1281 1662 ῐνα
1296 1634 1333 1669 μή
1353 1641 1383 1659 σε
1407 1631 1591 1667 ἀναπόκριτον
1607 1630 1681 1656 ἐάσω
1702 1629 1802 1662 πάντη.
1828 1626 1861 1653 '0

1066 1683 1134 1714 Θεὸς
1149 1680 1251 1715 ἀγαθός
1267 1680 1342 1706 ἐστιν
1357 1678 1388 1704 οὺ
1403 1676 1489 1704 θέλων
1501 1675 1548 1702 τὸν
1563 1675 1678 1702 Θάνατον
1691 1673 1738 1699 τοῦ
1753 1671 1862 1706 ἀνθρώ-

1067 1737 1130 1761 που,
1143 1727 1181 1758 ὠς
1200 1726 1230 1752 τὸ
1242 1723 1388 1759 ἐπιτρέψαι
1400 1722 1447 1749 καὶ
1465 1722 1514 1757 ζῇν
1530 1720 1622 1747 αὐτόν.
1643 1719 1674 1746 Εἰ
1689 1716 1738 1745 οὖν
1751 1718 1781 1744 ἐν
1796 1717 1863 1752 ἁλη-

1067 1774 1129 1809 θείᾳ
1141 1774 1158 1808 ἡ
1175 1771 1306 1807 μετάνοια
1317 1777 1325 1785 ·
1342 1768 1420 1804 στῆθι
1433 1768 1482 1803 τῆς
1498 1765 1655 1802 ἱερουργίας
1670 1765 1860 1792 παντάπασιν·

1067 1821 1119 1847 οὐκ
1142 1817 1201 1846 οἶδα
1223 1818 1247 1844 εἰ
1266 1817 1303 1852 μὴ
1317 1815 1388 1843 κατὰ
1403 1814 1527 1849 ἀνάγκην
1542 1812 1591 1847 τὴν
1605 1810 1758 1838 ἐνεστῶσαν
1773 1817 1862 1844 μετα-

1067 1866 1139 1901 δοίης
1152 1863 1209 1891 τισὶ
1224 1863 1279 1890 τῶν
1299 1860 1490 1896 ἀγιασμάτων.
1505 1859 1583 1884 Ἔστι
1597 1857 1651 1892 γὰρ
1678 1855 1708 1888 ἐξ
1735 1855 1864 1901 ἀνάγκης

1067 1899 1256 1945 καὶ-ἀπορίας,
1267 1908 1316 1936 καὶ
1329 1907 1375 1941 ἀφ’
1390 1904 1488 1932 ἑαυτοῦ
1499 1902 1662 1939 μεταλαϐεῖν
1675 1901 1721 1927 τὸν
1730 1899 1862 1935 τυχόντα,

1068 1959 1113 1988 διὰ
1129 1959 1160 1985 τὸ
1176 1956 1292 1992 φευκτὸν
1308 1955 1358 1990 τῆς
1381 1952 1523 1988 αἱρέσεως,
1540 1951 1611 1976 Ὅσα
1636 1947 1684 1974 οὖν
1713 1947 1863 1980 ἐποίησας,

1068 2005 1124 2032 εἴτε
1146 2003 1211 2037 παρ’
1227 2001 1335 2032 ἐαυτοῦ,
1351 2000 1407 2026 stu
1429 1998 1476 2025 καὶ
1492 1996 1560 2032 πρὸς
1575 1995 1655 2022 ἄλλον
1682 1991 1863 2028 ἐπιτραπεὶς,

1069 2049 1140 2077 καλὰ.
1161 2048 1211 2083 μὲν
1226 2048 1273 2074 καὶ
1287 2044 1416 2072 ἐπαινετά
1435 2045 1477 2074 εις
1502 2041 1570 2068 Θεοῦ
1593 2039 1755 2074 ἐπικαμψιν.
1776 2037 1864 2083 Οὐδὲν

225 2088 322 2115 Deum.
340 2088 376 2116 At
388 2089 462 2116 nulla
478 2096 522 2116 res
533 2089 646 2116 omnino
672 2093 762 2124 potest
776 2089 883 2117 veniam
895 2089 960 2117 dare
975 2089 1011 2117 rei

1068 2096 1097 2122 δέ
1111 2095 1141 2121 τὸ
1156 2082 1271 2120 καθόλου
1286 2090 1435 2125 δυνάμενον
1447 2088 1528 2115 λῦσαι
1542 2086 1592 2121 τῆς
1612 2084 1769 2120 ἱερουργίας
1782 2091 1789 2099 ·
1807 2082 1864 2108 κᾶν

226 2143 311 2162 sacrae
323 2134 466 2167 faciendae,
483 2134 526 2162 vel
543 2135 566 2162 si
594 2141 609 2161 a
624 2142 786 2170 quocunque
814 2135 936 2162 antistite
955 2135 1017 2163 data

227 2180 352 2207 videatur
367 2188 376 2207 ι
392 2180 474 2215 idque
490 2180 554 2208 dum
570 2181 691 2209 Ecclesia
704 2181 751 2209 Dei
764 2188 831 2216 pace
841 2180 1017 2216 perfruatur:

225 2233 280 2260 quo
297 2230 420 2260 tempore
445 2225 567 2261 synodali
580 2226 693 2261 judicio.
710 2229 741 2254 ut
756 2234 805 2262 par
828 2230 882 2259 est,
900 2234 961 2261 qum
983 2226 1019 2254 ad

226 2271 326 2300 similia
340 2276 466 2307 spectant
486 2272 605 2306 negotia,
621 2279 670 2307 per
692 2279 811 2300 canones
838 2273 996 2300 sancientur
1009 2293 1017 2302 .

227 2316 320 2344 divino
344 2321 402 2344 tum
416 2316 521 2344 calculo
538 2316 703 2344 sententiam
719 2317 924 2345 corroborante.
940 2316 1018 2350 Quod

227 2362 252 2390 si
265 2362 377 2394 dixeris,
394 2361 468 2390 Inter
481 2362 709 2390 subscribendum
725 2363 872 2391 exclamavi
902 2363 1018 2391 adorare

228 2414 272 2435 me
286 2411 396 2435 sanctas
410 2407 542 2442 imagines
557 2416 565 2438 ς
578 2408 699 2443 ignosce.
714 2407 809 2442 frater,
834 2413 863 2436 et
889 2408 993 2436 Pilatus
1010 2427 1018 2440 ,

229 2452 295 2479 dum
310 2456 451 2487 expertem
468 2459 498 2480 se
511 2452 610 2480 Christi
623 2453 707 2481 caedis
720 2461 768 2481 ore
784 2454 897 2486 faceret,
910 2454 1018 2481 calamo

228 2504 324 2525 necem
338 2497 518 2525 conﬁrmavit.
534 2499 598 2526 Haec
614 2498 663 2526 tibi
683 2503 775 2527 nostra
789 2499 906 2527 tenuitas
918 2520 925 2531 ,
957 2504 1017 2526 tan-

228 2551 311 2578 quam
334 2547 475 2578 spectante
486 2542 551 2570 Deo.
570 2543 605 2570 At
626 2551 729 2579 preces,
748 2552 850 2579 quaeso,
866 2544 949 2572 [unde
968 2553 1017 2579 pro

229 2596 290 2616 mea
307 2589 403 2622 salute,
416 2589 444 2616 in
457 2589 617 2623 poenitentia
630 2597 663 2616 ac
677 2589 771 2616 dolore
785 2590 868 2616 animi
884 2589 933 2616 tui.
948 2589 1018 2617 Con-

230 2635 318 2662 solare
332 2642 388 2667 eos,
405 2642 474 2669 quos
491 2642 506 2661 a
523 2638 549 2661 te
560 2634 682 2669 conspici
710 2634 761 2666 ais.
782 2640 891 2662 sanctos
923 2635 1017 2662 Patres

230 2687 306 2708 meos
324 2688 359 2708 ex
377 2679 528 2715 episcopis,
552 2684 579 2707 et
592 2679 658 2715 jube
678 2679 783 2707 salvere
795 2684 920 2716 tanquam
943 2687 959 2707 a
973 2687 1017 2707 me

231 2725 387 2753 miserabili.

267 2781 288 2796 “
306 2780 377 2808 Psal.
396 2788 488 2813 XLVIII,
505 2780 548 2808 15.

589 2780 610 2796 ¹²
626 2780 789 2817 dogmatica.

234 2823 328 2847 xxxiii,
356 2817 397 2843 ll.

1070 2141 1100 2173 ὶξ
1112 2137 1303 2173 οἱουδηποτοῦν
1317 2134 1470 2170 ἀρχιερέως
1483 2133 1584 2166 δόξειεν
1595 2128 1664 2158 εἶναι
1706 2129 1756 2155 καὶ
1780 2126 1864 2154 τοῦτο

1069 2172 1122 2218 Eu);
1134 2172 1245 2221 εἰρήνης
1258 2185 1307 2219 τῆς
1316 2182 1364 2209 τοῦ
1378 2180 1446 2208 Θεοῦ
1460 2177 1634 2213 Ἐκκλησίας’
1643 2177 1672 2203 ἐν
1681 2172 1697 2212 ᾗ
1706 2173 1864 2221 τηνικαῦτα

1069 2219 1167 2268 κρίσει.
1186 2219 1311 2264 συνοδικῇ
1333 2227 1371 2259 ὡς
1391 2226 1451 2253 δέον
1470 2225 1525 2251 πᾶν
1545 2222 1635 2250 ὁτιοῦν
1650 2221 1706 2248 τῶν
1729 2219 1864 2246 τοιούτων

1069 2263 1303 2310 κανονισθήσεται,
1319 2273 1368 2299 καὶ
1378 2271 1470 2307 κρίσιν
1482 2270 1538 2302 ἔξει
1553 2268 1697 2303 θεόιιιητρον.
1711 2266 1742 2310 Εἰ
1754 2263 1863 2310 δὶγφῇςν

1068 2323 1109 2350 ὅτι
1136 2308 1304 2355 ὑπογράφων
1320 2316 1436 2352 ἔκραζον
1463 2313 1624 2350 προσκυνεῖν
1643 2319 1677 2346 με
1703 2309 1753 2340 τὰς
1779 2308 1864 2355 αγιας

1069 2367 1186 2397 εἰκόνας·
1199 2354 1348 2398 σύγγνωθι,
1359 2361 1469 2395 ἀδελφὲ,
1480 2359 1528 2386 καὶ
1544 2358 1671 2389 Πιλᾶτος,
1687 2355 1727 2389 τῷ
1740 2354 1863 2389 στόματι

1068 2412 1165 2439 suum
1189 2409 1284 2436 ἑαυτὸν
1306 2408 1357 2443 τῆς
1386 2405 1496 2441 σφαγῆς
1525 2401 1655 2438 Χριστοῦ.
1680 2399 1720 2435 τῷ
1741 2398 1864 2433 καλάμῳ

1068 2457 1167 2492 ἐκύρου
1185 2455 1231 2483 τὸν
1241 2454 1366 2482 θάνατον.
1379 2451 1473 2479 Ταῦτά
1486 2458 1528 2477 σοι
1543 2447 1608 2483 παρ’
1618 2446 1686 2483 ἐμοῦ
1699 2445 1748 2492 τοῦ
1762 2452 1862 2490 nam:

1068 2488 1175 2531 VBG-dic
1194 2498 1310 2526 ἐνώπιον
1331 2495 1410 2523 Θεοῦ.
1430 2492 1510 2520 ’Δλλὰ
1534 2491 1630 2526 δέομαι
1655 2488 1751 2524 μνείαν
1779 2488 1861 2512 ποιοῦ

1068 2547 1140 2582 ὑπὲρ
1152 2545 1223 2580 ἐμῆς
1240 2542 1389 2578 σωτηρίας,
1397 2541 1427 2568 ἐν
1441 2541 1474 2575 τῇ
1487 2537 1616 2574 μετανοίᾳ
1628 2535 1679 2582 τῆς
1690 2531 1862 2582 sqvameus;

1069 2577 1129 2620 non:
1150 2577 1373 2626 Προσαγορεῦσαι
1389 2595 1421 2613 τε
1444 2583 1636 2620 παρακλήθητι
1648 2580 1700 2627 ubi
1708 2577 1860 2627 ἔφης-ὁρᾷν

1068 2638 1162 2672 ἁγίους
1177 2623 1305 2670 Πατέρας
1322 2641 1372 2669 μου
1389 2632 1419 2658 ἐν
1431 2629 1603 2661 ἐπισκόποις,
1617 2627 1656 2659 ὡς
1671 2625 1702 2658 ἐξ
1721 2623 1788 2659 ἐμοῦ
1813 2623 1861 2649 τοῦ

1068 2681 1189 2718 οἰκτροῦ.

837 2781 859 2797 ¹³
873 2780 974 2816 Ephes.
989 2788 1025 2813 Iv,
1053 2780 1098 2808 25.
1138 2780 1159 2796 “
1175 2779 1185 2807 l
1200 2779 1261 2807 Cor.
1278 2785 1327 2812 xu,
1346 2776 1392 2804 26.
1431 2774 1452 2791 "
1471 2773 1568 2802 Matth.
1585 2781 1613 2805 x,
1627 2772 1674 2801 28.
1711 2771 1734 2788 ¹⁶
1752 2769 1856 2799 Ezech-
