1926 3078
86 122 162 156 1129

253 183 292 210 Z'.
320 184 488 220 -Ὶωάννῃ
505 187 609 222 τέκνῳ.
638 188 739 226 [ρμη¹.1

687 135 956 167 EPISTOLARUM
976 139 1047 168 LIB.
1069 139 1109 169 II.

1657 143 1724 175 H30

1172 195 1225 222 VII.
1241 210 1272 215 —
1285 196 1382 223 Joamn‘
1395 198 1460 231 ﬁlio.

761 246 903 277 Respondet
919 247 948 272 ad
965 247 1076 278 qmesita.

117 292 254 326 Ἦδομαι,
280 292 374 319 τέκνον
396 294 444 320 καὶ
468 294 577 330 ἀδελφὲ,
594 297 623 322 ἐν
647 299 707 329 ταῖς
722 298 859 324 ἐπιστολαῖ

913 314 918 328 ι
969 299 1104 332 Delector,
1122 299 1158 327 fili
1172 307 1204 327 ac
1217 300 1311 334 frater,
1324 301 1421 328 litteris
1446 302 1499 329 tuis
1511 312 1517 329 ι
1529 304 1601 338 quod
1613 310 1640 332 et
1660 314 1724 333 con»

80 345 142 363 σου*
157 338 200 364 ὃτι
217 337 279 364 καθ’
294 338 390 373 εἱρμὸν
408 338 545 374 ἔρχονται,
560 342 607 367 καὶ
620 342 666 368 τὸν
695 342 745 378 τῆς
763 343 876 369 πολυλο-

78 383 146 416 γίας
162 384 330 418 ναυτιασμὸν
343 385 550 413 ἀπαναίνονται.
573 387 629 413 Καὶ
645 387 699 422 γὰρ
728 389 875 423 ἐπιστολῆς

77 428 180 463 ἀρετὴ,
196 429 278 460 εὐθὺς
290 431 338 464 τῆς
353 431 539 466 προκειμένης
557 432 712 464 ὑποθέσεως
727 433 873 466 ἅπτεσθαι,

76 474 126 499 καὶ
142 474 266 501 τοσαῦτα
281 474 371 509 λέγειν
392 476 460 503 ἅττα
478 478 632 512 ἐπάναγκες
647 486 653 493 ⁸
666 476 734 506 ἀλλὰ
751 480 787 515 μὴ
811 481 873 508 ὲπι-

76 518 193 544 κυκλεῖν
207 519 241 545 τὰ
256 520 306 555 οὐχ
320 519 419 552 οὕτως.
435 519 507 549 Εῐεν.
525 522 592 557 Περὶ
605 521 642 549 ὧν
657 523 804 559 ἠρώτησας
817 545 824 556 ,
840 525 870 552 οὑ

76 563 125 588 τοῦ
153 564 290 599 παρόντος
307 566 405 601 καιροῦ
419 566 453 593 τὰ
465 567 556 594 τοιάδε
574 568 767 602 φιλοπευστεῖν
784 579 791 586 ·
808 571 870 598 οὔτε

76 609 239 644 πρδςὴμῶν
254 611 384 645 μυεῖσθαι
400 620 440 644 σε,
456 609 478 639 ὦ
500 613 565 640 καλὲ
584 615 648 640 παῖ·
678 616 772 652 ἐπειδὴ
801 616 870 651 μετὰ

75 654 131 679 τῶν
148 654 237 682 ἄλλων
250 656 298 682 καὶ
313 657 436 692 ἀμύητος
448 658 504 692 ἐγὼ
528 660 583 686 τῶν
609 660 789 694 δυσεφίκτων.
824 663 870 694 Ὧς

75 698 97 724 δ’
126 699 160 726 ἂν
178 701 215 735 μὴ
247 702 441 736 παραλυπῆσαι
468 705 502 739 τῇ
533 705 658 741 ἀφασίᾳ·
683 707 771 734 ἐκεῖνο
797 708 868 742 λέγω

75 745 141 779 περὶ
158 745 206 772 τοῦ
223 746 332 781 πρώτου
341 755 348 762 ⁹
363 748 404 774 ὅτι
412 749 499 780 οὐδείς
508 758 551 776 πω
561 750 616 777 τῶν
628 751 716 779 ἄλλων
729 753 867 789 θεοφόρων

76 789 209 824 Πατέρων
227 791 356 819 ἐλεύκανε
375 793 406 820 τὸ
423 794 570 830 πρόϐλημα
586 796 673 828 οὓτως
688 798 725 830 ὡς
752 799 766 825 ὁ
790 800 864 826 Νυσ-
886 796 890 800 ’

75 835 140 866 otia;
158 836 321 871 Γρηγόριος.
343 838 537 875 Ἀρκεσθῶμεν
552 841 600 869 οὖν
614 844 646 878 τῇ
662 844 710 870 τοῦ
739 845 864 881 πνεύμα-

74 888 120 911 τος
133 880 237 917 θεωρία
253 883 282 909 ὲν
297 883 440 921 ἀνηγμένῃ
457 885 559 922 θεωρίᾳ
573 887 655 921 ἄγαν.
674 889 712 915 Τὸ
726 890 780 925 γὰρ
811 892 862 918 ἐπ-

77 925 172 953 έκεινα
187 927 323 964 Γαδείρων
336 929 367 957 οὗ
384 932 502 965 περατόν
517 940 524 947 ·
538 934 575 964 ὼς
592 933 606 960 ὸ
633 934 722 969 λόγος.
752 937 820 972 Περὶ
832 938 860 964 δὲ

931 345 1014 372 tinua:
1034 345 1219 379 perferuntur,
1239 350 1268 372 et
1290 347 1452 381 multiloquii
1468 347 1606 376 fastidium
1623 351 1721 379 vitant.

930 389 992 417 llaec
1006 391 1078 417 enim
1099 391 1221 426 epistola:
1247 386 1435 427 laus;propria
1460 398 1512 426 est,
1527 399 1557 420 ut
1583 396 1676 423 statim
1706 406 1720 424 a

928 437 1066 470 proposito
1080 443 1241 473 argumento
1255 438 1361 466 initium
1379 440 1488 468 dicendi
1508 441 1610 472 faciat.
1635 450 1722 478 eaque

926 481 997 508 dicat
1020 489 1079 516 quae
1096 490 1207 511 necesse
1223 488 1264 511 est
1286 505 1293 517 ,
1313 493 1364 512 nec
1393 494 1423 512 ea
1453 487 1572 514 revolvat
1582 496 1643 522 quae
1664 497 1720 516 non

926 527 1146 562 suntejusmodi.
1176 528 1216 556 Ad
1232 529 1283 556 alia
1310 538 1392 564 porro
1413 539 1567 566 pergamus.
1594 534 1632 560 De
1658 535 1721 568 qui-

924 571 976 599 bus
993 573 1177 609 interrogasti,
1201 583 1290 609 neque
1326 581 1367 603 est
1391 577 1472 611 hujus
1497 579 1628 613 temporis
1656 580 1718 607 talia

923 619 1065 652 sciscitari,
1088 627 1139 648 nec
1158 625 1312 649 nostrarum
1335 623 1435 650 virium
1457 624 1573 651 edocere
1597 630 1636 658 te.
1651 634 1719 661 puer

925 664 1029 699 optime
1048 674 1054 692 :
1074 666 1294 701 quandoquidem
1319 689 1326 701 ,
1348 673 1448 703 prater
1463 669 1525 702 alia,
1553 671 1630 698 rudis
1656 679 1716 699 sum

920 714 949 737 et
963 710 1105 745 imperitus
1133 712 1160 739 in
1182 713 1216 739 iis
1239 720 1299 747 qum
1324 720 1389 741 sunt
1415 719 1495 749 captu
1515 715 1643 744 difﬁcilia.
1677 717 1717 746 Ne

919 763 985 782 vero
1013 757 1165 784 molestiam
1194 763 1285 785 nostra
1305 759 1353 786 tibi
1369 760 1540 788 taciturnitas
1555 762 1662 795 afferat,
1681 764 1715 791 de

918 801 1008 835 priore
1025 803 1064 829 sic
1079 807 1188 831 statuo:
1204 812 1219 830 ιι
1234 805 1343 832 nemine
1362 810 1524 834 cmterorum
1557 808 1714 839 divinorum

917 847 1028 875 Patrum
1045 849 1207 876 illnstratam
1229 850 1301 877 hanc
1317 852 1497 886 qua-stionem
1521 861 1582 881 esse
1599 855 1714 889 perinde

916 899 998 929 atque
1013 902 1026 921 a
1048 892 1179 930 Gregorio
1195 895 1326 931 Nysseno.
1344 897 1415 924 Satis
1430 897 1512 933 igitur
1540 899 1619 928 nobis
1634 901 1669 928 sit
1683 909 1714 928 ea

917 942 1015 976 spiritu
1035 942 1234 976 contemplari,
1257 943 1392 977 patefacta
1418 943 1518 978 oppido
1534 944 1567 971 ad
1587 949 1713 972 contem-

72 971 119 997 τοῦ
133 972 261 1008 δευτέρου
270 981 277 989 ⁶
292 973 318 1000 '0
329 975 485 1003 συνιὼνὲν
492 977 533 1009 τῷ
542 978 633 1013 καιρῷ
640 979 743 1012 ἐκεινῳ
753 983 859 1018 σιωπή-

917 971 1046 1022 piandum
1070 987 1123 1014 via.
1140 987 1207 1014 Nam
1220 996 1281 1023 quae
1297 988 1369 1015 ultra
1383 988 1484 1021 Gades.
1506 990 1644 1017 inaccessa
1658 999 1664 1017 :
1682 995 1712 1017 ut

73 1024 169 1043 cerat'
181 1017 227 1044 ὅτι
243 1020 345 1053 καιρὸς
362 1023 493 1056 πονηρός
512 1023 599 1051 ἐστιν
614 1033 621 1040 ·
658 1026 688 1052 οὺ
715 1026 789 1053 δοκεῖ
816 1017 863 1063 μοι

72 1062 217 1095 καμπύλον
231 1065 278 1090 καὶ
295 1066 402 1092 σκολιὸν
415 1065 495 1094 εἶναι.
513 1069 616 1105 Καιρδς
632 1071 686 1107 γὰρ
700 1072 748 1099 τοῦ
773 1062 864 1102 λαλεῖν

72 1107 145 1141 ἡμεῖς
165 1109 308 1143 διώρισται
324 1111 377 1138 ὑπὸ
395 1113 444 1147 τῆς
460 1113 640 1142 θεοπνεύστου
662 1117 787 1154 Γραφῆς,
816 1120 863 1147 καὶ

71 1153 168 1187 καιρὸς
183 1154 299 1189 σιωπῆς,
312 1157 383 1183 κατὰ
399 1157 449 1192 τὴν
466 1159 666 1188 ἐπιϐάλλουσαν
676 1153 783 1197 χρείαν,
800 1173 863 1191 σκο-

72 1198 196 1226 πούντων
211 1201 291 1236 ἡμῶν
305 1203 352 1228 καὶ
366 1204 581 1239 οἱκονομούντων
594 1208 725 1243 τὸνλόγον
734 1211 784 1246 τῆς
794 1211 861 1247 ἁλη-

70 1243 223 1293 θειὶας.-.“Η
247 1247 301 1283 γὰρ
315 1249 378 1284 οὐχὶ
395 1251 431 1286 μὴ
446 1250 556 1286 βάλλειν
571 1255 628 1286 τοῖς
642 1257 705 1282 κυσὶ
721 1243 767 1283 τὰ⁷
784 1243 861 1293 ἅγια,

71 1289 139 1323 μήτε
159 1290 267 1325 ῥίπτειν
281 1293 343 1324 τοὺς
358 1296 532 1330 μαργαρίτας
544 1297 698 1333 ἔμπροσθεν
722 1301 776 1328 τῶν
805 1289 861 1337 iet;

71 1343 125 1368 ρων
140 1338 390 1374 προστετάγμεοας
407 1342 503 1377 ’Δϐρει
526 1345 589 1376 τοὺς
617 1345 766 1382 Θεοφορους
780 1356 787 1364 ·
813 1351 862 1376 καὶ

68 1381 132 1413 τοὺς
145 1382 174 1409 δὲ
191 1384 331 1419 εὑρήσεις,
347 1388 384 1422 πῇ
400 1388 449 1422 μὲν
460 1389 513 1415 ὑπὸ
529 1390 574 1416 τὸν
590 1392 680 1426 μόδιον
755 1396 861 1431 σιωπῆς

68 1427 116 1453 τὸν
130 1428 210 1462 λόγον
225 1431 361 1464 τιθέντας,
378 1434 479 1460 ὁπόταν
498 1435 657 1470 ἀλυσιτελὲς
685 1427 724 1466 τὸν
747 1427 859 1475 λέγεινῖ

69 1473 172 1520 μᾶλλον
182 1475 211 1501 δὲ
225 1477 272 1502 καὶ
286 1476 432 1513 ζημιῶδες.
450 1481 489 1516 Πῇ
506 1482 545 1513 δὲ,
561 1483 607 1509 ἐπὶ
623 1484 672 1519 τῆς
688 1473 798 1520 λυχνίας
813 1473 862 1514 ab;

67 1519 113 1546 ’τὲν
126 1520 338 1558 ἀνιένταςμίθς.
350 1525 411 1552 cod.
427 1525 576 1564 dv:6vra;],
589 1531 706 1565 ὁπηνίκα
721 1519 861 1567 εὔκαρπος

67 1565 83 1599 ἡ
101 1566 190 1601 σπορὰ
217 1567 265 1595 καὶ
277 1569 308 1594 οὺ
321 1570 472 1606 πετρώδης.
490 1573 615 1602 Τοσαῦτα
631 1585 676 1611 μοι
692 1565 861 1615 συνεώρατιι

914 1038 957 1060 est
973 1033 1001 1060 in
1027 1033 1183 1068 proverbio.
1204 1033 1241 1061 De
1262 1034 1350 1061 altero
1371 1042 1438 1062 vero
1449 1035 1561 1069 capite:
1589 1035 1710 1062 Prudens

913 1079 940 1106 in
959 1084 1073 1114 tempore
1089 1079 1134 1106 illo
1150 1079 1256 1111 tacebit,
1276 1080 1338 1115 quia
1369 1085 1471 1115 tempus
1497 1081 1598 1107 malum
1611 1085 1649 1108 est
1664 1082 1708 1115 ‘7;

913 1133 968 1151 non
982 1125 1048 1152 mihi
1062 1125 1170 1152 videtur
1191 1130 1238 1152 aut
1251 1133 1333 1160 prave
1344 1126 1458 1158 dictum,
1469 1131 1517 1153 aut
1529 1131 1706 1162 praepostere.

912 1170 1032 1204 Tempus
1045 1170 1118 1197 enim
1139 1170 1266 1204 loquendi
1286 1169 1366 1197 nobis
1378 1177 1393 1197 a
1411 1170 1552 1204 Scriptura
1567 1170 1705 1198 divinitus

913 1217 1044 1251 inspirata
1078 1216 1219 1243 deﬁnitum
1239 1220 1282 1243 est
1306 1216 1338 1248 ‘5,
1360 1220 1388 1243 et
1417 1221 1526 1251 tempus
1544 1217 1661 1248 tacendi,
1679 1221 1707 1244 ut

912 1262 1000 1297 poscit
1017 1269 1092 1294 usus,
1115 1262 1194 1289 nobis
1210 1261 1426 1296 explet-antibus,
1440 1270 1472 1289 ac
1483 1262 1706 1296 dispensanlibus

912 1308 1024 1335 verbum
1047 1307 1179 1334 veritatis.
1195 1307 1294 1334 Annon
1309 1307 1380 1334 enim
1402 1315 1453 1334 nec
1471 1307 1536 1334 dare
1552 1312 1645 1334 sancta
1661 1316 1706 1335 ca-

911 1354 1003 1385 nibus.
1024 1361 1075 1381 nec
1096 1353 1205 1381 mittere
1232 1353 1392 1389 margaritas
1416 1358 1479 1381 ante
1507 1361 1605 1388 porcos
1622 1354 1704 1388 jube-

912 1407 974 1427 mur
992 1399 1035 1426 "?
1052 1398 1167 1427 Sanctos
1193 1400 1265 1427 viros
1279 1400 1405 1427 intuere:
1420 1399 1468 1426 hos
1482 1399 1606 1434 profecto
1623 1400 1705 1427 intel-

912 1444 979 1480 liges
1005 1452 1078 1471 nunc
1105 1444 1214 1478 quidem
1242 1445 1292 1471 sub
1309 1444 1409 1472 silentii
1425 1444 1515 1472 modio
1547 1452 1703 1473 sermonem

912 1498 1024 1526 ponere,
1050 1498 1112 1518 cum
1128 1490 1200 1524 loqui
1220 1497 1420 1524 supervacuum
1436 1495 1488 1522 est.
1515 1490 1571 1517 imo
1582 1495 1610 1518 et
1626 1491 1704 1518 dam-

912 1544 1028 1563 nosum:
1046 1542 1120 1562 nunc
1149 1543 1219 1563 vero
1243 1543 1325 1570 super
1346 1535 1541 1563 candelabrum
1567 1537 1703 1568 attollere.

912 1591 974 1610 cum
991 1590 1066 1617 spem
1082 1587 1230 1616 proventus
1250 1582 1380 1609 sementis
1396 1583 1487 1615 habet,
1506 1590 1558 1610 nec
1582 1583 1702 1618 lapidosa

67 1612 142 1669 fv’rﬁ
160 1615 304 1669 προτάσει.
324 1616 504 1654 Ἐξευρίσκων
519 1621 547 1648 δὲ
565 1623 640 1658 παρὰ
656 1612 797 1662 σεαυτοῦῆ
815 1629 859 1655 καὶ

914 1633 967 1656 est.
986 1612 1048 1656 Htec
1069 1632 1205 1662 suntquae
1221 1628 1248 1655 in
1268 1629 1408 1663 proposita
1425 1629 1576 1663 quastione
1596 1629 1703 1656 animus

68 1657 269 1706 ᾧτ’-ἑτέρωντά
277 1662 459 1699 δοκιμώτερα·
473 1666 511 1702 μὴ
520 1657 683 1703 eameam;
694 1657 855 1706 μεταδοῦναι

69 1703 127 1755 tituli.
142 1705 181 1740 τῷ
197 1705 236 1741 σῷ
244 1708 330 1743 πατρὶ
347 1710 395 1736 καὶ
410 1711 527 1747 ἀδελφῷ,
543 1714 630 1742 ἐνδεεῖ
643 1703 699 1744 τῶν
715 1721 861 1755 νοημάτων

69 1749 232 1786 ὑπάρχοντι.
253 1753 392 1789 Ἐρῤωσο,
419 1757 536 1786 πλεῖστά
566 1769 612 1795 μίι
630 1749 860 1800 ποοσευχδμενος.

67 1889 104 1916 H’.
118 1905 153 1911 —
164 1892 316 1942 Ofdawpbc
326 1896 440 1942 ιτὰσαις
465 1900 530 1934 ταῖς
555 1903 761 1940 desiperqu
788 1909 854 1942 ἤτοι

98 1937 260 1971 συνοδίαις
286 1940 352 1975 ταῖς
380 1946 538 1980 πανταχοῦ
561 1947 610 1976 διὰ
631 1937 768 1985 -Χριατὸν
795 1937 854 1981 διε

97 1985 300 2020 σπῳμέναις,
319 1988 380 2015 σὺν
390 1990 452 2023 τοῖς
464 1992 499 2018 ἐν
517 1996 669 2029 φυλακαῖς
691 2007 722 2024 τε
738 1999 786 2026 καὶ
802 2000 851 2032 ἐξ·

97 2029 193 2063 ορίαις
207 2034 429 2069 κρατουμένοις,
440 2037 474 2063 ὲν
483 2039 582 2073 Κυρίῳ
588 2042 714 2076 χαίρειν.
729 2043 804 2081 [ρν¹.]

910 1676 1040 1703 intuetur.
1057 1673 1086 1699 Si
1102 1672 1144 1699 vel
1160 1680 1209 1707 per
1225 1673 1332 1707 teipse,
1347 1673 1389 1700 vel
1416 1673 1532 1700 aliorum
1555 1681 1606 1708 ope
1628 1681 1703 1701 Com-

911 1718 1014 1755 pereris
1027 1725 1087 1752 quae
1100 1717 1186 1752 magis
1202 1717 1360 1750 probentur,
1375 1717 1418 1744 fac
1437 1725 1480 1744 me
1496 1718 1655 1753 participem
1668 1719 1703 1745 li-

909 1764 988 1795 bens,
1012 1767 1116 1797 patrem
1144 1760 1280 1793 videlicet,
1296 1761 1463 1796 fratremque
1485 1765 1561 1789 tuum
1573 1784 1579 1794 ,
1594 1763 1701 1790 consilii

909 1808 936 1835 in
959 1807 1057 1842 primis
1086 1810 1226 1841 egentem.
1250 1805 1326 1839 Vale,
1354 1815 1387 1834 ac
1418 1808 1564 1842 plurimum
1581 1815 1630 1843 pro
1658 1816 1702 1836 me

910 1860 1036 1888 precare.

912 1910 976 1938 Vill.
994 1925 1027 1931 —
1044 1909 1190 1937 Theodorus
1204 1909 1322 1937 omnibus
1346 1909 1439 1945 ubique
1450 1915 1555 1944 propter
1569 1909 1700 1939 Christum

941 1956 1065 1991 dispersis
1073 1955 1210 1991 fratribus,
1221 1961 1245 1982 et
1254 1955 1286 1982 iis
1300 1956 1345 1990 qui
1362 1955 1390 1982 in
1401 1956 1548 1984 carceribus
1560 1961 1584 1983 et
1600 1958 1700 1985 exsiliis

941 1993 1099 2035 detinentur;
1112 2002 1140 2028 in
1152 2002 1264 2029 Domino
1280 2002 1392 2029 salutent
1409 2002 1442 2029 '°.

523 2095 667 2127 Dogmaliea
679 2099 711 2124 de
723 2100 815 2125 sanctis
829 2100 988 2132 imaginibus.
1003 2100 1102 2128 (Barea.
1114 2106 1156 2124 an.
1167 2099 1223 2130 8H,
1234 2106 1257 2124 n.
1272 2099 1323 2131 43.)

96 2126 185 2177 ξάρις
196 2129 270 2177 ιῖιμῖν
299 2132 349 2160 καὶ
382 2134 496 2169 νιρήνη,
524 2126 713 2173 ἀποστολικῶς
740 2144 851 2177 εἰπεῖν,

64 2169 210 2223 ὰπὸ-Θεοῦ
229 2177 345 2211 Πατρός
356 2179 442 2213 ἡμῶν
462 2182 511 2208 καὶ
535 2185 648 2218 Κυρίου
671 2169 773 2222 Ἰησοῦ

63 2218 148 2251 σποῦ,
163 2221 214 2255 τῆς
242 2221 349 2256 ιλπίδος
363 2225 443 2260 ἡμῶν
457 2234 464 2242 ο
479 2227 550 2264 ὑπὲρ
564 2227 594 2257 οὗ
610 2232 656 2258 καὶ
671 2218 748 2260 δι”δν
764 2235 778 2260 ὁ
789 2218 852 2262 δὶω.

62 2264 141 2316 γει-ξς,
156 2266 173 2301 ἠ
184 2265 278 2316 θλίψις
288 2270 363 2316 παι-ὴ
381 2275 558 2309 στενοχωρία,
576 2277 592 2312 ή
606 2278 709 2313 ἐρημία
725 2281 772 2307 καὶ
782 2290 850 2316 φυγ-

62 2307 152 2361 αδείαῖ
163 2311 192 2337 αἱ
207 2312 315 2346 εἱρκτα).
325 2316 371 2342 καὶ
381 2307 475 2349 ποιναι
481 2307 527 2346 καὶ
538 2307 666 2349 ὅσαᾶλλα
677 2307 850 2361 καθεκάστην

62 2355 98 2386 εἰς
108 2355 300 2394 ταλαιπωρίαν
309 2361 415 2398 ὑπαντή
420 2372 493 2398 ματα
501 2366 548 2393 καὶ
556 2375 587 2392 συ
591 2368 734 2404 μὸάματα.
746 2371 848 2399 Τούτου

62 2401 150 2435 χάριν,
166 2403 277 2450 αδελφοί
296 2415 347 2441 μου
363 2408 511 2444 ἀγαπητοὶ,
523 2412 574 2447 τῆς
596 2401 766 2450 ἀπολείψεως
800 2418 848 2445 τοῦ

62 2448 189 2475 ταπεινοῦ
219 2449 297 2485 ήμῶν
312 2453 459 2488 προσώπου
489 2459 666 2492 παραμυθίαν
697 2461 759 2488 τινὰ
786 2463 848 2489 ἐπι-

68 2492 236 2543 νοησαμενοι,
252 2496 400 2532 στέλλομεν
416 2500 481 2535 ὑμῖν
505 2501 553 2536 τὴν
567 2503 713 2540 ἐπιστολὴν
734 2506 847 2543 ταύτην,

62 2536 249 2582 γνιρρίζοντες,
272 2540 310 2571 ὡς
327 2542 510 2576 ἀδιαλείπτως
524 2546 621 2580 μνείαν
648 2536 727 2582 mat-13v
756 2536 849 2578 ‘l'EOLO'L'l;

63 2581 129 2612 μεθα
154 2582 184 2608 ἐν
201 2584 260 2616 ταῖς
277 2589 420 2619 ταπειναῖς
434 2588 512 2623 ἡμῶν
528 2581 705 2627 προσευχαῖς,
721 2593 770 2620 Eva
787 2594 849 2621 ἕκα-

63 2633 123 2652 στον
153 2628 355 2664 ἀναπολοῦντες
387 2633 435 2660 καὶ
465 2635 701 2672 ἀναλογιζόμενοι,
732 2640 847 2675 δάκρυσι

62 2673 105 2719 tu‘t
115 2677 282 2719 στεναγμοῖς
293 2677 418 2713 αἴροντες
433 2681 528 2716 χεῖρας
542 2683 582 2714 είς
597 2683 663 2710 Θεόν
674 2693 680 2699 ·
698 2685 742 2712 ἵνα
754 2673 848 2719 καθὼς

63 2717 256 2754 ὑπεδυσάμεθα
273 2722 335 2754 τοὺς
352 2723 422 2758 ὑπὲρ
439 2724 568 2766 ἀληθείας
585 2728 706 2763 ἀγῶνας,
723 2732 770 2758 καὶ
797 2717 842 2764 ἐξἐ

95 2795 211 2838 ‘LA'mos
223 2805 248 2829 ν,
266 2798 310 2838 Ιξ.
368 2801 390 2817 ⁸⁸
402 2801 491 2831 Eccle.
510 2784 548 2838 in,
577 2807 602 2833 7.

65 2827 85 2843 “
103 2829 218 2866 Philipp.
237 2827 267 2864 n,
287 2834 313 2861 Ξ.

221 2879 357 2910 Pii-mon.
382 2881 439 2911 Gn.
464 2882 568 2913 XCIX.

658 2807 679 2823 ι’
699 2807 794 2836 Matth.
816 2818 863 2844 vn,
882 2810 908 2837 6.

940 2142 1032 2170 Gratia
1050 2142 1119 2169 vobis
1134 2147 1158 2169 et
1170 2151 1233 2176 pax,
1246 2147 1276 2169 ut
1291 2141 1411 2177 Apostoli
1426 2141 1517 2170 verbis
1529 2146 1602 2175 utar.
1616 2151 1633 2170 a
1645 2143 1700 2169 Deo

905 2187 986 2214 Patre
995 2191 1093 2220 nostro,
1110 2191 1135 2214 et
1154 2186 1265 2213 Domino
1279 2187 1341 2213 Jesu
1352 2187 1455 2214 Christo
1466 2188 1501 2220 “,
1514 2188 1560 2222 qui
1577 2193 1620 2216 est
1633 2196 1697 2224 spes

904 2239 1008 2266 nostra,
1027 2241 1076 2268 pro
1089 2240 1145 2268 quo
1159 2237 1186 2260 et
1199 2238 1312 2268 propter
1326 2241 1407 2268 quem
1424 2234 1589 2268 persecutio.
1605 2235 1697 2262 tribu-

905 2278 977 2309 latio,
990 2279 1124 2313 angustia,
1138 2278 1409 2311 solitudo,exsilium,
1423 2287 1546 2307 carceres
1558 2284 1585 2307 et
1597 2288 1695 2315 pccnae,

900 2330 926 2352 el
943 2329 1077 2360 quotquot
1091 2325 1143 2352 alia
1158 2325 1185 2352 in
1196 2325 1255 2352 dies
1269 2325 1301 2352 ad
1317 2326 1457 2353 cumulum
1473 2325 1636 2353 calamitatis
1651 2327 1694 2353 in-

899 2370 994 2397 cidunt
1007 2373 1035 2396 et
1050 2373 1210 2396 occurrunt.
1227 2369 1314 2404 Hujus
1338 2370 1376 2397 rei
1391 2371 1494 2406 gratia,
1514 2371 1612 2398 fratres
1627 2372 1694 2399 cha—

900 2415 1001 2447 rissmi,
1019 2415 1148 2442 absentiae
1162 2415 1273 2442 humilis
1288 2415 1368 2443 faciei
1383 2421 1486 2444 nostra
1499 2417 1626 2444 solatium
1642 2419 1694 2445 ali-

899 2459 971 2494 quod
981 2458 1177 2494 excogitautes,
1193 2459 1264 2486 hanc
1274 2460 1307 2486 ad
1324 2467 1372 2487 vos
1383 2460 1529 2495 epistolam
1549 2463 1691 2492 mittimus.

898 2509 998 2532 notum
1020 2505 1155 2532 facientes
1175 2506 1245 2540 quod
1271 2505 1330 2533 sine
1357 2506 1564 2534 intermissione
1591 2515 1693 2534 memn-

900 2552 966 2578 riam
978 2551 1060 2577 vestri
1082 2550 1197 2577 facimus
1225 2551 1253 2578 in
1279 2551 1427 2578 humilibus
1453 2553 1625 2580 orationibus
1640 2562 1691 2580 no-

899 2596 999 2627 stris".
1032 2604 1256 2631 unumquemque
1281 2597 1374 2624 animo
1393 2598 1547 2625 recolentes
1566 2607 1597 2625 ac
1617 2607 1691 2626 com-

899 2646 1094 2672 memorantes,
1121 2649 1183 2669 cum
1201 2641 1329 2677 lacrymis
1349 2650 1382 2669 ac
1406 2643 1552 2677 gemitibus
1568 2643 1690 2670 levantes

898 2695 997 2715 manus
1015 2688 1049 2715 ad
1068 2688 1152 2714 Deum
1168 2696 1174 2714 :
1190 2691 1220 2714 ut
1241 2688 1313 2715 sicut
1332 2692 1471 2715 certamen
1496 2696 1546 2723 pro
1576 2687 1687 2715 veritate

898 2734 1081 2768 suscepimus,
1100 2737 1128 2760 et
1143 2733 1169 2760 in
1184 2741 1239 2761 uno
1258 2734 1357 2768 spiritu
1376 2738 1403 2761 et
1428 2733 1518 2760 anima
1534 2741 1604 2766 una,
1626 2738 1688 2761 tan-

946 2811 968 2826 ¹⁰
987 2809 1175 2839 ,(ὶιιιυυὴειιίειι.
1232 2810 1252 2826 ¹¹
1277 2810 1361 2837 Galat.
1377 2819 1395 2843 ι,
1411 2812 1437 2838 5.
1476 2811 1498 2826 ¹¹
1524 2809 1603 2838 Rom.
1619 2818 1639 2845 ι,
1659 2809 1688 2840 9ο

1449 2892 1489 2921 36
