1926 3078
227 137 293 170 1131

219 201 302 229 quam
316 199 349 220 ex
364 192 429 220 nido
448 199 463 219 a
477 192 563 220 sacris
586 192 688 220 nostris
710 194 851 221 asceteriis
875 195 1013 230 processi-
1028 197 1050 225 Α

222 249 283 268 ιιιιιε
297 249 304 273 ;
321 240 357 267 ita
375 246 462 274 usque
476 239 509 267 ad
527 238 620 272 finem.
633 240 740 267 Domini
757 239 869 272 virtute,
887 247 1016 275 perseve-

222 294 326 318 remus,
346 286 472 313 eamdem
484 285 698 316 ﬁdem.eamdem
712 286 867 313 clam-itarem
881 286 1014 319 habentes,

223 332 361 359 unanimes
372 351 380 363 ,
397 331 512 365 idipsum
543 332 683 358 sentientes
697 331 720 347 "
737 334 765 358 et
780 331 902 358 veritatis
917 331 1015 367 dogma

222 378 385 411 retinentes,
397 377 468 412 quod
480 377 670 404 annuntiatum
679 382 766 410 est,et
781 377 941 412 inscriptum
953 385 1016 404 ocu-

223 424 255 451 lis
270 428 298 451 et
311 424 425 451 auribus
444 423 472 450 in
484 423 560 450 omni
574 427 700 451 creatura
720 431 781 458 quae
796 423 848 451 sub
864 424 933 451 ccelo
948 428 990 450 est
1007 432 1013 450 :

225 469 340 497 adorare
354 469 466 504 quidem
482 468 591 495 Patrem
613 473 641 496 et
655 468 753 496 Filium
768 473 796 496 et
807 468 938 504 Spiritum
952 477 1015 497 san-

222 514 499 546 ctum,venerandam
511 519 538 542 et
551 515 657 542 beatam
667 514 841 548 Trinitatem,
854 514 925 542 sicut
941 515 1016 542 theo-

223 562 300 597 logia
311 561 380 588 ratio
393 561 474 588 docet
489 560 632 587 :confileri
644 565 734 587 autem
746 567 830 587 unum
841 567 857 587 e
869 560 1014 594 Trinitate,

223 609 320 635 Filium
330 615 362 635 ac
377 607 497 635 Verbum
513 607 572 638 Dei.
584 611 612 634 et
626 606 772 634 Dominum
785 611 908 634 nostrum
921 607 1015 635 Jesum

221 653 373 686 Christum,
390 654 511 688 seipsum
530 653 686 681 exinanisse
699 652 732 686 ",
751 653 878 687 servique
894 652 1011 680 formam

222 699 372 733 accepisse,
393 703 420 726 et
436 698 465 725 in
492 698 700 726 similitudinem
727 697 870 725 hominum
896 698 1013 731 factum,

222 744 249 770 in
265 743 351 770 forma
363 748 456 770 nostra
468 743 570 779 effingi.
581 742 775 778 eﬂ'ormarique
783 743 908 778 corporis
919 743 1014 778 figura,

221 792 356 824 quatenus
373 788 444 815 idem
460 787 599 823 perfectus
624 787 695 815 Deus
721 787 857 822 simulque
880 793 908 816 et
933 788 1017 816 homo

222 838 263 860 est
279 841 286 859 :
303 833 342 860 sic
368 833 439 860 inler
465 833 754 868 circumscriptionem
782 834 931 861 secundum
953 841 1015 866 nos,

222 885 339 912 quorum
352 877 467 904 formam
483 878 645 913 assumpsit,
661 877 1018 912 consistensequemadmo-
1031 869 1055 898 Β

223 924 288 950 dum
303 923 337 950 ab
350 930 382 950 ea
397 931 445 958 per
459 923 558 950 divina:
574 927 679 950 natum
699 923 1017 959 incomprehensibilita—

224 972 279 996 tem
298 973 419 997 remotus
432 974 484 996 est.
498 968 559 996 Non
572 969 642 996 enim
671 969 779 1003 utique,
797 969 837 996 ait
861 969 1017 1005 Scriptura,

223 1014 328 1049 angelos
342 1015 512 1049 apprehendit
529 1014 706 1050 (quanquam
720 1019 749 1042 et
773 1014 826 1042 illis
845 1014 935 1051 effingi
953 1023 1019 1042 con-

223 1059 308 1091 venit,
321 1065 352 1086 ut
369 1059 496 1086 viderunt
521 1059 621 1094 quibus
639 1059 732 1087 videre
746 1067 762 1086 a
778 1059 884 1094 Spiritu
905 1067 1020 1088 conces-

223 1111 282 1131 sum
304 1104 368 1139 est),
397 1104 441 1131 sed
462 1112 550 1131 semen
562 1104 674 1131 Abrahae
694 1104 866 1139 apprehendit
882 1105 916 1132 ".
939 1104 1019 1132 Unde

222 1150 344 1184 oportuit
355 1158 418 1177 eum
434 1158 483 1185 per
498 1150 590 1177 omnia
606 1150 737 1178 fratribus
749 1150 903 1178 assimilari.
919 1150 1017 1178 Dicant

223 1203 288 1231 ergo
302 1196 518 1228 Cbristomachi,
533 1196 672 1231 quomodo
685 1199 776 1231 potest
791 1204 886 1224 semen
901 1196 1017 1224 Abrahae

231 1250 287 1269 non
303 1241 393 1277 ellingi
407 1242 474 1269 ?aut
491 1250 585 1270 rursus
603 1243 740 1277 quomodo
756 1250 806 1277 per
815 1242 908 1270 omnia
920 1242 1017 1271 similis

224 1287 304 1315 nobis
328 1288 391 1320 erit,
419 1295 534 1322 quorum
549 1287 633 1315 frater
659 1292 782 1320 vocatur,
800 1287 823 1314 si
844 1288 1018 1316 circumscri-

224 1334 330 1369 ptionis
354 1334 561 1369 proprietatem,
579 1338 660 1368 prout
674 1333 702 1360 in
725 1333 806 1361 nobis
823 1338 874 1367 est,
889 1333 935 1368 qui
957 1334 1017 1369 eius

224 1378 323 1406 fratres
338 1386 445 1410 sumus,
464 1386 519 1406 non
537 1378 688 1413 sumpsisse
712 1377 939 1406 demonstretur?
956 1378 1016 1405 Non

226 1425 308 1460 igitur
321 1424 415 1457 frater,
428 1432 480 1452 nec
505 1424 600 1452 similis
614 1423 692 1451 nobis
706 1428 767 1457 est;
783 1431 815 1451 ac
831 1423 947 1459 proinde
962 1431 1014 1452 nec

229 1471 322 1498 homo.
337 1471 377 1499 Ita
395 1471 566 1498 concluditur
581 1478 614 1498 ex
631 1478 664 1497 eo
679 1469 751 1505 quod
766 1474 865 1506 negant
876 1470 1017 1498 Christum

223 1523 273 1551 per
289 1516 435 1553 imaginem
450 1516 566 1551 exprimi
583 1523 660 1543 more
677 1520 783 1543 nostro.
803 1515 844 1543 lta
858 1515 897 1542 illi
914 1515 1016 1542 saluta-

224 1569 283 1589 rem
301 1562 482 1590 reeonomiam
495 1562 641 1590 destruunt
657 1570 664 1589 :
682 1561 795 1597 perinde
810 1568 842 1589 ac
858 1560 1015 1593 Manicbzei,

224 1609 410 1637 Valentiniani
424 1630 432 1642 ,
446 1614 474 1637 et
501 1609 694 1637 Marcionism.
709 1609 830 1642 Quorum
846 1609 1017 1636 communio-

224 1663 287 1683 nem
301 1655 705 1692 fugiamus,fratres,tanquam
722 1655 858 1691 serpentis
879 1662 1018 1682 venenum

223 1710 278 1730 non
294 1710 393 1738 corpus
408 1702 559 1734 infuscans,
576 1706 606 1730 ut
623 1701 742 1737 quodam
761 1701 822 1729 loco
840 1701 880 1729 ait
895 1701 1018 1729 Theolo-

223 1757 285 1785 gus,
301 1749 349 1776 sed
361 1748 460 1776 anima).
469 1748 577 1775 intima.

1030 1547 1052 1575 C

259 1835 314 1863 Nos
325 1835 481 1871 apostolicae
494 1840 522 1863 et
533 1835 679 1863 universali
692 1835 821 1862 Ecclesia:
841 1835 1018 1862 consentien-

225 1882 289 1917 tes(
307 1881 366 1908 haec
382 1881 456 1908 enim
482 1881 631 1917 Byzantina
659 1885 830 1916 segmentum
848 1885 890 1908 est
906 1881 1016 1909 haereti-

224 1935 297 1958 cum,
307 1927 352 1954 cui
363 1927 484 1954 solemne
494 1932 536 1954 est
547 1932 574 1954 et
585 1927 619 1954 ab
632 1926 692 1954 aliis
702 1926 859 1962 frequenter
871 1927 994 1955 abscindi
1006 1928 1015 1962 )

225 1972 369 1999 Dominum
384 1976 508 2000 nostrum
517 1971 611 2000 Jesum
625 1972 766 2000 Christum
778 1973 912 2008 corporali
928 1973 1015 2009 figura

223 2018 396 2054 depingimus
411 2026 418 2046 :
437 2019 507 2046 serie
522 2026 628 2046 sursum
643 2019 677 2046 ab
690 2019 750 2054 ipso
765 2019 826 2054 ejus
842 2019 960 2047 adventu
982 2028 1016 2047 ex

223 2065 373 2100 apostolico
391 2064 463 2093 facto
476 2066 600 2098 deducta,
612 2065 757 2101 imaginem
772 2073 805 2093 ex
815 2066 931 2102 imagine
944 2066 1017 2094 deri-

224 2117 330 2145 vantes,
350 2112 578 2147 quemadmodum
595 2117 622 2140 et
638 2112 752 2140 vivificaa
771 2112 881 2140 erucis:
900 2120 955 2139 non
967 2120 1016 2139 au-

226 2162 279 2184 tem
299 2162 329 2184 ut
347 2157 418 2185 hanc
434 2158 545 2192 quidem
562 2157 748 2192 exprimamus
767 2164 828 2192 quze
850 2157 952 2185 Christi
968 2165 1014 2185 ar-

224 2208 330 2231 matura
344 2209 387 2231 est
405 2203 538 2231 adversus
561 2203 717 2236 diabolum,
738 2203 828 2238 ipsum
846 2208 937 2230 autem
958 2211 1014 2231 non
1030 2212 1053 2242 ι)

224 2251 409 2286 exprimamus
418 2250 464 2285 qui
479 2250 595 2285 armiger
612 2253 655 2277 est
669 2253 697 2277 et
711 2248 873 2277 interfector
892 2250 1010 2277 Satanae.

224 2295 276 2329 Qui
288 2296 362 2323 enim
386 2295 495 2330 depingi
513 2300 595 2329 queat
619 2299 758 2322 armatura
777 2294 874 2322 victrix
891 2302 923 2322 ac
939 2303 1013 2328 vera,

225 2350 286 2376 qum
297 2346 432 2369 armatum
446 2349 554 2376 quoque
568 2341 656 2376 ipsum
685 2341 771 2368 oculis
786 2349 841 2368 non
858 2341 987 2376 subjiciat
1003 2341 1014 2368 ?

224 2387 480 2414 Adoramusdeinde
497 2391 618 2414 sanctam
633 2387 692 2422 ejus
711 2387 867 2423 imaginem,
883 2391 1013 2422 tanquam

224 2440 383 2467 expressum
403 2432 429 2459 in
460 2439 494 2459 ea
522 2432 662 2459 Christum
682 2432 836 2460 adorantes.
862 2433 1014 2467 Expressus

224 2479 299 2505 enim
315 2481 342 2504 et
354 2477 515 2505 eﬂ'ormatus
529 2485 562 2505 ex
576 2483 654 2506 utero
669 2471 771 2513 prodiit
785 2478 906 2513 Deiparze
917 2478 1013 2505 matris

223 2532 281 2552 suae
295 2532 301 2550 :
317 2524 358 2551 sin
373 2523 475 2557 minus,
490 2524 644 2552 abortivum
657 2524 785 2558 quiddam
801 2528 829 2550 et
841 2531 897 2550 non
912 2524 1013 2551 forma-

224 2574 269 2597 tus
285 2570 367 2597 homo
382 2570 442 2600 fuit,
460 2577 477 2597 ο
502 2569 674 2597 tlieomacbi!
695 2569 772 2602 Quod
788 2569 808 2596 si
827 2569 1013 2597 conformatus

223 2614 314 2642 infans
327 2615 426 2649 prodit,
443 2620 472 2642 ut
488 2623 582 2642 verum
600 2619 653 2647 est,
669 2614 702 2641 de
716 2621 770 2648 quo
783 2614 851 2640 dixit
864 2614 1010 2648 propheta:

222 2659 305 2687 Omne
316 2660 488 2687 masculinum
497 2660 653 2694 adaperiens
663 2659 765 2685 vulvam
777 2663 897 2685 sanctum
907 2658 960 2685 Deo
969 2668 1012 2686 v0-

223 2705 328 2732 tabitur
341 2707 381 2739 “;
396 2714 508 2733 necesse
523 2713 635 2741 prorsus
650 2709 692 2732 est
719 2710 749 2731 ut
767 2705 882 2740 exprimi
913 2710 1010 2733 natura

221 2757 270 2778 sua
285 2751 370 2785 possit
381 2755 408 2778 et
422 2750 522 2786 efﬁngi.
538 2750 630 2782 Sardi,
647 2751 753 2782 audite;
772 2751 845 2781 caeci,
855 2750 964 2784 aspicite
980 2751 1011 2777 ’⁷.

224 2796 283 2824 Una
299 2798 325 2824 in
341 2805 369 2825 re
379 2798 512 2825 duntaxat
539 2797 687 2824 novitatem
704 2796 731 2822 in
759 2795 870 2823 Cbrislo
889 2795 1013 2830 agnosci-

822 139 854 170 S.
868 138 1066 170 THEODORI
1082 138 1257 169 STUDITE

1065 194 1237 231 εληλύθαμεν
1250 194 1280 219 ἐν
1296 193 1337 220 ἑνὶ
1349 191 1486 228 πνεύματι
1502 192 1549 220 καὶ
1561 192 1609 228 μιᾷ
1618 192 1705 228 ψυχῇ,
1717 193 1756 225 ὠς
1765 193 1798 220 ὲκ
1809 202 1861 221 κα-

1067 239 1127 271 λιᾶς
1145 239 1201 266 ἀπὸ
1218 238 1272 265 τῶν
1290 237 1372 273 ιερῶν
1391 238 1471 274 ἡμῶν
1487 238 1665 273 ἀσκητηρίων
1677 245 1684 253 ·
1700 237 1773 265 οὕτω
1803 238 1861 265 διας

1067 286 1206 321 μείνωμεν
1224 285 1306 321 μέχρι
1324 284 1429 316 τέλους.
1441 283 1555 319 δυνάμει
1570 284 1686 319 Κυρίου,
1699 284 1749 319 τὴν
1775 284 1862 320 αὐτὴν

1066 332 1158 359 πίστιν
1174 332 1294 367 ἔχοντες,
1315 331 1374 365 τὴν
1398 330 1497 364 αὐτὴν
1529 329 1660 364 ἀγάπην,
1688 330 1860 364 σύμψυχοι,

1064 377 1095 404 τὸ
1110 377 1139 403 ἓν
1157 376 1332 412 φρονοῦντες,
1357 376 1406 403 καὶ
1421 375 1587 411 κρατοῦντες
1601 375 1692 415 ᾅόγμα
1711 375 1762 410 τῆς
1792 376 1861 411 ἀλη-

1066 423 1152 456 θείας,
1168 423 1199 450 τδ
1213 422 1362 458 κηρυχῦὲν,
1375 422 1421 448 καὶ
1431 421 1569 457 ἐγγραφὲν
1586 421 1634 448 καὶ
1647 420 1708 456 ὄψει
1718 421 1766 448 καὶ
1778 422 1860 457 ἀκοῇ,

1065 468 1095 494 ὲν
1109 467 1186 503 πάσῃ
1195 468 1227 502 τῇ
1243 467 1332 494 κτίσει
1347 466 1400 493 ὑπὸ
1412 466 1458 492 τὸν
1470 466 1586 501 οὐρανόν
1601 473 1609 480 ⁸
1630 467 1800 501 προσκυνεῖν
1812 467 1862 501 μὲν

1065 511 1112 540 οὖν
1137 513 1246 548 Πατέρα
1262 513 1309 540 καὶ
1323 512 1388 538 Υίξιν
1402 511 1450 538 καὶ
1464 511 1577 546 Πνεῦμα
1592 511 1622 538 τό
1636 511 1725 546 ἅγιον,
1748 511 1799 546 τὴν
1813 520 1862 538 πο-

1064 559 1220 595 λυΰμνητον
1236 559 1283 585 καὶ
1293 557 1433 593 μακαρίαν
1448 557 1552 593 Τριάδα
1578 557 1649 584 κατὰ
1677 557 1723 584 τδν
1739 557 1791 592 τῆς
1803 556 1863 584 Θεο-

1051 604 1158 640 ⁴λογίας
1175 605 1253 639 λόγον
1265 613 1274 621 ”
1291 604 1432 640 ὁμολογεῖν
1453 604 1482 631 δὲ
1507 603 1553 630 τὸν
1587 603 1637 631 ἕνα
1655 603 1706 638 τῆς
1732 603 1861 639 Τριάδος,

1064 651 1111 678 τδν
1126 650 1189 677 Υίὺν
1204 650 1253 677 καὶ
1267 650 1354 684 Λόγον
1375 650 1423 676 τοῦ
1438 649 1519 682 Θεοῦ,
1534 648 1637 685 Κύριον
1652 649 1681 676 δὲ
1696 649 1776 684 ἡμῶν
1807 649 1861 683 Ἰη-

1066 696 1130 723 σοῦν
1144 696 1273 732 Χριστὸν,
1290 695 1384 722 ἑαυτὸν
1396 694 1592 728 κεκενωκέναι,
1605 695 1699 722 δούλου
1731 703 1762 721 τε
1790 702 1861 729 μορ-

1066 741 1120 778 φὴν
1135 741 1316 774 ἀναλαϐόντα,
1334 741 1362 767 ὲν
1372 739 1527 776 όμοιώματί
1542 749 1572 767 τε
1597 739 1752 776 ἀνθρώπων
1779 747 1863 774 γεγο-

1066 787 1142 820 νότα,
1159 787 1189 813 ὲν
1205 786 1270 813 εῐδει
1283 785 1323 821 τῷ
1340 785 1403 813 καθ’
1418 786 1492 820 ήμᾶς
1507 784 1699 819 είκονίζεσθαι,
1718 793 1861 821 χαρακτη-

1069 831 1191 867 ρίζεσθαι
1206 831 1362 866 χαρακτῆρι
1373 830 1510 865 σώματος,
1524 830 1619 857 καθότι
1634 831 1648 857 ὁ
1660 830 1742 862 αὐτὸς
1759 830 1862 862 τέλειος

1069 878 1146 910 Θεὸς,
1163 877 1231 913 ὁμοῦ
1244 885 1275 904 τε
1289 877 1336 904 καὶ
1356 876 1500 912 ἄνθρωπος
1530 875 1716 912 ἐχρημάτισε·
1733 875 1860 902 τοσοῦτον

1069 923 1245 960 περιγραφῆς
1267 923 1333 950 εῐσω
1347 923 1494 958 γενόμενος
1517 922 1580 950 καθ’
1596 922 1681 957 ἡμᾶς.
1693 919 1732 949 ὧν
1748 922 1797 948 καὶ
1811 921 1861 956 τὴν

1069 970 1150 1005 φύσιν
1165 969 1278 1005 εῐληφεν
1289 977 1297 986 ·
1312 970 1374 996 ὅσον
1391 969 1492 1005 ταύτης
1519 968 1558 1003 τῷ
1581 968 1783 1004 ammpde
1810 968 1861 1003 τῆς

1069 1015 1146 1048 θείας
1162 1015 1270 1051 φύσεως
1287 1014 1448 1050 ἀνῲκισται.
1465 1015 1506 1041 οὐ
1519 1014 1585 1049 γὰρ,
1611 1014 1698 1050 δήπου
1728 1014 1802 1041 κατὰ
1826 1014 1861 1040 τὰ

1068 1061 1158 1096 λόγια,
1172 1060 1310 1096 ἀγγέλων
1333 1060 1584 1095 ἐπιλαμϐάνεται·
1613 1060 1694 1095 εἴπερ
1723 1060 1862 1091 κάκείνοις

1067 1107 1099 1134 τὸ
1113 1107 1296 1140 είκονίζεσθαι
1307 1114 1315 1122 ι
1331 1106 1369 1138 ὡς
1377 1103 1467 1133 ὦπται
1479 1108 1537 1138 τοῖς
1553 1106 1697 1142 βλέπουσιν
1710 1106 1762 1133 ὑπὸ
1776 1105 1862 1132 11νεὺ-

1070 1161 1155 1189 ματος
1167 1161 1175 1169 ·
1192 1152 1274 1180 ἀλλὰ
1287 1152 1460 1186 σπέρματος
1480 1151 1604 1186 Ἀϐραὰμ
1614 1151 1860 1186 ἐπιλαμϐάνεται.

1070 1200 1151 1227 Ὅθεν
1163 1199 1261 1234 ὤφειλε
1276 1199 1348 1225 κατὰ
1361 1198 1452 1225 πάντα
1465 1199 1522 1229 τοῖς
1537 1198 1665 1232 ᾁδελφοϊς
1680 1197 1861 1233 ὁμοιωθῆναι.

1068 1244 1232 1273 Είπάτωσαν
1257 1243 1304 1271 οῦν
1329 1244 1353 1270 οἱ
1379 1243 1577 1279 Χριστομάχοι,
1606 1243 1667 1275 πῶς
1695 1240 1751 1270 οἶόν
1777 1252 1807 1270 τε
1832 1244 1864 1270 τὸ

1073 1289 1254 1325 ’Δὸραμιαῖον
1266 1288 1379 1323 σπέρμα
1397 1288 1435 1324 μὴ
1447 1287 1629 1320 είκονίζεσθαι
1643 1296 1650 1319 ;
1668 1287 1727 1318 πῶς
1743 1286 1766 1312 δ’
1781 1286 1861 1322 αὐτῷ

1066 1334 1125 1367 EE“
1141 1335 1171 1361 τὸ
1182 1333 1254 1361 κατὰ
1269 1334 1359 1361 πάντα
1373 1334 1466 1368 ὅμοιον
1483 1331 1561 1369 ἡμῖν,
1576 1330 1615 1359 ὦν
1626 1332 1741 1367 ἀδελφὸς
1758 1332 1862 1367 κέκλη-

1067 1389 1130 1408 ται·
1151 1380 1232 1416 εἴπερ
1247 1379 1277 1406 οὗ
1293 1379 1323 1406 τὺ
1334 1380 1508 1415 περιγραφῆς
1523 1378 1622 1414 ίδίωμα
1638 1378 1784 1414 καθ’ἡμᾰς
1797 1379 1864 1410 τοὺς

1068 1427 1203 1462 ἀδελφοὺς
1219 1425 1302 1453 αὑτοῦ
1318 1424 1438 1461 είληφὼς
1452 1425 1591 1452 δείκνυται
1603 1433 1610 1458 ;
1623 1424 1730 1452 Οὐκοῦν
1741 1424 1860 1459 ἀδελφὸς

1068 1473 1124 1500 οὐδ’
1137 1473 1168 1500 οὺ
1181 1472 1235 1508 μὴν
1250 1472 1343 1507 ὅμοιος
1357 1472 1425 1506 ήμῖν
1434 1478 1442 1486 ·
1464 1470 1510 1498 διὰ
1520 1470 1600 1497 τοῦτο
1613 1470 1675 1497 οὐδὲ
1701 1470 1859 1506 ἄνθρωπος.

1069 1518 1148 1545 Οὕτω
1170 1518 1306 1552 συνῆκται
1320 1517 1352 1543 ἐκ
1368 1515 1416 1543 τοῦ
1431 1516 1469 1552 μὴ
1495 1515 1587 1550 λέγειν
1615 1516 1715 1547 αὐτοὺς
1740 1516 1863 1551 Χριστὸν

1069 1564 1132 1592 καθ’
1151 1564 1226 1600 ἡμᾶς
1239 1562 1422 1596 είκονίζεσθαι
1434 1570 1441 1578 ·
1458 1562 1506 1589 καὶ
1519 1561 1607 1594 οὕτως
1621 1562 1863 1594 ὰποσκευὰζονται

1068 1610 1119 1647 τὴν
1133 1611 1267 1646 σωτήριον
1280 1609 1437 1644 οἰκονομίαν
1453 1616 1459 1624 ·
1479 1608 1579 1644 ἐπίσης
1606 1608 1661 1635 τῶν
1687 1608 1863 1643 Μανιχαίων,

1068 1656 1253 1684 Οὐαλεντίνων
1266 1664 1297 1682 τε
1327 1655 1375 1681 καὶ
1401 1654 1629 1690 Μαρκιωνιστῶν·
1659 1650 1697 1681 ὦν
1726 1654 1864 1689 φύγοιμεν

1067 1701 1117 1737 τὴν
1135 1700 1288 1733 κοινωνίαν,
1303 1699 1426 1734 ἀδελφοὶ,
1449 1698 1487 1730 ὡς
1501 1699 1540 1726 ἱὸν
1559 1699 1659 1733 διρεως,
1673 1698 1860 1734 μελαίνουσαν

1068 1747 1100 1774 οὐ
1118 1746 1209 1782 σῶμα,
1223 1745 1261 1778 ὥς
1275 1745 1327 1772 πού
1357 1753 1441 1780 φησιν
1455 1745 1469 1771 6
1485 1744 1632 1779 Θεολόγος·
1648 1744 1717 1771 ἀλλὰ
1739 1745 1772 1772 τὰ
1789 1744 1863 1780 βάοη

1067 1793 1118 1829 τῆς
1129 1793 1229 1828 ψυχῆς·

1103 1839 1142 1874 Τῇ
1154 1838 1323 1873 ἀποστολικῇ
1337 1837 1366 1864 δὲ
1384 1836 1431 1863 καὶ
1445 1837 1492 1864 ὑπ’
1519 1836 1635 1872 οὗρινδν
1653 1836 1805 1873 Ἐκκλησία
1827 1838 1864 1865 τὰ

1068 1886 1114 1912 ἴσα
1130 1883 1291 1920 φρονοῦντες
1304 1892 1311 1899 ·
1326 1883 1395 1919 αὕτη
1409 1883 1464 1919 γὰρ
1479 1883 1496 1918 ἡ
1511 1882 1677 1915 Βυζαντιαία
1698 1878 1797 1918 τμῆμα
1818 1885 1864 1910 αι-

1069 1930 1186 1967 ρετικὸν,
1202 1930 1240 1962 ὡς
1253 1928 1368 1956 εἴθισται
1383 1929 1453 1964 αὐτῇ
1465 1928 1607 1964 πολλαχῶς
1622 1928 1676 1956 τῶν
1690 1928 1780 1956 ἄλλων
1793 1929 1865 1956 ἀπο-

1068 1975 1208 2012 σχίζεσθαι
1224 1983 1231 1990 ”
1258 1974 1428 2010 είκονίζομεν
1442 1974 1488 2001 τὸν
1514 1974 1616 2010 Κύριον
1643 1974 1722 2010 ἡμῶν
1753 1975 1864 2010 Ἰησοῦν

1066 2021 1184 2058 Χριστὸν
1199 2020 1348 2056 σωματικῷ
1367 2020 1534 2057 χαρακτῆρι,
1552 2020 1642 2056 εἱρμῷ
1664 2020 1704 2056 τῷ
1726 2021 1865 2049 ἀνέκαθεν

1067 2067 1215 2102 ὰπάὺτῆς
1236 2067 1287 2103 τῆς
1315 2066 1478 2101 ἐπιφανείας
1508 2066 1591 2093 αὐτοῦ
1619 2066 1648 2099 ἐξ
1675 2067 1865 2102 ἀπστολικῆς

1067 2113 1193 2149 πράξεως
1211 2112 1392 2148 παρηγμένῳ,
1407 2112 1437 2145 ἐξ
1460 2111 1564 2143 εἰκόνος
1596 2111 1688 2139 είκόνα
1717 2113 1863 2147 μεταγρὰ-

1067 2167 1176 2194 φοντες,
1190 2158 1317 2194 καθάπερ
1331 2157 1380 2184 καὶ
1409 2157 1456 2184 τοῦ
1479 2157 1616 2189 ζωοποιοῦ
1640 2157 1760 2193 σταυροῦ
1777 2166 1784 2173 ·
1813 2159 1863 2186 καὶ

1068 2205 1107 2241 μὴ
1130 2204 1177 2231 τὸν
1205 2204 1255 2238 μὲν
1290 2202 1459 2236 τυποῦντες,
1487 2203 1516 2235 ὃς
1542 2204 1617 2230 ἐστιν
1631 2203 1712 2230 ὅπλον
1736 2204 1862 2239 Χριστοῦ

1068 2251 1139 2278 κατὰ
1158 2249 1206 2277 τοῦ
1221 2250 1344 2277 διαϐόλου
1355 2258 1362 2264 ·
1373 2249 1419 2276 τὸν
1431 2249 1459 2276 δὲ
1472 2250 1523 2276 οὒκ
1540 2249 1732 2282 είκονίζοντες,
1746 2250 1776 2282 ὃς
1785 2252 1863 2278 ἐστιν

1067 2296 1181 2331 ὁπλίτης
1202 2296 1251 2323 καὶ
1270 2295 1435 2331 καθαιρέτης
1453 2295 1501 2322 τοῦ
1530 2296 1647 2323 Σατανᾶ.
1674 2295 1730 2323 Ποῦ
1744 2296 1800 2332 γὰρ
1828 2296 1863 2324 ἂν

1067 2341 1220 2377 ὲγγραφείη
1232 2340 1313 2368 ὅπλον
1326 2340 1466 2375 νικητικὸν
1480 2341 1526 2367 καὶ
1535 2340 1647 2375 ἀληθὲς,
1664 2341 1704 2376 μὴ
1723 2341 1770 2368 τὸν
1782 2342 1863 2369 ὁπλί-

1067 2396 1119 2422 την
1145 2387 1207 2422 ἔχον
1232 2387 1278 2414 ὑπ’
1293 2386 1355 2422 δψιν
1377 2386 1572 2422 δεικνύμενον;
1588 2384 1654 2414 Εἶτα
1667 2386 1716 2414 καὶ
1736 2396 1862 2423 προσκυ-

1066 2433 1166 2469 νοῦμεν
1177 2432 1261 2460 αὑτοῦ
1273 2432 1324 2468 τὴν
1343 2432 1424 2467 ἁγίαν
1439 2433 1544 2466 είκόνα,
1557 2433 1596 2464 ὼς
1620 2432 1650 2458 ἐν
1677 2433 1747 2468 αὐτῇ
1771 2441 1860 2469 προσ-

1065 2478 1209 2510 κυνοῦντες
1221 2478 1267 2504 τὸν
1280 2478 1496 2512 ὲξεικονισμένον
1506 2477 1623 2512 Χριστόν
1632 2497 1640 2505 .
1656 2478 1860 2514 Ἐξεικθνισμέ-

1064 2533 1109 2557 νος
1123 2525 1179 2560 γὰρ
1192 2525 1328 2561 προῆλθεν
1343 2525 1376 2551 ἐκ
1390 2524 1495 2557 κοιλίας
1511 2525 1616 2560 μητρὸς
1631 2524 1714 2552 αὑτοῦ
1733 2526 1784 2560 τῆς
1793 2526 1860 2552 Θεο-

1063 2571 1142 2598 τόκου
1156 2579 1162 2586 ·
1178 2572 1203 2598 εί
1215 2571 1242 2597 δὲ
1261 2571 1317 2607 μὴ,
1329 2571 1526 2606 ἀμϐλωθρίδιόν
1545 2579 1572 2597 τι
1599 2572 1646 2598 καὶ
1660 2573 1690 2598 οὺ
1705 2580 1859 2607 μεμορφωι

1068 2616 1148 2650 μένος
1162 2616 1315 2652 ἄνθρωπος.
1330 2613 1352 2642 ὦ
1368 2616 1497 2651 θεομάχοι
1512 2617 1518 2643 1
1534 2617 1566 2643 Εἰ
1597 2616 1626 2643 δὲ
1637 2617 1859 2652 ὲξεικονισμένον

1065 2661 1095 2687 τὸ
1109 2661 1208 2696 βρέφος
1223 2661 1357 2697 πρόεισιν,
1375 2661 1470 2696 ὥσπερ
1482 2661 1580 2697 ἀληθές
1595 2670 1605 2678 ο
1629 2661 1694 2696 περὶ
1714 2658 1745 2688 οὗ
1773 2671 1859 2697 φησιν

1066 2704 1081 2731 δ
1097 2705 1241 2739 προφήτης
1258 2712 1264 2719 '
1282 2704 1346 2731 Πᾶν
1360 2704 1455 2738 ἄρσεν
1470 2704 1623 2739 διανοῖγον
1635 2704 1754 2739 μήτραν
1769 2704 1860 2739 ἅγιον.

1067 2748 1108 2781 τῷ
1123 2747 1184 2781 Θεῷ
1198 2747 1384 2782 κληθήσεται
1397 2757 1404 2763 ·
1422 2749 1497 2775 πᾶσα
1519 2749 1626 2783 ἀνάγκη
1649 2749 1697 2775 καὶ
1725 2749 1858 2781 ἐξεικονί-

1068 2793 1162 2826 ζεσθαι
1187 2794 1319 2828 πέφυκεν.
1332 2795 1364 2821 οἱ
1380 2795 1484 2828 κωφοὶ,
1499 2795 1660 2827 ἀκούσατε,
1677 2794 1726 2820 καὶ
1758 2796 1788 2821 οι
1808 2803 1858 2821 ru-

259 2862 282 2878 “
296 2862 394 2898 Philip.
412 2863 437 2890 'l.
476 2864 498 2880 "
519 2861 603 2890 Hebr.
630 2871 660 2895 ιι,
679 2863 722 2890 16.
761 2863 784 2879 ’⁸
805 2863 891 2890 Exod.
920 2862 1010 2896 “11,2

1071 2870 1114 2890 uc.
1127 2870 1156 2895 ιι,
1174 2862 1217 2890 15.
1256 2862 1277 2878 ’⁷
1293 2861 1345 2889 lsa.
1373 2869 1437 2895 mi,
1451 2861 1493 2888 18.
