1926 3078
55 138 127 171 1133

52 195 333 230 φλοὶβμελέψατεο
348 194 378 221 ὲν
396 194 438 221 ἑνὶ
462 194 543 229 μόνον
554 194 572 230 ἡ
588 195 652 221 καθ’
669 196 745 230 ἡμᾶς
758 203 849 222 καινο-
865 201 884 226 Α

51 242 135 277 τομία
149 242 197 268 ἐπὶ
216 240 337 275 Χριστοῦ
352 247 359 255 ⁸
376 240 490 268 ῶιᾶνευ
506 241 612 276 σπορᾶς
629 240 809 275 συνείληπται
819 240 850 266 ὲν

54 288 151 322 μήτρᾳ
168 286 323 321 Παρθένου,
339 286 393 313 καὶ
406 286 468 321 δίχα
488 285 592 320 φθορᾶς
605 286 768 321 γεγέννηται
784 293 792 301 ⁸
804 294 852 313 xa-

53 333 112 360 θὸτι
127 333 202 360 οὐδὲ
218 333 366 367 ἁμαρτίαν
389 332 519 365 ἐποίησε
534 331 685 366 γραφικῶς
697 339 703 346 ·
721 331 792 359 οὐδὲ
800 331 850 358 δό-

53 380 109 409 λος
127 378 237 411 εὑρέθη
259 377 294 404 ἐν
318 375 358 409 τῷ
387 376 514 411 στόματι
542 375 647 402 αὑτοῦ.
675 375 717 402 Τὰ
739 375 762 402 δ’
783 375 851 402 ἄλλα

53 421 143 446 πάντα
168 420 230 446 καθ’
244 421 319 454 ἡμᾶς
336 428 344 435 ·
367 420 469 454 ἔφαγεν
487 427 494 434 ·
512 419 573 446 ἔπιε
587 429 594 436 ·
607 420 781 455 διεπνεύσθη·
799 419 851 455 ηὕ-

54 464 137 501 ξησεν
149 474 157 481 ·
173 466 299 493 ἑϐάδισεν
311 474 318 481 ·
337 465 452 501 ἵδρωσεν
465 474 473 482 ·
485 466 634 492 ἐκοπίασεν
648 474 655 482 ·
670 460 832 502 ἐσταυρώθη
842 474 849 480 ·

53 511 177 538 ἀπέθανε
187 519 195 527 ·
210 511 273 544 κᾶν,
290 510 329 542 ὡς
340 510 416 542 Θεὸς,
438 511 590 547 τριήμερος
604 511 764 546 ἐγήγερται,
781 511 851 546 ἔχων

55 557 105 584 καὶ
129 557 202 592 μετὰ
215 557 264 591 τὴν
278 557 428 583 ἀνάστασιν
444 557 494 592 τὴν
519 557 743 592 ὲξεικονισμένην
771 557 851 592 ἡμῶν

60 602 168 637 μορφὴν
181 602 330 629 θεωῡεῖσαν
343 603 391 629 καὶ
400 602 630 637 ἀφθαρτισθεῖσαν
643 604 672 629 ὲν
681 603 755 638 αὑτῴ
767 611 775 618 ⁸
785 604 851 630 καθ’
868 614 873 620 ·

58 650 91 684 ἣν
108 649 156 676 καὶ
168 648 268 684 ἐθεάθη
298 650 354 681 τοῖς
367 649 540 682 ἀποστόλοις,
564 649 612 676 καὶ
641 649 779 684 συνέφαγε
803 649 851 675 καὶ

57 697 185 722 συνέτιιεν
206 695 405 731 ἐγηγερμένος,
417 695 464 722 καὶ
487 695 651 731 ὲψηλαφήθη
666 695 719 722 ὑπὸ
741 695 827 730 Θωμᾶ
842 703 848 710 ·

57 741 145 775 λέγων
157 742 216 772 τοῖς
231 741 315 767 πᾶσιν
325 741 533 776 ὑποτοπήσασιν
547 740 627 767 αὐτὸν
639 740 748 776 πνεῦμα
761 738 832 767 εἶναι
841 749 849 757 ·

61 786 270 821 Ψηλαφήσατέ
281 795 320 821 με
332 786 381 813 καί
392 786 481 819 Mers,
493 786 537 813 ὅτι
551 785 670 821 πνεῦμα
687 785 786 819 σάρκα
800 785 851 812 καὶ

59 831 149 858 ὀστέα
165 831 222 858 οὐκ
233 831 308 865 ἔχει,
324 831 422 864 καθὼς
441 830 494 865 ἐμὲ
508 831 641 865 θεωρεῖτε
655 831 775 866 ἔχοντα.
795 830 849 857 Οὖ-

59 885 96 903 τω
109 878 159 903 καὶ
183 877 325 913 ἀνελήφθη
340 877 370 904 ἑν
384 877 448 912 δόξῃ
466 885 473 892 ·
495 877 628 909 ὡσαύτως
653 880 700 904 καὶ
730 877 790 912 ἥξει
821 878 852 903 ἐν
869 873 888 900 Β

62 925 150 959 μορφῇ
166 924 201 958 τῇ
231 923 300 958 αὐτῇ
324 922 371 950 τοῦ
398 922 459 949 καθ’
481 923 556 958 ἡμᾶς
583 923 669 954 εἴδους
686 930 693 937 '
707 922 736 948 ὂν
758 922 854 957 ῠψεται

60 971 133 996 πᾶσα
155 969 225 1004 σὰρξ
249 968 302 996 ἀπ’
322 968 452 1003 οὐρανοῦ
469 969 534 1002 μετ’
547 968 682 1003 ἀγγέλων
698 967 854 1002 δυνάμεως

58 1015 151 1042 αὑτοῦ
166 1015 201 1041 ἐν
212 1014 281 1048 ,πυρὶ
296 1013 421 1049 φλογὸς,
451 1013 578 1040 διδόντα
608 1013 766 1047 ἐκδίκησιν
790 1013 854 1046 τοῖς

58 1062 97 1095 μὴ
110 1061 208 1088 εἰδόσι
223 1061 308 1092 Θεὸν,
324 1061 373 1088 καὶ
387 1060 451 1093 τοῖς
463 1060 506 1095 μὴ
526 1060 721 1087 ὑπακούσωσι
733 1059 772 1092 τῷ
796 1059 853 1086 Εὐ-

60 1107 187 1141 αγτελιῳ
213 1106 318 1138 αὐτοῦ,
353 1106 444 1137 καθὼς
470 1106 644 1141 γέγραπται·
677 1105 736 1141 μεθ’
767 1101 805 1132 ὦν
827 1106 852 1132 οί

62 1152 268 1188 σταυρώσαντες
282 1153 364 1179 αὐτὸν
381 1152 504 1179 Ἰουδαῖοι
518 1152 657 1187 κόψονται,
682 1153 729 1178 καὶ
758 1152 784 1178 οί
813 1152 852 1186 μὴ

60 1198 218 1233 ἀνεχόμενοι
251 1198 333 1224 αὐτὸν
365 1197 508 1229 είκονίζειν
533 1197 727 1232 Εἰκονομάχοι.
757 1196 852 1223 Ταῦτά

60 1244 144 1275 ἐστιν,
162 1243 284 1278 ἀδελφοὶ,
296 1243 329 1270 τὰ
339 1242 506 1277 εὐαγγελικὰ
520 1243 698 1278 κηρύγματα·
711 1242 798 1269 ταῦτα
815 1242 851 1269 τὰ

62 1290 230 1317 ἁποστολικὰ
249 1289 412 1324 διδάγματα.
425 1289 456 1316 οι
476 1289 505 1316 δὲ
527 1288 660 1315 τάναντία
674 1289 848 1324 φρονοῦντες,

61 1337 98 1368 είς
114 1336 210 1372 ἕτερον
226 1335 429 1370 Εὐαγγέλιον,δ
454 1335 504 1362 οὐκ
534 1335 608 1362 ἐστιν
632 1335 706 1368 ἄλλο,
731 1335 850 1371 πειρῶν-

60 1389 104 1408 ται
120 1381 309 1416 μεταστρέψαι
332 1381 378 1407 τὸν
404 1380 468 1407 λαδν
490 1379 539 1407 τοῦ
562 1380 642 1412 Θεοῦ,
666 1380 851 1416 προφέροντες

61 1426 125 1453 νόθα
151 1426 358 1461 συγγράμματα
369 1433 377 1440 ·
391 1427 424 1452 ὲκ
434 1425 540 1457 κοιλίας
556 1425 720 1459 φωνοῦντες,
738 1426 785 1452 καὶ
800 1425 850 1451 οὐκ

62 1472 114 1499 ἀπὺ
127 1472 263 1507 στόματος
284 1471 399 1507 Κυρίου.
416 1471 503 1498 Εῐωθε
524 1470 578 1506 γὰρ
594 1471 638 1497 ἀεὶ
665 1471 703 1506 τῷ
721 1471 787 1506 σίτῳ
814 1470 850 1497 τὰ

62 1518 168 1550 ζιζάνια
182 1517 433 1554 παρασπείρεσθαι,
451 1517 499 1544 καὶ
511 1518 544 1553 τῇ
560 1516 675 1553 ἀληθείᾳ
703 1517 734 1543 τὸ
751 1516 849 1551 ψεῦδος

63 1563 272 1598 παρατίθεσθαι.
294 1563 370 1590 Ἐπεὶ
385 1563 444 1595 πῶς
456 1563 504 1590 καὶ
516 1563 614 1598 φανείη
624 1562 739 1598 ἀλήθεια
753 1563 791 1598 μὴ
803 1563 847 1589 ἀν-

61 1609 180 1643 τιλογίαν
196 1609 316 1643 ἐχουσα;
353 1608 441 1635 Ἀλλὰ
458 1609 507 1635 καί
524 1607 579 1635 ἐὰν
608 1609 705 1642 ἡμεῖς,
737 1608 820 1642 φησὶν
836 1608 851 1634 ὁ

68 1655 238 1687 Ἀπόστολος,
251 1654 270 1689 ἢ
287 1655 415 1689 ἅγγελος
427 1654 462 1687 ἐξ
478 1654 611 1688 οὐρανοῦ
627 1653 850 1689 εὐαγγελίζηται

658 139 926 170 EPISTOLARUM
944 139 1018 170 LI‘B.
1041 139 1081 169 ΙΙ.

901 203 971 227 mus,
987 195 1060 229 quod
1081 194 1142 222 sine
1153 194 1260 222 semine
1275 194 1302 222 in
1317 194 1436 230 Virginis
1457 200 1537 224 utero
1547 203 1697 233 conceptus

903 239 948 273 sit,
956 244 983 267 et
994 240 1053 266 sine
1067 239 1245 274 corruptione
1257 245 1405 276 prognatus
1417 250 1422 268 :
1433 241 1534 276 quippe
1547 242 1592 277 qui
1603 250 1698 276 pecca-

903 290 957 311 tum
972 293 1023 311 non
1035 285 1105 320 fecit,
1135 293 1181 311 nec
1196 285 1316 312 inuentus
1329 290 1366 312 est
1381 286 1456 313 dolus
1471 287 1499 313 in
1514 295 1559 314 are
1577 287 1637 322 ejus
1661 288 1697 316 ".

901 331 1007 358 Caetera
1018 336 1110 358 autem
1120 332 1213 358 omnia
1228 339 1305 359 more.
1321 337 1425 365 nostro,
1436 333 1502 366 edit,
1510 333 1578 360 bibit
1593 354 1600 366 ,
1616 334 1699 369 spiri-

884 381 959 404 ‘tum
976 377 1072 410 duxit,
1097 377 1194 409 crevit,
1224 378 1391 410 ambulavit,
1419 379 1538 411 sudavit,
1555 379 1697 412 laboravit,

905 423 1052 450 crucilisus
1074 427 1135 455 est,
1156 428 1282 451 mortuus
1304 428 1346 451 est
1361 434 1367 450 :
1383 425 1447 457 etsi,
1464 429 1494 452 ut
1512 426 1601 458 Deus,
1620 427 1700 453 tertio

902 468 946 495 die
962 469 1115 496 resurrexit
1127 489 1134 501 ,
1152 468 1257 496 habens
1271 469 1442 507 etiam'post
1469 471 1698 498 resurrectionem

901 520 1060 548 expressam
1078 513 1193 542 formam
1208 520 1331 542 nostram
1357 515 1413 550 jam
1432 515 1584 543 deiﬁcatam
1601 521 1629 544 et
1647 517 1699 544 im-

902 559 1044 587 mortalem
1058 560 1086 587 in
1102 560 1161 595 ipso
1175 560 1273 588 factam
1292 562 1459 589 :secundum
1481 569 1563 596 quam
1581 566 1609 590 et
1624 563 1700 591 visus

901 609 943 631 est
958 604 993 631 ab
1008 604 1147 639 apostolis,
1161 610 1189 632 et
1206 613 1267 633 cum
1281 605 1335 633 illis
1354 606 1421 638 edit,
1438 606 1525 639 bibit,
1548 607 1698 637 redivivus.

901 655 928 677 et
944 658 959 677 a
972 650 1077 678 Thoma
1089 656 1276 679 contrectatus
1287 657 1328 680 est
1342 661 1348 679 :
1366 653 1493 680 omnibus
1506 654 1551 688 qui
1562 661 1624 681 eum
1638 661 1700 682 esse

902 697 1026 732 spiritum
1038 698 1264 733 suspicabantur,
1274 699 1382 726 dicens:
1396 699 1508 734 Palpate
1519 709 1559 727 me
1570 706 1594 728 et
1603 701 1700 734 uidete,

902 743 964 777 quia
974 743 1084 777 spiritus
1095 751 1201 770 carnem
1211 748 1235 770 et
1247 751 1305 771 ossa
1316 753 1367 771 non
1378 745 1465 777 habet,
1476 745 1542 772 sicut
1552 746 1645 773 uidetis
1656 755 1697 774 me

901 787 997 814 habere
1008 787 1092 815 ".Sic
1108 792 1134 815 et
1147 793 1303 824 assumptus
1313 793 1355 816 est
1366 790 1392 816 in
1404 790 1488 825 gloria
1501 799 1508 817 :
1521 791 1559 818 sic
1569 796 1596 818 ct
1605 792 1695 820 veniet

902 832 928 860 in
944 833 1031 861 form:t
1041 835 1137 862 eadem
1147 835 1248 870 speciei
1260 840 1361 863 nostrae
1374 844 1381 863 :
1397 844 1478 871 quem
1492 837 1594 864 videbit
1605 838 1695 865 omnis

903 887 967 907 caro
980 880 1012 906 de
1027 880 1049 896 ³⁰
1067 880 1143 914 caelo,
1156 889 1216 908 cum
1235 881 1335 916 angelis
1348 883 1453 909 virtutis
1465 883 1531 917 ejus,
1547 884 1574 910 in
1588 884 1701 917 ﬂamma

903 924 982 960 ignis,
997 924 1142 952 uindictam
1157 926 1265 952 dantem
1279 926 1311 952 iis
1329 927 1374 961 qui
1389 935 1439 952 non
1462 932 1587 954 noverunt
1603 927 1700 961 Deum,

903 974 927 996 et
936 969 981 1004 qui
991 969 1135 1005 Evangelia
1146 971 1203 1005 ejus
1213 979 1264 997 non
1274 971 1426 998 obedierunt
1438 971 1473 1004 '°,
1484 973 1555 999 sicut
1566 973 1700 1007 scriptum

902 1019 945 1042 est
957 1024 963 1041 :
975 1023 1037 1042 cum
1052 1015 1152 1049 quibus
1165 1014 1293 1051 plangenl
1314 1020 1342 1043 et
1359 1016 1405 1050 qui
1429 1017 1624 1044 cruciﬁxerunt
1635 1025 1700 1045 eum

902 1059 998 1093 Judaei,
1013 1065 1042 1087 et
1055 1060 1102 1095 qui
1111 1061 1172 1095 ejus
1185 1060 1300 1096 elligiem
1311 1061 1367 1088 ﬁeri
1381 1069 1435 1088 non
1448 1061 1540 1089 ferunt
1555 1061 1700 1090 lconoma-

902 1105 957 1132 chi.
977 1104 1041 1132 Haec
1058 1108 1111 1138 est,
1131 1106 1240 1138 fratres,
1264 1106 1420 1141 evangelica
1440 1107 1598 1141 praedicatio
1616 1116 1624 1134 :
1641 1107 1700 1135 haec

902 1154 967 1177 sunt
976 1151 1122 1185 apostolica
1132 1151 1308 1178 documenta.
1318 1151 1369 1184 Qui
1377 1159 1443 1179 vero
1454 1156 1550 1179 contra
1559 1153 1700 1184 sentiunt.

901 1196 934 1222 ad
949 1196 1023 1222 aliud
1036 1195 1213 1231 Evangelium
1223 1196 1256 1229 “,
1269 1197 1341 1231 quod
1357 1197 1468 1232 quidem
1484 1205 1538 1225 non
1554 1198 1629 1226 aliud
1645 1203 1698 1232 est,

902 1242 949 1269 Dei
966 1242 1098 1277 populum
1117 1242 1261 1270 traducere
1270 1247 1416 1277 conantur,
1426 1243 1580 1270 adulterina
1595 1244 1700 1279 scripta

902 1286 1083 1320 proferenles,
1095 1293 1128 1312 es
1139 1290 1235 1313 ventre
1247 1286 1402 1321 loquentes,
1417 1292 1444 1314 et
1459 1295 1513 1314 non
1531 1294 1564 1314 es
1581 1295 1629 1314 ore
1645 1287 1700 1316 Do-

902 1331 980 1358 mini.
999 1331 1095 1359 Solent
1109 1339 1218 1366 semper
1238 1339 1302 1359 cum
1323 1332 1413 1360 tritico
1430 1332 1535 1360 zizania
1558 1333 1699 1370 seminari,

900 1381 928 1404 et
946 1377 1052 1404 veritati
1066 1378 1237 1405 mendacium
1257 1378 1373 1414 aspergi.
1391 1378 1533 1412 Quomodo
1552 1379 1625 1406 enim
1651 1388 1699 1407 ve-

901 1423 968 1450 ritas
980 1423 1124 1455 elucescat,
1149 1423 1171 1450 si
1192 1423 1434 1450 contradictionem
1460 1423 1560 1450 nullum
1581 1424 1700 1451 habeat?

901 1467 953 1494 Sed
967 1467 1026 1494 licet
1041 1475 1096 1499 nos,
1114 1467 1202 1504 inquit
1215 1467 1370 1502 Apostolus,
1386 1472 1433 1494 aut
1455 1468 1565 1503 angelus
1585 1469 1616 1495 de
1635 1469 1699 1496 «elo

900 1513 1059 1548 evangelise!
1082 1513 1167 1545 vobis,
1189 1517 1285 1548 praeter
1309 1521 1390 1548 quam
1413 1516 1481 1548 quod
1508 1514 1699 1548 euangelizavi-

903 1567 960 1586 mus
971 1559 1052 1592 vobis,
1073 1559 1216 1586 anathema
1234 1559 1366 1586 sil:sicut
1380 1559 1567 1593 pradiximus,
1585 1564 1609 1586 et
1630 1568 1699 1586 nunc

903 1607 998 1633 iterum
1010 1605 1068 1632 dico
1078 1613 1088 1632 :
1103 1603 1131 1631 Si
1141 1605 1199 1640 quis
1210 1604 1280 1631 vobis
1299 1604 1455 1639 erattgelizet
1472 1609 1566 1639 praeter
1592 1605 1620 1631 id
1630 1604 1700 1640 quod

905 1651 1054 1685 accepistis,
1068 1652 1211 1677 anathema
1227 1650 1261 1676 sit
1277 1649 1311 1677 ".

64 1701 132 1735 ὑμῖν
145 1700 216 1735 παρ’
229 1700 245 1727 ὃ
261 1700 519 1735 εὐηγγελισάμεθα
533 1700 613 1734 ὑμῖν,
629 1699 762 1734 ἀνάθεμα
774 1700 853 1726 ἔστω
864 1705 872 1714 ·
890 1698 931 1730 ὡς
953 1696 1187 1731 προειρήκαμεν,
1202 1695 1255 1723 και
1271 1695 1338 1730 ἄρτι
1368 1694 1463 1722 πάλιν
1474 1693 1552 1730 λέγω
1564 1701 1572 1710 δ
1602 1693 1640 1721 ιιι
1653 1701 1700 1726 τις

64 1743 278 1779 εὐαγγελίζεται
304 1743 382 1778 ὑμᾶς
399 1743 466 1778 παρ’
480 1743 495 1771 ὃ
510 1743 702 1778 παρελάϐετε.
725 1743 858 1778 ἀνάθεμα
876 1742 956 1769 ἔστω

98 1791 165 1826 Περὶ
176 1790 206 1816 δὲ
221 1790 272 1824 τῆς
287 1789 431 1822 Θεοτόκου,
450 1789 467 1824 ἢ
494 1789 650 1816 οὑτινοσοῦν
678 1788 732 1817 τῶν
752 1789 853 1823 ἁγίων,

63 1837 101 1862 ὅτι
118 1836 308 1868 εἰκονίζονται,
323 1836 454 1871 περισσόν
464 1835 509 1871 μοί
522 1837 581 1862 ἐστι
599 1836 631 1862 τδ
642 1835 759 1871 γράφειν
772 1836 850 1870 ὑμῖν.

69 1881 185 1907 Ὴλίθιον
202 1881 256 1916 γὰρ
272 1881 412 1907 ὁντιναοῦν
427 1881 573 1917 ἄνθρωπον
589 1882 674 1916 φαίην
705 1881 743 1917 μὴ
765 1889 852 1917 χαρα-

64 1927 252 1962 κτηρίζεσθαι.
275 1927 345 1954 Ἀλλ’
361 1927 386 1953 ot
413 1926 529 1963 Χριστὸν
542 1927 752 1963 ἁπαναινόμενοι
775 1936 853 1963 περι-

65 1973 227 2007 γράφεσθαι,
254 1973 284 2004 ὅς
315 1973 389 2000 ἐστιν
410 1974 426 2008 ἡ
452 1973 558 2008 κεφαλὴ
586 1973 633 2000 τοῦ
658 1973 782 2008 σώματος
803 1974 853 2008 τῆς

70 2017 245 2052 ’Βκκλησίας,
260 2018 457 2052 συμπεριελεῖν
481 2018 573 2050 ἔδοξαν
587 2019 634 2045 καὶ
647 2018 682 2045 τὰ
701 2019 769 2054 μέλη
784 2019 853 2054 Χρι-

66 2062 126 2089 στοῦ
143 2063 184 2098 μὴ
200 2062 380 2095 είκονίζεσθαι
393 2071 400 2078 ·
417 2063 496 2099 εῐπερ
510 2063 596 2098 σῶμα
611 2064 742 2098 Χριστοῦ
767 2064 854 2098 ἡμεῖς

66 2109 187 2142 πάντες,
197 2109 246 2136 καὶ
256 2109 334 2143 μέλη
349 2109 384 2136 ἐκ
394 2109 516 2144 μέρους.
534 2109 666 2144 Ἔλεγχος
678 2110 732 2144 γὰρ
748 2110 853 2142 αὐτοῖς,

68 2154 173 2189 μητέρα
203 2154 254 2188 μὲν
277 2153 344 2180 Θεοῦ
362 2153 544 2186 είκονίζεσθαι
559 2162 567 2169 ·
587 2154 618 2180 οὐ
636 2153 689 2189 μὴν
703 2154 749 2180 τὸν
765 2153 794 2187 ἐξ
808 2155 856 2181 αὺ-
870 2146 893 2175 1)

66 2200 112 2234 τῆς
123 2199 268 2235 τεχθέντα,
281 2200 328 2226 καὶ
341 2200 410 2235 αὐτῇ
428 2200 581 2235 ὑπομάζιον
595 2200 724 2234 ὀφθέντα,
743 2201 790 2227 καὶ
805 2200 855 2227 ὅσα

67 2245 112 2279 τῆς
135 2247 299 2280 σωματικῆς
323 2245 408 2272 αὑτοῦ
436 2246 590 2280 παρουσίας
622 2245 790 2272 ὑπείκοντα·
837 2245 854 2282 ἢ

68 2291 145 2316 πάλιν
155 2290 220 2322 τοὺς
228 2291 364 2322 αὐτόπτας
379 2291 427 2318 καὶ
439 2291 578 2326 ὑπηρέτας
594 2291 853 2327 στη).ογραφεϊσθαι’

67 2337 110 2362 τὸν
126 2337 155 2363 δὲ
165 2337 374 2372 ὕπηρετηθέντα
390 2338 437 2363 καὶ
448 2338 706 2373 συναναστραφέντα
721 2338 757 2373 μὴ
770 2347 855 2374 χαρι-

69 2381 255 2416 κτηρίζεσθαι.
275 2383 328 2408 Καὶ
349 2382 485 2409 Ἰουδαίων
499 2383 606 2418 χείρους
621 2383 791 2410 δείκνυνται·
813 2383 855 2410 ὅτι

68 2426 124 2452 οὐδὲ
140 2426 276 2459 Μωσέως,
299 2426 355 2453 οὐδ’
365 2426 393 2452 εἴ
416 2435 489 2458 τινος
517 2428 597 2454 ἄλλου
627 2427 681 2454 τῶν
706 2428 856 2464 προφητῶν

69 2472 157 2497 εἰκὸνα
175 2472 353 2506 προσίενται·
371 2473 561 2507 προσιεμένων
585 2473 698 2500 ἐκείνων
723 2473 776 2500 τῶν
803 2473 856 2509 πρὸ

70 2517 113 2550 τῆς
127 2517 253 2552 χάριτος,
272 2518 309 2549 ὡς
331 2519 452 2553 νομικῶν
472 2520 519 2545 καὶ
532 2519 562 2545 οὺ
576 2519 756 2554 Χριστιανῶν.
771 2520 803 2546 01
827 2519 857 2547 δὲ

70 2564 194 2590 τοσοῦτον
205 2565 409 2598 ἀνοηταίνουσιν
425 2565 463 2598 ὡς
479 2567 525 2592 καὶ
538 2566 645 2598 ἑαυτοῖς
657 2567 703 2592 καὶ
720 2566 857 2598 Ἰουδαίοις

73 2609 204 2644 μάχεσθαι
220 2618 227 2625 ⁶
249 2611 296 2637 καὶ
313 2611 384 2646 μήτε
403 2611 551 2643 Ἰουδαίους
565 2609 635 2638 εἶναι
655 2612 853 2647 νομοφύλακας

72 2656 135 2690 μήτε
148 2656 341 2691 Χριστιανοὺς,
362 2657 412 2683 οὐκ
429 2657 657 2692 εἰδογραφοῦντας
670 2658 715 2684 τὸν
729 2658 857 2693 Χριστὸν,

71 2699 96 2726 ira
107 2702 281 2736 προσήκαντο
296 2702 440 2739 ἄνθρωπον
449 2703 591 2737 γεγονότα.
600 2703 678 2738 Φωνὴ
694 2703 799 2739 Πέτρου
811 2702 858 2729 τοῦ

105 2802 144 2832 ’⁸1
167 2804 241 2832 l’ctr.
258 2805 346 2839 11,22.
385 2806 407 2823 “
420 2805 485 2833 Luc.
504 2814 576 2838 sxw,
604 2805 649 2833 50.
696 2805 718 2821 “
731 2804 828 2833 Thess.
845 2813 864 2837 ι,
883 2804 907 2830 7.

75 2835 116 2865 27.

939 1787 977 1816 De
990 1788 1104 1823 Deipara
1118 1791 1209 1815 autem
1223 1791 1251 1815 et
1263 1793 1427 1822 unoquoque
1440 1789 1596 1813 sanctorum
1609 1805 1616 1817 ,
1625 1783 1700 1820 quod

902 1841 996 1861 eorum
1022 1833 1154 1868 imagines
1177 1832 1373 1864 etformantur,
1399 1831 1645 1867 supervacaneum‘
1657 1834 1700 1858 est

903 1880 970 1907 mihi
981 1880 1101 1907 scribere
1114 1879 1202 1907 vobis.
1214 1879 1332 1906 Stultum
1346 1879 1446 1914 quippe
1462 1878 1576 1906 dixerim
1586 1899 1593 1911 ,
1602 1885 1699 1913 quom-

903 1933 1012 1960 cunque
1046 1926 1185 1953 hominem
1210 1933 1264 1952 non
1293 1924 1462 1960 tigurari.At
1484 1924 1531 1959 qui
1559 1923 1700 1951 Christum

904 1972 1091 2000 circumscribi
1105 1976 1215 2007 negant,
1238 1972 1285 2006 qui
1301 1976 1343 1999 est
1363 1975 1445 2006 caput
1464 1970 1586 2005 corporis
1608 1969 1702 1997 Eccle-

904 2018 969 2049 siae;
985 2017 1087 2045 inlerre
1108 2025 1161 2045 una
1175 2017 1328 2048 voluerunt,
1346 2017 1468 2044 membra
1483 2015 1576 2043 itidem
1597 2014 1700 2042 Christi

905 2071 960 2091 non
973 2063 1061 2099 efﬁngi
1075 2071 1082 2090 :
1097 2062 1230 2097 siquidem
1243 2070 1337 2097 corpus
1349 2061 1445 2089 Christi
1457 2070 1504 2089 nos
1530 2070 1620 2089 sumus
1642 2070 1701 2088 omo

905 2117 958 2141 aes.
973 2113 997 2136 et
1007 2108 1122 2135 membra
1138 2116 1170 2134 ea:
1184 2109 1264 2142 'parte
1278 2107 1310 2134 ³³.
1327 2107 1450 2142 Ipsorum
1466 2112 1558 2134 autem
1573 2107 1702 2134 confuta-

907 2153 947 2181 tio
961 2157 1013 2185 est,
1030 2158 1145 2180 matrem
1157 2153 1266 2187 quidem
1280 2152 1328 2179 Dei
1339 2152 1438 2187 ellingi,
1461 2160 1513 2179 nec
1532 2157 1622 2180 tamen
1638 2160 1701 2180 eum

908 2200 954 2234 qui
966 2207 1000 2226 ex
1013 2207 1045 2226 eu
1059 2203 1142 2226 natus
1157 2202 1200 2226 est
1213 2219 1221 2231 ,
1239 2198 1287 2234 qui
1308 2198 1369 2233 ejus
1390 2197 1521 2225 uberibus
1535 2198 1660 2230 adhaesit,
1672 2200 1702 2224 et

908 2252 1077 2281 quaecunque
1088 2245 1140 2272 alia
1154 2245 1225 2272 illius
1249 2245 1276 2271 in
1291 2251 1405 2279 corpore
1431 2244 1576 2271 adventum
1607 2247 1701 2271 secuta

909 2296 972 2320 sunt
989 2301 994 2318 :
1015 2296 1063 2319 aut
1091 2299 1199 2319 rursum
1211 2291 1334 2319 oculatos
1356 2294 1439 2317 testes
1463 2297 1495 2317 ac
1511 2289 1626 2317 famulos
1644 2293 1701 2317 sta-

910 2337 963 2364 tuis
982 2337 1098 2372 esprimi
1119 2345 1126 2369 ;
1151 2336 1240 2372 ipsum
1255 2344 1319 2363 vero
1331 2336 1376 2363 cui
1400 2336 1565 2367 serviebant.
1581 2339 1610 2362 et
1633 2343 1701 2369 quo-

908 2390 970 2409 cum
991 2382 1170 2409 versabantur
1185 2402 1192 2413 ,
1225 2389 1280 2408 non
1294 2381 1421 2416 exprimi.
1446 2382 1479 2408 Et
1502 2380 1603 2408 ludatis
1619 2380 1701 2416 plane

906 2427 1056 2454 deteriores
1069 2435 1099 2455 se
1115 2427 1282 2455 ostendunt:
1300 2427 1363 2462 quia
1382 2434 1434 2454 nec
1453 2426 1559 2463 Moysis,
1571 2434 1622 2454 nec
1634 2427 1701 2454 alte-

907 2472 965 2499 rius
986 2473 1138 2507 cujuspiam
1158 2480 1174 2500 e
1191 2472 1331 2507 prophetis
1363 2472 1507 2508 imaginem
1542 2472 1699 2507 recipiunt:

907 2518 1114 2546 admittentibus
1135 2517 1188 2545 illis
1213 2525 1261 2545 eos
1279 2517 1326 2552 qui
1352 2522 1416 2545 ante
1439 2517 1554 2553 gratiam
1578 2517 1698 2550 fuerunt,

908 2571 958 2591 ceu
984 2564 1050 2600 legis
1076 2564 1206 2597 cultores,
1222 2568 1251 2592 et
1275 2571 1330 2591 non
1358 2563 1542 2591 Christianos.
1563 2563 1609 2590 Isti
1635 2571 1701 2591 vero

909 2618 943 2637 eo
965 2610 1095 2638 vecordes
1115 2615 1195 2643 sunt,
1221 2615 1250 2638 ut
1281 2618 1373 2638 secum
1395 2610 1446 2644 ipsi
1463 2614 1491 2637 et
1510 2616 1573 2636 cum
1601 2609 1702 2637 Judmis

912 2661 1034 2691 pugnent
1049 2666 1055 2683 :
1072 2660 1103 2683 ut
1118 2664 1207 2692 neque
1217 2655 1303 2684 Judaei
1320 2656 1373 2683 sint
1386 2655 1453 2690 legis
1461 2655 1599 2687 custodes,
1612 2662 1702 2689 neque

912 2702 1060 2729 Christiani
1072 2711 1078 2729 :
1088 2703 1133 2737 qui
1144 2701 1244 2729 Christi
1257 2701 1369 2738 eil'igicm
1383 2701 1496 2737 exprimi
1508 2701 1607 2734 nolint,
1619 2709 1701 2736 quem

948 2803 968 2819 "
986 2803 1074 2832 Galat.
1092 2810 1111 2838 I,
1128 2803 1154 2830 7.
1194 2803 1216 2819 "
1237 2801 1325 2830 Galat.
1348 2809 1408 2836 vIII,
1430 2803 1456 2831 9.
1494 2801 1543 2831 “l
1559 2801 1623 2831 Cor.
1651 2808 1701 2835 su,
1743 2803 1746 2805 ‘
