1926 3078
246 132 257 163 1
268 131 317 163 135

839 130 868 158 S.
887 129 1082 159 TllEODORl
1097 128 1270 160 STUDITAE

1799 128 1866 160 1136

246 184 385 212 hominem
397 182 497 210 factum
516 187 677 218 agnoscunt.
694 182 765 210 Petri
787 182 902 217 apostoli
923 189 973 208 vox
989 186 1024 208 esl

1081 181 1230 207 ἀποστόλου
1252 180 1327 206 ἐστὶν
1353 181 1382 206 ὲν
1412 180 1517 216 ἰατορίᾳ
1548 181 1698 216 μαρτυρίου
1719 180 1766 208 τοῦ
1791 183 1866 217 ἁγίου

246 231 273 256 in
294 230 406 256 histOria
428 230 549 264 martyrii
563 230 649 256 sancti
660 228 793 256 Pancratii
811 238 839 255 ιι
855 228 905 255 Fili
920 228 1032 262 Ioseph,

245 272 312 301 aﬂ'er
329 273 474 309 imaginem
500 273 605 300 Domini
623 273 707 300 nostri
725 272 788 300 Jesu
814 273 913 300 Christi
924 292 932 305 ,
946 277 974 300 et
984 273 1034 299 im-

245 319 332 353 prime
348 319 420 346 illam
441 319 468 346 in
488 319 626 354 pyrgisco,
647 323 677 345 ut
692 323 807 346 cernant
819 319 912 354 populi
926 318 1032 353 qualem

245 364 359 392 formam
370 364 548 399 assumpserit
556 364 638 392 Filius
651 364 695 391 Dei
712 373 718 390 :
731 368 759 391 ut
772 364 896 391 videntes
917 364 1034 399 amplius

245 410 367 441 credant,
384 409 478 437 forma:
501 414 592 444 typum
614 409 750 437 intuentes
773 414 801 437 et
824 409 1033 437 reminiscantur

245 461 338 481 eorum
356 462 417 488 quas
439 462 487 488 per
502 455 609 500 nos'eis
635 455 795 481 annuntiata
820 455 924 482 sunt“.
941 464 950 481 I
976 455 1033 482 Vox

245 499 318 525 Pauli
335 503 375 526 est
394 509 401 526 ;
417 499 439 527 0
460 499 585 526 imemoti
600 500 726 528 Galatea!
741 500 798 535 quia
821 508 865 527 vos
893 501 1032 535 festinavit

243 552 294 570 non
309 544 412 570 obedire
422 545 527 571 veritati
542 549 624 577 ;ante
634 553 744 579 quorum
753 545 840 571 oculos
857 544 932 572 Iesus
953 545 1031 572 Chri-

242 593 298 616 stus
316 590 483 624 prwscriptus
490 594 527 616 est
542 590 569 616 in
579 590 647 616 vobis
660 590 800 623 cruciﬁxus
813 590 834 606 ³⁸
843 590 854 616 ?
863 589 920 617 Vox
941 589 1031 617 Basilii

243 635 330 669 magni
351 639 410 662 est:
425 644 435 660 (
453 634 626 670 Exprimatur
643 635 670 661 in
682 635 770 662 tabula
785 635 943 662 certaminis
963 643 1031 670 prae-

242 688 286 707 ses
310 681 436 708 Christus
460 681 492 707 ".
513 690 523 707 ι
547 681 581 708 Et
601 681 699 708 iterum
726 689 759 708 ει
785 681 895 715 lmagini
922 681 1030 708 habitus

243 725 329 752 honor
346 725 378 752 ad
401 725 539 760 exemplar
556 726 652 752 transit
670 725 703 752 ³⁷.
720 734 729 750 ι
747 725 799 752 Tot
818 725 914 759 palmis
938 725 1028 760 inclyti

242 770 384 797 Athanasii
396 778 446 797 vox
453 775 495 798 cst
506 780 512 797 :
527 779 537 796 ι
553 770 617 803 Nos,
627 770 673 805 qui
683 770 775 798 ﬁdeles
785 778 889 803 sumus,
898 771 1029 806 imagines

240 823 295 843 non
310 816 452 843 adoramus
470 820 597 850 tanquam
611 816 686 847 deos,
703 816 776 850 quod
794 815 882 843 Graeci
897 816 1001 843 faciunt
1020 825 1027 843 :

1084 227 1270 262 Παγκρατίου.
1291 235 1301 251 ι
1319 226 1420 253 Τέκνον
1441 226 1550 262 Ἰωσὴφ,
1562 227 1686 261 ἐξένεγκε
1702 227 1753 262 τὴν
1777 229 1867 256 εἰκόνα

1084 272 1130 298 τοῦ
1154 272 1256 307 Κυρίου
1272 271 1349 306 ἡμῶν
1369 271 1456 306 Ἰησοῦ
1472 271 1592 306 Χριστοῦ
1609 279 1616 286 '
1640 272 1688 298 καὶ
1709 272 1868 300 ὲντύπωσον

1083 317 1168 352 αὐτὴν
1191 317 1221 344 ὲν
1240 317 1278 352 τῷ
1294 317 1456 352 πυργίσκῳ·
1476 317 1520 344 ἵνα
1541 317 1649 344 εἰδωσιν
1662 318 1687 344 οἰ
1706 317 1767 345 λαοὶ
1789 319 1868 346 ποίαν

1084 363 1192 398 μορφὴν
1207 362 1301 390 ἐλαϐεν
1315 364 1329 390 ό
1353 363 1416 394 Υἰδς
1431 362 1478 389 τοῦ
1505 363 1574 389 Θεοῦ
1588 371 1595 378 ·
1621 363 1664 390 ἵνα
1690 364 1792 396 ἰδόντες
1822 365 1868 391 ἐπὶ

1083 407 1164 434 πλέον
1178 408 1368 441 πιστεύσωσιν,
1384 408 1501 444 ὁρῶντες
1524 408 1570 435 τὸν
1585 408 1671 436 τύπον
1683 409 1734 443 τῆς
1747 409 1866 444 μορφῆς,

1083 453 1129 480 καὶ
1148 454 1304 489 ὑπόμνησιν
1318 453 1477 488 λαμϐάνωσι
1502 453 1557 481 τῶν
1578 454 1644 489 παρ’
1657 454 1736 489 ἡμῶν
1750 456 1792 487 εἰς
1819 456 1866 481 αὐ-

1081 499 1144 531 τοὺς
1158 499 1358 534 κηρυχθέντων.
1368 508 1377 524 ι
1394 498 1473 534 Φωνὴ
1487 499 1593 526 Παύλου
1617 500 1691 525 ἐστίν
1701 508 1708 514 ·
1725 497 1763 526 τΩ
1774 500 1865 534 ἀνόη-

1081 552 1126 571 τοι
1150 545 1294 576 Γαλάται,
1321 545 1368 577 τίς
1380 544 1460 579 ὑμᾶς
1473 544 1623 579 ἐϐάσκηνε
1639 544 1676 579 τῇ
1684 545 1811 579 ἀληθείᾳ
1823 546 1866 580 μὴ

1081 590 1244 622 πείθεσθαι,
1259 587 1305 622 οἷς
1323 590 1387 616 κατ’
1399 589 1572 624 ὀφθαλμοὺς
1596 590 1716 623 Ἰησοῦς
1738 591 1867 625 Χριστὸς

1080 634 1251 670 προεγράφη
1260 634 1294 661 ἐν
1301 635 1373 670 ὑμῖν
1386 635 1611 669 ἐσταυρωμένος
1618 643 1628 667 ;
1636 636 1713 671 Φωνὴ
1725 636 1866 663 Βασιλείου

1080 679 1127 706 τοῦ
1153 680 1272 715 μεγάλου
1287 680 1372 707 ἐστίν·
1393 689 1403 706 ι
1424 681 1620 715 Ὲγγραφέσθω
1636 680 1675 716 τῷ
1695 681 1791 707 πίνακι
1820 682 1867 708 καὶ

1078 726 1094 752 ό
1109 726 1163 752 τῶν
1176 725 1374 761 παλαισμάτων
1387 726 1561 761 ἀγωνοθέτης
1575 726 1702 761 Χριστός.
1722 735 1734 752 ι
1748 727 1804 753 Καὶ
1818 725 1867 753 αὗ-

1079 770 1132 802 Θις·
1151 779 1160 796 ι
1186 770 1218 797 Ἦ
1236 771 1282 805 τῆς
1296 771 1402 802 εἰκόνος
1416 771 1483 806 τιμὴ
1501 771 1546 797 ἐπὶ
1557 771 1589 798 τὸ
1607 772 1788 807 πρωτότοκον
1809 773 1866 799 δια-

1079 814 1178 842 ϐαίνει.
1199 825 1208 842 ›
1222 816 1300 851 Φωνὴ
1320 816 1482 843 Ἀθανασίου
1510 816 1557 843 τοῦ
1584 817 1737 844 πολυάθλου
1764 818 1840 844 ἐστίν
1855 827 1862 833 ·

241 862 311 888 absit
325 870 332 888 :
349 861 395 888 sed
408 861 534 888 allectum
547 861 734 888 tantummodo
746 865 772 888 et
783 861 1024 890 charilatisnostra

1083 871 1094 887 ι
1111 862 1166 896 Οὐχ
1180 861 1219 892 ὡς
1242 861 1319 892 θεοὺς
1333 861 1383 892 τὰς
1406 861 1515 893 εἰκόνας
1539 862 1747 897 προσκυνοῦμεν
1765 863 1789 889 οἰ
1817 872 1863 889 πι-

242 907 360 934 studium
375 915 439 942 erga
453 907 564 942 ﬁguram
589 915 714 942 persona:
737 915 786 942 per
808 907 953 943 imaginem
981 915 1030 935 ex-

240 961 342 988 pressae
353 953 522 981 declaramus
535 954 567 979 ³⁸.
584 962 594 979 ι
612 952 670 980 Vox
682 953 868 987 Chrysostomi
880 957 922 980 est
935 962 943 982 :
954 962 964 979 ι
974 953 1031 988 Ego

240 1008 275 1027 ex
302 1007 364 1027 cera
392 1000 479 1027 fusam
505 1000 592 1027 amavi
618 1000 752 1035 picturam
769 1019 776 1032 ,
811 999 924 1034 pietatis
965 1007 1030 1035 ergo

239 1045 338 1074 factam
356 1047 388 1072 ³⁸.
404 1045 464 1073 Vidi
495 1046 568 1073 enim
593 1045 718 1081 angelum
738 1045 766 1072 in
791 1045 908 1080 imagine
937 1045 1029 1080 copias

239 1093 412 1120 barbarorum
425 1096 579 1120 versantem
593 1092 620 1119 in
635 1092 738 1127 fugam,
752 1092 806 1119 vidi
817 1091 951 1127 protritas
969 1091 1029 1119 bar-

238 1139 318 1166 baras
330 1143 439 1174 gentes,
463 1143 492 1165 et
507 1137 635 1165 Davidem
648 1132 712 1165 vera
726 1145 793 1165 voce
813 1137 1005 1164 concinentem
1019 1145 1026 1162 :

239 1183 358 1215 Domine,
375 1184 404 1209 in
418 1183 524 1210 dvitate
547 1187 593 1210 tua
612 1183 755 1218 imaginem
776 1183 894 1216 ipsorum
907 1183 942 1209 ad
957 1182 1028 1209 m'lti-

234 1229 294 1256 ,lum
307 1229 407 1263 redige:
419 1228 452 1255 ⁸ο.
467 1237 476 1254 ι
493 1228 569 1260 Quod
588 1228 614 1255 in
631 1227 769 1256 Christum
778 1229 831 1255 hoc
850 1232 983 1262 tempore,
1001 1231 1029 1255 et

239 1275 266 1301 in
282 1273 422 1308 Deiparam
446 1281 477 1300 ac
496 1277 615 1305 sanctos,
640 1273 743 1301 faciunt
769 1273 1030 1301 lcononomachizo

239 1327 295 1347 rem
324 1319 419 1347 auditu
437 1319 602 1347 horrendam
615 1320 621 1346 ι
635 1324 745 1347 sanctas
768 1319 875 1347 illorum
895 1319 1028 1354 imagines

238 1365 381 1392 abolendo.
407 1365 497 1399 Atque
518 1369 548 1392 ut
573 1369 686 1392 caeteras
711 1364 826 1392 aliorum
853 1365 1028 1392 auctoritates

239 1411 443 1446 pratermittam
463 1419 471 1443 ;
496 1409 589 1437 multa;
609 1409 683 1437 enim
697 1414 864 1445 suppetunt;
888 1411 911 1438 si
943 1418 1026 1438 unam

237 1455 374 1491 adjecero,
385 1455 419 1482 ad
433 1455 506 1482 aliud
519 1455 672 1482 orationem
682 1459 850 1484 convertam.

273 1541 331 1569 Vox
347 1545 388 1568 est
400 1541 553 1568 divinorum
567 1539 680 1568 Patrum
691 1539 737 1575 qui
746 1545 830 1568 sexta:
844 1544 948 1568 sanctae
961 1547 1024 1576 syn-

237 1587 290 1615 odo
319 1587 484 1620 aﬂuerunt:
513 1597 523 1613 ι
550 1586 579 1614 in
604 1586 766 1622 quibusdam
805 1586 1024 1614 venerandarum

238 1633 386 1668 imaginum
403 1631 536 1667 picturis,
561 1639 648 1667 agnus
668 1631 716 1666 qui
739 1631 917 1659 l’raecursoris
939 1632 1025 1667 digito

237 1682 407 1708 monstratur
420 1678 593 1712 exprimitur,
606 1677 653 1712 qui
668 1677 695 1704 in
707 1677 799 1713 gratia:
810 1681 902 1712 typum
918 1684 1024 1705 assum-

237 1729 300 1759 ptus
317 1729 359 1751 est
374 1732 381 1750 :
400 1724 506 1758 Agnum
521 1730 616 1750 verum
638 1722 717 1750 nobis
735 1730 784 1757 per
803 1722 889 1758 legem
910 1722 1024 1750 demon-

237 1773 328 1796 strans
338 1768 481 1798 Christum
499 1767 587 1795 Deum
601 1772 736 1795 nostrum.
751 1766 808 1795 Nos
826 1767 909 1803 igitur
922 1767 1023 1804 ﬁguras

237 1818 345 1842 veteres
359 1818 441 1848 atque
456 1813 577 1844 umbras,
598 1817 726 1847 tanquam
748 1812 872 1841 veritatis
892 1818 970 1842 notas
991 1821 1023 1842 ac

236 1860 314 1895 signa
342 1858 471 1887 Ecclesiae
492 1858 590 1886 tradita
613 1858 836 1893 complectentes,
861 1859 977 1894 gratiam
995 1864 1024 1888 et

236 1905 380 1933 veritatem
392 1904 596 1939 anteponimus,
608 1911 689 1938 quam
702 1908 732 1930 ut
744 1903 811 1939 legis
824 1904 1022 1939 plenitudinem

235 1951 402 1986 accepimus.
424 1949 518 1984 itaque
533 1954 563 1977 ut
580 1949 605 1977 id
627 1949 699 1984 quod
722 1949 873 1985 perlectum
892 1954 945 1983 est,
962 1958 1021 1978 om-

235 1997 311 2023 nium
326 1996 408 2023 etiam
432 1995 519 2022 oculis
543 1995 707 2029 subjiciatur
725 1996 752 2022 in
771 1995 904 2030 picturis;
923 1996 1020 2023 statui-

236 2048 297 2068 mus
316 2044 346 2068 ut
365 2040 478 2075 posthac
496 2039 595 2067 veteris
613 2039 674 2075 agni
697 2039 767 2072 loco,
789 2039 882 2074 Agnus
906 2040 949 2067 ille
974 2041 1019 2075 qui

236 2084 306 2112 tollit
328 2088 469 2118 peccatum
493 2083 604 2115 mundi,
635 2084 753 2110 humana
779 2083 866 2111 forma
888 2084 969 2112 etiam
991 2085 1018 2112 in

235 2131 400 2166 imaginibus
423 2130 560 2166 erigatur;
586 2133 616 2157 ut
630 2137 680 2164 per
701 2129 801 2164 ipsum.
827 2130 1017 2157 celsitudinem

1081 907 1149 938 στοὶ,
1163 906 1201 942 μὴ
1211 907 1329 940 γένοιτο,
1344 906 1438 942 ὥσπερ
1449 907 1475 933 οἰ
1489 907 1631 942 Ἕλληνες.
1649 907 1729 934 Ἀλλὰ
1736 907 1786 942 τὴν
1799 908 1864 942 σχέ-

1080 960 1123 978 σιν
1135 951 1227 984 μόνον,
1241 952 1289 978 καὶ
1304 951 1350 977 τὸν
1361 951 1442 978 πόθον
1456 953 1504 986 τῆς
1519 951 1598 987 ἡμῶν
1613 951 1724 987 ἀγάπης
1738 953 1806 987 πρὸς
1819 953 1866 979 τὸν

1078 996 1242 1032 χαρακτῆρα
1267 996 1314 1022 τοῦ
1326 996 1472 1031 προσώπου
1500 996 1550 1031 τῆς
1575 997 1678 1029 εἰκόνος
1700 997 1865 1032 ἐμφανίζον-

1078 1049 1133 1072 τες.
1154 1050 1164 1066 ι
1181 1040 1258 1076 Φωνὴ
1273 1040 1319 1068 τοῦ
1334 1041 1526 1076 Χρυσοστόμου
1543 1041 1629 1068 ἐστιν·
1650 1050 1660 1068 ι
1679 1041 1749 1076 Ἐγὼ
1762 1042 1865 1078 καὶτὴν

1078 1086 1230 1122 κηρόχυτον
1245 1086 1377 1122 ἠγάπησα
1404 1087 1524 1122 γραφὴν,
1535 1087 1676 1119 εὐσεϐείας
1699 1087 1792 1114 ἕνεκεν
1814 1096 1866 1114 πε-

1078 1133 1272 1168 πληρωμένην.
1288 1130 1365 1160 Εἶδον
1375 1132 1429 1167 γὰρ
1444 1133 1559 1166 ἄγγελον
1568 1134 1597 1159 ὲν
1611 1133 1695 1160 εἰκόνι
1716 1133 1866 1160 ἐλαύνοντα

1079 1178 1224 1214 βαρϐάρων
1241 1177 1323 1213 στίφη
1339 1187 1346 1193 ·
1359 1175 1430 1205 εἰδον
1446 1177 1604 1213 πατούμενα
1623 1178 1769 1214 βαρϐάρων
1779 1178 1864 1213 φῦλα.

1077 1224 1126 1251 καὶ
1140 1224 1187 1251 τόν
1200 1224 1282 1251 Δαυ⁴ἰδ
1294 1223 1461 1259 ἀληθεύοντα
1471 1231 1478 1238 θ
1487 1224 1585 1257 Κύριε,
1604 1224 1640 1251 ἐν
1652 1223 1689 1258 τῇ
1705 1224 1792 1251 πόλει
1804 1233 1865 1252 σου

1077 1269 1135 1303 τὴν
1147 1270 1250 1296 εἰκόνα
1271 1268 1371 1296 αὐτῶν
1394 1269 1618 1303 ἐξουδενώσεις.
1641 1279 1652 1297 ι
1669 1269 1759 1306 Ὅπερ
1773 1270 1800 1297 οἱ
1823 1271 1866 1302 εἰς

1077 1314 1194 1349 Χριστὸν
1209 1314 1256 1341 νῦν
1272 1314 1520 1350 Εἰκονομαχοῦντες
1528 1316 1568 1348 εἷς
1578 1323 1609 1342 τε
1619 1314 1668 1350 τὴν
1676 1315 1807 1343 Θεοτόκον
1816 1316 1865 1342 καὶ

1077 1361 1139 1392 τοὺς
1153 1361 1248 1394 ἁγίους
1263 1361 1435 1396 ἐργάζονται,
1446 1361 1468 1387 ὣ
1481 1361 1529 1388 τοῦ
1545 1361 1661 1396 φοϐεροῦ
1676 1362 1862 1396 ἀκούσματκί

1076 1405 1126 1438 τὰς
1138 1406 1221 1440 ἁγίας
1236 1406 1325 1433 αὐτῶν
1335 1407 1443 1438 εἰκόνας
1457 1405 1678 1439 είξουδενοῦντες.
1693 1407 1748 1433 Καὶ
1759 1407 1804 1434 Eva
1814 1408 1865 1439 τὰς

1077 1450 1131 1477 τῶν
1153 1451 1240 1478 ἄλλων
1269 1451 1360 1485 φωνὰς
1385 1451 1566 1486 παραδράμω·
1593 1451 1690 1478 πολλαὶ
1715 1451 1771 1486 γάρ
1794 1452 1862 1478 εἰσι.

1075 1495 1149 1522 Μίαν
1173 1495 1311 1530 προσθεὶς,
1330 1495 1373 1522 ἐπ’
1400 1495 1465 1522 ἄλλο
1478 1495 1606 1531 τρέψοιμι
1617 1495 1664 1522 τὸν
1677 1496 1765 1530 λόγον.

1111 1541 1188 1577 Φωνὴ
1201 1541 1256 1568 τῶν
1269 1542 1318 1577 τῆς
1331 1541 1415 1577 ἕκτης
1428 1541 1511 1575 ἁγίας
1530 1542 1640 1569 συνόδου
1655 1543 1792 1578 θεοφόρων
1805 1544 1864 1570 Πα-

1075 1587 1163 1622 τέρων
1181 1582 1272 1615 ἐστίν·
1295 1596 1305 1613 ι
1322 1588 1371 1614 Ἕν
1385 1596 1440 1614 τισι
1458 1588 1512 1614 τῶν
1528 1588 1633 1615 σεπτῶν
1657 1589 1770 1615 εἰκόνων
1790 1597 1863 1624 γρα-

1076 1633 1140 1667 φαῖς
1153 1632 1238 1667 ἀμνὸς
1253 1632 1376 1668 δακτύλῳ
1388 1632 1435 1660 τοῦ
1453 1633 1609 1669 Προδρόμου
1622 1633 1798 1668 δεικνύμενος
1812 1635 1863 1668 ἑγ-

1074 1678 1238 1713 χαράττεται
1250 1685 1258 1693 ·
1283 1678 1313 1710 ὃς
1337 1678 1377 1709 εἰς
1396 1678 1480 1705 τύπον
1494 1679 1656 1714 παρελήφθη
1671 1678 1722 1713 τῆς
1737 1679 1863 1714 χάριτος,

1073 1724 1120 1751 τὸν
1143 1723 1269 1759 ἀληθινὸν
1293 1725 1359 1759 ήμτν
1375 1724 1420 1751 διὰ
1434 1725 1516 1759 νόμου
1533 1725 1746 1760 προῡποφαίνων
1762 1726 1863 1760 ἀμνὸν,

1073 1768 1191 1803 Χριστὸν
1206 1768 1252 1794 τὸν
1271 1768 1338 1795 Θεὸν
1361 1768 1449 1803 ἡμῶν.
1462 1768 1532 1800 Τοὺς
1545 1767 1592 1795 οὖν
1611 1768 1744 1801 παλαιοὺς
1758 1768 1865 1801 τύπους

1074 1813 1121 1840 καὶ
1135 1813 1184 1845 τὰς
1200 1813 1289 1844 σκιὰς.
1299 1813 1337 1844 ὡς
1350 1813 1400 1848 τῆς
1411 1813 1541 1848 ἀληθείας
1554 1813 1678 1848 σύμϐολα
1692 1822 1721 1840 τε
1733 1814 1782 1841 καὶ
1796 1823 1866 1850 προ-

1073 1858 1238 1894 χαράγμακα
1251 1859 1284 1894 τῇ
1302 1858 1452 1893 Ἐκκλησία
1466 1858 1700 1894 παραδεδομένους
1716 1867 1864 1887 κατασπα-

1072 1903 1193 1939 ζόμενοι,
1217 1903 1267 1939 τὴν
1289 1903 1369 1939 χάριν
1383 1904 1562 1938 προτιμῶμεν
1581 1904 1628 1930 καὶ
1652 1904 1702 1939 τὴν
1718 1904 1865 1940 ἀλήθειαν,

1071 1949 1109 1980 ὡς
1123 1948 1257 1984 πλήρωμα
1272 1949 1355 1984 νόμου
1367 1949 1467 1984 ταύτην
1482 1948 1686 1984 ὑποδεξάμενοι.
1704 1948 1749 1980 Ὠς
1763 1949 1797 1976 ἂν
1814 1948 1864 1977 οὖν

1069 1994 1101 2020 τὺ
1112 1994 1214 2021 τέλειον
1229 1994 1280 2021 κὰν
1291 1995 1351 2026 ταῖς
1365 1994 1602 2030 χρωματουργίαις
1616 1994 1645 2020 ὲν
1657 1995 1717 2025 ταῖς
1730 1995 1864 2022 ἁπάντων

1069 2040 1163 2074 ὕψεσιν
1178 2039 1370 2076 ὑπογράφηται
1379 2047 1386 2054 ”
1401 2040 1447 2066 τὸν
1462 2039 1510 2066 τοῦ
1524 2039 1647 2075 αἴροντος
1658 2040 1709 2074 τὴν
1721 2040 1864 2075 ἁμαρτίαν

1068 2084 1115 2111 τοῦ
1131 2085 1233 2120 κόσμου
1246 2085 1333 2120 ἀμνοῦ
1348 2085 1466 2120 Χριστοῦ
1479 2085 1526 2112 τοῦ
1543 2084 1611 2112 Θεοῦ
1627 2085 1716 2120 ἡμῶν,
1732 2086 1806 2112 κατὰ
1816 2086 1862 2112 τὸν

1068 2129 1237 2165 ἀνθρώπινον
1249 2130 1412 2165 χαρακτῆρα
1425 2138 1432 2145 ·
1451 2130 1498 2157 καὶ
1511 2131 1540 2157 ὲν
1555 2131 1616 2162 ταῖς
1629 2130 1730 2158 εἰκόσιν
1742 2130 1799 2157 ἀπὸ
1813 2130 1861 2158 τοῦ

234 2175 398 2203 humilitatis
414 2175 460 2203 Dei
478 2174 558 2202 Verbi
577 2174 840 2209 comprehendentes
859 2175 960 2208 animo,
983 2175 1018 2203 ad

1076 2175 1120 2202 νῦν
1142 2175 1202 2202 ἀντὶ
1219 2174 1266 2201 τοῦ
1284 2175 1399 2202 παλαιοῦ
1426 2176 1511 2210 ἀμνοῦ
1533 2175 1750 2210 ἀναστηλοῦσοαι
1769 2176 1862 2210 ὁρίζο-

235 2221 395 2249 memoriam
414 2220 629 2248 conversationis
649 2220 730 2247 etiam
757 2220 784 2247 in
806 2228 888 2247 carne
907 2225 934 2248 et
953 2228 1016 2247 cru-

233 2267 320 2293 ciatus
358 2265 456 2300 ipsius,
476 2273 508 2293 ac
527 2265 673 2292 salutifera:
695 2265 801 2297 mortis,
821 2265 892 2293 unde
915 2265 1017 2292 mundo

233 2312 303 2339 facta
318 2311 469 2347 redemptio
485 2317 538 2343 est,
562 2310 767 2338 deducamur“.
788 2319 797 2336 ι
824 2310 872 2339 His
887 2319 951 2346 ergo
974 2311 1017 2338 in-

233 2357 329 2384 structi
352 2356 528 2388 testimoniis,
551 2355 715 2387 charissimi,
732 2363 793 2383 cum
811 2355 854 2382 illa
871 2361 972 2388 nostra,
989 2360 1017 2382 et

233 2402 267 2429 ab
283 2402 340 2436 ipsa
356 2402 473 2428 veritate
492 2401 605 2428 minime
626 2400 710 2428 dubia
724 2400 968 2432 demonstratione,
987 2405 1016 2428 ut

232 2455 314 2482 supra
331 2447 546 2475 demonstratum
561 2451 613 2479 est,
637 2445 755 2481 Vigilate,
769 2446 894 2478 obsecro,
909 2451 976 2473 state
989 2447 1017 2473 in

232 2493 283 2527 ﬁde
303 2501 312 2520 .'
334 2493 445 2520 viriliter
468 2493 548 2527 agite,
571 2496 595 2519 et
622 2492 836 2527 confortamiui"
858 2501 864 2519 :
889 2493 916 2518 in
944 2492 1016 2518 nullo

233 2538 384 2565 terreamini
398 2538 430 2565 ab
444 2538 602 2565 adversariis
615 2537 647 2570 ",
663 2545 751 2572 neque
766 2545 782 2564 a
797 2536 870 2564 falsis
886 2536 1016 2564 fratribus

232 2583 277 2618 qui
301 2583 405 2610 seducti
426 2583 546 2614 filerunt,
572 2587 599 2609 et
621 2582 648 2609 in
671 2582 792 2609 fraudem
817 2581 939 2608 inducti:
956 2590 1014 2617 qua:

231 2629 285 2656 illis
306 2634 343 2655 ut
364 2637 442 2656 causa
464 2629 626 2663 perditionis,
654 2628 725 2654 nobis
749 2631 837 2654 autem
860 2627 974 2654 salutis:
990 2632 1013 2654 et

1071 2229 1129 2255 μεν.
1152 2221 1191 2247 Δι’
1208 2220 1290 2247 αὑτοῦ
1307 2220 1337 2247 τὸ
1358 2221 1408 2256 τῆς
1424 2220 1614 2252 ταπεινώσεως
1635 2220 1701 2255 ὕψος
1721 2220 1770 2246 τοῦ
1790 2221 1858 2247 Θεοῦ

1069 2265 1156 2299 Λόγου
1172 2265 1366 2297 κατανοοῦντες
1376 2274 1383 2281 ·
1401 2265 1448 2292 καὶ
1463 2265 1530 2301 πρὸς
1545 2266 1597 2301 μνή
1602 2274 1655 2300 μην
1669 2265 1719 2300 τῆς
1730 2266 1760 2293 ὲν
1773 2268 1858 2301 σαρκὶ

1069 2310 1217 2343 πολιτείας,
1232 2311 1279 2338 τοῦ
1304 2319 1333 2338 τε
1358 2311 1462 2343 πάθους
1484 2310 1578 2343 αὐτοῦ,
1592 2310 1700 2338 καὶτοῦ
1719 2312 1857 2352 σωτηρίου

1069 2355 1184 2383 θανάτου
1204 2357 1467 2392 χειραγωγούμενοι,
1481 2357 1528 2384 καὶ
1542 2356 1592 2390 τῆς
1607 2355 1731 2383 ὲντεῦθεν
1745 2358 1858 2392 γινομέ-

1069 2411 1118 2437 νης
1137 2402 1176 2435 τῷ
1193 2403 1289 2438 κόσμῳ
1307 2403 1534 2438 ἀπολυτρώσεως.
1552 2402 1659 2434 Ταύτας
1674 2400 1721 2429 οὖν
1736 2401 1858 2437 ἔχοντες,

1068 2448 1216 2484 ἀγαπητοὶ,
1232 2448 1282 2480 τὰς
1298 2448 1461 2484 μαρτυρίας,
1475 2448 1544 2483 μετὰ
1554 2448 1604 2483 τῆς
1615 2448 1721 2474 οἴκοθεν
1732 2448 1781 2475 καὶ
1792 2449 1857 2483 παρ’

1067 2492 1152 2527 αὐτῆς
1163 2494 1212 2528 τῆς
1222 2493 1350 2528 ἀληθείας
1362 2493 1564 2528 ἀναμφιλέκτου
1576 2493 1752 2526 ἀποδείξεως,
1764 2493 1857 2524 καθὼς

1067 2538 1320 2573 προαποδεδεικται,
1334 2539 1494 2574 παρακαλῶ,
1509 2538 1684 2573 ιρηγορεῖτε
1696 2546 1703 2552 ·
1726 2538 1856 2571 στήκετε

1067 2583 1102 2609 ἐν
1115 2582 1152 2616 τῇ
1165 2584 1282 2610 πίστει·
1298 2583 1480 2618 ἀνδρίζεσθε,
1492 2583 1700 2618 κραταιοῦσθε,
1713 2583 1757 2618 μὴ
1780 2592 1857 2610 aru-

1063 2629 1185 2663 ρόμενοι
1200 2629 1234 2655 ὲν
1245 2629 1348 2663 μηδενί
1363 2630 1423 2657 ὑπὸ
1438 2629 1497 2656 τῶν
1509 2629 1731 2664 ἀντικειμένων,
1747 2629 1809 2664 μηδ’
1822 2627 1854 2656 αἷι

267 2718 287 2733 ³⁵
308 2717 370 2744 llzec
389 2717 457 2753 ipsa,
472 2717 634 2753 testimonia
648 2715 740 2753 retulit
752 2716 779 2742 in
796 2715 1000 2753 R»8_flll.__P0_em.
1012 2717 1083 2744 Itan.
1105 2725 1197 2752 supra,
1209 2726 1238 2753 p.
1253 2719 1314 2748 154.
1332 2718 1371 2745 Ex
1388 2719 1445 2746 Vita
1467 2718 1495 2746 S.
1513 2718 1663 2746 Pancratii.
1674 2717 1766 2753 Exstat
1784 2716 1855 2751 apud

230 2750 407 2789 Bollandumf
437 2752 458 2767 ³⁸
467 2752 554 2789 Galgt.
570 2751 654 2789 tuli;
687 2751 708 2766 "
722 2750 796 2776 hom.
814 2750 919 2789 I_>8inUS.
933 2751 1072 2789 Barlaam.
1087 2753 1108 2768 ³⁷
1122 2750 1159 2789 lie
1171 2750 1272 2788 Spiritu
1284 2758 1374 2780 sancto
1396 2761 1420 2780 (ε.
1436 2754 1479 2787 18,
1493 2762 1520 2789 p.
1538 2754 1597 2781 I89.
1620 2754 1643 2769 "‘
1653 2753 1690 2789 Ex
1705 2750 1809 2789 Quint:
1821 2753 1855 2789 ad

229 2788 396 2823 Antiochum.
410 2792 505 2823 quast.
515 2786 558 2823 39.
570 2784 673 2823 ΔξξῌΕΧ
688 2793 769 2823 scrin.
784 2785 853 2823 t_dl)e
867 2787 975 2814 diversis
991 2789 1124 2823 utriusque
1140 2784 1253 2815 Testam.
1271 2789 1344 2816 locis.
1382 2784 1483 2816 "l‘sal'.
1494 2784 1581 2822 'Lxxu,
1593 2789 1638 2817 20.
1677 2787 1697 2803 ⁵¹
1718 2788 1788 2814 Tan.
1809 2788 1853 2813 δὲ.

227 2821 250 2838 ⁸³
272 2822 279 2848 l
295 2823 357 2848 Cor.
375 2819 430 2853 xvi,
448 2822 490 2849 15.
529 2821 551 2837 ⁴²
570 2820 668 2854 I‘hilip.
687 2829 706 2853 ι,
723 2819 768 2851 28,
784 2821 827 2847 50.
