1926 3078
253 149 320 184 “'39

806 132 811 135 ’
848 154 878 184 s.
893 152 1088 184 TIIEODORI
1107 151 1279 182 STUDlTxE

1807 146 1875 179 mo

249 209 310 235 estis
329 213 386 235 tum
407 207 433 234 in
454 207 517 239 hoc,
534 212 590 234 tum
606 207 634 235 in
650 207 741 235 futuro
757 208 876 236 seculo?
890 208 944 236 Vos
961 209 1034 235 enim

1095 207 1133 234 ιαὶ
1149 207 1219 242 ὑπὲρ
1234 206 1301 241 ἐμοῦ
1314 205 1360 232 τοῦ
1375 204 1467 231 ἀθλίου
1480 213 1487 220 ·
1504 204 1549 231 ἵνα
1563 212 1613 240 μου
1629 203 1769 240 στερεωθῇ
1783 205 1798 239 ή
1813 214 1874 240 χαρ.

249 259 276 282 et
290 254 420 281 solatium
435 254 588 284 charitatis,
605 258 633 281 et
646 254 796 281 consolatio
809 262 868 281 mea
884 255 960 282 estis.
974 254 989 281 Ι
991 263 1037 289 pse

248 304 335 325 autent
351 297 421 324 Deus
435 298 507 332 pacis
521 297 668 332 sanctiﬁcat
681 306 724 325 vos
738 306 784 332 per
801 298 889 324 omnia
901 304 910 324 :
926 302 953 323 ut
967 298 1035 324 intc-

248 352 294 378 ger
308 345 416 378 spin'lus
436 348 529 375 uester,
544 348 569 370 et
583 344 686 376 anima,
705 348 729 370 et
748 351 840 378 corpus
860 344 916 370 sine
929 342 1035 378 querela

248 390 409 416 servetur".
432 389 532 416 Fidelis
557 389 627 416 Deus
641 395 746 421 noster,
763 388 871 420 fratres,
887 389 933 422 qui
948 392 976 415 et
997 387 1037 414 fa-

248 434 312 461 ciet.
337 434 460 462 Salutate
470 436 579 462 inuicem
603 435 631 462 in
641 434 729 462 oscula
753 436 884 462 sancta".
906 434 1038 462 Salutatio

1086 252 1130 279 δία
1150 253 1271 285 ἐνεγκεῖν
1285 251 1366 286 μέχρι
1384 249 1500 277 θανάτου
1511 249 1546 276 τὰ
1560 250 1718 284 ὲπαγόμενα
1733 250 1801 285 ¹ἡμῖν
1811 258 1818 264 ·
1835 251 1876 276 ἵνα

1089 298 1126 333 μή
1145 306 1179 330 με
1193 296 1336 332 ἀπώσηται
1360 296 1477 331 Χριστὸς
1501 295 1545 322 διὰ
1565 295 1615 330 τὴν
1628 295 1795 330 ἀναξιότητά
1809 304 1875 330 μου·

1088 342 1132 369 ἵνα
1145 341 1235 377 ῥυσθῶ
1247 341 1300 368 ἀπὸ
1313 340 1360 367 τοῦ
1376 340 1494 376 πονηροῦ
1509 340 1552 366 διὰ
1564 339 1664 370 παντὸς
1676 340 1705 365 ὲν
1718 339 1802 366 παντὶ
1815 340 1877 374 τρό-

1088 396 1142 423 πῳ.
1154 388 1211 414 Νῦν
1224 388 1272 419 ζῶ,
1285 387 1433 422 ἀγαπητοὶ,
1446 387 1493 413 ἐὰν
1507 386 1586 419 ὑμεῖς
1601 386 1715 420 στήκετε
1729 386 1758 411 ὲν
1771 385 1875 420 Κυρίῳ.

1091 433 1140 466 Τις
1157 433 1212 467 γὰρ
1227 432 1312 467 ἡμῶν
1327 432 1422 463 ἐλπίς,
1441 432 1460 466 ἣ
1476 431 1585 466 mnam
1602 431 1752 465 (negat-oe
1765 431 1878 465 καυχή-

249 486 322 509 mea,
343 479 454 506 humilis
469 479 606 507 Theodori
626 479 659 507 ad
674 481 764 507 omnia
784 480 905 507 membra
923 487 983 507 mea
1003 488 1034 507 ex

249 523 329 551 labiis
348 525 438 552 cordis
462 525 527 552 mei.
553 525 679 552 Salutant
704 533 752 552 vos
773 525 819 560 qui
842 533 949 552 mecum
972 529 1036 552 sunt

1088 487 1181 511 cretae;
1198 479 1265 505 ἀλλ’
1284 478 1351 513 οὐχι
1370 478 1454 512 ὑμεῖς
1468 479 1514 504 καὶ
1530 478 1558 503 ὲν
1574 476 1612 512 τῷ
1625 476 1672 503 νῦν
1683 477 1774 507 αίῶνι.
1790 477 1838 503 καὶ
1850 478 1878 503 ἐν

1089 524 1127 560 τῷ
1144 524 1280 559 μέλλοντι;
1296 525 1351 556 ναὶ,
1363 524 1441 558 ὑμεῖς
1452 524 1507 558 γὰρ
1516 523 1563 549 καὶ
1575 522 1748 557 παραμύθιον
1757 523 1876 558 ἀγάπης,

250 569 359 597 fratres.
376 570 468 598 Gratia
485 578 547 598 cum
563 571 659 606 spiritu
675 576 776 598 vestro.
793 571 890 598 Amen.

1095 570 1138 597 καὶ
1152 569 1326 605 παράκλησίς
1343 578 1404 604 μου.
1419 569 1515 601 Αὐτὸς
1529 568 1589 595 6ὲὸ
1605 569 1676 602 Θεὸς
1691 569 1746 601 τῆς
1758 568 1879 602 εἰρήνης

249 615 371 649 ἁγιάσαι
385 615 463 650 ὑμᾶς
478 617 640 650 ὁλοτελεῖς,
654 617 704 644 καὶ
724 618 894 651 ὀλόκληρον
915 617 999 652 ὑμῶν
1028 616 1062 643 τὸ
1081 617 1209 651 πνεῦμα,
1236 617 1284 643 καὶ
1299 617 1318 650 ὴ
1347 617 1444 651 ψυχὴ,
1479 616 1526 643 καὶ
1552 616 1586 644 τὸ
1615 615 1699 650 σῶμα
1722 615 1878 650 ἀμέμπτως

250 661 400 695 τηρηθείη.
415 662 513 694 Πιστὸς
529 664 543 689 ό
557 663 622 695 Θεὸς
636 664 714 698 ἡμῶν
725 672 732 679 ·
750 664 781 696 ὃς
796 664 843 691 καὶ
865 665 982 698 ποιήσει,
1003 663 1121 698 ἀδελφοί.
1144 663 1333 690 Ἀσπάσασθε
1363 662 1519 695 ἀλλήλους
1539 663 1574 688 ἐν
1586 662 1728 697 φιλήματι
1746 662 1830 695 ἁγίῳ.
1850 662 1879 689 ’0

251 706 396 742 ἀσπασμός
411 717 461 743 μου
475 708 522 735 τοῦ
534 709 663 736 ταπεινοῦ
675 709 813 745 Θεοδώρου
827 709 895 745 πρὸς
907 709 996 736 πάντα
1021 709 1057 735 τὰ
1088 709 1158 744 μέλη
1181 718 1232 743 μου
1257 708 1311 735 ἀπὸ
1337 708 1449 743 χειλέων
1475 717 1526 743 μου
1548 707 1673 744 καρδίας.
1688 707 1878 740 Ἀσπάζονται,

253 753 326 788 ὑμᾶς
342 755 367 781 οι
385 755 444 789 μετ’
459 754 527 790 ἐμοῦ
537 755 657 788 ἀδελφοί.
677 755 710 782 Ἣ
722 755 802 790 χάρις
818 755 888 788 μετὰ
899 755 946 782 τοῦ
960 755 1116 790 πνεύματος
1132 754 1219 788 ὑμῶν.
1239 754 1336 789 Ἀμήν.

349 825 397 855 IX.
414 841 447 847 -—
466 825 579 862 Joseplto
597 826 678 863 fratri
691 831 716 854 et
734 827 938 862 archiepiscopo.

1099 827 1138 854 ϐ’.
1154 841 1189 847 -—
1200 825 1308 861 Ἰωσὴφ
1323 825 1443 860 ἀδελφῷ
1459 809 1507 852 καί
1524 825 1758 860 ἀρχιεπισκόπῳ.
1770 826 1840 862 [pva'
1854 826 1864 862 1

651 886 816 916 Quorumdam
826 885 1051 917 praevaricationem
1062 887 1147 912 deﬂet.
1171 886 1272 917 (Baron.
1288 892 1328 910 an.
1340 885 1395 916 815,
1408 892 1432 909 ιι.
1448 885 1500 916 11.)

290 938 406 974 Semper
418 939 485 966 mihi
501 939 620 974 optabile
641 940 762 967 scribere
777 941 915 968 sanctitati
931 946 993 972 tute,
1010 948 1041 968 ac
1058 947 1078 973 Β

254 989 330 1012 tanto
354 985 450 1020 magis,
477 989 580 1019 quanto
602 985 689 1012 exsilii
712 985 797 1012 nostri
825 986 946 1020 longiora
976 991 1040 1013 sunt

253 1031 393 1059 intervalla
412 1039 418 1058 :
436 1030 499 1058 facit
514 1031 586 1058 enim
601 1035 631 1058 ut
644 1032 757 1066 propius
783 1032 984 1066 quodammodo
996 1039 1041 1059 ve-

253 1077 326 1104 niam
340 1077 367 1103 in
386 1076 569 1104 venerabilem
598 1081 774 1111 conspectum
800 1082 887 1110 tuum,
913 1082 941 1104 et
966 1078 1041 1104 leva-

253 1130 316 1150 men
333 1122 412 1149 aﬂ’ert
426 1122 484 1157 ipsa
501 1122 540 1149 tui
554 1122 718 1149 allocutione
736 1131 743 1149 :
762 1123 835 1157 quod
849 1127 877 1150 et
889 1131 962 1150 nunc
972 1131 1041 1158 quo-

253 1175 308 1202 que
321 1168 420 1195 accidit
434 1168 551 1203 graviter
566 1167 691 1194 maerenti
704 1167 739 1195 ob
751 1167 884 1202 proditam
898 1175 914 1195 ο
929 1168 1042 1203 quibus-

254 1212 316 1239 dam
330 1212 483 1247 praepositis
497 1213 651 1240 veritatem.
668 1212 702 1240 Ut
717 1213 788 1240 enim
801 1213 856 1248 jam
881 1214 957 1241 novit
979 1222 1043 1242 san-

254 1259 335 1285 ctitas
359 1263 415 1291 tua,
439 1264 517 1286 vetus
540 1259 584 1286 illa
600 1260 733 1292 custodia,
758 1259 902 1294 Josepltus,
921 1260 1042 1295 inquam,

255 1303 372 1330 adulteri
387 1304 539 1338 copulator,
561 1303 759 1336 Photinodites,
779 1304 963 1338 Heracleotes,
989 1305 1044 1333 Me-

255 1349 383 1382 diciotes,
403 1349 544 1384 lllylianus,
564 1349 798 1384 Hypolichniotes,
815 1350 962 1382 Gulazates.
975 1357 1013 1384 et,
1027 1360 1043 1379 o
1059 1355 1062 1357 '

255 1400 397 1430 peccatum
411 1403 502 1423 meum
513 1397 520 1423 ι
531 1396 612 1423 etiam
626 1397 824 1430 Phlubutenus,
839 1399 922 1425 stulta
938 1399 1043 1433 simpli-

255 1442 337 1470 citate
359 1446 466 1477 captus,
493 1443 615 1470 unanimi
645 1451 790 1477 consensu,
813 1445 1044 1480 dispensationem

256 1488 359 1517 scilicet
387 1494 601 1524 propugnantes,
621 1490 726 1525 abrepti
744 1491 777 1518 ab
795 1499 827 1518 eo
844 1490 890 1526 qui
915 1491 978 1518 talia
995 1499 1045 1526 pa-

257 1538 329 1561 trare
345 1535 414 1562 solet
437 1535 568 1570 Josepbo,
582 1540 642 1570 post
660 1535 788 1564 Satanam
810 1537 944 1569 abierunt,
961 1537 1044 1564 semel

257 1584 338 1615 atque
361 1580 459 1608 iterum
484 1587 546 1608 cum
567 1581 658 1616 impiis
669 1582 912 1609 communicantes.
936 1582 994 1615 Qua
1011 1582 1045 1609 de

1133 940 1210 975 Ἐμοὶ
1226 939 1256 966 τὸ
1276 939 1446 966 ἐπιστέλλειν
1471 940 1504 975 τῇ
1533 938 1673 974 ἁγιωσύνῃ
1695 947 1742 965 σου
1765 939 1879 966 πάντοτε

1092 985 1208 1020 ποθητόν
1218 992 1225 1000 ⁸
1247 986 1295 1012 καὶ
1310 985 1436 1012 τοσοῦτον
1450 985 1515 1012 ὅσον
1532 986 1578 1012 καὶ
1591 985 1622 1012 τὸ
1637 985 1687 1019 τῆς
1701 986 1879 1020 περιορίσεως

1090 1031 1229 1066 διάστημα
1250 1032 1418 1066 μακρότερον
1431 1040 1438 1046 ·
1449 1031 1545 1070 ’ἐγγὺς
1562 1032 1616 1066 γάρ
1634 1039 1668 1066 με
1688 1032 1761 1057 ποιεῖ
1782 1030 1830 1058 τοῦ
1842 1040 1881 1057 τι-

1093 1077 1155 1112 μίου
1170 1076 1317 1111 προσώπου
1340 1085 1386 1103 σου
1399 1085 1406 1092 ·
1423 1077 1469 1104 καὶ
1489 1076 1630 1112 ῥᾳστώνην
1646 1078 1756 1112 ἐμποιεῖ
1770 1077 1814 1103 διὰ
1832 1077 1880 1112 τῆς

1092 1123 1331 1157 προσφωνῆσεως²
1347 1120 1392 1149 οἵα
1407 1123 1454 1149 καὶ
1470 1122 1517 1149 νῦν
1532 1122 1663 1157 λυπηρῶς
1672 1123 1841 1157 διακειμένῳ
1853 1123 1881 1148 ὲν

1091 1170 1125 1204 τῇ
1150 1168 1204 1194 τῶν
1230 1177 1311 1196 τινων
1336 1169 1495 1204 ἡγουμένων
1522 1169 1651 1204 προδοσίᾳ
1675 1168 1723 1204 τῆς
1741 1168 1880 1202 ἀληθείας.

1094 1214 1152 1240 Ἵνα
1166 1214 1220 1249 γὰρ
1233 1211 1286 1240 οἶδέ
1301 1222 1348 1240 σου
1367 1215 1383 1249 ἡ
1397 1213 1514 1248 ὁσιότης,
1530 1214 1571 1240 ὅτι
1586 1215 1603 1248 ἡ
1621 1214 1703 1240 πάλαι
1719 1214 1880 1240 κουστωδία-

1093 1259 1165 1292 λέγω
1180 1259 1213 1294 δὴ
1231 1259 1330 1294 Ἰωσὴφ
1343 1260 1358 1285 ὁ
1373 1258 1580 1297 μοιχοζεύκτης,
1597 1259 1611 1285 ό
1632 1259 1854 1294 Φωτεινουδίτης,
1869 1260 1883 1286 ό

1100 1303 1314 1338 Ἦρακλειώτης,
1327 1305 1341 1330 ὁ
1350 1303 1538 1339 Μηδικιὼτης,
1556 1305 1570 1330 ό
1581 1303 1727 1337 Μυλιανδς,
1743 1305 1757 1331 ό
1777 1305 1884 1331 ’Υπολι-

1094 1348 1222 1384 χνιώτης,
1233 1350 1248 1376 ὁ
1259 1348 1433 1384 Γουλαιάτης,
1450 1349 1517 1375 ἀλλὰ
1533 1348 1585 1384 φεῦ
1601 1349 1650 1384 τῆς
1663 1350 1800 1385 ἁμαρτίας
1815 1350 1881 1385 μουι

1093 1395 1135 1422 ὅτι
1159 1395 1207 1421 καὶ
1230 1395 1244 1421 ὁ
1266 1395 1466 1430 Φλουσουτηνδς
1485 1394 1563 1430 [883.
1584 1395 1645 1422 cod.
1664 1394 1882 1432 Φλουὸουτινὺς],

1096 1439 1257 1475 συλληφθεὶς
1281 1439 1310 1472 ἐξ
1323 1440 1438 1475 ἄφρονος
1453 1441 1605 1476 ἁπλότητος
1616 1449 1624 1456 ·
1642 1440 1824 1476 ὁμοθυμαδὸν,
1839 1451 1883 1476 μι-

1095 1485 1161 1521 κρὸν
1189 1486 1332 1517 ὲνστάντες
1359 1486 1439 1521 δῆθεν
1471 1487 1643 1522 οἰκονομίας,
1677 1487 1883 1522 ὐφορμηθέντες

1096 1531 1171 1566 παρὰ
1189 1531 1236 1557 τοῦ
1259 1531 1384 1563 εἰωθότος
1408 1532 1625 1566 κατεργάζεσθαι
1641 1532 1676 1559 τὰ
1689 1533 1802 1560 τοιαῦτα
1826 1533 1883 1560 Ἰω-

1097 1576 1163 1612 σὴφ,
1175 1576 1363 1612 ἐξετράπησαν
1376 1577 1463 1604 ὀπίσω
1476 1577 1522 1604 τοῦ
1540 1579 1657 1610 Σατανᾶ,
1671 1580 1884 1613 κοινωνήσαντες

257 1630 339 1650 causa
356 1623 488 1650 benevole
500 1623 616 1656 dimissi,
636 1623 663 1650 in
679 1631 799 1651 errorem
813 1632 892 1651 suum
906 1624 1042 1651 instabiles

1097 1621 1170 1654 ἅπαξ
1183 1622 1230 1648 καὶ
1245 1622 1286 1654 δὶς
1302 1624 1357 1654 τοῖς
1370 1622 1509 1650 ἀσεϐέσιν.
1527 1623 1571 1650 Ἑν
1585 1620 1608 1658 ᾧ
1621 1624 1667 1650 καὶ
1680 1625 1802 1659 εὐμενῶς
1816 1626 1883 1651 ἀπο-

257 1667 410 1703 impellunt.
440 1668 605 1702 Quinetiam,
622 1673 651 1696 ut
663 1675 785 1704 apparet,
798 1669 923 1697 Nicaenus
936 1677 1044 1704 quoque

257 1712 286 1739 in
301 1713 407 1740 ruinam
418 1713 523 1747 positus
538 1717 580 1740 est
594 1713 796 1748 episcoporum.
810 1713 950 1741 llevocant
970 1714 1044 1740 enim

256 1758 292 1786 ab
308 1759 421 1791 exsiliis,
438 1763 468 1786 ut
495 1759 557 1786 talia
576 1758 686 1786 iaciant.
714 1759 748 1786 Et
774 1758 826 1786 nisi
850 1766 901 1786 nos
929 1758 1044 1786 fulciens

258 1803 405 1837 praveniat
431 1810 527 1830 manus
551 1803 609 1834 Dei.
626 1803 746 1838 perimus
766 1808 794 1831 et
808 1811 858 1831 nos
871 1803 917 1838 qui
943 1803 1043 1831 residui

257 1853 362 1874 sumus.
378 1847 449 1880 Quid
463 1855 527 1882 ergo
540 1849 662 1882 estquod
672 1849 804 1876 etiterutn
821 1849 847 1876 in
862 1857 912 1876 nos
928 1849 1044 1876 humiles

257 1902 319 1922 cum
332 1894 426 1929 paucis
436 1894 496 1921 aliis
509 1894 668 1922 incumbere
681 1893 769 1921 fabula
782 1894 910 1922 videtur?
923 1895 1043 1930 Exsurge

257 1940 359 1974 itaque,
375 1940 414 1967 vir
427 1939 484 1973 Dei,
496 1943 624 1974 tanquam
648 1939 769 1974 pontifex
785 1939 885 1967 Christi
901 1941 956 1967 veri
969 1941 1045 1975 prin-

257 1987 326 2022 cipis
340 1991 492 2022 pastorum,
503 1991 633 2022 tantoque
649 1987 809 2022 impensius,
828 1991 929 2022 quanto
939 1987 1044 2024 czeteris

257 2032 385 2060 omnibus
423 2033 609 2068 superemines
643 2033 762 2060 culmine
797 2033 956 2066 sacerdotii,
989 2041 1044 2060 uno

257 2078 378 2112 dempto,
390 2078 436 2113 qui
450 2078 476 2105 in
488 2078 580 2106 abdito
595 2079 732 2106 detinetur
749 2086 756 2105 :
777 2078 901 2114 Glari/ica
918 2079 1001 2106 Deum
1016 2081 1044 2107 in

257 2133 364 2160 corpore
379 2129 423 2151 tuo
440 2130 464 2152 et
478 2126 505 2151 in
515 2125 612 2159 spiritu
625 2129 671 2151 tua
684 2125 717 2152 ⁸³.
742 2124 800 2152 Non
825 2125 933 2160 penitus
949 2126 975 2152 in
1000 2126 1043 2152 in-

258 2170 316 2197 sula
346 2170 509 2205 relinqueris
526 2179 533 2198 ι
551 2171 670 2198 exerceri
699 2171 812 2198 forsitan
831 2175 858 2198 et
883 2172 988 2206 probari
1006 2176 1042 2205 te,

257 2215 329 2242 sicut
344 2220 431 2247 antea.
447 2220 562 2250 op0rtet,
578 2219 608 2242 ut
623 2223 750 2243 coronam
766 2217 829 2243 inde
851 2217 956 2244 referas
980 2217 1043 2244 illu-

257 2261 394 2288 striorem.
409 2261 465 2287 l1eu
476 2262 482 2286 l
494 2261 545 2288 heu
557 2263 563 2287 l
573 2261 665 2293 frater,
676 2261 703 2288 in
711 2269 770 2296 quae
780 2266 900 2297 tempora
913 2263 1042 2290 reservati

257 2299 433 2333 sumus?$ed
449 2306 533 2341 gratia
549 2310 636 2333 tamen
656 2306 679 2333 ei
695 2307 742 2341 qui
760 2307 907 2335 reservavit
923 2316 930 2335 ε
948 2307 982 2335 Et
996 2308 1044 2335 hoc

257 2359 274 2377 ιι
290 2351 353 2383 Dea,
378 2350 416 2378 ait
441 2351 598 2385 Apostolus,
614 2352 688 2386 quia
705 2353 777 2378 nobis
796 2353 921 2379 donatum
938 2358 975 2379 est
996 2361 1043 2387 pro

258 2394 371 2427 Christo,
384 2403 435 2421 non
447 2395 531 2422 solum
553 2400 581 2422 ut
596 2396 623 2422 in
636 2404 695 2422 eum
714 2397 861 2428 credamus,
891 2397 936 2424 sed
963 2399 1043 2424 etiam

257 2443 286 2465 ut
300 2447 347 2472 pro
362 2439 408 2466 illo
418 2440 555 2474 patiamur
569 2440 602 2467 ".
631 2440 689 2467 Non
703 2441 826 2476 despexit
846 2442 977 2469 Dominus
992 2443 1044 2469 hu-

257 2483 397 2510 militatem
419 2488 540 2511 nostram
566 2484 593 2511 in
612 2484 645 2512 iis
670 2493 730 2520 qua:
754 2490 956 2514 antecesserunt
973 2495 980 2513 :
997 2486 1044 2514 sed

258 2537 346 2563 neque
357 2537 440 2562 nunc,
451 2537 541 2564 spero,
554 2530 683 2565 despiciet
697 2532 875 2560 reverentiam
892 2537 964 2559 luant
976 2542 982 2560 :
995 2533 1043 2560 sed

258 2574 330 2601 sicut
346 2578 421 2606 tunc,
437 2574 474 2601 ita
491 2579 519 2602 et
537 2582 611 2602 nunc
637 2576 853 2611 magnilicabitnr
872 2572 997 2604 Christus
1016 2578 1042 2604 in

257 2626 370 2654 corpore
385 2624 443 2652 tuo,
459 2620 560 2648 faciens
579 2629 661 2656 supra
689 2622 798 2649 tnodmn
831 2622 1043 2650 misericordiam

257 2672 334 2691 suam
349 2665 382 2692 ad
394 2666 580 2693 ostensionem
602 2667 712 2694 virtutis
733 2670 795 2694 tum.
823 2666 980 2701 Propterea,
1003 2667 1044 2695 vir

257 2714 362 2743 sancte,
384 2714 411 2737 et
425 2711 491 2737 mihi
511 2719 618 2746 quoque
630 2712 735 2746 porrige
749 2719 857 2739 manum
869 2712 1043 2740 intercessio-

257 2754 312 2787 nis,
327 2760 357 2781 ut
382 2755 527 2783 conllrmer
552 2761 579 2783 et
611 2764 692 2783 eruar
716 2757 750 2784 ab
784 2757 925 2793 ingruente
955 2759 1046 2786 hieme

294 2842 317 2859 ⁵⁸
335 2843 346 2871 l
366 2841 461 2870 Thess.
477 2851 504 2876 ν,
524 2843 568 2871 23.
607 2844 629 2860 "
651 2843 672 2871 ll
687 2843 751 2872 Cor.
771 2852 830 2878 xm,
853 2845 895 2872 12.

949 2846 972 2862 "
988 2845 997 2873 l
1013 2845 1075 2873 Cor.
1093 2854 1129 2879 VI,
1142 2846 1187 2874 20.

1097 1669 1231 1701 λυθέντες,
1249 1669 1404 1695 ἁλίσκουσιν
1433 1669 1462 1695 ὲν
1485 1669 1524 1704 τῷ
1547 1670 1639 1705 οἰκείῳ
1668 1671 1796 1704 πτώματι
1820 1671 1884 1701 τοῦς

1097 1713 1288 1748 ἀστηρίκτους.
1307 1713 1377 1740 Ἀλλ’
1390 1713 1428 1740 ὡς
1449 1713 1532 1745 ἔοικε,
1548 1714 1596 1740 καὶ
1617 1715 1631 1740 ὀ
1645 1714 1693 1749 τῆς
1709 1714 1825 1746 Νικαίας
1845 1716 1884 1747 εἰς

1097 1758 1198 1793 πτῶμα
1222 1760 1311 1785 κεῖται
1333 1758 1388 1785 τῶν
1410 1759 1578 1786 ἐπισκόπων.
1599 1759 1810 1787 Ἀνακαλοῦνται
1829 1761 1883 1796 γὰρ

1097 1804 1160 1834 τοὺς
1172 1804 1201 1830 ὲν
1216 1803 1335 1838 ὲξορίαις
1350 1803 1416 1838 πρὸς
1429 1803 1459 1830 τὸ
1475 1803 1509 1830 τὰ
1521 1804 1601 1839 ὃμοια
1612 1804 1723 1839 πρᾶξαι.
1737 1806 1792 1832 Καὶ
1806 1807 1831 1832 εξ
1846 1807 1882 1841 μὴ

1097 1849 1273 1883 προφθάσειή
1285 1849 1346 1884 χεὶρ
1355 1848 1401 1875 τοῦ
1410 1848 1477 1875 Θεοῦ
1489 1849 1679 1884 ὑπερείδουσα,
1688 1850 1825 1885 ὀλλύμεθα
1836 1852 1884 1878 καὶ

1096 1894 1122 1920 οἱ
1138 1894 1357 1928 ὑπολειφθέντες.
1367 1894 1399 1921 Τί
1413 1893 1459 1921 οὖν
1472 1896 1545 1921 ἐστιν
1555 1896 1597 1922 ὃτι
1614 1897 1660 1922 καὶ
1672 1896 1762 1929 πάλιν,
1773 1896 1810 1928 ὡς
1823 1898 1885 1931 φαε-

1097 1947 1182 1971 νεται,
1197 1940 1236 1970 εἰς
1252 1940 1324 1974 ἡμᾶς
1335 1939 1396 1970 τοὺς
1408 1940 1553 1971 ταπεινοὺς
1567 1940 1737 1975 περιίσταται
1751 1942 1782 1968 τὸ
1792 1941 1885 1977 δρᾶμα

1098 1985 1147 2011 σὺν
1163 1984 1279 2018 ὀλίγοιςς
1299 1985 1415 2012 Ἀνάστα
1426 1983 1483 2017 οὖν,
1497 1982 1519 2011 ὧ
1532 1985 1670 2021 ἄνθρωπε,
1684 1987 1732 2013 τοῦ
1744 1987 1812 2014 Θεοῦ
1823 1996 1830 2004 ·
1847 1988 1885 2020 ὠς

1096 2031 1242 2066 ἀρχιερεὺς
1261 2029 1308 2056 τοῦ
1328 2030 1446 2065 Χριστοῦ
1460 2030 1507 2057 τοῦ
1521 2031 1649 2066 ἀληθινοῦ
1667 2032 1864 2067 ἀρχιποιμένος
1876 2040 1883 2047 ⁵

1097 2076 1144 2102 καὶ
1160 2075 1287 2102 τοσοῦτον
1301 2076 1361 2102 ὅσον
1382 2075 1436 2101 τῶν
1450 2075 1577 2103 ἁπάντων
1594 2074 1619 2102 εἷ
1634 2077 1776 2112 ὑπερέχων
1788 2079 1823 2113 τῇ
1840 2086 1886 2105 χε-

1097 2121 1188 2156 φαλίδι
1208 2122 1259 2156 τῆς
1279 2121 1442 2157 ἱερωσύνης,
1456 2121 1526 2156 πλὴν
1537 2121 1585 2148 τοῦ
1599 2123 1658 2154 ἑνὸς
1670 2123 1698 2148 ἐν
1715 2124 1884 2159 παραϐύστῳ

1096 2167 1236 2202 κειμένου.
1252 2167 1388 2199 Δόξασυν
1417 2168 1455 2202 δὴ
1477 2168 1531 2195 τὸν
1553 2168 1628 2195 Θεὸν
1649 2169 1683 2195 ἐν
1706 2168 1746 2201 τῷ
1769 2170 1884 2202 σώματί

1096 2220 1155 2239 σου
1167 2212 1215 2239 καὶ
1231 2212 1265 2239 ἐν
1278 2212 1318 2245 τῷ
1331 2213 1479 2248 πνεύματί
1491 2222 1549 2240 σου
1560 2222 1568 2229 ·
1585 2213 1615 2240 οὑ
1634 2213 1745 2246 πάντως
1758 2215 1884 2251 ἀφεθήσῃ

1097 2260 1126 2285 ὲν
1135 2260 1168 2294 τῇ
1179 2260 1266 2293 νήσῳ·
1278 2260 1359 2294 τυχὸν
1374 2259 1554 2295 πειρασθῆναι
1566 2268 1595 2286 σε
1605 2260 1645 2286 δεῖ
1656 2260 1726 2287 κατὰ
1739 2261 1775 2288 τὰ
1789 2262 1883 2289 πάλαι·

1057 2293 1083 2323 Ῑ)
1097 2303 1140 2330 ἵνα
1153 2304 1200 2330 καὶ
1214 2293 1376 2340 στεφανίτης
1391 2293 1532 2332 κάνταῦθα
1545 2305 1735 2342 λαμπρότερος
1746 2316 1799 2342 χρη
1804 2309 1885 2343 ματί-

1095 2357 1162 2380 σοις.
1176 2349 1211 2375 Ai
1222 2369 1230 2381 ,
1243 2350 1273 2376 αἲ
1286 2369 1292 2382 ,
1309 2350 1418 2384 ἁδελφὲ,
1433 2351 1472 2382 εις
1497 2351 1567 2383 οἴους
1587 2352 1699 2386 καιροὺς
1719 2352 1884 2388 ἐταμιεῦθη-

1096 2403 1165 2430 μεν;
1191 2395 1272 2422 Ἀλλὰ
1303 2396 1385 2431 χάρις
1405 2397 1479 2431 ὅμως
1507 2396 1545 2432 τῷ
1575 2398 1802 2434 ταμιευσαμένῳ-
1835 2401 1883 2426 καί

1094 2440 1183 2467 τοῦτο
1195 2440 1254 2467 ἀπὸ
1265 2441 1349 2474 Θεοῦ,
1362 2442 1445 2476 φησὶν
1459 2443 1473 2468 ὁ
1487 2442 1655 2474 ’Δπόστολος,
1671 2442 1716 2470 ὄτι
1729 2444 1803 2478 ἡμῖν
1817 2446 1883 2479 ἐχα-

1091 2486 1184 2521 ρίσθη
1197 2487 1273 2521 ὑπὲρ
1287 2488 1426 2521 Χριστοῦ,
1441 2489 1476 2514 οὺ
1493 2488 1590 2522 μόνον
1607 2488 1640 2515 τὸ
1656 2490 1700 2522 εις
1718 2490 1815 2516 αὑτὸν
1836 2498 1883 2516 πι-

1095 2532 1225 2563 στεύειν,
1247 2532 1327 2559 ἀλλὰ
1352 2532 1401 2559 καὶ
1424 2532 1458 2559 τὸ
1481 2533 1556 2567 ὑπὲρ
1570 2533 1665 2561 αὐτοῦ
1686 2534 1829 2569 πάσχειν.
1846 2535 1882 2561 05

1093 2579 1206 2614 παρεῖδε
1223 2579 1324 2614 Κύριος
1338 2581 1387 2614 τὴν
1403 2580 1566 2607 ταπείνωσιν
1579 2580 1658 2616 ήμῶν
1672 2581 1701 2607 ὲν
1711 2583 1768 2613 τοῖς
1782 2581 1881 2616 προλα-

1094 2622 1189 2650 ϐοῦσιν
1201 2631 1208 2638 °
1225 2624 1282 2650 ἀλλ’
1296 2624 1356 2651 οὐδὲ
1375 2624 1432 2656 νῦν,
1445 2625 1573 2656 πέποιθα,
1588 2626 1755 2661 ὑπερόψεται
1778 2627 1828 2661 τῆς
1843 2636 1883 2652 τι-

1098 2668 1225 2703 μιότητός
1252 2677 1317 2695 σου·
1343 2669 1400 2695 ἀλλ’
1416 2670 1454 2701 ὼς
1467 2670 1618 2706 τηνικαῦτα
1638 2671 1725 2702 οὕτως
1751 2673 1799 2698 καὶ
1822 2673 1882 2706 ᾰρτι

1098 2714 1332 2749 μεγαλυνθήσεται
1348 2715 1465 2749 Χριστὸς
1487 2716 1516 2742 ἐν
1536 2715 1573 2751 τῷ
1592 2715 1698 2751 σώματί
1713 2725 1780 2743 σου·
1800 2718 1883 2744 ποιῶν

1095 2761 1329 2796 ὑπερεκπερισσοῦ
1341 2761 1371 2787 τὺ
1385 2760 1459 2792 ἕλεος
1472 2761 1555 2789 αὐτοῦ
1572 2763 1616 2795 εἰς.
1630 2762 1743 2795 ἔνδειξιν
1756 2763 1809 2799 τῆς
1820 2765 1882 2799 ἁρε-

1243 2846 1265 2862 ⁸⁹
1280 2845 1396 2883 Philipp.
1419 2857 1436 2881 ι,
1447 2849 1491 2876 28.
