1926 3078
96 98 187 160 iHl.
692 132 963 164 EPISTOLARUM
995 135 1068 165 LIB.
1090 135 1133 165 II.
1660 135 1729 168 1142

90 187 140 221 τῆς
152 194 211 212 σου.
223 185 269 212 Διὸ
279 186 386 220 ὀρέγοις
401 187 486 222 κάμοὶ
499 187 577 223 χεῖρα
592 189 803 226 πρεσϐευτικὴν,
814 191 871 217 ὂσιε

937 199 1038 219 amara.
1067 192 1125 224 Sta,
1148 196 1174 219 et
1195 192 1341 227 propitium
1364 193 1417 225 fac,
1434 196 1464 220 ut
1493 193 1609 227 procella
1635 194 1662 220 in
1676 201 1726 220 au-

92 230 272 266 στηριχθῆναι
286 231 334 257 καὶ
356 231 476 266 σωθῆναι
490 232 543 259 ἀπὸ
557 232 604 259 τοῦ
621 233 768 263 ἐνεστῶτος
782 233 875 268 χειμῶι

936 244 993 263 ram
1017 236 1134 271 Spiritus
1151 238 1237 264 sancti
1266 242 1441 266 convertatur
1459 248 1465 265 :
1485 239 1606 266 utinam!
1624 238 1725 266 Fratri-

91 285 134 307 νος
157 276 270 311 πικροῦ.
287 276 369 310 Στῆϐι
394 277 440 303 καὶ
459 278 578 310 ίλέωσαι,
593 279 818 314 μεταστραφῆναι
833 278 875 314 sip

936 283 987 309 bus
1001 283 1114 310 salutem
1127 283 1271 318 plurimam
1284 285 1355 317 dico,
1372 291 1419 312 eos
1431 285 1588 317 obsecrans,
1606 290 1635 312 ut
1647 291 1726 313 orent

89 321 235 355 καταιγίδα
249 322 289 353 είς
302 321 390 356 αὔραν
403 322 450 349 τοῦ
465 323 545 356 ἁγίου
564 323 720 359 Πνεύματος
732 333 738 340 ·
757 324 862 358 γένοιτο
874 327 875 349 1

935 335 985 362 pro
998 327 1151 355 humilitate
1167 335 1238 357 mea.
1258 328 1310 362 Qui
1334 337 1440 357 mecum
1454 335 1527 364 sunt,
1543 331 1658 366 pedibus
1673 331 1728 359 tuis

89 368 158 399 Τοὺς
169 368 301 403 ἀδελφοὺς
314 369 504 404 ἀσπαζόμενος
518 370 632 396 πλεῖστα
641 379 649 386 ·
665 371 713 398 καὶ
728 371 882 406 παρακαλῶ

89 413 291 449 ὑπερεύχεσθαί
309 423 360 449 μου
371 415 421 449 τῆς
431 414 632 447 ταπεινώσεως.
645 417 677 442 Οί
689 416 738 443 σὺν
752 416 814 451 ἐμοὶ
826 417 882 448 τοῖς

89 459 149 486 ποσί
164 467 213 486 σου
229 459 458 495 προσπίπτουσιν.

210 529 239 557 l'.
254 529 475 563 --Ναυκρατίῳ
488 529 596 562 τέκνῳ.
616 528 696 565 [ρνβ’.

934 373 1128 401 advolvuntur.

1161 529 1195 556 Χ.
1211 544 1246 550 -
1259 531 1408 558 Naucratio
1421 532 1489 566 ﬁlio.

88 611 232 642 Dogmatica
245 610 276 635 de
288 611 381 635 sanctis
392 610 550 642 imaginibus.
570 610 608 636 Ne
619 610 1059 673 quorumutanallggsumpergpgbelntp;
1069 611 1111 673 )alii
1123 619 1129 637 :
1144 613 1228 644 potius
1244 619 1275 638 eo
1287 614 1341 644 ipso
1353 615 1496 640 excitentur
1507 615 1536 639 ad
1548 616 1721 641 constantiam.

837 660 842 666 .
894 660 901 666 .
967 660 974 671 ,
1007 661 1012 666 .
1058 661 1063 666 .

837 660 842 666 .
860 660 901 666 κ...
918 660 974 671 ων,
987 660 1012 666 ι..
1029 660 1063 666 η..

120 703 233 755 Πονηρά
249 719 265 754 ἡ
280 718 395 753 ἀγγελία
406 718 461 746 τῶν
473 719 647 754 γραμμάτων
663 727 721 751 σου,
735 715 757 745 ὧ
772 718 878 745 τέκνον·

87 767 145 801 ητις
173 765 357 800 καθαψαμένη
381 763 433 800 μὸυ
447 765 497 800 τῆς
514 765 646 800 ταπεινῆς
659 765 750 800 ψυχῆς
764 764 804 800 τῷ
821 765 879 791 ὄντι

87 813 217 849 ὼδύνησε,
228 813 276 840 καὶ
286 812 404 847 δάκρυον
417 811 641 848 προσεκαλέσατο
655 811 804 847 καρδιακόν
815 819 822 826 ·
833 819 878 846 μι-

970 718 1108 747 Pessimus
1129 720 1242 747 nuntius
1257 721 1408 749 litterarum
1434 727 1553 756 tuarum,
1570 731 1586 751 ο
1603 724 1640 752 fili
1655 725 1720 761 :qui

931 765 1012 792 simul
1025 765 1155 793 humilem
1170 768 1290 794 animam
1312 776 1399 796 meam
1431 769 1530 805 attigit,
1546 778 1640 798 revera
1654 780 1722 799 con-

932 810 1060 842 tristavit,
1074 815 1102 838 et
1116 813 1206 840 cordis
1237 813 1370 848 lacrymas
1400 815 1505 848 elicuit,
1533 820 1638 844 tantum
1664 826 1720 845 non

87 858 152 894 χροῦ
176 859 244 891 δεῖν,
258 857 361 885 ἀῦπνόν
382 866 427 893 μοι
450 857 500 891 τὴν
517 856 603 884 νύκτα
619 855 680 883 καθ’
694 857 727 891 ἢν
742 855 875 905 ἐδεξάμην

932 857 1084 884 insomnem
1101 858 1166 885 mihi
1183 859 1300 886 reddens
1316 865 1424 888 noctem
1450 862 1522 889 illam
1535 870 1588 898 qua
1615 863 1720 891 litteras

87 905 131 931 ἐπὶ
156 905 253 939 χεῖρας
276 902 326 938 τὴν
346 902 491 938 ἐπιστολὴν
516 902 701 938 ἐμποιήσασα.
719 901 804 928 Τοῦτο
827 901 876 936 μὲν

86 950 130 976 ἐπὶ
146 949 258 975 πάντων
278 947 334 974 τῶν
349 946 591 982 συμπεπτωκότων
601 953 609 961 ⁶
625 945 772 981 ἐξαιρέτως
793 945 821 972 δέ
836 946 877 976 είς

87 996 127 1022 τὸν
149 994 201 1029 τῆς
222 993 403 1028 Φλουσουτῆς.
416 992 478 1019 Ὀτι
498 993 522 1019 oi.
545 992 594 1028 μὶν
615 993 672 1024 τοῖς
693 990 877 1027 προλαϐοῦσιν

85 1043 165 1076 ὃμοια
179 1040 227 1067 καὶ
239 1039 323 1067 τανῦν
338 1038 460 1075 ἔπραξαν
471 1047 477 1054 '
493 1040 507 1065 ὁ
522 1039 551 1065 δὲ
567 1038 620 1065 τῶν
632 1038 781 1065 δοκούντων
795 1037 876 1064 ἐστά-

86 1097 126 1114 vat
141 1086 273 1121 ἀσφαλῶς
291 1085 466 1121 ἐγνωρίζετο.
489 1084 659 1119 Ἐθαύμαζον
674 1082 730 1115 οὖν,
744 1083 783 1110 ἔτι
796 1084 877 1119 ἐστη‹

86 1134 170 1159 κάτων
188 1131 298 1163 αὐτῶν,
311 1131 352 1157 ὅτι
381 1131 418 1166 μὴ
439 1130 655 1165 ὁμολογήσαντες
671 1129 721 1164 τὴν
740 1129 876 1163 προτέραν

85 1179 130 1205 ἐπὶ
160 1176 279 1213 μοιχείᾳ,
297 1176 345 1203 καὶ
370 1174 544 1211 μοιχοζευξίᾳ
564 1172 648 1209 ἧτταν
681 1174 783 1206 αὐτῶν,
813 1174 876 1200 ἀντ-

84 1223 224 1251 εποιοῦντο
238 1223 284 1249 ἐπὶ
293 1223 326 1258 τῇ
343 1222 510 1257 προκειμένῃ
524 1221 668 1248 ὑποθέσει·
685 1221 732 1248 καὶ
745 1221 815 1256 τάχα
829 1221 877 1246 ὑπ-

83 1271 175 1297 ενόουν
191 1269 245 1305 ἰδίᾳ
261 1269 309 1295 καὶ
325 1267 386 1295 καθ’
403 1268 516 1299 ἑαυτοὺς
529 1267 579 1302 τὴν
598 1266 780 1302 μεταμέλειαν
795 1266 876 1301 ἐσχη-

84 1316 178 1343 κέναι·
197 1315 244 1341 καὶ
264 1314 373 1350 ἔχαιρον
395 1314 409 1340 ὁ
424 1312 551 1344 ταπεινὸς
574 1311 621 1338 ἐπὶ
643 1313 676 1347 τῇ
697 1311 876 1347 ὀρθοποδήσει

83 1360 184 1388 αὐτῶν.
205 1359 274 1386 Ἀλλ’
285 1359 324 1391 ὡς
337 1359 436 1390 ἔοικεν,
452 1359 481 1385 ἐν
497 1358 605 1391 σαθροῖς
620 1357 669 1392 τὴν
681 1357 769 1384 οἰκίαν
785 1357 876 1383 αὐτῶν

83 1406 323 1441 ο1.κοδοι.ι.ήσαντες⁹
336 1405 375 1440 τῷ
389 1404 499 1431 λαίλαπι
512 1404 563 1439 τῆς
577 1403 787 1440 προσπεσούσης
802 1403 876 1438 αἱρέ-

85 1461 164 1484 σεως,
183 1451 346 1478 πεπτώκασι
372 1450 476 1478 πτῶσιν
493 1449 541 1485 τὴν
560 1450 772 1486 χαλεπωτάτην·
795 1449 875 1476 πάλιν

84 1500 242 1535 οἰκονομίαν
263 1499 388 1533 λέγοντες
408 1497 457 1533 τὴν
478 1497 608 1531 ἀθέτησιν
625 1497 675 1532 τῆς
690 1496 830 1532 ἀληθείας.
843 1497 874 1523 Οί

927 901 1030 936 accepi.
1047 901 1136 943 Atque
1155 903 1207 930 hoc
1223 903 1334 938 quidem
1352 905 1473 933 omnium
1493 915 1575 934 causa
1602 909 1649 943 qui
1665 917 1719 935 una

927 947 994 982 lapsi
1015 952 1088 980 sunt,
1104 941 1222 976 maxime
1252 954 1343 977 autem
1360 951 1395 978 ob
1413 951 1556 980 Phlubutae
1591 941 1720 989 praeposi-

928 996 996 1019 tum.
1010 991 1077 1020 Nam
1092 995 1163 1028 quod
1174 994 1208 1021 ad
1222 994 1290 1022 alios
1314 996 1421 1029 attinet,
1435 1003 1618 1026 consentanea
1647 1007 1720 1034 prae-

928 1038 1016 1066 teritis
1045 1044 1159 1074 egerunt
1176 1049 1182 1066 :
1202 1040 1247 1068 hic
1270 1048 1336 1068 vero
1362 1049 1394 1068 ex
1411 1042 1444 1070 iis
1461 1048 1529 1076 erat,
1545 1045 1591 1079 qui
1620 1053 1718 1073 secure

926 1087 999 1111 stare
1027 1084 1198 1113 videbantur.
1226 1086 1456 1122 Mirabaritaque,
1473 1089 1630 1124 priusquam
1653 1098 1718 1118 rue-

928 1135 989 1157 rent
1002 1130 1051 1162 illi,
1066 1131 1139 1166 quod
1157 1132 1297 1167 pristinam
1316 1141 1392 1161 suam
1418 1135 1489 1162 circa
1505 1136 1671 1164 adulterium
1689 1143 1717 1164 et

926 1177 1040 1204 adulteri
1059 1178 1168 1213 nuptias
1189 1179 1321 1214 ignaviam
1348 1181 1460 1208 minime
1487 1188 1676 1216 agnoscentes,
1690 1183 1717 1210 in

928 1231 957 1250 re
984 1225 1111 1258 praesenti
1134 1225 1235 1260 aliquid
1263 1227 1396 1254 auderent
1411 1237 1418 1255 :
1433 1228 1639 1264 cogitabamquc
1657 1229 1717 1256 illos

926 1268 1052 1303 privatim
1064 1270 1175 1297 forsitan
1188 1275 1216 1298 et
1225 1272 1296 1306 apud
1311 1280 1340 1299 se
1354 1273 1514 1307 pwnitentia
1522 1278 1606 1301 tactos
1616 1275 1716 1302 fuisse:

927 1314 988 1342 ideo
1002 1316 1152 1350 gaudebam
1169 1317 1260 1350 miser,
1277 1319 1355 1353 quasi
1375 1322 1448 1346 recte
1464 1320 1645 1348 ambularent.
1662 1320 1715 1348 Sed

927 1359 954 1387 in
969 1361 1107 1395 marcidis,
1122 1367 1284 1398 utapparet,
1303 1363 1414 1391 domum
1430 1372 1507 1392 suam
1523 1365 1687 1394 aedificantes
1708 1377 1716 1397 ;

927 1406 1086 1441 ingruentes
1115 1408 1251 1436 haereseos
1276 1410 1393 1443 turbine,
1411 1412 1490 1438 ruina
1515 1412 1632 1446 pessima
1656 1421 1717 1440 cor-

928 1454 1041 1494 ruerunt
1056 1453 1302 1487 :dispensationem
1315 1455 1414 1483 iterum
1433 1457 1612 1491 appellantes,
1628 1458 1714 1493 ipsam

927 1498 1049 1526 veritatis
1062 1500 1330 1528 condemnationem.
1350 1501 1387 1528 llli
1401 1502 1451 1536 ipsi
1467 1502 1512 1537 qui
1526 1503 1655 1531 Ecclesia:
1668 1503 1715 1531 Dei

83 1546 160 1572 αὐτοὶ
183 1546 233 1572 καὶ
253 1545 385 1580 πρότερον
404 1543 552 1570 σκάνδαλον
567 1543 697 1578 γεγόνασι
709 1544 742 1578 τῇ
762 1543 875 1577 Ἐκκλη-

930 1545 1058 1572 seandalo
1070 1550 1149 1572 antea
1165 1545 1282 1578 fuerant,
1299 1549 1394 1574 eodem
1410 1556 1483 1575 nunc
1498 1549 1667 1583 relabuntur,
1688 1554 1716 1577 ct

84 1592 129 1627 σίᾳ
143 1591 192 1618 τοῦ
207 1590 289 1617 Θεοῦυ
309 1590 357 1617 καὶ
372 1589 419 1617 νῦν
434 1590 465 1616 τὸ
482 1589 547 1616 αὐτὸ
566 1589 599 1616 δι’
613 1585 650 1616 ὧν
664 1589 785 1624 ἔπραξαν
805 1589 873 1616 πάν-

83 1646 130 1669 τας
145 1636 383 1672 προσκαλούμενοι
402 1637 441 1668 είς
454 1635 604 1663 ἀπώλειαν.
626 1636 714 1670 Καίγε
731 1635 835 1670 ἕτοιμοι
850 1635 874 1661 οἱ

84 1683 207 1709 πλεῖστοι
235 1682 303 1717 πρὸς
330 1681 379 1718 τὴν
404 1682 451 1708 τοῦ
478 1682 564 1709 κακοῦ
596 1681 741 1717 μετουσίαν
764 1683 793 1708 ἐν
814 1683 875 1708 ταῖς

83 1729 217 1762 ἀνάγκαις
230 1727 374 1763 ζητοῦντες
394 1727 516 1763 ἐξευρεῖν
532 1736 594 1754 τινα
615 1728 768 1763 πρόφασιν·
789 1728 823 1755 δι’
841 1725 875 1764 ἧς

83 1774 213 1804 ἀθλιπτος
231 1773 276 1799 καὶ
298 1772 487 1808 ἀταλαίπωρος
503 1773 596 1805 αὐτοῖς
616 1773 630 1799 ὁ
648 1773 718 1808 ὑπὲρ
733 1773 875 1805 εὐσεϐείας

83 1819 159 1854 ἀγὼν
180 1818 335 1854 ὑπαχθείη·
360 1819 543 1854 ἐκοινώνησαν
558 1820 604 1846 ἐπὶ
623 1821 656 1855 τῇ
677 1820 790 1854 ἀρνήσει
806 1820 875 1855 Χρι-

84 1864 160 1897 στοῦ,
179 1865 229 1900 τῆς
244 1864 388 1896 Θεοτόκου,
403 1863 457 1890 τῶν
480 1864 588 1891 πάντων
604 1865 700 1898 ἁγίων.
719 1864 804 1891 Τοῦτο
819 1864 874 1901 γὰρ

83 1912 100 1947 ὴ
114 1911 165 1946 τῆς
179 1911 283 1942 είκόνος
305 1910 459 1938 οὑτινοσοῦν
478 1910 603 1946 ἄρνησις.
625 1910 677 1937 Φεῦ
700 1911 751 1946 τῆς
771 1919 875 1946 συμφο-

85 1957 152 1991 ρᾶςι
175 1955 226 1990 φεῦ
240 1955 290 1990 τῆς
303 1955 426 1990 ἀπάτης1
444 1955 535 1990 οἶμοιί
552 1952 611 1987 πῶς
625 1955 803 1991 ἐναρξάμενοι
819 1964 874 1982 κα-

82 2002 149 2035 λῶς,
163 2001 340 2037 ἐστράφησαν
353 2002 393 2032 είς
410 2001 446 2028 τὰ
459 2001 564 2033 etiam;
582 2001 674 2036 οίμοιὶ
691 2002 784 2032 πόσοις
793 2000 875 2027 ἔσον-

82 2057 128 2075 ται
139 2046 317 2082 καταστροφή
329 2054 336 2062 ’
350 2047 498 2082 όμοταγέσι
513 2046 560 2073 καὶ
575 2047 738 2082 ὑπερέχουσι
748 2056 755 2063 ·
769 2046 874 2079 λαῖκοῖς

81 2103 111 2120 τε
145 2094 194 2120 καὶ
218 2093 358 2129 κληρικοῖς
385 2094 433 2120 καὶ
459 2094 622 2128 μονασταῖς;
642 2094 711 2120 Ἀλλ’
736 2094 753 2129 ή
771 2094 874 2129 ἀρχαία

83 2140 186 2175 πληγὴ,
198 2140 228 2166 τὸ
242 2139 384 2174 ἐγκόλπιον
399 2139 494 2169 κακόν,
519 2139 618 2174 Ἰωσὴφ
633 2140 646 2166 ὁ
662 2140 746 2167 πάλαι
760 2140 873 2172 εἰκότως

83 2186 195 2222 κληθεὶς
207 2185 420 2221 Μοιχοζεύκτης,
437 2186 495 2212 νυνὶ
510 2184 538 2211 δὲ
551 2185 794 2220 Χριστεμπαίκτης
805 2193 812 2200 ·
825 2186 873 2211 αὺ-

81 2218 134 2263 τὸέ
149 2230 248 2266 ὀδηγδς
263 2218 327 2261 γέτοῖς
348 2218 397 2265 τῆς
416 2230 535 2266 ἀρχαίας
556 2218 734 2262 κουστωδίας.
755 2218 788 2257 Τί
803 2231 872 2264 πρὸς
886 2218 912 2247 D

81 2278 191 2310 ταῦτα;
207 2276 430 2311 ἐκλυθησόμεθα;
448 2276 677 2311 καταπεσούμεθα
691 2286 699 2309 ;
715 2277 874 2312 ἀποκαμοῦ-

82 2325 155 2360 μεθα
179 2324 248 2358 πρὸς
267 2324 316 2359 τὴν
332 2323 451 2358 Χριστοῦ
465 2322 611 2358 ὁμολογίαν
634 2322 702 2357 ὁμοῦ
719 2324 765 2350 καὶ
779 2322 874 2350 ἐνστα-

82 2379 141 2404 σιν;
153 2369 298 2406 μηδαμῶς,
314 2366 336 2395 ὦ
347 2369 467 2402 ἀδελφοὶ,
485 2368 626 2403 μηδαμῶς.
643 2369 674 2395 El
689 2369 753 2404 γὰρ,
768 2369 874 2395 ἀσεϐῶν

81 2416 323 2448 καταπιπτόντων,
337 2416 362 2442 οἱ
380 2415 480 2441 δίκαιοι
490 2414 604 2449 ἔμφοϐοι
615 2414 722 2441 ἔσονται
732 2422 738 2429 ·
754 2414 812 2441 ἀλλ’
827 2413 874 2441 οὖν

80 2462 120 2496 τῷ
137 2461 186 2487 τοῦ
203 2460 288 2492 πέλας
303 2459 431 2494 πτώματι
447 2457 582 2493 ἀσφάλεια
595 2457 634 2493 τῷ
651 2459 777 2492 ἐστηκότι
798 2458 875 2493 μεγί-

83 2515 146 2542 στη.
172 2506 284 2541 Στῶμεν
309 2503 356 2532 οὖν
382 2505 411 2531 ἐν
436 2503 531 2539 Κυρίῳ
560 2503 744 2539 βεσαιότερον,
774 2504 874 2539 μᾶλλον

81 2551 254 2588 παρακαλῶ·
275 2551 312 2587 μὴ
326 2551 493 2587 πτυρόμενοι
507 2551 536 2576 ἐν
552 2550 646 2585 μηδενὶ
663 2550 715 2576 ὑπὸ
729 2549 783 2576 τῶν
799 2550 873 2577 ἀντι-

81 2597 231 2633 κειμένων.
259 2597 304 2631 Μὴ
332 2596 387 2632 γὰρ
406 2596 499 2622 ἕνεκεν
515 2594 570 2622 τῶν
584 2595 834 2622 ὑποσκελισθέντων
856 2595 872 2629 ὴ

80 2642 216 2679 ὁμολογία
227 2642 321 2677 ἡμῶν;
345 2641 362 2676 ἢ
386 2642 418 2676 τῇ
435 2641 538 2667 τούτων
561 2640 655 2667 στάσει
671 2640 874 2675 ἐπερειδόμενοι

81 2686 304 2722 ἐστερεούμεθα,
325 2686 370 2712 ἵνα
391 2686 438 2711 καὶ
452 2687 485 2720 τῇ
503 2686 621 2712 σκελίσει
637 2685 727 2712 αὐτῶν
744 2693 874 2712 κατασει-

82 2733 211 2767 σθῶμεν;
229 2732 267 2767 μὴ
278 2732 402 2766 γένοιτο1
420 2730 481 2757 οὔτε
496 2730 608 2763 τούτων,
621 2730 682 2757 οὔτε
696 2730 793 2758 ἄλλων
807 2731 873 2766 Χρι-

83 2778 146 2809 στὸς
162 2777 242 2812 ἡμῶν
256 2778 270 2803 ὁ
284 2776 418 2811 θεμέλιος,
433 2777 462 2802 ἐν
475 2773 497 2809 ᾧ
511 2777 647 2811 στήκομεν
660 2784 666 2791 ·
683 2777 712 2802 ἐν
724 2772 747 2810 ᾧ
761 2775 869 2810 καυχώ-

82 2822 175 2858 μεθα·
195 2822 244 2850 σὺν
259 2821 297 2857 τῷ
314 2821 412 2857 Παύλῳ
429 2821 566 2856 λέγοντες·
589 2822 634 2855 Τίς
655 2821 731 2857 ἡμᾶς
753 2821 874 2856 χωρίσει

926 1590 989 1618 facti
1006 1591 1046 1618 sui
1064 1591 1188 1626 exemplo
1196 1593 1229 1619 ad
1245 1593 1384 1620 interitum
1400 1599 1548 1628 provocant
1562 1594 1714 1624 universos.

925 1636 958 1664 Et
981 1637 1089 1672 quidem
1111 1638 1211 1673 paratis
1226 1639 1335 1673 plurimi
1360 1639 1394 1667 ad
1405 1639 1527 1667 criminis
1543 1641 1713 1672 societatem,

925 1687 1087 1717 praetextum
1108 1684 1261 1719 quempiam
1277 1685 1305 1711 in
1317 1685 1526 1713 necessitatibus
1536 1686 1658 1720 reperire
1671 1695 1720 1721 μη

925 1729 1051 1762 stientes,
1079 1737 1134 1764 quo
1162 1737 1345 1758 aarumnarum
1360 1735 1388 1759 et
1402 1731 1585 1759 calamitatum
1615 1740 1715 1767 expers

926 1775 991 1809 ipsis
1005 1775 1113 1809 pietatis
1122 1779 1261 1803 certamen
1272 1776 1401 1804 reddatur
1414 1786 1421 1810 ;
1439 1777 1466 1804 in
1476 1778 1620 1813 negatione
1633 1779 1714 1805 Chri-

925 1821 971 1852 sti,
990 1821 1122 1856 Deiparaa,
1151 1827 1308 1850 sanctorum
1335 1823 1468 1855 omnium,
1493 1824 1714 1852 communionem

925 1865 1056 1893 inierunt.
1072 1866 1130 1894 Hoc
1141 1867 1274 1902 siquidem
1293 1871 1335 1895 est
1347 1868 1494 1903 cujuslibet
1524 1869 1648 1905 imaginis
1665 1878 1715 1897 ne-

925 1912 1006 1947 gatio.
1033 1912 1055 1939 0
1072 1913 1241 1948 pernicieml
1265 1922 1282 1941 ο
1304 1914 1457 1942 fallaciam!
1477 1915 1521 1942 hei
1538 1916 1624 1943 mihil
1645 1924 1715 1951 quo-

925 1958 1016 1990 modo,
1041 1967 1102 1986 cum
1117 1964 1191 1987 recte
1215 1960 1375 1994 coepissent,
1391 1966 1464 1988 retro
1481 1962 1606 1989 conversi
1631 1963 1716 1989 sunt?

925 2003 969 2030 hei
986 2003 1070 2031 mihil
1087 2012 1167 2038 quam
1181 2005 1273 2032 multis
1293 2005 1382 2032 fraudi
1400 2010 1480 2033 erunt
1492 2011 1520 2034 et
1531 2007 1714 2039 subversioni.

924 2048 1085 2082 aequalibus,
1095 2053 1123 2075 et
1132 2049 1292 2083 majoribus,
1301 2049 1501 2083 laicis,elcricis
1519 2056 1546 2078 et
1556 2053 1716 2080 monachis?

927 2092 1033 2119 Etenim
1050 2094 1191 2128 antiquum
1216 2094 1325 2126 vulnus,
1339 2095 1496 2122 intestinum
1510 2096 1620 2128 malum,
1636 2096 1714 2124 lose-

924 2139 996 2174 phus
1010 2139 1074 2166 olim
1090 2139 1306 2167 Mmchozeuctes
1320 2140 1416 2167 merito
1429 2141 1532 2172 dictus,
1550 2150 1623 2170 nunc
1637 2143 1716 2170 Chri—

925 2189 1108 2220 stempaectes,
1125 2185 1183 2220 ipse
1207 2185 1262 2212 dux
1278 2185 1329 2212 fuit
1343 2186 1444 2214 veteris
1461 2188 1594 2216 custodia:
1608 2197 1715 2224 praepo-

925 2231 1003 2259 situs.
1014 2231 1084 2264 Quid
1097 2231 1131 2259 ad
1148 2231 1223 2259 haec?
1237 2232 1455 2267 languidioresnc
1465 2234 1588 2262 erimus?
1605 2235 1714 2270 frange-

926 2276 1004 2302 inur?
1018 2275 1194 2303 concidemus
1211 2276 1311 2304 animis
1338 2276 1372 2304 ad
1392 2278 1604 2310 confessionem,
1620 2279 1715 2306 defen-

925 2322 1085 2356 sionemque
1107 2321 1346 2350 ChristiiMinime
1365 2323 1497 2359 gentium,
1523 2324 1632 2357 fratres,
1664 2326 1714 2351 mi-
1736 2356 1740 2360 ‘

925 2367 1009 2394 nime.
1034 2366 1140 2395 Etenim
1157 2367 1190 2399 si,
1216 2369 1408 2396 conuentibus
1424 2370 1524 2404 impiis,
1543 2369 1608 2404 justi
1640 2376 1714 2399 metu

924 2413 1109 2448 percelluntur
1123 2422 1130 2446 ;
1144 2418 1172 2440 at
1188 2413 1268 2441 vicini
1288 2414 1380 2449 lapsus
1410 2416 1525 2443 maxima
1550 2421 1592 2444 est
1618 2418 1715 2445 stantis

925 2459 1068 2487 securitas.
1095 2459 1205 2487 Stemus
1227 2459 1310 2495 igitur
1330 2461 1358 2488 in
1375 2461 1490 2488 Domino
1504 2463 1713 2495 constantiores,

925 2503 1041 2538 amplius
1058 2503 1189 2536 obtestor,
1215 2512 1267 2531 nec
1290 2505 1318 2532 in
1335 2505 1390 2532 ullo
1410 2507 1550 2534 conterriti
1564 2507 1598 2534 ab
1617 2508 1714 2535 adver-

928 2549 1016 2585 sariis.
1037 2548 1165 2583 Nunquid
1182 2550 1255 2577 enim
1271 2555 1381 2585 propter
1391 2558 1439 2578 eos
1453 2551 1499 2585 qui
1513 2552 1635 2580 subversi
1651 2559 1716 2581 sunt

927 2583 1063 2621 confessio
1081 2594 1194 2620 nostra?
1211 2598 1258 2621 aut
1268 2583 1375 2622 illorum
1394 2595 1539 2623 stabilitate
1564 2597 1619 2623 nixi
1648 2606 1715 2625 con-

928 2638 1102 2672 sistebamus,
1121 2644 1152 2667 ut
1166 2647 1260 2668 eorum
1275 2649 1383 2676 quoque
1399 2642 1475 2676 lapsu
1502 2643 1692 2670 concutiamur
1705 2646 1716 2670 ?

927 2684 1020 2711 Absit!
1045 2692 1134 2720 neque
1162 2686 1272 2719 horum,
1287 2694 1375 2721 neqtte
1398 2687 1524 2714 aliorum.
1541 2686 1715 2716 Fundamen-

930 2733 987 2757 tum
1013 2735 1136 2758 nostrum
1158 2732 1284 2759 Christus
1297 2737 1347 2764 est,
1367 2733 1394 2759 in
1410 2739 1464 2767 quo
1479 2737 1593 2765 stamus,
1611 2733 1637 2759 in
1661 2741 1715 2768 quo

923 2776 1079 2812 gloriamur,
1097 2785 1158 2803 eum
1175 2777 1256 2804 Paulo
1272 2778 1393 2805 dicentes
1421 2787 1427 2804 :
1445 2777 1508 2810 Quis
1524 2786 1569 2806 nos
1582 2779 1716 2813 separabit

929 2831 944 2849 α
968 2823 1099 2850 charitate
1115 2823 1163 2850 Dei
1178 2825 1190 2851 .7
1209 2823 1356 2852 Tribulalio
1370 2826 1382 2852 ξ’
1403 2833 1436 2852 art
1460 2825 1581 2860 augttstia
1594 2827 1605 2852 1'
1618 2834 1653 2852 an
1672 2826 1715 2859 [u-
