1926 3078
200 122 268 154 1M3

795 121 825 150 S.
847 119 1043 150 TllEODOItI
1060 118 1233 150 STUDITE

1746 89 1835 149 .1144

195 187 249 207 me:
263 179 275 205 ?
290 186 326 204 an
352 177 498 210 persecutio
515 177 527 204 ?
553 184 588 203 an
603 175 711 202 auditas
724 175 737 202 7
758 183 794 202 an
819 175 964 210 periculum
978 175 987 201 ί

1040 173 1099 201 ἀπὸ
1111 173 1167 207 τῆς
1176 173 1297 208 ἀγάπης
1308 173 1361 200 τοῦ
1373 172 1466 204 Θεοῦ;
1477 172 1592 207 θλίψις,
1603 173 1622 207 ἢ
1635 176 1834 209 στενοχωρία,

195 234 230 252 an
254 225 362 260 gladius
381 225 394 251 ι
413 224 465 252 Sed
483 225 552 251 enim
576 224 605 250 in
633 224 672 250 Itis
690 223 809 250 omnibus
834 231 990 257 superamus

194 275 301 305 propter
316 277 375 298 eum
385 270 430 305 qui
446 269 537 296 dilexit
549 277 596 296 nos
603 268 674 296 ‘°"'.
689 269 780 303 Itaque
795 268 841 303 qui
851 268 991 295 accinctus

193 325 245 353 pro
264 317 374 344 Christo
396 323 453 344 non
469 315 628 349 certaverit,
644 314 820 343 Christianus
843 321 903 341 esse
935 321 989 340 non

194 368 295 407 potest.

227 452 268 478 An
287 459 354 478 vero
371 450 509 478 incassum
528 453 678 485 martyrum
694 456 808 484 agones,
828 448 989 480 certamina,

193 496 353 525 tormenta?
370 504 404 523 an
420 495 543 522 eamdem
560 495 705 522 nobiscum
722 501 836 521 carnem
852 502 906 521 non
927 501 989 528 ges-

194 542 313 569 serunt?
329 542 371 568 An
393 541 476 568 tantis
493 540 636 576 suppliciis
653 540 771 575 subjecti
787 540 910 567 laborem
927 539 990 566 nul-

195 588 251 615 lum
273 586 444 615 senserunt?
459 586 559 613 Annon
582 593 630 613 eos
648 586 742 614 vivere
757 586 884 617 taedebat,
905 589 935 612 ut
952 585 991 612 ait

194 633 341 668 Apostolus
352 632 397 658 °’?
412 631 465 659 Sed
482 631 646 666 perennium
661 639 804 666 poenarum
826 636 911 665 metu,
934 639 992 659 cte-

195 678 362 712 lestiumque
379 676 554 711 prtemiorum
577 675 726 709 desiderio,
751 676 843 703 carnis
862 681 989 707 mortem,

196 729 227 750 ιιι
250 723 412 758 prudentes,
440 729 522 756 quam
549 726 680 749 reternam
706 722 800 750 subire
823 722 989 749 maluerunt.

194 769 267 797 Nhil
284 769 514 803 expavescebant,
531 767 645 794 minime
658 767 749 795 animo
773 767 990 795 consternaban-

195 820 252 849 tur,
279 819 306 842 et
322 815 413 842 futura
430 818 559 848 tanquam
576 814 722 848 praesentia
739 814 915 846 meditantes,
933 813 989 841 laeti

1041 219 1060 254 ἣ
1087 219 1186 254 λιμὸς,
1206 220 1226 253 ἢ
1241 219 1379 254 διωγμὸς,
1393 220 1412 254 ἢ
1426 220 1588 254 γυμνότης,
1600 219 1621 254 ἢ
1638 219 1795 253 κίνδυνος,
1814 221 1834 253 ἢ

1039 266 1190 300 μάχαιρα;
1205 266 1260 293 Καὶ
1274 266 1328 301 γὰρ
1340 267 1375 292 ἑν
1389 267 1504 299 τούτοις
1517 265 1615 293 πᾶσιν
1626 267 1835 301 ὑπερνικῶμεν

1041 312 1090 339 διὰ
1106 312 1158 340 τοῦ
1171 312 1387 347 ἀγαπήσαντος
1403 311 1493 346 ἡμᾶς.
1511 312 1604 343 Οὕτως
1618 312 1633 338 ὁ
1651 312 1690 347 μὴ
1708 320 1834 348 παρατε-

1041 357 1178 392 ταγμένος
1188 357 1238 384 οὐκ
1250 357 1407 391 ἀγωνιεῖται
1419 356 1491 392 ὑπὲρ
1502 355 1633 392 Χριστοῦ,
1647 357 1709 384 οὐδὲ
1719 357 1835 384 δύναται

1041 403 1205 438 Χριστιανὸς
1219 400 1302 430 εἶναι.

1077 449 1133 475 Οὐκ
1150 449 1211 484 εἰκῆ
1235 449 1260 475 ol
1280 448 1384 482 ἀγῶνες
1401 448 1456 475 τῶν
1475 447 1634 484 μαρτύρων,
1650 448 1685 475 τὰ
1701 446 1782 482 ἆθλα,
1804 450 1833 476 αἱ

1042 493 1170 528 βάσανοι;
1189 493 1226 529 μὴ
1239 494 1293 530 γὰρ
1305 494 1354 529 οὐχ
1367 494 1517 529 όμόσαρκοι
1534 494 1629 529 ήμῶνς
1642 494 1680 530 μὴ
1695 495 1745 521 οὐκ
1766 495 1833 521 ὲπό-

1042 547 1103 566 νουν
1130 540 1277 571 τοσαύταις
1298 539 1446 575 τιμωρίαις
1468 539 1696 574 ὑποδαλλόμενοι;
1726 541 1763 575 μὴ
1783 541 1834 567 οὐκ

1041 584 1225 620 ὲξηποροῦντο
1239 585 1285 612 καὶ
1305 585 1354 612 τοῦ
1378 586 1440 621 ζῇν,
1459 585 1497 617 ὥς
1520 593 1603 620 φησιν
1620 587 1634 613 ὁ
1653 586 1833 619 ’Δπόστολοςς

1042 630 1110 658 ἀλλὰ
1125 631 1164 666 τῷ
1179 632 1255 667 φόϐῳ
1267 630 1322 658 τῶν
1337 631 1455 658 αἰωνίων
1471 631 1621 663 κολάσεων,
1638 632 1686 658 καὶ
1702 631 1742 666 τῷ
1757 631 1835 666 πόοῳ

1041 677 1096 704 τῶν
1106 677 1240 712 οὐρανίων
1252 677 1386 712 ἀμοιὸὦν,
1395 677 1497 704 εἴλοντο
1513 677 1624 713 μᾶλλον,
1633 678 1672 709 ὡς
1684 677 1833 713 ἔμφρονες,

1042 723 1088 749 τὸν
1106 723 1155 758 τῆς
1171 725 1271 758 σαρκὸς
1285 723 1399 750 θάνατον
1409 743 1416 754 ,
1435 723 1506 758 ὑπὲρ
1518 724 1564 749 τὸν
1578 722 1687 749 αιὼνιον
1701 723 1834 758 ἤνεγκαν.

1042 766 1100 794 οὐκ
1113 767 1299 803 ὲπτοήθησαν·
1309 768 1340 794 οὐ
1353 768 1576 803 κατεπλάγησαν.
1594 768 1648 794 Καὶ
1657 768 1696 799 ὼς
1709 768 1836 803 παρόντα

1042 812 1076 839 τὰ
1095 813 1225 847 μέλλοντα
1241 814 1458 848 φανταζόμενοι,
1473 814 1545 848 χαρᾷ
1558 813 1680 848 ἐχώρουν
1699 813 1769 849 πρὸς
1783 814 1836 845 τὰς

195 866 224 888 et
247 860 351 887 alacres
375 860 408 887 ad
432 863 568 886 tormenta
592 859 752 895 pergebant,
780 860 903 886 muneris
928 859 987 886 loco

1044 857 1195 892 βασάνους·
1209 847 1314 892 δωρεὰς
1334 847 1449 894 ἡγοῦντο
1469 847 1517 889 τὰς
1531 847 1729 890 τιολυτταθεὶαςξ
1751 858 1836 893 Ἡμῖν

195 907 334 934 habebant
365 905 481 940 plurima
506 905 560 940 pati
590 905 698 931 :Nobis
721 905 790 932 enim
822 913 870 939 pro
889 904 992 932 Christo

195 955 325 978 donatum
342 954 379 977 est
395 958 447 977 non
463 949 547 976 solum
564 954 592 976 ut
610 950 637 976 in
652 958 710 976 eum
729 949 865 976 credamus
878 970 886 982 ,
902 951 947 976 sed
963 955 992 976 at

196 997 276 1023 etiam
299 1003 346 1031 pro
372 995 418 1022 illo
444 995 581 1030 patiamur
591 995 624 1022 ".
651 995 686 1022 Et
711 995 774 1022 alibi
807 1003 917 1022 rursum
934 1003 941 1022 :
958 994 992 1021 In

195 1042 278 1069 multo
306 1042 375 1068 enim
404 1041 580 1075 experimento
610 1040 790 1067 tribulationis
824 1040 990 1067 abundantia

194 1088 287 1124 gaudii
299 1088 417 1122 ipsorum
429 1087 479 1123 fuit
491 1086 523 1114 “.
536 1087 576 1114 lla
587 1086 752 1122 gaudebant,
765 1086 802 1113 ita
815 1086 988 1120 laetabantur,

194 1142 256 1162 cum
281 1141 331 1168 pro
349 1133 460 1161 Christo
483 1137 646 1168 paterentur
676 1132 764 1160 sancti
787 1140 894 1160 omnes.
918 1132 991 1160 Deli-

196 1179 295 1207 bemus
311 1183 339 1206 et
355 1186 416 1211 nos,
434 1177 618 1209 dilectissimi,
637 1177 800 1206 charitatem
818 1177 931 1210 Christi,
948 1179 990 1205 in-

194 1227 325 1254 cedamus
353 1233 401 1261 per
427 1229 587 1253 sanctorum
614 1225 728 1260 vestigia
753 1234 759 1252 :
784 1225 876 1252 saeculi
904 1225 987 1259 hujus

195 1272 312 1299 allectus
330 1278 427 1298 omnes
450 1270 612 1305 abjiciamus
628 1279 634 1297 :
653 1269 713 1297 Non
734 1270 859 1297 habemus
874 1271 915 1298 hic
932 1279 988 1298 ma-

196 1322 300 1344 nentem
323 1316 503 1343 ciuitatem".
529 1315 654 1350 Superna
678 1315 829 1343 Jerusalem
852 1316 939 1351 patria
962 1320 990 1343 et

195 1363 292 1391 civitas
308 1367 403 1389 nostra
415 1366 468 1393 est.
486 1369 503 1388 o
519 1361 570 1388 viri
589 1365 718 1395 potentes
731 1361 760 1388 in
777 1361 893 1396 Spiritu,
909 1369 926 1388 o
941 1361 989 1389 ﬁlii

197 1408 255 1439 Dei,
269 1415 326 1435 non
342 1407 417 1435 enim
433 1407 486 1434 mei
500 1407 546 1442 qui
562 1411 691 1442 peccator
707 1414 767 1433 sum
781 1407 788 1434 ι
805 1406 844 1434 Ne
859 1415 989 1442 procum-

195 1454 303 1486 bamus,
325 1453 447 1489 quamvis
464 1460 563 1480 omnes
584 1453 791 1486 subvertantur,
811 1454 884 1488 quod
906 1454 986 1481 absit.

196 1499 250 1535 Ipsi
275 1504 376 1532 autem,
401 1505 432 1526 ut
449 1499 526 1532 olim,
546 1507 561 1526 a
579 1499 636 1526 Deo
654 1499 823 1526 corroborati
842 1508 849 1526 :
866 1500 910 1526 vel
934 1500 983 1527 soli
998 1517 1019 1546 ε

195 1547 345 1572 etiamnum
361 1545 560 1580 depugnemus.
581 1543 642 1570 Stat
655 1551 671 1571 a
689 1543 768 1570 nobis
783 1543 865 1576 Deus,
882 1545 985 1571 sancti—

195 1597 248 1624 que
263 1596 359 1616 omnes
373 1589 419 1624 qui
435 1596 553 1624 unquam
570 1588 694 1616 luerunt.
713 1588 860 1616 Nobiscum
876 1589 985 1623 Oriens,

194 1636 339 1663 nobiseum
361 1635 495 1662 Occidens
512 1643 518 1661 :
537 1635 634 1670 exigua
659 1642 722 1669 pars
744 1640 786 1663 est
808 1643 870 1670 qua:
885 1636 919 1662 ab
935 1635 986 1663 Ec—

196 1681 280 1709 clesia
307 1681 435 1708 universa
457 1688 518 1708 sese
546 1681 665 1716 abrupit,
691 1685 719 1708 et
741 1681 877 1715 seiunxit,
904 1681 986 1716 idque

197 1730 280 1758 metu,
297 1731 324 1754 et
339 1730 451 1762 propter
468 1727 525 1753 haec
542 1726 711 1761 temporalia,
730 1731 842 1762 propter
855 1735 985 1755 carnem:

195 1780 277 1806 quam
293 1773 476 1807 postmodum,
489 1771 538 1798 nisi
557 1772 700 1799 veritatem
716 1772 900 1812 defendimus,
916 1780 988 1800 sem-

193 1818 311 1852 piternis
335 1818 446 1853 ignibus
470 1826 524 1844 una
549 1826 612 1845 cum
637 1819 727 1845 anima
753 1819 811 1853 ipsa
834 1819 985 1846 trademus.

195 1863 391 1896 Exerceamur,
409 1867 479 1895 esto,
504 1867 532 1890 et
549 1862 727 1897 ﬂagellemur,
743 1871 832 1898 neque
843 1865 870 1891 id
891 1865 986 1896 semel,

194 1909 242 1936 sed
267 1908 387 1943 saepius:
405 1909 525 1943 denique
548 1909 711 1936 moriamur.
737 1910 834 1937 Nonne
849 1915 911 1945 post
930 1911 988 1938 hmc

195 1954 322 1990 gaudium
340 1954 393 1981 erit
411 1954 562 1986 ineilabile,
577 1962 628 1982 nos
643 1956 776 1983 crnlorum
791 1964 905 1992 regnum
920 1964 988 1984 con-

194 2001 283 2035 sequi,
307 2005 336 2028 et
357 2001 473 2036 gloriam
499 2001 562 2028 inde
590 2000 692 2028 referre
718 2002 912 2036 immortalem,
932 2009 987 2029 non

194 2052 290 2073 contra
307 2047 340 2073 iis
355 2055 416 2081 qua:
432 2047 487 2074 dixi
505 2047 608 2079 vitatis,
628 2052 776 2083 propterea
797 2048 904 2076 irrideri
924 2056 988 2084 per-

193 2097 288 2127 petuo,
305 2097 332 2119 et
344 2092 523 2128 ignominiam
539 2093 744 2120 interminatam
760 2094 919 2121 sustinere?
931 2094 988 2122 Uti-

192 2146 246 2173 que
268 2146 317 2166 vos
331 2147 390 2171 oro,
418 2139 493 2166 ﬁlioli
516 2139 582 2170 mei,
605 2147 674 2174 quos
699 2141 781 2175 genui
807 2140 834 2167 in
859 2139 985 2173 Domino,

1043 904 1098 939 γὰρ
1111 903 1259 939 ἐχαρίσθη
1273 903 1350 938 ὑπὲρ
1365 904 1495 938 Χριστοῦ
1511 905 1548 931 οὐ
1562 904 1658 938 μόνον
1674 904 1708 931 τὸ
1722 905 1766 937 εις
1782 906 1835 932 ab.

1042 950 1097 977 τὸν
1110 951 1275 983 πιστεύειν,
1290 950 1371 978 ἀλλὰ
1386 950 1479 977 καὶτὸ
1493 950 1569 984 ὑπὲρ
1582 950 1676 977 αὐτοῦ
1690 950 1834 985 πάσχειν.

1043 996 1100 1023 Καὶ
1115 994 1193 1028 αὖθις
1217 995 1351 1032 έτέρωθι’
1369 995 1418 1023 Ἐν
1431 996 1487 1031 γὰρ
1512 995 1615 1030 πολλῆ
1637 996 1745 1031 δοκιμῇ
1769 998 1835 1023 6.ιί-

1042 1043 1122 1076 ψιεως
1138 1042 1158 1075 ἡ
1174 1042 1333 1076 περισσεία
1345 1042 1400 1076 τῆς
1417 1041 1512 1076 χαρᾶς
1526 1041 1636 1068 αὐτῶν.
1648 1041 1741 1073 οὕτως
1758 1042 1836 1076 ἔχαι-

1042 1097 1107 1124 ρον,
1137 1087 1224 1120 οὕτως
1256 1087 1406 1122 ἠγάλλοντο
1436 1087 1506 1123 ὑπὲρ
1533 1086 1651 1122 Χριστοῦ
1683 1080 1837 1121 1ιἰιάσχονιιτες

1042 1134 1146 1165 πάντες
1160 1134 1184 1160 ol
1204 1133 1288 1168 ἅγιοι.
1307 1132 1476 1168 Γευσώμεθα
1491 1133 1541 1160 καὶ
1563 1133 1654 1168 ἡμεῖς,
1677 1133 1835 1166 ἀγαπητοὶ,

1040 1179 1090 1213 τῆς
1112 1178 1223 1213 ἀγάπης
1246 1178 1385 1214 Χριστοῦ·
1411 1179 1646 1214 περιπατήσωμεν
1675 1179 1704 1204 ὲν
1730 1178 1834 1213 ἴχνεσιν

1041 1225 1143 1258 ἁγίων·
1174 1225 1303 1260 ρήξωμεν
1339 1224 1390 1257 τὰς
1429 1225 1621 1260 προσπαθείας
1650 1224 1697 1251 τοῦ
1734 1224 1836 1256 αἰῶνος

1040 1271 1148 1297 τούτου.
1169 1271 1229 1297 οὐκ
1249 1271 1360 1305 ἔχομεν
1374 1267 1433 1297 ὧδε
1445 1270 1604 1304 μένουσαν
1620 1270 1729 1296 πόλιν·
1744 1270 1761 1305 ή
1777 1269 1836 1296 ἄνω

1047 1315 1225 1352 Ἰερουσαλὴμ
1242 1317 1344 1351 πατρὶς
1363 1316 1410 1343 καὶ
1429 1315 1506 1347 πόλις
1522 1315 1619 1350 ἡμῶν·
1638 1312 1660 1342 ὦ
1673 1315 1769 1351 ἄνδρες
1788 1316 1836 1342 δυ·-

1040 1362 1116 1390 νατοὶ
1128 1363 1156 1388 ὲν
1172 1362 1323 1395 Πνεῦμα-τι,
1337 1359 1359 1388 ὧ
1378 1361 1462 1388 τέκνα
1485 1362 1570 1388 Θεοῦο
1587 1363 1617 1388 οὐ
1636 1363 1691 1397 γὰρ
1703 1361 1771 1397 ἐμοῦ
1787 1360 1836 1388 τοῦ

1040 1407 1219 1443 ἀμαρτωλοῦι
1246 1407 1291 1442 Μὴ
1314 1407 1486 1442 ὀκλάσωμεν,
1502 1407 1555 1434 κᾶν
1569 1407 1670 1439 πάντες
1684 1409 1816 1442 τραποίεν
1826 1415 1834 1422 ·

1040 1453 1109 1487 ὅπερ
1127 1452 1164 1487 μὴ
1185 1451 1302 1486 γένοιτο.
1324 1451 1394 1478 Ἀλλ’
1412 1451 1493 1486 ἡμεῖς
1520 1452 1558 1483 ὡς
1582 1452 1667 1478 πάλαι
1692 1452 1745 1478 ὑπὸ
1764 1452 1835 1478 Θεοῦ

1040 1499 1256 1534 δυναμωοέντες,
1286 1498 1333 1525 καὶ
1361 1498 1395 1525 τὰ
1422 1498 1470 1525 νῦν
1498 1499 1744 1534 μονομαχήσωμεν.
1764 1499 1834 1525 Μεθ’

1038 1543 1119 1579 ἡμῶν
1146 1545 1160 1570 ὁ
1186 1544 1270 1573 Θεύς·
1286 1543 1387 1575 πάντες
1412 1544 1436 1570 οἱ
1459 1544 1508 1570 ἀπ’
1533 1544 1632 1575 αἰῶνος
1653 1544 1744 1578 ἅγιοι·
1772 1539 1836 1579 μεθ’

1037 1589 1116 1624 ἡμῶν
1136 1588 1267 1624 Ἀνατολὴ
1282 1589 1330 1615 καὶ
1344 1589 1440 1620 Λύσις·
1463 1588 1550 1624 μικρὰ
1577 1589 1685 1624 μερὶςὴ
1711 1589 1837 1624 ἀπορρἡ

1038 1636 1108 1669 ξασα
1123 1635 1223 1669 ἑαυτὴν
1237 1635 1292 1661 ἀπὸ
1305 1635 1355 1669 τῆς
1379 1634 1424 1661 ὑπ’
1447 1634 1562 1669 οὐρανὸν
1581 1634 1762 1669 Ἐκκλησιας·
1785 1635 1835 1661 καὶ

1038 1681 1119 1707 τοῦτο
1131 1680 1175 1706 διὰ
1193 1680 1278 1714 φόϐον
1288 1687 1295 1694 ·
1310 1679 1357 1706 διὰ
1371 1679 1406 1706 τὰ
1421 1681 1578 1715 πρόσκαιρα
1588 1687 1594 1694 ·
1608 1679 1652 1707 διὰ
1667 1681 1716 1716 τὴν
1732 1680 1835 1715 σάρκα·

1038 1727 1073 1763 ἢν
1097 1727 1195 1762 μικρὸν
1219 1726 1334 1761 ὕστερον
1357 1725 1558 1761 παραδώσομεν
1575 1726 1615 1761 τῷ
1631 1726 1734 1762 αἰωνίῳ
1764 1727 1834 1761 πυρὶ

1040 1773 1089 1800 σὺν
1110 1773 1143 1808 τῇ
1167 1772 1258 1807 ψυχῇ,
1285 1772 1309 1799 ei
1330 1772 1367 1807 μὴ
1391 1772 1587 1807 ἀντισχώμεθα
1612 1773 1662 1808 τῆς
1691 1773 1835 1807 ἀληθείας.

1041 1819 1142 1851 Ἔστω,
1165 1819 1213 1845 καὶ
1239 1818 1451 1854 πειρασθῶμενσ
1482 1819 1530 1846 καὶ
1558 1819 1768 1855 μαστιχθῶμεν·
1785 1820 1835 1846 καὶ

1038 1864 1119 1891 τοῦτο
1143 1864 1289 1896 πολλάκις’
1305 1865 1391 1898 τέλος,
1412 1865 1461 1892 καὶ
1483 1866 1674 1901 ἀποθάνωμεν.
1693 1864 1759 1892 Εἶτα
1781 1867 1834 1894 οὐκ

1038 1910 1098 1936 ἔστι
1122 1910 1195 1946 χαρὰ
1217 1910 1400 1943 ἀνεκλάλητος
1427 1912 1568 1946 ἐπιτυχεῖν
1593 1913 1667 1947 ἡμᾶς
1693 1912 1836 1947 βασιλείας

1039 1956 1162 1992 οὐρανῶν
1173 1965 1180 1972 ·
1196 1956 1346 1984 κάντεῦθεν
1363 1957 1570 1992 ἀπενέγκασθαι
1587 1958 1666 1990 κλέος
1685 1959 1831 1988 ἀθάνατον·

1039 2003 1056 2038 ἢ
1071 2002 1226 2029 τούναντίον
1243 2003 1381 2037 φυγόντας
1405 2003 1440 2030 τὰ
1459 2004 1658 2039 προειρημένα.
1684 2005 1835 2032 κάντεῦθεν

1040 2048 1243 2083 κωμῳδηθῆναι
1269 2048 1350 2084 μέχρι
1371 2048 1484 2080 τέλους·
1504 2049 1552 2076 καὶ
1573 2049 1705 2084 αἰσχύνην
1720 2050 1834 2078 ὕποῖσαι

1039 2093 1237 2128 ἁτελεύτητον;
1254 2094 1433 2130 Nzt,6éopat,
1449 2095 1543 2122 τεκνία
1560 2101 1621 2130 μου.
1639 2095 1686 2128 οὓς
1698 2096 1833 2131 ἐγέννησα

1041 2142 1069 2167 ἐν
1089 2141 1199 2177 Κυρίῳ·
1212 2140 1259 2172 οὓς
1272 2141 1375 2176 ηὔξησε
1389 2142 1508 2177 Χριστὸς
1521 2143 1550 2168 ὲν
1566 2142 1658 2174 πόνοις
1673 2144 1721 2169 καὶ
1736 2143 1833 2175 κόποις

191 2185 293 2219 quibus
307 2184 507 2212 incrementum
528 2185 603 2212 dedit
615 2185 743 2212 Christus
760 2194 766 2212 :
783 2193 831 2220 per
847 2193 986 2213 aerumnas

1040 2187 1070 2213 οὗ
1105 2187 1185 2222 μόνον
1217 2187 1388 2222 ἁσκητικοῖς.
1413 2188 1482 2214 ἀλλὰ
1507 2188 1561 2222 γὰρ
1588 2188 1635 2214 καὶ
1661 2188 1830 2222 ἀθλητικοῖς.

191 2236 219 2257 et
236 2231 344 2258 labores
359 2238 416 2257 non
434 2231 521 2258 solum
536 2231 678 2264 asceticos,
693 2239 787 2259 verum
801 2231 882 2258 etiam
899 2232 985 2259 athle-

191 2277 272 2304 ticos.
301 2277 413 2312 Implete
438 2277 565 2312 gaudium
593 2285 690 2309 meum,
718 2282 746 2303 ut
773 2277 842 2304 idem
863 2278 984 2310 sapiatis,

191 2323 311 2349 eamdem
342 2323 499 2349 charitatem
526 2323 664 2354 habentes,
692 2324 840 2355 unanimes,
869 2324 984 2358 idipsum

191 2369 332 2395 sentientes
345 2375 354 2395 .'
368 2368 432 2395 nihil
445 2377 491 2403 per
505 2369 709 2401 contentionem,
725 2377 806 2404 neque
821 2377 867 2403 per
879 2370 984 2396 inanem

192 2414 316 2449 gloriam,
333 2414 378 2440 sed
393 2414 553 2447 humilitate,
576 2415 721 2449 superiores
741 2415 789 2442 sibi
812 2415 920 2442 invicem
939 2424 985 2442 ar-

192 2461 320 2487 bitrantes
332 2460 365 2487 “.
384 2460 541 2495 Apostolica
554 2461 612 2488 liter:
624 2463 727 2488 monita
742 2470 748 2488 :
766 2461 829 2489 licet
845 2469 860 2488 a
879 2469 922 2489 me
935 2462 983 2488 mi-

192 2515 255 2534 sero
280 2508 307 2534 in
330 2507 491 2534 memoriam
516 2507 691 2534 reducantur.
716 2507 798 2534 Orate
817 2512 845 2534 et
862 2515 912 2542 pro
929 2515 984 2538 me,

192 2554 317 2586 obsecro,
335 2559 364 2581 ut
378 2554 458 2581 detur
474 2554 541 2581 mihi
560 2553 704 2584 fortitudo,
719 2553 813 2585 robur,
831 2561 921 2581 sermo
936 2561 985 2588 per

192 2607 250 2631 vos,
268 2600 394 2634 quamvis
407 2600 498 2628 divina
517 2599 603 2634 gratia
629 2599 760 2633 indiguus
780 2598 830 2625 sim
849 2608 855 2625 :
873 2603 902 2625 ut
916 2607 983 2626 una-

192 2646 303 2673 nimiter
322 2646 349 2672 in
364 2654 418 2673 uno
436 2646 534 2680 spiritu
555 2644 722 2680 gloriﬁcetur
737 2644 809 2671 Deus
824 2644 851 2670 in
869 2652 984 2678 corpore

192 2696 219 2718 et
229 2691 326 2726 spiritu
339 2697 444 2719 nostro.
460 2691 535 2718 Mitte
546 2691 578 2717 ad
591 2690 830 2725 archiepiscopum
845 2691 983 2725 egregium

194 2737 364 2773 Dionysium.
386 2737 479 2765 Saluta
498 2736 609 2764 Petrum
629 2736 764 2768 abbatem,
787 2736 920 2771 lgnatiutu
936 2738 984 2764 ab-

1036 2233 1220 2267 Πληρώσατέ
1243 2243 1299 2268 μου
1325 2233 1383 2267 τὴν
1405 2234 1518 2268 χαράν·
1538 2235 1589 2260 ἵνα
1611 2234 1643 2261 τὸ
1664 2235 1738 2261 αὐτὸ
1757 2244 1832 2270 ερρυ-

1037 2279 1110 2313 νῆτε
1119 2286 1127 2294 ·
1142 2280 1200 2313 τὴν
1209 2279 1307 2314 αὐτὴν
1318 2279 1440 2315 ἀγάπην
1451 2281 1575 2315 ἔχοντες
1586 2289 1592 2296 ·
1608 2281 1764 2315 σύμψυχοι
1773 2290 1780 2296 ·
1797 2281 1832 2308 τὸ

1036 2326 1072 2352 ἓν
1090 2326 1291 2361 φρονοῦντες⁸
1306 2326 1405 2361 μηδὲν
1430 2327 1494 2354 κατ’
1517 2327 1646 2361 ἐρίθειαν
1665 2327 1685 2361 ἣ
1707 2329 1832 2354 κενοδο-

1038 2372 1125 2404 ξίαν·
1167 2373 1249 2400 ἀλλὰ
1280 2372 1317 2407 τῇ
1351 2374 1615 2408 ταπεινοφροσύνῃ
1636 2379 1644 2387 ·
1670 2373 1831 2407 ἀλλήλους

1037 2419 1199 2454 ἡγούμενοι
1214 2418 1417 2453 ὑπερέχοντας
1443 2419 1567 2447 ἑαυτῶν.
1596 2419 1776 2446 ’Ᾱποστολικὰ
1795 2420 1831 2446 τὰ

1038 2465 1256 2500 παραγγέλματα
1267 2472 1273 2480 ·
1289 2464 1340 2491 κᾶν
1351 2465 1415 2500 παρ’
1431 2466 1499 2500 ἐμοῦ
1513 2465 1560 2492 τοῦ
1574 2466 1746 2502 ταλαιπώρου
1763 2467 1831 2493 ὑπο-

1038 2510 1259 2545 μιμνησκόμενα.
1283 2510 1471 2545 Προσεύχεσθε
1485 2511 1533 2538 καὶ
1553 2512 1617 2546 περὶ
1635 2512 1714 2546 ἐμοῦ,
1735 2520 1828 2547 παρα-

1037 2555 1125 2582 καλῶ·
1139 2555 1183 2582 ἵνα
1194 2564 1238 2590 μοι
1250 2555 1314 2590 δοοῇ
1328 2556 1413 2590 ἰσχὺς,
1425 2557 1533 2592 κράτος,
1544 2556 1623 2590 λόγος
1630 2557 1662 2583 δι’
1673 2557 1747 2592 ὑμᾶς
1756 2565 1764 2572 ⁵
1776 2558 1829 2585 κᾶν

1037 2599 1093 2634 ἐγὼ
1111 2600 1219 2632 ἀνάξιος
1233 2599 1308 2632 θείας
1327 2600 1438 2636 χάριτος
1449 2610 1456 2616 ·
1476 2601 1549 2632 ὅπως
1563 2601 1735 2636 ὁμοθυμαδὸν
1744 2602 1774 2628 ὲν
1788 2603 1829 2629 ἑνὶ

1038 2645 1174 2679 πνεύματι
1191 2643 1307 2681 δοξασθῇ
1328 2646 1342 2671 ὁ
1359 2646 1425 2676 Θεὸς
1441 2647 1470 2672 ἐν
1491 2646 1530 2681 τῷ
1546 2645 1652 2681 σώματι
1670 2648 1718 2674 καὶ
1739 2649 1770 2674 ὲν
1789 2647 1828 2683 τῷ

1038 2691 1175 2726 πνεύματι
1195 2691 1285 2726 ἡμῶν.
1308 2692 1416 2718 Στεῖλον
1429 2693 1468 2724 είς
1485 2692 1531 2719 τὸν
1544 2694 1761 2728 ἀρχιεπέσκοπον
1782 2695 1828 2721 te.

1038 2737 1118 2764 καλὸν
1133 2737 1280 2764 Διονύσιον.
1298 2738 1525 2774 Προσαγόρευσον
1540 2739 1584 2766 τδν
1604 2740 1691 2766 ἀΰὸίῖν
1706 2740 1809 2776 Πέτρον
1820 2750 1827 2757 ο

226 2797 292 2838 ‘1":
303 2796 381 2824 Rom.
399 2796 559 2829 vut,35,36.
587 2795 610 2811 ⁶¹
623 2795 643 2822 Il
659 2794 723 2822 Cor.
742 2803 762 2828 t,
779 2796 805 2823 8.
836 2796 858 2811 "
878 2795 975 2831 Philip.
991 2797 1014 2828 ι,
1026 2796 1070 2825 29.
1101 2797 1123 2812 “
1138 2795 1232 2824 llCor.
1246 2796 1341 2829 γυψὶ.
1373 2797 1394 2813 ⁸⁵
1409 2797 1491 2826 Hebr.
1513 2806 1572 2831 stu,
1590 2799 1630 2826 lti.
1670 2799 1692 2815 “
1706 2799 1827 2838 Philipp.

193 2838 224 2863 ιι,
236 2830 264 2864 ‘2,
278 2831 304 2858 5.
