1926 3078
79 135 147 167 1145

677 130 951 161 EPISTOLARUM
981 130 1056 160 LIB.
1075 130 1117 160 II.

1647 131 1718 164 1146

74 192 120 218 τὸν
141 189 233 217 ἀϐΰᾶν
253 187 401 223 Ἰγνάτιον·
425 187 473 214 καὶ
495 187 542 214 τὸν
568 185 657 214 ἀσόἇν
682 186 799 220 Τιθόην’
824 185 871 212 καὶ

928 186 1026 217 hatem,
1045 189 1072 212 et
1094 184 1212 212 Tithoen
1234 185 1372 217 abbatem,
1390 190 1417 213 et
1436 186 1552 214 ostende
1573 186 1627 214 illis
1648 188 1719 216 hanc

74 237 215 270 ὑπόδειξον
235 236 328 266 αὐτοῖς
353 235 385 261 τὸ
411 234 540 269 γράμμα.
560 233 622 260 Ἔτι
646 232 793 268 ἐτοιμάζου
819 231 869 257 σὺν

73 283 126 314 τοῖς
148 282 256 312 λοιποῖς
273 301 280 311 ,
306 280 354 307 καὶ
377 280 497 315 μάλιστα.
513 280 571 310 τοῖς
587 278 848 314 προγεγραμμένοις
861 285 868 292 ·

73 329 112 354 ὅτι
143 327 200 354 τῶν
231 326 348 361 ἐγγύθεν
377 326 457 361 ἡμῶν
480 324 695 359 ὁλισθησάντων,
720 324 771 350 οὐκ
795 323 870 363 ἐστιν

73 375 147 409 ἡμᾶς
165 373 174 410 ι
187 373 254 408 Reg.
270 373 334 400 cod.
352 371 444 407 ὑμᾶς]
459 371 575 405 ὲαθῆναι
591 369 637 397 ὑπ’
653 369 743 396 αὐτῶν
758 369 871 396 ἐκείνων

74 419 345 453 ὲνδιιὸαλλομένους.
361 418 424 452 Δοίη
449 417 479 443 δὲ
502 415 609 452 Κύριος
634 415 740 446 σθένος,
758 414 872 449 κράτος,

75 465 145 497 νοῦν,
171 464 325 498 ὀφθαλμὸν,
355 463 476 496 σύνεσιν,
503 462 558 489 πᾶν
587 460 681 488 ὁτιοῦν
710 460 741 487 εὖ
766 459 872 495 πρᾶξαι

75 511 146 545 ὑμᾶς
168 510 210 541 εἰς
229 510 341 536 Επαίνον
363 508 411 535 καὶ
434 508 514 541 δόξαν
529 506 667 542 Χριστοῦ*
683 506 723 537 εἰς
739 505 873 540 καύχημα

75 557 140 592 ἐμόν
151 564 158 570 ·
176 557 217 588 είς
244 556 324 587 κλέος
341 555 418 590 ὑμῶν
431 553 552 581 αἰώνιον.
569 551 828 588 Προσαγορεύουσιν
847 551 873 577 oi

76 602 201 634 συνόντες
229 610 276 636 μοι
302 600 486 636 ἀμφοτέρους.
508 599 537 626 '0
560 597 678 634 Χριστὸς
701 596 762 632 μεθ’
782 596 871 631 ὑμῶν.

81 647 180 682 1λιμήν.

333 713 387 739 IA’.
403 725 438 731 —
457 708 500 743 Τῷ
513 708 604 742 αὐτῷ.
619 707 709 745 [ρνδ¹

922 230 1077 265 epistolam.
1100 230 1187 258 Porro
1208 231 1362 267 accingere,
1388 237 1416 260 et
1440 237 1552 267 paratus
1572 237 1633 260 esto
1656 241 1718 260 cum

923 277 1042 310 caneris,
1063 281 1092 305 et
1104 285 1166 304 cum
1182 277 1216 305 iis
1232 277 1350 304 maxime
1364 285 1434 312 quos
1448 278 1546 313 scripsi
1560 285 1569 306 :
1585 279 1715 313 quoniam

923 331 985 350 cum
1003 323 1071 358 lapsi
1093 323 1149 350 sint
1166 323 1212 358 qui
1235 324 1315 350 nobis
1332 324 1414 351 vicini
1437 329 1526 357 erant,
1544 325 1602 352 ﬁeri
1624 326 1720 361 nequit

923 374 955 397 ut
968 370 1156 405 relinquamnr
1179 370 1214 397 ab
1233 370 1286 397 illis
1299 370 1365 405 ipsis
1378 370 1472 398 delati.
1495 370 1546 398 Det
1559 376 1649 399 autem
1666 373 1720 399 Do-

925 415 1018 443 minus
1031 416 1109 443 vobis
1120 417 1202 448 vires,
1215 417 1308 449 robur,
1325 416 1506 449 intellectum,
1521 417 1643 449 oculum,
1656 425 1722 452 pru-

925 462 1058 494 dentiam,
1073 463 1165 490 omnia
1180 467 1255 490 recte
1269 470 1350 498 agere
1365 462 1393 489 in
1414 463 1547 490 honorem
1561 467 1589 490 et
1607 463 1720 498 gloriam

924 507 1038 540 Christi,
1060 508 1094 535 ad
1111 508 1220 536 laudem
1240 516 1329 536 meam
1351 512 1380 536 et
1394 508 1586 544 gloriationem
1602 513 1720 536 vestram

923 555 1132 589 sempiternam.
1158 555 1284 582 Salutant
1298 555 1345 590 qui
1362 563 1471 582 mccum
1491 560 1557 583 sunt
1578 560 1720 590 utrosque.

923 599 1053 627 Christus
1068 601 1220 628 vobiscum.
1238 602 1335 628 Amen.

1217 711 1265 740 XI.
1279 728 1315 732 —
1333 711 1438 741 Eidem.

408 770 446 795 De
459 768 617 800 quibusdam,
629 767 673 799 qui
690 767 753 799 lapsi
769 767 851 796 erant,
868 766 1029 798 recipiendis.
1053 768 1152 798 (Baron.
1167 775 1206 794 an.
1227 770 1283 799 816,
1302 770 1392 802 n.16.)

108 826 193 862 Παρά
204 825 374 862 προσδοκίαν
392 821 463 851 εἶδον
477 823 514 850 τὰ
530 822 684 858 γράμματά
701 829 761 854 σου,
776 820 872 847 τέκνον

959 819 1064 849 Praeter
1080 824 1326 859 exspectationem,
1350 824 1450 852 dilecte
1471 824 1520 858 fili,
1538 825 1642 854 litteras
1661 831 1721 854 tua:

78 873 267 908 ἠγαπημένον,
293 871 342 898 καὶ
365 870 429 902 τοὺς
455 868 604 904 ἀδελφούς·
618 868 650 894 οὺ
665 867 730 902 γὰρ,
747 867 785 898 ὡς
804 874 873 901 προ-

78 919 204 954 έγραψα.
223 918 343 952 ἐπέσχες
363 916 446 952 μέχρι
470 913 673 949 Σεπτεμϐρίου.
700 913 771 939 Ἀλλ’
797 912 874 946 ὅμως

79 965 254 1000 ἁπεδεξάμην
273 972 319 990 σου
339 963 371 989 τὸ
394 961 549 998 πρόθυμον,
567 960 600 987 τὺ
614 960 666 987 οὒκ
688 958 804 986 ἀνεκτὸν
824 958 874 992 τῆς

78 1012 206 1046 ἀγάπης,
234 1009 265 1036 τὸ
287 1008 422 1044 διάπυρον
448 1006 497 1033 τοῦ
520 1006 625 1039 πόθου,
650 1005 681 1032 τὸ
702 1005 766 1040 περὶ
785 1003 875 1030 πάντα

80 1057 218 1092 φιλόθεον·
235 1054 384 1090 προσθείην
399 1048 421 1080 δ’
437 1052 472 1080 ἂν
492 1053 541 1079 καὶ
556 1051 749 1087 φιλοπάτριον.
769 1050 805 1076 Σύ
821 1057 873 1083 μου

79 1103 152 1139 χαρὰ
165 1102 216 1129 ml.
231 1100 410 1137 παραμύθιον
423 1107 430 1115 ·
458 1098 492 1125 σύ
520 1107 571 1133 μου
591 1099 620 1125 ἐν
646 1097 741 1132 Κυρίῳ
759 1097 788 1122 ὲν
806 1096 874 1122 πᾶσι

79 1151 132 1181 τοῖς
152 1148 287 1179 κινδύνοις
304 1147 352 1174 καὶ
368 1145 492 1181 θλίψεσιν
507 1145 631 1180 ἓδρασμα
642 1164 649 1177 ,
665 1144 714 1170 καὶ
737 1142 874 1177 στέφανος

80 1197 262 1232 καυχήσεως,
279 1194 350 1230 μετά
373 1194 484 1220 πάντων
501 1192 555 1218 τῶν
577 1190 720 1218 συνάθλων
741 1198 806 1216 σοιν
826 1188 875 1216 καὶ

79 1244 131 1279 πρὸ
146 1243 258 1269 πάντων
275 1238 402 1274 ἀδελφῶν
416 1239 497 1274 ἡμῶν
520 1238 549 1264 ὲν
565 1235 678 1273 Χριστῷ
700 1235 788 1271 Ἰησοῦ
799 1255 807 1268 ,
827 1235 876 1262 καὶ

77 1290 193 1316 τέκνων.
211 1287 258 1314 Διὸ
275 1287 323 1313 καὶ
343 1285 444 1320 χαίρω,
464 1283 586 1318 εὐλογῶν
607 1282 654 1309 τὸν
671 1281 739 1308 Θεὸν
753 1280 800 1307 τοῦ
817 1281 875 1307 Πα-

77 1335 142 1370 τρός
162 1342 213 1368 μου
224 1341 232 1348 ·
254 1333 297 1359 ὅτι
309 1330 412 1366 ὑγιὰζῃ
428 1330 501 1365 ψυχῇ
519 1329 568 1356 καὶ
583 1327 706 1363 σώματι·
723 1326 811 1358 οὕτως
823 1326 876 1353 ὑπὸ

78 1379 146 1406 Θεοῦ
161 1375 389 1412 οἱκονομηθέντος
404 1372 475 1401 εἶναι
491 1382 520 1400 σε
540 1374 641 1408 ἄφετον
654 1373 686 1399 ἐκ
697 1371 818 1406 δεσμῶν”
831 1371 875 1398 ῐνα

77 1426 142 1456 τοὺς
164 1426 195 1450 ὲν
212 1423 323 1457 δεσμοῖς
345 1421 461 1456 ἀλείφῃς
474 1440 481 1452 ,
498 1420 562 1451 τοὺς
578 1418 735 1453 ἀφεμένους
758 1417 876 1444 συνδέων

79 1470 280 1506 ἐπιστηρίζοις.
299 1470 332 1495 Ὃ
350 1468 398 1494 καὶ
414 1468 505 1498 ποιεῖς
518 1466 611 1501 χάριτι
624 1464 744 1501 Χριστοῦ
755 1483 763 1495 ,
784 1471 875 1498 παρα-

79 1517 183 1549 καλῶν,
201 1514 348 1546 νουθετῶν,
366 1512 617 1549 παραμυθούμενος
633 1512 681 1537 ἕνα
696 1511 822 1537 ἕκαστον.
832 1510 874 1541 Ὠς

79 1562 188 1598 ἀληθῶς
202 1561 269 1588 Θεοῦ
289 1561 443 1595 οἰκονόμος.
465 1559 568 1593 Δέομαι
593 1556 640 1583 οὖν
658 1556 724 1583 αὐτὸ
737 1555 818 1582 τοῦτο
838 1555 876 1591 μὴ

79 1609 212 1636 ὲκκακεῖν
235 1606 403 1643 ἐργάζεσθαί
433 1614 463 1632 σε
493 1605 532 1637 είς
561 1604 640 1636 δόξαν
668 1602 807 1639 Χριστοῦ,
837 1602 877 1633 είς

80 1655 261 1691 περιποίησιν
288 1654 425 1689 σωτηρίας
447 1661 512 1686 σου,
536 1653 576 1684 εἰς
602 1650 737 1686 καύχημα
757 1650 820 1685 ἐμοὶ
837 1648 877 1684 τῷ

80 1701 251 1737 ἡπορτιμένῳ
264 1701 292 1726 ὲν
308 1699 439 1726 παντιοῦν
456 1698 561 1733 ἀγαθῷ.
587 1698 672 1734 Πλὴν,
698 1697 796 1731 arma
809 1716 817 1728 ,
836 1697 877 1723 ὄτι

80 1748 131 1774 οὐκ
149 1748 189 1778 εἰς
205 1746 284 1773 κενὸν
296 1745 452 1781 ὲδράμομεν
468 1745 515 1771 καὶ
529 1743 666 1779 τρέχομεν
682 1743 766 1769 πάλαι
785 1751 815 1768 τε
829 1743 877 1769 καὶ

81 1793 146 1819 νῦν·
171 1792 226 1818 οὐδ’
251 1793 292 1822 εἰς
316 1791 396 1817 κενὴν
422 1789 579 1825 κοπιῶμενο
599 1789 671 1824 ὑπὲρ
686 1788 805 1824 Χριστοῦ
823 1789 878 1823 γὰρ

82 1839 130 1865 καὶ.
146 1838 193 1864 διὰ
213 1836 331 1872 Χριστὸν
346 1836 418 1871 ὑπὲρ
432 1832 462 1861 οὗ
479 1835 510 1862 τὸ
530 1835 660 1869 πάσχειν,
677 1834 788 1869 πάσχα·
806 1834 879 1869 ὑπὲρ

81 1881 112 1910 οῦ
122 1885 155 1910 τὺ
168 1882 327 1914 λυπεῖσθαι,
337 1882 421 1917 χαρά.
430 1881 521 1915 Εἵπερ
535 1880 772 1915 συμπάσχομεν,
783 1880 878 1915 φησιν,

81 1931 132 1958 ἶνα
147 1930 197 1956 καὶ
213 1928 482 1962 συνδοξασθῶμεν.
498 1926 653 1961 Λογίζομαι
676 1927 732 1960 γὰρ
755 1926 800 1952 ὅτι
822 1926 878 1952 οὐκ

81 1977 152 2009 ἀξια
179 1976 216 2002 τὰ
240 1974 401 2008 παθήματα
430 1973 484 1999 τοῦ
510 1973 568 1999 νῦν
592 1971 697 2006 καιροῦ
720 1971 795 2005 πρὸς
821 1969 880 2003 τὴν

80 2022 263 2057 μέλλουσαν
296 2019 392 2051 δόξαν
423 2017 679 2052 ἀποκαλυφθῆναι
711 2019 756 2052 εὶς
788 2016 878 2052 ἡμᾶς.

82 2068 139 2094 Καὶ
159 2065 286 2096 εἰκότως.
315 2064 349 2091 Ἦ
364 2064 420 2100 γὰρ
436 2063 554 2090 ἐνταῦθα
572 2062 714 2098 σύνθλιψις
726 2083 734 2095 ,
750 2063 879 2089 ὁποιαοῦν

83 2113 204 2148 σκιώδης
217 2112 266 2139 καὶ
278 2111 425 2147 ὀνειρώδης
438 2118 445 2126 ·
461 2110 477 2146 ἡ
491 2111 521 2137 δὲ
534 2111 623 2136 ἐκεῖσε
635 2109 810 2145 ἀντάμειψις,
823 2109 879 2145 ζωὴ

889 1490 910 1519 C

926 872 955 895 et
970 867 1070 896 fratres
1083 869 1150 897 vidi.
1172 869 1233 896 Non
1246 871 1329 902 enim,
1344 875 1374 898 ut
1387 875 1465 898 antea
1478 872 1654 907 scripseram,
1672 881 1721 900 us-

926 922 981 949 que
997 915 1031 942 ad
1052 916 1244 951 Septembrem
1264 917 1406 944 distulisti.
1422 917 1560 945 Caeterum
1579 919 1722 954 amplexus

925 968 987 988 sum
1009 961 1177 990 alacritatem
1202 967 1286 996 tuam,
1307 964 1470 991 charitatem
1485 972 1540 992 non
1567 965 1721 998 remissam,

925 1007 1026 1034 ardens
1054 1007 1243 1041 desiderium,
1282 1009 1309 1036 in
1337 1010 1466 1037 omnibus
1491 1010 1621 1045 pietatem
1657 1019 1721 1047 erga

925 1052 1024 1085 Deum,
1045 1053 1199 1082 addiderim
1213 1055 1296 1083 etiam
1316 1063 1378 1091 erga
1396 1061 1515 1091 patrem.
1530 1056 1571 1084 Tu
1587 1057 1678 1084 laetitia
1694 1062 1722 1085 et

925 1099 1079 1126 consolatio
1094 1107 1154 1127 mea
1172 1109 1178 1127 :
1201 1105 1230 1128 tu
1246 1109 1337 1129 meum
1355 1102 1382 1129 in
1399 1103 1528 1130 omnibus
1546 1103 1676 1138 periculis
1693 1109 1722 1131 et

926 1144 1151 1173 tribulationibus
1164 1146 1366 1174 firmamentum
1382 1148 1408 1175 in
1421 1148 1538 1175 Domino
1554 1153 1581 1176 et
1599 1150 1722 1176 exsulta-

926 1190 1010 1218 tionis
1023 1198 1135 1226 corona,
1152 1200 1216 1220 cum
1231 1194 1414 1221 certaminum
1433 1199 1544 1222 tuorum
1560 1195 1643 1222 sociis
1659 1195 1721 1222 uni-

925 1237 1024 1269 versis,
1043 1245 1100 1272 pm
1120 1238 1250 1266 omnibus
1265 1239 1367 1266 nostris
1384 1239 1411 1266 in
1425 1239 1536 1267 Christo
1549 1239 1615 1267 Jesu
1628 1241 1722 1268 fratri-

926 1281 978 1309 bus
994 1287 1023 1310 et
1047 1283 1119 1311 filiis.
1137 1284 1270 1316 Quocirca
1294 1290 1321 1312 et
1344 1285 1424 1313 laetor
1448 1285 1608 1321 plurimum,
1636 1287 1721 1314 Deum

926 1327 1015 1356 Patris
1029 1330 1084 1357 mei
1105 1330 1232 1363 laudans,
1255 1331 1328 1365 quod
1350 1332 1444 1359 animo
1468 1337 1496 1359 et
1516 1340 1632 1368 corpore
1647 1337 1722 1360 recte

926 1375 1024 1402 vales:
1054 1375 1110 1403 Deo
1131 1376 1171 1404 sic
1194 1377 1286 1404 omnia
1323 1377 1496 1412 disponente,
1537 1384 1566 1406 ut
1599 1385 1627 1406 tn
1659 1379 1721 1406 vin-

927 1420 997 1448 culis
1027 1421 1133 1449 solutus
1153 1421 1247 1455 fueris,
1266 1431 1320 1458 quo
1331 1423 1391 1451 illos
1401 1424 1447 1458 qui
1460 1424 1487 1451 in
1516 1424 1632 1452 vinculis
1657 1429 1723 1452 sunt

927 1467 1063 1499 subleves,
1103 1475 1151 1495 eos
1179 1475 1272 1496 autem
1308 1469 1354 1504 qui
1384 1470 1467 1497 soluli
1507 1475 1571 1497 sunt
1603 1471 1721 1505 conjun-

927 1513 1016 1548 gendo
1039 1513 1195 1541 confirmes.
1223 1514 1302 1547 Quod
1320 1515 1429 1550 quidem
1455 1515 1522 1542 facis
1547 1523 1596 1551 per
1619 1515 1723 1543 Christi

927 1559 1052 1594 gratiam,
1066 1567 1289 1596 unumquemque
1304 1562 1465 1593 adhortans,
1481 1561 1643 1595 admonens,
1658 1570 1724 1590 con—

927 1605 1037 1639 solans,
1067 1609 1198 1641 tanquam
1224 1610 1307 1635 veru‘s
1334 1607 1381 1634 Dei
1410 1607 1594 1642 dispensator.
1623 1608 1724 1636 Precor

928 1649 1010 1685 igitur
1039 1658 1075 1679 ne
1097 1652 1192 1679 animo
1217 1652 1330 1680 deficias
1359 1652 1424 1680 illud
1448 1653 1537 1688 ipsum
1561 1653 1666 1688 agendo
1689 1653 1723 1681 ad

927 1695 1030 1722 Christi
1055 1696 1187 1732 gloriam,
1213 1697 1247 1724 ad
1271 1697 1368 1726 salutis
1392 1701 1446 1726 tua:
1469 1697 1663 1729 assertionem,
1690 1699 1724 1725 ad

927 1749 1029 1775 nteant,
1045 1742 1090 1776 qui
1107 1743 1296 1778 cujuscunque
1313 1743 1378 1771 boni
1395 1751 1455 1770 sum
1472 1743 1565 1778 inops,
1584 1743 1725 1778 gloriatio-

928 1795 1003 1814 nem.
1020 1787 1153 1820 Tametsi,
1170 1788 1264 1820 frater.
1281 1797 1337 1816 non
1352 1789 1380 1816 in
1396 1797 1513 1817 vacuum
1527 1789 1592 1816 olim
1608 1797 1726 1817 concur-

928 1834 1026 1866 rimus,
1042 1842 1131 1869 neque
1145 1835 1171 1862 in
1193 1843 1310 1863 vacuum
1331 1835 1506 1869 laboramus;
1524 1836 1658 1871 siquidem
1674 1844 1725 1871 pro

928 1880 1040 1908 Christo
1063 1885 1091 1908 et
1115 1889 1164 1916 per
1191 1881 1344 1915 Christum,
1373 1890 1423 1918 pro
1447 1890 1502 1917 quo
1525 1882 1627 1917 aliquid
1655 1883 1725 1917 pati,

929 1928 1029 1962 pascha
1047 1932 1107 1955 est:
1126 1936 1176 1963 pro
1195 1936 1250 1963 quo
1263 1928 1376 1960 tristari,
1392 1928 1497 1956 laetitia.
1516 1928 1545 1956 Si
1559 1928 1638 1955 modo
1654 1937 1726 1955 tom-

929 1973 1063 2007 palimur,
1091 1973 1194 2008 inquit,
1225 1979 1254 2001 ut
1281 1980 1306 2001 el
1332 1974 1568 2010 conglori/icemur.
1595 1974 1727 2002 Existimo

929 2019 999 2046 enim
1018 2019 1086 2054 quod
1105 2027 1157 2046 non
1173 2024 1234 2046 sunt
1252 2020 1388 2055 condigna?
1410 2021 1545 2054 passiones
1559 2021 1638 2055 hujus
1659 2025 1726 2048 tem-

930 2065 1002 2100 poris
1018 2065 1052 2091 ad
1068 2065 1187 2100 futurum
1201 2065 1314 2101 gloriam
1330 2073 1388 2100 quw
1401 2066 1559 2093 revelabitur
1569 2067 1594 2093 in
1609 2067 1682 2093 nobis
1693 2067 1725 2094 ⁸⁷.

931 2109 964 2136 Et
977 2109 1086 2137 merito.
1106 2109 1171 2137 Istic
1183 2110 1256 2137 enim
1271 2110 1383 2138 afflictio
1397 2111 1608 2146 qualiscunque,
1623 2111 1727 2139 umbrae

83 2161 242 2195 ἀπέραντος
259 2158 329 2193 μετά
349 2157 428 2192 δόξης
449 2156 569 2183 αἰωνίου.
594 2155 641 2191 Μὴ
665 2153 713 2182 οὖν
731 2156 875 2190 ἐπαισχυν-

931 2160 959 2183 et
974 2155 1081 2183 somnio
1097 2156 1195 2183 similis
1210 2165 1218 2182 :
1234 2156 1290 2184 illic
1311 2160 1404 2184 autem
1421 2157 1621 2191 compensatio,
1638 2158 1726 2184 inter-

84 2206 189 2241 θῶμεν,
203 2201 227 2231 ὧ
241 2204 347 2235 τέκνον,
362 2202 392 2229 τὸ
409 2201 496 2236 παρὸν
512 2200 664 2237 μαρτύριον
675 2209 682 2216 ·
703 2199 751 2227 τοῦ
773 2200 877 2236 Κυρίου

84 2253 140 2289 γὰρ
167 2253 239 2278 ἐστι.
257 2250 355 2277 Πολλοὶ
376 2248 557 2284 ἐπεθύμησαν
574 2249 604 2282 ἐξ
627 2247 738 2282 ἀγάπης
759 2246 878 2282 Χριστοῦ

82 2298 164 2326 τοῦτο
179 2298 261 2324 ἰδεῖν·
277 2295 336 2322 ἀλλ’
355 2295 406 2321 οὐκ
429 2294 578 2329 ἐπέτυχον·
597 2294 679 2329 ἡμεῖς
698 2293 726 2319 δὲ
741 2291 878 2328 κατηξιὼ-

83 2344 167 2379 μεθα.
185 2341 218 2369 Τί
242 2340 336 2373 τοῦτο;
355 2340 425 2375 ὑπὲρ
450 2339 531 2365 αὑτοῦ
554 2339 690 2374 πάσχειν
715 2337 877 2364 διώκεσθαι·

83 2387 339 2425 αἰχμαλωτίζεσθαι
349 2395 355 2401 ·
367 2385 565 2420 φυλακίξεσθαι
576 2394 582 2400 ·
597 2385 630 2411 ὲκ
644 2384 729 2411 τόπου
740 2385 780 2415 είς
795 2383 876 2410 τόπον

83 2434 309 2471 ⁸περιορίζεσθαι·
334 2432 350 2468 ἢ
366 2433 437 2468 τάχα
455 2431 503 2458 καὶ
519 2431 668 2458 τύπτεσθαι
679 2440 686 2446 ·
701 2430 816 2466 θέατρον
835 2430 878 2465 γί-

83 2482 181 2509 νεσθαι
196 2482 244 2507 καὶ
256 2479 383 2514 ἀγγέλοις
396 2480 444 2505 καὶ
455 2477 621 2513 ἀνθρώποις.

120 2530 154 2556 Εἰ
171 2528 200 2554 δὲ
213 2528 255 2553 ὅτι
270 2526 318 2553 καὶ
332 2526 363 2552 τὸ
376 2525 463 2559 ὄνομα
483 2524 562 2559 ἡμῶν
581 2523 620 2555 ὡς
645 2523 765 2558 πονηρὴν
785 2521 881 2556 ἐξέϐα-

83 2575 142 2605 ὶον,
151 2572 236 2599 ἀναθε
242 2571 401 2607 ματίξοντες
412 2569 465 2605 ἰδίᾳ
479 2578 509 2596 τε
520 2569 568 2596 καὶ
586 2568 705 2604 δημοσίᾳ
717 2569 764 2595 σὺν
776 2568 864 2602 ἁγίοις
872 2576 878 2582 ·

84 2620 135 2644 οὐκ
156 2616 195 2643 ενι
214 2616 304 2651 χαρά;
326 2616 377 2642 οὐκ
396 2615 436 2641 ἔνι
454 2614 584 2649 σκιρτᾷν;
605 2611 681 2646 Οἶδα,
706 2613 814 2644 τέκνον,
837 2613 882 2638 τὸν

86 2663 268 2699 μακαρισμὸν
295 2662 410 2698 Κυρίου.
442 2660 554 2692 Τούτοις
593 2660 640 2686 καὶ
669 2659 749 2691 αὐτὸς
778 2659 881 2694 γήθου-

85 2711 192 2746 τέρπου
213 2709 263 2735 σῦν
287 2708 359 2739 ὅλοις
379 2707 494 2738 τέκνοις.
511 2705 602 2741 Ὑμεῖς
621 2705 676 2740 γάρ
696 2706 767 2732 ἐστε
797 2704 884 2740 σῶμα

86 2755 237 2791 Χριστοῦ,
256 2755 306 2781 καὶ
319 2754 398 2789 μέλη
417 2753 453 2781 ἐκ
469 2754 591 2789 μέρους.
610 2752 664 2780 Καὶ
689 2752 749 2779 εἶτε
769 2751 880 2787 πάσχεί

119 2845 140 2860 ⁸⁷
160 2843 240 2870 itaut.
257 2852 316 2875 vm,
337 2842 379 2875 l7,
400 2842 440 2869 l8.
478 2841 497 2856 ’ν
511 2842 577 2870 an.
593 2842 683 2872 νυξὶ.

928 2201 1034 2229 minata
1051 2201 1107 2229 vita
1127 2210 1189 2230 cum
1208 2202 1293 2238 gloria
1308 2203 1486 2238 sempiterna.
1504 2203 1564 2230 Non
1583 2203 1728 2230 erubesca-

929 2255 988 2275 mus
997 2256 1070 2284 ergo,
1079 2248 1126 2281 fili,
1133 2257 1254 2284 praesens
1263 2249 1464 2277 testimonium:
1475 2249 1581 2276 Domini
1591 2249 1663 2276 enim
1673 2252 1726 2276 est.

928 2293 1005 2321 Multi
1015 2302 1070 2329 pra:
1087 2294 1187 2322 Christi
1201 2302 1293 2322 amore
1311 2295 1377 2322 illud
1385 2295 1479 2323 videre
1494 2292 1727 2329 optaverunt,sed

929 2340 1001 2367 nacti
1010 2348 1065 2367 non
1075 2344 1156 2367 sunt:
1170 2348 1219 2368 nos
1232 2344 1323 2368 autem
1334 2341 1411 2376 digni
1429 2340 1514 2367 habiti
1528 2346 1633 2367 sumus.
1645 2337 1729 2371 Quid-

930 2394 993 2414 nam
1002 2386 1081 2414 illud?
1090 2395 1139 2422 pro
1147 2387 1575 2423 ipsopati,vexari,captivitatem
1582 2394 1614 2413 ac
1620 2385 1731 2413 vincula

932 2432 1112 2463 sustinere.de
1118 2432 1177 2460 loco
1184 2433 1210 2460 in
1220 2432 1307 2460 locum
1317 2433 1390 2468 pelli,
1397 2437 1444 2460 aut
1452 2431 1663 2460 furtassisetiam
1672 2439 1732 2458 ver-

933 2479 1033 2510 berari,
1050 2479 1236 2513 spectaculum
1258 2479 1316 2507 ﬁeri
1326 2483 1354 2507 et
1365 2479 1469 2515 angelis
1491 2483 1519 2506 et
1529 2477 1728 2505 hominibus“.

972 2524 1050 2558 Quod
1064 2525 1086 2552 si
1100 2530 1126 2552 et
1136 2533 1235 2553 nomen
1244 2529 1368 2552 nostrum
1378 2525 1655 2560 cjecerunttanqnam
1671 2531 1730 2550 ma-

931 2569 999 2603 lum,
1033 2570 1296 2598 anathematizantes
1328 2570 1452 2605 privatim
1478 2574 1506 2597 et
1533 2569 1642 2604 publice
1665 2576 1728 2596 cum

932 2614 1037 2642 sanctis
1053 2623 1060 2646 ς
1075 2622 1166 2642 nonne
1181 2615 1309 2651 gaudium
1319 2615 1378 2642 est?
1389 2622 1480 2641 nonne
1496 2614 1560 2640 licet
1572 2612 1731 2640 exsultare?

933 2659 999 2687 Novi
1015 2668 1077 2696 ego,
1095 2661 1143 2692 fili,
1160 2661 1358 2688 beatitudinem
1374 2668 1389 2687 a
1407 2659 1522 2687 Domino
1541 2659 1727 2694 praedicatam.

935 2705 977 2733 Tu
994 2714 1104 2741 quoque
1129 2707 1165 2734 ob
1180 2708 1239 2734 haec
1267 2707 1358 2734 lactare
1377 2718 1384 2733 ;
1404 2706 1490 2741 gaude
1512 2713 1575 2733 curn
1591 2704 1731 2731 universis

936 2752 1019 2779 ﬁliis:
1040 2752 1086 2780 Vm
1105 2753 1174 2780 enim
1199 2754 1260 2780 catis
1280 2761 1372 2787 corpus
1395 2751 1490 2780 Christi
1511 2756 1535 2778 ei
1562 2750 1676 2778 membra
1697 2757 1734 2777 ινπ
