1926 3078
223 115 290 147 1147

823 123 852 152 S.
868 123 1064 154 ΤῙΙΕυυΟΒῐ
1090 123 1265 154 Sl‘UDlT.E

1781 121 1850 154 1148

219 179 303 206 parte.
319 172 353 199 Et
376 173 399 199 si
422 174 485 208 quid
506 175 608 209 patitur
627 185 708 204 unum
723 178 878 210 membrum,
903 187 1010 213 compa-

1067 179 1095 205 ἓν
1106 179 1212 213 μέλος,
1228 177 1403 213 συμπάσχει
1417 178 1516 205 πάντα
1531 179 1565 205 τὰ
1576 178 1654 212 μέλη
1666 185 1674 193 ο
1688 177 1750 204 εἴτε
1764 176 1851 209 δοξά-

220 219 321 245 tiuutur
337 219 427 246 omnia
455 220 571 247 membra
586 229 595 248 :
610 222 664 249 sive
683 223 813 258 gloriatur
826 232 908 251 unum
928 233 1011 252 mem-

219 263 305 294 brum.
337 265 501 299 congaudent
523 268 611 294 omnia
639 270 753 296 membra
774 271 806 298 “.
829 271 939 304 Quaere,
961 271 1010 303 ait,

220 317 280 344 qum:
295 314 408 341 restant.
425 316 514 344 sputa,
526 313 666 348 colaphos,
678 322 785 342 erucem
795 316 912 351 denique
928 325 935 343 :
950 316 1011 343 dul-

220 361 266 380 ces
295 354 360 381 mihi
377 355 469 382 clavos
487 355 598 390 Christi,
616 359 714 393 quibus
736 360 854 396 cruciﬁgi
876 369 936 388 cum
953 361 1011 396 ipso

220 398 314 432 ecquis
327 400 380 427 erit
388 401 434 434 qui
446 402 543 436 dignus
553 403 685 430 habeatur
698 413 705 431 :
718 413 815 433 servus
823 414 884 433 cum
897 407 1012 434 Domino

221 444 314 472 lancea
329 446 448 478 confodi,
463 448 622 483 sanguinem
637 450 753 478 miscens
765 452 888 487 sanguini
899 461 906 480 :
919 453 1009 485 homo,

222 489 268 517 Dei
292 491 432 519 viventis?
450 494 543 521 Sancti
568 495 620 522 hoc
642 495 741 524 allectu
759 497 842 532 pleni.
860 499 1012 531 gaudebant

222 543 283 563 cum
309 536 507 565 dilauiarcntur
522 548 528 566 :
545 541 699 575 gestiebant
713 550 774 568 cum
798 543 919 570 tneinbra
933 551 1010 571 seca-

224 586 326 608 rentur.
344 583 462 610 Advenit
486 584 577 620 itaque
600 591 628 614 et
652 592 776 614 nostrum
800 589 950 622 gaudium:
979 597 1011 616 ex

223 631 300 661 parte
318 629 413 656 tentati
439 629 540 657 fuimus
554 641 561 659 :
577 637 606 659 et
622 632 723 659 utinam
741 639 926 661 consummata
940 640 1013 662 esset

224 674 349 705 tentatio,
379 675 464 709 gratia
483 682 510 703 et
525 677 692 713 benignitate
706 678 770 706 Jesu
785 679 886 707 Citl'isli
906 681 1011 708 Domini

223 719 331 746 nostri!
365 727 414 754 per
440 722 555 756 gratiam
582 724 654 751 enim
683 724 794 752 victoria
825 727 964 762 contingat
983 727 1011 754 in

222 772 386 800 quocunque
398 775 406 793 :
421 771 450 794 ut
462 775 514 794 non
529 768 658 802 glorietur
668 771 810 805 quisquam
822 772 898 806 quasi
912 773 1011 807 aliquid

223 817 256 836 ex
267 818 296 837 se
313 810 412 838 habeat
427 820 435 839 :
450 814 498 839 sed
517 817 547 840 ut
567 814 613 840 Dei
631 815 846 843 misericordiam
862 818 888 844 in
902 817 1012 846 Christo

224 853 289 880 Jesu
317 862 517 890 consequamur
532 865 581 892 per
597 859 681 885 animi
703 859 896 888 demissionem
912 866 940 888 et
955 862 1013 889 eili-

224 907 315 926 cacem
326 900 527 929 conﬁdentiam.
538 902 625 938 Siqua
635 913 696 940 ergo
708 907 849 933 consolatio
861 908 887 934 in
898 907 1012 940 Christo.

224 945 329 980 siquod
342 946 467 974 solatium
489 948 637 982 cltaritatis,
651 951 673 977 si
688 959 740 986 qua
762 954 872 980 societas
893 954 964 988 fidei,
990 955 1014 982 si

225 999 276 1026 qua
287 993 384 1019 eisrara
394 1000 417 1019 et
428 994 617 1028 miserationes,
628 997 732 1031 implete
739 999 867 1033 gaudium
878 1008 964 1026 meum
972 1001 995 1016 ’θ
1005 1010 1012 1033 ;

227 1039 256 1061 ut
277 1043 327 1070 ego
350 1037 432 1063 miser
453 1045 515 1064 cum
541 1039 672 1073 Apostolo
700 1041 806 1068 dicam:
822 1041 895 1069 Idem
918 1044 1012 1078 sapite,

225 1081 344 1108 eamdem
387 1083 542 1110 cliaritatem
579 1085 715 1117 habentes,
770 1088 919 1121 unanimes,
962 1089 1012 1116 idi-

224 1134 299 1157 psnm
323 1127 471 1161 unt/lentes,
502 1129 567 1156 nihil
582 1138 628 1164 per
657 1132 847 1159 contentionem
874 1141 955 1168 neque
968 1143 1014 1169 per

225 1170 330 1198 inanem
351 1172 463 1206 gloriam
478 1173 511 1211 τί,
538 1174 655 1202 invicem
671 1176 857 1205 adversantes.
876 1178 1013 1207 lnterdtttn

225 1217 298 1243 enim
316 1217 342 1244 in
358 1217 390 1244 iis
414 1218 496 1246 etiam
511 1227 571 1254 quae
592 1229 642 1255 pro
664 1221 763 1256 pietate
783 1229 914 1258 geruntur
924 1231 1014 1252 certa-

226 1261 346 1288 minibus
360 1263 505 1297 aucupatio
521 1264 669 1298 primarum
687 1266 804 1300 partiutn
817 1271 845 1294 et
863 1268 1013 1302 pervicacia

226 1307 430 1334 contentionem
446 1308 562 1343 obrepit.
583 1309 637 1337 Vos
651 1318 715 1338 vero
728 1316 855 1346 tanquam
875 1313 919 1340 Dei
934 1314 1014 1340 inini-

226 1351 296 1384 stri;
314 1360 376 1379 nam
395 1353 420 1380 in
434 1361 549 1388 persona
567 1360 610 1382 tua
627 1364 674 1383 eos
686 1358 880 1392 comprehendi
897 1359 958 1386 volo
968 1360 1014 1394 qui

227 1401 356 1430 przesunt,
373 1398 474 1432 quique
497 1399 567 1426 hanc
587 1399 729 1435 epistolam
754 1402 869 1438 legerint
885 1413 892 1431 :
907 1404 1014 1432 Nemini

226 1441 319 1468 dantes
346 1443 428 1470 ullam
448 1445 623 1478 oﬁi’nsionem,
651 1451 680 1474 ut
705 1448 880 1476 ministerium
900 1455 1015 1477 vestrum

227 1493 278 1512 non
289 1486 338 1520 ﬁat
354 1488 523 1521 vituperabile
534 1489 567 1516 ’¹.

264 1531 299 1558 De
315 1532 368 1560 illis
380 1538 470 1562 autem
490 1543 558 1570 quos
584 1537 679 1564 scribis
695 1538 759 1565 mihi
774 1539 876 1567 erroris
888 1540 929 1567 sui
956 1549 1015 1575 pce-

227 1575 342 1603 nitentia
360 1577 422 1605 duci
439 1588 445 1606 :
463 1587 525 1616 erga
537 1589 585 1607 eos
596 1582 641 1616 qui
656 1582 689 1609 dc
701 1590 815 1618 corpore
831 1589 926 1612 nostro
941 1592 1015 1619 sunt,

228 1623 326 1650 medici
338 1632 443 1657 sumus,
455 1627 580 1660 quamvis
590 1628 703 1664 indigni.
714 1629 800 1662 Quam
812 1630 893 1665 igitur
908 1639 1016 1666 poenam

227 1668 329 1701 Oresti,
344 1670 390 1704 qui
406 1671 439 1698 ad
460 1680 510 1699 nos
526 1672 580 1700 huc
595 1675 679 1705 venit,
697 1683 745 1710 per
759 1675 857 1703 fratres
870 1676 1017 1706 indiximus

228 1716 341 1750 (neque
362 1715 434 1743 enim
451 1719 600 1745 convenire
629 1719 728 1747 multas
752 1721 787 1747 ob
811 1729 907 1749 causas
929 1723 1017 1750 visum

228 1765 281 1792 est,
300 1765 328 1787 ut
339 1762 366 1787 ln
381 1767 559 1797 conspectum
574 1770 696 1792 nostrum
713 1766 934 1803 admitteretur),
947 1767 1019 1796 hanc

228 1805 353 1831 eamdem
368 1809 396 1832 et
417 1807 507 1833 castcri
521 1808 691 1842 suscipiant:
716 1810 843 1837 nimirum
862 1816 891 1838 ut
917 1812 1019 1839 sanctis

230 1851 366 1884 mysteriis
392 1859 446 1878 non
462 1853 625 1887 participem
643 1863 650 1887 ;
671 1862 724 1882 una
737 1863 798 1882 cum
812 1857 873 1884 aliis
885 1858 1017 1885 observa-

230 1895 360 1923 tionibus.
380 1896 526 1932 Quousque
545 1898 675 1926 tandem?
692 1908 780 1935 rogas.
805 1901 898 1934 Quoad
921 1904 1018 1931 ortho-

229 1940 306 1967 doxae
317 1941 377 1968 tidei
393 1943 574 1976 tranquillitas
593 1944 695 1971 redeat.
708 1945 734 1972 Si
747 1954 820 1973 mors
835 1947 996 1976 interveniat
1009 1968 1017 1982 ,

230 1985 329 2020 inquit,
361 1987 574 2015 communicent.
605 1988 759 2017 Rcmissum
792 1991 846 2019 illis
874 1998 1016 2027 peccatum

229 2031 404 2059 arbitramur.
432 2032 509 2065 Quod
528 2041 593 2060 vero
615 2033 785 2069 signiﬁcasti,
806 2044 854 2064 vos
875 2037 909 2064 de
925 2038 976 2065 hac
991 2044 1017 2066 et

231 2075 274 2102 illa
291 2084 320 2103 re
335 2076 406 2103 inter
420 2085 466 2104 vos
474 2077 622 2105 dissidere:
635 2079 719 2106 tollite
727 2081 891 2114 quaestiones
901 2088 1016 2116 vestras,

233 2126 260 2148 ct
278 2127 400 2149 mutuam
422 2131 515 2158 pacem
535 2123 673 2152 habetote.
693 2125 751 2152 Non
772 2126 842 2154 sicut
863 2127 889 2154 hi
915 2129 960 2162 qui
981 2130 1016 2157 ab

1063 225 1138 256 ζὲται
1154 225 1188 252 ἐν
1201 225 1304 260 μέλος,
1317 225 1475 260 συγχαιρει
1490 223 1589 251 πάντα
1605 224 1640 250 τὰ
1649 223 1740 257 μέλη.
1757 223 1851 258 Ζήτει,

1062 271 1140 304 φησὶ,
1163 271 1204 297 ⁹τὰ
1232 270 1391 305 λειπόμενα,
1420 269 1617 304 ὲμπτύσματα,
1643 267 1850 302 κολαφίσματα,

1061 316 1137 348 τέλος
1148 316 1194 342 τὸν
1210 315 1343 350 σταυρόνν
1360 315 1423 346 τοὺς
1436 314 1547 348 γλυκεῖς
1562 321 1608 347 μοι
1621 312 1741 348 Χριστοῦ
1757 312 1850 348 ἥλους·

1061 357 1102 392 οἷς
1113 360 1155 391 τίς
1169 360 1202 386 ἂν
1217 359 1402 393 καταξιωθείη
1425 357 1650 393 συσταυρωθῆναι
1663 365 1669 372 ”
1686 357 1852 392 συλλογχευ-

1062 404 1142 439 θῆναι
1155 404 1246 434 δοῦλος
1261 403 1401 438 Δισπότῃ·
1429 403 1506 438 μίξαι
1526 400 1595 437 αἷμα
1612 401 1723 437 αἴματν
1743 400 1851 435 ἄνθρω-

1063 458 1122 482 πος,
1139 449 1207 476 Θεοῦ
1224 448 1271 475 τοῦ
1295 448 1412 482 ζῶντοςς
1427 448 1546 484 Τοιαύτη
1560 447 1680 475 διαθέσει
1697 446 1853 482 χωροῦντες

1061 495 1087 521 ol
1102 495 1176 527 ἆγιοι
1189 494 1300 529 ἔχαιῳν
1315 494 1479 528 κοπτόμενοι
1489 493 1597 528 ’ἥδοντο
1609 491 1851 528 μελοτομοὺμενοι.

1065 539 1188 574 Ἐφθασε
1201 538 1346 575 τοιγαροῦν
1363 539 1410 566 καὶ
1424 539 1440 573 ὴ
1458 539 1581 574 ἡμετέρα
1596 538 1668 573 χαρά
1681 545 1688 553 ·
1706 538 1738 564 ὲκ
1751 537 1853 572 μέρους

1063 583 1249 619 ἐπειράθημεν
1259 593 1265 599 ·
1290 585 1347 619 εῐγε
1360 584 1408 611 καὶ
1423 583 1623 619 πειραθείημεν
1635 583 1726 609 τέλεον
1735 590 1742 597 '
1759 582 1852 617 χάριτι

1063 629 1110 654 καὶ
1125 629 1318 664 φιλανθρωπίᾳ
1337 628 1424 663 Ἰησοῦ
1438 627 1557 663 Χριστοῦ
1573 627 1620 654 τοῦ
1638 627 1742 663 Κυρίου
1755 627 1851 662 ήμῶνε

1063 674 1102 709 Τῇ
1121 674 1175 709 γὰρ
1192 675 1283 710 χάριτι
1306 675 1348 709 εῐη
1367 674 1398 701 τὸ
1412 675 1486 706 νῖκος
1500 674 1542 708 ἐφ’
1556 673 1658 708 ότῳοῦν
1669 681 1676 688 ⁸
1692 673 1738 700 ἴνα
1753 673 1791 708 μή
1809 680 1854 704 τις

1063 720 1236 755 καυχήσηται
1248 720 1355 747 οἴκοθέν
1369 729 1396 746 τι
1410 719 1484 755 ἔχειν
1492 727 1499 734 ·
1509 719 1579 746 ὣστε
1591 719 1706 754 ἕλκομεν
1718 718 1764 745 τδν
1778 717 1854 744 ἔλεον

1063 764 1131 790 Θεοῦ
1148 765 1177 791 ὲν
1194 765 1305 800 Χριστῷ
1325 765 1412 800 Ίησοῦ
1425 785 1432 797 ,
1461 765 1505 792 διὰ
1526 764 1574 799 τῆς
1599 762 1855 798 ταπεινοφροσύνης

1063 810 1110 836 καὶ
1126 810 1256 845 ἐνεργοῦς
1271 810 1472 846 πεποιθήσεως.
1484 811 1519 836 El
1532 819 1579 843 τις
1590 807 1647 838 οὖν
1661 809 1854 844 παράκλησις

1030 845 1049 872 Β
1063 855 1098 882 ἐν
1121 855 1256 889 Χριστῷ·
1281 857 1310 883 ει
1334 865 1362 883 τι
1383 856 1573 890 παραμύθιον
1597 855 1735 888 ἀγάπης·
1765 854 1794 881 ει
1809 862 1854 886 τις

1064 901 1204 928 κοινωνία
1230 902 1380 934 πίστεως·
1405 901 1433 928 ει
1456 909 1524 928 τινα
1549 899 1712 934 σπλάγχνα
1739 898 1790 925 καὶ
1812 899 1854 924 οι-

1064 945 1190 980 κτιρμοί,
1221 945 1401 980 πληρώσατέ
1427 953 1487 980 μου
1510 944 1568 979 τὴν
1595 943 1711 979 χαράν·
1737 943 1788 970 σὺν
1814 942 1854 977 τῷ

1071 991 1225 1026 Ἀποστόλῳ
1239 993 1253 1018 ό
1266 992 1351 1023 τάλας
1369 991 1459 1025 λέγειν
1469 998 1476 1006 ·
1499 991 1533 1017 Τὸ
1547 989 1621 1018 αὐτὸ
1641 988 1776 1024 φρονεῖν,
1797 988 1854 1022 τὴν

1064 1037 1161 1071 αὐτὴν
1181 1037 1304 1072 ἀγάπην
1323 1038 1446 1072 ἔχοντες
1458 1044 1465 1052 °
1483 1036 1642 1070 σύμψυχοι
1653 1042 1660 1048 ·
1685 1034 1718 1062 τὸ
1731 1033 1766 1061 ἓν
1780 1041 1853 1068 φροι

1064 1083 1205 1116 νοῦντες·
1219 1083 1317 1118 μηδὲν
1331 1084 1393 1109 κατ’
1409 1083 1538 1116 ἐριθειαν
1555 1081 1573 1115 ἢ
1590 1080 1769 1112 κενοδοξίαν
1780 1081 1855 1106 ἀντι-

1065 1128 1229 1163 πράττοντες
1239 1147 1247 1161 ,
1262 1127 1309 1154 καὶ
1321 1127 1576 1162 ἁντικιιθιστάμενοι
1591 1126 1727 1160 ἀλλήλοις.
1742 1125 1853 1157 [Iseon

1064 1175 1121 1208 γὰρ
1143 1176 1190 1201 καὶ
1207 1175 1250 1200 ἐπ’
1275 1173 1364 1200 αὐτῶν
1379 1173 1434 1200 τῶν
1454 1173 1522 1207 ὑπὲρ
1537 1171 1675 1203 εὐσεϐείας
1690 1169 1805 1205 ἀγώνων
1823 1170 1854 1196 τὸ

1065 1219 1236 1254 φιλόπρωτον
1249 1219 1297 1245 καί⁵
1313 1218 1465 1253 φιλόνεικον
1482 1217 1667 1253 παρεισδύειν.
1690 1217 1761 1244 Ἀλλ’
1775 1217 1853 1251 ὑμεῖς

1065 1266 1103 1296 ὡς
1117 1264 1184 1291 Θεοῦ
1201 1264 1321 1291 διάκονοι
1345 1263 1624 1299 (συμπαραλαμϐάνω
1647 1263 1702 1298 γὰρ
1716 1262 1755 1297 τῷ
1769 1270 1855 1297 προσ-

1065 1311 1132 1346 ώπῳ
1154 1319 1201 1337 σου
1218 1310 1281 1341 τοὺς
1295 1309 1478 1345 ὑπερέχοντας
1491 1329 1498 1341 ,
1524 1309 1549 1336 οἳ
1574 1310 1622 1336 καὶ
1644 1309 1787 1343 ἀναγνοῖεν
1805 1308 1854 1343 τὴν

1066 1355 1397 1390 ὲπιστολὴν),Μηδεμιαν
1414 1355 1450 1382 ἐν
1470 1354 1578 1390 μηδενί
1600 1354 1702 1387 δοίητε
1723 1361 1856 1387 προσιο-

1065 1401 1140 1435 πὶρν,
1156 1401 1206 1428 ἵνα
1215 1400 1259 1435 μὴ
1269 1399 1395 1436 μωμητὴ
1407 1401 1426 1434 ἡ
1441 1399 1580 1427 διακονία
1595 1398 1678 1434 ὑμῶν
1691 1397 1816 1434 γένοιτο.

1106 1532 1174 1568 Περὶ
1189 1529 1227 1560 ὧν
1241 1532 1364 1568 ἔγραψάς
1385 1540 1431 1566 μοι
1451 1532 1479 1558 ὲν
1496 1531 1626 1566 μετανοίᾳ.
1636 1530 1778 1565 γεγονέναι
1789 1538 1795 1544 ·
1815 1531 1856 1561 εἰς

1067 1579 1130 1609 τοὺς
1147 1578 1194 1604 τοῦ
1217 1577 1342 1613 σώματος
1366 1577 1455 1612 ἡμῶν,
1472 1577 1496 1602 εἰ
1521 1576 1568 1602 καὶ
1589 1576 1708 1609 ἀνάξιοι,
1731 1576 1790 1602 ἀλλ’
1808 1575 1858 1603 οὖν

1068 1626 1149 1660 ἡμεῖς
1182 1623 1279 1659 ἰατροί.
1308 1625 1340 1650 Ὃ
1366 1623 1455 1649 τοίνυν
1488 1622 1630 1658 ἐδώκαμεν
1656 1623 1793 1657 ἐπιτίμιον
1817 1623 1858 1658 τῷ

1074 1671 1190 1706 Ὀρέστῃ
1202 1670 1305 1696 ἐλθόντι
1322 1669 1455 1702 ἐνταῦθα,
1479 1669 1524 1695 διὰ
1539 1668 1634 1703 φωνῆς
1655 1668 1709 1695 τῶν
1734 1668 1859 1702 ἀδελφῶν

1068 1716 1140 1752 (οὐδὲ
1162 1717 1217 1752 γὰρ
1232 1715 1401 1750 κεκρίκαμεν
1418 1712 1447 1741 εὖ
1471 1714 1544 1749 ἐχειν
1565 1714 1760 1749 συνοψισθῆναι
1784 1714 1860 1748 αὐτῷ

1068 1762 1111 1788 διὰ
1123 1761 1209 1788 πολλὰ
1221 1761 1318 1796 αἴτια),
1333 1760 1412 1787 τοῦτο
1435 1761 1524 1795 σχοῖεν
1538 1760 1585 1786 καὶ
1597 1760 1622 1786 ol.
1635 1760 1739 1786 λοιποί’
1755 1761 1860 1795 ἁμετό-

1068 1816 1133 1842 χους
1163 1804 1234 1834 εἶναι
1259 1806 1314 1833 τῶν
1339 1806 1535 1840 ἁγιασμάτων·
1558 1806 1606 1833 καὶ
1633 1807 1663 1832 ὲν
1684 1807 1742 1837 τοῖς
1766 1805 1860 1837 ἄλλοις

1069 1853 1315 1888 παρατηρήμασιν.
1335 1852 1457 1887 Ἐρωτᾷς
1479 1851 1532 1882 ἓως
1551 1851 1636 1883 Mrs;
1661 1851 1714 1882 ἕως
1738 1850 1771 1876 ἂν
1790 1850 1860 1878 ἀνα-

1068 1899 1161 1935 λάμψῃ
1185 1900 1203 1934 ὴ
1226 1900 1277 1934 τῆς
1301 1897 1455 1935 ὸρθοδοξίας
1479 1897 1582 1932 αἰθρία.
1606 1897 1653 1928 Et.
1669 1897 1755 1932 φησὶ,
1781 1896 1862 1932 τύχοι

1069 1947 1197 1978 θάνατος
1206 1944 1440 1972 Κοινωνείςωσαν.
1449 1943 1617 1978 Πιστεύομεν
1628 1942 1861 1978 συγκεχωρῆσθαι

1069 1992 1160 2023 αὐτοῖς
1175 1991 1206 2018 τὸ
1227 1991 1390 2027 ἁμάρτημα.
1415 1989 1524 2024 Ἐπειδὴ
1542 1989 1571 2016 δὲ
1594 1990 1739 2024 γέγραφας
1751 2009 1759 2020 ,
1779 1989 1863 2015 τοῦτο

1069 2037 1178 2065 κάκεῖνο
1189 2036 1357 2064 ἁντιλεκτείν
1373 2036 1444 2070 ὑμᾶς
1460 2035 1528 2070 πρὸς
1547 2035 1679 2070 ἁὶλήλους
1693 2043 1700 2049 ·
1714 2033 1861 2061 διαλύεσθε

1069 2083 1122 2109 τῶν
1135 2081 1338 2118 προϐλημάτων
1354 2080 1442 2116 ὑμῶν,
1459 2081 1506 2107 καὶ
1519 2079 1676 2116 εἰρηνεύετε
1693 2081 1722 2106 ὲν
1738 2080 1862 2111 ἑαυτοῖς.

1070 2129 1125 2164 Οὺχ
1136 2129 1174 2160 ὠς
1187 2129 1211 2154 οἱ
1224 2128 1254 2160 ὲξ
1269 2127 1401 2162 αἱρέσεως
1419 2126 1639 2162 ἐπιστρέφοντες,
1654 2124 1728 2153 οὗτοι
1741 2126 1860 2152 δεκτέοι·

231 2166 328 2194 haeresi
337 2173 543 2201 convertuntur,
558 2169 706 2204 recipiendi
720 2175 783 2198 sunt
792 2171 834 2199 isti
845 2181 852 2205 ;
862 2181 1014 2208 quanquam

1070 2175 1148 2210 εἴπερ
1163 2174 1244 2201 κάκεῖ
1261 2173 1453 2208 παρατήρησις
1468 2172 1602 2207 διαφορᾶς
1618 2171 1648 2198 οὑ
1661 2171 1710 2206 τῆς
1722 2171 1864 2206 τυχούσης

231 2217 259 2240 et
278 2212 332 2240 illic
347 2221 455 2248 quoque
470 2223 523 2242 non
540 2215 599 2243 leve
618 2216 764 2244 discrimen
779 2222 820 2245 est
840 2219 921 2254 hujus
935 2221 968 2247 ad
986 2221 1013 2247 il-

232 2258 283 2286 lam
299 2267 307 2290 ;
331 2259 378 2286 sed
395 2263 522 2293 tanquam
541 2262 586 2295 qui
605 2269 703 2288 nomen
720 2263 824 2290 Domini
845 2264 1015 2300 abnegarint,

231 2304 288 2331 sive
303 2304 335 2340 ad
349 2305 408 2340 ejus
427 2305 634 2340 abnegationem
658 2307 872 2336 Cbristomachis
895 2319 1018 2337 commu~

231 2339 358 2382 nicarint,
374 2358 422 2377 seu
436 2355 510 2377 metu
531 2351 618 2379 adacti
636 2360 683 2380 seu
697 2353 776 2380 aliaat
793 2354 828 2381 ob
841 2363 962 2382 causam.
977 2356 1016 2383 Ad

232 2393 314 2428 hujus
321 2395 394 2422 enim
410 2396 615 2431 abnegationem
629 2398 772 2426 manifesto
782 2401 1020 2428 communicarunt

233 2445 354 2467 sanctam
378 2442 437 2476 ejus
453 2442 596 2477 imaginem
615 2444 778 2478 negantibus
796 2454 803 2472 :
829 2446 893 2480 quia
912 2448 1019 2482 negatio

233 2485 358 2520 imaginis
385 2487 418 2515 ad
446 2491 616 2524 prototypum
634 2490 740 2522 transit.
765 2495 795 2518 ut
820 2491 941 2518 clamans
963 2493 1020 2520 cla~

233 2537 290 2560 mat
302 2533 333 2560 ⁷³.
353 2533 405 2560 Nec
417 2534 496 2561 aliter
510 2543 540 2562 se
556 2543 599 2562 res
614 2536 704 2568 habet,
720 2537 826 2564 tametsi
843 2538 1016 2572 negationem

233 2577 339 2606 elevare
366 2579 474 2614 quidam
505 2581 600 2608 velint.
619 2581 647 2608 Si
670 2590 735 2617 ergo
759 2590 813 2608 non
840 2583 917 2617 pritts
947 2588 1021 2611 recte

233 2624 394 2655 sentientes.
406 2633 457 2652 nec
470 2626 611 2653 veritatem
624 2627 723 2659 edocti,
735 2627 781 2654 sed
800 2627 890 2655 divina
903 2629 1019 2663 quadam

231 2669 400 2702 providentia
414 2670 535 2698 veritatis
549 2671 784 2698 lumineillustrati
802 2672 835 2698 ad
852 2680 902 2700 nos
917 2681 1019 2701 convo~

232 2713 357 2741 lassent:
377 2714 428 2741 alia
452 2715 521 2742 ratio
542 2721 625 2747 esset,
645 2723 696 2743 nec
717 2720 820 2743 temere
846 2724 894 2744 eos
913 2718 1017 2745 admitti

233 2763 378 2792 oporteret,
398 2759 449 2786 nisi
470 2768 502 2787 ex
516 2760 694 2794 plurimorum
720 2761 934 2789 orthodoxorum
953 2771 1018 2790 con-

265 2815 288 2832 ”
306 2816 316 2843 Ι
336 2817 398 2845 Cor.
416 2826 464 2850 xu,
487 2819 514 2851 2,
526 2819 570 2846 26.
609 2819 630 2835 ⁷³
652 2818 767 2854 Philipp.
789 2827 815 2852 ιι,
831 2819 854 2853 l,
868 2819 895 2846 ιτ..

933 2821 953 2836 τ¹
972 2820 1037 2848 ibid.
1053 2822 1079 2849 ’5.

1070 2219 1152 2254 τῆσδε
1171 2219 1237 2253 πρὸς
1251 2218 1330 2254 τήνδε
1343 2225 1350 2232 ·
1376 2217 1435 2244 ἀλλ’
1458 2217 1496 2249 ὠς
1516 2217 1701 2253 ἀρνησάμενοι
1723 2217 1755 2243 τὸ
1773 2218 1865 2253 δνομα

1071 2264 1185 2300 Κυρίου,
1198 2265 1257 2299 ἥτοι
1279 2263 1327 2290 ἐπὶ
1347 2265 1381 2299 τῇ
1397 2263 1511 2298 ἀρνήσει
1527 2262 1610 2290 αὑτοῦ
1624 2263 1862 2298 κεκοινωνηκότες

1070 2312 1125 2342 τοῖς
1139 2310 1338 2345 Χριστομάχοις
1352 2308 1396 2335 διὰ
1416 2308 1499 2343 φόϐον
1516 2309 1533 2343 ἦ
1555 2316 1617 2335 τινα
1637 2308 1723 2344 ἄλλην
1741 2309 1864 2343 περιπέ-

1071 2363 1156 2382 τειαν.
1176 2354 1238 2381 Ἐπὶ
1249 2354 1304 2389 γὰρ
1321 2355 1353 2388 τῇ
1371 2354 1486 2388 ἀρνήσει
1499 2353 1582 2380 αὐτοῦ
1596 2353 1784 2388 ἐκοινώνησαν
1796 2362 1865 2389 προ-

1071 2400 1160 2436 δήλως
1177 2399 1342 2434 ὴρνημένοις
1356 2399 1405 2434 τὴν
1427 2398 1506 2432 ἁγίαν
1521 2398 1604 2425 αὐτοῦ
1620 2398 1725 2424 εἰκόνα.
1747 2397 1781 2424 Ἠ
1807 2399 1863 2433 γὰρ

1071 2445 1120 2479 τῆς
1135 2444 1238 2476 εἰκόνος
1253 2443 1368 2478 ἄρνησις
1383 2443 1430 2469 ἐπὶ
1452 2443 1483 2469 τὸ
1501 2443 1682 2478 πρωτότυπον
1702 2442 1862 2473 ἀναϐαίνει.

1073 2490 1111 2522 ὡς
1135 2490 1184 2525 βοᾷ
1206 2490 1220 2516 ό
1245 2489 1323 2524 βοῶν.
1342 2488 1396 2515 Καὶ
1413 2488 1463 2515 οὐκ
1477 2488 1550 2515 ἔστιν
1566 2488 1696 2520 ἀλλοίως·
1718 2489 1771 2515 κᾶν
1790 2498 1862 2520 τινες

1072 2534 1233 2570 σμικρύνειν
1252 2534 1301 2569 τὴν
1314 2533 1427 2570 ἄρνησιν
1449 2533 1596 2569 βούλοιντο.
1615 2535 1647 2561 Εἰ
1660 2535 1708 2561 οὖν
1724 2535 1764 2570 μὴ
1781 2536 1861 2571 ὀρθο-

1071 2579 1209 2612 δοξοῦντες
1219 2579 1249 2606 τὸ
1265 2579 1410 2615 πρότερον,
1419 2579 1486 2614 μηδὲ
1498 2579 1650 2614 μυηθέντες
1658 2580 1707 2615 τὴν
1717 2580 1862 2615 ἀλήθειαν,

1071 2627 1103 2652 ἐκ
1119 2625 1195 2657 θείας
1210 2625 1340 2661 προνοίας
1349 2625 1533 2659 αὖγασθέντες
1541 2626 1656 2661 τάληθὲς
1666 2627 1862 2662 μετεπήδησαν

1071 2672 1111 2704 εἰς
1139 2671 1224 2706 ἡμᾶς,
1251 2671 1339 2703 ἄλλως
1362 2669 1438 2706 εἶχεν
1464 2671 1608 2704 κάκείνους
1636 2672 1684 2707 οὐχ
1709 2672 1747 2704 ὡς
1782 2672 1863 2708 ἔτυχε

1071 2716 1261 2751 προσδεκτέον,
1275 2717 1300 2742 εί
1316 2716 1354 2751 μὴ
1370 2716 1415 2744 διὰ
1432 2716 1568 2743 πλείστων
1585 2716 1733 2752 όρθοδόξων
1746 2725 1863 2752 συμφω-

1072 2762 1175 2797 νήσεως
1188 2770 1194 2777 ·
1211 2762 1248 2794 ὡς
1262 2762 1414 2797 δεδήλωκεν
1435 2765 1449 2789 ὁ
1466 2763 1537 2794 θεῖος
1554 2763 1693 2795 Βασίλειος
1709 2765 1780 2800 πρὸς
1797 2764 1860 2796 τοὺς

1119 2822 1139 2837 ⁷⁸
1156 2821 1178 2848 Il
1191 2821 1254 2849 Cor.
1272 2831 1308 2855 \‘I,
1321 2824 1346 2850 5.
1386 2823 1407 2839 ⁷³
1425 2823 1452 2850 5.
1472 2823 1606 2858 Βοδὶίὶυδ.
