1926 3078
122 144 133 176 1
143 143 194 177 HQ

717 149 988 181 EPISTULARUM
1012 152 1084 182 LIB.
1105 149 1152 185 ill.

1682 149 1752 181 1150

121 203 153 229 ιν
168 199 368 236 Μεσοποταμίᾳ
381 200 410 233 ἐξ
422 200 560 235 Αἰγύπτου
576 203 810 238 περιωρισμένους
821 211 828 218 ο
848 203 910 229 καθ-

963 212 1044 232 sensu
1063 215 1069 232 :
1088 212 1118 233 ut
1131 205 1241 233 divinus
1253 203 1368 231 Basilius
1381 204 1460 232 docet
1472 203 1507 237 ",
1521 203 1554 232 ad
1565 211 1613 232 eos
1627 204 1750 232 scribens

121 247 277 282 απτόμενος
292 246 382 273 αὐτῶν
397 247 425 273 ὲν
440 246 480 282 τῷ
495 247 659 282 ἀφυλάκτως
672 249 874 284 προσήκασθσι.

159 337 194 363 Ἥ
210 336 335 371 ἀγνοεῖτε
347 335 362 362 ὃ
377 344 460 371 φησιν
472 337 486 363 ὁ
500 337 581 369 αὐτὸς
597 337 692 373 Πατὴρ
707 338 736 364 ἐν
752 339 833 374 ἑτέρᾳ
848 339 910 366 sm.—

121 383 222 418 στολῇ;
239 392 248 409 ‹
264 383 322 410 Οὐκ
343 381 402 410 οἴδα
416 383 578 415 ἐπίσκοπον,
596 383 663 419 μηδὲ
677 384 862 420 ἀριθμήσαιμι
881 385 910 411 ἐν

121 428 283 458 ἐπισκόποις
305 427 350 454 τὸν
376 427 422 454 ἐπὶ
445 429 620 463 καταστροφῇ
644 428 696 464 τῆς
719 429 838 461 πίστεως
857 430 911 456 ὑπὸ

120 471 176 497 τῶν
195 471 318 506 βεϐήλων
334 472 435 506 χειρῶν
457 472 628 508 προαχθέντα
652 474 692 504 είς
715 474 861 510 προεδρίαν
874 483 880 490 ·
898 483 907 500 ›

121 512 172 542 οἷοί
187 517 241 542 εὶσι
255 515 349 548 τανῦν,
365 516 395 543 οὑ
411 516 445 542 δι’
459 516 571 550 ἄγνοιαν
581 537 588 549 .
612 517 682 544 ἀλλὰ
694 518 739 545 διὰ
754 519 909 554 φιλαρχίαν,

121 559 311 594 ἐπιπηδῶντες
325 561 382 591 τοῖς
407 559 530 595 θρόνοις“
553 561 701 596 προέμενοι
723 562 858 594 ἀκουσίως
878 563 910 599 [ί.

121 604 276 641 ἑκουσίως]
302 605 351 641 τὴν
377 605 519 641 ἀλήθειαν·
533 607 579 632 καὶ
595 607 842 642 ἀντιλαμϐάνοντες
861 609 911 644 τὴν

122 652 172 686 τῆς
196 651 325 683 ἀσεϐείας
347 651 505 687 προεδρίαν.
523 653 557 678 El
573 651 648 678 κατὰ
672 651 829 687 ἄνθρωπον
843 653 912 687 ἐθη-

119 697 312 731 ριομάχησα,
331 697 414 731 φησὶν
439 698 454 723 ὁ
472 697 631 728 Ἀπόστολος
644 717 652 730 ,
672 697 707 724 ὲν
727 697 841 732 Ἐφέσῳ
854 718 862 731 ,
882 699 912 726 τί

121 751 172 776 μοι
185 741 218 768 τὸ
229 741 339 775 ὄφελος
350 749 360 773 ;
370 742 449 776 Λέγω
461 741 539 776 κάγώ
550 749 558 757 ⁴
573 742 604 768 Et
616 742 677 769 καθ’
693 743 765 777 ὑμᾶς
777 744 847 778 μετὰ
861 744 911 779 τὴν

123 788 239 823 ἄρνησιν
267 788 326 823 ἦτοι
349 788 492 814 κοινωνίαν
521 788 575 814 τῶν
604 788 802 824 Χριστομάχων
830 790 911 822 εὐθὺς

123 833 227 860 δεκτέοι
243 833 291 860 καὶ
307 833 498 868 ἀνεπιτίμητοι
518 834 542 860 οἱ
557 833 673 860 τοιοῦτοι
684 841 691 849 °
705 833 731 860 τί
748 835 838 869 μάτην
854 843 913 861 κιν-

123 878 228 905 δυνεύω
242 878 303 905 καθ’
324 879 444 913 ἑκάστην
460 879 582 914 ἡμέραν·
602 879 649 906 καὶ
672 879 709 916 μὴ
723 880 912 915 αὐτομολήσας
926 874 950 904 Β

124 925 193 959 πρὸς
214 924 279 956 τοὺς
304 925 491 957 ὑπεναντίους,
518 923 596 956 αὖθις
622 925 666 952 διὰ
690 926 837 961 μετανοίας
855 927 913 958 τοῖς

124 969 276 1004 ὁρίιοδόξοις
299 970 502 1004 ᾁνεπιτιμήτως
519 970 712 1005 συνταχθείην;
733 970 780 1005 Μὴ
797 970 913 998 πλανὰ-

123 1018 189 1046 σθε.
199 1016 376 1051 φθείρουσιν
386 1015 444 1049 ἤθη
457 1016 574 1050 χρηστὰ
586 1016 699 1050 ὁμιλίαι
710 1017 811 1044 κακαί.
820 1017 913 1052 Ἐκνή-

123 1062 192 1097 ψατε
208 1063 238 1088 ὲν
257 1062 361 1096 Κυρίῳ,
378 1061 428 1094 Τίς
442 1062 470 1088 δὲ
484 1062 624 1089 κοινωνία
648 1062 721 1096 φωτί
742 1062 818 1097 πρὸς
841 1063 913 1090 σκό-

123 1116 186 1140 τος·
196 1108 241 1134 ἵνα
248 1109 281 1134 ὲκ
293 1107 466 1143 παραλλήλου
478 1106 533 1133 τῶν
540 1108 562 1133 Χ
566 1108 739 1144 ριστομάχων
747 1109 781 1136 τὰ
789 1108 873 1144 ήμέτε
879 1118 913 1145 ρα

123 1156 262 1190 cupiret;
284 1154 322 1185 ὡς
338 1154 390 1186 ὄτι,
407 1154 499 1189 φησὶν,
515 1154 592 1181 αὐτοὶ
620 1155 683 1186 τοὺς
707 1154 737 1186 ἐξ
756 1155 913 1190 όροοδοξίας

123 1200 192 1235 πρὸς
201 1200 301 1230 αὐτοὺς
313 1198 470 1234 χωροῦντας
483 1200 556 1235 χαρᾷ
567 1200 772 1235 ἁνεπιτιμήτως
787 1200 914 1236 προσίεν-

122 1254 179 1272 ται.
193 1246 268 1272 Οὐάι
281 1245 341 1272 δέον
350 1244 398 1272 οὖν
412 1245 460 1272 καὶ
474 1245 625 1280 στεφανοῦν
634 1246 708 1281 ἡμᾶς
719 1247 783 1277 τοὺς
791 1247 913 1282 ἁρνητὰς

122 1291 171 1318 τοῦ
197 1291 328 1327 Χριστοῦ,
357 1291 405 1318 καὶ
431 1291 622 1325 σολυμνιάζειν
648 1291 686 1323 ὡς
709 1291 807 1318 ἐκεῖνοί
826 1300 913 1323 ιτινας

123 1337 248 1364 ἐκείνων.
271 1336 416 1370 Ἀδελφοί,
433 1336 536 1370 δέομαι
553 1335 647 1370 ὑμῶν,
657 1336 701 1370 μὴ
715 1336 820 1364 παιδία
834 1337 913 1371 τίνε-

120 1386 179 1411 σθε
194 1383 262 1416 ταῖς
280 1383 390 1417 φρεσίν·
400 1391 406 1398 ·
422 1382 490 1410 ἀλλὰ
505 1382 660 1409 τελειοῦσθε
673 1382 717 1409 διὰ
733 1382 782 1418 τῆς
796 1383 913 1418 ἀληθοῦς

121 1431 310 1465 ἐπιγνώσεως.
330 1432 397 1467 Περὶ
416 1431 472 1458 τῶν
492 1430 545 1463 ἔξω
559 1431 608 1466 τῆς
624 1431 804 1466 ἀδελφότητος
822 1432 911 1467 ήμῶν,

120 1477 164 1509 τίς
192 1478 250 1513 εἰμι
277 1477 369 1504 δοῦναι
381 1477 480 1511 λόγους
502 1477 533 1503 El
557 1476 585 1503 δὲ
609 1476 657 1502 καὶ
677 1477 828 1511 ἀναγκάζοι
852 1477 910 1509 τίς⁸

963 251 1009 284 qui
1026 251 1053 277 in
1069 251 1289 286 Mesopotamiam
1311 250 1419 277 fuerant
1438 251 1549 285 relegati
1562 258 1596 277 ex
1612 249 1728 285 Egypto
1743 260 1749 278 :

941 310 947 321 ι
962 296 1148 332 perstringens
1162 296 1223 323 illos
1237 296 1310 330 quod
1326 300 1427 323 temere
1439 295 1626 322 admitterent.

997 341 1039 366 An
1054 341 1164 368 nescitis
1178 341 1243 376 quid
1254 340 1325 367 idem
1339 340 1419 368 Pater
1426 340 1499 367 dicat
1514 340 1541 367 in
1556 340 1608 367 alia
1619 340 1752 375 epistola?

966 396 975 412 ι
993 385 1053 413 Non
1077 394 1195 422 agnosco
1223 386 1395 422 episcopum.
1422 393 1474 413 nec
1502 386 1574 413 inter
1606 387 1751 421 episcopos

963 431 1040 458 illum
1064 432 1285 464 adnumerarim,
1308 432 1353 466 qui
1380 439 1395 458 a
1418 431 1540 466 profanis
1567 432 1693 459 manibus
1714 432 1749 459 ad

963 477 1025 504 ﬁdei
1047 478 1260 505 destructionem
1280 477 1381 512 praesul
1396 477 1500 504 electus
1515 482 1556 504 est
1569 477 1602 504 ⁷⁵.
1621 486 1631 502 ι
1649 477 1750 510 Quales

962 530 1036 549 nunc
1051 525 1179 558 suntqui,
1196 530 1250 550 non
1268 530 1316 558 per
1327 522 1519 557 ignorantiam,
1533 523 1581 550 sed
1592 523 1749 550 dominandi

963 569 1064 601 studio,
1090 569 1118 595 in
1144 569 1224 596 sedes
1246 568 1388 601 insiliunt,
1413 568 1556 595 veritatem
1579 572 1676 602 sponte
1701 576 1750 595 sua

962 615 1121 649 prodentes,
1141 618 1168 641 et
1186 614 1291 648 prtemii
1313 613 1373 640 loco
1396 613 1543 648 impietatis
1567 613 1750 647 principatum

963 659 1138 694 accipientes.
1152 658 1181 685 Si
1191 659 1331 685 secundant
1341 659 1480 688 hominem,
1495 658 1582 692 inquit
1592 658 1750 693 Apostolus.

963 706 997 732 ad
1021 705 1116 731 bestias
1146 705 1261 740 pugnaui
1287 704 1392 739 Ephesi,
1418 704 1480 739 quid
1496 704 1560 730 mihi
1586 704 1689 738 prodest
1702 703 1752 730 7'?

963 751 1012 778 Aio
1026 755 1054 778 et
1065 758 1117 786 ego
1131 759 1140 780 :
1156 751 1184 778 Si
1199 755 1259 786 post
1282 751 1455 786 negationem
1474 750 1516 778 vel
1532 751 1750 778 communionem

962 806 1025 826 cum
1038 797 1264 830 Christomacliis,
1285 797 1352 824 tales
1367 797 1471 828 statim,
1496 797 1633 826 sententia
1649 803 1751 829 vestra.

963 844 1022 871 sine
1036 851 1116 878 poma
1131 842 1278 878 recipiendi
1297 848 1361 870 sunt
1373 853 1380 871 :
1392 851 1440 871 cur
1454 843 1591 871 incassum
1612 843 1753 878 periclitor

964 889 993 917 in
1008 889 1076 922 dies,
1098 897 1130 916 ac
1144 896 1198 916 non
1213 890 1304 924 potius
1319 890 1352 916 ad
1377 890 1550 918 adversarios
1567 889 1639 917 ultro
1653 897 1753 917 occur-

963 942 1036 967 rens,
1053 934 1215 962 orthodoxis
1230 934 1340 968 iterum,
1357 942 1418 962 mox
1446 940 1476 962 ut
1495 935 1559 963 facti
1582 928 1751 971 pdmituerit,

963 980 1022 1009 sine
1035 988 1115 1015 pmna
1130 980 1183 1007 ulla
1196 988 1238 1008 me
1254 988 1368 1016 aggrego
1380 981 1392 1008 ’ί
1404 980 1492 1008 Nolite
1504 982 1592 1008 seduci
1607 989 1616 1008 :
1633 989 1753 1008 corrum-

963 1030 1027 1060 punt
1040 1025 1118 1052 bonos
1134 1032 1217 1052 more:
1226 1024 1354 1059 colloquia
1368 1032 1453 1059 prava
1464 1025 1498 1051 ’7.
1512 1024 1642 1060 Evigilate
1657 1025 1685 1051 in
1697 1024 1753 1050 Do-

963 1071 1048 1098 mino.
1067 1069 1132 1103 Quin
1157 1073 1247 1097 autem
1261 1071 1372 1106 societas
1393 1070 1446 1097 luci
1471 1070 1506 1096 ad
1521 1069 1641 1097 tenebras
1656 1069 1679 1085 "
1695 1078 1702 1096 :
1722 1073 1752 1096 ut

962 1116 1234 1153 Christomachorum
1259 1116 1345 1143 instar
1371 1123 1414 1143 res
1439 1120 1538 1143 nostra:
1567 1116 1720 1150 dirigantur
1741 1116 1753 1142 ’ἶ

963 1164 1097 1197 Quoniam
1109 1163 1171 1199 ipsi,
1186 1163 1322 1198 inquiunt,
1339 1171 1386 1190 eos
1398 1163 1443 1198 qui
1456 1163 1491 1190 ab
1508 1162 1658 1190 orthodoxa
1673 1168 1752 1197 parte

963 1212 996 1238 ad
1006 1211 1065 1238 illos
1076 1214 1227 1241 transeunt.
1238 1218 1299 1237 cum
1312 1209 1420 1246 gaudio,
1439 1209 1511 1236 nulla
1527 1216 1607 1243 pinna
1623 1209 1750 1243 irrogata,

963 1257 1126 1292 suscipiunt.
1138 1257 1184 1284 Va:
1199 1264 1206 1289 ;
1230 1264 1295 1292 ergo
1309 1261 1336 1283 et
1349 1255 1497 1283 coronandi
1519 1258 1583 1282 sunt
1603 1254 1682 1282 nobis
1703 1261 1752 1280 ne-

963 1307 1068 1339 gatores
1082 1302 1194 1335 Christi,
1216 1306 1244 1330 et
1267 1301 1382 1329 solemni
1398 1302 1502 1329 honore
1516 1300 1661 1331 alliciendi,
1678 1305 1707 1327 ut
1718 1300 1752 1327 ab

963 1349 1017 1376 illis
1040 1349 1148 1384 quidam
1171 1356 1267 1376 eorum
1286 1347 1374 1375 affecti
1394 1353 1467 1375 sunt.
1487 1348 1606 1379 Fratres,
1628 1355 1672 1373 oro
1694 1355 1751 1377 vos.

963 1395 1043 1422 nolite
1065 1396 1140 1430 pueri
1165 1395 1229 1430 efﬁci
1242 1394 1359 1421 sensibus
1373 1395 1407 1427 "’,
1423 1394 1470 1421 sed
1489 1401 1538 1428 per
1554 1401 1646 1420 veram
1661 1392 1752 1420 scien-

963 1441 1028 1468 tiam
1056 1441 1227 1476 periicimini.
1244 1440 1281 1467 De
1301 1440 1345 1468 his
1356 1443 1446 1467 autem
1464 1439 1511 1475 qui
1532 1444 1609 1466 extra
1622 1438 1751 1466 fraterni-

964 1491 1047 1514 tatem
1062 1491 1184 1514 nostram
1194 1491 1267 1519 sunt,
1280 1486 1342 1520 quis
1352 1493 1402 1521 ego
1418 1493 1478 1512 sum
1493 1489 1522 1512 ut
1535 1485 1616 1512 verba
1632 1484 1727 1511 faciam
1740 1484 1752 1510 7

121 1523 216 1558 ἐπειδὴ
240 1523 260 1556 ἠ
286 1523 386 1557 ἀγάπη
404 1522 550 1556 πλήρωμα
573 1519 653 1549 οὖσα
674 1523 770 1557 νόμου
787 1523 844 1558 ἔχει
864 1523 910 1549 καὶ

963 1532 990 1559 Si
1006 1537 1084 1567 cogat
1108 1536 1198 1558 tamen
1213 1519 1346 1566 quispiam
1359 1519 1516 1565 {quoniam
1539 1538 1598 1563 quze
1615 1529 1751 1564 plenitudo

119 1569 171 1604 τὴν
190 1568 297 1596 πειθώ·
312 1568 391 1595 τοῦτό
415 1577 487 1604 φημι
508 1568 523 1595 ὃ
540 1569 586 1595 καὶ
603 1569 649 1595 ἐπὶ
671 1569 725 1595 τῶν
747 1568 907 1604 ἡμετέρων·

119 1614 258 1650 ἡμεδαποὶ
282 1614 337 1650 γὰρ
363 1614 495 1641 κάκεῖνοι.
511 1614 701 1650 Πρεσϐύτερος
716 1613 772 1640 είτε
786 1614 909 1650 ὑπογρά-

118 1661 184 1696 ψας,
202 1662 258 1688 εἶτε
272 1661 442 1696 κοινωνήσας
457 1661 534 1696 φόὸῳ
551 1660 588 1696 μὴ
600 1661 690 1696 φέρων
706 1660 755 1694 τὴν
775 1660 908 1692 κάκωσιν,

120 1707 259 1742 εἰργέσθω
272 1707 324 1742 τῆς
338 1708 490 1738 κοινωνίας.
507 1707 586 1734 Κατὰ
601 1706 719 1742 Χριστοῦ
741 1706 795 1742 γὰρ
815 1715 911 1733 κοινω-

120 1755 216 1790 νήσας.
233 1754 292 1786 πῶς
308 1754 410 1781 δύναιτ’
426 1754 459 1780 ἄν
470 1753 581 1789 Χριστῷ
603 1754 759 1786 κοινωνεῖν;
781 1753 836 1784 Τῆς
855 1752 910 1788 γὰρ

120 1799 315 1832 ἐγκρατήσεως
340 1797 390 1832 τῆς
418 1798 575 1832 ἱερουργίας
596 1797 672 1833 παρὰ
693 1796 835 1832 συνοδικῆς
853 1797 911 1823 ἐπι-

121 1844 248 1879 σκέψεως
264 1846 280 1880 ή
296 1844 383 1876 λύσις.
405 1844 435 1871 '0
453 1844 532 1877 δόξας
550 1840 683 1880 μετὰδτὴν
706 1841 791 1879 ἧτταν
805 1844 911 1870 ἀναπα-

119 1891 213 1918 λαϊσαι
223 1899 230 1906 ·
239 1891 421 1926 ἀποχωρείτω
434 1890 482 1917 τοῦ
493 1891 522 1917 ἐν
532 1887 554 1924 ᾧ
568 1890 714 1923 ἐκαθέζετο
729 1890 793 1925 πρὶν
805 1889 888 1916 τόπου
900 1896 910 1905 '

119 1936 182 1963 ἐπεὶ
198 1936 257 1967 πῶς
272 1936 463 1971 γνωσθήσεται
486 1936 560 1972 αὺτῷ
584 1945 614 1963 τε
638 1936 735 1972 ἐκείνῳ
754 1937 771 1971 ή
792 1935 909 1971 ἄρνησις

119 1983 155 2018 ἠν
168 1983 275 2018 ὑπέστη
285 2002 294 2015 ,
310 1982 358 2010 καὶ
373 1982 463 2014 ἄλλοις
476 1991 484 2016 ;

156 2070 196 2099 Οὺ
233 2070 316 2106 χωρῶ
349 2070 494 2105 ἐπιτρέψαι
516 2078 523 2086 °
543 2070 586 2097 ἐπ’
613 2069 647 2097 ἂν
672 2071 690 2105 ἡ
727 2070 911 2102 ὰναπάλαισις

120 2116 204 2143 αὐτοῦ
219 2116 337 2152 μάλιστα
345 2117 394 2143 οὑκ
409 2117 518 2151 ἐγένετο
535 2117 563 2143 ὲν
580 2117 708 2153 ἐπισήμῳ
723 2117 777 2144 τινὶ
791 2118 910 2152 δράματι

119 2161 177 2191 οἷον
196 2165 243 2191 ἐπὶ
263 2164 309 2191 τοῦ
323 2164 494 2196 Λαοδικείας.
510 2164 578 2191 Οὐδὲ
594 2164 649 2200 γὰρ
674 2165 771 2200 ἐκείνῳ
787 2165 910 2198 συμϐου-

963 1577 1026 1613 legis
1043 1582 1080 1604 est
1092 1577 1197 1604 dilectio
1211 1577 1244 1609 “,
1259 1583 1336 1604 suam
1353 1583 1461 1611 quoque
1478 1576 1616 1603 suadelam
1639 1575 1723 1602 habet
1743 1584 1750 1602 :

962 1624 1014 1651 hoc
1035 1623 1123 1657 ipsutn
1141 1623 1213 1654 dico,
1232 1622 1303 1656 quod
1314 1621 1348 1649 de
1369 1621 1470 1649 nostris
1488 1630 1494 1648 :
1524 1629 1587 1648 nam
1613 1625 1641 1648 et
1665 1619 1751 1647 nostri

961 1674 1025 1698 sunt
1035 1671 1117 1696 etiam
1128 1668 1176 1695 illi.
1188 1667 1330 1702 Presbyter
1340 1674 1387 1694 seu
1400 1666 1604 1701 subscripserit,
1616 1673 1665 1693 seu
1678 1669 1751 1692 metu

961 1713 1173 1742 communicarit
1198 1712 1370 1739 alllictionem
1384 1719 1440 1738 non
1459 1711 1550 1739 ferens
1569 1719 1576 1744 ;
1594 1718 1609 1737 a
1626 1718 1750 1738 commu-

961 1761 1043 1788 nione
1059 1763 1193 1787 arceatur.
1209 1758 1261 1791 Qui
1274 1748 1350 1785 [enim
1369 1758 1498 1785 adversus
1519 1757 1659 1784 Christum
1675 1763 1751 1783 com-

962 1806 1120 1833 munionem
1137 1805 1207 1837 iniit,
1227 1805 1273 1839 qui
1301 1808 1390 1838 potest
1410 1811 1473 1831 cum
1493 1803 1601 1831 Christo
1627 1810 1750 1830 commu-

961 1849 1075 1877 nicare?
1093 1848 1259 1876 Privationis
1284 1848 1357 1876 enim
1382 1847 1508 1875 sacriﬁcii
1525 1847 1657 1875 relaxatio
1671 1854 1752 1882 syno-

961 1896 1028 1923 dica
1039 1899 1082 1923 est
1092 1894 1309 1922 consultationis.
1322 1893 1373 1926 Qui
1386 1898 1446 1928 post
1454 1894 1559 1928 lapsutn
1569 1893 1602 1920 ad
1613 1897 1751 1920 certamen

961 1943 1059 1970 iterum
1076 1941 1232 1972 revertitur,
1247 1941 1383 1968 abstineat
1396 1940 1430 1968 ab
1444 1948 1477 1968 eo
1497 1940 1557 1968 loco
1574 1947 1655 1975 quem
1674 1939 1750 1974 prius

961 1989 1079 2017 obtinuit
1094 1997 1101 2016 :
1124 1987 1224 2023 alioqui
1237 1988 1374 2022 quomodo
1392 1989 1547 2015 innotescat
1564 1992 1623 2014 tum
1640 1986 1750 2021 ipsimet

961 2035 1069 2071 negatio
1086 2042 1167 2069 quam
1185 2041 1283 2069 passus
1297 2038 1351 2066 est,
1363 2039 1420 2061 tum
1435 2034 1521 2061 aliis?

997 2080 1056 2108 Non
1077 2088 1189 2115 possum
1216 2079 1372 2114 permittere
1389 2088 1395 2105 :
1410 2079 1560 2114 praesertim
1576 2079 1687 2115 quando
1702 2078 1753 2106 ite-

961 2132 1019 2154 rata
1037 2127 1122 2161 ipsius
1141 2134 1229 2161 pugna
1252 2125 1351 2160 insigni
1375 2125 1503 2160 quopiam
1525 2133 1608 2160 opere
1624 2133 1677 2153 non
1694 2134 1754 2153 cer-

962 2173 1053 2200 nitur:
1066 2171 1296 2206 quemadmodum
1317 2171 1343 2198 in
1356 2171 1485 2206 episcopo
1496 2170 1646 2199 Laodiceae.
1660 2171 1754 2207 Neque

119 2210 251 2245 λεύσαιμι
267 2211 300 2237 ἂν
311 2211 399 2245 ἔγωγε
419 2211 582 2246 ἱερουργεῖν,
610 2211 627 2246 ἢ
656 2211 738 2246 μόνον
768 2212 910 2238 κοινωνεῖν

963 2218 1033 2246 enim
1050 2218 1087 2246 illi
1103 2224 1154 2252 ego
1169 2221 1264 2244 auctor
1280 2216 1378 2244 luerim
1399 2217 1582 2249 sacriﬁcandi,
1601 2217 1647 2244 sed
1673 2224 1751 2244 com-

119 2257 164 2284 διὰ
179 2256 210 2283 τὸ
223 2255 370 2291 ἐπίσημον.
384 2256 477 2287 υῦτως
490 2256 536 2282 ὲπὶ
551 2255 598 2283 τοῦ
625 2256 751 2291 τυχόντος
778 2256 910 2291 μονάζον-

119 2310 167 2333 eo;
179 2309 187 2317 ·
204 2301 292 2333 οὕτως
308 2301 355 2327 ἐπὶ
365 2300 461 2328 λαῖκοῦ
474 2309 481 2317 ’
500 2300 586 2337 εἶρξις
601 2301 653 2336 τῆς
668 2302 822 2334 κοινωνίας,
841 2303 911 2337 μετὰ

118 2346 176 2373 τῶν
192 2346 282 2373 ἄλλων
293 2347 377 2380 ἀξίων
393 2347 508 2382 καρπῶν
536 2347 588 2381 τῆς
609 2347 755 2382 μετανοίας
772 2356 778 2363 ·
806 2349 911 2383 ἀναμέ-

120 2401 178 2419 νειν
191 2401 222 2418 τε
235 2392 281 2419 τὸν
296 2392 392 2427 καιρὸν
407 2393 457 2428 τῆς
469 2391 637 2428 όρθοθοξίας.
656 2393 730 2428 Πλὴν
742 2394 836 2430 ἐπειδὴ
866 2395 911 2420 ὲν-

118 2437 241 2472 ὂέχεται,
259 2437 305 2463 καὶ
325 2436 421 2472 ὕφεσιν
437 2437 486 2464 καὶ
510 2438 659 2472 πρόσθεσιν
682 2438 808 2472 γίνεσθαι
836 2439 912 2474 παρὰ

118 2482 168 2509 τοῦ
186 2482 372 2517 ἐπιτιμῶντος
383 2492 389 2499 ι
407 2482 454 2508 ἐπὶ
465 2482 514 2517 τῆς
531 2483 675 2514 κοινωνίας
686 2483 758 2517 λέγω
768 2492 776 2499 ·
792 2485 913 2511 ἐκτεινο-

121 2527 213 2562 μένων
226 2527 280 2553 τῶν
291 2528 396 2563 χρόνων
409 2528 460 2564 τῆς
477 2529 611 2563 αἱρέσεως
627 2529 699 2555 ’κατὰ
710 2529 743 2556 τὰ
767 2530 913 2566 ἀθεώρητα

118 2574 245 2608 κρίματα
262 2573 312 2607 τῆς
325 2573 433 2605 δικαίας
456 2574 539 2609 όργῆς
553 2573 602 2600 τοῦ
617 2574 685 2601 Θεοῦ
698 2583 705 2590 ·
724 2574 782 2602 ἔστι
796 2576 843 2602 καὶ
859 2576 912 2611 πρὸ

119 2618 234 2645 συνόδου
251 2618 331 2645 λῦσαι
344 2619 375 2645 ὲν
406 2619 521 2654 Κυρίῳ·
552 2619 646 2651 καθὼς
670 2620 855 2648 ὐποπέπτωκε
880 2622 912 2648 τὸ

117 2664 270 2698 πρόσωπον
284 2664 435 2700 βαρύτερον
452 2665 468 2700 ἦ
485 2665 669 2701 ἐλαφρότερον
683 2674 690 2680 ·
717 2667 766 2693 καὶ
790 2667 852 2694 καθ’
878 2668 912 2703 ἦν

118 2709 202 2736 πάλιν
219 2709 395 2736 ὑποδείκνυσι
412 2710 558 2745 μετάνοιαν
574 2718 580 2724 ·
596 2710 637 2742 εἷς
661 2719 691 2737 τε
719 2711 783 2742 τοὺς
809 2713 911 2747 ήμετέ-

120 2763 185 2790 ρους
197 2755 246 2782 καὶ
259 2755 322 2788 τοὺς
338 2755 401 2790 ἔξω,
416 2757 606 2783 συνεστιᾶσθαι
621 2757 721 2790 αὐτοὺς
733 2758 764 2784 οὺ
776 2759 912 2786 κωλυτὲον

959 2263 1116 2291 municandi
1129 2267 1234 2291 tantum
1250 2267 1361 2298 propter
1376 2262 1572 2291 celebritatem.
1588 2263 1635 2290 Sic
1650 2263 1678 2289 in
1692 2270 1752 2289 mo-

958 2310 1046 2337 nacho
1079 2317 1255 2344 unoquoque,
1281 2309 1322 2336 sic
1347 2308 1374 2335 in
1399 2309 1469 2335 laico
1486 2318 1493 2335 :
1510 2309 1646 2336 arcendus
1669 2312 1711 2336 est
1737 2315 1752 2335 a

958 2355 1231 2387 communione,cum
1242 2354 1304 2381 aliis
1317 2353 1406 2389 dignis
1422 2353 1556 2381 fructibus
1565 2353 1731 2388 poenitentia:
1744 2361 1752 2380 :

959 2400 1226 2434 exspectandumque
1237 2404 1343 2434 tempus
1353 2399 1412 2427 lldei
1425 2399 1596 2426 orthodoxze.
1605 2398 1752 2430 Caeterum,

964 2445 1094 2480 quoniam
1114 2449 1141 2471 et
1153 2445 1252 2472 remitti
1266 2450 1293 2472 et
1308 2444 1411 2472 intendi
1431 2452 1539 2480 poenam
1555 2445 1589 2471 ab
1605 2452 1638 2472 eo
1654 2443 1696 2471 fas
1711 2448 1754 2470 est

963 2491 1010 2526 qui
1037 2491 1164 2524 imponit;
1181 2490 1214 2518 de
1238 2491 1434 2518 communione
1463 2491 1573 2525 loquor;
1598 2490 1621 2518 si
1638 2489 1754 2518 oecultis

961 2536 1042 2572 justa:
1057 2535 1102 2563 Dei
1120 2536 1166 2563 iraa
1180 2535 1290 2571 judiciis
1307 2537 1442 2564 hzcreseos
1463 2540 1585 2570 tempora
1603 2543 1753 2570 prorogan-

964 2587 1018 2613 tur,
1029 2582 1120 2609 licel-it
1128 2583 1209 2609 etiam
1220 2586 1282 2609 ante
1292 2582 1428 2617 synodum
1445 2581 1473 2608 in
1488 2581 1607 2608 Domino
1617 2581 1753 2612 relaxare,

966 2632 1045 2663 prout
1060 2635 1176 2663 persona
1193 2627 1305 2662 gravius
1321 2628 1441 2655 leviusve
1455 2627 1530 2661 lapsa
1545 2631 1598 2659 est,
1617 2631 1644 2653 et
1658 2634 1708 2661 pro
1722 2633 1754 2653 ea

965 2681 1074 2700 rursum
1094 2673 1265 2708 pmnitentia,
1278 2681 1360 2708 quam
1385 2680 1442 2708 pra:
1466 2680 1495 2700 se
1517 2673 1569 2699 [ert
1589 2681 1596 2699 :
1616 2676 1673 2699 tum
1689 2679 1755 2706 erga

966 2724 1086 2751 nostros,
1104 2723 1161 2746 tum
1176 2726 1240 2754 erga
1257 2722 1402 2746 extraneos
1415 2717 1614 2752 prohibendum
1627 2724 1682 2743 non
1694 2721 1754 2747 est;

966 2761 1032 2796 quin
1047 2770 1100 2789 una
1112 2762 1265 2796 epulentur,
1281 2770 1334 2789 non
1349 2766 1439 2789 tamen
1465 2766 1494 2789 ut
1513 2760 1675 2789 benedicant
1692 2764 1755 2786 ante

156 2812 279 2854 ξενίου..
311 2813 373 2854 ﬁt}:
413 2814 443 2854 ’ξ’
454 2814 538 2854 Ιξρίει.
560 2814 619 2845 I92,
639 2814 781 2854 l‘ljcopolit.
796 2817 916 2852 prcsbyt.
955 2819 1002 2847 ⁷⁸1
1024 2819 1146 2854 (ἔοι-Γκν,
1163 2820 1207 2849 3‘2.
1246 2821 1268 2837 ⁷⁷
1305 2819 1370 2848 ibid.
1392 2820 1437 2848 53.
1475 2819 1498 2835 "
1521 2818 1543 2846 ll
1561 2817 1624 2846 Cor.
1643 2825 1680 2848 Vl,
1712 2816 1751 2843 ll.

124 2847 148 2862 "
163 2846 174 2874 Ι
187 2846 251 2875 cor.
266 2856 320 2881 xiv,
337 2849 382 2876 ‘20.
421 2849 443 2865 ⁸³
459 2846 538 2877 Rom.
556 2858 614 2881 xm.
639 2850 679 2878 10.
