  <div class='ocr_page' id='page_1' title='image "/cluster/home/n/w/nwhite01/storage/ocr_20150623/99/njp.32101010943858/621.png"; bbox 0 0 1923 3078; ppageno 0'>
   <div class='ocr_carea' id='block_1_1' title="bbox 182 137 249 169">
    <p class='ocr_par' dir='ltr' id='par_1_1' title="bbox 182 137 249 169">
     <span class='ocr_line' id='line_1_1' title="bbox 182 137 249 169; baseline -0.015 0"><span class='ocrx_word' id='word_1_1' title='bbox 182 137 249 169; x_wconf 65' lang='grc' dir='ltr'>ιιει</span> 
     </span>
    </p>
   </div>
   <div class='ocr_carea' id='block_1_2' title="bbox 776 127 1219 164">
    <p class='ocr_par' dir='ltr' id='par_1_2' title="bbox 776 127 1219 164">
     <span class='ocr_line' id='line_1_2' title="bbox 776 127 1219 164; baseline -0.014 0"><span class='ocrx_word' id='word_1_2' title='bbox 776 135 806 164; x_wconf 86' lang='lat' dir='ltr'><strong>S.</strong></span> <span class='ocrx_word' id='word_1_3' title='bbox 820 131 1018 163; x_wconf 85' lang='lat' dir='ltr'><strong>&#39;IliEODORI</strong></span> <span class='ocrx_word' id='word_1_4' title='bbox 1044 127 1219 160; x_wconf 64' lang='lat' dir='ltr'><strong>STUDszE</strong></span> 
     </span>
    </p>
   </div>
   <div class='ocr_carea' id='block_1_3' title="bbox 1747 119 1816 151">
    <p class='ocr_par' dir='ltr' id='par_1_3' title="bbox 1747 119 1816 151">
     <span class='ocr_line' id='line_1_3' title="bbox 1747 119 1816 151; baseline 0 0"><span class='ocrx_word' id='word_1_5' title='bbox 1747 119 1816 151; x_wconf 77' lang='lat'><strong>1152</strong></span> 
     </span>
    </p>
   </div>
   <div class='ocr_carea' id='block_1_4' title="bbox 181 174 980 226">
    <p class='ocr_par' dir='ltr' id='par_1_4' title="bbox 181 189 968 226">
     <span class='ocr_line' id='line_1_4' title="bbox 181 189 968 226; baseline -0.009 -5"><span class='ocrx_word' id='word_1_6' title='bbox 181 194 387 221; x_wconf 74' lang='lat' dir='ltr'><strong>retaxationem.</strong></span> <span class='ocrx_word' id='word_1_7' title='bbox 400 192 461 220; x_wconf 59' lang='lat' dir='ltr'><strong>Haec</strong></span> <span class='ocrx_word' id='word_1_8' title='bbox 480 195 543 219; x_wconf 84' lang='lat' dir='ltr'><strong>sunt</strong></span> <span class='ocrx_word' id='word_1_9' title='bbox 556 198 615 226; x_wconf 72' lang='lat' dir='ltr'><strong>qua:</strong></span> <span class='ocrx_word' id='word_1_10' title='bbox 627 191 660 218; x_wconf 79' lang='lat' dir='ltr'><strong>de</strong></span> <span class='ocrx_word' id='word_1_11' title='bbox 671 190 715 217; x_wconf 84' lang='lat' dir='ltr'><strong>his</strong></span> <span class='ocrx_word' id='word_1_12' title='bbox 726 190 813 217; x_wconf 80' lang='lat' dir='ltr'><strong>habeo</strong></span> <span class='ocrx_word' id='word_1_13' title='bbox 829 190 855 216; x_wconf 91' lang='lat' dir='ltr'><strong>in</strong></span> <span class='ocrx_word' id='word_1_14' title='bbox 870 189 968 215; x_wconf 61' lang='lat' dir='ltr'><strong>timore</strong></span> 
     </span>
    </p>
   </div>
   <div class='ocr_carea' id='block_1_5' title="bbox 1038 174 1815 226">
    <p class='ocr_par' dir='ltr' id='par_1_5' title="bbox 1038 174 1815 220">
     <span class='ocr_line' id='line_1_5' title="bbox 1038 174 1815 220; baseline -0.013 -8"><span class='ocrx_word' id='word_1_15' title='bbox 1038 186 1069 220; x_wconf 71' lang='grc' dir='ltr'><strong>ὖχ</strong></span> <span class='ocrx_word' id='word_1_16' title='bbox 1086 185 1130 211; x_wconf 80' lang='grc' dir='ltr'>ἵνα</span> <span class='ocrx_word' id='word_1_17' title='bbox 1145 182 1296 217; x_wconf 84' lang='grc' dir='ltr'>εὐλογῶσιν</span> <span class='ocrx_word' id='word_1_18' title='bbox 1311 181 1364 212; x_wconf 75' lang='grc' dir='ltr'>ἕως</span> <span class='ocrx_word' id='word_1_19' title='bbox 1377 179 1493 211; x_wconf 82' lang='grc' dir='ltr'>λύσεως.</span> <span class='ocrx_word' id='word_1_20' title='bbox 1507 177 1635 205; x_wconf 79' lang='grc' dir='ltr'>τοσαῦτά</span> <span class='ocrx_word' id='word_1_21' title='bbox 1656 186 1701 211; x_wconf 86' lang='grc' dir='ltr'>μοι</span> <span class='ocrx_word' id='word_1_22' title='bbox 1721 174 1815 203; x_wconf 72' lang='grc' dir='ltr'>ὦπται</span> 
     </span>
    </p>
   </div>
   <div class='ocr_carea' id='block_1_6' title="bbox 182 234 969 272">
    <p class='ocr_par' dir='ltr' id='par_1_6' title="bbox 182 234 969 272">
     <span class='ocr_line' id='line_1_6' title="bbox 182 234 969 272; baseline -0.006 -5"><span class='ocrx_word' id='word_1_23' title='bbox 182 240 228 267; x_wconf 75' lang='lat' dir='ltr'><strong>Dei</strong></span> <span class='ocrx_word' id='word_1_24' title='bbox 243 245 270 267; x_wconf 89' lang='lat' dir='ltr'><strong>et</strong></span> <span class='ocrx_word' id='word_1_25' title='bbox 282 240 406 267; x_wconf 89' lang='lat' dir='ltr'><strong>veritate.</strong></span> <span class='ocrx_word' id='word_1_26' title='bbox 419 238 447 266; x_wconf 90' lang='lat' dir='ltr'>Si</span> <span class='ocrx_word' id='word_1_27' title='bbox 460 238 525 272; x_wconf 87' lang='lat' dir='ltr'><strong>quid</strong></span> <span class='ocrx_word' id='word_1_28' title='bbox 544 238 605 264; x_wconf 87' lang='lat' dir='ltr'><strong>novi</strong></span> <span class='ocrx_word' id='word_1_29' title='bbox 621 237 662 263; x_wconf 87' lang='lat' dir='ltr'><strong>vel</strong></span> <span class='ocrx_word' id='word_1_30' title='bbox 676 244 691 263; x_wconf 86' lang='lat' dir='ltr'><strong>a</strong></span> <span class='ocrx_word' id='word_1_31' title='bbox 711 236 788 263; x_wconf 83' lang='lat' dir='ltr'><strong>vobis</strong></span> <span class='ocrx_word' id='word_1_32' title='bbox 804 235 844 262; x_wconf 87' lang='lat' dir='ltr'><strong>vel</strong></span> <span class='ocrx_word' id='word_1_33' title='bbox 859 235 893 262; x_wconf 85' lang='lat' dir='ltr'><strong>ab</strong></span> <span class='ocrx_word' id='word_1_34' title='bbox 907 234 969 262; x_wconf 89' lang='lat' dir='ltr'><strong>aliis</strong></span> 
     </span>
    </p>
   </div>
   <div class='ocr_carea' id='block_1_7' title="bbox 178 280 970 320">
    <p class='ocr_par' dir='ltr' id='par_1_7' title="bbox 178 280 970 320">
     <span class='ocr_line' id='line_1_7' title="bbox 178 280 970 320; baseline -0.008 -8"><span class='ocrx_word' id='word_1_35' title='bbox 178 285 347 320; x_wconf 73' lang='lat' dir='ltr'><strong>proferatur,</strong></span> <span class='ocrx_word' id='word_1_36' title='bbox 363 284 478 312; x_wconf 84' lang='lat' dir='ltr'><strong>discam.</strong></span> <span class='ocrx_word' id='word_1_37' title='bbox 494 283 592 310; x_wconf 80' lang='lat' dir='ltr'><strong>Fateor</strong></span> <span class='ocrx_word' id='word_1_38' title='bbox 603 282 676 309; x_wconf 88' lang='lat' dir='ltr'><strong>enim</strong></span> <span class='ocrx_word' id='word_1_39' title='bbox 690 289 734 308; x_wconf 88' lang='lat' dir='ltr'><strong>me</strong></span> <span class='ocrx_word' id='word_1_40' title='bbox 749 281 775 308; x_wconf 92' lang='lat' dir='ltr'><strong>in</strong></span> <span class='ocrx_word' id='word_1_41' title='bbox 790 280 884 308; x_wconf 89' lang='lat' dir='ltr'><strong>multis</strong></span> <span class='ocrx_word' id='word_1_42' title='bbox 909 287 970 314; x_wconf 90' lang='lat' dir='ltr'><strong>pee-</strong></span> 
     </span>
    </p>
   </div>
   <div class='ocr_carea' id='block_1_8' title="bbox 177 325 970 358">
    <p class='ocr_par' dir='ltr' id='par_1_8' title="bbox 177 325 970 358">
     <span class='ocr_line' id='line_1_8' title="bbox 177 325 970 358; baseline -0.008 0"><span class='ocrx_word' id='word_1_43' title='bbox 177 339 244 358; x_wconf 75' lang='lat' dir='ltr'><strong>rare</strong></span> <span class='ocrx_word' id='word_1_44' title='bbox 260 341 266 358; x_wconf 92' lang='lat'>:</span> <span class='ocrx_word' id='word_1_45' title='bbox 283 335 309 358; x_wconf 89' lang='lat' dir='ltr'><strong>et</strong></span> <span class='ocrx_word' id='word_1_46' title='bbox 325 330 410 356; x_wconf 90' lang='lat' dir='ltr'><strong>multa</strong></span> <span class='ocrx_word' id='word_1_47' title='bbox 429 329 534 356; x_wconf 82' lang='lat' dir='ltr'><strong>nescire</strong></span> <span class='ocrx_word' id='word_1_48' title='bbox 557 336 611 355; x_wconf 91' lang='lat' dir='ltr'><strong>non</strong></span> <span class='ocrx_word' id='word_1_49' title='bbox 635 328 736 355; x_wconf 87' lang='lat' dir='ltr'><strong>abnuo.</strong></span> <span class='ocrx_word' id='word_1_50' title='bbox 764 325 857 354; x_wconf 85' lang='lat' dir='ltr'><strong>Saluta</strong></span> <span class='ocrx_word' id='word_1_51' title='bbox 872 325 970 352; x_wconf 79' lang='lat' dir='ltr'><strong>fratres</strong></span> 
     </span>
    </p>
   </div>
   <div class='ocr_carea' id='block_1_9' title="bbox 183 372 969 407">
    <p class='ocr_par' dir='ltr' id='par_1_9' title="bbox 183 372 969 407">
     <span class='ocr_line' id='line_1_9' title="bbox 183 372 969 407; baseline -0.006 -4"><span class='ocrx_word' id='word_1_52' title='bbox 183 383 245 404; x_wconf 84' lang='lat' dir='ltr'><strong>tuos</strong></span> <span class='ocrx_word' id='word_1_53' title='bbox 265 381 290 404; x_wconf 81' lang='lat' dir='ltr'><strong>et</strong></span> <span class='ocrx_word' id='word_1_54' title='bbox 305 376 375 403; x_wconf 81' lang='lat' dir='ltr'><strong>ﬁlios</strong></span> <span class='ocrx_word' id='word_1_55' title='bbox 392 383 480 407; x_wconf 90' lang='lat' dir='ltr'><strong>meos,</strong></span> <span class='ocrx_word' id='word_1_56' title='bbox 498 375 606 401; x_wconf 82' lang='lat' dir='ltr'><strong>Petrum</strong></span> <span class='ocrx_word' id='word_1_57' title='bbox 622 374 760 404; x_wconf 84' lang='lat' dir='ltr'><strong>abbatem,</strong></span> <span class='ocrx_word' id='word_1_58' title='bbox 771 377 799 400; x_wconf 85' lang='lat' dir='ltr'><strong>et</strong></span> <span class='ocrx_word' id='word_1_59' title='bbox 823 372 969 407; x_wconf 73' lang='lat' dir='ltr'><strong>lgnatium,</strong></span> 
     </span>
    </p>
   </div>
   <div class='ocr_carea' id='block_1_10' title="bbox 180 418 971 454">
    <p class='ocr_par' dir='ltr' id='par_1_10' title="bbox 180 418 971 454">
     <span class='ocr_line' id='line_1_10' title="bbox 180 418 971 454; baseline -0.008 -4"><span class='ocrx_word' id='word_1_60' title='bbox 180 428 209 450; x_wconf 82' lang='lat' dir='ltr'><strong>et</strong></span> <span class='ocrx_word' id='word_1_61' title='bbox 224 422 352 454; x_wconf 86' lang='lat' dir='ltr'><strong>Tithoen,</strong></span> <span class='ocrx_word' id='word_1_62' title='bbox 364 420 533 448; x_wconf 72' lang='lat' dir='ltr'><strong>desideratas</strong></span> <span class='ocrx_word' id='word_1_63' title='bbox 549 420 615 446; x_wconf 90' lang='lat' dir='ltr'><strong>mihi</strong></span> <span class='ocrx_word' id='word_1_64' title='bbox 633 419 658 446; x_wconf 92' lang='lat' dir='ltr'><strong>in</strong></span> <span class='ocrx_word' id='word_1_65' title='bbox 671 419 786 446; x_wconf 91' lang='lat' dir='ltr'><strong>Domino</strong></span> <span class='ocrx_word' id='word_1_66' title='bbox 796 423 823 445; x_wconf 89' lang='lat' dir='ltr'><strong>et</strong></span> <span class='ocrx_word' id='word_1_67' title='bbox 832 418 971 452; x_wconf 79' lang='lat' dir='ltr'><strong>adjutores</strong></span> 
     </span>
    </p>
   </div>
   <div class='ocr_carea' id='block_1_11' title="bbox 180 465 972 501">
    <p class='ocr_par' dir='ltr' id='par_1_11' title="bbox 180 465 972 501">
     <span class='ocr_line' id='line_1_11' title="bbox 180 465 972 501; baseline -0.009 -6"><span class='ocrx_word' id='word_1_68' title='bbox 180 476 272 496; x_wconf 78' lang='lat' dir='ltr'><strong>.mcos.</strong></span> <span class='ocrx_word' id='word_1_69' title='bbox 285 468 377 494; x_wconf 79' lang='lat' dir='ltr'><strong>Saluta</strong></span> <span class='ocrx_word' id='word_1_70' title='bbox 394 474 440 493; x_wconf 79' lang='lat' dir='ltr'><strong>eos</strong></span> <span class='ocrx_word' id='word_1_71' title='bbox 449 466 495 501; x_wconf 90' lang='lat' dir='ltr'><strong>qui</strong></span> <span class='ocrx_word' id='word_1_72' title='bbox 507 466 570 493; x_wconf 92' lang='lat' dir='ltr'><strong>mihi</strong></span> <span class='ocrx_word' id='word_1_73' title='bbox 583 465 658 492; x_wconf 86' lang='lat' dir='ltr'><strong>chari</strong></span> <span class='ocrx_word' id='word_1_74' title='bbox 673 468 737 491; x_wconf 83' lang='lat' dir='ltr'><strong>sunt</strong></span> <span class='ocrx_word' id='word_1_75' title='bbox 748 472 779 491; x_wconf 75' lang='lat' dir='ltr'><strong>es</strong></span> <span class='ocrx_word' id='word_1_76' title='bbox 796 468 889 491; x_wconf 77' lang='lat' dir='ltr'><strong>sancta</strong></span> <span class='ocrx_word' id='word_1_77' title='bbox 905 470 972 489; x_wconf 93' lang='lat' dir='ltr'><strong>con-</strong></span> 
     </span>
    </p>
   </div>
   <div class='ocr_carea' id='block_1_12' title="bbox 179 508 972 548">
    <p class='ocr_par' dir='ltr' id='par_1_12' title="bbox 179 508 972 548">
     <span class='ocr_line' id='line_1_12' title="bbox 179 508 972 548; baseline -0.006 -9"><span class='ocrx_word' id='word_1_78' title='bbox 179 513 350 548; x_wconf 63' lang='lat' dir='ltr'><strong>gregatione.</strong></span> <span class='ocrx_word' id='word_1_79' title='bbox 372 511 465 538; x_wconf 86' lang='lat' dir='ltr'><strong>Saluta</strong></span> <span class='ocrx_word' id='word_1_80' title='bbox 495 511 686 546; x_wconf 84' lang='lat' dir='ltr'><strong>mysteriorum</strong></span> <span class='ocrx_word' id='word_1_81' title='bbox 713 509 850 541; x_wconf 79' lang='lat' dir='ltr'><strong>custodes,</strong></span> <span class='ocrx_word' id='word_1_82' title='bbox 869 508 972 535; x_wconf 80' lang='lat' dir='ltr'><strong>viscera</strong></span> 
     </span>
    </p>
   </div>
   <div class='ocr_carea' id='block_1_13' title="bbox 186 556 975 589">
    <p class='ocr_par' dir='ltr' id='par_1_13' title="bbox 186 556 975 589">
     <span class='ocr_line' id='line_1_13' title="bbox 186 556 975 589; baseline -0.008 -3"><span class='ocrx_word' id='word_1_83' title='bbox 186 567 245 586; x_wconf 89' lang='lat' dir='ltr'><strong>mea</strong></span> <span class='ocrx_word' id='word_1_84' title='bbox 273 558 445 586; x_wconf 80' lang='lat' dir='ltr'><strong>charissima.</strong></span> <span class='ocrx_word' id='word_1_85' title='bbox 471 556 565 583; x_wconf 88' lang='lat' dir='ltr'><strong>Saluta</strong></span> <span class='ocrx_word' id='word_1_86' title='bbox 604 563 664 583; x_wconf 82' lang='lat' dir='ltr'><strong>eam</strong></span> <span class='ocrx_word' id='word_1_87' title='bbox 695 557 774 588; x_wconf 83' lang='lat' dir='ltr'><strong>cujus</strong></span> <span class='ocrx_word' id='word_1_88' title='bbox 796 562 910 589; x_wconf 80' lang='lat' dir='ltr'><strong>magnus</strong></span> <span class='ocrx_word' id='word_1_89' title='bbox 932 558 975 581; x_wconf 86' lang='lat' dir='ltr'><strong>est</strong></span> 
     </span>
    </p>
   </div>
   <div class='ocr_carea' id='block_1_14' title="bbox 181 599 973 636">
    <p class='ocr_par' dir='ltr' id='par_1_14' title="bbox 181 599 973 636">
     <span class='ocr_line' id='line_1_14' title="bbox 181 599 973 636; baseline -0.008 -5"><span class='ocrx_word' id='word_1_90' title='bbox 181 605 262 631; x_wconf 62' lang='lat' dir='ltr'><strong>tiabor</strong></span> <span class='ocrx_word' id='word_1_91' title='bbox 275 604 302 630; x_wconf 95' lang='lat' dir='ltr'><strong>in</strong></span> <span class='ocrx_word' id='word_1_92' title='bbox 315 603 445 630; x_wconf 84' lang='lat' dir='ltr'><strong>Domino:</strong></span> <span class='ocrx_word' id='word_1_93' title='bbox 457 603 490 629; x_wconf 83' lang='lat' dir='ltr'><strong>de</strong></span> <span class='ocrx_word' id='word_1_94' title='bbox 505 610 558 636; x_wconf 84' lang='lat' dir='ltr'><strong>qua</strong></span> <span class='ocrx_word' id='word_1_95' title='bbox 571 601 672 636; x_wconf 85' lang='lat' dir='ltr'><strong>recipio</strong></span> <span class='ocrx_word' id='word_1_96' title='bbox 685 604 711 628; x_wconf 83' lang='lat' dir='ltr'><strong>et</strong></span> <span class='ocrx_word' id='word_1_97' title='bbox 727 601 834 627; x_wconf 89' lang='lat' dir='ltr'><strong>abundo</strong></span> <span class='ocrx_word' id='word_1_98' title='bbox 845 601 871 628; x_wconf 85' lang='lat' dir='ltr'><strong>in</strong></span> <span class='ocrx_word' id='word_1_99' title='bbox 885 599 973 626; x_wconf 88' lang='lat' dir='ltr'><strong>bonis.</strong></span> 
     </span>
    </p>
   </div>
   <div class='ocr_carea' id='block_1_15' title="bbox 184 645 976 678">
    <p class='ocr_par' dir='ltr' id='par_1_15' title="bbox 184 645 976 678">
     <span class='ocr_line' id='line_1_15' title="bbox 184 645 976 678; baseline -0.006 -2"><span class='ocrx_word' id='word_1_100' title='bbox 184 650 280 676; x_wconf 75' lang='lat' dir='ltr'><strong>Saluta</strong></span> <span class='ocrx_word' id='word_1_101' title='bbox 307 657 401 676; x_wconf 85' lang='lat' dir='ltr'><strong>omnes</strong></span> <span class='ocrx_word' id='word_1_102' title='bbox 429 648 457 675; x_wconf 90' lang='lat' dir='ltr'><strong>in</strong></span> <span class='ocrx_word' id='word_1_103' title='bbox 482 648 591 675; x_wconf 83' lang='lat' dir='ltr'><strong>Christo</strong></span> <span class='ocrx_word' id='word_1_104' title='bbox 621 647 729 677; x_wconf 79' lang='lat' dir='ltr'><strong>fratres,</strong></span> <span class='ocrx_word' id='word_1_105' title='bbox 746 646 826 672; x_wconf 80' lang='lat' dir='ltr'><strong>etiam</strong></span> <span class='ocrx_word' id='word_1_106' title='bbox 846 645 893 678; x_wconf 84' lang='lat' dir='ltr'><strong>qui</strong></span> <span class='ocrx_word' id='word_1_107' title='bbox 910 648 976 671; x_wconf 86' lang='lat' dir='ltr'><strong>sunt</strong></span> 
     </span>
    </p>
   </div>
   <div class='ocr_carea' id='block_1_16' title="bbox 182 691 975 730">
    <p class='ocr_par' dir='ltr' id='par_1_16' title="bbox 182 691 975 730">
     <span class='ocr_line' id='line_1_16' title="bbox 182 691 975 730; baseline -0.005 -8"><span class='ocrx_word' id='word_1_108' title='bbox 182 697 258 728; x_wconf 71' lang='lat' dir='ltr'><strong>iniri,</strong></span> <span class='ocrx_word' id='word_1_109' title='bbox 283 703 315 723; x_wconf 79' lang='lat' dir='ltr'><strong>ex</strong></span> <span class='ocrx_word' id='word_1_110' title='bbox 341 695 440 730; x_wconf 87' lang='lat' dir='ltr'><strong>quibus</strong></span> <span class='ocrx_word' id='word_1_111' title='bbox 461 700 504 722; x_wconf 91' lang='lat' dir='ltr'><strong>est</strong></span> <span class='ocrx_word' id='word_1_112' title='bbox 527 693 638 728; x_wconf 78' lang='lat' dir='ltr'><strong>Sergius</strong></span> <span class='ocrx_word' id='word_1_113' title='bbox 660 693 720 727; x_wconf 89' lang='lat' dir='ltr'><strong>pius</strong></span> <span class='ocrx_word' id='word_1_114' title='bbox 735 697 762 719; x_wconf 85' lang='lat' dir='ltr'><strong>et</strong></span> <span class='ocrx_word' id='word_1_115' title='bbox 787 691 898 726; x_wconf 84' lang='lat' dir='ltr'><strong>Eugins.</strong></span> <span class='ocrx_word' id='word_1_116' title='bbox 923 691 975 724; x_wconf 89' lang='lat' dir='ltr'><strong>Qui</strong></span> 
     </span>
    </p>
   </div>
   <div class='ocr_carea' id='block_1_17' title="bbox 188 737 977 773">
    <p class='ocr_par' dir='ltr' id='par_1_17' title="bbox 188 737 977 773">
     <span class='ocr_line' id='line_1_17' title="bbox 188 737 977 773; baseline -0.006 -5"><span class='ocrx_word' id='word_1_117' title='bbox 188 748 293 768; x_wconf 88' lang='lat' dir='ltr'><strong>mecum</strong></span> <span class='ocrx_word' id='word_1_118' title='bbox 310 745 373 767; x_wconf 89' lang='lat' dir='ltr'><strong>sunt</strong></span> <span class='ocrx_word' id='word_1_119' title='bbox 388 739 486 767; x_wconf 85' lang='lat' dir='ltr'><strong>lratres</strong></span> <span class='ocrx_word' id='word_1_120' title='bbox 503 746 610 773; x_wconf 87' lang='lat' dir='ltr'><strong>semper</strong></span> <span class='ocrx_word' id='word_1_121' title='bbox 629 738 721 765; x_wconf 88' lang='lat' dir='ltr'><strong>dilecti</strong></span> <span class='ocrx_word' id='word_1_122' title='bbox 738 743 763 764; x_wconf 88' lang='lat' dir='ltr'><strong>te</strong></span> <span class='ocrx_word' id='word_1_123' title='bbox 774 742 800 764; x_wconf 90' lang='lat' dir='ltr'><strong>et</strong></span> <span class='ocrx_word' id='word_1_124' title='bbox 818 737 887 764; x_wconf 84' lang='lat' dir='ltr'><strong>alios</strong></span> <span class='ocrx_word' id='word_1_125' title='bbox 903 737 977 764; x_wconf 82' lang='lat' dir='ltr'><strong>salu-</strong></span> 
     </span>
    </p>
   </div>
   <div class='ocr_carea' id='block_1_18' title="bbox 182 783 978 814">
    <p class='ocr_par' dir='ltr' id='par_1_18' title="bbox 182 783 978 814">
     <span class='ocr_line' id='line_1_18' title="bbox 182 783 978 814; baseline -0.005 1"><span class='ocrx_word' id='word_1_126' title='bbox 182 792 255 814; x_wconf 67' lang='lat' dir='ltr'><strong>tant.</strong></span> <span class='ocrx_word' id='word_1_127' title='bbox 270 786 435 814; x_wconf 80' lang='lat' dir='ltr'><strong>Mementote</strong></span> <span class='ocrx_word' id='word_1_128' title='bbox 459 786 598 813; x_wconf 80' lang='lat' dir='ltr'><strong>tenuitatis</strong></span> <span class='ocrx_word' id='word_1_129' title='bbox 623 791 698 811; x_wconf 67' lang='lat' dir='ltr'><strong>meae.</strong></span> <span class='ocrx_word' id='word_1_130' title='bbox 723 783 857 810; x_wconf 85' lang='lat' dir='ltr'><strong>Dominus</strong></span> <span class='ocrx_word' id='word_1_131' title='bbox 884 787 978 811; x_wconf 82' lang='lat' dir='ltr'><strong>noster</strong></span> 
     </span>
    </p>
   </div>
   <div class='ocr_carea' id='block_1_19' title="bbox 182 829 704 861">
    <p class='ocr_par' dir='ltr' id='par_1_19' title="bbox 182 829 704 861">
     <span class='ocr_line' id='line_1_19' title="bbox 182 829 704 861; baseline -0.004 -2"><span class='ocrx_word' id='word_1_132' title='bbox 182 832 268 861; x_wconf 83' lang='lat' dir='ltr'><strong>.Jesus</strong></span> <span class='ocrx_word' id='word_1_133' title='bbox 285 832 412 861; x_wconf 81' lang='lat' dir='ltr'><strong>Christus</strong></span> <span class='ocrx_word' id='word_1_134' title='bbox 426 831 579 861; x_wconf 82' lang='lat' dir='ltr'><strong>vobiscum,</strong></span> <span class='ocrx_word' id='word_1_135' title='bbox 595 829 704 857; x_wconf 77' lang='lat' dir='ltr'><strong>fratres.</strong></span> 
     </span>
    </p>
   </div>
   <div class='ocr_carea' id='block_1_20' title="bbox 359 987 809 1024">
    <p class='ocr_par' dir='ltr' id='par_1_20' title="bbox 359 987 809 1024">
     <span class='ocr_line' id='line_1_20' title="bbox 359 987 809 1024; baseline -0.004 -8"><span class='ocrx_word' id='word_1_136' title='bbox 359 989 416 1016; x_wconf 82' lang='lat' dir='ltr'><strong>Xll.</strong></span> <span class='ocrx_word' id='word_1_137' title='bbox 429 1004 465 1010; x_wconf 94' lang='lat'><strong>—</strong></span> <span class='ocrx_word' id='word_1_138' title='bbox 477 988 606 1017; x_wconf 79' lang='lat' dir='ltr'><strong>Paschali</strong></span> <span class='ocrx_word' id='word_1_139' title='bbox 621 996 698 1024; x_wconf 66' lang='lat' dir='ltr'><strong>papa</strong></span> <span class='ocrx_word' id='word_1_140' title='bbox 709 987 809 1015; x_wconf 67' lang='lat' dir='ltr'><strong>Romae.</strong></span> 
     </span>
    </p>
   </div>
   <div class='ocr_carea' id='block_1_21' title="bbox 1022 222 1820 266">
    <p class='ocr_par' dir='ltr' id='par_1_21' title="bbox 1022 222 1820 266">
     <span class='ocr_line' id='line_1_21' title="bbox 1022 222 1820 266; baseline -0.013 -8"><span class='ocrx_word' id='word_1_141' title='bbox 1022 231 1087 266; x_wconf 77' lang='grc' dir='ltr'>περὶ</span> <span class='ocrx_word' id='word_1_142' title='bbox 1100 230 1205 256; x_wconf 83' lang='grc' dir='ltr'>τούτων</span> <span class='ocrx_word' id='word_1_143' title='bbox 1217 229 1246 254; x_wconf 81' lang='grc' dir='ltr'>ἐν</span> <span class='ocrx_word' id='word_1_144' title='bbox 1259 227 1334 261; x_wconf 77' lang='grc' dir='ltr'>φόϐῳ</span> <span class='ocrx_word' id='word_1_145' title='bbox 1350 225 1421 252; x_wconf 75' lang='grc' dir='ltr'>Θεοῦ</span> <span class='ocrx_word' id='word_1_146' title='bbox 1439 225 1486 252; x_wconf 74' lang='grc' dir='ltr'>καὶ</span> <span class='ocrx_word' id='word_1_147' title='bbox 1500 223 1626 259; x_wconf 70' lang='grc' dir='ltr'>ἀληθείᾳ.</span> <span class='ocrx_word' id='word_1_148' title='bbox 1648 223 1679 250; x_wconf 81' lang='grc' dir='ltr'><strong>Εἰ</strong></span> <span class='ocrx_word' id='word_1_149' title='bbox 1694 222 1723 249; x_wconf 83' lang='grc' dir='ltr'>δέ</span> <span class='ocrx_word' id='word_1_150' title='bbox 1739 231 1767 266; x_wconf 79' lang='grc' dir='ltr'><strong>τι</strong></span> <span class='ocrx_word' id='word_1_151' title='bbox 1790 222 1820 255; x_wconf 74' lang='grc' dir='ltr'>ἐξ</span> 
     </span>
    </p>
   </div>
   <div class='ocr_carea' id='block_1_22' title="bbox 1022 265 1817 309">
    <p class='ocr_par' dir='ltr' id='par_1_22' title="bbox 1022 265 1817 309">
     <span class='ocr_line' id='line_1_22' title="bbox 1022 265 1817 309; baseline -0.013 -8"><span class='ocrx_word' id='word_1_152' title='bbox 1022 274 1100 309; x_wconf 80' lang='grc' dir='ltr'>ὑμῶν</span> <span class='ocrx_word' id='word_1_153' title='bbox 1113 273 1129 308; x_wconf 84' lang='grc' dir='ltr'><strong>ἢ</strong></span> <span class='ocrx_word' id='word_1_154' title='bbox 1144 273 1190 300; x_wconf 78' lang='grc' dir='ltr'><strong>ἀπ’</strong></span> <span class='ocrx_word' id='word_1_155' title='bbox 1206 272 1295 299; x_wconf 75' lang='grc' dir='ltr'>ἄλλων</span> <span class='ocrx_word' id='word_1_156' title='bbox 1307 269 1477 304; x_wconf 64' lang='grc' dir='ltr'>καινότερον,</span> <span class='ocrx_word' id='word_1_157' title='bbox 1510 267 1637 302; x_wconf 80' lang='grc' dir='ltr'><strong>διδαχθῶ.</strong></span> <span class='ocrx_word' id='word_1_158' title='bbox 1672 265 1817 301; x_wconf 85' lang='grc' dir='ltr'>Ὁμολογῶ</span> 
     </span>
    </p>
   </div>
   <div class='ocr_carea' id='block_1_23' title="bbox 1021 310 1821 355">
    <p class='ocr_par' dir='ltr' id='par_1_23' title="bbox 1021 310 1821 355">
     <span class='ocr_line' id='line_1_23' title="bbox 1021 310 1821 355; baseline -0.014 -9"><span class='ocrx_word' id='word_1_159' title='bbox 1021 320 1076 355; x_wconf 81' lang='grc' dir='ltr'>γὰρ</span> <span class='ocrx_word' id='word_1_160' title='bbox 1093 318 1131 350; x_wconf 87' lang='grc' dir='ltr'>ὡς</span> <span class='ocrx_word' id='word_1_161' title='bbox 1144 317 1229 344; x_wconf 83' lang='grc' dir='ltr'>πολλὰ</span> <span class='ocrx_word' id='word_1_162' title='bbox 1242 315 1409 351; x_wconf 81' lang='grc' dir='ltr'><strong>ἁμαρτάνων</strong></span> <span class='ocrx_word' id='word_1_163' title='bbox 1419 333 1427 344; x_wconf 89' lang='grc'><strong>.</strong></span> <span class='ocrx_word' id='word_1_164' title='bbox 1447 314 1494 340; x_wconf 78' lang='grc' dir='ltr'>καὶ</span> <span class='ocrx_word' id='word_1_165' title='bbox 1512 313 1600 340; x_wconf 80' lang='grc' dir='ltr'>πολλὰ</span> <span class='ocrx_word' id='word_1_166' title='bbox 1615 312 1724 345; x_wconf 77' lang='grc' dir='ltr'><strong>ἀγνοεῖν</strong></span> <span class='ocrx_word' id='word_1_167' title='bbox 1743 310 1821 344; x_wconf 70' lang='grc' dir='ltr'><strong>διχο-</strong></span> 
     </span>
    </p>
   </div>
   <div class='ocr_carea' id='block_1_24' title="bbox 1023 357 1819 400">
    <p class='ocr_par' dir='ltr' id='par_1_24' title="bbox 1023 357 1819 400">
     <span class='ocr_line' id='line_1_24' title="bbox 1023 357 1819 400; baseline -0.013 -8"><span class='ocrx_word' id='word_1_168' title='bbox 1023 374 1082 400; x_wconf 86' lang='grc' dir='ltr'>μαι.</span> <span class='ocrx_word' id='word_1_169' title='bbox 1105 364 1244 390; x_wconf 71' lang='grc' dir='ltr'>Ἄσπασαι</span> <span class='ocrx_word' id='word_1_170' title='bbox 1262 362 1326 392; x_wconf 79' lang='grc' dir='ltr'>τοὺς</span> <span class='ocrx_word' id='word_1_171' title='bbox 1342 359 1474 393; x_wconf 79' lang='grc' dir='ltr'>ἀδελφούς</span> <span class='ocrx_word' id='word_1_172' title='bbox 1490 367 1538 385; x_wconf 84' lang='grc' dir='ltr'><strong>σου</strong></span> <span class='ocrx_word' id='word_1_173' title='bbox 1553 359 1601 385; x_wconf 74' lang='grc' dir='ltr'>καὶ</span> <span class='ocrx_word' id='word_1_174' title='bbox 1614 358 1649 384; x_wconf 82' lang='grc' dir='ltr'><strong>τὰ</strong></span> <span class='ocrx_word' id='word_1_175' title='bbox 1659 357 1742 384; x_wconf 74' lang='grc' dir='ltr'>τέκνα</span> <span class='ocrx_word' id='word_1_176' title='bbox 1756 365 1819 391; x_wconf 88' lang='grc' dir='ltr'>μου,</span> 
     </span>
    </p>
   </div>
   <div class='ocr_carea' id='block_1_25' title="bbox 1021 401 1816 443">
    <p class='ocr_par' dir='ltr' id='par_1_25' title="bbox 1021 401 1816 443">
     <span class='ocr_line' id='line_1_25' title="bbox 1021 401 1816 443; baseline -0.013 -6"><span class='ocrx_word' id='word_1_177' title='bbox 1021 411 1066 437; x_wconf 78' lang='grc' dir='ltr'>τὸν</span> <span class='ocrx_word' id='word_1_178' title='bbox 1083 409 1171 436; x_wconf 53' lang='lat' dir='ltr'><strong>assa»,</strong></span> <span class='ocrx_word' id='word_1_179' title='bbox 1186 408 1300 443; x_wconf 74' lang='grc' dir='ltr'>Πέτρον,</span> <span class='ocrx_word' id='word_1_180' title='bbox 1315 406 1363 433; x_wconf 77' lang='grc' dir='ltr'>καὶ</span> <span class='ocrx_word' id='word_1_181' title='bbox 1383 405 1524 438; x_wconf 82' lang='grc' dir='ltr'>Ἰγνάτιον,</span> <span class='ocrx_word' id='word_1_182' title='bbox 1545 404 1593 430; x_wconf 76' lang='grc' dir='ltr'>καὶ</span> <span class='ocrx_word' id='word_1_183' title='bbox 1608 403 1708 436; x_wconf 83' lang='grc' dir='ltr'>Τιθόην</span> <span class='ocrx_word' id='word_1_184' title='bbox 1730 401 1740 437; x_wconf 93' lang='grc'><strong>[</strong></span> <span class='ocrx_word' id='word_1_185' title='bbox 1753 402 1816 428; x_wconf 84' lang='lat' dir='ltr'><strong>cod-</strong></span> 
     </span>
    </p>
   </div>
   <div class='ocr_carea' id='block_1_26' title="bbox 1023 449 1819 491">
    <p class='ocr_par' dir='ltr' id='par_1_26' title="bbox 1023 449 1819 491">
     <span class='ocr_line' id='line_1_26' title="bbox 1023 449 1819 491; baseline -0.013 -8"><span class='ocrx_word' id='word_1_186' title='bbox 1023 456 1090 491; x_wconf 80' lang='lat' dir='ltr'><strong>Reg.</strong></span> <span class='ocrx_word' id='word_1_187' title='bbox 1107 453 1234 489; x_wconf 85' lang='grc' dir='ltr'>Τιδόῖον].</span> <span class='ocrx_word' id='word_1_188' title='bbox 1251 453 1315 483; x_wconf 73' lang='grc' dir='ltr'>τοὺς</span> <span class='ocrx_word' id='word_1_189' title='bbox 1328 453 1357 478; x_wconf 75' lang='grc' dir='ltr'>ὲν</span> <span class='ocrx_word' id='word_1_190' title='bbox 1382 451 1476 485; x_wconf 78' lang='grc' dir='ltr'>Κυρίῳ</span> <span class='ocrx_word' id='word_1_191' title='bbox 1490 449 1675 484; x_wconf 81' lang='grc' dir='ltr'>ὲπιποθήτους</span> <span class='ocrx_word' id='word_1_192' title='bbox 1688 456 1741 482; x_wconf 88' lang='grc' dir='ltr'>μου</span> <span class='ocrx_word' id='word_1_193' title='bbox 1770 449 1819 473; x_wconf 67' lang='grc' dir='ltr'>καὶ</span> 
     </span>
    </p>
   </div>
   <div class='ocr_carea' id='block_1_27' title="bbox 1024 492 1822 536">
    <p class='ocr_par' dir='ltr' id='par_1_27' title="bbox 1024 492 1822 536">
     <span class='ocr_line' id='line_1_27' title="bbox 1024 492 1822 536; baseline -0.014 -8"><span class='ocrx_word' id='word_1_194' title='bbox 1024 501 1186 536; x_wconf 87' lang='grc' dir='ltr'>συνεργούς.</span> <span class='ocrx_word' id='word_1_195' title='bbox 1206 500 1348 525; x_wconf 81' lang='grc' dir='ltr'>’Δσπασαι</span> <span class='ocrx_word' id='word_1_196' title='bbox 1362 497 1425 528; x_wconf 77' lang='grc' dir='ltr'>τοὺς</span> <span class='ocrx_word' id='word_1_197' title='bbox 1441 496 1473 522; x_wconf 71' lang='grc' dir='ltr'>ὲκ</span> <span class='ocrx_word' id='word_1_198' title='bbox 1487 495 1536 530; x_wconf 87' lang='grc' dir='ltr'>τῆς</span> <span class='ocrx_word' id='word_1_199' title='bbox 1547 494 1628 528; x_wconf 68' lang='grc' dir='ltr'>ἁγίας</span> <span class='ocrx_word' id='word_1_200' title='bbox 1642 492 1767 524; x_wconf 76' lang='grc' dir='ltr'><strong>συνοδίας</strong></span> <span class='ocrx_word' id='word_1_201' title='bbox 1775 501 1822 526; x_wconf 79' lang='grc' dir='ltr'>φι-</span> 
     </span>
    </p>
   </div>
   <div class='ocr_carea' id='block_1_28' title="bbox 1024 538 1822 582">
    <p class='ocr_par' dir='ltr' id='par_1_28' title="bbox 1024 538 1822 582">
     <span class='ocr_line' id='line_1_28' title="bbox 1024 538 1822 582; baseline -0.013 -8"><span class='ocrx_word' id='word_1_202' title='bbox 1024 547 1123 582; x_wconf 86' lang='grc' dir='ltr'>λητούς</span> <span class='ocrx_word' id='word_1_203' title='bbox 1140 554 1202 581; x_wconf 91' lang='grc' dir='ltr'>μου.</span> <span class='ocrx_word' id='word_1_204' title='bbox 1222 545 1365 572; x_wconf 71' lang='grc' dir='ltr'>’Ἄσπασαι</span> <span class='ocrx_word' id='word_1_205' title='bbox 1379 543 1444 574; x_wconf 80' lang='grc' dir='ltr'>τοὺς</span> <span class='ocrx_word' id='word_1_206' title='bbox 1482 540 1757 576; x_wconf 80' lang='grc' dir='ltr'>μυστηριοφύλακας,</span> <span class='ocrx_word' id='word_1_207' title='bbox 1787 538 1822 564; x_wconf 71' lang='grc' dir='ltr'><strong>τὰ</strong></span> 
     </span>
    </p>
   </div>
   <div class='ocr_carea' id='block_1_29' title="bbox 1026 583 1822 628">
    <p class='ocr_par' dir='ltr' id='par_1_29' title="bbox 1026 583 1822 628">
     <span class='ocr_line' id='line_1_29' title="bbox 1026 583 1822 628; baseline -0.014 -9"><span class='ocrx_word' id='word_1_208' title='bbox 1026 593 1081 628; x_wconf 72' lang='grc' dir='ltr'><strong>ἐμὰ</strong></span> <span class='ocrx_word' id='word_1_209' title='bbox 1104 590 1275 626; x_wconf 78' lang='grc' dir='ltr'>ὴγαπημένα</span> <span class='ocrx_word' id='word_1_210' title='bbox 1288 588 1441 623; x_wconf 84' lang='grc' dir='ltr'>σπλάγχνα.</span> <span class='ocrx_word' id='word_1_211' title='bbox 1460 587 1600 613; x_wconf 70' lang='grc' dir='ltr'><strong>1Ἄσπασαι</strong></span> <span class='ocrx_word' id='word_1_212' title='bbox 1615 585 1665 619; x_wconf 78' lang='grc' dir='ltr'>τὴν</span> <span class='ocrx_word' id='word_1_213' title='bbox 1679 583 1822 610; x_wconf 76' lang='grc' dir='ltr'>κοπιῶσαν</span> 
     </span>
    </p>
   </div>
   <div class='ocr_carea' id='block_1_30' title="bbox 1026 629 1820 671">
    <p class='ocr_par' dir='ltr' id='par_1_30' title="bbox 1026 629 1820 671">
     <span class='ocr_line' id='line_1_30' title="bbox 1026 629 1820 671; baseline -0.014 -7"><span class='ocrx_word' id='word_1_214' title='bbox 1026 640 1055 665; x_wconf 85' lang='grc' dir='ltr'>ὲν</span> <span class='ocrx_word' id='word_1_215' title='bbox 1068 637 1162 671; x_wconf 81' lang='grc' dir='ltr'>Κυρίῳ</span> <span class='ocrx_word' id='word_1_216' title='bbox 1174 644 1182 652; x_wconf 87' lang='grc'><strong>·</strong></span> <span class='ocrx_word' id='word_1_217' title='bbox 1197 633 1231 670; x_wconf 80' lang='grc' dir='ltr'>ἦς</span> <span class='ocrx_word' id='word_1_218' title='bbox 1249 634 1347 668; x_wconf 80' lang='grc' dir='ltr'>ἀπέχω</span> <span class='ocrx_word' id='word_1_219' title='bbox 1365 633 1414 660; x_wconf 74' lang='grc' dir='ltr'>καὶ</span> <span class='ocrx_word' id='word_1_220' title='bbox 1435 631 1596 666; x_wconf 83' lang='grc' dir='ltr'><strong>περισσεύω</strong></span> <span class='ocrx_word' id='word_1_221' title='bbox 1625 631 1654 656; x_wconf 66' lang='grc' dir='ltr'>ἐν</span> <span class='ocrx_word' id='word_1_222' title='bbox 1684 629 1800 662; x_wconf 75' lang='grc' dir='ltr'><strong>ἀγαθοῖς</strong></span> <span class='ocrx_word' id='word_1_223' title='bbox 1814 637 1820 641; x_wconf 88' lang='grc'><strong>·</strong></span> 
     </span>
    </p>
   </div>
   <div class='ocr_carea' id='block_1_31' title="bbox 1026 674 1820 713">
    <p class='ocr_par' dir='ltr' id='par_1_31' title="bbox 1026 674 1820 713">
     <span class='ocr_line' id='line_1_31' title="bbox 1026 674 1820 713; baseline -0.015 -2"><span class='ocrx_word' id='word_1_224' title='bbox 1026 684 1149 711; x_wconf 74' lang='grc' dir='ltr'>ἄσπασαί</span> <span class='ocrx_word' id='word_1_225' title='bbox 1161 682 1266 712; x_wconf 79' lang='grc' dir='ltr'>πάντας</span> <span class='ocrx_word' id='word_1_226' title='bbox 1280 681 1345 711; x_wconf 85' lang='grc' dir='ltr'>τοὺς</span> <span class='ocrx_word' id='word_1_227' title='bbox 1357 680 1387 706; x_wconf 74' lang='grc' dir='ltr'>ὲν</span> <span class='ocrx_word' id='word_1_228' title='bbox 1400 678 1512 713; x_wconf 82' lang='grc' dir='ltr'>Χριστῷ</span> <span class='ocrx_word' id='word_1_229' title='bbox 1523 676 1657 710; x_wconf 75' lang='grc' dir='ltr'>ἀδελφοὺς</span> <span class='ocrx_word' id='word_1_230' title='bbox 1667 695 1676 708; x_wconf 87' lang='grc'>,</span> <span class='ocrx_word' id='word_1_231' title='bbox 1697 674 1751 701; x_wconf 80' lang='grc' dir='ltr'>κᾶν</span> <span class='ocrx_word' id='word_1_232' title='bbox 1758 674 1820 700; x_wconf 69' lang='grc' dir='ltr'>λαῖι</span> 
     </span>
    </p>
   </div>
   <div class='ocr_carea' id='block_1_32' title="bbox 1027 718 1821 761">
    <p class='ocr_par' dir='ltr' id='par_1_32' title="bbox 1027 718 1821 761">
     <span class='ocr_line' id='line_1_32' title="bbox 1027 718 1821 761; baseline -0.014 -5"><span class='ocrx_word' id='word_1_233' title='bbox 1027 730 1083 760; x_wconf 81' lang='grc' dir='ltr'>κοὶ,</span> <span class='ocrx_word' id='word_1_234' title='bbox 1109 728 1138 761; x_wconf 73' lang='grc' dir='ltr'>ἐξ</span> <span class='ocrx_word' id='word_1_235' title='bbox 1154 724 1192 754; x_wconf 83' lang='grc' dir='ltr'><strong>ὧν</strong></span> <span class='ocrx_word' id='word_1_236' title='bbox 1209 726 1322 761; x_wconf 80' lang='grc' dir='ltr'><strong>Σέργιος</strong></span> <span class='ocrx_word' id='word_1_237' title='bbox 1335 726 1350 752; x_wconf 89' lang='grc' dir='ltr'><strong>ό</strong></span> <span class='ocrx_word' id='word_1_238' title='bbox 1362 723 1478 758; x_wconf 75' lang='grc' dir='ltr'>εὐσεσὴς</span> <span class='ocrx_word' id='word_1_239' title='bbox 1497 722 1546 749; x_wconf 70' lang='grc' dir='ltr'>καὶ</span> <span class='ocrx_word' id='word_1_240' title='bbox 1557 721 1650 755; x_wconf 77' lang='grc' dir='ltr'>ἐγγιος</span> <span class='ocrx_word' id='word_1_241' title='bbox 1667 720 1699 756; x_wconf 69' lang='lat' dir='ltr'><strong>li.</strong></span> <span class='ocrx_word' id='word_1_242' title='bbox 1718 718 1821 754; x_wconf 78' lang='grc' dir='ltr'>ἆγιος].</span> 
     </span>
    </p>
   </div>
   <div class='ocr_carea' id='block_1_33' title="bbox 1034 764 1823 806">
    <p class='ocr_par' dir='ltr' id='par_1_33' title="bbox 1034 764 1823 806">
     <span class='ocr_line' id='line_1_33' title="bbox 1034 764 1823 806; baseline -0.016 -4"><span class='ocrx_word' id='word_1_243' title='bbox 1034 774 1215 806; x_wconf 77' lang='grc' dir='ltr'>Ἀσπάζονται</span> <span class='ocrx_word' id='word_1_244' title='bbox 1230 772 1259 799; x_wconf 76' lang='grc' dir='ltr'>σὲ</span> <span class='ocrx_word' id='word_1_245' title='bbox 1270 771 1318 798; x_wconf 79' lang='grc' dir='ltr'><strong>καὶ</strong></span> <span class='ocrx_word' id='word_1_246' title='bbox 1332 771 1396 802; x_wconf 78' lang='grc' dir='ltr'>τοὺς</span> <span class='ocrx_word' id='word_1_247' title='bbox 1409 769 1507 800; x_wconf 81' lang='grc' dir='ltr'>ἄλλους</span> <span class='ocrx_word' id='word_1_248' title='bbox 1521 769 1546 794; x_wconf 71' lang='grc' dir='ltr'>οἱ</span> <span class='ocrx_word' id='word_1_249' title='bbox 1563 767 1612 794; x_wconf 78' lang='grc' dir='ltr'><strong>σὺν</strong></span> <span class='ocrx_word' id='word_1_250' title='bbox 1634 766 1696 800; x_wconf 74' lang='grc' dir='ltr'><strong>ἐμοὶ</strong></span> <span class='ocrx_word' id='word_1_251' title='bbox 1710 764 1823 798; x_wconf 76' lang='grc' dir='ltr'>ἀδελφοὶ</span> 
     </span>
    </p>
   </div>
   <div class='ocr_carea' id='block_1_34' title="bbox 1029 810 1822 856">
    <p class='ocr_par' dir='ltr' id='par_1_34' title="bbox 1029 810 1822 856">
     <span class='ocr_line' id='line_1_34' title="bbox 1029 810 1822 856; baseline -0.015 -9"><span class='ocrx_word' id='word_1_252' title='bbox 1029 820 1198 856; x_wconf 84' lang='grc' dir='ltr'>ἁειπόθητοι.</span> <span class='ocrx_word' id='word_1_253' title='bbox 1215 815 1410 851; x_wconf 83' lang='grc' dir='ltr'>Μνημονεὺετέ</span> <span class='ocrx_word' id='word_1_254' title='bbox 1425 823 1476 849; x_wconf 83' lang='grc' dir='ltr'>μου</span> <span class='ocrx_word' id='word_1_255' title='bbox 1496 813 1545 849; x_wconf 82' lang='grc' dir='ltr'>τῆς</span> <span class='ocrx_word' id='word_1_256' title='bbox 1557 810 1762 842; x_wconf 79' lang='grc' dir='ltr'>ταπεινώσεως.</span> <span class='ocrx_word' id='word_1_257' title='bbox 1792 810 1822 836; x_wconf 86' lang='grc'><strong>’0</strong></span> 
     </span>
    </p>
   </div>
   <div class='ocr_carea' id='block_1_35' title="bbox 993 850 1823 901">
    <p class='ocr_par' dir='ltr' id='par_1_35' title="bbox 993 850 1823 901">
     <span class='ocr_line' id='line_1_35' title="bbox 993 850 1823 901; baseline -0.014 -7"><span class='ocrx_word' id='word_1_258' title='bbox 993 850 1225 901; x_wconf 47' lang='grc' dir='ltr'>ΒΚύριοξὴμῶν</span> <span class='ocrx_word' id='word_1_259' title='bbox 1257 850 1361 897; x_wconf 68' lang='grc' dir='ltr'>Ἰησοῦς</span> <span class='ocrx_word' id='word_1_260' title='bbox 1388 860 1506 895; x_wconf 79' lang='grc' dir='ltr'>Χριστὸς</span> <span class='ocrx_word' id='word_1_261' title='bbox 1536 858 1596 893; x_wconf 82' lang='grc' dir='ltr'><strong>μεθ’</strong></span> <span class='ocrx_word' id='word_1_262' title='bbox 1624 857 1712 893; x_wconf 76' lang='grc' dir='ltr'><strong>ὑμῶν,</strong></span> <span class='ocrx_word' id='word_1_263' title='bbox 1743 856 1823 883; x_wconf 76' lang='grc' dir='ltr'>ἁδελ-</span> 
     </span>
    </p>
   </div>
   <div class='ocr_carea' id='block_1_36' title="bbox 1033 920 1089 947">
    <p class='ocr_par' dir='ltr' id='par_1_36' title="bbox 1033 920 1089 947">
     <span class='ocr_line' id='line_1_36' title="bbox 1033 920 1089 947; baseline 0.036 -9"><span class='ocrx_word' id='word_1_264' title='bbox 1033 920 1089 947; x_wconf 79' lang='grc' dir='ltr'>φοι.</span> 
     </span>
    </p>
   </div>
   <div class='ocr_carea' id='block_1_37' title="bbox 1175 973 1700 1010">
    <p class='ocr_par' dir='ltr' id='par_1_37' title="bbox 1175 973 1700 1010">
     <span class='ocr_line' id='line_1_37' title="bbox 1175 973 1700 1010; baseline -0.015 -3"><span class='ocrx_word' id='word_1_265' title='bbox 1175 980 1227 1007; x_wconf 61' lang='grc' dir='ltr'><strong>ΙΒτ.</strong></span> <span class='ocrx_word' id='word_1_266' title='bbox 1237 993 1273 998; x_wconf 94' lang='grc'><strong>-</strong></span> <span class='ocrx_word' id='word_1_267' title='bbox 1291 975 1454 1010; x_wconf 75' lang='grc' dir='ltr'>Πασχαλίῳ</span> <span class='ocrx_word' id='word_1_268' title='bbox 1465 973 1552 1008; x_wconf 60' lang='lat' dir='ltr'><strong>adito,</strong></span> <span class='ocrx_word' id='word_1_269' title='bbox 1573 973 1700 1008; x_wconf 80' lang='grc' dir='ltr'><strong>Ῥώμης.</strong></span> 
     </span>
    </p>
   </div>
   <div class='ocr_carea' id='block_1_38' title="bbox 431 1029 1562 1077">
    <p class='ocr_par' dir='ltr' id='par_1_38' title="bbox 431 1029 1562 1077">
     <span class='ocr_line' id='line_1_38' title="bbox 431 1029 1562 1077; baseline -0.017 -5"><span class='ocrx_word' id='word_1_270' title='bbox 431 1047 534 1072; x_wconf 74' lang='lat' dir='ltr'><strong>Romani</strong></span> <span class='ocrx_word' id='word_1_271' title='bbox 552 1046 674 1077; x_wconf 82' lang='lat' dir='ltr'><strong>pontiﬁcis</strong></span> <span class='ocrx_word' id='word_1_272' title='bbox 689 1052 763 1077; x_wconf 90' lang='lat' dir='ltr'><strong>opem</strong></span> <span class='ocrx_word' id='word_1_273' title='bbox 773 1046 891 1070; x_wconf 85' lang='lat' dir='ltr'><strong>adversus</strong></span> <span class='ocrx_word' id='word_1_274' title='bbox 902 1041 1075 1069; x_wconf 81' lang='lat' dir='ltr'><strong>iconomachos</strong></span> <span class='ocrx_word' id='word_1_275' title='bbox 1087 1038 1212 1070; x_wconf 74' lang='lat' dir='ltr'><strong>exposcit.</strong></span> <span class='ocrx_word' id='word_1_276' title='bbox 1233 1036 1334 1067; x_wconf 80' lang='lat' dir='ltr'><strong>(Barou.</strong></span> <span class='ocrx_word' id='word_1_277' title='bbox 1348 1030 1389 1058; x_wconf 54' lang='lat' dir='ltr'><strong>an.</strong></span> <span class='ocrx_word' id='word_1_278' title='bbox 1404 1031 1460 1061; x_wconf 87' lang='lat' dir='ltr'><strong>8t7,</strong></span> <span class='ocrx_word' id='word_1_279' title='bbox 1476 1038 1499 1055; x_wconf 89' lang='lat' dir='ltr'><strong>n.</strong></span> <span class='ocrx_word' id='word_1_280' title='bbox 1512 1029 1562 1060; x_wconf 73' lang='lat'><strong>1|.)</strong></span> 
     </span>
    </p>
   </div>
   <div class='ocr_carea' id='block_1_39' title="bbox 190 1100 975 1134">
    <p class='ocr_par' dir='ltr' id='par_1_39' title="bbox 190 1100 975 1134">
     <span class='ocr_line' id='line_1_39' title="bbox 190 1100 975 1134; baseline -0.006 -5"><span class='ocrx_word' id='word_1_281' title='bbox 190 1102 304 1130; x_wconf 70' lang='lat' dir='ltr'><strong>Prom“</strong></span> <span class='ocrx_word' id='word_1_282' title='bbox 317 1102 486 1129; x_wconf 76' lang='lat' dir='ltr'><strong>saticliuimo</strong></span> <span class='ocrx_word' id='word_1_283' title='bbox 497 1101 623 1128; x_wconf 66' lang='lat' dir='ltr'><strong>(«minari</strong></span> <span class='ocrx_word' id='word_1_284' title='bbox 638 1108 748 1134; x_wconf 77' lang='lat' dir='ltr'><strong>magno,</strong></span> <span class='ocrx_word' id='word_1_285' title='bbox 765 1100 917 1127; x_wconf 68' lang='lat' dir='ltr'><strong>antistitum</strong></span> <span class='ocrx_word' id='word_1_286' title='bbox 928 1106 975 1124; x_wconf 73' lang='lat' dir='ltr'><strong>su-</strong></span> 
     </span>
    </p>
   </div>
   <div class='ocr_carea' id='block_1_40' title="bbox 223 1146 974 1182">
    <p class='ocr_par' dir='ltr' id='par_1_40' title="bbox 223 1146 974 1182">
     <span class='ocr_line' id='line_1_40' title="bbox 223 1146 974 1182; baseline -0.005 -8"><span class='ocrx_word' id='word_1_287' title='bbox 223 1156 323 1182; x_wconf 85' lang='lat' dir='ltr'><strong>premo,</strong></span> <span class='ocrx_word' id='word_1_288' title='bbox 346 1147 452 1174; x_wconf 78' lang='lat' dir='ltr'><strong>domino</strong></span> <span class='ocrx_word' id='word_1_289' title='bbox 477 1153 580 1177; x_wconf 78' lang='lat' dir='ltr'><strong>nostra,</strong></span> <span class='ocrx_word' id='word_1_290' title='bbox 598 1147 704 1173; x_wconf 86' lang='lat' dir='ltr'><strong>domino</strong></span> <span class='ocrx_word' id='word_1_291' title='bbox 727 1146 872 1180; x_wconf 77' lang='lat' dir='ltr'><strong>apostolico</strong></span> <span class='ocrx_word' id='word_1_292' title='bbox 889 1151 974 1177; x_wconf 75' lang='lat' dir='ltr'><strong>papw.</strong></span> 
     </span>
    </p>
   </div>
   <div class='ocr_carea' id='block_1_41' title="bbox 223 1189 975 1225">
    <p class='ocr_par' dir='ltr' id='par_1_41' title="bbox 223 1189 975 1225">
     <span class='ocr_line' id='line_1_41' title="bbox 223 1189 975 1225; baseline -0.007 -4"><span class='ocrx_word' id='word_1_293' title='bbox 223 1194 351 1225; x_wconf 69' lang='lat' dir='ltr'><strong>Joannes,</strong></span> <span class='ocrx_word' id='word_1_294' title='bbox 366 1193 538 1225; x_wconf 60' lang='lat' dir='ltr'><strong>Theodosius,</strong></span> <span class='ocrx_word' id='word_1_295' title='bbox 551 1193 724 1224; x_wconf 68' lang='lat' dir='ltr'><strong>Athanasius,</strong></span> <span class='ocrx_word' id='word_1_296' title='bbox 743 1191 871 1221; x_wconf 77' lang='lat' dir='ltr'><strong>Joannes,</strong></span> <span class='ocrx_word' id='word_1_297' title='bbox 891 1189 975 1216; x_wconf 81' lang='lat' dir='ltr'><strong>Theo-</strong></span> 
     </span>
    </p>
   </div>
   <div class='ocr_carea' id='block_1_42' title="bbox 224 1236 974 1275">
    <p class='ocr_par' dir='ltr' id='par_1_42' title="bbox 224 1236 974 1275">
     <span class='ocr_line' id='line_1_42' title="bbox 224 1236 974 1275; baseline -0.005 -8"><span class='ocrx_word' id='word_1_298' title='bbox 224 1242 317 1272; x_wconf 79' lang='lat' dir='ltr'><strong>dorus,</strong></span> <span class='ocrx_word' id='word_1_299' title='bbox 337 1241 438 1267; x_wconf 82' lang='lat' dir='ltr'><strong>minimi</strong></span> <span class='ocrx_word' id='word_1_300' title='bbox 452 1240 599 1275; x_wconf 75' lang='lat' dir='ltr'><strong>presbyteri</strong></span> <span class='ocrx_word' id='word_1_301' title='bbox 616 1245 640 1266; x_wconf 78' lang='lat' dir='ltr'><strong>el</strong></span> <span class='ocrx_word' id='word_1_302' title='bbox 655 1239 792 1273; x_wconf 76' lang='lat' dir='ltr'><strong>pnepositi</strong></span> <span class='ocrx_word' id='word_1_303' title='bbox 819 1244 911 1264; x_wconf 82' lang='lat' dir='ltr'><strong>eorum</strong></span> <span class='ocrx_word' id='word_1_304' title='bbox 929 1236 974 1271; x_wconf 83' lang='lat' dir='ltr'><strong>qui</strong></span> 
     </span>
    </p>
   </div>
   <div class='ocr_carea' id='block_1_43' title="bbox 226 1283 974 1322">
    <p class='ocr_par' dir='ltr' id='par_1_43' title="bbox 226 1283 974 1322">
     <span class='ocr_line' id='line_1_43' title="bbox 226 1283 974 1322; baseline -0.007 -8"><span class='ocrx_word' id='word_1_305' title='bbox 226 1288 297 1322; x_wconf 80' lang='lat' dir='ltr'><strong>apud</strong></span> <span class='ocrx_word' id='word_1_306' title='bbox 316 1287 444 1319; x_wconf 83' lang='lat' dir='ltr'><strong>Cat/mra,</strong></span> <span class='ocrx_word' id='word_1_307' title='bbox 471 1285 626 1318; x_wconf 76' lang='lat' dir='ltr'><strong>Picridium,</strong></span> <span class='ocrx_word' id='word_1_308' title='bbox 645 1285 865 1320; x_wconf 76' lang='lat' dir='ltr'><strong>Paulopetrium,</strong></span> <span class='ocrx_word' id='word_1_309' title='bbox 888 1283 974 1310; x_wconf 67' lang='lat' dir='ltr'><strong>Euca-</strong></span> 
     </span>
    </p>
   </div>
   <div class='ocr_carea' id='block_1_44' title="bbox 229 1333 493 1366">
    <p class='ocr_par' dir='ltr' id='par_1_44' title="bbox 229 1333 493 1366">
     <span class='ocr_line' id='line_1_44' title="bbox 229 1333 493 1366; baseline 0.004 -6"><span class='ocrx_word' id='word_1_310' title='bbox 229 1335 307 1366; x_wconf 81' lang='lat' dir='ltr'><strong>riam.</strong></span> <span class='ocrx_word' id='word_1_311' title='bbox 323 1339 346 1361; x_wconf 74' lang='lat' dir='ltr'><strong>et</strong></span> <span class='ocrx_word' id='word_1_312' title='bbox 358 1333 493 1361; x_wconf 82' lang='lat' dir='ltr'><strong>Studium.</strong></span> 
     </span>
    </p>
   </div>
   <div class='ocr_carea' id='block_1_45' title="bbox 227 1421 981 1457">
    <p class='ocr_par' dir='ltr' id='par_1_45' title="bbox 227 1421 981 1457">
     <span class='ocr_line' id='line_1_45' title="bbox 227 1421 981 1457; baseline -0.004 -7"><span class='ocrx_word' id='word_1_313' title='bbox 227 1423 326 1450; x_wconf 81' lang='lat' dir='ltr'><strong>Audi&#39;a</strong></span> <span class='ocrx_word' id='word_1_314' title='bbox 352 1422 408 1457; x_wconf 86' lang='lat' dir='ltr'><strong>jam</strong></span> <span class='ocrx_word' id='word_1_315' title='bbox 441 1426 507 1450; x_wconf 88' lang='lat' dir='ltr'><strong>sunt</strong></span> <span class='ocrx_word' id='word_1_316' title='bbox 529 1421 600 1448; x_wconf 83' lang='lat' dir='ltr'><strong>haud</strong></span> <span class='ocrx_word' id='word_1_317' title='bbox 622 1421 705 1448; x_wconf 88' lang='lat' dir='ltr'><strong>dubie</strong></span> <span class='ocrx_word' id='word_1_318' title='bbox 727 1428 863 1455; x_wconf 68' lang='lat' dir='ltr'><strong>supremae</strong></span> <span class='ocrx_word' id='word_1_319' title='bbox 884 1424 981 1448; x_wconf 66' lang='lat' dir='ltr'><strong>vestra:</strong></span> 
     </span>
    </p>
   </div>
   <div class='ocr_carea' id='block_1_46' title="bbox 192 1465 980 1501">
    <p class='ocr_par' dir='ltr' id='par_1_46' title="bbox 192 1465 980 1501">
     <span class='ocr_line' id='line_1_46' title="bbox 192 1465 980 1501; baseline -0.005 -6"><span class='ocrx_word' id='word_1_320' title='bbox 192 1468 354 1496; x_wconf 81' lang='lat' dir='ltr'><strong>beatitudini</strong></span> <span class='ocrx_word' id='word_1_321' title='bbox 369 1475 399 1494; x_wconf 89' lang='lat' dir='ltr'><strong>ea</strong></span> <span class='ocrx_word' id='word_1_322' title='bbox 422 1475 483 1501; x_wconf 74' lang='lat' dir='ltr'><strong>qua:</strong></span> <span class='ocrx_word' id='word_1_323' title='bbox 500 1471 609 1501; x_wconf 85' lang='lat' dir='ltr'><strong>propter</strong></span> <span class='ocrx_word' id='word_1_324' title='bbox 636 1470 747 1500; x_wconf 85' lang='lat' dir='ltr'><strong>peccata</strong></span> <span class='ocrx_word' id='word_1_325' title='bbox 772 1470 864 1492; x_wconf 87' lang='lat' dir='ltr'><strong>nostra</strong></span> <span class='ocrx_word' id='word_1_326' title='bbox 882 1465 908 1492; x_wconf 91' lang='lat' dir='ltr'><strong>in</strong></span> <span class='ocrx_word' id='word_1_327' title='bbox 930 1472 980 1491; x_wconf 85' lang='lat' dir='ltr'><strong>no-</strong></span> 
     </span>
    </p>
   </div>
   <div class='ocr_carea' id='block_1_47' title="bbox 193 1510 1006 1542">
    <p class='ocr_par' dir='ltr' id='par_1_47' title="bbox 193 1510 1006 1542">
     <span class='ocr_line' id='line_1_47' title="bbox 193 1510 1006 1542; baseline -0.007 0"><span class='ocrx_word' id='word_1_328' title='bbox 193 1520 278 1542; x_wconf 79' lang='lat' dir='ltr'><strong>stram</strong></span> <span class='ocrx_word' id='word_1_329' title='bbox 309 1513 456 1542; x_wconf 87' lang='lat' dir='ltr'><strong>Ecclesiam</strong></span> <span class='ocrx_word' id='word_1_330' title='bbox 486 1513 620 1540; x_wconf 78' lang='lat' dir='ltr'><strong>invasere.</strong></span> <span class='ocrx_word' id='word_1_331' title='bbox 639 1512 743 1539; x_wconf 82' lang='lat' dir='ltr'><strong>Etenim</strong></span> <span class='ocrx_word' id='word_1_332' title='bbox 765 1511 827 1538; x_wconf 81' lang='lat' dir='ltr'><strong>iacti</strong></span> <span class='ocrx_word' id='word_1_333' title='bbox 843 1518 938 1538; x_wconf 88' lang='lat' dir='ltr'><strong>sumus</strong></span> <span class='ocrx_word' id='word_1_334' title='bbox 953 1510 979 1537; x_wconf 91' lang='lat' dir='ltr'><strong>iu</strong></span> <span class='ocrx_word' id='word_1_335' title='bbox 1003 1528 1006 1531; x_wconf 67' lang='grc'>.</span> 
     </span>
    </p>
   </div>
   <div class='ocr_carea' id='block_1_48' title="bbox 194 1545 980 1594">
    <p class='ocr_par' dir='ltr' id='par_1_48' title="bbox 194 1556 979 1594">
     <span class='ocr_line' id='line_1_48' title="bbox 194 1556 979 1594; baseline -0.006 -8"><span class='ocrx_word' id='word_1_336' title='bbox 194 1559 349 1594; x_wconf 82' lang='lat' dir='ltr'><strong>parabolam</strong></span> <span class='ocrx_word' id='word_1_337' title='bbox 375 1563 402 1586; x_wconf 79' lang='lat' dir='ltr'><strong>et</strong></span> <span class='ocrx_word' id='word_1_338' title='bbox 427 1558 601 1593; x_wconf 83' lang='lat' dir='ltr'><strong>proverbium</strong></span> <span class='ocrx_word' id='word_1_339' title='bbox 627 1557 755 1584; x_wconf 90' lang='lat' dir='ltr'><strong>omnibus</strong></span> <span class='ocrx_word' id='word_1_340' title='bbox 781 1556 924 1591; x_wconf 78' lang='lat' dir='ltr'><strong>gentibus,</strong></span> <span class='ocrx_word' id='word_1_341' title='bbox 952 1560 979 1582; x_wconf 87' lang='lat' dir='ltr'><strong>ut</strong></span> 
     </span>
    </p>
   </div>
   <div class='ocr_carea' id='block_1_49' title="bbox 1038 1545 1671 1594">
    <p class='ocr_par' dir='ltr' id='par_1_49' title="bbox 1038 1545 1671 1590">
     <span class='ocr_line' id='line_1_49' title="bbox 1038 1545 1671 1590; baseline -0.021 -7"><span class='ocrx_word' id='word_1_342' title='bbox 1038 1545 1074 1589; x_wconf 57' lang='grc' dir='ltr'>εἷς</span> <span class='ocrx_word' id='word_1_343' title='bbox 1086 1553 1246 1590; x_wconf 78' lang='grc' dir='ltr'>παραϐολὴν</span> <span class='ocrx_word' id='word_1_344' title='bbox 1264 1551 1312 1578; x_wconf 78' lang='grc' dir='ltr'>καὶ</span> <span class='ocrx_word' id='word_1_345' title='bbox 1328 1550 1451 1584; x_wconf 78' lang='grc' dir='ltr'>διήγημα</span> <span class='ocrx_word' id='word_1_346' title='bbox 1480 1548 1508 1574; x_wconf 74' lang='grc' dir='ltr'><strong>ιν</strong></span> <span class='ocrx_word' id='word_1_347' title='bbox 1537 1545 1671 1575; x_wconf 79' lang='grc' dir='ltr'>πᾶσιτοῖς</span> 
     </span>
    </p>
   </div>
   <div class='ocr_carea' id='block_1_50' title="bbox 195 1603 980 1639">
    <p class='ocr_par' dir='ltr' id='par_1_50' title="bbox 195 1603 980 1639">
     <span class='ocr_line' id='line_1_50' title="bbox 195 1603 980 1639; baseline -0.006 -7"><span class='ocrx_word' id='word_1_348' title='bbox 195 1606 345 1632; x_wconf 78' lang='lat' dir='ltr'><strong>secundum</strong></span> <span class='ocrx_word' id='word_1_349' title='bbox 372 1605 540 1639; x_wconf 85' lang='lat' dir='ltr'><strong>Scripturam</strong></span> <span class='ocrx_word' id='word_1_350' title='bbox 564 1603 689 1637; x_wconf 78' lang='lat' dir='ltr'><strong>loquar“</strong></span> <span class='ocrx_word' id='word_1_351' title='bbox 711 1612 718 1630; x_wconf 88' lang='lat'><strong>:</strong></span> <span class='ocrx_word' id='word_1_352' title='bbox 741 1603 861 1630; x_wconf 89' lang='lat' dir='ltr'><strong>nondum</strong></span> <span class='ocrx_word' id='word_1_353' title='bbox 890 1606 980 1628; x_wconf 79' lang='lat' dir='ltr'><strong>tamen</strong></span> 
     </span>
    </p>
   </div>
   <div class='ocr_carea' id='block_1_51' title="bbox 196 1646 980 1685">
    <p class='ocr_par' dir='ltr' id='par_1_51' title="bbox 196 1646 980 1685">
     <span class='ocr_line' id='line_1_51' title="bbox 196 1646 980 1685; baseline -0.005 -9"><span class='ocrx_word' id='word_1_354' title='bbox 196 1652 312 1678; x_wconf 81' lang='lat' dir='ltr'><strong>lortasse</strong></span> <span class='ocrx_word' id='word_1_355' title='bbox 320 1658 351 1677; x_wconf 84' lang='lat' dir='ltr'><strong>ea</strong></span> <span class='ocrx_word' id='word_1_356' title='bbox 362 1649 480 1685; x_wconf 79' lang='lat' dir='ltr'><strong>perfecte</strong></span> <span class='ocrx_word' id='word_1_357' title='bbox 492 1653 518 1676; x_wconf 89' lang='lat' dir='ltr'><strong>et</strong></span> <span class='ocrx_word' id='word_1_358' title='bbox 529 1657 577 1684; x_wconf 88' lang='lat' dir='ltr'><strong>per</strong></span> <span class='ocrx_word' id='word_1_359' title='bbox 586 1648 717 1683; x_wconf 81' lang='lat' dir='ltr'><strong>epistolas</strong></span> <span class='ocrx_word' id='word_1_360' title='bbox 728 1647 882 1675; x_wconf 85' lang='lat' dir='ltr'><strong>renuntiata</strong></span> <span class='ocrx_word' id='word_1_361' title='bbox 897 1646 980 1673; x_wconf 81' lang='lat' dir='ltr'><strong>fuere.</strong></span> 
     </span>
    </p>
   </div>
   <div class='ocr_carea' id='block_1_52' title="bbox 195 1691 983 1728">
    <p class='ocr_par' dir='ltr' id='par_1_52' title="bbox 195 1691 983 1728">
     <span class='ocr_line' id='line_1_52' title="bbox 195 1691 983 1728; baseline -0.005 -6"><span class='ocrx_word' id='word_1_362' title='bbox 195 1695 286 1728; x_wconf 84' lang='lat' dir='ltr'><strong>Quare</strong></span> <span class='ocrx_word' id='word_1_363' title='bbox 298 1703 349 1722; x_wconf 89' lang='lat' dir='ltr'><strong>nos</strong></span> <span class='ocrx_word' id='word_1_364' title='bbox 365 1694 482 1726; x_wconf 91' lang='lat' dir='ltr'><strong>minimi,</strong></span> <span class='ocrx_word' id='word_1_365' title='bbox 503 1694 553 1721; x_wconf 90' lang='lat' dir='ltr'><strong>etsi</strong></span> <span class='ocrx_word' id='word_1_366' title='bbox 568 1693 719 1720; x_wconf 88' lang='lat' dir='ltr'><strong>membrum</strong></span> <span class='ocrx_word' id='word_1_367' title='bbox 741 1692 864 1725; x_wconf 77' lang='lat' dir='ltr'><strong>corporis</strong></span> <span class='ocrx_word' id='word_1_368' title='bbox 883 1691 983 1719; x_wconf 87' lang='lat' dir='ltr'><strong>Christi</strong></span> 
     </span>
    </p>
   </div>
   <div class='ocr_carea' id='block_1_53' title="bbox 196 1739 982 1774">
    <p class='ocr_par' dir='ltr' id='par_1_53' title="bbox 196 1739 982 1774">
     <span class='ocr_line' id='line_1_53' title="bbox 196 1739 982 1774; baseline -0.006 -6"><span class='ocrx_word' id='word_1_369' title='bbox 196 1741 321 1769; x_wconf 90' lang='lat' dir='ltr'><strong>ultimum</strong></span> <span class='ocrx_word' id='word_1_370' title='bbox 337 1749 432 1768; x_wconf 90' lang='lat' dir='ltr'><strong>sumus</strong></span> <span class='ocrx_word' id='word_1_371' title='bbox 446 1748 453 1768; x_wconf 88' lang='lat'><strong>:</strong></span> <span class='ocrx_word' id='word_1_372' title='bbox 467 1745 573 1772; x_wconf 89' lang='lat' dir='ltr'><strong>tamen,</strong></span> <span class='ocrx_word' id='word_1_373' title='bbox 585 1747 646 1767; x_wconf 89' lang='lat' dir='ltr'><strong>eum</strong></span> <span class='ocrx_word' id='word_1_374' title='bbox 663 1739 686 1766; x_wconf 87' lang='lat' dir='ltr'><strong>is</strong></span> <span class='ocrx_word' id='word_1_375' title='bbox 701 1739 747 1774; x_wconf 89' lang='lat' dir='ltr'><strong>qui</strong></span> <span class='ocrx_word' id='word_1_376' title='bbox 762 1743 843 1773; x_wconf 82' lang='lat' dir='ltr'><strong>caput</strong></span> <span class='ocrx_word' id='word_1_377' title='bbox 860 1742 982 1765; x_wconf 89' lang='lat' dir='ltr'><strong>nostrum</strong></span> 
     </span>
    </p>
   </div>
   <div class='ocr_carea' id='block_1_54' title="bbox 196 1784 982 1821">
    <p class='ocr_par' dir='ltr' id='par_1_54' title="bbox 196 1784 982 1821">
     <span class='ocr_line' id='line_1_54' title="bbox 196 1784 982 1821; baseline -0.003 -9"><span class='ocrx_word' id='word_1_378' title='bbox 196 1791 248 1819; x_wconf 69' lang='lat' dir='ltr'><strong>ist,</strong></span> <span class='ocrx_word' id='word_1_379' title='bbox 257 1787 382 1821; x_wconf 85' lang='lat' dir='ltr'><strong>captivus</strong></span> <span class='ocrx_word' id='word_1_380' title='bbox 399 1787 444 1817; x_wconf 86' lang='lat' dir='ltr'><strong>sit,</strong></span> <span class='ocrx_word' id='word_1_381' title='bbox 465 1791 546 1819; x_wconf 81' lang='lat' dir='ltr'><strong>atque</strong></span> <span class='ocrx_word' id='word_1_382' title='bbox 559 1785 576 1811; x_wconf 89' lang='lat' dir='ltr'><strong>ii</strong></span> <span class='ocrx_word' id='word_1_383' title='bbox 587 1785 633 1819; x_wconf 88' lang='lat' dir='ltr'><strong>qui</strong></span> <span class='ocrx_word' id='word_1_384' title='bbox 648 1785 716 1811; x_wconf 89' lang='lat' dir='ltr'><strong>inter</strong></span> <span class='ocrx_word' id='word_1_385' title='bbox 736 1784 833 1811; x_wconf 80' lang='lat' dir='ltr'><strong>fratres</strong></span> <span class='ocrx_word' id='word_1_386' title='bbox 851 1784 982 1814; x_wconf 85' lang='lat' dir='ltr'><strong>eminent,</strong></span> 
     </span>
    </p>
   </div>
   <div class='ocr_carea' id='block_1_55' title="bbox 198 1829 983 1867">
    <p class='ocr_par' dir='ltr' id='par_1_55' title="bbox 198 1829 983 1867">
     <span class='ocr_line' id='line_1_55' title="bbox 198 1829 983 1867; baseline -0.006 -7"><span class='ocrx_word' id='word_1_387' title='bbox 198 1835 251 1861; x_wconf 87' lang='lat' dir='ltr'><strong>huc</strong></span> <span class='ocrx_word' id='word_1_388' title='bbox 271 1838 353 1867; x_wconf 83' lang='lat' dir='ltr'><strong>atque</strong></span> <span class='ocrx_word' id='word_1_389' title='bbox 371 1832 435 1858; x_wconf 86' lang='lat' dir='ltr'><strong>illue</strong></span> <span class='ocrx_word' id='word_1_390' title='bbox 455 1830 579 1864; x_wconf 86' lang='lat' dir='ltr'><strong>dissipati</strong></span> <span class='ocrx_word' id='word_1_391' title='bbox 600 1839 607 1856; x_wconf 90' lang='lat'>:</span> <span class='ocrx_word' id='word_1_392' title='bbox 624 1830 716 1864; x_wconf 81' lang='lat' dir='ltr'><strong>aliquo</strong></span> <span class='ocrx_word' id='word_1_393' title='bbox 734 1829 816 1856; x_wconf 89' lang='lat' dir='ltr'><strong>modo</strong></span> <span class='ocrx_word' id='word_1_394' title='bbox 832 1829 983 1863; x_wconf 77' lang='lat' dir='ltr'><strong>potuimus,</strong></span> 
     </span>
    </p>
   </div>
   <div class='ocr_carea' id='block_1_56' title="bbox 195 1874 983 1912">
    <p class='ocr_par' dir='ltr' id='par_1_56' title="bbox 195 1874 983 1912">
     <span class='ocr_line' id='line_1_56' title="bbox 195 1874 983 1912; baseline -0.006 -6"><span class='ocrx_word' id='word_1_395' title='bbox 195 1887 230 1906; x_wconf 78' lang='lat' dir='ltr'><strong>ex</strong></span> <span class='ocrx_word' id='word_1_396' title='bbox 247 1885 280 1905; x_wconf 92' lang='lat' dir='ltr'><strong>eo</strong></span> <span class='ocrx_word' id='word_1_397' title='bbox 293 1877 365 1912; x_wconf 88' lang='lat' dir='ltr'><strong>quod</strong></span> <span class='ocrx_word' id='word_1_398' title='bbox 380 1884 462 1911; x_wconf 78' lang='lat' dir='ltr'><strong>prope</strong></span> <span class='ocrx_word' id='word_1_399' title='bbox 472 1883 578 1908; x_wconf 83' lang='lat' dir='ltr'><strong>sumus,</strong></span> <span class='ocrx_word' id='word_1_400' title='bbox 588 1879 615 1902; x_wconf 85' lang='lat' dir='ltr'><strong>et</strong></span> <span class='ocrx_word' id='word_1_401' title='bbox 625 1883 658 1902; x_wconf 80' lang='lat' dir='ltr'><strong>ex</strong></span> <span class='ocrx_word' id='word_1_402' title='bbox 671 1881 765 1902; x_wconf 86' lang='lat' dir='ltr'><strong>mutua</strong></span> <span class='ocrx_word' id='word_1_403' title='bbox 775 1874 983 1909; x_wconf 76' lang='lat' dir='ltr'><strong>signiﬁcatione.</strong></span> 
     </span>
    </p>
   </div>
   <div class='ocr_carea' id='block_1_57' title="bbox 199 1919 985 1958">
    <p class='ocr_par' dir='ltr' id='par_1_57' title="bbox 199 1919 985 1958">
     <span class='ocr_line' id='line_1_57' title="bbox 199 1919 985 1958; baseline -0.005 -8"><span class='ocrx_word' id='word_1_404' title='bbox 199 1931 328 1958; x_wconf 79' lang='lat' dir='ltr'><strong>tanquam</strong></span> <span class='ocrx_word' id='word_1_405' title='bbox 343 1930 395 1950; x_wconf 91' lang='lat' dir='ltr'><strong>uno</strong></span> <span class='ocrx_word' id='word_1_406' title='bbox 406 1922 501 1956; x_wconf 83' lang='lat' dir='ltr'><strong>spiritu</strong></span> <span class='ocrx_word' id='word_1_407' title='bbox 514 1926 540 1949; x_wconf 87' lang='lat' dir='ltr'><strong>et</strong></span> <span class='ocrx_word' id='word_1_408' title='bbox 552 1921 743 1949; x_wconf 85' lang='lat' dir='ltr'><strong>communibus</strong></span> <span class='ocrx_word' id='word_1_409' title='bbox 758 1921 847 1948; x_wconf 85' lang='lat' dir='ltr'><strong>verbis</strong></span> <span class='ocrx_word' id='word_1_410' title='bbox 861 1919 985 1954; x_wconf 76' lang='lat' dir='ltr'><strong>quamvis</strong></span> 
     </span>
    </p>
   </div>
   <div class='ocr_carea' id='block_1_58' title="bbox 197 1964 984 1999">
    <p class='ocr_par' dir='ltr' id='par_1_58' title="bbox 197 1964 984 1999">
     <span class='ocr_line' id='line_1_58' title="bbox 197 1964 984 1999; baseline -0.006 -4"><span class='ocrx_word' id='word_1_411' title='bbox 197 1968 372 1996; x_wconf 74' lang='lat' dir='ltr'><strong>temerarium</strong></span> <span class='ocrx_word' id='word_1_412' title='bbox 397 1967 444 1999; x_wconf 87' lang='lat' dir='ltr'><strong>sit,</strong></span> <span class='ocrx_word' id='word_1_413' title='bbox 465 1967 518 1994; x_wconf 82' lang='lat' dir='ltr'><strong>ista</strong></span> <span class='ocrx_word' id='word_1_414' title='bbox 537 1965 666 1994; x_wconf 84' lang='lat' dir='ltr'><strong>scribere.</strong></span> <span class='ocrx_word' id='word_1_415' title='bbox 694 1965 775 1996; x_wconf 77' lang='lat' dir='ltr'><strong>Audi,</strong></span> <span class='ocrx_word' id='word_1_416' title='bbox 805 1964 984 1998; x_wconf 87' lang='lat' dir='ltr'><strong>apostolicum</strong></span> 
     </span>
    </p>
   </div>
   <div class='ocr_carea' id='block_1_59' title="bbox 199 2009 985 2049">
    <p class='ocr_par' dir='ltr' id='par_1_59' title="bbox 199 2009 985 2049">
     <span class='ocr_line' id='line_1_59' title="bbox 199 2009 985 2049; baseline -0.006 -8"><span class='ocrx_word' id='word_1_417' title='bbox 199 2018 290 2049; x_wconf 72' lang='lat' dir='ltr'><strong>caput,</strong></span> <span class='ocrx_word' id='word_1_418' title='bbox 310 2021 326 2040; x_wconf 91' lang='lat' dir='ltr'><strong>a</strong></span> <span class='ocrx_word' id='word_1_419' title='bbox 348 2013 404 2039; x_wconf 86' lang='lat' dir='ltr'><strong>Deo</strong></span> <span class='ocrx_word' id='word_1_420' title='bbox 421 2011 566 2047; x_wconf 80' lang='lat' dir='ltr'><strong>pra-posite</strong></span> <span class='ocrx_word' id='word_1_421' title='bbox 581 2015 672 2046; x_wconf 82' lang='lat' dir='ltr'><strong>pastor</strong></span> <span class='ocrx_word' id='word_1_422' title='bbox 686 2011 777 2038; x_wconf 74' lang='lat' dir='ltr'><strong>orium</strong></span> <span class='ocrx_word' id='word_1_423' title='bbox 792 2009 902 2041; x_wconf 85' lang='lat' dir='ltr'><strong>Clu-isti,</strong></span> <span class='ocrx_word' id='word_1_424' title='bbox 913 2009 985 2044; x_wconf 86' lang='lat' dir='ltr'><strong>jani-</strong></span> 
     </span>
    </p>
   </div>
   <div class='ocr_carea' id='block_1_60' title="bbox 193 2055 984 2092">
    <p class='ocr_par' dir='ltr' id='par_1_60' title="bbox 193 2055 984 2092">
     <span class='ocr_line' id='line_1_60' title="bbox 193 2055 984 2092; baseline -0.004 -8"><span class='ocrx_word' id='word_1_425' title='bbox 193 2064 242 2086; x_wconf 89' lang='lat' dir='ltr'><strong>.tor</strong></span> <span class='ocrx_word' id='word_1_426' title='bbox 251 2059 325 2092; x_wconf 76' lang='lat' dir='ltr'><strong>regni</strong></span> <span class='ocrx_word' id='word_1_427' title='bbox 339 2057 483 2089; x_wconf 65' lang='lat' dir='ltr'><strong>calorum,</strong></span> <span class='ocrx_word' id='word_1_428' title='bbox 494 2060 568 2091; x_wconf 82' lang='lat' dir='ltr'><strong>petra</strong></span> <span class='ocrx_word' id='word_1_429' title='bbox 585 2056 646 2084; x_wconf 84' lang='lat' dir='ltr'><strong>ﬁdei</strong></span> <span class='ocrx_word' id='word_1_430' title='bbox 665 2064 747 2091; x_wconf 90' lang='lat' dir='ltr'><strong>super</strong></span> <span class='ocrx_word' id='word_1_431' title='bbox 759 2064 842 2090; x_wconf 86' lang='lat' dir='ltr'><strong>quam</strong></span> <span class='ocrx_word' id='word_1_432' title='bbox 853 2055 984 2082; x_wconf 67' lang='lat' dir='ltr'><strong>aediﬁcata</strong></span> 
     </span>
    </p>
   </div>
   <div class='ocr_carea' id='block_1_61' title="bbox 200 2101 984 2134">
    <p class='ocr_par' dir='ltr' id='par_1_61' title="bbox 200 2101 984 2134">
     <span class='ocr_line' id='line_1_61' title="bbox 200 2101 984 2134; baseline -0.004 -3"><span class='ocrx_word' id='word_1_433' title='bbox 200 2110 241 2131; x_wconf 88' lang='lat' dir='ltr'><strong>est</strong></span> <span class='ocrx_word' id='word_1_434' title='bbox 257 2103 390 2131; x_wconf 83' lang='lat' dir='ltr'><strong>catholica</strong></span> <span class='ocrx_word' id='word_1_435' title='bbox 408 2103 538 2131; x_wconf 82' lang='lat' dir='ltr'><strong>Ecclesia.</strong></span> <span class='ocrx_word' id='word_1_436' title='bbox 555 2103 651 2130; x_wconf 87' lang='lat' dir='ltr'><strong>Petrus</strong></span> <span class='ocrx_word' id='word_1_437' title='bbox 666 2102 738 2129; x_wconf 88' lang='lat' dir='ltr'><strong>enim</strong></span> <span class='ocrx_word' id='word_1_438' title='bbox 755 2107 793 2134; x_wconf 89' lang='lat' dir='ltr'><strong>tu,</strong></span> <span class='ocrx_word' id='word_1_439' title='bbox 805 2101 877 2129; x_wconf 83' lang='lat' dir='ltr'><strong>Petri</strong></span> <span class='ocrx_word' id='word_1_440' title='bbox 893 2101 984 2129; x_wconf 84' lang='lat' dir='ltr'><strong>sedent</strong></span> 
     </span>
    </p>
   </div>
   <div class='ocr_carea' id='block_1_62' title="bbox 201 2146 985 2182">
    <p class='ocr_par' dir='ltr' id='par_1_62' title="bbox 201 2146 985 2182">
     <span class='ocr_line' id='line_1_62' title="bbox 201 2146 985 2182; baseline -0.004 -7"><span class='ocrx_word' id='word_1_441' title='bbox 201 2156 338 2175; x_wconf 77' lang='lat' dir='ltr'><strong>exornans</strong></span> <span class='ocrx_word' id='word_1_442' title='bbox 357 2152 384 2174; x_wconf 88' lang='lat' dir='ltr'><strong>et</strong></span> <span class='ocrx_word' id='word_1_443' title='bbox 401 2148 566 2181; x_wconf 73' lang='lat' dir='ltr'><strong>gubernans.</strong></span> <span class='ocrx_word' id='word_1_444' title='bbox 591 2146 659 2181; x_wconf 86' lang='lat' dir='ltr'><strong>Lupi</strong></span> <span class='ocrx_word' id='word_1_445' title='bbox 676 2154 772 2182; x_wconf 89' lang='lat' dir='ltr'><strong>graves</strong></span> <span class='ocrx_word' id='word_1_446' title='bbox 790 2147 946 2181; x_wconf 84' lang='lat' dir='ltr'><strong>irruperunt</strong></span> <span class='ocrx_word' id='word_1_447' title='bbox 957 2146 985 2172; x_wconf 93' lang='lat' dir='ltr'><strong>in</strong></span> 
     </span>
    </p>
   </div>
   <div class='ocr_carea' id='block_1_63' title="bbox 202 2193 986 2227">
    <p class='ocr_par' dir='ltr' id='par_1_63' title="bbox 202 2193 986 2227">
     <span class='ocr_line' id='line_1_63' title="bbox 202 2193 986 2227; baseline -0.005 -5"><span class='ocrx_word' id='word_1_448' title='bbox 202 2196 308 2222; x_wconf 82' lang='lat' dir='ltr'><strong>caulam</strong></span> <span class='ocrx_word' id='word_1_449' title='bbox 336 2195 441 2222; x_wconf 89' lang='lat' dir='ltr'><strong>Domini</strong></span> <span class='ocrx_word' id='word_1_450' title='bbox 459 2203 465 2220; x_wconf 95' lang='lat'><strong>:</strong></span> <span class='ocrx_word' id='word_1_451' title='bbox 480 2198 563 2227; x_wconf 70' lang='lat' dir='ltr'><strong>portae</strong></span> <span class='ocrx_word' id='word_1_452' title='bbox 583 2193 671 2226; x_wconf 78' lang='lat' dir='ltr'><strong>interi,</strong></span> <span class='ocrx_word' id='word_1_453' title='bbox 684 2197 713 2220; x_wconf 89' lang='lat' dir='ltr'><strong>ut</strong></span> <span class='ocrx_word' id='word_1_454' title='bbox 725 2193 800 2225; x_wconf 92' lang='lat' dir='ltr'><strong>olim,</strong></span> <span class='ocrx_word' id='word_1_455' title='bbox 822 2197 908 2227; x_wconf 52' lang='lat' dir='ltr'><strong>rupta).</strong></span> <span class='ocrx_word' id='word_1_456' title='bbox 923 2197 986 2219; x_wconf 84' lang='lat' dir='ltr'><strong>sunt</strong></span> 
     </span>
    </p>
   </div>
   <div class='ocr_carea' id='block_1_64' title="bbox 1032 1081 1822 1128">
    <p class='ocr_par' dir='ltr' id='par_1_64' title="bbox 1032 1081 1822 1128">
     <span class='ocr_line' id='line_1_64' title="bbox 1032 1081 1822 1128; baseline -0.02 -6"><span class='ocrx_word' id='word_1_457' title='bbox 1032 1094 1073 1128; x_wconf 88' lang='grc' dir='ltr'><strong>Τῷ</strong></span> <span class='ocrx_word' id='word_1_458' title='bbox 1083 1094 1182 1121; x_wconf 80' lang='grc' dir='ltr'>πάντα</span> <span class='ocrx_word' id='word_1_459' title='bbox 1195 1087 1420 1124; x_wconf 79' lang='grc' dir='ltr'>πανατεστὰτφ.</span> <span class='ocrx_word' id='word_1_460' title='bbox 1430 1084 1566 1120; x_wconf 75' lang='grc' dir='ltr'>φωστῆρι</span> <span class='ocrx_word' id='word_1_461' title='bbox 1572 1082 1704 1118; x_wconf 73' lang='grc' dir='ltr'><strong>μεγάλῳ,</strong></span> <span class='ocrx_word' id='word_1_462' title='bbox 1716 1081 1822 1116; x_wconf 76' lang='grc' dir='ltr'>ἀρχιε-</span> 
     </span>
    </p>
   </div>
   <div class='ocr_carea' id='block_1_65' title="bbox 1061 1128 1821 1174">
    <p class='ocr_par' dir='ltr' id='par_1_65' title="bbox 1061 1128 1821 1174">
     <span class='ocr_line' id='line_1_65' title="bbox 1061 1128 1821 1174; baseline -0.02 -7"><span class='ocrx_word' id='word_1_463' title='bbox 1061 1139 1111 1174; x_wconf 78' lang='grc' dir='ltr'>ρεῖ</span> <span class='ocrx_word' id='word_1_464' title='bbox 1126 1137 1298 1174; x_wconf 80' lang='grc' dir='ltr'>πρωτίστῳ,</span> <span class='ocrx_word' id='word_1_465' title='bbox 1319 1133 1410 1167; x_wconf 84' lang='grc' dir='ltr'><strong>κυρίῳ</strong></span> <span class='ocrx_word' id='word_1_466' title='bbox 1424 1130 1520 1165; x_wconf 75' lang='grc' dir='ltr'><strong>ἡμῶν,</strong></span> <span class='ocrx_word' id='word_1_467' title='bbox 1536 1129 1669 1162; x_wconf 78' lang='grc' dir='ltr'><strong>δεσπότῃ</strong></span> <span class='ocrx_word' id='word_1_468' title='bbox 1687 1128 1821 1174; x_wconf 74' lang='grc' dir='ltr'>ἀπρεπο-</span> 
     </span>
    </p>
   </div>
   <div class='ocr_carea' id='block_1_66' title="bbox 1064 1172 1820 1218">
    <p class='ocr_par' dir='ltr' id='par_1_66' title="bbox 1064 1172 1820 1218">
     <span class='ocr_line' id='line_1_66' title="bbox 1064 1172 1820 1218; baseline -0.021 -5"><span class='ocrx_word' id='word_1_469' title='bbox 1064 1172 1248 1218; x_wconf 23' lang='grc' dir='ltr'>ξλικῷγπάπᾳ,</span> <span class='ocrx_word' id='word_1_470' title='bbox 1273 1179 1427 1212; x_wconf 80' lang='grc' dir='ltr'><strong>Ἰωάννης,</strong></span> <span class='ocrx_word' id='word_1_471' title='bbox 1443 1175 1615 1208; x_wconf 81' lang='grc' dir='ltr'><strong>Θεοδόσιος,</strong></span> <span class='ocrx_word' id='word_1_472' title='bbox 1632 1172 1820 1205; x_wconf 80' lang='grc' dir='ltr'>Ἀθανάσιος,</span> 
     </span>
    </p>
   </div>
   <div class='ocr_carea' id='block_1_67' title="bbox 1069 1219 1821 1264">
    <p class='ocr_par' dir='ltr' id='par_1_67' title="bbox 1069 1219 1821 1264">
     <span class='ocr_line' id='line_1_67' title="bbox 1069 1219 1821 1264; baseline -0.02 -5"><span class='ocrx_word' id='word_1_473' title='bbox 1069 1231 1224 1264; x_wconf 78' lang='grc' dir='ltr'><strong>Ἰωάννης,</strong></span> <span class='ocrx_word' id='word_1_474' title='bbox 1252 1226 1410 1260; x_wconf 79' lang='grc' dir='ltr'>Θεόδωρος,</span> <span class='ocrx_word' id='word_1_475' title='bbox 1433 1222 1590 1257; x_wconf 73' lang='grc' dir='ltr'>ἐλάχιστοι</span> <span class='ocrx_word' id='word_1_476' title='bbox 1620 1219 1821 1254; x_wconf 77' lang='grc' dir='ltr'>πρεσϐύτεροι</span> 
     </span>
    </p>
   </div>
   <div class='ocr_carea' id='block_1_68' title="bbox 1064 1264 1822 1311">
    <p class='ocr_par' dir='ltr' id='par_1_68' title="bbox 1064 1264 1822 1311">
     <span class='ocr_line' id='line_1_68' title="bbox 1064 1264 1822 1311; baseline -0.02 -6"><span class='ocrx_word' id='word_1_477' title='bbox 1064 1278 1113 1306; x_wconf 76' lang='grc' dir='ltr'>καὶ</span> <span class='ocrx_word' id='word_1_478' title='bbox 1125 1276 1286 1311; x_wconf 71' lang='grc' dir='ltr'>ἡγούμενοι</span> <span class='ocrx_word' id='word_1_479' title='bbox 1300 1272 1360 1300; x_wconf 84' lang='grc' dir='ltr'><strong>τῶν</strong></span> <span class='ocrx_word' id='word_1_480' title='bbox 1369 1269 1488 1304; x_wconf 82' lang='grc' dir='ltr'>Καθαρὰ</span> <span class='ocrx_word' id='word_1_481' title='bbox 1497 1289 1505 1302; x_wconf 86' lang='lat'><strong>,</strong></span> <span class='ocrx_word' id='word_1_482' title='bbox 1520 1267 1580 1295; x_wconf 81' lang='grc' dir='ltr'><strong>τῶν</strong></span> <span class='ocrx_word' id='word_1_483' title='bbox 1593 1266 1758 1300; x_wconf 79' lang='grc' dir='ltr'>Πικριόἰου,</span> <span class='ocrx_word' id='word_1_484' title='bbox 1768 1264 1822 1291; x_wconf 83' lang='grc' dir='ltr'>τοῦ</span> 
     </span>
    </p>
   </div>
   <div class='ocr_carea' id='block_1_69' title="bbox 1065 1310 1820 1355">
    <p class='ocr_par' dir='ltr' id='par_1_69' title="bbox 1065 1310 1820 1355">
     <span class='ocr_line' id='line_1_69' title="bbox 1065 1310 1820 1355; baseline -0.021 -4"><span class='ocrx_word' id='word_1_485' title='bbox 1065 1310 1300 1355; x_wconf 71' lang='grc' dir='ltr'>Παυλρπετριου,</span> <span class='ocrx_word' id='word_1_486' title='bbox 1336 1317 1392 1352; x_wconf 82' lang='grc' dir='ltr'>τῆς</span> <span class='ocrx_word' id='word_1_487' title='bbox 1408 1315 1563 1349; x_wconf 75' lang='grc' dir='ltr'>Εὑχερίας,</span> <span class='ocrx_word' id='word_1_488' title='bbox 1577 1311 1637 1340; x_wconf 85' lang='grc' dir='ltr'><strong>τῶν</strong></span> <span class='ocrx_word' id='word_1_489' title='bbox 1663 1310 1820 1338; x_wconf 78' lang='grc' dir='ltr'>Στουὸἰον.</span> 
     </span>
    </p>
   </div>
   <div class='ocr_carea' id='block_1_70' title="bbox 1070 1405 1824 1454">
    <p class='ocr_par' dir='ltr' id='par_1_70' title="bbox 1070 1405 1824 1454">
     <span class='ocr_line' id='line_1_70' title="bbox 1070 1405 1824 1454; baseline -0.021 -8"><span class='ocrx_word' id='word_1_490' title='bbox 1070 1418 1139 1454; x_wconf 82' lang='grc' dir='ltr'><strong>Ἤδη</strong></span> <span class='ocrx_word' id='word_1_491' title='bbox 1156 1425 1206 1444; x_wconf 86' lang='grc' dir='ltr'><strong>που</strong></span> <span class='ocrx_word' id='word_1_492' title='bbox 1223 1415 1335 1445; x_wconf 82' lang='grc' dir='ltr'>πάντως</span> <span class='ocrx_word' id='word_1_493' title='bbox 1365 1413 1498 1448; x_wconf 73' lang='grc' dir='ltr'>ἡκουσται</span> <span class='ocrx_word' id='word_1_494' title='bbox 1522 1410 1555 1444; x_wconf 86' lang='grc' dir='ltr'><strong>τῇ</strong></span> <span class='ocrx_word' id='word_1_495' title='bbox 1589 1408 1726 1444; x_wconf 63' lang='grc' dir='ltr'>κορυφαῖα</span> 
     </span>
    </p>
   </div>
   <div class='ocr_carea' id='block_1_71' title="bbox 1035 1450 1816 1501">
    <p class='ocr_par' dir='ltr' id='par_1_71' title="bbox 1035 1450 1816 1501">
     <span class='ocr_line' id='line_1_71' title="bbox 1035 1450 1816 1501; baseline -0.022 -8"><span class='ocrx_word' id='word_1_496' title='bbox 1035 1450 1219 1501; x_wconf 71' lang='grc' dir='ltr'>μακαριότητι</span> <span class='ocrx_word' id='word_1_497' title='bbox 1233 1460 1268 1488; x_wconf 78' lang='grc' dir='ltr'>τὰ</span> <span class='ocrx_word' id='word_1_498' title='bbox 1280 1458 1352 1486; x_wconf 83' lang='grc' dir='ltr'>κατὰ</span> <span class='ocrx_word' id='word_1_499' title='bbox 1380 1458 1429 1489; x_wconf 74' lang='grc' dir='ltr'><strong>τὰς</strong></span> <span class='ocrx_word' id='word_1_500' title='bbox 1442 1455 1583 1491; x_wconf 72' lang='grc' dir='ltr'>ἁμαρτίας</span> <span class='ocrx_word' id='word_1_501' title='bbox 1604 1453 1684 1489; x_wconf 81' lang='grc' dir='ltr'><strong>ἡμῶν</strong></span> <span class='ocrx_word' id='word_1_502' title='bbox 1699 1453 1743 1501; x_wconf 43' lang='grc' dir='ltr'><strong>τῇ.</strong></span> <span class='ocrx_word' id='word_1_503' title='bbox 1754 1450 1816 1501; x_wconf 44' lang='grc' dir='ltr'>καθ’</span> 
     </span>
    </p>
   </div>
   <div class='ocr_carea' id='block_1_72' title="bbox 1033 1496 1824 1546">
    <p class='ocr_par' dir='ltr' id='par_1_72' title="bbox 1033 1496 1824 1546">
     <span class='ocr_line' id='line_1_72' title="bbox 1033 1496 1824 1546; baseline -0.021 -8"><span class='ocrx_word' id='word_1_504' title='bbox 1033 1496 1278 1546; x_wconf 42' lang='grc' dir='ltr'>ημᾶς-Ἐκκλησία</span> <span class='ocrx_word' id='word_1_505' title='bbox 1293 1503 1448 1532; x_wconf 69' lang='grc' dir='ltr'>ἐπελθόντα.</span> <span class='ocrx_word' id='word_1_506' title='bbox 1481 1502 1537 1528; x_wconf 76' lang='grc' dir='ltr'><strong>Καὶ</strong></span> <span class='ocrx_word' id='word_1_507' title='bbox 1561 1500 1617 1535; x_wconf 83' lang='grc' dir='ltr'><strong>γὰρ</strong></span> <span class='ocrx_word' id='word_1_508' title='bbox 1648 1496 1824 1546; x_wconf 68' lang='grc' dir='ltr'>γεγενήμεθα</span> 
     </span>
    </p>
   </div>
   <div class='ocr_carea' id='block_1_73' title="bbox 1707 1543 1822 1574">
    <p class='ocr_par' dir='ltr' id='par_1_73' title="bbox 1707 1543 1822 1574">
     <span class='ocr_line' id='line_1_73' title="bbox 1707 1543 1822 1574; baseline -0.009 -5"><span class='ocrx_word' id='word_1_509' title='bbox 1707 1543 1798 1569; x_wconf 76' lang='grc' dir='ltr'>ἔθνεσι</span> <span class='ocrx_word' id='word_1_510' title='bbox 1813 1562 1822 1574; x_wconf 84' lang='grc'><em>,</em></span> 
     </span>
    </p>
   </div>
   <div class='ocr_carea' id='block_1_74' title="bbox 1036 1588 1824 1639">
    <p class='ocr_par' dir='ltr' id='par_1_74' title="bbox 1036 1588 1824 1639">
     <span class='ocr_line' id='line_1_74' title="bbox 1036 1588 1824 1639; baseline -0.02 -9"><span class='ocrx_word' id='word_1_511' title='bbox 1036 1588 1181 1639; x_wconf 63' lang='grc' dir='ltr'>Γραφικῶς</span> <span class='ocrx_word' id='word_1_512' title='bbox 1197 1600 1285 1627; x_wconf 83' lang='grc' dir='ltr'>εἰπεῖν</span> <span class='ocrx_word' id='word_1_513' title='bbox 1295 1607 1302 1614; x_wconf 91' lang='grc'>·</span> <span class='ocrx_word' id='word_1_514' title='bbox 1315 1598 1346 1624; x_wconf 84' lang='grc' dir='ltr'>οὐ</span> <span class='ocrx_word' id='word_1_515' title='bbox 1360 1596 1413 1632; x_wconf 83' lang='grc' dir='ltr'><strong>μὴν</strong></span> <span class='ocrx_word' id='word_1_516' title='bbox 1425 1595 1491 1626; x_wconf 82' lang='grc' dir='ltr'>ἴσως</span> <span class='ocrx_word' id='word_1_517' title='bbox 1503 1595 1519 1629; x_wconf 88' lang='grc' dir='ltr'><strong>ή</strong></span> <span class='ocrx_word' id='word_1_518' title='bbox 1534 1591 1694 1639; x_wconf 77' lang='grc' dir='ltr'>ἀπαγγελία</span> <span class='ocrx_word' id='word_1_519' title='bbox 1706 1588 1824 1639; x_wconf 68' lang='grc' dir='ltr'>ἐντελῶς</span> 
     </span>
    </p>
   </div>
   <div class='ocr_carea' id='block_1_75' title="bbox 1034 1634 1826 1677">
    <p class='ocr_par' dir='ltr' id='par_1_75' title="bbox 1034 1634 1826 1677">
     <span class='ocr_line' id='line_1_75' title="bbox 1034 1634 1826 1677; baseline -0.02 -2"><span class='ocrx_word' id='word_1_520' title='bbox 1034 1634 1064 1675; x_wconf 72' lang='grc' dir='ltr'>τέ</span> <span class='ocrx_word' id='word_1_521' title='bbox 1078 1634 1125 1675; x_wconf 76' lang='grc' dir='ltr'>καὶ</span> <span class='ocrx_word' id='word_1_522' title='bbox 1141 1644 1334 1675; x_wconf 82' lang='grc' dir='ltr'>ὲπιστολικῶς.</span> <span class='ocrx_word' id='word_1_523' title='bbox 1349 1643 1452 1677; x_wconf 78' lang='grc' dir='ltr'>Διόπερ</span> <span class='ocrx_word' id='word_1_524' title='bbox 1468 1641 1551 1675; x_wconf 79' lang='grc' dir='ltr'>ἡμεῖς</span> <span class='ocrx_word' id='word_1_525' title='bbox 1579 1638 1604 1664; x_wconf 87' lang='grc' dir='ltr'>οἱ</span> <span class='ocrx_word' id='word_1_526' title='bbox 1625 1637 1775 1672; x_wconf 67' lang='grc' dir='ltr'>ἐλάχιστοι,</span> <span class='ocrx_word' id='word_1_527' title='bbox 1800 1634 1826 1660; x_wconf 78' lang='grc' dir='ltr'>εἰ</span> 
     </span>
    </p>
   </div>
   <div class='ocr_carea' id='block_1_76' title="bbox 1034 1683 1825 1728">
    <p class='ocr_par' dir='ltr' id='par_1_76' title="bbox 1034 1683 1825 1728">
     <span class='ocr_line' id='line_1_76' title="bbox 1034 1683 1825 1728; baseline -0.019 -7"><span class='ocrx_word' id='word_1_528' title='bbox 1034 1694 1082 1720; x_wconf 71' lang='grc' dir='ltr'>καὶ</span> <span class='ocrx_word' id='word_1_529' title='bbox 1098 1692 1179 1728; x_wconf 84' lang='grc' dir='ltr'>μέλος</span> <span class='ocrx_word' id='word_1_530' title='bbox 1203 1700 1255 1718; x_wconf 87' lang='grc' dir='ltr'><strong>που</strong></span> <span class='ocrx_word' id='word_1_531' title='bbox 1268 1690 1316 1717; x_wconf 85' lang='grc' dir='ltr'>τοῦ</span> <span class='ocrx_word' id='word_1_532' title='bbox 1341 1688 1466 1723; x_wconf 85' lang='grc' dir='ltr'>σώματος</span> <span class='ocrx_word' id='word_1_533' title='bbox 1486 1684 1607 1721; x_wconf 83' lang='grc' dir='ltr'>Χριστοῦ</span> <span class='ocrx_word' id='word_1_534' title='bbox 1626 1683 1741 1718; x_wconf 69' lang='grc' dir='ltr'>ἔσχατον</span> <span class='ocrx_word' id='word_1_535' title='bbox 1755 1689 1825 1728; x_wconf 79' lang='grc' dir='ltr'>τυγ-</span> 
     </span>
    </p>
   </div>
   <div class='ocr_carea' id='block_1_77' title="bbox 1034 1726 1826 1775">
    <p class='ocr_par' dir='ltr' id='par_1_77' title="bbox 1034 1726 1826 1775">
     <span class='ocr_line' id='line_1_77' title="bbox 1034 1726 1826 1775; baseline -0.019 -8"><span class='ocrx_word' id='word_1_536' title='bbox 1034 1726 1161 1775; x_wconf 78' lang='grc' dir='ltr'>χάνοντες</span> <span class='ocrx_word' id='word_1_537' title='bbox 1174 1747 1181 1754; x_wconf 88' lang='grc'><strong>·</strong></span> <span class='ocrx_word' id='word_1_538' title='bbox 1201 1738 1276 1772; x_wconf 81' lang='grc' dir='ltr'>ὅμως</span> <span class='ocrx_word' id='word_1_539' title='bbox 1290 1735 1341 1770; x_wconf 84' lang='grc' dir='ltr'>τῆς</span> <span class='ocrx_word' id='word_1_540' title='bbox 1352 1733 1474 1769; x_wconf 78' lang='grc' dir='ltr'><strong>κεφαλῆς</strong></span> <span class='ocrx_word' id='word_1_541' title='bbox 1489 1731 1570 1767; x_wconf 82' lang='grc' dir='ltr'><strong>ἡμῶν</strong></span> <span class='ocrx_word' id='word_1_542' title='bbox 1584 1729 1758 1765; x_wconf 78' lang='grc' dir='ltr'>είργομὲνης,</span> <span class='ocrx_word' id='word_1_543' title='bbox 1770 1726 1826 1775; x_wconf 66' lang='grc' dir='ltr'>τιῦν</span> 
     </span>
    </p>
   </div>
   <div class='ocr_carea' id='block_1_78' title="bbox 1034 1773 1828 1817">
    <p class='ocr_par' dir='ltr' id='par_1_78' title="bbox 1034 1773 1828 1817">
     <span class='ocr_line' id='line_1_78' title="bbox 1034 1773 1828 1817; baseline -0.016 -5"><span class='ocrx_word' id='word_1_544' title='bbox 1034 1773 1064 1812; x_wconf 70' lang='grc' dir='ltr'><strong>τε</strong></span> <span class='ocrx_word' id='word_1_545' title='bbox 1094 1785 1124 1811; x_wconf 76' lang='grc' dir='ltr'>ὲν</span> <span class='ocrx_word' id='word_1_546' title='bbox 1144 1784 1305 1817; x_wconf 81' lang='grc' dir='ltr'>ἀδελφότητι</span> <span class='ocrx_word' id='word_1_547' title='bbox 1334 1781 1506 1817; x_wconf 80' lang='grc' dir='ltr'>προεχόντων</span> <span class='ocrx_word' id='word_1_548' title='bbox 1540 1775 1591 1805; x_wconf 80' lang='grc' dir='ltr'><strong>ὧδέ</strong></span> <span class='ocrx_word' id='word_1_549' title='bbox 1607 1785 1636 1803; x_wconf 87' lang='grc' dir='ltr'><strong>τε</strong></span> <span class='ocrx_word' id='word_1_550' title='bbox 1650 1776 1762 1802; x_wconf 80' lang='grc' dir='ltr'>κάκεῖσε</span> <span class='ocrx_word' id='word_1_551' title='bbox 1787 1773 1828 1817; x_wconf 66' lang='grc' dir='ltr'><strong>δι-</strong></span> 
     </span>
    </p>
   </div>
   <div class='ocr_carea' id='block_1_79' title="bbox 1035 1816 1827 1866">
    <p class='ocr_par' dir='ltr' id='par_1_79' title="bbox 1035 1816 1827 1866">
     <span class='ocr_line' id='line_1_79' title="bbox 1035 1816 1827 1866; baseline -0.018 -8"><span class='ocrx_word' id='word_1_552' title='bbox 1035 1816 1231 1866; x_wconf 79' lang='grc' dir='ltr'>εσπαρμένων·</span> <span class='ocrx_word' id='word_1_553' title='bbox 1247 1816 1420 1863; x_wconf 52' lang='grc' dir='ltr'>ἠδικήθημεν</span> <span class='ocrx_word' id='word_1_554' title='bbox 1434 1834 1492 1856; x_wconf 83' lang='grc' dir='ltr'><strong>πως</strong></span> <span class='ocrx_word' id='word_1_555' title='bbox 1506 1825 1538 1851; x_wconf 76' lang='grc' dir='ltr'>ἐκ</span> <span class='ocrx_word' id='word_1_556' title='bbox 1568 1823 1616 1849; x_wconf 81' lang='grc' dir='ltr'>τοῦ</span> <span class='ocrx_word' id='word_1_557' title='bbox 1638 1822 1773 1866; x_wconf 70' lang='grc' dir='ltr'>σύνεγγυς</span> <span class='ocrx_word' id='word_1_558' title='bbox 1785 1816 1827 1866; x_wconf 66' lang='grc' dir='ltr'><strong>εἴ·</strong></span> 
     </span>
    </p>
   </div>
   <div class='ocr_carea' id='block_1_80' title="bbox 1035 1863 1824 1908">
    <p class='ocr_par' dir='ltr' id='par_1_80' title="bbox 1035 1863 1824 1908">
     <span class='ocr_line' id='line_1_80' title="bbox 1035 1863 1824 1908; baseline -0.019 -5"><span class='ocrx_word' id='word_1_559' title='bbox 1035 1885 1079 1902; x_wconf 87' lang='grc' dir='ltr'><strong>ναι</strong></span> <span class='ocrx_word' id='word_1_560' title='bbox 1094 1863 1139 1902; x_wconf 62' lang='grc' dir='ltr'><strong>κάὶ</strong></span> <span class='ocrx_word' id='word_1_561' title='bbox 1151 1874 1196 1901; x_wconf 84' lang='grc' dir='ltr'><strong>διὰ</strong></span> <span class='ocrx_word' id='word_1_562' title='bbox 1209 1873 1259 1908; x_wconf 78' lang='grc' dir='ltr'>τῆς</span> <span class='ocrx_word' id='word_1_563' title='bbox 1275 1873 1315 1904; x_wconf 83' lang='grc' dir='ltr'><strong>είς</strong></span> <span class='ocrx_word' id='word_1_564' title='bbox 1341 1871 1471 1905; x_wconf 81' lang='grc' dir='ltr'>ἀλλήλους</span> <span class='ocrx_word' id='word_1_565' title='bbox 1485 1867 1699 1902; x_wconf 69' lang='grc' dir='ltr'>καταμηνύσεως</span> <span class='ocrx_word' id='word_1_566' title='bbox 1723 1865 1763 1895; x_wconf 85' lang='grc' dir='ltr'><strong>εἰς</strong></span> <span class='ocrx_word' id='word_1_567' title='bbox 1792 1863 1824 1889; x_wconf 83' lang='grc' dir='ltr'>ἓν</span> 
     </span>
    </p>
   </div>
   <div class='ocr_carea' id='block_1_81' title="bbox 1035 1909 1830 1956">
    <p class='ocr_par' dir='ltr' id='par_1_81' title="bbox 1035 1909 1830 1956">
     <span class='ocr_line' id='line_1_81' title="bbox 1035 1909 1830 1956; baseline -0.018 -8"><span class='ocrx_word' id='word_1_568' title='bbox 1035 1921 1164 1956; x_wconf 80' lang='grc' dir='ltr'>γενέσθαι</span> <span class='ocrx_word' id='word_1_569' title='bbox 1179 1920 1225 1946; x_wconf 74' lang='grc' dir='ltr'>καὶ</span> <span class='ocrx_word' id='word_1_570' title='bbox 1240 1918 1350 1952; x_wconf 81' lang='grc' dir='ltr'>πνεῦμα</span> <span class='ocrx_word' id='word_1_571' title='bbox 1366 1916 1416 1943; x_wconf 73' lang='grc' dir='ltr'>καὶ</span> <span class='ocrx_word' id='word_1_572' title='bbox 1441 1915 1517 1951; x_wconf 80' lang='grc' dir='ltr'>ῥῆμα</span> <span class='ocrx_word' id='word_1_573' title='bbox 1529 1921 1536 1929; x_wconf 88' lang='grc'><strong>·</strong></span> <span class='ocrx_word' id='word_1_574' title='bbox 1557 1913 1712 1948; x_wconf 74' lang='grc' dir='ltr'>γράφοντες</span> <span class='ocrx_word' id='word_1_575' title='bbox 1731 1910 1756 1936; x_wconf 75' lang='grc' dir='ltr'>εἰ</span> <span class='ocrx_word' id='word_1_576' title='bbox 1780 1909 1830 1956; x_wconf 78' lang='grc' dir='ltr'>καὶ</span> 
     </span>
    </p>
   </div>
   <div class='ocr_carea' id='block_1_82' title="bbox 1035 1955 1830 2002">
    <p class='ocr_par' dir='ltr' id='par_1_82' title="bbox 1035 1955 1830 2002">
     <span class='ocr_line' id='line_1_82' title="bbox 1035 1955 1830 2002; baseline -0.015 -9"><span class='ocrx_word' id='word_1_577' title='bbox 1035 1965 1180 2002; x_wconf 82' lang='grc' dir='ltr'>τολμηρῶς</span> <span class='ocrx_word' id='word_1_578' title='bbox 1204 1965 1278 1991; x_wconf 81' lang='grc' dir='ltr'>τάδε.</span> <span class='ocrx_word' id='word_1_579' title='bbox 1293 1963 1404 1994; x_wconf 76' lang='grc' dir='ltr'>Ἀκουε,</span> <span class='ocrx_word' id='word_1_580' title='bbox 1420 1960 1587 1993; x_wconf 80' lang='grc' dir='ltr'>ἀποστολικὴ</span> <span class='ocrx_word' id='word_1_581' title='bbox 1604 1958 1687 1993; x_wconf 83' lang='grc' dir='ltr'>κάρα,</span> <span class='ocrx_word' id='word_1_582' title='bbox 1713 1955 1830 1991; x_wconf 82' lang='grc' dir='ltr'>θεοπρό-</span> 
     </span>
    </p>
   </div>
   <div class='ocr_carea' id='block_1_83' title="bbox 1036 2002 1829 2046">
    <p class='ocr_par' dir='ltr' id='par_1_83' title="bbox 1036 2002 1829 2046">
     <span class='ocr_line' id='line_1_83' title="bbox 1036 2002 1829 2046; baseline -0.015 -7"><span class='ocrx_word' id='word_1_583' title='bbox 1036 2013 1117 2046; x_wconf 82' lang='grc' dir='ltr'>6λητε</span> <span class='ocrx_word' id='word_1_584' title='bbox 1131 2011 1234 2046; x_wconf 75' lang='grc' dir='ltr'>ποιμὴν</span> <span class='ocrx_word' id='word_1_585' title='bbox 1249 2010 1302 2036; x_wconf 91' lang='grc' dir='ltr'>τῶν</span> <span class='ocrx_word' id='word_1_586' title='bbox 1319 2007 1438 2043; x_wconf 82' lang='grc' dir='ltr'>Χριστοῦ</span> <span class='ocrx_word' id='word_1_587' title='bbox 1448 2007 1591 2041; x_wconf 77' lang='grc' dir='ltr'>προὸἀτων</span> <span class='ocrx_word' id='word_1_588' title='bbox 1603 2012 1611 2019; x_wconf 90' lang='grc'><strong>·</strong></span> <span class='ocrx_word' id='word_1_589' title='bbox 1627 2002 1764 2037; x_wconf 78' lang='grc' dir='ltr'>κλειδοῦχε</span> <span class='ocrx_word' id='word_1_590' title='bbox 1777 2002 1829 2046; x_wconf 63' lang='grc' dir='ltr'>τῆς</span> 
     </span>
    </p>
   </div>
   <div class='ocr_carea' id='block_1_84' title="bbox 1036 2043 1829 2092">
    <p class='ocr_par' dir='ltr' id='par_1_84' title="bbox 1036 2043 1829 2092">
     <span class='ocr_line' id='line_1_84' title="bbox 1036 2043 1829 2092; baseline -0.014 -9"><span class='ocrx_word' id='word_1_591' title='bbox 1036 2043 1159 2092; x_wconf 75' lang='grc' dir='ltr'>οὐρανῶν</span> <span class='ocrx_word' id='word_1_592' title='bbox 1181 2043 1324 2090; x_wconf 61' lang='grc' dir='ltr'>βασιλείας</span> <span class='ocrx_word' id='word_1_593' title='bbox 1342 2061 1349 2068; x_wconf 84' lang='grc'>·</span> <span class='ocrx_word' id='word_1_594' title='bbox 1379 2053 1468 2087; x_wconf 81' lang='grc' dir='ltr'>πέτρα</span> <span class='ocrx_word' id='word_1_595' title='bbox 1496 2051 1546 2085; x_wconf 84' lang='grc' dir='ltr'>τὴς</span> <span class='ocrx_word' id='word_1_596' title='bbox 1573 2050 1704 2080; x_wconf 73' lang='grc' dir='ltr'>πίστεως,</span> <span class='ocrx_word' id='word_1_597' title='bbox 1737 2047 1781 2082; x_wconf 76' lang='grc' dir='ltr'><strong>ἐφ’</strong></span> 
     </span>
    </p>
   </div>
   <div class='ocr_carea' id='block_1_85' title="bbox 1036 2093 1828 2138">
    <p class='ocr_par' dir='ltr' id='par_1_85' title="bbox 1036 2093 1828 2138">
     <span class='ocr_line' id='line_1_85' title="bbox 1036 2093 1828 2138; baseline -0.014 -9"><span class='ocrx_word' id='word_1_598' title='bbox 1036 2102 1209 2138; x_wconf 82' lang='grc' dir='ltr'>ᾠκοδόμηται</span> <span class='ocrx_word' id='word_1_599' title='bbox 1223 2101 1239 2134; x_wconf 86' lang='grc' dir='ltr'><strong>ἡ</strong></span> <span class='ocrx_word' id='word_1_600' title='bbox 1251 2099 1386 2134; x_wconf 75' lang='grc' dir='ltr'>καθολικὴ</span> <span class='ocrx_word' id='word_1_601' title='bbox 1406 2096 1565 2131; x_wconf 78' lang='grc' dir='ltr'>Ἐκκλησία.</span> <span class='ocrx_word' id='word_1_602' title='bbox 1583 2095 1687 2130; x_wconf 79' lang='grc' dir='ltr'>Πέτρος</span> <span class='ocrx_word' id='word_1_603' title='bbox 1701 2093 1756 2128; x_wconf 75' lang='grc' dir='ltr'><strong>γὰρ</strong></span> <span class='ocrx_word' id='word_1_604' title='bbox 1782 2093 1828 2138; x_wconf 71' lang='grc' dir='ltr'><strong>σὺ,</strong></span> 
     </span>
    </p>
   </div>
   <div class='ocr_carea' id='block_1_86' title="bbox 1035 2137 1830 2182">
    <p class='ocr_par' dir='ltr' id='par_1_86' title="bbox 1035 2137 1830 2182">
     <span class='ocr_line' id='line_1_86' title="bbox 1035 2137 1830 2182; baseline -0.014 -8"><span class='ocrx_word' id='word_1_605' title='bbox 1035 2149 1081 2174; x_wconf 80' lang='grc' dir='ltr'>τὸν</span> <span class='ocrx_word' id='word_1_606' title='bbox 1107 2144 1213 2182; x_wconf 83' lang='grc' dir='ltr'>Πέτρου</span> <span class='ocrx_word' id='word_1_607' title='bbox 1233 2145 1327 2179; x_wconf 85' lang='grc' dir='ltr'>θρόνον</span> <span class='ocrx_word' id='word_1_608' title='bbox 1341 2142 1452 2177; x_wconf 84' lang='grc' dir='ltr'>κοσμῶν</span> <span class='ocrx_word' id='word_1_609' title='bbox 1466 2142 1513 2168; x_wconf 80' lang='grc' dir='ltr'>καὶ</span> <span class='ocrx_word' id='word_1_610' title='bbox 1525 2140 1635 2167; x_wconf 80' lang='grc' dir='ltr'>διέπων,</span> <span class='ocrx_word' id='word_1_611' title='bbox 1664 2139 1749 2165; x_wconf 82' lang='grc' dir='ltr'>Λύκοι</span> <span class='ocrx_word' id='word_1_612' title='bbox 1779 2137 1830 2172; x_wconf 81' lang='grc' dir='ltr'><strong>βα-</strong></span> 
     </span>
    </p>
   </div>
   <div class='ocr_carea' id='block_1_87' title="bbox 1039 2183 1827 2228">
    <p class='ocr_par' dir='ltr' id='par_1_87' title="bbox 1039 2183 1827 2228">
     <span class='ocr_line' id='line_1_87' title="bbox 1039 2183 1827 2228; baseline -0.014 -9"><span class='ocrx_word' id='word_1_613' title='bbox 1039 2194 1096 2228; x_wconf 85' lang='grc' dir='ltr'>ρεῖς</span> <span class='ocrx_word' id='word_1_614' title='bbox 1109 2190 1315 2226; x_wconf 68' lang='grc' dir='ltr'>εἰσεφοάρησαν</span> <span class='ocrx_word' id='word_1_615' title='bbox 1331 2190 1359 2215; x_wconf 81' lang='grc' dir='ltr'>ἐν</span> <span class='ocrx_word' id='word_1_616' title='bbox 1373 2190 1408 2222; x_wconf 84' lang='grc' dir='ltr'>τῇ</span> <span class='ocrx_word' id='word_1_617' title='bbox 1423 2188 1491 2222; x_wconf 81' lang='grc' dir='ltr'><strong>αὺλῇ</strong></span> <span class='ocrx_word' id='word_1_618' title='bbox 1507 2186 1611 2221; x_wconf 84' lang='grc' dir='ltr'>Κυρίου</span> <span class='ocrx_word' id='word_1_619' title='bbox 1628 2193 1635 2200; x_wconf 82' lang='lat'>&#39;</span> <span class='ocrx_word' id='word_1_620' title='bbox 1648 2183 1733 2211; x_wconf 84' lang='grc' dir='ltr'>πύλαι</span> <span class='ocrx_word' id='word_1_621' title='bbox 1748 2183 1827 2218; x_wconf 74' lang='grc' dir='ltr'>ᾅδου,</span> 
     </span>
    </p>
   </div>
   <div class='ocr_carea' id='block_1_88' title="bbox 204 2229 980 2276">
    <p class='ocr_par' dir='ltr' id='par_1_88' title="bbox 204 2239 980 2276">
     <span class='ocr_line' id='line_1_88' title="bbox 204 2239 980 2276; baseline -0.001 -8"><span class='ocrx_word' id='word_1_622' title='bbox 204 2242 229 2268; x_wconf 93' lang='lat' dir='ltr'><strong>in</strong></span> <span class='ocrx_word' id='word_1_623' title='bbox 241 2242 339 2276; x_wconf 86' lang='lat' dir='ltr'><strong>ipsam.</strong></span> <span class='ocrx_word' id='word_1_624' title='bbox 350 2240 422 2274; x_wconf 87' lang='lat' dir='ltr'><strong>Quid</strong></span> <span class='ocrx_word' id='word_1_625' title='bbox 436 2240 503 2267; x_wconf 86' lang='lat' dir='ltr'><strong>hoc?</strong></span> <span class='ocrx_word' id='word_1_626' title='bbox 515 2240 733 2267; x_wconf 79' lang='lat' dir='ltr'><strong>Persecutionem</strong></span> <span class='ocrx_word' id='word_1_627' title='bbox 746 2240 847 2274; x_wconf 83' lang='lat' dir='ltr'><strong>patitur</strong></span> <span class='ocrx_word' id='word_1_628' title='bbox 860 2239 980 2267; x_wconf 77' lang='lat' dir='ltr'><strong>Christus</strong></span> 
     </span>
    </p>
   </div>
   <div class='ocr_carea' id='block_1_89' title="bbox 1038 2229 1832 2276">
    <p class='ocr_par' dir='ltr' id='par_1_89' title="bbox 1038 2229 1832 2271">
     <span class='ocr_line' id='line_1_89' title="bbox 1038 2229 1832 2271; baseline -0.013 -7"><span class='ocrx_word' id='word_1_629' title='bbox 1038 2239 1074 2269; x_wconf 80' lang='grc' dir='ltr'>ὡς</span> <span class='ocrx_word' id='word_1_630' title='bbox 1091 2237 1175 2265; x_wconf 82' lang='grc' dir='ltr'>πάλαι</span> <span class='ocrx_word' id='word_1_631' title='bbox 1189 2257 1197 2268; x_wconf 95' lang='lat'><strong>,</strong></span> <span class='ocrx_word' id='word_1_632' title='bbox 1223 2234 1453 2271; x_wconf 73' lang='grc' dir='ltr'>προσερράγησαν</span> <span class='ocrx_word' id='word_1_633' title='bbox 1484 2233 1553 2266; x_wconf 79' lang='grc' dir='ltr'>αὐτῇ</span> <span class='ocrx_word' id='word_1_634' title='bbox 1567 2250 1574 2258; x_wconf 92' lang='grc'><strong>.</strong></span> <span class='ocrx_word' id='word_1_635' title='bbox 1596 2231 1629 2258; x_wconf 80' lang='lat' dir='ltr'><strong>Tt</strong></span> <span class='ocrx_word' id='word_1_636' title='bbox 1654 2230 1733 2256; x_wconf 80' lang='grc' dir='ltr'>τοῦτο</span> <span class='ocrx_word' id='word_1_637' title='bbox 1748 2238 1755 2261; x_wconf 91' lang='grc'><strong>;</strong></span> <span class='ocrx_word' id='word_1_638' title='bbox 1770 2229 1832 2255; x_wconf 86' lang='grc' dir='ltr'>διώ-</span> 
     </span>
    </p>
   </div>
   <div class='ocr_carea' id='block_1_90' title="bbox 202 2285 988 2320">
    <p class='ocr_par' dir='ltr' id='par_1_90' title="bbox 202 2285 988 2320">
     <span class='ocr_line' id='line_1_90' title="bbox 202 2285 988 2320; baseline -0.003 -6"><span class='ocrx_word' id='word_1_639' title='bbox 202 2295 265 2314; x_wconf 87' lang='lat' dir='ltr'><strong>cqu</strong></span> <span class='ocrx_word' id='word_1_640' title='bbox 283 2292 369 2314; x_wconf 89' lang='lat' dir='ltr'><strong>matre</strong></span> <span class='ocrx_word' id='word_1_641' title='bbox 393 2290 420 2314; x_wconf 88' lang='lat' dir='ltr'><strong>et</strong></span> <span class='ocrx_word' id='word_1_642' title='bbox 450 2285 603 2312; x_wconf 86' lang='lat' dir='ltr'><strong>ministris:</strong></span> <span class='ocrx_word' id='word_1_643' title='bbox 621 2285 755 2320; x_wconf 81' lang='lat' dir='ltr'><strong>siquidem</strong></span> <span class='ocrx_word' id='word_1_644' title='bbox 775 2290 870 2313; x_wconf 84' lang='lat' dir='ltr'><strong>contra</strong></span> <span class='ocrx_word' id='word_1_645' title='bbox 892 2285 988 2320; x_wconf 83' lang='lat' dir='ltr'><strong>imagi-</strong></span> 
     </span>
    </p>
   </div>
   <div class='ocr_carea' id='block_1_91' title="bbox 202 2331 989 2367">
    <p class='ocr_par' dir='ltr' id='par_1_91' title="bbox 202 2331 989 2367">
     <span class='ocr_line' id='line_1_91' title="bbox 202 2331 989 2367; baseline -0.003 -6"><span class='ocrx_word' id='word_1_646' title='bbox 202 2342 264 2361; x_wconf 77' lang='lat' dir='ltr'><strong>ttem</strong></span> <span class='ocrx_word' id='word_1_647' title='bbox 289 2333 426 2365; x_wconf 83' lang='lat' dir='ltr'><strong>incursus,</strong></span> <span class='ocrx_word' id='word_1_648' title='bbox 448 2331 583 2367; x_wconf 76' lang='lat' dir='ltr'><strong>prototypi</strong></span> <span class='ocrx_word' id='word_1_649' title='bbox 608 2336 650 2359; x_wconf 76' lang='lat' dir='ltr'><strong>est</strong></span> <span class='ocrx_word' id='word_1_650' title='bbox 675 2333 838 2366; x_wconf 86' lang='lat' dir='ltr'><strong>persecutio.</strong></span> <span class='ocrx_word' id='word_1_651' title='bbox 856 2332 924 2360; x_wconf 86' lang='lat' dir='ltr'><strong>Hinc</strong></span> <span class='ocrx_word' id='word_1_652' title='bbox 941 2333 989 2360; x_wconf 86' lang='lat' dir='ltr'><strong>de-</strong></span> 
     </span>
    </p>
   </div>
   <div class='ocr_carea' id='block_1_92' title="bbox 201 2377 989 2413">
    <p class='ocr_par' dir='ltr' id='par_1_92' title="bbox 201 2377 989 2413">
     <span class='ocr_line' id='line_1_92' title="bbox 201 2377 989 2413; baseline -0.001 -7"><span class='ocrx_word' id='word_1_653' title='bbox 201 2380 290 2407; x_wconf 72' lang='lat' dir='ltr'><strong>tentio</strong></span> <span class='ocrx_word' id='word_1_654' title='bbox 309 2378 500 2413; x_wconf 80' lang='lat' dir='ltr'><strong>patriarchalis</strong></span> <span class='ocrx_word' id='word_1_655' title='bbox 520 2377 616 2412; x_wconf 84' lang='lat' dir='ltr'><strong>capitis</strong></span> <span class='ocrx_word' id='word_1_656' title='bbox 632 2386 640 2404; x_wconf 89' lang='lat'><strong>:</strong></span> <span class='ocrx_word' id='word_1_657' title='bbox 654 2378 749 2405; x_wconf 73' lang='lat' dir='ltr'><strong>exsilia</strong></span> <span class='ocrx_word' id='word_1_658' title='bbox 766 2382 793 2405; x_wconf 88' lang='lat' dir='ltr'><strong>ct</strong></span> <span class='ocrx_word' id='word_1_659' title='bbox 810 2378 989 2412; x_wconf 73' lang='lat' dir='ltr'><strong>relegatioues</strong></span> 
     </span>
    </p>
   </div>
   <div class='ocr_carea' id='block_1_93' title="bbox 200 2422 988 2459">
    <p class='ocr_par' dir='ltr' id='par_1_93' title="bbox 200 2422 988 2459">
     <span class='ocr_line' id='line_1_93' title="bbox 200 2422 988 2459; baseline -0.003 -7"><span class='ocrx_word' id='word_1_660' title='bbox 200 2425 472 2459; x_wconf 73' lang='lat' dir='ltr'><strong>archiepiscoporum</strong></span> <span class='ocrx_word' id='word_1_661' title='bbox 497 2429 525 2450; x_wconf 90' lang='lat' dir='ltr'><strong>ct</strong></span> <span class='ocrx_word' id='word_1_662' title='bbox 547 2422 730 2454; x_wconf 82' lang='lat' dir='ltr'><strong>sacerdotum,</strong></span> <span class='ocrx_word' id='word_1_663' title='bbox 745 2428 772 2450; x_wconf 82' lang='lat' dir='ltr'><strong>et</strong></span> <span class='ocrx_word' id='word_1_664' title='bbox 793 2424 988 2451; x_wconf 87' lang='lat' dir='ltr'><strong>monachorunt</strong></span> 
     </span>
    </p>
   </div>
   <div class='ocr_carea' id='block_1_94' title="bbox 201 2469 989 2504">
    <p class='ocr_par' dir='ltr' id='par_1_94' title="bbox 201 2469 989 2504">
     <span class='ocr_line' id='line_1_94' title="bbox 201 2469 989 2504; baseline -0.001 -7"><span class='ocrx_word' id='word_1_665' title='bbox 201 2471 456 2504; x_wconf 72' lang='lat' dir='ltr'><strong>ananacharumque</strong></span> <span class='ocrx_word' id='word_1_666' title='bbox 470 2469 616 2504; x_wconf 83' lang='lat' dir='ltr'><strong>compedes</strong></span> <span class='ocrx_word' id='word_1_667' title='bbox 641 2473 668 2496; x_wconf 87' lang='lat' dir='ltr'><strong>et</strong></span> <span class='ocrx_word' id='word_1_668' title='bbox 692 2469 799 2496; x_wconf 87' lang='lat' dir='ltr'><strong>vincula</strong></span> <span class='ocrx_word' id='word_1_669' title='bbox 816 2469 913 2502; x_wconf 78' lang='lat' dir='ltr'><strong>ferrea,</strong></span> <span class='ocrx_word' id='word_1_670' title='bbox 934 2474 989 2496; x_wconf 88' lang='lat' dir='ltr'><strong>tor-</strong></span> 
     </span>
    </p>
   </div>
   <div class='ocr_carea' id='block_1_95' title="bbox 200 2514 989 2550">
    <p class='ocr_par' dir='ltr' id='par_1_95' title="bbox 200 2514 989 2550">
     <span class='ocr_line' id='line_1_95' title="bbox 200 2514 989 2550; baseline -0.003 -7"><span class='ocrx_word' id='word_1_671' title='bbox 200 2520 351 2550; x_wconf 86' lang='lat' dir='ltr'><strong>mentaque</strong></span> <span class='ocrx_word' id='word_1_672' title='bbox 370 2519 395 2542; x_wconf 90' lang='lat' dir='ltr'><strong>et</strong></span> <span class='ocrx_word' id='word_1_673' title='bbox 411 2514 444 2541; x_wconf 88' lang='lat' dir='ltr'><strong>ad</strong></span> <span class='ocrx_word' id='word_1_674' title='bbox 457 2519 611 2542; x_wconf 80' lang='lat' dir='ltr'><strong>extremum</strong></span> <span class='ocrx_word' id='word_1_675' title='bbox 628 2521 710 2542; x_wconf 89' lang='lat' dir='ltr'><strong>mors.</strong></span> <span class='ocrx_word' id='word_1_676' title='bbox 727 2514 749 2541; x_wconf 95' lang='grc' dir='ltr'><strong>Ο</strong></span> <span class='ocrx_word' id='word_1_677' title='bbox 766 2514 922 2541; x_wconf 87' lang='lat' dir='ltr'><strong>horribilem</strong></span> <span class='ocrx_word' id='word_1_678' title='bbox 940 2521 989 2541; x_wconf 87' lang='lat' dir='ltr'><strong>au-</strong></span> 
     </span>
    </p>
   </div>
   <div class='ocr_carea' id='block_1_96' title="bbox 198 2560 989 2596">
    <p class='ocr_par' dir='ltr' id='par_1_96' title="bbox 198 2560 989 2596">
     <span class='ocr_line' id='line_1_96' title="bbox 198 2560 989 2596; baseline -0.003 -7"><span class='ocrx_word' id='word_1_679' title='bbox 198 2562 352 2589; x_wconf 81' lang='lat' dir='ltr'><strong>ditionem!</strong></span> <span class='ocrx_word' id='word_1_680' title='bbox 372 2560 532 2588; x_wconf 81' lang='lat' dir='ltr'><strong>Veueranda</strong></span> <span class='ocrx_word' id='word_1_681' title='bbox 555 2561 643 2596; x_wconf 89' lang='lat' dir='ltr'><strong>imago</strong></span> <span class='ocrx_word' id='word_1_682' title='bbox 657 2560 803 2588; x_wconf 86' lang='lat' dir='ltr'><strong>salvatoris</strong></span> <span class='ocrx_word' id='word_1_683' title='bbox 826 2560 873 2588; x_wconf 88' lang='lat' dir='ltr'><strong>Dei</strong></span> <span class='ocrx_word' id='word_1_684' title='bbox 893 2560 989 2591; x_wconf 89' lang='lat' dir='ltr'><strong>nostri,</strong></span> 
     </span>
    </p>
   </div>
   <div class='ocr_carea' id='block_1_97' title="bbox 202 2606 991 2642">
    <p class='ocr_par' dir='ltr' id='par_1_97' title="bbox 202 2606 991 2642">
     <span class='ocr_line' id='line_1_97' title="bbox 202 2606 991 2642; baseline -0.003 -7"><span class='ocrx_word' id='word_1_685' title='bbox 202 2615 288 2642; x_wconf 86' lang='lat' dir='ltr'><strong>quam</strong></span> <span class='ocrx_word' id='word_1_686' title='bbox 308 2607 390 2635; x_wconf 85' lang='lat' dir='ltr'><strong>etiam</strong></span> <span class='ocrx_word' id='word_1_687' title='bbox 417 2607 553 2634; x_wconf 69' lang='lat' dir='ltr'><strong>daemones</strong></span> <span class='ocrx_word' id='word_1_688' title='bbox 575 2606 801 2641; x_wconf 71' lang='lat' dir='ltr'><strong>perhorrescunt,</strong></span> <span class='ocrx_word' id='word_1_689' title='bbox 817 2606 991 2633; x_wconf 82' lang='lat' dir='ltr'><strong>contumeliis</strong></span> 
     </span>
    </p>
   </div>
   <div class='ocr_carea' id='block_1_98' title="bbox 200 2651 989 2685">
    <p class='ocr_par' dir='ltr' id='par_1_98' title="bbox 200 2651 989 2685">
     <span class='ocr_line' id='line_1_98' title="bbox 200 2651 989 2685; baseline -0.004 -5"><span class='ocrx_word' id='word_1_690' title='bbox 200 2653 302 2680; x_wconf 68' lang='lat' dir='ltr'><strong>aﬂ&#39;ecta</strong></span> <span class='ocrx_word' id='word_1_691' title='bbox 319 2656 347 2679; x_wconf 90' lang='lat' dir='ltr'><strong>et</strong></span> <span class='ocrx_word' id='word_1_692' title='bbox 363 2651 481 2679; x_wconf 82' lang='lat' dir='ltr'><strong>ludibrio</strong></span> <span class='ocrx_word' id='word_1_693' title='bbox 499 2651 590 2678; x_wconf 89' lang='lat' dir='ltr'><strong>habita</strong></span> <span class='ocrx_word' id='word_1_694' title='bbox 614 2655 665 2681; x_wconf 90' lang='lat' dir='ltr'><strong>est,</strong></span> <span class='ocrx_word' id='word_1_695' title='bbox 679 2658 733 2678; x_wconf 93' lang='lat' dir='ltr'><strong>non</strong></span> <span class='ocrx_word' id='word_1_696' title='bbox 756 2651 843 2678; x_wconf 89' lang='lat' dir='ltr'><strong>solum</strong></span> <span class='ocrx_word' id='word_1_697' title='bbox 865 2651 893 2678; x_wconf 91' lang='lat' dir='ltr'><strong>in</strong></span> <span class='ocrx_word' id='word_1_698' title='bbox 916 2651 989 2685; x_wconf 81' lang='lat' dir='ltr'><strong>regia</strong></span> 
     </span>
    </p>
   </div>
   <div class='ocr_carea' id='block_1_99' title="bbox 201 2696 989 2731">
    <p class='ocr_par' dir='ltr' id='par_1_99' title="bbox 201 2696 989 2731">
     <span class='ocr_line' id='line_1_99' title="bbox 201 2696 989 2731; baseline -0.004 -6"><span class='ocrx_word' id='word_1_699' title='bbox 201 2699 284 2729; x_wconf 78' lang='lat' dir='ltr'><strong>urbe,</strong></span> <span class='ocrx_word' id='word_1_700' title='bbox 294 2705 389 2725; x_wconf 81' lang='lat' dir='ltr'><strong>verum</strong></span> <span class='ocrx_word' id='word_1_701' title='bbox 405 2697 486 2724; x_wconf 89' lang='lat' dir='ltr'><strong>etiam</strong></span> <span class='ocrx_word' id='word_1_702' title='bbox 500 2697 525 2723; x_wconf 91' lang='lat' dir='ltr'><strong>iu</strong></span> <span class='ocrx_word' id='word_1_703' title='bbox 535 2697 608 2724; x_wconf 89' lang='lat' dir='ltr'><strong>onmi</strong></span> <span class='ocrx_word' id='word_1_704' title='bbox 623 2696 732 2731; x_wconf 84' lang='lat' dir='ltr'><strong>regione</strong></span> <span class='ocrx_word' id='word_1_705' title='bbox 743 2701 770 2724; x_wconf 88' lang='lat' dir='ltr'><strong>et</strong></span> <span class='ocrx_word' id='word_1_706' title='bbox 783 2697 874 2731; x_wconf 80' lang='lat' dir='ltr'><strong>opido.</strong></span> <span class='ocrx_word' id='word_1_707' title='bbox 887 2696 989 2722; x_wconf 86' lang='lat' dir='ltr'><strong>Altaria</strong></span> 
     </span>
    </p>
   </div>
   <div class='ocr_carea' id='block_1_100' title="bbox 199 2741 987 2777">
    <p class='ocr_par' dir='ltr' id='par_1_100' title="bbox 199 2741 987 2777">
     <span class='ocr_line' id='line_1_100' title="bbox 199 2741 987 2777; baseline -0.004 -6"><span class='ocrx_word' id='word_1_708' title='bbox 199 2744 292 2771; x_wconf 78' lang='lat' dir='ltr'><strong>deleta</strong></span> <span class='ocrx_word' id='word_1_709' title='bbox 304 2747 377 2775; x_wconf 89' lang='lat' dir='ltr'><strong>sunt,</strong></span> <span class='ocrx_word' id='word_1_710' title='bbox 396 2742 494 2776; x_wconf 86' lang='lat' dir='ltr'><strong>templa</strong></span> <span class='ocrx_word' id='word_1_711' title='bbox 503 2743 650 2775; x_wconf 83' lang='lat' dir='ltr'><strong>destructa,</strong></span> <span class='ocrx_word' id='word_1_712' title='bbox 665 2750 742 2769; x_wconf 81' lang='lat' dir='ltr'><strong>sacra</strong></span> <span class='ocrx_word' id='word_1_713' title='bbox 754 2741 894 2777; x_wconf 81' lang='lat' dir='ltr'><strong>profanata</strong></span> <span class='ocrx_word' id='word_1_714' title='bbox 905 2742 987 2775; x_wconf 75' lang='lat' dir='ltr'><strong>,etl&#39;u-</strong></span> 
     </span>
    </p>
   </div>
   <div class='ocr_carea' id='block_1_101' title="bbox 200 2786 993 2821">
    <p class='ocr_par' dir='ltr' id='par_1_101' title="bbox 200 2786 993 2821">
     <span class='ocr_line' id='line_1_101' title="bbox 200 2786 993 2821; baseline 0.001 -9"><span class='ocrx_word' id='word_1_715' title='bbox 200 2795 255 2816; x_wconf 68' lang='lat' dir='ltr'><strong>,sus</strong></span> <span class='ocrx_word' id='word_1_716' title='bbox 282 2791 324 2814; x_wconf 81' lang='lat' dir='ltr'><strong>cst</strong></span> <span class='ocrx_word' id='word_1_717' title='bbox 351 2786 463 2821; x_wconf 82' lang='lat' dir='ltr'><strong>sanguis</strong></span> <span class='ocrx_word' id='word_1_718' title='bbox 477 2792 504 2813; x_wconf 88' lang='lat' dir='ltr'><strong>et</strong></span> <span class='ocrx_word' id='word_1_719' title='bbox 525 2787 673 2814; x_wconf 70' lang='lat' dir='ltr'><strong>etfuuditur</strong></span> <span class='ocrx_word' id='word_1_720' title='bbox 699 2795 794 2815; x_wconf 84' lang='lat' dir='ltr'><strong>eorum</strong></span> <span class='ocrx_word' id='word_1_721' title='bbox 814 2787 860 2821; x_wconf 81' lang='lat' dir='ltr'><strong>qui</strong></span> <span class='ocrx_word' id='word_1_722' title='bbox 877 2786 993 2814; x_wconf 86' lang='lat' dir='ltr'><strong>retinent</strong></span> 
     </span>
    </p>
   </div>
   <div class='ocr_carea' id='block_1_102' title="bbox 239 2842 520 2874">
    <p class='ocr_par' dir='ltr' id='par_1_102' title="bbox 239 2842 520 2874">
     <span class='ocr_line' id='line_1_102' title="bbox 239 2842 520 2874; baseline -0.007 -4"><span class='ocrx_word' id='word_1_723' title='bbox 239 2843 264 2858; x_wconf 84' lang='lat'><strong>&quot;‘</strong></span> <span class='ocrx_word' id='word_1_724' title='bbox 281 2842 351 2870; x_wconf 59' lang='grc' dir='ltr'>νισι.</span> <span class='ocrx_word' id='word_1_725' title='bbox 365 2850 458 2874; x_wconf 78' lang='lat' dir='ltr'><strong>uvnt,</strong></span> <span class='ocrx_word' id='word_1_726' title='bbox 480 2843 520 2869; x_wconf 71' lang='lat'><strong>1&#39;2.</strong></span> 
     </span>
    </p>
   </div>
   <div class='ocr_carea' id='block_1_103' title="bbox 1039 2275 1829 2317">
    <p class='ocr_par' dir='ltr' id='par_1_103' title="bbox 1039 2275 1829 2317">
     <span class='ocr_line' id='line_1_103' title="bbox 1039 2275 1829 2317; baseline -0.013 -7"><span class='ocrx_word' id='word_1_727' title='bbox 1039 2292 1118 2310; x_wconf 85' lang='grc' dir='ltr'>κεται</span> <span class='ocrx_word' id='word_1_728' title='bbox 1145 2281 1263 2317; x_wconf 79' lang='grc' dir='ltr'>Χριστὸς</span> <span class='ocrx_word' id='word_1_729' title='bbox 1296 2282 1344 2307; x_wconf 73' lang='grc' dir='ltr'>σὺν</span> <span class='ocrx_word' id='word_1_730' title='bbox 1365 2279 1449 2315; x_wconf 71' lang='grc' dir='ltr'>μητρὶ</span> <span class='ocrx_word' id='word_1_731' title='bbox 1463 2278 1509 2304; x_wconf 68' lang='grc' dir='ltr'>καὶ</span> <span class='ocrx_word' id='word_1_732' title='bbox 1523 2277 1686 2313; x_wconf 81' lang='grc' dir='ltr'>θεράπουσιν</span> <span class='ocrx_word' id='word_1_733' title='bbox 1699 2284 1705 2290; x_wconf 91' lang='grc'>·</span> <span class='ocrx_word' id='word_1_734' title='bbox 1716 2276 1797 2310; x_wconf 82' lang='grc' dir='ltr'>εἴπερ</span> <span class='ocrx_word' id='word_1_735' title='bbox 1811 2275 1829 2309; x_wconf 79' lang='grc' dir='ltr'><strong>ὴ</strong></span> 
     </span>
    </p>
   </div>
   <div class='ocr_carea' id='block_1_104' title="bbox 1038 2320 1824 2363">
    <p class='ocr_par' dir='ltr' id='par_1_104' title="bbox 1038 2320 1824 2363">
     <span class='ocr_line' id='line_1_104' title="bbox 1038 2320 1824 2363; baseline -0.013 -8"><span class='ocrx_word' id='word_1_736' title='bbox 1038 2330 1088 2363; x_wconf 79' lang='grc' dir='ltr'>τῆς</span> <span class='ocrx_word' id='word_1_737' title='bbox 1112 2328 1215 2358; x_wconf 76' lang='grc' dir='ltr'>εἰκόνος</span> <span class='ocrx_word' id='word_1_738' title='bbox 1230 2325 1400 2360; x_wconf 80' lang='grc' dir='ltr'>καταδρομὴ,</span> <span class='ocrx_word' id='word_1_739' title='bbox 1421 2323 1469 2351; x_wconf 82' lang='grc' dir='ltr'>τοῦ</span> <span class='ocrx_word' id='word_1_740' title='bbox 1485 2322 1665 2358; x_wconf 75' lang='grc' dir='ltr'>πρωτοτύπου</span> <span class='ocrx_word' id='word_1_741' title='bbox 1690 2320 1824 2354; x_wconf 75' lang='grc' dir='ltr'>διωγμὸς.</span> 
     </span>
    </p>
   </div>
   <div class='ocr_carea' id='block_1_105' title="bbox 1040 2365 1831 2404">
    <p class='ocr_par' dir='ltr' id='par_1_105' title="bbox 1040 2365 1831 2404">
     <span class='ocr_line' id='line_1_105' title="bbox 1040 2365 1831 2404; baseline -0.014 -3"><span class='ocrx_word' id='word_1_742' title='bbox 1040 2374 1181 2401; x_wconf 76' lang='grc' dir='ltr'>Ἐντεῦθεν</span> <span class='ocrx_word' id='word_1_743' title='bbox 1195 2371 1334 2403; x_wconf 81' lang='grc' dir='ltr'>κατένεξις</span> <span class='ocrx_word' id='word_1_744' title='bbox 1364 2368 1569 2404; x_wconf 79' lang='grc' dir='ltr'>πατριαρχικῆς</span> <span class='ocrx_word' id='word_1_745' title='bbox 1610 2366 1732 2400; x_wconf 80' lang='grc' dir='ltr'>κεφαλῆς</span> <span class='ocrx_word' id='word_1_746' title='bbox 1751 2373 1758 2380; x_wconf 88' lang='grc'>·</span> <span class='ocrx_word' id='word_1_747' title='bbox 1787 2365 1831 2397; x_wconf 74' lang='grc' dir='ltr'><strong>ἐξ·</strong></span> 
     </span>
    </p>
   </div>
   <div class='ocr_carea' id='block_1_106' title="bbox 1040 2412 1828 2456">
    <p class='ocr_par' dir='ltr' id='par_1_106' title="bbox 1040 2412 1828 2456">
     <span class='ocr_line' id='line_1_106' title="bbox 1040 2412 1828 2456; baseline -0.014 -8"><span class='ocrx_word' id='word_1_748' title='bbox 1040 2421 1112 2456; x_wconf 85' lang='grc' dir='ltr'>ορίαι</span> <span class='ocrx_word' id='word_1_749' title='bbox 1125 2428 1154 2446; x_wconf 83' lang='grc' dir='ltr'><strong>τε</strong></span> <span class='ocrx_word' id='word_1_750' title='bbox 1174 2419 1221 2446; x_wconf 76' lang='grc' dir='ltr'>καὶ</span> <span class='ocrx_word' id='word_1_751' title='bbox 1235 2417 1408 2453; x_wconf 75' lang='grc' dir='ltr'>περιορισμοὶ</span> <span class='ocrx_word' id='word_1_752' title='bbox 1425 2414 1577 2450; x_wconf 83' lang='grc' dir='ltr'>ἀρχιερέων</span> <span class='ocrx_word' id='word_1_753' title='bbox 1594 2421 1624 2439; x_wconf 73' lang='grc' dir='ltr'><strong>τε</strong></span> <span class='ocrx_word' id='word_1_754' title='bbox 1653 2412 1698 2438; x_wconf 79' lang='grc' dir='ltr'>καὶ</span> <span class='ocrx_word' id='word_1_755' title='bbox 1720 2412 1828 2447; x_wconf 71' lang='grc' dir='ltr'>ἱερέων,</span> 
     </span>
    </p>
   </div>
   <div class='ocr_carea' id='block_1_107' title="bbox 1042 2458 1830 2501">
    <p class='ocr_par' dir='ltr' id='par_1_107' title="bbox 1042 2458 1830 2501">
     <span class='ocr_line' id='line_1_107' title="bbox 1042 2458 1830 2501; baseline -0.013 -9"><span class='ocrx_word' id='word_1_756' title='bbox 1042 2464 1185 2501; x_wconf 81' lang='grc' dir='ltr'>μοναστῶν</span> <span class='ocrx_word' id='word_1_757' title='bbox 1197 2472 1228 2490; x_wconf 82' lang='grc' dir='ltr'><strong>τε</strong></span> <span class='ocrx_word' id='word_1_758' title='bbox 1250 2464 1297 2490; x_wconf 81' lang='grc' dir='ltr'>καὶ</span> <span class='ocrx_word' id='word_1_759' title='bbox 1315 2461 1490 2497; x_wconf 80' lang='grc' dir='ltr'>μοναζουσῶν</span> <span class='ocrx_word' id='word_1_760' title='bbox 1505 2468 1512 2475; x_wconf 76' lang='grc' dir='ltr'><strong>ο</strong></span> <span class='ocrx_word' id='word_1_761' title='bbox 1528 2458 1636 2495; x_wconf 75' lang='grc' dir='ltr'>είρκταί</span> <span class='ocrx_word' id='word_1_762' title='bbox 1652 2466 1683 2484; x_wconf 81' lang='grc' dir='ltr'><strong>τε</strong></span> <span class='ocrx_word' id='word_1_763' title='bbox 1712 2458 1761 2484; x_wconf 77' lang='grc' dir='ltr'>καὶ</span> <span class='ocrx_word' id='word_1_764' title='bbox 1791 2465 1830 2483; x_wconf 84' lang='grc' dir='ltr'>σι-</span> 
     </span>
    </p>
   </div>
   <div class='ocr_carea' id='block_1_108' title="bbox 1040 2503 1829 2547">
    <p class='ocr_par' dir='ltr' id='par_1_108' title="bbox 1040 2503 1829 2547">
     <span class='ocr_line' id='line_1_108' title="bbox 1040 2503 1829 2547; baseline -0.013 -8"><span class='ocrx_word' id='word_1_765' title='bbox 1040 2512 1174 2547; x_wconf 83' lang='grc' dir='ltr'>δηρώσεις</span> <span class='ocrx_word' id='word_1_766' title='bbox 1189 2519 1196 2526; x_wconf 93' lang='grc'><strong>·</strong></span> <span class='ocrx_word' id='word_1_767' title='bbox 1210 2510 1321 2546; x_wconf 74' lang='grc' dir='ltr'>βάσανοι</span> <span class='ocrx_word' id='word_1_768' title='bbox 1338 2517 1369 2535; x_wconf 89' lang='grc' dir='ltr'><strong>τε</strong></span> <span class='ocrx_word' id='word_1_769' title='bbox 1384 2508 1432 2535; x_wconf 78' lang='grc' dir='ltr'>καὶ</span> <span class='ocrx_word' id='word_1_770' title='bbox 1464 2507 1539 2538; x_wconf 82' lang='grc' dir='ltr'>τέλος</span> <span class='ocrx_word' id='word_1_771' title='bbox 1569 2506 1690 2532; x_wconf 80' lang='grc' dir='ltr'>θάνατοι.</span> <span class='ocrx_word' id='word_1_772' title='bbox 1720 2505 1754 2530; x_wconf 80' lang='grc' dir='ltr'><strong><em>Ὦ</em></strong></span> <span class='ocrx_word' id='word_1_773' title='bbox 1781 2503 1829 2530; x_wconf 81' lang='grc' dir='ltr'>τοῦ</span> 
     </span>
    </p>
   </div>
   <div class='ocr_carea' id='block_1_109' title="bbox 1041 2549 1830 2593">
    <p class='ocr_par' dir='ltr' id='par_1_109' title="bbox 1041 2549 1830 2593">
     <span class='ocr_line' id='line_1_109' title="bbox 1041 2549 1830 2593; baseline -0.013 -8"><span class='ocrx_word' id='word_1_774' title='bbox 1041 2557 1158 2593; x_wconf 76' lang='grc' dir='ltr'>φοϐεροῦ</span> <span class='ocrx_word' id='word_1_775' title='bbox 1172 2555 1364 2590; x_wconf 82' lang='grc' dir='ltr'>ἀκούσματοςί</span> <span class='ocrx_word' id='word_1_776' title='bbox 1381 2555 1397 2589; x_wconf 88' lang='grc' dir='ltr'>ὴ</span> <span class='ocrx_word' id='word_1_777' title='bbox 1414 2553 1500 2588; x_wconf 81' lang='grc' dir='ltr'>σεπτὴ</span> <span class='ocrx_word' id='word_1_778' title='bbox 1518 2551 1601 2578; x_wconf 73' lang='lat' dir='ltr'><strong>ebcth</strong></span> <span class='ocrx_word' id='word_1_779' title='bbox 1625 2550 1673 2577; x_wconf 81' lang='grc' dir='ltr'>τοῦ</span> <span class='ocrx_word' id='word_1_780' title='bbox 1698 2549 1830 2584; x_wconf 81' lang='grc' dir='ltr'>Σωτῆρος</span> 
     </span>
    </p>
   </div>
   <div class='ocr_carea' id='block_1_110' title="bbox 1041 2594 1830 2638">
    <p class='ocr_par' dir='ltr' id='par_1_110' title="bbox 1041 2594 1830 2638">
     <span class='ocr_line' id='line_1_110' title="bbox 1041 2594 1830 2638; baseline -0.013 -8"><span class='ocrx_word' id='word_1_781' title='bbox 1041 2603 1120 2638; x_wconf 82' lang='grc' dir='ltr'><strong>ἡμῶν</strong></span> <span class='ocrx_word' id='word_1_782' title='bbox 1139 2601 1218 2634; x_wconf 78' lang='grc' dir='ltr'>Θεοῦ,</span> <span class='ocrx_word' id='word_1_783' title='bbox 1235 2602 1268 2636; x_wconf 74' lang='grc' dir='ltr'>ἢν</span> <span class='ocrx_word' id='word_1_784' title='bbox 1288 2600 1336 2627; x_wconf 74' lang='grc' dir='ltr'>καὶ</span> <span class='ocrx_word' id='word_1_785' title='bbox 1348 2599 1479 2634; x_wconf 76' lang='grc' dir='ltr'>δαίμονες</span> <span class='ocrx_word' id='word_1_786' title='bbox 1506 2597 1665 2632; x_wconf 79' lang='grc' dir='ltr'>φρίττουσιν</span> <span class='ocrx_word' id='word_1_787' title='bbox 1678 2603 1685 2611; x_wconf 91' lang='grc'>·</span> <span class='ocrx_word' id='word_1_788' title='bbox 1717 2594 1830 2628; x_wconf 70' lang='grc' dir='ltr'>ἐνύϐρι-</span> 
     </span>
    </p>
   </div>
   <div class='ocr_carea' id='block_1_111' title="bbox 1043 2639 1830 2678">
    <p class='ocr_par' dir='ltr' id='par_1_111' title="bbox 1043 2639 1830 2678">
     <span class='ocr_line' id='line_1_111' title="bbox 1043 2639 1830 2678; baseline -0.013 -4"><span class='ocrx_word' id='word_1_789' title='bbox 1043 2656 1105 2674; x_wconf 84' lang='grc' dir='ltr'>σται</span> <span class='ocrx_word' id='word_1_790' title='bbox 1121 2655 1129 2663; x_wconf 88' lang='grc'><strong>·</strong></span> <span class='ocrx_word' id='word_1_791' title='bbox 1150 2645 1387 2678; x_wconf 78' lang='grc' dir='ltr'>ὲξουδὲνωται·οὐ</span> <span class='ocrx_word' id='word_1_792' title='bbox 1414 2643 1493 2678; x_wconf 84' lang='grc' dir='ltr'>μόνον</span> <span class='ocrx_word' id='word_1_793' title='bbox 1523 2643 1552 2669; x_wconf 83' lang='grc' dir='ltr'>ὲν</span> <span class='ocrx_word' id='word_1_794' title='bbox 1580 2643 1613 2677; x_wconf 84' lang='grc' dir='ltr'><strong>τῇ</strong></span> <span class='ocrx_word' id='word_1_795' title='bbox 1648 2639 1830 2676; x_wconf 78' lang='grc' dir='ltr'>βασιλευούσῃ</span> 
     </span>
    </p>
   </div>
   <div class='ocr_carea' id='block_1_112' title="bbox 1043 2685 1831 2726">
    <p class='ocr_par' dir='ltr' id='par_1_112' title="bbox 1043 2685 1831 2726">
     <span class='ocr_line' id='line_1_112' title="bbox 1043 2685 1831 2726; baseline -0.013 -6"><span class='ocrx_word' id='word_1_796' title='bbox 1043 2693 1119 2719; x_wconf 83' lang='grc' dir='ltr'>πόλει</span> <span class='ocrx_word' id='word_1_797' title='bbox 1135 2700 1141 2707; x_wconf 94' lang='grc'><strong>·</strong></span> <span class='ocrx_word' id='word_1_798' title='bbox 1157 2692 1227 2720; x_wconf 79' lang='grc' dir='ltr'>ἀλλὰ</span> <span class='ocrx_word' id='word_1_799' title='bbox 1241 2692 1296 2726; x_wconf 79' lang='grc' dir='ltr'><strong>γὰρ</strong></span> <span class='ocrx_word' id='word_1_800' title='bbox 1316 2690 1364 2717; x_wconf 76' lang='grc' dir='ltr'>καὶ</span> <span class='ocrx_word' id='word_1_801' title='bbox 1380 2690 1452 2716; x_wconf 80' lang='grc' dir='ltr'>κατὰ</span> <span class='ocrx_word' id='word_1_802' title='bbox 1485 2689 1576 2715; x_wconf 79' lang='grc' dir='ltr'>πᾶσαν</span> <span class='ocrx_word' id='word_1_803' title='bbox 1592 2686 1683 2722; x_wconf 82' lang='grc' dir='ltr'>χώραν</span> <span class='ocrx_word' id='word_1_804' title='bbox 1702 2685 1751 2712; x_wconf 76' lang='grc' dir='ltr'>καὶ</span> <span class='ocrx_word' id='word_1_805' title='bbox 1782 2693 1831 2711; x_wconf 79' lang='grc' dir='ltr'>πο-</span> 
     </span>
    </p>
   </div>
   <div class='ocr_carea' id='block_1_113' title="bbox 1042 2731 1828 2774">
    <p class='ocr_par' dir='ltr' id='par_1_113' title="bbox 1042 2731 1828 2774">
     <span class='ocr_line' id='line_1_113' title="bbox 1042 2731 1828 2774; baseline -0.011 -9"><span class='ocrx_word' id='word_1_806' title='bbox 1042 2740 1147 2774; x_wconf 85' lang='grc' dir='ltr'>λίχνην,</span> <span class='ocrx_word' id='word_1_807' title='bbox 1162 2738 1350 2772; x_wconf 79' lang='grc' dir='ltr'>Θυσιαστήρια</span> <span class='ocrx_word' id='word_1_808' title='bbox 1362 2735 1499 2770; x_wconf 74' lang='grc' dir='ltr'>ἠφανίσθη</span> <span class='ocrx_word' id='word_1_809' title='bbox 1509 2742 1516 2749; x_wconf 87' lang='grc'><strong>·</strong></span> <span class='ocrx_word' id='word_1_810' title='bbox 1528 2733 1586 2760; x_wconf 76' lang='grc' dir='ltr'>ναοὶ</span> <span class='ocrx_word' id='word_1_811' title='bbox 1599 2731 1806 2768; x_wconf 79' lang='grc' dir='ltr'>ὴμαυρώοησαν</span> <span class='ocrx_word' id='word_1_812' title='bbox 1823 2737 1828 2744; x_wconf 93' lang='grc'><strong>·</strong></span> 
     </span>
    </p>
   </div>
   <div class='ocr_carea' id='block_1_114' title="bbox 1043 2776 1830 2820">
    <p class='ocr_par' dir='ltr' id='par_1_114' title="bbox 1043 2776 1830 2820">
     <span class='ocr_line' id='line_1_114' title="bbox 1043 2776 1830 2820; baseline -0.011 -9"><span class='ocrx_word' id='word_1_813' title='bbox 1043 2785 1103 2820; x_wconf 61' lang='grc' dir='ltr'>ἱερὰ</span> <span class='ocrx_word' id='word_1_814' title='bbox 1115 2783 1257 2819; x_wconf 78' lang='grc' dir='ltr'>ἐκοινώοη,</span> <span class='ocrx_word' id='word_1_815' title='bbox 1273 2782 1353 2818; x_wconf 71' lang='grc' dir='ltr'><strong>ἐχέῦη</strong></span> <span class='ocrx_word' id='word_1_816' title='bbox 1367 2781 1472 2816; x_wconf 77' lang='grc' dir='ltr'>αἵματα</span> <span class='ocrx_word' id='word_1_817' title='bbox 1489 2779 1533 2807; x_wconf 66' lang='grc' dir='ltr'>καὶ</span> <span class='ocrx_word' id='word_1_818' title='bbox 1557 2779 1650 2815; x_wconf 74' lang='grc' dir='ltr'>χέεται</span> <span class='ocrx_word' id='word_1_819' title='bbox 1676 2777 1733 2804; x_wconf 82' lang='grc' dir='ltr'>τῶν</span> <span class='ocrx_word' id='word_1_820' title='bbox 1764 2776 1830 2803; x_wconf 77' lang='grc' dir='ltr'>ἀντ-</span> 
     </span>
    </p>
   </div>
  </div>
