1923 3078
189 111 259 144 1155

793 118 822 148 S.
839 118 1037 150 THEODORI
1052 121 1226 152 STUDITIE

1761 124 1830 157 1156

186 174 252 206 rios,
267 173 339 201 velut
355 173 440 207 fures,
455 181 489 202 ne
500 174 527 202 in
549 182 657 203 sacrum
676 177 785 211 quidem
800 183 976 213 conspectum

1050 182 1257 217 ποκρισιαρίους
1271 181 1309 213 ὡς
1320 181 1490 214 λωποδύτας,
1506 182 1575 218 μηδὲ
1589 183 1630 214 είς
1647 183 1725 217 ἱερὰν
1746 184 1834 218 αὐτῆς

186 219 308 252 admisit,
327 219 374 247 sed
387 227 450 247 cum
469 221 563 255 procul
588 221 677 250 adltuc
690 227 791 256 essettt,
805 224 902 251 merito
914 224 983 259 reje-

186 266 245 293 cit:
263 267 364 294 nostris
378 274 442 294 vero
461 267 663 296 calamitatibus
678 276 711 296 ex
731 269 883 297 litterarum
905 271 984 299 audi-

189 311 262 338 tione
276 316 303 338 et
331 311 477 340 missorum
502 313 630 340 relatione
657 314 840 349 compatiens,
862 315 984 343 indoluit

188 360 270 391 atque
280 357 423 392 ingemuit,
432 358 477 386 Dei
485 359 620 394 exemplo,
632 363 761 395 tanquam
773 361 890 396 propriis
901 357 985 389 mem-

188 403 255 430 bris.
278 404 316 430 Ac
332 404 419 438 reipsa
433 412 483 432 nos
513 405 630 434 humiles
652 406 848 441 cognovimus,
867 407 984 435 manife-

188 455 259 478 sluttt
277 449 472 483 Apostolorum
495 450 628 485 principis
648 459 837 480 successorem
852 451 984 479 Romamn

188 497 317 524 Ecclesia:
342 495 496 530 praesidere,
529 502 660 532 certoque
682 498 762 526 nobis
784 499 983 533 persuasimus,

187 542 335 570 Dominum
353 541 504 570 Ecclesiam
525 547 648 570 nostram
677 545 790 572 minime
817 544 984 577 deseruisse,

187 588 232 615 cui
259 596 344 615 unum
372 589 518 622 solumque
539 595 554 615 a
576 589 654 616 vobis
675 590 808 617 auxilium
839 590 983 622 hactenus,

187 638 271 668 atque
292 634 326 660 ab
336 634 402 668 ipso
421 633 548 666 exordio,
564 634 591 660 itt
615 635 822 663 occurrentibus
841 636 984 668 molestiis,

188 678 234 706 Dei
254 679 422 714 providentia
439 688 601 709 concessum
623 685 674 708 est.
700 680 753 708 Vos
787 681 870 717 igitur
891 682 985 709 illitnis

187 734 282 754 revera
297 734 329 754 ac
342 728 467 755 sincerus
490 729 525 755 ab
540 728 618 755 initio
642 727 704 755 forts
731 729 892 759 orthodoxae
912 729 985 756 veri-

188 773 252 799 tatis
270 781 276 799 :
293 780 342 800 vos
364 774 496 802 adversus
521 782 631 802 omnem
656 775 814 803 haereticam
836 775 983 810 procellam

188 818 353 853 tranquillus
379 820 517 854 sepositus
543 820 672 849 Ecclesiae
703 821 837 850 universat
860 828 980 857 portus:

1034 226 1100 254 οέαν
1127 228 1335 263 προσηκαμένη,
1350 228 1446 264 πόρῤω
1459 227 1488 254 δὲ
1514 227 1595 260 ὄντας
1627 229 1741 260 ἐνδίκως
1766 231 1834 257 ἀπο·

1034 273 1201 309 πεμψαμένη
1218 281 1225 288 ·
1239 275 1295 306 τοῖς
1309 274 1337 301 δὲ
1355 274 1502 310 ἡμετέροις
1521 274 1687 310 ταλαιπωρή
1694 283 1773 309 μασι,
1789 275 1834 302 διὰ

1033 319 1083 353 τῆς
1096 320 1294 355 ὲπακροάσεως
1311 319 1365 346 τῶν
1378 319 1565 355 γραμμάτων,
1596 320 1644 346 καὶ
1674 319 1833 355 διηγήσεως

1034 364 1090 391 τῶν
1126 365 1354 397 ἀποσταλέντων,
1383 365 1611 400 ὲπιστυγνάσασά
1633 373 1663 392 τε
1693 366 1742 392 καὶ
1772 366 1834 392 ἑπι-

1034 410 1186 442 στενάξασα
1203 411 1435 446 θεομιμήτως,ὡς
1450 410 1562 442 οἰκείοις
1577 411 1683 446 μέλεσι.
1711 411 1768 438 Καὶ
1787 411 1832 437 δν-

1035 465 1089 488 τως
1106 456 1231 492 ἔγνωμεν
1245 457 1270 484 οί
1290 457 1426 489 ταπεινοὶ,
1440 457 1478 489 ὡς
1491 457 1610 493 ἐναργὴς
1632 457 1757 493 διάδοχος
1784 457 1832 484 τοῦ

1034 501 1088 528 τῶν
1113 502 1270 529 ἀποστόλων
1285 503 1437 538 κορυφαίου
1450 502 1573 538 προέστη
1589 502 1640 538 τῆς
1672 502 1833 538 Ῥωμαῖκῆς

1043 547 1207 583 Ἐκκλησίας
1222 556 1230 564 ’
1248 548 1358 583 ἀληθῶς
1373 547 1548 584 πεπείσμεθα
1562 569 1569 581 ,
1596 549 1638 575 ὅτι
1652 548 1704 575 οὐκ
1732 549 1834 583 ἐγκατ-

1035 592 1113 619 έλιπε
1132 593 1233 628 Κύριος
1249 594 1298 628 τὴν
1314 594 1374 621 καθ’
1392 595 1467 629 ἡμᾶς
1485 594 1650 629 Ἐκκλησίαν
1663 602 1671 609 ·
1692 595 1759 629 μιᾶς
1785 594 1834 621 καὶ

1036 638 1122 673 μόνης
1136 639 1185 673 τῆς
1199 638 1264 673 παρ’
1282 639 1359 674 ὑμῶν
1386 640 1548 675 ἐπικουρίας
1569 639 1674 666 ἄνωθέν
1688 648 1718 666 τε
1740 639 1789 666 καὶ
1804 639 1834 671 ἐξ

1035 684 1122 718 ἀρχῆς
1138 684 1166 709 ὲν
1186 684 1247 714 ταῖς
1275 683 1494 718 συμϐαινοὺσαις
1518 684 1714 718 περιστάσεσιν
1747 684 1835 719 ὑπαρ-

1036 729 1136 765 χούσης
1152 730 1220 765 αὐτῇ
1247 729 1314 756 Θεοῦ
1328 730 1496 766 προμηῡείᾳ.
1519 730 1615 765 Ὑμεῖς
1628 728 1675 757 οὖν
1700 731 1739 761 ὼς
1766 730 1835 766 ἀλη-

1036 774 1091 806 θῶς
1107 776 1123 809 ἡ
1140 774 1278 806 ἀθόλωτος
1301 775 1350 802 καὶ
1377 775 1571 811 ἀκαπήλευτος
1597 776 1673 811 πηγὴ
1687 776 1716 809 ἐξ
1745 777 1835 812 ἀρχῆς

1039 820 1090 855 τῆς
1102 819 1278 856 ὀρθοδοξιας·
1304 821 1384 855 ὑμεῖς
1412 822 1427 848 ὀ
1455 822 1547 856 πάσης
1577 821 1720 857 αἱρετικῆς
1748 821 1836 858 ζάλης

187 871 237 891 vos
254 872 269 891 a
282 864 337 892 Deo
349 865 434 893 electa
448 867 544 895 civitas
556 867 653 902 relugii
663 859 770 896 salutis.
783 868 834 895 Sed
849 871 980 904 quoniant

1049 864 1218 900 ηνῳκισμένος
1227 864 1314 897 εὓδιος
1323 865 1405 900 λιμὴν
1413 866 1463 900 τῆς
1476 866 1542 901 ὅλης
1560 866 1723 902 Ἐκκλησία(
1733 873 1741 882 ·
1753 867 1834 901 ὑμεῖς

188 910 366 937 temerarium
379 916 419 938 est
429 919 444 939 a
458 913 536 940 nobis
550 913 658 941 miseris
674 921 706 941 ac
727 915 846 949 indignis
857 919 983 944 eneomia

188 957 299 990 congeri
322 957 415 985 divino
433 959 537 986 notttini
565 964 666 992 vestro,
682 961 754 996 quod
787 961 887 989 divinat
915 963 982 991 olint

187 1002 288 1038 linguae
301 1004 410 1031 beatum
434 1005 618 1039 praedicarunt
635 1015 641 1034 :
658 1012 769 1042 praestat
789 1012 819 1036 ut
834 1009 868 1036 ad
883 1017 984 1037 atrum-

188 1056 238 1077 nas
253 1055 362 1077 nostras
377 1051 532 1079 veniamus.

222 1140 299 1176 lntpii
314 1149 380 1177 ergo
398 1147 529 1171 consueta
544 1143 596 1171 sibi
617 1144 690 1171 omni
709 1149 807 1172 conatu
824 1151 857 1172 ac
869 1143 983 1171 vesania

187 1185 276 1214 facere
289 1195 342 1214 non
354 1193 463 1216 cessant
477 1198 484 1216 :
500 1196 596 1217 omnes
608 1209 616 1221 ,
633 1190 679 1224 qui
702 1190 797 1218 mortis
818 1195 891 1217 metu
905 1189 981 1217 fran-

187 1237 300 1268 guntur,
311 1233 338 1260 in
354 1234 467 1261 haeresis
481 1235 640 1262 barathrum
655 1235 795 1263 trahentes
808 1240 834 1262 et
847 1235 985 1270 abripien-

187 1282 248 1305 tes:
264 1278 398 1312 siquidem
415 1279 528 1306 omnino
549 1287 661 1307 necesse
682 1284 724 1307 est
739 1287 802 1306 eum
819 1280 867 1314 qui
887 1280 984 1307 cedere

188 1324 267 1356 nolit,
295 1325 439 1352 verberum
466 1325 639 1359 alioruntque
670 1326 867 1360 suppliciorum
894 1326 983 1361 poenis

188 1370 360 1405 sultjicizita
379 1375 409 1398 ut
435 1371 560 1398 dimuant
587 1371 689 1399 sensim
716 1371 814 1406 aliqui,
841 1372 914 1406 quod
939 1376 984 1399 est

188 1415 387 1447 miserrintutn,
399 1417 481 1442 etiam
498 1424 530 1443 ex
546 1416 580 1444 iis
597 1417 645 1451 qui
662 1421 802 1444 certamen
824 1421 904 1443 antea
921 1423 984 1443 sus-

187 1461 335 1488 tinuerant.
353 1460 408 1489 Nos
428 1468 493 1488 vero
514 1462 623 1494 iterum,
635 1461 751 1489 humiles
766 1467 793 1489 et
810 1462 837 1489 itt
854 1463 984 1489 membris

189 1506 334 1540 postremi,
352 1511 406 1534 tant
422 1514 471 1541 pro
487 1515 566 1535 sacro
582 1508 694 1542 proprio
715 1508 814 1541 capite,
833 1516 915 1543 quant
934 1516 983 1543 pro

188 1552 301 1586 reliquis
325 1553 528 1581 decertatttibus
547 1554 671 1588 patribus
685 1558 712 1581 et
725 1553 855 1581 fratribus
877 1554 981 1580 auden-

187 1602 231 1625 tes
245 1598 380 1632 legatione
396 1598 535 1633 fungimur
546 1618 553 1631 ,
569 1603 596 1626 et
611 1599 790 1626 obsecramus
805 1603 835 1626 ut
857 1599 983 1626 console-

187 1648 231 1671 tur
243 1651 293 1672 nos
326 1649 419 1671 sancta
435 1649 462 1671 et
488 1644 639 1679 apostolica
667 1645 759 1672 anitna
778 1649 834 1671 tua.
859 1643 982 1672 Primum

186 1690 308 1724 quidem,
323 1690 395 1725 quod
410 1696 436 1717 et
450 1690 539 1717 facere
555 1691 629 1717 illam
642 1690 792 1723 credimus,
804 1698 839 1717 ne
854 1698 920 1718 suas
933 1698 983 1725 pro

185 1737 334 1764 stabilitate
352 1740 380 1764 et
395 1737 484 1764 salute
499 1737 622 1763 omnium
649 1736 735 1764 Dettttt
753 1736 892 1764 ﬂectentes
914 1744 980 1771 pre-

190 1790 237 1810 ces
248 1783 422 1810 intermittat.
433 1783 470 1810 lta
482 1783 655 1810 obtestantur
665 1782 854 1810 sacratissima
864 1784 981 1810 viscera.

186 1829 289 1857 Deinde
304 1834 334 1857 ut
346 1837 408 1865 quae
423 1830 541 1864 Spiritus
554 1831 640 1858 sancti
664 1830 795 1857 instinctu
816 1837 866 1865 pro
892 1830 984 1857 humi-

186 1876 271 1902 litatis
286 1881 386 1903 nostrae
398 1875 512 1904 utilitate
525 1884 557 1904 ac
565 1880 694 1911 perpetua
706 1877 813 1904 virtutis
827 1884 885 1904 suae
903 1876 983 1903 laude

185 1922 345 1950 deliberavit
359 1928 387 1951 et
408 1923 514 1957 statuit,
532 1923 566 1950 ad
598 1922 702 1951 exitum
717 1943 726 1958 ,
751 1922 808 1951 Deo
825 1923 982 1959 atljuvattte,

185 1968 329 2003 perducat.

381 2061 452 2090 XIV.
469 2062 594 2098 —Pap(c
617 2063 800 2092 Alexandria

1033 912 1050 947 ἡ
1062 911 1204 943 θεόλεκτος
1220 911 1297 942 πόλις
1314 911 1362 938 τοῦ
1379 911 1598 948 φυγαδευτηρίου
1612 913 1662 947 τῆς
1677 912 1831 947 σωτηρίας.

1041 957 1112 984 Ἀλλ’
1128 957 1169 984 ὅτι
1193 957 1332 993 τολμηρὸν
1363 957 1429 992 παρ’
1455 957 1536 992 ἡμῶν
1564 957 1618 984 τῶν
1639 958 1759 994 οἰκτρῶν
1784 958 1834 986 καὶ

1034 1004 1152 1035 ἀναξίων
1166 1003 1293 1038 ἐγκώμια
1306 1003 1444 1039 συναίρειν
1459 1005 1493 1039 τῇ
1509 1004 1562 1030 ὑπὸ
1589 1003 1671 1031 Θείων
1699 1004 1834 1038 γλωσσῶν

1033 1048 1120 1074 πάλαι
1136 1047 1370 1083 μεμακαρισμένῃ
1391 1047 1470 1083 ὑμῶν
1505 1047 1646 1085 θεωνυμίᾳ
1661 1056 1668 1064 ·
1700 1049 1761 1076 δέον
1786 1050 1834 1076 ἐπὶ

1035 1094 1064 1121 τὸ
1079 1095 1172 1121 πονεῖν
1187 1093 1276 1120 ἐλθεῖν
1282 1112 1288 1120 .

1069 1140 1102 1166 Οἰ
1118 1139 1169 1174 μὲν
1176 1137 1222 1166 οὖν
1233 1139 1396 1171 ἀσεϐοῦντες
1411 1139 1446 1166 τά
1457 1139 1561 1175 συνήθη
1577 1140 1627 1166 σὺν
1638 1140 1711 1176 πάσῃ
1727 1140 1833 1176 σπουδῇ

1034 1186 1082 1212 καὶ
1101 1185 1188 1222 μανίᾳ.
1206 1186 1294 1212 ποιεῖν
1309 1186 1359 1212 οὐκ
1371 1186 1504 1213 ὲνδιδόασι
1518 1194 1525 1202 ·
1547 1186 1652 1218 πάντας
1668 1187 1834 1220 ὑφέλκοντες

1035 1233 1081 1259 καὶ
1096 1231 1290 1263 κατασπῶντες
1303 1233 1343 1264 είς
1355 1232 1387 1258 τὸ
1401 1232 1449 1267 τῆς
1464 1232 1601 1267 αἱρέσεως
1626 1232 1765 1268 βάραθρον
1786 1233 1834 1259 δε-

1037 1277 1212 1312 διττομένους
1224 1278 1270 1304 τὸν
1278 1277 1404 1304 Θάνατον.
1427 1278 1549 1313 Ἀνάγκη
1565 1279 1622 1314 γὰρ
1637 1279 1723 1310 πᾶσα,
1735 1278 1782 1305 τὸν
1794 1279 1835 1314 μὴ

1035 1324 1143 1350 εῖκοντα
1171 1324 1204 1359 τῇ
1220 1324 1327 1358 πονηρᾷ
1343 1323 1423 1357 φλογὶ
1433 1324 1488 1350 τῶν
1514 1325 1655 1359 μαστίγων
1670 1325 1833 1360 ὐποὸληθῆ-

1034 1377 1080 1395 ναι
1096 1368 1144 1394 σὺν
1163 1368 1219 1399 τοῖς
1232 1367 1400 1399 ἀκολούθοις.
1427 1367 1499 1395 ὥστε
1533 1369 1604 1396 κατά
1624 1369 1722 1404 μικρὸν
1743 1369 1836 1405 ὐποῤ-

1036 1414 1118 1449 ῥέειν,
1132 1413 1162 1439 τὸ
1179 1413 1387 1448 σχετλιώτατον,
1405 1414 1452 1440 καὶ
1464 1414 1494 1446 ἐξ
1506 1414 1598 1440 αὐτῶν
1623 1414 1678 1441 τῶν
1706 1414 1833 1450 ἠθληκό-

1034 1468 1099 1486 των.
1122 1459 1219 1494 Ἡμεῖς
1236 1459 1321 1486 δὲκαὶ
1336 1457 1415 1490 αὖθις
1428 1460 1453 1485 οἱ
1469 1460 1595 1486 ταπεινοὶ
1610 1460 1657 1486 κα)⁸
1669 1459 1780 1495 ἔσχατοι
1803 1461 1837 1487 ἐν

1034 1506 1091 1536 τοῖς
1112 1505 1233 1540 μέλεσιν,
1258 1505 1329 1540 ὑπέρ
1345 1513 1376 1531 τε
1388 1505 1439 1539 τῆς
1458 1505 1564 1536 οἰκείας
1594 1506 1671 1540 ἱερᾶς
1695 1506 1836 1541 κεφαλῆς,

1035 1552 1083 1578 καὶ
1104 1551 1154 1585 τῆς
1167 1551 1350 1586 ἐνισταμένης
1382 1551 1574 1587 ὑπερεχούσης
1600 1552 1774 1587 πατρότητός
1802 1561 1837 1579 τε

1032 1600 1081 1625 καὶ
1097 1598 1290 1633 ἅδελφότητος,
1320 1597 1476 1633 τολμῶντες
1505 1598 1700 1634 πρεσϐεύομεν
1727 1606 1758 1625 τε
1783 1600 1837 1626 καὶ

1033 1643 1248 1679 ἐκλιπιροῦμεν,
1286 1644 1501 1679 παρακληθῆναι
1532 1653 1580 1671 σου
1600 1645 1652 1680 τὴν
1679 1645 1761 1679 ἁγίαν
1785 1645 1838 1671 καὶ

1033 1691 1216 1726 ἀποστολικὴν
1230 1689 1332 1726 ψυχήν.
1352 1690 1464 1725 Πρῶτον
1482 1691 1542 1726 μὲν,
1558 1691 1627 1726 ὅπερ
1648 1692 1695 1718 καὶ
1709 1692 1839 1718 πιστεύο-

1035 1746 1086 1772 μεν
1113 1739 1212 1768 ποιεῖν,
1242 1738 1279 1772 μὴ
1293 1737 1447 1772 καταλῆξαι
1462 1737 1513 1773 τῆς
1528 1738 1600 1772 ὑπὲρ
1613 1738 1772 1774 στηριγμοῦ
1784 1739 1840 1765 καὶ

1033 1782 1192 1814 διασώσεως
1223 1783 1352 1810 ἁπάντων
1383 1782 1543 1815 θεοκλινοῦς
1569 1784 1738 1819 προσευχῆς.
1764 1784 1837 1817 Ναὶ,

1033 1828 1150 1863 δεόμεθα
1164 1829 1198 1856 τὰ
1209 1828 1345 1863 ἱερώτατα
1363 1829 1516 1863 σπλάγχνα.
1535 1829 1654 1856 Ἔπειτα
1667 1829 1685 1856 ἃ.
1705 1838 1838 1865 πνευμα-

1035 1875 1186 1910 τοκινήτω;
1199 1876 1266 1910 αὐτῇ
1289 1875 1474 1910 βεϐούλευται·
1488 1875 1536 1902 καὶ
1553 1875 1671 1911 ὥρισται
1701 1875 1745 1902 ἐπ’
1761 1875 1841 1910 ὠφε-

1037 1920 1098 1956 λείᾳ
1109 1920 1158 1955 μὲν
1172 1920 1252 1956 ἡμῶν
1265 1921 1321 1947 τῶν
1337 1921 1485 1953 ταπεινῶν,
1503 1920 1607 1955 αἰωνίῳ
1619 1921 1648 1947 δὲ
1664 1921 1841 1957 μακαρισμῷ

1038 1966 1089 2002 τῆς
1111 1966 1216 1998 οἰκείας
1229 1966 1331 2002 ἀρετῆς
1342 1987 1349 1999 ,
1363 1967 1404 1999 εἰς
1415 1967 1504 2002 πέρας
1518 1968 1567 1994 σὺν
1579 1967 1639 2002 Θεῷ
1651 1967 1778 2001 ἀγαγεῖν.

1177 2061 1225 2088 1Δ’.
1239 2077 1275 2082 —-
1285 2061 1374 2094 Πάπᾳ
1387 2060 1629 2094 Ἀλεξανδρείας.
1651 2059 1727 2096 [σδ’.]

572 2145 687 2177 Ejusdem
698 2153 727 2171 ac
739 2147 795 2172 dua:
806 2146 949 2178 superiores
960 2145 1110 2179 argumenti.
1127 2145 1229 2177 (Barca.
1241 2151 1281 2170 an.
1292 2144 1348 2176 817,
1362 2151 1385 2169 n.
1398 2145 1450 2176 26.)

187 2219 220 2247 In
243 2222 365 2250 omnibus
394 2224 561 2252 sanctissimo
581 2224 657 2252 Patri
695 2225 823 2258 Patrum,
848 2226 978 2253 luutiuari

220 2267 405 2302 lumitmrium,
420 2269 532 2297 Domino
541 2279 607 2304 meo,
617 2270 730 2298 Domino
740 2272 893 2298 beatissimo
902 2279 978 2306 papw

223 2313 404 2345 Alexandriae.
419 2314 568 2343 Theodorus
582 2316 707 2343 mittimus
719 2317 854 2351 presbyter
868 2321 893 2343 et
909 2324 979 2351 prae-

220 2361 323 2394 positus
339 2361 441 2388 Studia".

196 2444 198 2446 τ
222 2415 368 2443 Maximum
381 2415 526 2444 humilitati
542 2423 609 2444 mea
630 2424 742 2449 munus,
763 2421 791 2444 et
805 2417 905 2444 suntmi
922 2421 978 2443 volt
996 2430 1021 2460 ο

185 2470 254 2496 opus
269 2467 338 2495 erat,
359 2467 389 2490 ut
404 2463 502 2497 dignus
519 2463 610 2490 ﬁerem
626 2464 672 2498 qui
699 2471 746 2498 per
760 2463 864 2490 litteras
891 2462 977 2490 collo-

185 2515 285 2543 querer
305 2516 367 2536 cum
390 2509 541 2543 apostolico
570 2508 672 2536 vertice
689 2513 748 2540 tuo,
768 2516 821 2535 nott
838 2508 927 2536 solum
945 2509 981 2534 ob

186 2555 346 2582 tettuitatem
376 2555 518 2590 parvitatis
542 2563 618 2586 mete.
647 2563 709 2589 quat
734 2555 822 2589 impar
834 2558 878 2581 est
889 2558 919 2581 ut
947 2554 980 2581 ad

188 2601 308 2636 xquales
321 2601 433 2634 Scribat,
447 2601 547 2629 nedum
559 2601 591 2629 ad
604 2606 658 2628 tant
674 2608 803 2636 magnum
815 2605 842 2628 et
856 2600 979 2627 divinum

187 2651 268 2682 caput
283 2655 292 2680 ;
307 2654 399 2675 verum
412 2648 492 2675 etiam
504 2648 539 2674 ob
550 2647 685 2675 difﬁcilem
698 2647 724 2674 itt
746 2652 821 2674 tanto
838 2647 981 2675 intervallo

186 2700 340 2725 accessum,
355 2701 435 2728 quem
451 2693 560 2721 etltnica
582 2692 717 2727 praecipue
742 2692 848 2720 inhibet
871 2693 981 2720 obstru-

186 2738 250 2765 ctio.
277 2738 403 2766 Attamen
422 2738 467 2765 Dei
495 2738 590 2773 optimi
605 2738 727 2765 bonitate
742 2738 808 2765 milti
826 2738 933 2774 obtigit,
950 2742 979 2766 ct

187 2792 261 2812 nunc
276 2786 367 2812 scribo
380 2785 488 2813 duabus
501 2785 535 2812 de
546 2785 638 2812 causis
656 2794 662 2812 :
676 2785 773 2817 altera.
791 2789 820 2812 ut
837 2793 892 2820 quo
905 2785 978 2820 jam-

185 2831 318 2858 dumdunt
336 2837 435 2869 _teneor
449 2830 586 2860 desiderio
601 2851 609 2865 ,
630 2830 655 2857 id
680 2835 806 2865 peccator
829 2831 974 2867 explicem,

1034 2223 1076 2256 Τῷ
1086 2223 1122 2250 τὰ
1140 2222 1239 2249 πάντα
1262 2222 1412 2257 ἁγιωτάτῳ
1423 2221 1514 2255 Πιιτρὶ
1529 2220 1680 2255 Πατέρων,
1697 2221 1841 2256 φωστῆρι

1069 2269 1246 2304 φωστήρων,
1265 2270 1357 2302 κυρίῳ
1378 2278 1450 2303 μου,
1464 2269 1600 2302 δεσπότῃ
1616 2270 1836 2303 μακαριωτάτῳ

1069 2316 1153 2349 mira
1166 2315 1404 2349 Ἀλεξανδρείας,
1417 2315 1570 2348 Θεόδωρος
1579 2314 1745 2349 ἐλάχιστος
1761 2323 1839 2348 πρε·-

1069 2356 1215 2397 σϐὐτεροξ
1231 2363 1281 2390 καὶ
1297 2362 1465 2397 ἡγούμενος
1484 2360 1545 2388 τῶν
1559 2361 1720 2388 Στουόιόυ.

1076 2420 1120 2452 Ὧς
1149 2420 1281 2454 μέγιστον
1310 2421 1344 2455 τῇ
1376 2420 1430 2454 ἐμῇ
1459 2418 1625 2445 ταπεινώσει
1653 2417 1756 2454 δῶρον,
1788 2419 1840 2445 καὶ

1032 2467 1115 2501 εὐχῆς
1139 2466 1190 2500 τῆς
1211 2466 1343 2493 ἀνωτάτω
1356 2465 1448 2501 ἔργον,
1462 2465 1507 2492 διὰ
1518 2465 1684 2500 γράμματος
1708 2464 1838 2498 ἀξιωθῆ-

1032 2521 1075 2539 ναι
1097 2513 1136 2543 εἰς
1152 2511 1261 2546 ὁμιλίαν
1274 2511 1361 2538 ὲλθεῐν
1374 2513 1424 2546 τῆς
1439 2510 1624 2543 ἀποστολικῆς
1634 2518 1681 2536 σου
1693 2510 1835 2545 κορυφῆς,

1031 2559 1062 2585 οὺ
1083 2558 1164 2593 μόνον
1193 2558 1238 2585 διὰ
1263 2558 1294 2584 τὸ
1333 2557 1442 2589 εὐτελὲς
1473 2558 1524 2592 τῆς
1553 2556 1738 2592 σμικρότητος
1762 2564 1835 2591 μου·

1031 2602 1065 2639 ἧς
1086 2605 1134 2630 καὶ
1149 2603 1178 2630 τδ
1203 2603 1274 2640 πρὸς
1299 2604 1376 2635 ῐσους
1403 2603 1521 2638 γράφειν
1552 2602 1653 2634 ἐνδεὲς,
1680 2601 1719 2636 μὴ
1743 2602 1786 2628 ὅτι
1801 2609 1837 2636 γε

1037 2651 1105 2686 πρδς
1120 2650 1192 2678 οὕτω
1211 2651 1334 2686 μεγάλην
1351 2651 1400 2677 καὶ
1415 2650 1491 2677 θείαν
1507 2649 1632 2684 κεφαλήν
1644 2658 1651 2665 ·
1676 2648 1749 2675 ἀλλά
1775 2649 1835 2684 γὰρ

1034 2697 1083 2723 καὶ
1109 2697 1152 2723 διὰ
1174 2697 1225 2732 τὴν
1260 2698 1289 2722 ὲν
1319 2695 1440 2731 τοσούτῳ
1454 2695 1611 2730 μακρυσμῷ
1639 2694 1771 2728 πάροδον.
1792 2696 1828 2730 τῇ

1033 2740 1126 2775 ἐθνικῇ
1141 2741 1181 2767 ὅτι
1196 2740 1312 2775 μάλιστα
1331 2739 1497 2775 είργομένην
1525 2739 1702 2774 διατειχίσει.
1731 2738 1834 2772 Ὅμως

1031 2786 1140 2821 εὐδοκία
1162 2786 1210 2812 τοῦ
1231 2785 1411 2822 ύπεραγάοου
1430 2784 1498 2812 Θεοῦ
1512 2784 1659 2819 ὲξεγένετό’
1674 2792 1740 2819 μοι·
1756 2784 1834 2811 δυοῖν

1030 2832 1123 2858 εἵνεκα
1133 2839 1141 2846 ⁸
1156 2831 1215 2863 ἑνὸς
1233 2831 1295 2867 μὲν,
1309 2831 1346 2864 ὡς
1363 2830 1395 2858 ἂν
1410 2831 1443 2867 ἢν
1458 2830 1541 2858 πάλαι
1568 2827 1643 2866 εἶχον
1674 2828 1831 2865 ἐπιθυμίαν
