1923 3078
63 127 132 161 1157

62 189 76 212 ὸ
90 184 255 220 ἁμαρτωλὸς
269 183 478 221 ἁποπληρὼσω.
491 185 535 212 διὰ
547 186 644 220 νοερᾶς
659 186 857 221 προσψαύσεως
873 193 894 217 Α

61 232 115 258 τῶν
143 230 227 266 ιερῶν
240 239 288 257 σου
312 231 393 266 ἰχνῶν
404 239 412 246 θ
430 231 492 258 οὐδὲ
505 232 559 267 γὰρ
580 231 668 264 ἄλλως
695 230 730 268 ἦν
744 232 857 259 δυνατὸν

61 279 90 305 τι
102 277 272 313 καταθύμιον
287 277 482 313 πληρωθῆναι·
499 278 594 314 ἑτέρου
608 279 649 311 δὲ,
671 279 685 306 ὃ
699 280 746 306 καὶ
759 279 857 314 μᾶλλον

63 323 237 357 κατεπεῖγον,
252 321 322 357 πρὸς
345 322 376 348 τὸ
387 322 591 358 γνωριμώτερα
616 324 795 359 παραστῆσαι
823 324 858 351 τὰ

62 367 212 394 ἐπελθόντα
224 366 300 394 δεινὰ
318 367 449 400 ἐνταῦθα,
463 369 498 402 τῇ
512 367 641 404 Θειοτάτῃ
669 377 717 395 σου
736 370 857 404 κορυφῇ,

62 413 99 444 ὠς
114 412 317 448 συμπασχούσῃ
333 414 390 444 τοίς
408 413 455 440 τοῦ
475 413 537 440 ὅλου
567 414 695 449 σώματος
713 414 764 450 τῆς
796 415 859 442 Ἐκ-

62 459 178 494 κλησίας
192 459 313 494 μέλεσιν.
335 460 369 486 ‘A
390 459 567 495 ὲξήκουσται,
583 460 620 492 ὡς
633 459 726 496 οἶμαι,
742 461 791 488 καὶ
817 461 858 494 είς

63 505 98 531 τὰ
113 505 218 540 ἔσχατα
235 505 283 538 τῆς
305 505 479 541 οἰκουμένης,
496 506 541 533 διὰ
555 507 585 533 τὸ
598 507 649 542 τῆς
673 506 775 539 κακίας
806 515 857 534 πε-

65 553 205 587 ριὸόητον.

99 599 227 634 Διωγμὸς
245 598 413 633 κατείληφεν
430 597 515 633 ἡμᾶς,
537 594 561 625 ὦ
576 590 792 633 ’μακαριώτατα
814 599 860 626 καὶ

63 645 196 681 διωγμῶν
212 646 227 672 ὁ
240 644 402 680 βαρύτατος.
419 644 506 671 Πάλαι
523 644 572 679 μὲν
588 644 636 671 οὖν
652 644 754 680 Ἀχαὰό
771 644 860 680 ζητῶν

70 693 166 719 Ἠλίαν
188 692 233 718 τὸν
248 692 402 726 προφήτην,
417 690 508 718 πάντα
522 691 605 717 τόπον
626 691 767 726 ὲμπρῆσαι
781 691 860 725 λέγε-

64 745 129 764 ται·
146 736 195 764 τοῦ
210 735 379 772 ἐμπρησμοῦ
394 736 439 762 τὸν
451 736 536 771 θυμὸν
550 735 598 763 τοῦ
613 736 728 767 easeas;
743 736 861 772 ὑποφαί-

65 791 170 814 νοντος.
183 782 252 809 Νυνὶ
267 782 296 809 δὲ
311 783 326 808 ὸ
344 781 509 818 ’Δχααὸίτης
529 783 576 808 καὶ
591 783 640 818 τὴν
655 782 734 815 ἀξίαν
750 782 797 810 καὶ
810 782 861 817 τὴν

67 827 196 862 καρδίαν,
211 826 243 854 οὐ
260 827 307 853 τὸν
326 826 418 853 Ἠλιοῦ
436 827 516 862 μόνον
533 827 774 862 ἐγγεγραμμένον·
793 827 861 854 ἀλλὰ

67 874 115 901 καὶ
127 873 174 900 τὸν
186 873 281 900 τούτου
292 873 432 908 Δεσπότην
449 872 552 908 Ἰησοῦν
563 873 584 899 Χ
589 873 692 908 ριστὸν,
703 873 749 900 τὸν
759 874 862 909 Κύριον

67 919 116 946 καὶ
126 919 194 946 Θεδν
206 919 303 954 ἡμῶν·
319 919 368 952 τὴν
379 919 510 946 Θεοτόκον
523 919 570 946 καὶ
583 919 672 946 πάντα
684 919 761 953 ἅγιον
773 920 863 956 ζητῶν

67 964 188 1000 ἑκζητεῖ,
205 965 255 991 καὶ
267 963 357 1000 εὑρὼν
370 964 528 999 ὲξαφανίζει
542 964 622 1000 θυμῷ
638 965 749 1001 μεγάλῳ
764 967 797 993 ἐκ
811 967 863 993 πά-

68 1019 119 1046 σης
136 1011 244 1044 πόλεως
261 1011 309 1038 καὶ
319 1010 412 1047 χώρας
423 1012 474 1047 τῆς
488 1011 541 1038 ὑπὸ
552 1013 642 1047 χεῖρα.
656 1011 798 1039 Ἐντεῦθεν
813 1013 861 1040 θυ-

68 1059 217 1093 σιαστήρια
235 1057 450 1093 κατεσκαμμένα
459 1065 467 1072 ⁸
482 1058 541 1084 ναοὶ
553 1058 657 1094 Κυρίου
669 1059 861 1094 ὴχρειωμένοι,

69 1103 117 1131 καὶ
139 1104 200 1130 κατ’
217 1103 309 1135 οίκους
325 1103 372 1130 καὶ
387 1102 540 1135 καθολικῶς
555 1103 603 1130 καὶ
622 1103 652 1130 ιν
667 1103 798 1139 ἁνδρῶσι,
816 1105 864 1132 καὶ

67 1150 97 1176 ὲν
114 1148 301 1184 παρθενῶσιν,
324 1148 349 1174 oi
383 1148 480 1180 πάλαι,
505 1149 529 1175 οἱ
554 1149 653 1175 νεωστὶ
669 1149 862 1185 ἐγηγερμένοι.

74 1194 208 1221 Ἐλεεινὺν
223 1194 313 1230 θέαμα
326 1193 422 1229 ὥσπερ
439 1194 633 1228 ἐξοψισθέντας-
643 1194 806 1230 ἀνθρώπους
818 1195 865 1222 τέ-

69 1241 143 1276 ρατά
158 1249 219 1267 τινα
229 1249 237 1257 ·
253 1240 342 1272 οὕτως
355 1241 404 1272 τὰς
419 1240 468 1267 τοῦ
484 1240 553 1267 Θεοῦ
569 1240 732 1276 Ἐκκλησίας
753 1240 864 1276 βλέπειν

68 1287 256 1322 ἁφῃρημένας
281 1286 327 1314 τὸν
346 1287 449 1313 οἰκεῖον
474 1286 586 1322 κόσμον,
607 1285 654 1313 καὶ
682 1286 865 1322 ἀμορφώτους

69 1332 258 1364 καθεστώσας.
272 1331 320 1365 Τίς
333 1332 433 1368 ἢκουσε
446 1332 566 1359 τοιοῦτον
588 1331 605 1366 ἢ
617 1331 740 1367 ἑώρακεν
759 1332 788 1358 ἑν
806 1332 864 1364 τοῖς

68 1379 157 1406 παλαι
179 1378 354 1414 ἀσεϐήμασι;
372 1378 450 1413 Τάχα
468 1378 482 1404 ό
500 1377 674 1412 ἐπικείμενος
691 1379 756 1413 ὑμῖν
772 1378 864 1413 ’Λραψ

68 1425 142 1451 αἰδοῖ
162 1423 306 1459 χρώμενος
324 1423 562 1458 φιλοχριστὸτερον
577 1422 704 1455 διέξεισιν
719 1423 748 1449 ὲν
764 1423 864 1458 τούτῳ.

75 1470 148 1497 Ἀλλ’
166 1470 216 1504 οὐχ
237 1470 252 1496 ὸ
273 1469 407 1505 ἡμέτερος
420 1469 539 1504 Ταὸεήλ·
557 1468 672 1501 Φεῖσαι,
696 1469 797 1502 Κύριε,
815 1469 865 1496 καί

67 1516 112 1551 μὴ
124 1515 185 1548 δῷς
200 1516 307 1542 τέλεον
319 1515 377 1549 τὴν
389 1515 595 1550 κληρονομίαν
609 1522 668 1542 σου
679 1516 723 1547 εις
736 1514 863 1548 ὄνειδος.
878 1524 899 1552 c

70 1561 128 1588 Kal.
154 1561 180 1588 εἰ
202 1559 266 1592 τοὺς
288 1561 318 1587 ιν
335 1560 427 1592 πίναξι
446 1559 636 1595 χαρακτῆρας,
649 1561 713 1592 τοὺς
734 1562 762 1587 ὲν
782 1561 864 1596 ἱεροῖς

68 1603 240 1639 ἀναθήμασι,
251 1604 362 1636 δέλτους
375 1605 426 1636 τὰς
440 1604 548 1640 ὑπομνη
554 1605 720 1639 ματιζούσας
736 1606 802 1641 περὶ
816 1606 865 1632 αὑ-

68 1652 138 1683 ⁴τῶν,
162 1650 296 1681 σκώπτει,
317 1651 454 1685 κωμῳδεῖ,
472 1650 595 1686 διασύρει
612 1651 650 1683 ὡς
670 1651 862 1687 βδελύγματα·

70 1696 108 1729 ὡς
119 1696 265 1731 θεοστυγῖγ
288 1695 323 1722 τὰ
341 1695 465 1730 θεοφιλῆ,
481 1696 528 1723 καὶ
545 1696 649 1731 κόσμου
670 1697 807 1733 σωτήρια·
824 1697 863 1724 ib!

69 1743 112 1774 τίς
134 1743 186 1769 οὐκ
202 1741 362 1774 ὲπιστάξειε
379 1741 513 1777 δάκρυονς
528 1742 571 1774 τίς
583 1742 633 1769 οὐκ
646 1743 747 1778 ἀφήσει
762 1752 866 1771 στενα-

71 1789 144 1824 γμὸν
171 1790 205 1816 ὲκ
236 1788 336 1823 βάθους
359 1788 473 1823 καρδίας
501 1788 752 1824 ἀναπεμπόμενονς
786 1789 864 1816 ’0601

70 1834 150 1861 Σιὼν
163 1834 314 1862 πενθοῦσι
326 1834 406 1868 παρὰ
420 1834 454 1861 τὸ
465 1833 508 1869 μὴ
525 1834 602 1861 εἶναι
617 1835 681 1866 τοὺς
693 1835 814 1867 εὐσεῦῶς
825 1836 866 1862 δι-

69 1879 224 1911 οδεύοντας.
240 1879 293 1906 Καί
304 1887 336 1914 γε
360 1879 476 1912 Πάντες
488 1879 659 1913 ἐξέκλιναν,
673 1879 732 1914 ἅμα
743 1880 867 1916 ἡχρειώ-

71 1928 184 1960 θησαν.
211 1926 360 1962 Ὶεραρχεῖν
383 1926 524 1958 δοκοῦντες
546 1927 594 1954 καὶ
615 1927 708 1962 ἱερεῖς,
735 1929 867 1963 μονασταὶ

71 1973 120 2000 καὶ
139 1972 264 2008 μιγάδες,
282 1973 336 1999 πᾶν
350 1972 441 2007 γένος,
455 1973 503 2000 καὶ
521 1973 596 2000 πᾶσα
621 1973 715 2009 ἡλικία
727 1981 734 1989 ⁸
763 1975 789 2000 οἱ
815 1974 866 2009 μὲν

69 2017 165 2044 τέλεον
181 2017 387 2052 ναυαγήσαντες
415 2016 480 2052 περὶ
494 2016 543 2052 τὴν
557 2016 659 2048 πίστιν,
675 2016 700 2043 oi
722 2016 751 2043 δὲ
773 2016 798 2042 εί
819 2016 867 2043 καὶ

70 2063 137 2094 τοὺς
150 2061 302 2097 λογισμοὺς
314 2062 344 2088 οὐ
359 2061 631 2095 καταποντισθέντες,
647 2062 680 2097 τῇ
698 2061 726 2088 δὲ
739 2061 865 2098 αίρετικῇ

71 2106 203 2142 κοινωνίᾳ
225 2107 254 2140 ἐξ
271 2107 399 2142 ἡμισείας
412 2107 466 2134 δέει
485 2107 644 2143 σωματικοῦ
661 2107 780 2135 Θανάτου
798 2116 866 2143 συγ-

71 2152 288 2185 κινδυνεύοντες.
307 2153 380 2188 Πλὴν
399 2153 523 2189 ὅτιηιίσιν
537 2153 776 2189 ὑπολελειμμένοι,
795 2154 866 2181 οἵτι-

70 2206 125 2231 νες
147 2199 204 2224 οὐκ
228 2198 370 2233 ἔκαμψαν
394 2199 468 2234 γόνυ
492 2188 531 2233 ’ἶῇ
553 2200 647 2227 Βάαλ.
667 2188 722 2226 Καὶ
742 2200 866 2228 τοσοῦτοι
884 2195 905 2223 D

70 2243 168 2270 ὁπόσοι
183 2243 230 2270 καὶ
245 2243 411 2279 ἠρίθμηνται
425 2244 533 2280 Κυρίῳ.
545 2244 603 2279 Πρὸ
616 2244 726 2271 πάντων
737 2245 751 2271 ό
765 2244 870 2280 πρώτι-

72 2297 138 2321 στος
160 2289 251 2325 ἡμῶν,
268 2291 285 2325 ή
305 2290 364 2325 ἱερὰ
380 2290 458 2326 ἡμῶν
476 2290 593 2327 κεφαλὴ,
608 2291 658 2318 καὶ
679 2291 818 2326 ὀμοταγὴς
834 2292 868 2327 τῇ

879 857 898 884 Β

71 2335 227 2370 τελειότητι
244 2343 309 2362 σου”
332 2337 459 2372 ίεράρχαι
479 2337 526 2363 καὶ
544 2338 627 2372 ἱερεῖς
645 2337 748 2372 Κυρίου
759 2346 766 2353 ·
783 2345 870 2372 μονα·

72 2382 138 2409 σταὶ
153 2382 202 2408 καὶ
218 2382 398 2417 μονάζουσαιι
415 2383 519 2409 τούτων
533 2383 558 2409 οἱ
577 2383 626 2418 μὲν
639 2383 806 2418 ἐμπαιγμῶν
821 2383 870 2410 καὶ

74 2427 220 2462 μαστίγων
234 2428 330 2462 πεῖραν
342 2427 438 2454 ἔλαϐον
447 2435 454 2442 ·
471 2429 495 2454 oi
509 2428 536 2455 δὲ
545 2429 654 2463 δεσμῶν
667 2429 713 2455 καὶ
729 2428 868 2464 φυλακῆς·

73 2473 154 2508 ἄρτῳ
166 2472 270 2508 μετρίῳ
290 2473 338 2500 καὶ
355 2473 433 2501 ὗδατι
449 2474 624 2509 τρεφόμενοι.
643 2474 735 2501 ’Ἄλλοι
749 2475 871 2510 ὲξορίαις

73 2517 319 2553 περιορισθέντες·
335 2519 423 2555 ἕτεροι
448 2520 477 2546 ἐν
498 2520 629 2555 ἐρημίαις
651 2521 699 2547 καὶ
720 2520 796 2555 ὄρεσι
822 2520 870 2548 καὶ

73 2566 224 2601 σπηλαίοις
251 2567 299 2593 καὶ
323 2567 385 2598 ταῖς
411 2567 492 2598 ὀπαῖς
513 2566 564 2601 τῆς
577 2567 629 2602 γῆς
646 2567 869 2602 ἐνδιαιτώμενοιι

72 2613 143 2639 ἔνιοι
166 2612 195 2639 δὲ
217 2614 265 2640 καὶ
283 2614 412 2648 παραυτὰ
433 2614 664 2650 μαστιγωθέντες,
691 2614 869 2650 μαρτυρικῶς

72 2660 147 2696 πρὸς
164 2658 267 2694 Κύριον
281 2659 463 2696 ὲξεδήμησαν.
479 2660 539 2687 Εἰσὶ
554 2660 582 2687 δὲ
598 2661 623 2687 οἳ
639 2661 685 2687 καὶ
705 2660 869 2687 σακκισθέν-

71 2715 119 2738 τες
131 2705 373 2741 ἐθαλασσεύθησαν
386 2706 486 2742 empta,
499 2706 537 2738 ὡς
550 2707 635 2741 σαφὲς
646 2706 757 2741 γέγονεν
769 2706 802 2733 ὲκ
816 2706 872 2734 τῶν

71 2752 190 2783 τούτους
205 2751 392 2787 θεασαμένων.

115 2828 142 2845 ⁸⁸
157 2828 190 2857 lll
207 2829 274 2864 Reg.
301 2838 380 2865 mn,
414 2831 425 2858 1
443 2838 520 2866 seqq.

75 2867 163 2894 “om.
180 2874 219 2899 ιι,
237 2866 265 2892 6.

573 2830 595 2846 ⁵⁷
610 2829 682 2859 Jocl.
701 2838 730 2863 ιι,
765 2830 806 2857 17.

664 130 932 161 EPISTOLARUM
952 131 1024 162 LIB.
1057 131 1098 161 11.

873 2830 896 2847 ⁸³
915 2830 1017 2857 Thren.
1045 2837 1064 2862 ι,
1079 2829 1105 2856 4.

1632 131 1701 163 1158

910 187 1087 214 iutcllcctuali
1115 191 1242 215 contactu
1274 195 1421 216 sacrorum
1455 188 1553 223 pedum
1582 194 1703 219 tuorum.

909 232 1131 267 qliaitquuidcm
1150 232 1228 259 aliter
1243 237 1336 260 votum
1362 234 1471 268 explere
1497 241 1550 261 non
1567 235 1647 262 licet:
1661 236 1704 262 al-

911 283 980 309 tera,
997 286 1059 313 qua:
1073 278 1159 313 magis
1172 283 1259 312 urget,
1275 284 1305 306 ut
1318 279 1423 306 notiora
1440 280 1507 307 liant
1527 280 1704 308 divinissimo

909 323 1005 351 vertici
1032 329 1079 351 tuo
1090 344 1097 356 ,
1111 332 1171 359 quae
1194 325 1238 352 hic
1249 325 1307 352 dira
1317 325 1474 353 acciderunt
1489 335 1496 353 :
1513 331 1544 354 ut
1558 326 1603 361 qui
1621 327 1706 354 totius

911 370 1035 403 corporis
1056 369 1184 397 Ecclesiae
1200 371 1332 398 membris
1345 371 1504 400 condoleat.
1516 372 1583 405 Qua:
1593 373 1704 407 quidem

910 415 952 441 vel
966 415 993 442 in
1011 414 1114 442 ultimis
1129 421 1207 444 terra:
1225 416 1325 444 linibus
1347 417 1382 444 ob
1403 423 1554 444 extremam
1579 418 1705 453 impieta-

911 464 966 488 tem
986 460 1078 488 audita
1095 461 1234 488 existimo.

946 594 1049 621 Invasit
1082 602 1133 621 nos
1149 595 1323 630 persecutio.
1342 596 1513 629 beatissime,
1531 601 1559 624 et
1575 605 1706 632 persecu-

911 640 1017 667 tionum
1051 640 1226 676 gravissima.
1253 640 1323 668 Olim
1359 643 1470 676 quidem
1499 643 1594 670 Achab
1618 643 1705 671 Eliam

911 693 1038 720 quarens
1072 686 1245 720 prophetam,
1264 687 1322 714 loca
1343 687 1433 714 omnia
1468 688 1626 716 incendisse
1637 689 1706 717 dici-

911 735 966 763 tur.
995 732 1121 760 incendio
1148 733 1195 759 illo
1215 733 1290 768 impii
1315 734 1383 760 iram
1407 738 1434 761 et
1459 733 1579 762 furorem
1595 735 1708 763 demon-

911 781 1016 805 straute
1027 776 1061 804 “.
1079 776 1159 805 Nunc
1180 785 1245 805 vero
1267 785 1294 805 et
1320 779 1454 813 dignitate
1480 785 1505 807 et
1521 780 1604 808 corde
1617 781 1708 809 Acha-

912 823 995 856 bites,
1014 830 1067 850 non
1092 822 1179 850 Eliam
1195 823 1284 850 solum
1301 822 1452 857 depictum,
1469 824 1516 852 sed
1534 825 1615 860 hujus
1636 833 1708 860 quo-

913 876 967 903 que
981 867 1126 894 Dominum
1141 867 1235 895 Jesum
1247 868 1401 899 Christum.
1419 869 1564 897 Dominum
1577 875 1603 898 et
1622 871 1706 899 Deum

915 918 1060 946 nostrum,
1091 913 1234 948 Deiparam
1263 918 1292 941 et
1321 919 1448 942 sanctum
1480 924 1706 952 unumquemque

913 965 1042 994 quaerens
1066 960 1173 993 quaerit,
1191 959 1391 994 inventumque
1411 967 1511 996 magna
1534 961 1573 988 ira
1590 962 1662 989 delet
1677 963 1704 990 in

914 1003 989 1030 omni
1005 1003 1116 1030 civitate
1131 1008 1158 1030 et
1173 1003 1284 1038 regione
1303 1004 1417 1032 ditionis
1435 1012 1502 1032 sum.
1525 1004 1594 1033 Hinc
1613 1014 1709 1034 eversa

914 1047 1023 1080 altaria,
1050 1048 1149 1083 templa
1173 1048 1282 1075 Domini
1304 1053 1422 1082 vastata,
1437 1054 1466 1077 et
1491 1050 1596 1084 privata
1613 1055 1641 1078 et
1656 1060 1709 1087 pu-

914 1094 996 1128 blica,
1012 1102 1072 1130 quae
1088 1095 1114 1121 in
1131 1095 1252 1122 virorum
1266 1095 1437 1130 etvirginum
1460 1096 1638 1130 habilaculis,
1655 1102 1709 1125 tam

914 1144 1005 1168 vetera
1025 1148 1108 1176 quam
1135 1147 1230 1168 recens
1246 1144 1396 1168 exstructa.
1420 1140 1575 1170 Mlserabile
1601 1147 1710 1178 specta-

915 1187 1008 1214 culum
1021 1187 1028 1212 !
1041 1191 1170 1221 tanquam
1181 1185 1253 1213 facie
1260 1186 1429 1215 deformatos
1438 1188 1562 1215 homines
1575 1193 1603 1215 et
1617 1193 1711 1216 osten-

915 1237 942 1260 ta
957 1234 1097 1268 quaedam,
1112 1234 1153 1261 sic
1169 1233 1216 1261 Dei
1232 1233 1370 1262 Ecclesiae
1389 1239 1488 1262 ornatu
1501 1242 1552 1262 suo
1563 1235 1710 1263 destitutas

915 1284 943 1306 et.
956 1280 1089 1308 informes
1103 1279 1214 1308 relictas
1227 1281 1417 1315 contemplari.
1432 1281 1501 1313 Quis
1520 1281 1586 1309 talia
1602 1281 1709 1309 audivit

917 1330 963 1353 aut
977 1325 1045 1353 vidit
1061 1333 1182 1361 unquam
1197 1326 1225 1354 in
1238 1326 1337 1362 priscae
1350 1326 1537 1361 improbitatis
1554 1327 1711 1362 exemplis!

917 1372 965 1399 Ille
989 1372 1057 1406 ipse,
1083 1372 1130 1405 qui
1152 1372 1308 1407 cervicibus
1334 1373 1435 1399 vestris
1461 1372 1596 1399 incumbit
1611 1372 1711 1405 Arabs.

917 1418 1012 1446 mitius
1037 1418 1151 1446 forsitan
1169 1418 1222 1446 hac
1242 1419 1269 1446 in
1291 1423 1369 1454 parte
1383 1427 1447 1454 erga
1464 1419 1604 1447 Christum
1619 1427 1649 1446 se
1664 1427 1712 1454 ge-

918 1465 964 1492 rit.
979 1466 1012 1492 At
1027 1472 1081 1492 non
1096 1466 1136 1492 sic
1152 1465 1253 1493 Tabeel
1277 1470 1372 1493 noster
1387 1475 1393 1492 :
1418 1466 1512 1498 Parce,
1537 1466 1664 1499 Domine,
1682 1475 1714 1493 ne

916 1512 960 1538 des
984 1511 1056 1538 ultra
1076 1512 1258 1539 hereditatem
1273 1516 1346 1539 tuam
1365 1513 1394 1539 in
1410 1513 1578 1547 opprobrium
1593 1513 1627 1541 ⁸⁷.
1643 1513 1712 1540 Cum

916 1565 982 1592 ergo
1009 1558 1095 1592 pictas
1123 1558 1150 1585 in
1175 1558 1277 1586 tabulis
1298 1558 1433 1594 imagines
1450 1566 1465 1586 e
1487 1559 1574 1586 sacris
1593 1559 1714 1587 donariis

915 1604 1049 1637 sublatas,
1065 1608 1092 1632 et
1107 1604 1193 1632 libros
1203 1605 1252 1640 qui
1268 1605 1436 1632 mentionem
1446 1612 1539 1632 earum
1558 1605 1710 1637 continent.

915 1651 1079 1684 proscindit.
1105 1651 1210 1684 irridet,
1228 1652 1382 1680 subsannat
1399 1657 1529 1687 tanquam
1549 1653 1714 1680 abominan-

915 1695 949 1723 da
967 1701 995 1722 et
1008 1696 1095 1724 invisa
1108 1697 1164 1724 Deo
1187 1697 1309 1732 piacula.
1328 1704 1390 1732 quae
1413 1696 1467 1724 Deu
1482 1702 1595 1732 accepta
1607 1702 1672 1725 sunt
1687 1701 1714 1724 ct

916 1741 1020 1768 mundo
1032 1742 1164 1768 salutaria
1183 1751 1190 1769 :
1205 1741 1281 1770 Heu!
1295 1742 1358 1777 quis
1371 1742 1508 1778 lacrymas
1525 1742 1637 1769 tenea”
1651 1745 1715 1777 quis

916 1786 1034 1820 gemitus
1047 1794 1081 1813 ex
1094 1787 1149 1814 imo
1168 1792 1278 1823 pectore
1295 1795 1350 1815 non
1368 1789 1431 1816 edat
1442 1788 1453 1815 ἳ
1466 1787 1521 1815 γεω
1536 1788 1601 1815 Sion
1611 1788 1713 1823 lugent,

916 1839 946 1858 eo
960 1833 1031 1868 quod
1046 1842 1099 1861 non
1113 1834 1166 1860 sint
1182 1834 1227 1869 qui
1242 1834 1286 1869 pie
1301 1834 1442 1862 ambulent
1456 1835 1483 1861 in
1498 1835 1538 1862 eis
1549 1834 1584 1862 ⁸⁸.
1602 1834 1635 1862 Ει
1646 1842 1712 1862 vero

918 1882 1014 1910 Omnes
1046 1879 1263 1911 declinaverunt.
1288 1879 1368 1906 tium!
1389 1880 1496 1907 inutiles
1522 1880 1588 1914 facti
1609 1880 1715 1907 eum".

916 1927 968 1959 Qui
983 1925 1103 1961 episcopi
1122 1924 1285 1952 videbantur
1308 1930 1336 1952 et
1362 1925 1529 1957 sacerdotes,
1545 1925 1673 1952 monachi
1690 1930 1717 1953 et

917 1972 1072 2004 saeculares,
1089 1971 1180 1998 omnis
1196 1977 1278 1997 sexus
1301 1974 1329 1997 et
1339 1970 1430 1997 omnis
1449 1975 1526 2002 :etas,
1539 1970 1585 1997 alii
1601 1970 1715 2005 quidem

916 2018 990 2045 circa
1015 2017 1094 2044 ﬁdem
1115 2016 1242 2043 ultimum
1266 2014 1439 2050 naufragium
1460 2016 1534 2050 passi
1558 2020 1644 2049 sunt,
1659 2015 1717 2042 alii.

893 2071 897 2074 ‘
917 2064 940 2091 si
964 2063 1057 2091 minus
1076 2065 1168 2090 mente
1189 2065 1216 2089 et
1240 2061 1406 2096 cogitatione
1428 2061 1559 2094 demersi,
1589 2061 1717 2089 haeretica

916 2110 1014 2137 saltem
1026 2107 1222 2136 communione
1234 2107 1331 2134 mortis
1359 2111 1433 2134 metu
1449 2111 1599 2140 contracta,
1615 2107 1713 2135 eodem

917 2162 949 2182 ex
970 2158 1047 2189 parte
1070 2152 1193 2188 periculo
1216 2152 1344 2180 involuti.
1366 2152 1465 2180 Relicti
1486 2157 1579 2180 tamen
1602 2153 1716 2188 quidam

920 2204 985 2228 sunt
1007 2199 1053 2234 qui
1076 2207 1129 2226 non
1150 2203 1325 2226 curvaverant
1350 2206 1435 2233 genua
1457 2203 1519 2226 ante
1535 2198 1642 2226 Baal”
1655 2207 1665 2226 :
1681 2199 1719 2227 si-

922 2244 1034 2281 quidem
1057 2248 1098 2271 tot
1114 2250 1240 2277 numero,
1260 2249 1328 2278 quot
1342 2247 1370 2271 et
1389 2244 1526 2271 numerati
1551 2248 1615 2271 sunt
1634 2251 1649 2271 a
1666 2244 1718 2270 Do-

924 2292 1010 2319 mino.
1025 2292 1095 2318 Ante
1110 2297 1218 2322 omnes,
1237 2290 1284 2326 qui
1311 2290 1417 2324 primus
1440 2295 1482 2318 est
1506 2290 1578 2317 inter
1599 2298 1660 2323 nos,
1676 2298 1719 2317 sa-

924 2344 1001 2365 crum
1017 2341 1100 2371 caput
1112 2340 1247 2367 nostrum,
1268 2339 1296 2363 et
1308 2335 1430 2370 ejusdem
1455 2339 1545 2364 tecum
1561 2335 1719 2371 dignitatis;

923 2382 1045 2419 episcopi
1065 2386 1092 2409 et
1109 2381 1269 2409 sacerdotes
1283 2381 1409 2416 Domini;
1433 2381 1561 2409 monachi
1577 2387 1604 2409 ct
1620 2389 1718 2410 mona-

920 2431 1002 2458 chae:
1032 2435 1151 2463 quorum
1181 2427 1208 2454 hi
1236 2427 1362 2455 ludibriis
1387 2432 1415 2455 et
1439 2428 1601 2456 verberibus
1619 2427 1718 2456 tentati

921 2475 1053 2507 fuerunt;
1081 2473 1119 2500 illi
1147 2473 1264 2500 vinculis
1280 2477 1308 2500 et
1322 2473 1494 2506 carceribus,
1519 2481 1589 2508 pane
1604 2473 1718 2501 modico

920 2526 948 2549 et
963 2529 1034 2557 aqua
1051 2521 1132 2548 vitam
1148 2521 1288 2547 trahentes
1302 2528 1310 2553 ;
1324 2519 1369 2547 alii
1395 2520 1505 2547 exsiliis
1525 2520 1636 2554 relegati
1650 2527 1657 2553 ;
1673 2520 1719 2547 alii

922 2567 949 2594 in
976 2566 1094 2593 desertis
1113 2570 1142 2592 et
1162 2564 1313 2596 montibus,
1335 2565 1364 2591 in
1389 2564 1527 2599 speluncis
1544 2568 1571 2591 et
1595 2565 1721 2592 cavernis

924 2617 1005 2640 terra:
1034 2616 1193 2644 versantes;
1215 2611 1328 2646 quidam
1356 2611 1469 2645 insuper
1500 2610 1618 2645 ﬂagellis
1644 2611 1719 2643 caesi,

924 2663 1058 2694 martyres
1073 2657 1107 2685 ad
1123 2657 1268 2684 Dominum
1279 2656 1460 2692 emigrarunt.
1482 2655 1553 2683 Sunt
1569 2656 1616 2690 qui
1638 2663 1721 2683 sacco

927 2705 1026 2732 inclusi
1059 2705 1086 2730 in
1117 2711 1193 2731 mare
1217 2702 1336 2730 demersi
1354 2706 1437 2729 noctu
1454 2701 1577 2735 fuerunt,
1596 2706 1625 2729 ut
1640 2702 1674 2729 ab
1688 2702 1722 2730 iis

925 2751 973 2787 qui
993 2751 1127 2783 viderant,
1146 2751 1263 2777 relatum
1276 2754 1328 2777 est.

1156 2828 1179 2844 ⁸⁹
1193 2827 1264 2856 Psal.
1281 2835 1329 2860 ιιι,
1352 2827 1377 2854 ι.
1434 2828 1457 2844 ὀ
1474 2826 1506 2854 iul
1524 2825 1588 2860 Reg.
1618 2834 1643 2858 κ,
1665 2825 1696 2853 18
1713 2831 1721 2854 ι
