1923 3078
226 124 297 157 1159

823 126 853 155 S.
874 126 1071 156 THEODORI
1092 127 1266 157 STUDITE

1795 130 1864 162 1150

257 178 330 211 Quid
344 182 441 205 caetera
453 178 465 204 ?
479 177 659 205 Anathcmate
672 177 808 206 feriuntur
820 180 906 207 sancti
922 179 1012 207 Patres

1106 181 1138 207 Τί
1158 182 1258 214 tina;
1280 181 1540 217 ’Λναθεματίζονται
1556 183 1581 209 οι
1597 183 1670 218 ἅγιοι
1685 184 1765 220 ἡμῶν
1779 186 1866 213 Πατέ-

223 225 334 251 nostri:
364 224 549 258 praedicantur
573 225 619 258 qui
645 225 721 259 impii
745 225 875 257 fuerunt,
898 226 1020 254 infantes

221 270 372 305 impietatis
383 270 521 304 dogmata,
540 271 640 298 tradito
654 271 794 305 magistris
810 275 894 304 tonio,
916 273 1019 300 docen-

222 321 267 343 tur
282 324 289 343 :
308 323 361 343 non
381 320 422 343 est
437 323 551 350 usquam
568 316 663 344 salutis
684 316 839 351 perfugium
855 317 927 344 inter
942 325 1020 344 rnor-

222 359 310 385 tales:
333 359 408 393 pium
430 359 543 386 verbum
566 359 681 394 proferri
701 368 754 387 non
778 361 851 394 licet,
878 369 963 397 prope
979 362 1019 389 in-

223 409 297 433 stant
309 405 425 436 insidiae,
442 406 479 433 ita
501 411 530 433 ut
544 406 586 433 vir
601 414 616 433 a
631 407 746 442 conjuge
762 415 812 435 sua
834 413 931 436 caveat
946 417 954 436 :
972 410 1017 436 iu-

225 450 302 478 dices
330 456 357 478 et
386 452 559 485 pittaciorum
585 452 722 481 oblaturos
750 454 783 481 ad
801 455 853 482 hoc
879 454 969 489 ipsum
985 455 1021 482 ab

223 495 390 530 imperatore
417 497 570 524 mercedem
598 499 720 533 capiunt,
742 504 772 526 ut
788 499 946 533 observent.
973 501 1020 528 ubi

223 542 285 576 quis
300 543 367 577 quid
389 543 489 571 dicata
505 543 614 571 Cmsare
633 544 804 580 discrepans,
825 551 872 573 aut
886 546 1019 581 impietati

223 595 278 615 non
291 589 484 620 communicet.
501 594 549 617 aut
563 590 663 617 librum
680 591 778 618 habeat
795 592 830 619 de
850 592 1018 627 imaginibus

224 638 406 662 tractantem:
425 635 467 662 vel
483 635 628 671 imaginem
644 637 743 671 ipsam,
764 641 812 665 aut
833 639 956 666 exsulem
972 647 1016 667 re-

180 713 181 716 ‘
223 679 316 713 cipiat,
337 684 384 707 aut
404 681 520 715 captivis
543 689 592 715 pro
619 682 736 710 Domino
751 683 902 712 ministret.
921 685 974 718 Qui
991 686 1015 713 sl

223 724 453 760 deprehendatur,
476 727 549 754 illico
568 729 685 762 rapitur,
717 729 840 761 caeditur,
856 731 1015 766 relegatur:

224 770 297 796 unde
309 775 335 796 et
349 770 476 797 dominos
499 772 592 799 videas
614 773 700 800 servis
721 775 907 809 supplicantes
922 776 1016 804 indicii

223 819 308 842 metu.
328 813 413 843 Nobis
429 816 497 844 illud
513 817 605 845 dicere
629 818 671 846 fas
688 824 731 846 est
746 829 752 847 :
783 819 844 847 Non
861 826 900 848 est
913 823 941 848 in
953 827 1018 849 tem-

222 868 285 895 pore
305 860 353 887 ltoc
375 862 506 896 princeps.
522 867 546 890 et
563 864 701 897 propheta,
724 869 750 892 et
765 865 830 898 dum,
849 875 930 902 neque
942 867 1015 895 locus

222 906 402 940 primitiarum
427 915 515 935 coram
543 908 665 942 Domino,
689 915 717 937 ut
741 912 873 945 possimus
899 913 1016 940 invenire

222 953 468 981 misericordiam".
492 955 636 990 Propterea
653 957 711 984 hzec
727 958 799 992 apud
815 964 940 986 sanctant
956 960 1016 987 ani-

222 1005 295 1025 tnam
321 1003 395 1027 tuam
420 1000 522 1035 indigni
547 1002 740 1036 lamentamur,
769 1009 899 1039 tauquam
917 1013 950 1033 ex
968 1014 1015 1034 ore

222 1045 344 1072 omnium
359 1045 406 1080 qui
420 1048 560 1075 veritatem
576 1048 735 1082 defendunt,
755 1051 816 1085 ejus
829 1053 1013 1085 patrocinium

221 1093 249 1117 et
265 1091 468 1119 miserationem
491 1093 679 1128 iutplorantes.
705 1095 814 1124 Scimus
837 1098 921 1131 enim,
937 1099 1015 1134 siju-

221 1142 287 1162 vare
313 1137 393 1165 aliter
418 1146 471 1165 non
497 1140 597 1173 possit,
626 1148 737 1175 precum
767 1143 863 1170 saltem
889 1144 1014 1172 subsidio

220 1188 350 1216 magnum
370 1183 487 1211 nobisin
502 1185 619 1213 summis
627 1186 773 1221 angustiis,
784 1195 847 1215 cum
864 1189 1012 1224 propitium

221 1227 307 1254 Deum
323 1229 432 1261 habeat,
446 1230 663 1258 emolumentum
677 1233 834 1261 allaturam.
847 1233 908 1267 Quo
922 1240 1012 1263 autem

221 1281 253 1300 ex
273 1280 350 1308 parte
371 1281 528 1310 cognoscat,
554 1278 647 1312 qualia
674 1278 729 1306 sint
745 1279 850 1307 nefaria
864 1281 1012 1315 impiorum

219 1319 359 1354 dogmata,
376 1320 418 1347 his
431 1329 462 1348 ea
475 1322 575 1350 litteris
590 1324 702 1358 adjunxi
721 1325 748 1352 in
765 1327 1010 1360 quaternionibus:

221 1372 283 1398 quae
306 1365 413 1399 piorum
440 1372 537 1402 rogatu
560 1369 704 1398 refutanda
732 1371 876 1406 intperitus
891 1375 1010 1409 suscepi.

221 1409 277 1438 Oro
295 1417 387 1440 autem
413 1413 533 1441 divinam
563 1415 726 1449 sapientiam
756 1421 841 1450 luam,
874 1423 905 1446 ut
919 1420 1011 1447 omnia

221 1457 359 1492 inspiciat.
373 1463 400 1486 et
412 1458 570 1494 imperfecta
585 1463 715 1497 corrigat,
732 1463 896 1499 veniamque
909 1466 1012 1494 tribuat

222 1503 287 1530 mihi
303 1509 468 1538 erratorum,
487 1506 595 1542 meique
609 1507 716 1535 inutilis
728 1508 776 1536 ﬁlii
788 1509 815 1537 in
833 1510 892 1539 suis
904 1510 1013 1540 ﬂectcn-
1026 1526 1047 1556 ο

222 1549 296 1577 tibus
310 1549 396 1578 Deum
412 1552 540 1587 precibus
556 1554 726 1582 recordetur.

221 1677 287 1706 Ηωο
319 1686 408 1709 autem
438 1683 549 1725 epistola
577 1684 659 1725 misso
686 1691 725 1725 est
751 1688 833 1716 etiam
849 1690 885 1718 ad
898 1693 1015 1725 patriar-

495 1719 572 1746 cham
591 1720 748 1749 Antiochia’.

1073 235 1136 262 ρες·
1162 227 1397 263 ἀνακηρύττονται
1423 230 1447 254 oi
1472 229 1659 264 ὴσεὸηκότες·
1674 231 1709 257 τὰ
1728 231 1814 265 νήπια
1837 234 1867 259 ἐν

1070 274 1128 304 τοῖς
1141 273 1191 308 τῆς
1201 273 1329 305 ἀσεϐείας
1340 274 1474 309 δόγμασιν
1487 276 1700 311 ἁνατρέφονται,
1714 277 1753 313 τῷ
1763 278 1866 305 δοθέντι

1071 319 1147 353 τόμῳ
1156 320 1213 350 τοῖς
1223 319 1393 352 διδασκάλοις
1402 329 1410 337 ο
1423 321 1474 347 οὐκ
1489 321 1548 348 ἐστι
1563 330 1616 349 που
1627 325 1864 359 καταφευκτήριοι

1073 364 1199 399 σώματος
1211 365 1242 391 ἐν
1255 365 1442 400 οἰκουμένοις·
1456 367 1507 393 οὐκ
1529 368 1588 394 ἐστι
1604 369 1738 403 προέσθαι
1754 370 1866 402 εὐσεεές

1070 418 1096 436 τι
1113 410 1206 445 ρῆμα’
1226 411 1274 437 καὶ
1297 411 1313 446 ἡ
1329 411 1401 446 θήρα
1417 412 1547 446 ἐγγύθεν·
1566 413 1603 446 ὡς
1618 414 1803 448 φυλάττεσθαι
1820 415 1865 441 ἀν-

1071 454 1181 491 θρωπον
1194 455 1241 482 καὶ
1254 456 1308 483 ἀπὸ
1323 456 1375 492 τῆς
1390 458 1536 492 συγκοίτου
1549 466 1556 472 '
1573 460 1692 494 μηνυταὶ
1707 460 1756 487 καὶ
1770 469 1866 487 mem-

1071 500 1179 527 κοδὸται
1199 501 1239 532 είς
1255 501 1320 527 αὐτὸ
1339 501 1417 528 τοῦτο
1435 503 1509 537 παρά
1527 503 1574 529 τοῦ
1600 504 1766 538 κρατοῦντος
1784 514 1865 540 μεμμ

1072 545 1216 580 σθωμένοι,
1229 545 1281 572 ποῦ
1297 547 1377 587 τίςετι
1392 547 1465 582 λέγει
1479 548 1638 584 ἀπσρέσκον
1653 550 1691 585 τῷ
1704 551 1863 585 Καίσαρι,ἢ

1072 591 1110 627 μὴ
1124 592 1260 619 κοινωνῶν
1282 594 1315 628 τῇ
1333 593 1458 629 ἀσεϐείᾳ,
1480 593 1496 629 ἧ
1514 594 1606 629 βίϐλον
1621 595 1692 630 ἔχων
1713 597 1779 631 περὶ
1794 597 1864 624 εἰκό-

1070 646 1124 664 νων
1139 637 1254 672 ἔχουσάν
1265 648 1291 666 τι
1303 639 1460 674 λεγόμενον,
1472 641 1557 676 ἡγουν
1568 641 1653 676 αὐτὴν
1665 643 1758 669 εἰκόνα
1768 652 1775 658 ·
1787 643 1821 670 ἀν
1834 652 1864 670 τε

1071 683 1289 718 φυγαδευόμενον
1321 686 1520 720 εἰσδεχόμενος,
1551 686 1567 721 ἢ
1599 688 1656 718 τοῖς
1687 688 1733 715 διὰ
1762 689 1863 724 Κύριον

1070 729 1287 764 φρουρουμένοις
1302 730 1446 758 διακονῶν.
1464 732 1524 758 Κᾶν
1538 733 1682 768 φωραθείη
1697 739 1706 747 '
1721 734 1803 765 εὐθὺς
1817 735 1865 761 ἁν-

1070 775 1220 810 άρπαστος,
1232 775 1393 812 δαρήαιμος,
1411 776 1549 812 ὲξόριστος
1562 786 1569 793 ·
1581 778 1610 811 ἐξ
1623 775 1654 805 οὗ
1671 779 1718 806 καὶ
1729 780 1785 810 τοῖς
1802 779 1863 806 δού-

1070 820 1127 851 λοις
1139 821 1165 848 οἱ
1181 821 1310 847 δεσπόται
1323 821 1523 854 ὑποπίπτοντες
1537 823 1591 850 δέει
1609 825 1762 859 μηνύσεως.
1783 824 1863 859 Ἡμῖν

1069 866 1168 902 πρέπει
1185 867 1288 901 λέγειν,
1303 868 1345 894 ὅτι
1379 869 1441 895 οὐκ
1458 868 1546 895 ἐστιν
1556 869 1593 896 ἐν
1606 869 1647 902 τῷ
1664 870 1754 904 καιρῷ
1767 872 1862 904 τούτῳ

1067 912 1177 946 ἄρχων,
1192 913 1262 940 οὔτε
1278 913 1447 948 προφήτης,
1469 915 1539 941 οὔτε
1555 915 1724 950 ἡγούμενος
1734 924 1742 932 ·
1760 917 1797 944 οὐ
1815 918 1862 944 τό·

1068 966 1126 991 πος
1149 959 1204 986 τοῦ
1220 959 1378 993 καρπῶσαι
1399 960 1528 988 ἐνώπιον
1554 962 1677 996 Κυρίου,
1696 963 1746 989 καὶ
1763 962 1862 997 εὑρεῖν

1067 1003 1166 1037 ἕλεος.
1183 1004 1234 1031 Διὰ
1250 1005 1328 1032 τοῦτο
1341 1006 1428 1033 ταῦτα
1444 1007 1655 1043 ἐπεόοησάμεθα
1669 1008 1695 1034 οἱ
1708 1008 1813 1040 ἀνάξιοι
1827 1010 1860 1044 τῇ

1068 1049 1134 1084 ἁγίᾳ
1149 1058 1196 1076 σου
1211 1050 1297 1087 ψυχῇ,
1314 1052 1352 1083 ὡς
1368 1052 1424 1079 ἀπὸ
1439 1053 1574 1088 στόματος
1594 1054 1705 1080 πάντων
1726 1055 1781 1080 τῶν
1798 1055 1861 1082 ἀντ-

1067 1096 1206 1130 εχομένων
1221 1096 1273 1131 τῆς
1289 1097 1431 1132 ἀληθείας,
1452 1099 1494 1130 εις
1520 1099 1663 1133 ἀντίληψιν
1681 1099 1728 1126 καὶ
1750 1100 1861 1134 συμπάι

1068 1141 1143 1168 θειαν
1165 1141 1247 1176 ἡμῶν
1267 1142 1464 1178 ἐκκαλούμενοι
1484 1144 1581 1179 αὑτήν.
1599 1145 1720 1179 Οωαμεν
1740 1145 1806 1180 γὰρ.
1821 1146 1862 1172 ὅτι

1066 1187 1119 1213 κᾶν
1135 1186 1173 1222 μὴ
1186 1185 1241 1214 οἷόν
1252 1196 1282 1214 τε
1294 1188 1450 1224 ἐπικουρεῖν
1463 1189 1559 1222 ἄλλως,
1572 1189 1641 1217 ἀλλά
1653 1199 1684 1224 γε
1699 1192 1732 1226 τῇ
1748 1191 1804 1217 τῶν
1815 1190 1863 1217 εὐ-

1066 1232 1124 1267 χῶν
1135 1232 1246 1268 βοηθείᾳ
1264 1233 1336 1268 μέγα
1349 1235 1464 1270 παρέξει
1480 1236 1545 1270 ἠμϊν
1559 1236 1589 1262 ἐν
1606 1237 1661 1267 τοῖς
1676 1237 1862 1270 ἀναγκαιοτά-

1065 1286 1123 1310 τοις
1152 1278 1183 1304 τδ
1209 1278 1315 1312 ὄφελος,
1331 1279 1434 1315 εὐμενῆ
1454 1280 1500 1307 τὸν
1524 1281 1590 1308 Θεὸν
1613 1281 1722 1317 ἔχουσα.
1746 1283 1806 1309 Ἵνα
1833 1283 1862 1309 δὲ

1065 1323 1143 1359 γνοίη
1159 1324 1191 1351 ἐκ
1209 1324 1319 1360 μέρους,
1337 1322 1382 1352 οἷα
1398 1326 1432 1352 τὰ
1445 1327 1530 1361 ἀσεσῆ
1546 1327 1669 1362 δόγματα
1687 1328 1743 1354 τῶν
1758 1328 1860 1360 ἀθέων,

1066 1369 1266 1396 συναπέστειλα
1286 1371 1343 1402 τοῖς
1360 1371 1508 1406 γράμμασι
1532 1373 1580 1399 καὶ
1601 1373 1688 1400 ταῦτα
1708 1374 1738 1399 ἐν
1763 1382 1862 1409 τετρα-

1065 1415 1143 1446 δίοις.
1162 1416 1196 1442 "A
1212 1415 1260 1442 καὶ
1285 1415 1362 1448 ἐδοξα
1384 1418 1398 1443 ὁ
1413 1417 1523 1453 ἀμαθὴς
1542 1419 1718 1453 ἀνατρέπειν,
1737 1428 1862 1455 προτρα-

1064 1461 1125 1492 πεὶς
1137 1461 1212 1496 παρὰ
1225 1461 1356 1489 εὐσεϐῶν.
1370 1463 1444 1489 Αιτῶ
1456 1463 1485 1490 δέ
1497 1464 1549 1490 ὑπὸ
1559 1464 1608 1499 τῆς
1621 1463 1695 1496 θείας
1708 1473 1756 1491 σου
1775 1474 1864 1500 μεγα-

1065 1506 1168 1539 λονοίας
1184 1508 1383 1543 ἐπισκεφθῆναι
1405 1509 1453 1535 καὶ
1473 1509 1504 1536 τὸ
1520 1509 1631 1542 ἐλλιπὲς
1655 1510 1862 1546 ἀνορθωθῆναι,

1067 1553 1115 1579 καὶ
1126 1553 1292 1588 συγγνώμην
1305 1553 1359 1581 τῶν
1371 1555 1483 1590 ἐπωφλη
1488 1555 1577 1590 μένων
1589 1555 1716 1588 δέξασθαί
1733 1565 1778 1591 με,
1790 1557 1863 1591 ὶαμ-

1067 1598 1198 1626 ὁάνεσθαί
1219 1607 1249 1625 τε
1269 1601 1310 1631 εἰς
1326 1601 1438 1635 μνήμην
1460 1601 1495 1627 ἐν·
1505 1603 1565 1634 ταῖς
1585 1601 1752 1629 θεοκλινέσιν
1774 1603 1863 1637 αὐτῆς

1067 1646 1242 1680 προσευχαῖς,
1256 1645 1294 1677 ὡς
1309 1646 1419 1680 ἀχρεῖον
1433 1647 1539 1674 τέκνον.

1122 1691 1158 1718 Ἡ
1178 1691 1255 1725 αὑτὴ
1282 1692 1317 1718 δὲ
1343 1691 1493 1726 ἐπιστολὴ
1519 1692 1567 1720 καὶ
1592 1693 1667 1727 πρὸς
1697 1693 1752 1719 τὸν
1762 1692 1820 1727 τῆς

1190 1727 1368 1761 Ἀντιοχείας
1383 1727 1573 1762 πατριάρχην
1581 1727 1752 1762 ἀπεστάλη.

494 1795 621 1821 Adversus
631 1797 846 1825 lconomacborum
862 1801 976 1828 haeresim
989 1807 1016 1829 et
1029 1806 1215 1832 immanitatem.
1234 1806 1334 1839 (tiaran.
1354 1814 1395 1833 an.
1413 1807 1468 1838 817,
1488 1815 1513 1833 n.
1527 1808 1580 1840 50.)

221 1868 278 1896 XV.
287 1884 322 1890 ——
335 1868 368 1896 In
381 1869 501 1897 omnibus
513 1870 682 1899 sanctissimo
695 1872 775 1900 Patri
785 1874 908 1911 Patrum,
917 1878 1012 1907 lumini

255 1913 398 1947 Iuntinum,
415 1915 542 1949 magistro
557 1923 624 1948 meo,
639 1917 747 1944 domino
760 1922 923 1954 patriam/us
945 1926 1010 1953 Hie-

255 1961 458 1995 rosolymorum,
478 1961 630 1990 Theodorus
659 1965 795 2001 minimus,
814 1969 961 2006 presbyter,
984 1977 1010 2000 et

253 2007 411 2041 prwpositua
429 2007 613 2038 Studitarum.
909 2012 918 2021 ¹

254 2052 321 2085 Qui;
344 2055 512 2083 aununtiabit
526 2058 669 2092 Abraham,
696 2061 767 2096 quod
786 2067 871 2090 .actat
897 2073 1009 2099 puerum
1036 2063 1043 2066 ⁷’

219 2099 335 2126 Sara"?
349 2100 387 2127 ait
402 2102 506 2137 uspiam
519 2110 610 2131 sermo
626 2105 744 2134 divinus.
770 2107 804 2135 Et
818 2110 881 2143 quis
897 2110 1010 2146 indigno

218 2145 284 2172 mihi
313 2146 422 2174 nttntiet
443 2147 575 2176 humilem
596 2152 739 2186 epistolam
767 2161 853 2182 meam
866 2155 899 2182 ad
915 2145 1009 2185 sacras

217 2192 359 2226 apostolici
378 2193 461 2221 vestri
477 2195 628 2224 beatissimi
650 2199 780 2228 culminis
799 2209 898 2229 manus
911 2211 1008 2237 perve-

218 2237 312 2265 nisse?
338 2239 466 2267 Attamen
494 2243 643 2276 perveniet,
673 2250 704 2272 ut
727 2253 833 2281 spero:
865 2256 920 2276 non
936 2250 1008 2277 enim

217 2290 319 2311 vesana
348 2285 507 2320 cupiditate,
525 2287 574 2314 sed
597 2291 752 2317 necessaria
774 2299 857 2320 causa
873 2294 1008 2329 impulsus

216 2336 346 2365 peccator
361 2336 388 2359 et
402 2332 546 2367 epistolam
573 2335 683 2363 mittere
702 2345 787 2366 ausus
810 2346 881 2372 sum,
898 2345 925 2368 et
940 2341 1008 2369 lato-

217 2383 275 2403 rem
291 2385 344 2404 una
361 2377 673 2409 fratrcmcharissimum
683 2374 841 2420 Dionysium
857 2386 1007 2422 destinare,

217 2423 322 2450 ﬁdelem
353 2431 479 2458 prorsus.
509 2430 535 2453 et
561 2427 608 2461 qui
633 2430 760 2464 supplere
783 2438 831 2466 per
857 2440 887 2460 se
915 2434 1007 2462 omnia

216 2474 300 2502 queat
323 2477 384 2503 qua
402 2470 524 2505 epistola:
550 2473 660 2502 dcsunt.
691 2475 783 2511 Itaque
808 2478 882 2506 velut
905 2480 1006 2509 absens

215 2522 342 2550 corpore,
368 2524 486 2551 praesens
505 2523 595 2547 autem
615 2521 723 2555 spiritu,
751 2523 871 2557 primum
895 2526 1005 2560 quidem

214 2560 275 2595 ejus
301 2562 383 2596 pedes
408 2564 557 2592 secundum
583 2565 668 2594 Deum
697 2569 871 2597 ambulantes
898 2571 1008 2600 humilis

213 2607 385 2641 atuplertor:
406 2609 469 2637 hinc
488 2611 561 2638 enim
583 2612 649 2639 tntilli
672 2613 824 2642 benedictio
844 2619 871 2642 et
886 2617 1008 2644 sanctifi-

214 2653 296 2680 cutio.
313 2653 413 2681 Deinde
428 2660 556 2692 tanquam
579 2657 614 2684 ab
628 2665 660 2685 ca
670 2658 764 2693 jussus
781 2660 813 2687 ad
831 2666 926 2689 sancta
947 2662 1006 2690 loca

215 2700 384 2734 proﬁciscor,
398 2701 550 2730 adveneror
568 2711 679 2731 sacrum
697 2705 798 2738 solum,
816 2707 890 2743 quod
910 2708 1003 2737 divina

214 2746 327 2780 vestigia
340 2748 492 2780 calcarunt,
516 2749 652 2777 viviticum
670 2757 888 2787 monumentum,
908 2754 934 2782 in
947 2762 1003 2790 quo

250 2836 273 2853 "
299 2837 366 2866 Dan.
385 2848 424 2873 ιιι,
445 2841 489 2869 SS.
528 2843 550 2858 "
565 2845 633 2871 Gen.
656 2852 712 2877 stu,
734 2845 759 2872 7.

1063 1882 1114 1910 ιε’.
1132 1896 1169 1903 -—-
1181 1882 1224 1916 Τῷ
1245 1883 1283 1910 τὰ
1297 1883 1397 1910 πάντα
1421 1884 1570 1919 ἁγιωτάτῳ
1592 1884 1685 1918 Harp!
1701 1884 1862 1918 Πατέρων,

1095 1928 1230 1962 φωστῆρι
1241 1929 1418 1963 φωστήρων,
1430 1929 1522 1964 κυρίῳ
1528 1938 1599 1963 μου,
1614 1929 1747 1963 δεσπότῃ
1755 1937 1864 1965 πατρι-

1096 1976 1173 2011 άρχῃ
1187 1976 1416 2010 Ἰεροσολύμων,
1429 1976 1579 2010 Θεόδωρος
1592 1976 1766 2011 ἐλάχιστος,
1786 1985 1864 2011 εζρε-

1096 2022 1240 2055 σϐύτερος
1256 2022 1306 2049 καὶ
1319 2022 1488 2057 ἡγούμενος
1499 2022 1560 2049 τῶν
1571 2022 1729 2050 Στουδίου.
1785 2022 1863 2059 [ach]

1098 2068 1146 2100 Τίς
1158 2067 1320 2103 ἀναγγελεῖ
1334 2068 1457 2102 Ἀϐραὰμ
1469 2068 1514 2095 ὅτι
1528 2068 1627 2102 Σάρῤα
1639 2068 1758 2101 θηλάζει
1771 2076 1780 2100 ;
1794 2069 1865 2104 φησί

1060 2120 1112 2139 που
1128 2113 1142 2139 ὁ
1159 2113 1231 2148 ἱερὸς
1246 2113 1336 2147 λόγος.
1363 2114 1418 2140 Καὶ
1433 2114 1476 2146 τίς
1491 2115 1555 2150 ἐμοὶ
1568 2114 1607 2149 τῷ
1621 2114 1725 2149 ἀναξίῳ
1739 2114 1864 2149 εὐαγγε-

1060 2158 1172 2192 λίσοιτο,
1187 2160 1227 2185 ὃτι
1251 2167 1302 2194 μου
1318 2159 1349 2186 τὸ
1364 2162 1493 2189 ταπεινὸν
1507 2160 1626 2195 γράμμα
1651 2161 1691 2191 είς
1708 2160 1786 2195 ἱερὰς
1804 2163 1863 2195 χεῖ-

1062 2212 1112 2239 ρας
1134 2204 1247 2238 φθάσειε
1270 2205 1319 2239 τῆς
1341 2205 1524 2240 ἁποστολικῆς
1545 2205 1623 2240 ὑμῶν
1644 2207 1865 2240 μακαριωτάτης

1061 2251 1202 2286 κορυφῆς;
1217 2250 1314 2285 Ὅμως
1331 2251 1463 2283 πιστεύω,
1488 2251 1529 2277 ὅτι
1554 2252 1717 2286 γενήσεται·
1744 2252 1776 2278 οὐ
1808 2254 1864 2288 γάρ

1060 2296 1150 2331 ἀλόγῳ
1160 2296 1306 2332 ἐπιθυμία,
1323 2295 1391 2322 ἀλλὰ
1407 2295 1546 2331 ἀναγκαίᾳ
1563 2297 1693 2323 ὑποθέσει
1707 2297 1836 2333 κινηθεὶς
1851 2300 1866 2324 ὀ

1024 2324 1224 2378 θάμαρτωλὺς
1247 2324 1390 2378 ’ἐτολμησα
1415 2324 1472 2369 καὶ.
1491 2324 1661 2378 τὺιγράμμα
1686 2324 1863 2376 ἀποστεῖλαι,

1060 2389 1107 2414 καὶ
1131 2389 1178 2415 τὸν
1201 2389 1416 2425 ἐπιστοληφόρον
1439 2389 1578 2416 Διονύσιον
1600 2389 1646 2416 τὸν
1667 2389 1864 2417 ποθεινότατον

1055 2433 1173 2468 ἀδελφὺν
1197 2434 1454 2469 συνεκπέμψασθαι,
1471 2434 1566 2462 πιστὸν
1587 2435 1663 2466 ὄντα,
1678 2436 1725 2462 καὶ
1745 2436 1864 2462 δυνατὸν

1059 2479 1109 2506 ὅσα
1137 2479 1256 2506 ἐλλείπει
1285 2481 1318 2514 τῇ
1340 2479 1470 2515 ἐπιστολῇ
1492 2479 1539 2514 ἀφ’
1553 2479 1651 2506 ἐαυτοῦ
1676 2479 1860 2515 ἐξηγορῆσαι.

1059 2525 1211 2561 Τοιγαροῦν
1226 2525 1264 2557 ὡς
1277 2525 1355 2552 ἀπὼν
1370 2525 1410 2560 τῷ
1426 2526 1544 2561 σώματι,
1561 2525 1658 2560 παρὼν
1673 2526 1702 2552 δέ
1719 2526 1760 2561 τῷ
1776 2527 1862 2553 πνεῦ-

1064 2580 1139 2606 ματι,
1158 2571 1268 2606 πρῶτον
1283 2572 1332 2606 μὲν
1348 2573 1362 2599 ὁ
1377 2572 1505 2604 ταπεινὸς
1520 2570 1735 2607 κατασπάζομαι
1753 2572 1787 2599 τὰ
1804 2572 1852 2598 θεο

1061 2617 1130 2652 ὄαδῆ
1157 2617 1242 2653 αὐτῆς
1264 2617 1345 2653 ἴχνη’
1367 2617 1447 2644 τοῦτο
1467 2617 1522 2653 γὰρ
1544 2618 1607 2652 ἐμοὶ
1628 2617 1739 2652 εὐλογία
1761 2626 1791 2644 τε
1810 2618 1859 2645 καὶ

1060 2663 1206 2698 ἁγιασμὸς.
1223 2663 1339 2690 Ἔπειτα
1353 2663 1392 2695 ὥς
1405 2663 1473 2699 πρὸς
1486 2663 1571 2698 αὐτῆς
1582 2663 1745 2698 ἐπιτραπεὶς
1757 2663 1859 2698 ἄπειμι

1058 2710 1089 2736 ἐν
1110 2710 1167 2740 τοῖς
1184 2709 1326 2741 σεῦαστοϊς
1349 2709 1458 2741 τόποις·
1476 2708 1707 2744 προσπτύσσομαι
1729 2709 1761 2735 τὸ
1782 2709 1858 2736 θεῖον

1057 2755 1164 2790 ἔδαφος,
1179 2751 1211 2782 οὗ
1222 2757 1257 2783 τὰ
1268 2754 1328 2782 θεῖα
1342 2755 1402 2791 ἴχνη
1417 2755 1519 2791 βέϐηκε
1529 2756 1582 2793 ’,τὸ
1597 2754 1731 2788 ζωοποιδν
1746 2755 1855 2791 μνῆμα,
