1923 3078
179 174 206 196 ct
226 167 365 196 tremenda
393 166 482 201 imago
507 165 623 198 Christi,
644 169 775 199 tanquam
800 163 968 191 abominatio
985 164 1004 192 Λ

178 213 370 244 desolationis.
389 217 517 247 tanquam
536 211 638 238 idolum
654 211 759 238 erroris
777 219 784 237 :
800 209 897 236 eodem
911 215 972 235 mo-

178 261 215 288 do
245 259 375 295 quaelibet
402 259 455 286 alia
483 258 605 285 Dominae
626 261 728 284 nostrae
749 260 776 282 et
802 260 972 282 sanctorum.

178 305 269 338 Nunc,
301 304 401 338 inquit,
427 304 534 330 sincera
558 306 585 329 et
612 301 749 335 inculpata
779 299 873 327 ﬁdes:
903 306 973 326 nunc

179 351 312 379 Dominus
343 351 451 378 locutus
471 354 513 376 est
529 356 618 383 pacem
638 347 734 382 populo
757 355 816 379 suo,
834 351 858 374 et
876 347 973 373 sanctis

178 399 247 432 ejus,
276 402 301 424 et
323 397 356 423 iis
381 396 427 431 qui
447 396 482 422 ad
508 395 582 422 illum
598 403 642 421 cor
664 394 858 421 convertunt".
887 392 972 425 Quasi

180 444 285 471 sublata
301 451 353 478 pax
380 447 462 473 esset.
491 449 523 469 ex
544 448 599 477 quo
625 440 752 468 Christus
768 440 836 467 dixit
852 449 858 466 2
875 438 972 466 Pacem

180 489 301 523 relinquo
326 488 407 520 vobis,
432 495 522 522 pacem
554 495 639 514 meam
668 486 702 512 do
723 485 838 516 vobis".
865 484 898 511 ad
924 484 974 511 hoc

182 542 268 569 usque
295 539 428 569 tempus:
460 538 486 561 et
518 534 578 569 ejus
623 533 744 561 Ecclesia
776 531 972 562 contaminata,

181 588 263 615 quam
276 585 389 608 sanctus
418 579 520 608 Paulus
539 587 590 606 non
604 578 741 606 habentem
758 577 891 605 maculam
905 584 975 612 pra:-

181 625 264 657 dicat,
281 630 327 651 aut
348 633 451 660 rugam,
477 629 524 651 aut
552 624 654 659 aliquid
672 623 836 658 lmjusmodi,
850 621 894 650 sed
909 631 974 649 san-

181 674 251 696 ctam
272 674 297 696 et
319 669 563 696 immaculatum".
592 668 625 695 Et
643 669 688 695 alii
712 667 824 703 quidem
844 667 973 694 ultimum

181 715 254 742 circa
274 715 352 742 ﬁdem
367 715 540 750 naufragium
560 714 706 747 fecerunt;
724 713 769 741 alii
796 721 860 741 vero
876 720 974 748 quant-

181 762 224 790 vis
240 766 332 789 mcutc
346 767 374 790 ct
400 762 565 796 cogitatione
587 762 723 790 submersi
745 769 800 789 non
829 761 896 794 sint,
915 761 974 796 ipsa

183 812 271 835 tamen
286 808 397 836 haeresis
416 808 621 839 communione,
634 816 688 835 una
705 808 858 842 perierunt.
881 807 974 834 Enim-

182 862 248 882 vero
268 855 351 882 etiam
378 855 398 882 ii
428 854 475 888 qui
501 858 575 882 recte
605 854 746 886 sentiunt,
774 853 974 888 persecutionis

182 900 362 928 diuturnitate
379 899 496 928 titubant
514 899 587 927 circa
607 899 751 927 veritatem
770 909 777 927 :
799 899 977 935 quemadmo-

182 947 247 975 dum
261 947 294 974 iis
315 946 448 982 contingit
464 946 511 981 qui
527 947 560 973 ad
583 946 753 974 decumanos
774 946 859 974 maris
877 946 978 974 ﬁuctus

182 993 368 1029 navigationis
407 993 489 1021 rudes
523 993 652 1028 caligant.
693 992 848 1021 Miseranda
897 993 977 1021 nobis

182 1039 286 1071 omnia,
309 1039 438 1073 luctuque
466 1037 558 1074 digna.
590 1037 798 1065 Subtrahuntur
822 1038 930 1066 cantica
944 1039 978 1065 ab

182 1085 303 1120 antiquis
317 1089 439 1120 accepta,
456 1085 483 1112 in
505 1084 606 1120 quibus
631 1085 780 1120 imaginum
805 1085 835 1112 ﬁt
852 1085 954 1113 mentio
970 1095 976 1112 ;

183 1135 321 1159 canuntur
334 1138 383 1166 pro
393 1130 433 1158 eis
443 1137 514 1157 nova
532 1130 615 1165 impia
639 1130 769 1165 dogmata
788 1130 878 1165 palam
891 1138 977 1165 expo-

183 1177 245 1209 sita,
273 1184 334 1211 quae
351 1181 378 1203 et
403 1177 496 1211 pueris
522 1176 590 1211 ipsis
619 1176 765 1203 traduntur
793 1184 807 1203 a
826 1177 976 1211 magistris.

183 1223 312 1250 Omnium
328 1231 419 1250 rerum
436 1222 519 1257 impia
537 1227 579 1250 est
601 1222 754 1254 conversio,
778 1222 852 1250 Facti
869 1230 976 1254 sumus,

184 1273 215 1296 ut.
238 1268 480 1303 propric~loquar,
510 1267 582 1296 sicut
612 1268 733 1295 Sodoma
766 1273 794 1296 et
824 1267 978 1296 Gomorrha

185 1319 297 1350 propter
310 1318 420 1350 peccata
434 1319 528 1342 nostra
538 1315 560 1330 ⁸⁷
577 1323 582 1342 :
597 1318 625 1342 et
637 1314 755 1348 procella
769 1315 881 1342 haeresis
894 1315 977 1342 altius

185 1362 212 1389 in
240 1361 299 1388 dies
325 1368 471 1396 assurgens
491 1367 543 1388 nos
572 1361 685 1394 operit:
707 1368 757 1388 nec
787 1361 915 1388 inventus
937 1365 978 1388 est

184 1406 231 1441 qui
254 1406 394 1435 Christum
411 1405 497 1434 Deum
518 1410 643 1433 nostrum
670 1405 880 1441 expergefaciat,
899 1411 926 1433 ut
941 1407 978 1433 in-

185 1456 277 1486 crepet
295 1452 482 1480 turbulentum
495 1453 546 1480 hoc
561 1460 646 1480 mare.

220 1499 255 1525 At
275 1503 302 1525 tu
319 1503 379 1526 esto
393 1498 471 1525 nobis
483 1505 577 1526 unuse
593 1498 735 1526 duodecim
752 1499 895 1534 apostolis,
913 1500 976 1526 bea-
991 1506 1012 1534 α

185 1544 291 1572 tissime
307 1553 314 1571 :
327 1545 416 1572 excita
430 1551 446 1571 e
460 1551 558 1572 somno
578 1544 730 1571 insomnem
744 1544 855 1572 oculum
870 1545 979 1580 dispen-

185 1590 288 1618 satorie
314 1590 521 1623 dormitantem,
553 1590 618 1625 quia
644 1589 766 1625 perimus
793 1591 918 1618 omnino.
949 1591 978 1618 Si

185 1636 258 1671 quod
273 1640 316 1664 est
337 1641 364 1663 et
378 1635 452 1663 aliud
475 1635 568 1663 auxilii
586 1635 763 1670 pharmacum
780 1636 814 1663 ad
838 1636 978 1665 sanandos

185 1682 309 1710 inﬁrmos
323 1691 331 1715 ;
346 1687 377 1709 ut
395 1681 499 1717 peritus
521 1681 632 1709 adhibe.
651 1681 844 1716 Deprecamur,
861 1682 979 1710 sanctis-

185 1729 264 1759 sime,
281 1727 461 1759 obtestamur,
477 1726 630 1754 hortamur.
645 1726 767 1755 Membra
781 1732 826 1755 tua
851 1735 948 1756 sumus
969 1738 976 1756 :

185 1774 409 1808 quandoquidem
424 1773 518 1800 ﬁdeles
529 1780 627 1800 omnes
645 1781 739 1804 corpus
750 1779 812 1800 sunt
828 1774 939 1806 claristi,
953 1779 978 1801 et

184 1820 302 1848 membra
314 1828 346 1847 ex
372 1826 449 1855 parte
462 1820 496 1847 ".
513 1819 633 1855 Praecipe
649 1824 676 1847 et
694 1820 756 1848 aliis
769 1821 871 1848 sanctis
890 1820 979 1848 Patri-

186 1865 238 1893 bus
259 1866 373 1897 nostris,
399 1865 620 1893 intercessoriam
644 1872 755 1892 manum
778 1865 930 1900 porrigant.
950 1870 979 1893 ut

189 1911 339 1938 multorum
357 1911 533 1946 interpositu,
549 1919 627 1939 suam
645 1910 718 1938 Deus
729 1911 810 1939 nobis
824 1911 979 1939 misericor-

185 1958 258 1986 diam
275 1958 424 1993 impertiat.
445 1957 524 1986 liunc
543 1957 571 1985 in
594 1958 674 1985 ﬁnem
698 1958 826 1993 epistola,
843 1964 872 1986 et
893 1959 979 1987 tabel-

186 2004 271 2032 larius
294 2005 328 2032 ab
348 2003 477 2032 omnibus
494 2004 587 2032 animo
604 2004 766 2041 destinatus,
788 2004 840 2033 etsi
859 2012 875 2032 a
898 2005 978 2033 nobis

185 2050 250 2078 solis
279 2050 400 2078 Omnium
428 2050 550 2078 minimis
584 2050 693 2078 illorum
721 2051 807 2078 vicem
833 2051 977 2086 agentibus

185 2096 298 2124 missus.
316 2095 351 2123 Ut
364 2099 455 2124 autem
472 2104 505 2124 ex
527 2100 604 2132 parte
616 2101 765 2130 cognoscat
781 2097 915 2125 celsitudo
930 2105 976 2125 ve-

184 2148 252 2175 stra,
279 2142 434 2177 cujusmodi
459 2143 516 2170 sint
540 2143 668 2178 dogmata
691 2143 839 2178 impiorum
862 2152 869 2171 :
890 2152 922 2172 ea
947 2145 975 2172 in

184 2188 412 2222 quaternionibus
431 2188 566 2223 descripta
589 2188 713 2224 epistolae
738 2189 825 2224 adjeci
848 2198 855 2216 :
873 2197 934 2224 quae
949 2194 977 2217 et
993 2181 1017 2211 θ

185 2233 302 2260 aliorum
326 2238 423 2268 rogatu
445 2232 589 2260 refutanda
612 2233 756 2268 imperitus
779 2235 898 2269 suscepi.
921 2234 975 2262 Ora

185 2284 275 2306 autem
294 2283 323 2306 ut
338 2287 369 2306 ea
389 2279 620 2314 inspiciatdivina
636 2284 682 2306 tua
699 2280 845 2314 sapientia.
863 2285 890 2307 et
901 2281 975 2315 quod

183 2325 262 2353 deest
276 2326 410 2360 suppleat,
425 2325 589 2359 veniamque
599 2325 667 2352 mihi
681 2325 784 2353 tribuat
799 2330 952 2353 erratorum
967 2334 974 2352 :

183 2376 266 2406 atque
296 2371 365 2399 adeo
386 2378 549 2399 conservum
577 2370 687 2398 fratrem
715 2375 839 2399 nostrum
871 2371 975 2399 litteras

183 2425 253 2452 quas
274 2417 378 2452 accepit
403 2418 505 2445 sanctis
527 2417 589 2444 aliis
613 2417 736 2449 reddere,
757 2423 784 2445 et.
800 2418 854 2446 huc
870 2423 975 2453 postea,

147 2468 150 2471 '
184 2463 241 2490 Deo
256 2464 373 2496 volente,
389 2463 478 2490 redire
492 2463 642 2498 permittat.

778 110 811 138 S.
831 106 1026 137 TIIEODOIU
1045 104 1220 135 STUDthE

1021 160 1123 196 φρικτὴ
1136 160 1218 186 εἰκὼν
1234 159 1361 194 Χριστοῦ,
1374 158 1411 189 ὼς
1430 157 1570 192 βδέλυγμα
1586 158 1767 193 ἐρημώσεως,
1783 161 1824 189 ὡς

1026 207 1135 234 εἴδωλον
1148 206 1251 241 πλάνης
1264 214 1271 222 ι
1285 204 1372 236 οὕτως
1388 205 1463 231 πᾶσα
1476 203 1543 239 ἄλλη
1555 203 1724 239 δεσποινικὴ,
1737 205 1825 238 ἁγιω-

1025 253 1100 289 τική.
1121 254 1212 287 Ἀρτι,
1235 251 1314 286 φησὶ,
1341 250 1450 286 καθαρὰ
1467 250 1514 276 καὶ
1534 250 1685 284 ἀμώμητος
1708 250 1801 282 πίστις
1816 259 1824 265 ·

1026 299 1100 334 ἄρτι,
1117 298 1195 333 φησι,
1215 296 1318 332 Κύριος
1330 295 1462 331 ἐλάλησεν
1476 295 1602 330 εἰρήνην
1615 295 1663 322 ἐπὶ
1680 295 1734 322 τὸν
1746 297 1826 322 λαὸν

1025 343 1130 375 αὑτοῦ,
1149 343 1198 370 καὶ
1215 342 1266 369 ἐπὶ
1283 341 1354 374 τοὺς
1370 341 1476 374 ὁσίους
1497 341 1603 372 αὑτοῦ,
1619 341 1669 367 καὶ
1686 340 1736 368 ἐπὶ
1753 341 1825 374 τοὺς

1025 388 1262 423 ἐπιστρέφοντας
1276 387 1403 422 καρδίαν
1414 387 1461 413 ἐπ’
1475 387 1579 414 αὐτόν.
1600 386 1645 418 Ὠς
1659 386 1709 422 ἤδη
1728 386 1825 421 ἀρθεί-

1026 443 1076 470 σης
1088 434 1137 468 τῆς
1154 433 1276 468 είρήνης,
1292 433 1338 467 ἀφ’
1353 429 1384 459 οὗ
1400 432 1517 466 Χριστὸς
1531 431 1594 466 ἔφη·
1617 431 1751 466 Εἰρήνην
1764 432 1824 466 ἁρ-

1026 481 1089 514 ίημι
1104 479 1176 513 ὑμῖν
1187 487 1193 493 ι
1212 478 1336 512 εΙρήνην
1348 477 1406 511 τὴν
1421 477 1499 511 ἐμὴν
1515 477 1618 511 δίδωμι
1633 476 1705 511 ὑμῖν
1716 486 1724 492 ο
1741 477 1825 513 μέχρι

1025 525 1072 552 τοῦ
1090 525 1172 560 δεῦρο
1184 532 1190 538 ·
1209 525 1254 551 καὶ
1269 523 1471 560 ὲρρυπωμένης
1486 522 1570 557 οὔσης
1585 522 1636 558 τῆς
1657 523 1827 557 Ἐκκλησίας

1026 570 1108 597 αὑτοῦ
1121 579 1128 586 ·
1145 571 1177 604 ῆν
1191 571 1204 596 ο
1223 570 1294 604 ἱερὸς
1310 569 1417 600 Παῦλος
1437 569 1487 604 βοᾷ
1499 568 1543 603 μὴ
1562 569 1646 603 ἔχειν
1662 568 1788 601 σπῖλον,
1803 569 1825 601 ἢ

1022 616 1142 650 ῥυτίδα,
1157 615 1177 650 ἢ
1193 624 1220 642 τι
1237 615 1297 642 τῶν
1315 615 1457 642 τοιούτων
1467 623 1474 630 ’
1490 614 1560 642 ἀλλ’
1575 612 1651 642 εἶναι
1670 615 1760 649 ἁγίαν
1773 615 1825 642 κοί

1026 662 1156 697 ἄμωμον.
1173 662 1205 688 Οἰ
1219 661 1269 696 μὲν
1281 661 1372 688 τέλεον
1388 660 1452 696 περὶ
1464 660 1514 696 τὴν
1527 661 1618 687 πίστιν
1629 661 1806 696 ἐναυάγησαν
1816 669 1824 676 ·

1025 708 1049 734 οἱ
1062 707 1133 739 δὲ,εί
1148 707 1194 733 καὶ
1209 707 1265 738 τοῖς
1275 706 1414 741 λογισμοῖς
1426 706 1457 733 οὺ
1473 705 1736 741 κατεποντίσθησαν,
1749 707 1827 741 ὅμως

1027 754 1060 788 τῇ
1077 753 1205 788 κοινωνίᾳ
1231 752 1280 787 τῆς
1297 753 1430 788 αἱρέσεως
1456 751 1643 779 συνόλλυνται.
1663 751 1746 778 Ἀλλά
1770 752 1826 787 γὰρ

1026 799 1073 825 καὶ
1097 797 1174 824 αὐτοὶ
1194 797 1220 823 ot
1245 797 1316 824 κατὰ
1333 796 1395 823 νοῦν
1415 795 1630 832 ὀρθοδοξοῦντες,
1652 797 1685 831 τῇ
1706 797 1825 832 ἐπιμονῇ

991 836 1012 864 Β
1026 840 1074 868 τοῦ
1089 840 1211 876 διωγμοῦ
1232 840 1367 875 ἱλιγγιῶσι
1381 840 1446 876 περὶ
1460 841 1511 876 τὴν
1524 841 1653 876 ἀλήθειαν
1663 849 1670 857 ·
1687 840 1783 876 ὥσπερ
1797 842 1824 867 oi

1028 887 1081 913 ὑπὸ
1097 886 1251 922 τρικυμιῶν
1267 886 1406 921 θαλάσσης
1420 887 1534 923 ἀπειρίᾳ
1552 887 1692 919 πλεύσεως
1710 887 1825 914 σκοτοὺ-

1029 941 1115 968 μενοι.
1138 932 1259 960 Ἐλεεινὰ
1283 933 1317 960 τὰ
1334 933 1422 960 πάντα
1445 933 1510 968 ὑμῖν
1532 933 1580 960 καὶ
1601 933 1727 969 ὀδυρμῶν
1748 934 1825 967 ἄξια.

1027 979 1264 1015 Παραστέλλονται
1284 979 1440 1014 ψαλμιικῗίαι
1458 979 1717 1014 ἀρχαιοπαράδοτοι,
1738 981 1767 1006 ὲν
1782 978 1828 1012 αἷς

1029 1024 1092 1058 περὶ
1106 1024 1219 1050 εἰκόνων
1238 1024 1329 1059 ᾁδεταί
1351 1033 1394 1050 τι·
1410 1024 1551 1060 ἀντᾴδεται
1566 1025 1600 1051 τὰ
1614 1025 1700 1060 ἀσεϐῆ
1715 1025 1764 1052 νέα
1782 1027 1827 1052 66-

1028 1078 1120 1105 γματα
1141 1071 1180 1102 εἰς
1195 1068 1334 1106 προῦπτον
1351 1070 1468 1105 κείμενα
1482 1078 1487 1084 ·
1505 1070 1574 1098 ἄλλα
1586 1072 1642 1102 τοῖς
1657 1072 1737 1098 παισὶ
1755 1072 1827 1107 πρὸς

1027 1115 1082 1141 τῶν
1096 1115 1267 1142 διδασκάλων
1279 1115 1492 1151 παραδιδόμενα.
1509 1117 1563 1143 Καὶ
1580 1118 1825 1152 μεταστοιχείωσις

1028 1161 1082 1187 τῶν
1096 1161 1224 1188 ἁπάντων
1238 1161 1391 1197 ἀθεωτὰτη.
1412 1162 1588 1197 Ἐγενόμεθα,
1605 1163 1709 1198 κυρίως
1724 1163 1827 1196 εἰπεῖν,

1029 1206 1066 1238 ὼς
1087 1207 1191 1242 Σόδομα
1211 1206 1258 1234 καὶ
1273 1207 1400 1243 Γόμορρα
1418 1208 1489 1235 κατά
1505 1208 1555 1240 τὰς
1571 1208 1707 1244 ἁμαρτίας
1726 1209 1807 1244 ἡμῶν
1818 1217 1827 1225 ·

1029 1252 1077 1278 καὶ
1091 1253 1107 1287 η
1124 1252 1262 1287 καιταιγὶς
1274 1252 1325 1288 τῆς
1340 1253 1472 1288 αἱρέσεως
1487 1255 1679 1290 κορυςρουμένη
1693 1254 1828 1290 κορυφοῦ-

1028 1307 1074 1324 ται
1096 1298 1231 1334 ὁσημέραι
1241 1305 1249 1314 ⁶
1272 1299 1319 1325 καὶ
1334 1299 1348 1325 ὁ
1363 1299 1551 1335 διαναστήσων
1566 1300 1684 1335 Χριστὸν
1697 1301 1743 1327 τὸν
1758 1300 1829 1327 Θεὸν

1029 1344 1108 1378 ἡμῶν
1125 1344 1288 1379 ἐπιτιμῆσαι
1298 1345 1331 1380 τῇ
1347 1345 1454 1380 πονηρᾷ
1470 1345 1556 1382 ταύτῃ
1572 1345 1695 1382 θαλάσσῃ
1711 1346 1760 1382 οὐχ
1778 1346 1828 1372 εὕ-

1029 1399 1123 1426 ρηται.

1071 1511 1151 1539 Ἀλλὰ
1169 1510 1249 1545 γενοῦ
1266 1511 1331 1546 ἡμῖν
1353 1509 1394 1543 εἷς
1418 1511 1474 1538 τῶν
1487 1511 1591 1538 δώδεκα
1611 1512 1781 1542 ἀποστόλων.
1803 1509 1829 1538 ὧ

1033 1556 1244 1593 μακαριώτατε·
1270 1556 1409 1584 διύπνισον
1435 1557 1481 1583 τὸν
1506 1557 1658 1592 ἀκοίμητον
1684 1558 1830 1593 ὀφθαλμὸν

1029 1603 1210 1638 οἰκονομικῶς
1224 1602 1390 1629 καθεύδοντα
1403 1608 1410 1616 ·
1428 1602 1468 1629 ὅτι
1483 1602 1661 1637 ἀπολλύμεθα
1672 1603 1775 1630 τέλεον.
1794 1605 1830 1630 Et

1030 1658 1088 1681 πως
1108 1649 1156 1676 καὶ
1175 1648 1263 1679 ἄλλως
1277 1647 1335 1675 ὲστί
1351 1656 1378 1674 τι
1398 1648 1544 1683 φάρμακον
1561 1648 1699 1684 βοηθείας,
1716 1649 1832 1684 ἰατρεῦ-

1030 1703 1076 1721 σαι
1101 1695 1164 1725 τοὺς
1190 1694 1394 1729 ἠσθενηκότας·
1417 1693 1455 1725 ὡς
1482 1695 1644 1730 ἐπιστήμων
1670 1695 1829 1730 ὲπείχθητι.

1030 1739 1094 1773 Ναὶ,
1111 1739 1238 1774 δεόμεθα,
1255 1738 1391 1773 ἀγιώτατε
1402 1739 1612 1775 ·ἀντι6ολοῦμεν
1623 1747 1630 1755 ·
1647 1741 1829 1776 παρακαλοῦ-

1031 1793 1091 1819 μεν.
1115 1783 1166 1810 Σοῦ
1186 1784 1269 1819 ἐσμεν
1286 1783 1354 1818 μέλη
1366 1792 1373 1798 ·
1391 1783 1453 1810 ἐπεὶ
1473 1785 1499 1810 οί
1514 1785 1614 1816 πάντες
1632 1786 1724 1811 πιστοὶ
1738 1785 1832 1819 σῶμα

1029 1828 1159 1863 Χριστοῦ
1174 1828 1223 1855 καί
1240 1827 1319 1863 μέλη
1333 1828 1368 1855 ὲκ
1380 1828 1504 1863 μέρους.
1525 1830 1688 1865 Ἐπίτρεψον
1703 1830 1753 1857 καὶ
1767 1833 1828 1863 τοῖς
1858 1832 1868 1838 “

1028 1875 1119 1906 ἄλλοις
1138 1873 1227 1908 ἁγίοις
1248 1874 1388 1909 Πατράσιν
1410 1874 1490 1909 ήμῶν
1516 1876 1595 1910 χεῖρα
1620 1875 1827 1911 πρεσϐευτιχὴν

1028 1919 1121 1955 ὀρέξαι
1131 1926 1138 1933 ’
1155 1919 1199 1947 ἵνα
1212 1920 1244 1946 ὲκ
1257 1919 1364 1946 πολὶῶν
1379 1919 1536 1955 προσώπων
1552 1919 1582 1947 τὺ
1601 1921 1641 1952 είς
1657 1922 1733 1956 ἡμᾶς
1748 1921 1829 1954 ἔλεος

1028 1966 1070 1999 εἴη
1092 1964 1169 2000 παρὰ
1189 1964 1269 1992 Θεοῦ.
1285 1965 1388 1992 Τούτου
1407 1965 1440 2000 δὴ
1454 1965 1534 2000 χάριν
1551 1966 1581 1992 τὸ
1597 1967 1726 2002 γράμμα,
1744 1967 1793 1994 καὶ
1813 1970 1828 1995 ό

1028 2010 1266 2046 γραμματηφόρος
1283 2010 1353 2046 πρὸς
1367 2011 1477 2038 πάντων
1489 2013 1522 2047 τῇ
1537 2011 1666 2046 προθέσει
1681 2013 1828 2040 ἀπεσταλ-

1030 2055 1108 2090 μένος
1121 2062 1127 2069 ·
1144 2056 1168 2081 εί
1184 2055 1232 2081 καὶ
1246 2055 1312 2090 παρ’
1326 2055 1406 2090 ἡμῶν
1421 2055 1510 2089 μόνων
1523 2055 1578 2082 τῶν
1593 2056 1742 2091 ἐλαχίστων
1756 2058 1828 2085 ἀνα-

1028 2101 1206 2136 πληρούντων
1225 2100 1255 2127 τὸ
1274 2101 1387 2128 ἐκείνων
1406 2101 1563 2136 πρόσωπον.
1578 2102 1637 2128 Ἵνα
1650 2103 1679 2129 δὲ
1696 2103 1774 2139 γνοίη
1791 2105 1828 2132 ὲκ

1029 2147 1130 2182 μέρους
1145 2148 1162 2183 ή
1176 2146 1360 2182 κορυφαιότης
1374 2155 1433 2179 σου,
1447 2144 1491 2174 οἷα
1503 2147 1538 2173 τὰ
1549 2147 1603 2173 τῶν
1615 2147 1703 2175 ἀθέων
1716 2148 1827 2184 δόγμα-

1029 2201 1078 2219 τα·
1106 2192 1304 2219 συναπέστειλα
1324 2193 1381 2224 τοῖς
1404 2193 1551 2228 γράμμασι
1572 2193 1660 2220 ταῦτα
1676 2195 1706 2220 ὲν
1723 2203 1827 2230 τετρα-

1028 2237 1111 2269 δίοιςυ
1126 2237 1144 2265 ἃ
1158 2238 1206 2265 καὶ
1220 2237 1298 2270 ἔδοξα
1317 2238 1331 2264 ό
1341 2237 1450 2272 ἀμαθὴς
1464 2238 1639 2274 ἀνατρέπειν,
1651 2240 1828 2275 apertum);

1030 2284 1076 2318 ὑφ’
1100 2283 1212 2318 ἐτέρων.
1227 2284 1301 2310 Λίτῶ
1314 2283 1344 2310 δὲ
1359 2284 1435 2319 παρά
1454 2285 1505 2320 τῆς
1529 2285 1579 2319 σῆς
1596 2284 1740 2319 θεοσοφίας
1763 2287 1827 2314 ἐπι-

1029 2329 1180 2364 σκεφθῆναι
1189 2338 1196 2346 ·
1210 2330 1258 2356 καὶ
1271 2329 1301 2356 τὸ
1312 2329 1421 2361 ἐλλιπὲς
1435 2330 1621 2365 ἀνορθωθῆναι
1632 2339 1639 2345 ο
1657 2330 1827 2366 συγγνώμην

1028 2384 1059 2402 τε
1082 2376 1137 2402 τῶν
1168 2365 1374 2411 ὲπωφλῗημένων
1399 2376 1527 2409 δέξασθαί
1547 2385 1582 2412 με
1595 2385 1602 2393 ’
1625 2377 1656 2404 οὐ
1676 2377 1730 2412 μὴν
1753 2365 1827 2406 ἀλλά

1028 2421 1075 2447 καὶ
1102 2421 1147 2448 τδν
1173 2421 1318 2449 σύνδουλον
1342 2422 1420 2458 ἡμῶν
1442 2422 1557 2457 ἀδελφὺν
1579 2423 1805 2459 συγκροτηθῆναι
1818 2434 1824 2440 ·

1025 2467 1095 2502 πρός
1123 2475 1152 2493 τε
1187 2467 1305 2494 διάδοσιν
1337 2468 1392 2494 τῶν
1418 2469 1448 2494 ὲν
1474 2466 1515 2500 οἷς
1541 2469 1741 2504 ἐπεστείλαμεν
1766 2470 1827 2497 ἑτέ-

184 2519 238 2547 ρων
272 2510 358 2544 ἁγίων
393 2509 548 2544 προσώπων
581 2509 749 2536 ἐπιστολῶν·
773 2501 822 2536 κᾶι
846 2510 889 2545 δὴ.
905 2509 972 2537 Θεοῦ
994 2511 1126 2545 θέλοντος,
1158 2514 1198 2544 είς
1228 2514 1396 2549 ἐπιστροφὴν
1423 2514 1580 2546 παλινοδίας
1594 2501 1758 2542 αὐτοῦ-τῶν
1780 2518 1827 2543 ὲν-

182 2556 279 2584 ταῦθα.

324 2625 392 2653 XVI.
411 2640 446 2646 —
459 2625 499 2652 Ad
514 2625 629 2652 Lnuram
645 2626 730 2652 sancti
746 2624 834 2652 Salue.

185 2681 206 2708 Α
220 2681 275 2710 Deo
298 2683 439 2714 honorato,
451 2682 547 2709 dilecto
565 2687 589 2710 et
606 2682 743 2716 spirituali
756 2681 835 2709 Patri
848 2690 915 2715 meo,
927 2682 975 2708 do-

217 2729 290 2755 mino
310 2729 452 2763 pra'posito
461 2728 710 2762 percelebrislauraz
732 2728 878 2755 beatissimi
891 2730 976 2756 sancti

217 2773 307 2800 Patris
331 2775 414 2802 nostri
440 2774 530 2806 Salue.
548 2779 571 2801 et
587 2775 621 2802 iis
636 2775 680 2808 qui
696 2777 742 2800 sub
755 2782 785 2801 ea
799 2779 860 2802 sunt
877 2775 977 2802 sanctis

219 2834 242 2851 ν’
259 2833 331 2862 l’sal.
344 2841 453 2868 Lxuiv,
474 2835 500 2861 9.
539 2835 560 2850 ³⁸
575 2833 654 2861 Joan.
671 2842 726 2865 MV,
744 2834 788 2860 ‘27.
829 2835 851 2851 "
866 2834 968 2870 Ephcs.
982 2843 1007 2868 \',

1024 2834 1069 2861 9.7.
1108 2835 1129 2849 ⁹⁷
1150 2833 1203 2861 lsa.
1221 2841 1240 2865 ι,
1255 2833 1281 2860 9.

1102 2626 1160 2660 ΚΤ.
1172 2642 1208 2646 -
1223 2628 1274 2660 Είς
1285 2627 1341 2660 τὴν
1354 2627 1475 2661 Λαύραν
1489 2626 1542 2653 τοῦ
1556 2626 1642 2660 ἁγίου
1659 2626 1749 2654 Σὰὄα.

1033 2683 1075 2716 Τῷ
1095 2683 1268 2718 θεοτιμήτῳ,
1280 2683 1462 2718 ἠγαπημένῳ
1481 2683 1530 2710 καί
1551 2682 1742 2717 att-supatth
1760 2692 1823 2717 μου

1065 2729 1168 2763 Πατρι,
1187 2729 1279 2763 κυρίῳ
1293 2729 1473 2764 καθηγεμόνι
1487 2728 1543 2763 τῆς
1558 2729 1736 2762 περιϐοήτου
1744 2730 1823 2756 λαύ-

1063 2783 1121 2810 ρας
1137 2774 1190 2802 τοῦ
1225 2775 1422 2809 παμμάκαρος
1434 2775 1521 2809 ἁγίου
1532 2775 1648 2809 Πατρός
1659 2775 1745 2809 ἡμῶν
1765 2776 1823 2802 Σά-

1323 2833 1344 2848 ”
1365 2832 1386 2859 ll
1407 2833 1468 2860 Cur.
1488 2831 1594 2864 311,27.
